3948 6412
167 348 241 408 '59
1195 349 1282 404 DE
1321 350 1481 406 VITA
1522 350 1579 407 S.
1631 351 1915 410 JOANNIS
1952 349 2458 412 CIIRYSOSTOMI.
3388 361 3458 416 60

179 464 502 538 ἀντερείδων
551 465 666 528 τοῖς
717 463 918 528 ὀδοῦσι,
951 463 1026 537 μὴ
1059 465 1347 538 χωρούσης
1382 469 1483 540 τῆς
1518 466 1771 540 γλώσσης

181 554 238 607 ἐν
267 549 346 621 τῷ
367 547 667 621 ὡρισμένῳ
699 547 851 618 παρὰ
902 547 1001 620 τῆς
1046 549 1263 618 φύσεως
1302 551 1474 623 τόπῳ,
1513 553 1572 606 ἐν
1594 549 1769 624 πυξίῳ

181 633 394 706 γράψας
429 630 824 702 ἐξομολόγησιν
857 633 1116 686 ἐποιεῖτο.
1158 634 1268 688 Καὶ
1307 629 1376 706 ἦν
1411 635 1538 688 ἰδεῖν
1570 635 1769 706 θεήλα-

181 734 268 772 τον
293 717 466 788 ὀργὴν
495 717 776 787 διαφόροις
801 717 1096 787 τιμωρίαις
1127 718 1555 790 στρατηγοῦσαν.
1579 722 1640 773 Οἰ
1661 721 1770 794 γάρ

181 801 270 854 τὸν
300 801 414 853 τῶν
439 798 630 870 ψυχῶν
666 797 851 870 ἰατρὸν
893 800 988 853 καὶ
1035 801 1285 854 ἐπαοιδὸν
1331 801 1732 872 παροξύναντες
1751 842 1766 868 ,

181 886 274 940 καὶ
305 885 752 956 μεταστήσαντες
797 883 891 938 τοῦ
945 885 1048 954 τῆς
1099 887 1374 957 σωτηρίας
1407 887 1768 959 ἐργαστηρίου

181 972 269 1026 τὸν
297 971 586 1041 ὑποφήτην
611 968 827 1033 τούτου,
855 971 970 1033 τοῖς
995 969 1104 1024 τῶν
1143 971 1412 1042 σωμάτων
1447 973 1652 1044 ἰατροῖς
1689 973 1772 1036 εἰς

180 1053 438 1124 αἰκισμὸν
488 1052 856 1124 παρεδίδοντο,
889 1053 1082 1124 ὀδύνην
1139 1055 1238 1126 μὲν
1291 1055 1769 1126 ἐπιχορηγούντων

181 1140 292 1200 τοῖς
348 1135 729 1208 νομιζομένοις
802 1137 1117 1208 φαρμάκοις
1140 1175 1156 1201 ,
1225 1137 1501 1208 σωτηρίαν
1567 1136 1612 1190 δ’
1669 1139 1770 1192 οὑκ

181 1219 576 1292 ἐμποιούντων.
610 1219 706 1282 Τίς
749 1219 860 1290 γάρ
915 1220 1127 1274 ἰάσεται
1153 1220 1244 1274 τὸν
1294 1220 1399 1274 ὑπὸ
1430 1219 1565 1274 Θεοῦ
1595 1239 1769 1292 τιμω-

181 1303 470 1377 ρούμενον,
525 1303 602 1368 ὡς
652 1305 682 1356 ό
723 1304 1011 1375 προφήτης
1044 1303 1213 1374 λέγει·
1269 1305 1368 1374 Μὴ
1409 1306 1593 1374 ἰατροὶ
1621 1307 1771 1362 ἀνα-

179 1389 526 1458 στήσουσι,
583 1389 686 1443 καί
748 1387 1306 1459 ἐξομολογήσονται
1363 1404 1509 1454 σοις
1581 1389 1770 1458 Οὕτως

177 1471 504 1534 ἀπώλλυντο
556 1471 759 1535 πάντες
794 1473 843 1525 οί
873 1471 1329 1545 άντιπράττοντες
1354 1475 1419 1544 τῇ
1453 1475 1642 1546 εἰρήνῃ
1669 1475 1770 1546 τῆς

189 1555 526 1626 Ἐκκλησίας
555 1573 670 1617 σου,
716 1554 914 1626 Κύριε.
958 1557 1192 1624 Λέγεται
1243 1555 1299 1610 δὲ
1341 1557 1404 1610 τὸ
1435 1557 1626 1628 μνῆμα
1673 1559 1768 1612 τοῦ

180 1640 511 1710 μονάζοντος
556 1639 868 1710 Ἀμμωνίου
911 1639 1098 1703 νόσους
1127 1639 1226 1704 τὰς
1268 1641 1397 1712 περὶ
1437 1642 1589 1712 ῥῖγος
1611 1641 1768 1696 ἐλαύ-

177 1741 308 1779 νειν.
335 1724 622 1778 Τέθαπται
642 1724 700 1778 δὲ
724 1725 782 1776 ἐν
804 1721 883 1794 τῷ
912 1723 1200 1795 μαρτυρίῳ
1233 1723 1342 1778 τῶν
1393 1725 1732 1780 Ἀποστόλων
1749 1767 1764 1790 ,

77 1875 86 1882 ι
178 1810 353 1883 πέραν
399 1809 700 1880 θαλάσσης.
761 1807 822 1861 '0
871 1808 930 1860 δέ
978 1808 1278 1872 ἐπίσκοπος
1330 1809 1640 1880 Διόσκορος,
1692 1809 1769 1877 ῶς

179 1912 364 1963 φασιν,
399 1893 700 1964 εὐξάμενος
732 1892 981 1957 πλεῖστα,
1017 1894 1302 1966 ἢείρήνην
1341 1893 1467 1948 ἰδεῖν
1495 1893 1606 1948 τῶν
1641 1896 1766 1949 Ἐκ-

179 1977 442 2050 κλησιῶν,
473 1977 506 2047 ἦ
537 1975 690 2039 τέλος
719 1976 784 2030 τὸ
815 1977 1032 2041 ἑαυτοῦ,
1075 1975 1389 2050 κατηξιώθη
1426 1976 1520 2030 τοῦ
1548 1977 1765 2042 τέλους,

179 2061 367 2132 ἐπειδὴ
398 2061 501 2114 οὑκ
523 2055 592 2130 ἦν
621 2057 772 2124 ἄξιος
822 2062 852 2113 ὀ
901 2059 1106 2130 κόσμος
1139 2061 1240 2130 τῆς
1287 2061 1534 2132 εἰρήνης.
1561 2061 1768 2130 Ταφεὶς

180 2145 334 2216 ἐντῷ
361 2145 472 2216 πρὸ
499 2143 599 2214 τῆς
626 2142 802 2213 πύλης
851 2144 1136 2214 μαρτυρίῳ
1173 2153 1214 2208 ⁸,
1261 2143 1337 2208 ὡς
1376 2145 1475 2208 τὰς
1510 2145 1769 2211 πλείστας

179 2231 284 2284 τῶν
309 2226 592 2299 γυναικῶν
643 2225 1049 2297 καταλειψάσας
1087 2229 1188 2298 τῆς
1221 2227 1501 2300 μάρτυρος
1525 2231 1651 2292 τοὺς
1675 2231 1766 2300 ὄρ-

181 2330 327 2377 κους,
381 2311 525 2366 κατά
554 2309 663 2382 τῶν
721 2310 894 2382 εὐχῶν
945 2311 1238 2382 Διοσκόρου
1277 2310 1516 2379 ὀμνύειν.
1552 2312 1687 2384 Περὶ
1713 2313 1770 2367 δὲ

178 2396 283 2450 τῶν
309 2395 518 2449 λοιπῶν
540 2394 796 2463 ἀσκητῶν
818 2393 983 2458 πολύς
1008 2411 1096 2466 μοι
1128 2394 1286 2464 λόγος
1313 2395 1769 2450 καταναλίσκεται

178 2483 257 2544 είς
303 2479 366 2533 τὸ
400 2477 793 2550 διηγήσασθαι,
857 2476 987 2540 ἴσως
1051 2479 1411 2549 ἐπειγομένου
1452 2496 1580 2544 σου,
1645 2497 1772 2553 φερ-

176 2563 360 2634 ὡνυμε
390 2563 670 2632 ἄνθρωπε.
709 2562 767 2616 Ὀ
803 2563 986 2616 ΔΙΑΚ.
1015 2562 1124 2614 Καὶ
1157 2561 1240 2626 τίς
1271 2561 1413 2616 οὑτω
1433 2565 1768 2634 τρισάθλιος,

175 2651 286 2712 τοῖς
315 2649 420 2720 τῆς
449 2648 654 2719 ἀρετῆς
680 2646 984 2718 διηγήμασι
1023 2646 1096 2718 μὴ
1131 2646 1306 2710 διδοὺς
1362 2646 1583 2719 χώραν;
1629 2649 1770 2716 Λέγε

175 2733 376 2793 τοίνυν,
415 2731 744 2804 παρακαλῶ,
767 2733 863 2785 καὶ
892 2731 1191 2802 οἰῳδήποτε
1221 2731 1364 2802 λόγῳ
1405 2732 1614 2803 εὐλόγῳ
1665 2734 1770 2786 ἀπ-

176 2819 354 2885 άγαγέ
413 2834 514 2889 μου
561 2817 654 2870 τὸν
705 2815 831 2869 νοῦν
875 2815 986 2870 τῶν
1048 2816 1316 2887 βιωτικῶν
1361 2817 1670 2887 νοημάτων.
1713 2818 1772 2872 Ὀ

186 2901 446 2954 ἘΠΙΣΚ.
481 2901 638 2953 Ἐστι
661 2899 840 2954 τοίνυν
865 2899 1054 2972 ἕτερος
1095 2898 1292 2970 Ἱέραξ,
1333 2898 1631 2970 Ἑλληνικῷ
1672 2900 1771 2970 μέν

174 2984 514 3055 καλούμενος
559 2983 808 3054 ὀνόματι,
841 2986 1234 3054 πνευματικοῖς
1261 2983 1318 3036 δέ
1359 2985 1770 3055 κεκοσμημένος

173 3071 422 3142 τρόποις·
451 3069 512 3134 ὃς
539 3071 608 3124 τά
636 3069 735 3139 μὲν
767 3067 961 3140 πρῶτα
1013 3067 1118 3134 ἐξω
1146 3067 1331 3138 πάσης
1373 3067 1651 3137 Αἰγύπτου
1679 3069 1772 3122 καὶ

172 3153 444 3226 Θηϐαΐδος
472 3155 529 3206 ἐν
557 3151 634 3223 τῷ
669 3151 988 3223 Πορφυρίτῃ
1035 3151 1152 3222 ϐρει
1185 3150 1344 3221 μόνος
1374 3151 1770 3222 ἀναχωρήσας,

174 3240 302 3292 ἄνευ
333 3237 509 3302 πνοῆς
541 3235 912 3306 ἀνθρωπίνης,
967 3233 1212 3304 τέσσαρα
1249 3235 1619 3307 ἐκαρτέρησεν
1652 3233 1772 3306 ἔτη,

177 3325 375 3395 μόναις
408 3323 532 3384 ταῖς
569 3322 795 3392 ἀρεταῖς
857 3318 1197 3390 ἀρκούμενος
1264 3319 1342 3383 εἰς
1395 3318 1774 3389 παράκλησιν·

174 3409 373 3461 ἔπειτα
401 3404 460 3458 δὲ
508 3406 574 3475 τῇ
621 3403 721 3474 τῆς
769 3402 1004 3473 Νιτρίας
1055 3402 1250 3474 ἐρήμῳ
1300 3401 1645 3456 εἰκοσιπέντε
1677 3400 1774 3474 ἐτη

175 3495 292 3563 ἅμα
324 3493 440 3554 τοῖς
473 3487 890 3560 προειρημένοις
937 3487 1239 3558 Πατράσιν.
1301 3485 1489 3557 Τούτῳ
1520 3485 1777 3557 δαίμονες

177 3575 524 3638 ἐπιστάντες,
555 3573 632 3637 ὡς
687 3571 852 3636 αὑτὸς
897 3573 1032 3642 ἡμῖν
1065 3571 1386 3644 διηγήσατο,
1424 3571 1778 3642 πολυχρόνιον

175 3662 326 3732 ζωὴν
369 3658 787 3722 ὑποϐάλλοντες,
839 3656 948 3710 ἀπὸ
1005 3658 1107 3727 τῆς
1153 3655 1527 3728 προκειμένης
1562 3656 1779 3721 ἐλπίδος

179 3744 433 3800 σαλεύειν
463 3739 814 3805 ἐσπούδαζον,
856 3739 1466 3812 μετασχηματισθέντες
1495 3741 1576 3803 εἰς
1604 3739 1777 3808 ἀγγέ-

177 3831 306 3896 λους
331 3828 532 3898 φωτός·
558 3827 904 3895 Πεντήκοντα
952 3824 1070 3894 ἐτη,
1099 3823 1371 3893 λέγοντες,
1403 3823 1546 3895 ἔχεις
1583 3823 1774 3894 ζῆσαι,

180 3913 302 3977 πῶς
329 3911 699 3983 καρτερήσεις
729 3910 786 3962 ἐν
818 3909 886 3980 τῇ
917 3909 1146 3980 ἐρήμῳ;
1183 3908 1242 3960 '0
1269 3907 1327 3960 δὲ
1355 3909 1421 3978 τῇ
1457 3907 1668 3960 συνέσει
1690 3906 1780 3960 διὰ

178 3997 283 4068 τῆς
347 3996 590 4058 πίστεως
649 3991 1020 4066 ἀνθυποφέρει
1074 3993 1276 4064 φήσας·
1319 3992 1657 4064 Ἑλυπήσατέ
1686 4009 1776 4062 με,

180 4079 448 4132 ἐλάττονα
481 4077 581 4148 τῆς
606 4075 919 4148 προθέσεως
969 4075 1060 4129 τὸν
1112 4075 1304 4147 χρόνον
1353 4075 1621 4138 εἰπόντες·
1667 4073 1781 4126 δια-

179 4161 385 4216 κοσίων
429 4160 541 4231 γὰρ
595 4158 734 4213 ἐτῶν
791 4160 1150 4232 παρασκευὴν
1207 4157 1555 4228 ἐποιησάμην
1604 4157 1662 4210 ἐν
1713 4159 1779 4228 τῇ

179 4247 400 4319 Egi}qu
445 4247 509 4300 Οί
557 4245 616 4298 δὲ
650 4243 980 4308 ἀκούσαντες
1013 4242 1218 4314 ᾤχοντο
1265 4241 1628 4306 ὀλολύζοντες.
1673 4239 1781 4294 Καὶ

179 4330 377 4384 τοῦτον
406 4329 498 4382 τὸν
529 4327 794 4390 τοιοῦτον,
835 4327 896 4380 ὃν
926 4327 975 4380 οἱ
1021 4326 1275 4396 δαίμονες
1309 4325 1411 4377 οὑκ
1455 4321 1778 4387 ἐσάλευσαν,

98 4433 103 4437 ·
180 4414 484 4486 πολυμήκη
511 4413 704 4485 χρόνον
733 4415 813 4478 εἰς
833 4411 1066 4484 άκηδίαν
1107 4409 1484 4481 σοφισάμενοι,
1519 4407 1545 4459 ό
1593 4407 1783 4470 πάπας

179 4499 447 4568 Θεόφιλος
497 4498 586 4552 διὰ
635 4498 1062 4570 προστάγματος
1132 4494 1294 4548 αὑτὸν
1349 4491 1779 4566 μετανέστησεν,

180 4586 280 4638 καὶ
310 4586 395 4648 εἰς
458 4583 731 4654 τοσαύτην
785 4582 1147 4654 περιέστησεν
1205 4580 1490 4648 ἀνάγκην,
1551 4577 1628 4641 ὡς
1689 4577 1781 4631 καὶ

182 4668 560 4741 στρατόπεδον
585 4667 934 4721 καταλαϐεῖν·
993 4666 1052 4730 ὃς
1086 4664 1183 4718 νῦν
1215 4663 1354 4736 μετὰ
1396 4660 1494 4733 τὴν
1529 4658 1784 4732 κοίμησιν

194 4753 518 4824 ’Δμμωνίου
551 4752 650 4824 τὴν
694 4751 1016 4824 πανέρημον
1072 4748 1232 4802 πάλιν
1295 4747 1625 4817 κατείληφε,
1684 4745 1784 4815 τὴν

181 4836 285 4890 τοῦ
349 4837 586 4907 ἀρότρου
641 4834 960 4908 παραϐολὴν
1037 4831 1314 4902 φοϐηθείς.
1379 4830 1573 4894 Ἀλλος
1624 4827 1784 4882 πάλιν

185 4920 566 4992 πρεσϐύτερος
605 4919 793 4974 Ἰσαάκ
837 4917 1150 4988 λεγόμενος,
1199 4913 1450 4987 μαθητὴς
1496 4913 1784 4983 Μακαρίου

185 5004 288 5059 τοῦ
323 5005 570 5076 μαθητοῦ
605 5003 914 5065 Ἀντωνίου,
953 5000 1256 5072 φιλέρημος
1307 4999 1558 5068 εἰσάγαν,
1590 5015 1788 5068 πεντη-

187 5089 390 5144 κοστδν
420 5089 538 5153 ἔτος
564 5089 734 5158 ἄγων,
765 5086 910 5142 κατά
945 5086 1186 5140 διάνοιαν
1217 5083 1404 5150 σώζων
1459 5083 1560 5155 τὴν
1603 5083 1786 5135 πᾶσαν

188 5174 444 5248 Γραφὴν,
498 5174 772 5245 κεράστας
816 5171 973 5242 ὄφεις
1001 5172 1060 5224 ἐν
1087 5171 1210 5233 ταῖς
1254 5169 1443 5242 χερσὶν
1489 5167 1788 5230 ἀκινδύνως

187 5259 508 5327 βαστάζων,
536 5257 802 5331 παρθένος
825 5258 891 5311 ἐκ
926 5257 1162 5328 μήτρας,
1199 5252 1468 5323 ἐπταετὴς
1501 5252 1528 5292 b
1550 5251 1790 5306 καταλα-

187 5343 307 5396 ϐὼν
335 5343 436 5413 τὴν
489 5341 716 5414 ἔρημον,
757 5340 895 5413 μετὰ
945 5337 1362 5409 τεσσαράκοντα
1401 5335 1496 5407 ἐτη
1553 5335 1650 5389 σὺν
1679 5337 1792 5398 τοῖς

189 5425 621 5498 προειρημένοις
649 5425 800 5496 παρά
837 5421 930 5478 τοῦ
983 5421 1141 5476 πάπα
1169 5419 1426 5490 Θεοφίλου
1468 5417 1789 5483 ἐσινιάζετο.

189 5511 427 5582 ’Ἕτερος
463 5508 652 5562 Ἰσαάκ
682 5508 1076 5581 πρεσϐύτερος,
1111 5505 1206 5560 καὶ
1231 5503 1394 5568 αὑτὸς
1425 5502 1674 5574 μαθητὴς
1701 5501 1794 5554 καὶ

187 5593 436 5663 διάειιχος
472 5594 708 5662 Κρονίου
731 5591 822 5646 τοῦ
857 5590 1257 5663 πρεσϐυτέρου,
1297 5586 1539 5660 μαθητοῦ
1576 5586 1669 5640 καὶ
1699 5585 1796 5640 αύ-

189 5680 286 5733 τού
345 5679 672 5742 Ἀντωνίου,
725 5675 1028 5746 γνωστικὺς
1080 5674 1176 5729 καὶ
1230 5672 1391 5739 αὑτὸς
1441 5674 1498 5726 ἐν
1548 5670 1795 5742 Γραφαῖς

254 5867 283 5932 ξ
309 5867 454 5918 ΛΜΗ
484 5869 668 5928 Georg.
692 5866 763 5932 τῷ
787 5865 833 5913 ἐν
855 5870 910 5930 τῇ
937 5864 1068 5932 Δρυΐ.

217 5973 224 5979 .
250 5929 288 5981 ἰι
310 5937 490 6003 hecrg.
518 5929 796 5990 πενταετής.

1876 469 2362 541 ὑπερϐαλλόντως,
2419 471 2695 542 φιλόξενος
2721 475 2769 528 εί
2802 473 2896 528 καί
2951 492 3034 540 τις
3070 475 3248 542 ἄλλος,
3284 478 3360 542 ὼς
3386 475 3459 537 δι’

1873 553 2180 624 ὑπερϐολὴν
2235 555 2646 628 φιλανθρωπίας
2680 557 3004 630 ξενοδοχεῖον
3046 563 3455 618 κατασκευάσαι

1871 637 1930 689 ἐν
1959 641 2024 710 τῇ
2058 641 2362 711 πανερήμῳ
2409 643 2490 704 εἰς
2536 641 2798 711 άνάψυξιν
2832 643 2926 696 καὶ
2957 643 3064 696 τῶν
3114 644 3458 716 ἀρρωστούν-

1871 737 1980 774 των
2012 723 2284 794 μοναχῶν,
2342 725 2438 779 καὶ
2469 724 2580 779 τῶν
2626 725 3098 797 ἐπιχωριαζόντων
3127 726 3291 792 ξένων
3325 727 3457 793 θέας

1869 804 2058 859 ἐνεκεν
2092 807 2202 859 τῶν
2235 807 2518 878 μακαρίων
2561 807 2843 877 Πατέρων,
2891 809 3023 878 φασὶ
3053 809 3134 870 δέ,
3161 811 3330 882 ὀργῆς
3357 810 3454 866 άλ-

1869 887 2100 960 λότριος,
2141 891 2462 962 τριακοστὸν
2500 890 2620 954 ἔτος
2661 891 2811 958 άγων
2875 893 2932 944 ἐν
2963 894 3029 963 τῇ
3089 895 3452 968 ἀναχωρήσει,

1873 973 1970 1028 σὺν
2011 971 2223 1038 τούτοις
2273 976 2645 1046 ἐκακουχεῖτο.
2690 974 2908 1028 Τούτων
2960 976 2989 1028 ὀ
3039 976 3136 1044 μὲν
3193 979 3456 1052 πρότερος

1881 1055 2070 1110 Ἰσαὰκ
2097 1057 2291 1111 ἑκατὸν
2318 1058 2656 1130 πεντήκοντα
2678 1053 2824 1128 εἶχεν
2857 1058 2946 1127 ὑφ’
2977 1059 3168 1112 ἐαυτὸν
3188 1059 3453 1130 ἀσκητάς·

1869 1135 1930 1196 οὗ
1957 1142 2054 1195 καὶ
2109 1141 2358 1213 μαθητάς
2403 1141 2738 1206 ἐπισκόπους
2783 1142 3117 1202 κατέστησεν
3139 1143 3168 1196 ὀ
3196 1142 3458 1210 Θεόφιλος

1869 1223 1975 1289 ἕως
2001 1223 2196 1296 ἐπτὰῆ
2230 1223 2395 1289 ὀκτὼ,
2426 1225 2590 1296 ἡνίκα
2614 1223 2860 1294 θεόφιλος
2878 1219 2968 1294 ἦν·
3003 1227 3032 1278 ό
3059 1225 3104 1277 δ’
3132 1225 3318 1296 ἕτερος
3341 1225 3458 1279 δια-

1871 1307 2088 1374 κοσίους
2117 1308 2266 1373 δέκα,
2291 1303 2352 1363 οὗ
2379 1309 2473 1361 καὶ
2495 1307 2660 1362 αὑτοῦ
2693 1306 2878 1360 πολλοὶ
2905 1309 2962 1362 ἐν
3004 1307 3322 1373 ἐπισκόποις
3352 1325 3460 1375 μαο

1873 1391 2035 1464 θηται
2063 1391 2583 1464 κατηριθμήθησαν.
2615 1385 2774 1444 Οὗτοί
2812 1392 2939 1454 εἰσι,
2987 1391 3114 1461 περὶ
3152 1383 3228 1444 ὧν
3264 1391 3461 1462 τρίτην

1869 1477 2090 1548 ἡμέραν
2121 1474 2524 1548 διηγησάμεθα,
2575 1471 2848 1546 Ἰσιδώρου
2882 1475 3040 1546 χάριν
3083 1473 3176 1528 τοῦ
3215 1473 3454 1546 πρεσϐυ-

1871 1562 2032 1634 τέρου
2063 1561 2165 1632 τῆς
2187 1563 2399 1634 ἐρήμου
2425 1557 2658 1629 ήλάσθαι
2685 1558 2837 1626 παρὰ
2869 1558 3128 1612 Θεοφίλου
3160 1557 3254 1612 τοῦ
3276 1559 3454 1614 πάπα.

1873 1641 2031 1701 Οὗτοί
2055 1647 2212 1707 εἰσιν,
2247 1641 2342 1706 οὓς
2368 1641 2618 1712 παρεῖδον
2651 1641 2816 1712 ἱερεῖς
2848 1639 2942 1693 καὶ
2961 1638 3212 1704 Λευῖται,
3246 1640 3342 1694 καὶ
3377 1643 3460 1704 εἰς

1873 1727 2136 1798 αἰσχύνην
2166 1725 2377 1798 ἀνδρῶν
2421 1723 2644 1796 ἀνδρεία
2699 1723 2839 1794 γυνὴ
2892 1720 3208 1786 ὑπεδέξατο,
3255 1723 3350 1775 καὶ
3379 1724 3460 1785 εἰς

1873 1815 2048 1884 κρῖμα
2101 1810 2418 1863 ἐπισκόπων
2481 1807 2728 1870 διάκονος
2775 1804 2963 1876 θήλεια
3028 1803 3288 1868 ἐξένισεν,
3333 1799 3401 1874 ἦς
3428 1804 3461 1857 ό

1873 1895 2094 1958 ἔπαινος
2138 1895 2198 1948 ὲν
2241 1895 2360 1956 ταῖς
2395 1890 2745 1962 Ἐκκλησίαις
2795 1887 3213 1960 ἐμπολιτεύεται
3247 1887 3462 1942 πολλῶν

1871 1979 2080 2043 ἕνεκεν,
2120 1977 2212 2032 τὸν
2249 1974 2600 2046 Σαμαρείτην
2648 1975 2876 2037 ἐκεῖνον,
2921 1974 3072 2036 ὅστις
3125 1972 3256 2026 ποτέ
3305 1973 3456 2038 ἐστι,

1875 2062 2262 2134 μιμησαμένη,
2293 2060 2352 2123 ὃς
2377 2059 2470 2112 τὸν
2525 2057 2631 2111 ὑπὸ
2665 2055 2876 2128 λῃστῶν
2907 2055 3280 2128 συντριϐέντα,
3326 2056 3462 2126 ’ήμι⁶

1871 2146 2031 2216 θανῆ,
2069 2147 2126 2199 ἐν
2145 2148 2213 2216 τῇ
2245 2142 2543 2198 καταϐάσει
2579 2141 2790 2214 Ἱεριχὼ
2846 2139 3047 2213 εὑρὼν,
3103 2141 3197 2194 ἐπὶ
3233 2139 3294 2192 τὺ
3327 2139 3462 2193 ἴδιον

1873 2230 2199 2284 ἐπεϐίϐασεν
2231 2227 2526 2296 ὑποζύγιον
2559 2226 2722 2298 μέχρι
2772 2225 2866 2279 τοῦ
2928 2225 3246 2296 πανδοκείου
3277 2223 3462 2292 ἐνηνο-

1873 2313 2004 2386 χὼς,
2029 2314 2124 2367 καὶ
2163 2312 2226 2366 τὸ
2276 2311 2378 2380 τῆς
2429 2309 2842 2382 φιλανθρωπίας
2889 2309 3070 2364 ἔλαιον
3097 2309 3196 2361 σὺν
3223 2305 3302 2378 τῷ
3332 2304 3459 2360 στύ-

1874 2415 2027 2468 φοντι
2064 2395 2192 2466 οἴνῳ
2217 2395 2461 2466 κεράσας
2498 2395 2688 2448 ἰάσατο
2715 2393 2784 2448 τά
2818 2393 2932 2464 οίδή
2943 2409 3110 2464 ματα.
3145 2389 3256 2442 Καὶ
3287 2389 3460 2442 ταῦτα

1876 2483 1975 2554 μὲν
2005 2478 2263 2551 εἰρήσθω.
2290 2479 2463 2548 Ὅσην
2487 2478 2544 2530 δέ
2569 2476 2888 2548 περιουσίαν
2916 2475 3216 2546 χρημάτων
3243 2472 3276 2544 ἢ
3325 2489 3462 2543 κτη-

1877 2567 2062 2636 μάτων
2083 2565 2196 2625 τοῖς
2219 2561 2494 2631 δεομένοις
2551 2559 2840 2626 διένειμεν,
2873 2559 2976 2611 οὐκ
3002 2557 3131 2628 ἐμὸν
3158 2557 3220 2610 τὸ
3244 2555 3424 2623 λέγειν
3441 2595 3458 2618 ,

1871 2648 2009 2701 ἀλλὰ
2031 2645 2140 2700 τῶν
2178 2641 2240 2698 εὖ
2297 2643 2601 2696 παθόντων·
2643 2641 2934 2714 ὑπερόριος
2956 2641 3064 2712 γάρ
3111 2639 3207 2703 ὢν,
3249 2638 3465 2708 ἀϐαρὴς

1875 2729 2210 2804 ἐφυλάχθην.
2239 2730 2508 2782 ’Ἄκουσον
2537 2725 2596 2780 δέ
2640 2726 2741 2798 τῆς
2772 2726 3018 2796 μείζονος
3071 2721 3297 2794 ἀρετῆς.
3346 2723 3467 2804 ’ορ-

1874 2803 2018 2886 φανὴ
2042 2813 2152 2884 γὰρ
2185 2810 2342 2884 ἀνδρὶ
2398 2808 2730 2880 συναφθεῖσα
2781 2809 2842 2862 οὑ
2898 2805 3252 2878 συνεχωρήθη
3311 2803 3466 2876 παρὰ

1861 2897 1968 2952 τοῦ
2004 2893 2354 2968 προγνώστου
2383 2893 2542 2955 Θεοῦ,
2578 2891 2672 2946 τοῦ
2745 2889 3086 2965 προορῶντος
3111 2889 3211 2952 τὰς
3239 2887 3347 2941 τῶν
3373 2887 3464 2940 άν⁴

1875 2979 2110 3054 θρώπων
2137 2978 2394 3041 ἐκϐάσεις
2461 3019 2475 3040 ,
2506 2975 2628 3030 οὑδέ
2655 2973 2828 3029 εἴκοσι
2845 2973 3035 3046 ,μῆνας
3070 2971 3354 3026 δουλεῦσαι
3396 2971 3462 3040 τῇ

1873 3065 1974 3134 τῆς
2039 3062 2240 3134 σαρκὸς
2295 3059 2455 3132 ήδονῇ
2506 3058 2610 3128 τῆς
2648 3057 2868 3112 πάντων
2923 3053 3333 3126 βασιλευούσης,
3369 3053 3464 3134 τοῦ

1877 3133 2240 3214 συναφθέντος
2295 3143 2434 3212 αὑτῇ
2481 3139 2764 3210 συντόμως
2793 3139 2853 3192 τὸ
2881 3138 2982 3209 τῆς
3039 3137 3258 3207 φύσεως
3305 3133 3466 3206 χρέος

1875 3227 2292 3300 άπαιτηθέντος.
2346 3225 2583 3294 Λέγεται
2633 3222 2691 3275 δὲ
2740 3219 3010 3290 παρθένος
3066 3221 3355 3290 ὑπάρχειν,
3391 3218 3470 3280 ὼς

1874 3317 1906 3386 ή
1956 3299 2112 3386 φήμη
2162 3309 2426 3364 διδάσκει.
2473 3306 2754 3377 Δυναμένη
2816 3304 2926 3376 γὰρ
2980 3301 3060 3386 τῷ
3124 3299 3470 3386 ἀποστολικῷ

1877 3384 2028 3469 νόμω
2059 3393 2344 3449 δουλεῦσαι
2375 3390 2475 3462 τῷ,
2502 3390 2803 3458 Βούλομαι
2828 3384 3121 3454 νεωτέρας
3151 3384 3343 3469 χήρας
3365 3399 3471 3469 γα-

1873 3467 2032 3552 μεῑκ,
2073 3475 2553 3534 οἰκοδεσποτεῖν·
2587 3473 2688 3525 οὑκ
2717 3470 2994 3541 ἠνέσχετο,
3027 3469 3231 3552 καίπερ
3261 3468 3354 3552 καί
3377 3467 3470 3552 γέ-

1877 3549 1958 3619 νει
1981 3563 2077 3618 καί⁷
2111 3559 2327 3628 πλούτῳ
2378 3557 2474 3612 καὶ
2514 3554 2737 3626 παιδείᾳ
2771 3552 3114 3624 μαθημάτων
3141 3549 3468 3617 πολυτελῶν,

1879 3647 1975 3702 καὶ
2005 3645 2206 3716 εὐφυΐα
2253 3641 2469 3712 φύσεως
2507 3639 2604 3694 καὶ
2647 3636 2844 3700 ἄνθους
2887 3635 3008 3708 ὥρᾳ
3058 3634 3469 3705 κεκοσμημένη,

1877 3731 2135 3803 δορκάδος
2167 3729 2322 3798 δίκην
2349 3725 2444 3778 τοῦ
2473 3721 2729 3794 δευτέρου
2777 3720 2961 3792 γάμου
2995 3719 3095 3791 τὴν
3146 3718 3350 3803 παγίδα,
3379 3718 3474 3772 ἀν..

1867 3800 2055 3878 ἐκτῶς
2081 3809 2536 3882 ὑπερπηδήσασα.
2566 3806 2782 3870 Δικαίῳ
2803 3805 2915 3874 γὰρ
2943 3803 3130 3872 νόμος
3157 3803 3230 3856 οὐ
3259 3800 3471 3864 κεῖται,

1882 3897 2021 3952 ἀλλ’
2066 3890 2530 3955 ἀνυποτάκτοις,
2563 3889 2878 3958 βεϐήλοις,
2943 3885 3298 3955 ἁκορέστοις
3337 3884 3472 3952 περὶ

1883 3979 2132 4051 φθοράν.
2191 3979 2392 4048 Ἔτυχε
2449 3975 2507 4029 δὲ
2553 3974 2696 4028 κατά
2749 3987 2875 4026 τινα
2932 3969 3126 4041 φθόνον
3185 3969 3477 4051 σατανικον

1881 4050 2340 4134 δηλατορευθῆναι
2387 4057 2592 4129 ταύτης
2652 4057 2752 4127 τὴν
2781 4056 2960 4126 ἄωρον
3007 4052 3238 4125 χηρείαν
3270 4053 3350 4114 εἰς
3378 4050 3478 4134 τάς

1883 4131 2052 4210 ἀκοάς
2078 4131 2359 4200 Θεοδοσίου
2421 4142 2518 4196 τοῦ
2567 4137 2851 4208 βασιλέως,
2875 4138 2936 4202 ὃς
2992 4137 3261 4190 ἔσπευσεν
3307 4131 3476 4202 αὑτὴν

1896 4230 2148 4300 Ἐλπιδίῳ
2173 4227 2282 4282 τινὶ
2331 4225 2586 4293 συγγενεῖ
2623 4219 2818 4274 ἐαυτοῦ
2861 4219 3059 4288 Σπάνῳ
3109 4216 3344 4286 συνάψαι
3397 4215 3478 4276 εἰς

1883 4315 2080 4385 γάμον.
2111 4311 2224 4365 Καὶ
2246 4307 2418 4363 πολλὰ
2440 4305 2752 4376 λιπαρήσας
2780 4301 2877 4374 τὴν
2915 4301 3224 4385 ἄνθρωπον,
3265 4300 3477 4385 ἀποτυέ

1883 4381 1996 4468 χὼν
2024 4393 2292 4466 ἐλυπήθη,
2343 4388 2672 4461 δηλωσάσης
2721 4385 2916 4456 αὑτῆς·
2946 4385 3009 4438 Εἰ
3045 4381 3300 4468 ἐϐούλετό
3333 4398 3399 4468 με
3451 4383 3481 4435 ὀ

1884 4465 2016 4553 ἐμός
2055 4465 2306 4551 βασιλεὺς
2330 4475 2522 4548 ἄρρενι
2553 4470 2744 4542 συζῇν,
2779 4469 2880 4523 οὑκ
2901 4468 2969 4522 ἄν
3003 4484 3106 4540 μου
3133 4466 3225 4520 τὸν
3264 4465 3481 4537 πρῶτον

1884 4549 2156 4635 ἀφείλετο·
2182 4561 2296 4617 ἀλλ’
2319 4557 2506 4627 ἐπειδὴ
2535 4554 2910 4626 άνεπιτ-ήδειόν
2948 4570 3016 4626 με
3039 4550 3118 4624 τῷ
3148 4549 3482 4635 πεφυρμένιρ

1888 4631 1988 4720 βίῳ
2007 4647 2172 4716 ἔγνω,
2204 4647 2278 4716 μὴ
2312 4639 2620 4712 δυναμένην
2653 4637 2810 4720 ἀνδρὶ
2837 4637 3064 4720 ἀρέσαι,
3093 4635 3344 4720 κάκεῖνον
3383 4631 3480 4720 τοῦ

1885 4713 2085 4802 δεσμοῦ
2105 4713 2476 4800 ἠλευθέρωσε,
2513 4720 2661 4792 κάμὲ
2689 4719 2788 4774 τοῦ
2829 4719 3136 4792 βαρυτάτου
3167 4713 3338 4802 ζυγοῦ
3365 4713 3483 4802 *καλ

1887 4794 1996 4885 τῆς,
2013 4794 2274 4886 ἀνδρικῆς
2307 4794 2552 4866 δουλείας
2585 4803 2886 4874 ἀπήλλαξε,
2921 4803 3012 4856 τὸν
3043 4799 3283 4872 χρηστὸν
3318 4794 3482 4850 αὑτοῦ

1847 4872 1876 4893 λ
1899 4847 1981 4885 Ui",

1890 4881 2053 4966 ζυγὸν
2083 4881 2180 4965 τῆς
2215 4893 2546 4966 ἐγκρατείας
2584 4888 2798 4952 ἐπιθείς
2825 4905 2928 4958 μου
2976 4889 3044 4958 τῇ
3066 4882 3306 4966 διανοίᾳ.
3328 4881 3483 4966 Μετὰ

1889 4961 1984 5050 τὴν
2027 4961 2332 5048 ἀπόκρισιν
2362 4973 2570 5047 ταύτην
2616 4971 2954 5045 προστάσσει
3003 4965 3084 5038 τῷ
3125 4964 3350 5037 ἐπάρχῳ
3377 4961 3484 5050 ⁸τῆς

1893 5044 2120 5126 πόλεως,
2164 5044 2536 5132 φρουρεῖσθαι
2579 5044 2786 5126 ταύτης
2835 5054 2906 5108 τά
2957 5051 3284 5132 πράγματα,
3325 5044 3484 5132 μέχρι

1891 5139 1952 5199 οῦ
1985 5129 2265 5216 πληρώσει
2307 5129 2608 5214 τριάκοντα
2659 5139 2756 5211 ἐτη
2799 5136 2898 5208 τὴν
2942 5133 3037 5188 τοῦ
3074 5130 3324 5203 σώματος
3366 5129 3484 5200 ήλι-

1893 5229 2038 5283 κίαν.
2081 5213 2194 5290 ’δ’ος
2253 5213 2486 5298 ἐξαυτῆς
2542 5223 2723 5280 λαϐὼν
2767 5221 2866 5292 τὴν
2908 5219 3005 5273 τοῦ
3053 5214 3323 5298 βασιλέως
3369 5213 3484 5264 ἐπι-

1891 5313 2120 5386 τροπὴν,
2157 5312 2238 5374 είς
2263 5293 2523 5363 τοσιξιτον
2574 5305 2748 5378 αὐτὴν
2781 5302 3018 5386 ἐθλιϐεν,
3049 5293 3488 5386 ὑποϐαλλόμενος

1901 5376 1998 5450 ὕπὸ
2024 5376 2120 5448 τοῦ
2161 5391 2456 5458 Ἐλπιδίου,
2497 5391 2576 5456 ὡς
2629 5376 2714 5462 μὴή
2744 5387 2889 5459 ἔχειν
2935 5381 3180 5448 ἐξουσίαν
3215 5376 3349 5462 μηδέ
3373 5379 3488 5462 τοῖς

1894 5481 2184 5550 ἐπισήμοις
2217 5474 2606 5547 συντυγχάνειν
2633 5460 2767 5527 -τῶν
2821 5467 3158 5550 ἐπισκόπων,
3191 5460 3324 5550 μηδέ
3360 5461 3489 5550 ξΕκο

1895 5545 2094 5635 κλησίᾲ
2127 5545 2525 5632 παραϐάλλειν,
2556 5556 2648 5610 ἵνα
2701 5549 3032 5635 στενωθεῖσα
3066 5545 3173 5635 ὑπὸ
3206 5545 3491 5635 ﬁght—121;“-

1895 5625 2034 5712 δίας,
2069 5625 2376 5715 ’καταπέσῃ
2413 5643 2496 5706 είς
2537 5641 2638 5711 τὴν
2677 5637 2892 5710 αἵρεσιν
2933 5631 3026 5686 τοῦ
3059 5631 3261 5704 γάμου.
3313 5627 3391 5715 Ἦ-
3433 5625 3494 5685 δδ

1898 5710 2059 5787 πλέον
2110 5710 2374 5802 ἡσθεῖσα,
2416 5725 2506 5782 καὶ
2559 5710 2636 5794 τῷ
2671 5717 2790 5794 Θεῷ
2841 5717 3312 5792 ιὺχαριστήσασα,
3366 5710 3495 5792 ἀνττ

1971 5915 1990 5943 τ
2014 5909 2198 5974 Codex,
2220 5907 2302 5965 τὰς
2323 5906 2415 5954 τῶν
2441 5903 2604 5970 ψυχῶν
2633 5901 2736 5957 ἐκε,
