3948 6466
426 405 495 460 ss
1526 416 1531 421 -
1667 379 1987 438 PALLADII
2028 376 2158 435 om
2186 375 2365 433 onus
3631 371 3705 430 σι

427 525 534 567 tum
562 511 976 566 incredulitatem
1008 503 1260 576 lacrymis
1297 501 1559 572 deplorat,
1588 508 1641 553 et
1670 497 1849 551 addit:
1881 494 2006 559 Quis

427 605 563 657 dabit
593 603 741 671 capiti
764 616 869 653 meo
895 615 1100 667 aquam,
1125 606 1275 663 atque
1300 592 1461 647 oculis
1486 591 1606 644 meis
1627 595 1812 661 fontem
1844 587 2009 657 lacry-

427 696 655 748 marum?
676 702 723 746 et
752 690 958 761 plorabo
980 689 1060 743 die
1089 704 1148 742 ac
1169 697 1311 740 nocte
1330 684 1574 755 papulum
1594 696 1781 736 meum:
1801 695 2005 744 rursus,

432 785 557 851 Quis
585 784 721 837 dabit
754 783 876 835 mihi
897 783 949 834 in
974 778 1249 835 solitudine
1270 776 1597 830 diversorium
1637 770 1919 826 ultimum?
1963 778 2011 823 et

430 876 774 946 derelinquam
818 875 1064 944 papulum
1103 889 1269 928 meum
1292 913 1308 937 ,
1352 880 1397 925 et
1422 868 1651 923 recedant
1679 866 1740 920 ab
1775 866 1866 932 eis,
1894 863 2011 932 quia

430 983 599 1020 onmes
636 966 855 1020 adulleri
892 973 1006 1018 sunt
1036 964 1174 1036 (Jer.
1212 963 1267 1020 9.
1300 963 1355 1021 l.
1380 961 1415 1016 2
1438 961 1491 1033 );
1537 967 1735 1014 etetum
1762 954 2014 1026 prmvari-

430 1067 669 1113 calorum
689 1066 1010 1110 conventum
1038 1054 1319 1109 nominans
1348 1052 1598 1105 falsorum
1629 1046 2007 1117 prephclarum

432 1163 495 1203 ac
513 1148 879 1211 sacerdotum;
915 1147 1051 1201 sicut
1072 1145 1197 1201 alibi
1220 1145 1383 1199 Deum
1414 1141 1716 1210 alloquitur,
1745 1153 1850 1193 non
1872 1134 2016 1207 quod

439 1237 528 1291 ille
555 1238 803 1306 ignoret,
848 1236 940 1291 sed
990 1236 1126 1290 sicut
1158 1249 1255 1288 nos
1284 1249 1406 1287 eum
1448 1231 1640 1286 imitari
1688 1229 2014 1284 debeamus:

438 1326 671 1392 Domine,
699 1328 741 1381 si
770 1328 878 1381 sedi
916 1327 966 1379 in
993 1327 1210 1379 concilio
1238 1324 1540 1388 ludentium,
1573 1321 1661 1375 sed
1697 1318 1953 1373 reverebar
1986 1334 2018 1370 α

438 1419 572 1488 facie
595 1427 716 1472 tua:
741 1418 878 1472 solus
910 1418 1174 1482 sedebam,
1206 1415 1442 1485 quoniam
1489 1412 1826 1466 amaritudine
1853 1409 2018 1478 reple-

451 1519 529 1562 tus
557 1526 666 1562 sum
714 1507 862 1579 (Jer.
909 1508 994 1562 15.
1051 1504 1170 1579 Π).
1215 1506 1460 1562 Consona
1510 1505 1590 1560 eis
1634 1504 1793 1557 etiam
1855 1499 2019 1555 David

448 1599 711 1668 loquitur:
740 1598 859 1651 Non
882 1599 989 1653 sedi
1006 1615 1118 1651 cum
1139 1598 1351 1651 concilio
1376 1596 1627 1657 vanitatis,
1651 1603 1696 1647 et
1718 1610 1829 1645 cum
1850 1592 2023 1660 iniqua

440 1689 720 1758 gerentibus
773 1704 872 1741 non
915 1688 1153 1741 introibo.
1196 1687 1348 1755 Quod
1396 1685 1668 1755 explicans
1707 1684 1884 1737 addit:
1918 1681 2020 1736 Odi

439 1779 694 1833 ecclesiam
721 1779 1122 1847 malignantium,
1151 1786 1195 1830 et
1220 1794 1332 1830 eum
1358 1776 1525 1846 impiis
1567 1792 1669 1829 non
1695 1774 1873 1828 sedebo
1898 1789 1916 1826 :
1941 1774 2024 1827 la-

440 1869 562 1923 vabo
598 1869 727 1922 inter
770 1870 1057 1922 innocentes
1085 1884 1268 1922 manus
1308 1884 1441 1922 meas
1467 1908 1480 1928 ,
1537 1866 1638 1920 hoc
1658 1875 1740 1920 est
1763 1905 1778 1930 ,
1824 1863 2025 1918 activas

441 1958 745 2014 faciiltalcs:
777 1969 821 2012 et
858 1958 1177 2013 circumdabo
1207 1957 1367 2012 altare
1387 1968 1550 2022 tuum,
1581 1955 1800 2011 Domine
1841 1954 2026 2025 (Psal.

438 2052 531 2106 25.
575 2050 733 2121 4-6).
768 2051 865 2119 Qui
905 2061 1081 2105 autem
1127 2051 1304 2104 minus
1342 2049 1526 2104 altaris
1564 2063 1748 2102 curam
1789 2046 2023 2110 habent,

442 2153 497 2197 et
525 2139 572 2198 ei
602 2151 745 2213 terga
776 2151 1008 2204 vertunt,
1042 2157 1146 2196 non
1179 2140 1452 2211 proposito
1472 2182 1486 2202 ,
1515 2139 1610 2194 sed
1642 2140 1746 2193 vita
1776 2153 1891 2202 sua,
1919 2152 2027 2191 non

443 2232 614 2286 Solum
654 2233 811 2285 illotis
862 2232 1106 2287 manibus
1147 2239 1202 2286 et
1237 2230 1701 2301 sanguinolentis,
1748 2244 2030 2283 munerum

445 2324 732 2378 donatione
755 2339 815 2377 ac
846 2324 1206 2393 perceptione,
1230 2332 1387 2391 atque
1415 2321 1560 2375 l'alsis
1580 2319 2029 2386 accesationibus,

448 2413 544 2467 sed
576 2414 842 2467 lutulentis
892 2413 1111 2481 pedibus
1142 2412 1480 2466 calcitrantes
1502 2452 1519 2478 ,
1550 2411 1675 2465 illud
1713 2410 2026 2464 concedant.

449 2504 522 2557 De
545 2505 733 2573 quibus
751 2503 991 2559 Ezechiel
1017 2504 1268 2574 propheta
1294 2502 1706 2573 prmsignilicans
1724 2503 1794 2555 ait
1815 2501 2028 2573 (Ezech.

448 2592 497 2648 Β.
541 2594 667 2647 7-17
689 2599 734 2663 ):
781 2593 1074 2647 Introduxit
1104 2611 1180 2647 me
1207 2593 1275 2646 ad
1311 2593 1607 2648 vestibulum
1640 2593 1779 2658 atrii,
1814 2601 1861 2645 et
1904 2591 2027 2659 vidi,

447 2692 492 2737 et
512 2700 621 2737 ecce
652 2688 879 2752 foramen
918 2701 1077 2738 unum
1092 2685 1141 2738 in
1159 2685 1369 2755 pariete.
1403 2684 1468 2737 Et
1511 2684 1640 2738 dixit
1665 2684 1732 2736 ad
1756 2699 1867 2736 me:
1896 2681 2033 2736 Per-

447 2772 582 2837 folle,
608 2773 685 2840 ﬁli
708 2773 942 2827 hominis.
971 2773 1033 2827 Et
1054 2775 1183 2845 fodi,
1207 2790 1268 2828 ac
1298 2774 1420 2836 vidi,
1449 2784 1495 2828 et
1521 2791 1631 2828 ecce
1650 2774 1831 2828 ostium
1854 2789 2028 2828 unum.

451 2860 514 2917 Et
545 2864 673 2916 dixit
712 2864 780 2916 ad
811 2881 890 2918 me
909 2880 927 2916 :
957 2862 1255 2935 Ingredere,
1289 2875 1334 2918 et
1361 2865 1474 2918 vide
1495 2865 1893 2918 abominationes
1917 2880 2033 2935 pes-

447 2953 621 3017 simas,
654 2970 777 3020 quas
797 2955 989 3025 faciunt
1016 2955 1118 3007 hic.
1142 2953 1210 3008 Et
1233 2955 1487 3027 ingressus
1513 2973 1645 3021 sum,
1669 2966 1715 3010 et
1740 2972 1852 3010 ecce
1871 2955 2035 3010 onmis

447 3044 725 3097 similitudo
754 3045 946 3114 reptilis
972 3055 1018 3099 et
1042 3047 1258 3113 iumenti
1276 3088 1290 3108 ,
1342 3055 1389 3101 et
1419 3047 1557 3101 idola
1588 3064 1717 3101 vana
1758 3047 2029 3101 abomina-

454 3135 634 3187 tiones.
661 3134 725 3189 Et
746 3137 873 3189 dixit
896 3137 1056 3191 mihi:
1088 3136 1289 3201 Vidisti,
1315 3138 1394 3206 fili
1414 3138 1655 3203 hominis,
1681 3155 1793 3208 qua:
1817 3139 2036 3193 seniores

449 3226 629 3282 domus
658 3224 827 3282 Israel
851 3229 1045 3297 faciunt
1075 3230 1125 3283 in
1158 3230 1395 3295 tenebris,
1425 3230 1478 3284 in
1503 3230 1768 3295 cubiculo,
1799 3240 2034 3284 mentem

452 3319 696 3374 innitens.
741 3318 867 3373 Ideo
897 3321 1130 3375 dixerunt
1149 3338 1167 3375 :
1198 3321 1319 3375 Non
1349 3322 1478 3376 ridet
1521 3338 1612 3375 nos
1644 3321 1922 3377 Dominus:
1949 3322 2034 3375 de-

449 3408 647 3475 reliquit
686 3408 933 3463 Dominus
954 3420 1152 3464 terram.
1193 3410 1257 3464 Et
1288 3412 1415 3465 dixit
1450 3412 1518 3464 ad
1548 3428 1625 3465 me
1648 3427 1668 3465 :
1700 3412 1878 3466 Adhuc
1904 3411 2038 3466 vide.

452 3496 525 3550 bis
552 3497 943 3554 abominationes
969 3502 1209 3571 majores,
1243 3518 1371 3571 quas
1419 3503 1502 3555 isti
1530 3505 1745 3572 faciunt.
1772 3503 1840 3557 Et
1869 3505 2038 3557 intro-

453 3588 597 3641 duxit
623 3606 699 3642 me
740 3591 793 3645 in
816 3592 974 3644 alium
1015 3592 1204 3658 locant,
1251 3603 1401 3662 atque
1428 3594 1641 3647 ostendit
1671 3596 1831 3649 mihi:
1855 3605 1903 3649 et
1929 3612 2040 3650 ecce

457 3678 522 3732 ibi
551 3681 783 3735 mulieres
807 3681 1062 3748 sedebant,
1097 3684 1389 3755 plangentes
1422 3685 1693 3739 Thambos.
1724 3687 1790 3741 Et
1817 3703 2032 3743 rursus:

468 3769 762 3826 Introduxit
807 3789 884 3826 me
926 3774 976 3826 in
1004 3774 1209 3827 domum
1244 3774 1447 3828 Domini
1492 3777 1821 3831 interiorem:
1856 3788 1900 3832 et
1927 3796 2039 3833 ecce

456 3862 525 3914 ibi
555 3862 727 3933 viginti
768 3873 983 3934 quatuor
1011 3865 1231 3918 seniores
1253 3905 1269 3930 ,
1297 3875 1340 3918 et
1371 3866 1527 3938 facies
1552 3883 1722 3920 eorum
1744 3906 1761 3933 ,
1801 3878 1847 3922 et
1885 3869 2039 3923 dorsa

457 3968 625 4004 eorum
652 3962 828 4005 contra
855 3954 1034 4005 altare.
1068 3953 1134 4007 Et
1165 3955 1292 4008 dixit
1318 3957 1387 4008 ad
1414 3971 1491 4010 me
1510 3972 1531 4011 :
1560 3954 1820 4028 Numquid
1839 3959 1943 4013 leve
1967 3968 2041 4014 est

456 4041 551 4093 hoc
577 4041 712 4107 quod
731 4041 852 4110 facit
879 4043 1057 4098 domus
1086 4042 1292 4099 Israel?
1312 4046 1491 4101 Coacti
1524 4046 1720 4102 luimus
1741 4048 1893 4118 hujus
1919 4064 2041 4120 pro-

457 4134 630 4205 ρΙιεῑιυ
654 4137 866 4203 capituli
892 4138 1218 4205 meminisse,
1247 4152 1462 4208 propter
1486 4139 1924 4211 impudentiores,
1948 4140 2040 4211 qui

456 4242 515 4283 se
541 4244 658 4283 esse
686 4229 881 4300 aliquid
908 4239 1112 4299 putant,
1138 4239 1186 4285 et
1215 4232 1420 4300 scipsos
1439 4232 1766 4300 dementant,
1795 4249 1859 4289 ac
1878 4234 2044 4290 eccle-

424 4384 427 4387 Α
456 4321 721 4374 siasticam
765 4337 946 4390 pacem
988 4322 1334 4392 perturbant:
1367 4340 1433 4379 co
1479 4325 1621 4394 quod
1654 4333 1799 4395 terga
1830 4334 2043 4382 vertunt

460 4427 659 4465 mensa:
682 4413 909 4478 Domini,
939 4413 1129 4476 Quibus
1150 4414 1409 4483 judicium
1429 4432 1529 4469 non
1551 4427 1736 4481 cessat,
1759 4426 1806 4469 et
1829 4417 2042 4487 perditio

459 4516 629 4553 eorum
670 4517 768 4553 non
807 4500 1045 4553 dormitat
1090 4500 1165 4573 (2
1238 4501 1381 4556 Petr.
1434 4501 1488 4555 2.
1521 4503 1589 4572 3)
1634 4519 1651 4557 :
1695 4506 1783 4573 qui
1833 4517 2040 4560 terrena

461 4594 693 4661 sapiunt,
722 4591 788 4644 de
815 4593 1005 4661 quibus
1033 4591 1218 4656 ludas,
1247 4592 1409 4646 frater
1435 4591 1641 4655 Jacobi,
1669 4595 1774 4649 ait:
1807 4594 1877 4647 Ili
1901 4606 2039 4662 sunt,

462 4684 547 4753 qui
592 4683 642 4735 in
674 4684 835 4751 epulis
863 4684 1037 4736 vestris
1080 4683 1313 4747 maculat,
1344 4683 1659 4739 convivantes
1688 4685 1796 4739 sine
1824 4687 2001 4741 timore
2023 4727 2040 4754 ,

472 4786 764 4842 semetipsos
787 4786 1045 4844 pascentes
1068 4791 1086 4828 :
1118 4774 1271 4828 nubes
1316 4775 1424 4828 sine
1466 4792 1597 4845 aqua
1617 4817 1631 4838 ,
1679 4793 1792 4845 qua:
1828 4795 1858 4830 a
1887 4779 2043 4834 ventis

467 4868 913 4937 circumlertmtur:
942 4867 1127 4936 [Iactus
1155 4866 1250 4936 feri
1296 4867 1473 4933 maris,
1520 4868 1878 4938 despumantes
1923 4887 2046 4925 suas

464 4959 820 5032 confusiones:
849 4957 1018 5011 sidera
1057 4960 1302 5021 errantia,
1329 4958 1509 5025 quibus
1539 4959 1703 5029 caligo
1732 4960 2045 5015 tenebrarum

462 5059 656 5104 servata
677 5059 747 5103 est
776 5050 829 5103 in
856 5058 1097 5103 aeternum
1143 5047 1317 5120 (Juda:
1347 5064 1395 5103 υ.
1424 5049 1510 5104 12.
1544 5050 1663 5121 15).
1688 5048 1822 5105 Cum
1867 5062 2044 5107 autem

463 5144 618 5197 nubes
662 5142 770 5195 sine
803 5159 933 5215 aqua
974 5142 1221 5208 vocavit,
1275 5143 1464 5197 malam
1493 5158 1682 5198 comm
1732 5145 2047 5215 signiﬁcavit

463 5237 797 5307 grandinem,
826 5237 994 5290 vinea:
1022 5235 1412 5291 adversariam:
1442 5252 1561 5290 cum
1592 5238 1821 5291 errantia
1849 5239 2041 5302 sidera,

465 5331 680 5384 insidias
707 5331 860 5385 navis
884 5328 1205 5397 designavit:
1239 5344 1355 5397 qua:
1383 5328 1596 5396 quidem
1631 5331 1781 5383 navis
1808 5340 1861 5384 et
1891 5332 2044 5386 vinea

468 5422 698 5476 Ecclesia
725 5431 826 5476 est.
856 5422 1109 5488 Quaenam
1154 5431 1331 5474 autem
1377 5420 1463 5474 illa
1496 5431 1617 5474 sunt
1638 5461 1652 5483 ,
1685 5436 1805 5490 qua!
1832 5421 1951 5476 talia
1978 5438 2043 5477 ex

464 5512 779 5566 necessitate
803 5512 1233 5582 subscqucntnr?
1271 5511 1407 5565 Audi
1440 5527 1625 5565 rursus
1662 5512 1907 5568 eumdem
1931 5529 2046 5583 pro.

467 5605 680 5674 phetam
723 5604 1054 5660 Ezechielem
1086 5613 1428 5657 narrantem:
1464 5600 1530 5654 Et
1560 5604 1775 5656 ostendit
1816 5605 1960 5668 mihi,
1992 5615 2040 5659 et

461 5707 581 5749 ecce
606 5692 692 5743 viri
722 5696 973 5748 veniebant
1001 5695 1065 5749 de
1087 5697 1165 5749 via
1196 5702 1356 5764 parte:
1380 5693 1677 5764 superioris,
1711 5710 1824 5764 qua:
1843 5697 2045 5767 respicit

459 5788 523 5845 ,Α
575 5782 887 5852 Aquilonem,
927 5795 971 5839 et
998 5785 1387 5858 uniuscujusque
1409 5784 1599 5841 securis
1638 5784 1691 5839 in
1720 5802 1877 5841 ntanu
1913 5789 2041 5858 ejus.

2118 490 2209 546 Vir
2229 506 2423 561 quoque
2444 506 2573 543 unus
2593 490 2644 544 in
2671 488 2836 544 medio
2862 504 3037 543 eorum
3060 489 3265 543 vestitus
3292 489 3467 556 talari,
3493 503 3544 545 et
3572 508 3709 548 sonis

2112 582 2343 651 sapphiri
2369 582 2423 635 in
2450 580 2648 635 renibus
2678 581 2806 651 ejus.
2853 578 2918 633 Et
2943 580 3158 649 ingressi
3186 589 3305 633 sunt
3328 621 3342 646 ,
3371 590 3417 635 et
3455 592 3706 638 steterunt

2104 676 2259 746 juxta
2285 676 2447 727 altare
2469 688 2678 727 (ereum:
2707 682 2754 726 et
2779 671 2945 743 gloria
2968 670 3177 726 Domini
3202 672 3367 727 Israel
3390 676 3619 728 ascendit
3643 677 3711 731 de

2118 766 2383 820 Cherubim
2402 805 2417 830 ,
2461 780 2573 836 qua:
2596 772 2703 817 erat
2729 763 2780 816 in
2807 763 2933 831 ipsis
2961 761 3031 815 ad
3058 763 3246 816 atrium
3275 762 3477 817 domus.
3510 764 3574 818 Et
3602 782 3696 820 vo-

2115 859 2244 912 cavit
2271 858 2433 913 virum
2459 857 2547 927 qui
2574 856 2781 910 indutus
2810 863 2917 909 erat
2944 854 3115 921 talari,
3146 856 3232 925 qui
3251 855 3461 911 habebat
3488 857 3545 910 in
3568 858 3711 912 lum-

2118 949 2191 1003 bis
2214 949 2320 1002 suis
2344 964 2545 1003 zonam.
2578 945 2645 1000 Et
2674 947 2803 1000 dixit
2834 944 3081 1000 Dominus
3110 946 3178 1000 ad
3196 963 3314 1001 eum
3340 963 3360 1000 :
3386 946 3571 1002 Transi
3619 965 3711 1017 per

2117 1040 2333 1094 mediam
2355 1040 2604 1093 civitatem
2627 1035 2935 1101 Ierusalem,
2959 1047 3003 1091 et
3029 1037 3096 1090 da
3118 1038 3316 1108 signum
3334 1054 3489 1106 super
3508 1037 3708 1108 frontes

2119 1131 2341 1185 virorum
2371 1128 2675 1200 gementium
2717 1137 2765 1181 et
2792 1127 3070 1181 dolentium
3106 1144 3260 1197 super
3286 1129 3481 1182 cunctis
3506 1129 3710 1183 abomi-

2120 1221 2427 1286 nationibus,
2458 1236 2571 1290 qua:
2613 1220 2744 1289 fiunt
2780 1219 2833 1274 in
2874 1218 3037 1272 medio
3066 1234 3262 1274 eorum.
3302 1219 3368 1273 Et
3397 1220 3502 1275 illis
3537 1219 3710 1286 dixit,

2122 1329 2216 1369 sex
2248 1314 2354 1367 illis
2379 1313 2605 1377 scilicet,
2637 1312 2726 1381 qui
2760 1310 3028 1366 habebant
3050 1325 3266 1365 secures
3284 1351 3300 1374 ,
3326 1311 3581 1366 Andiente
3606 1329 3705 1378 me,

2122 1404 2205 1459 Ite
2227 1406 2281 1459 in
2306 1407 2552 1458 civitatem
2575 1444 2590 1469 ,
2624 1412 2885 1474 sequentes
2927 1418 3039 1456 eum
3064 1444 3079 1468 ,
3128 1403 3374 1458 videlicet
3404 1419 3528 1457 eum
3553 1444 3572 1467 ,
3620 1406 3712 1474 qui

2124 1498 2275 1567 signa
2306 1496 2481 1566 posuit
2505 1511 2668 1564 super
2700 1494 2939 1557 frontes;
2970 1502 3016 1547 et
3042 1495 3302 1561 percutite,
3347 1503 3394 1546 et
3418 1510 3481 1548 ne
3521 1496 3717 1564 parcite

2125 1587 2283 1641 oculis
2313 1587 2501 1651 vestris,
2548 1602 2702 1656 neque
2730 1584 3101 1639 misereamini:
3129 1601 3316 1650 senem,
3345 1584 3710 1640 adolescentu-

2126 1677 2229 1730 lum
2250 1719 2265 1741 ,
2303 1678 2566 1746 virginem,
2595 1676 2855 1745 parvulos,
2904 1685 2953 1729 et
2991 1675 3225 1729 mulieres
3255 1676 3522 1744 interficite
3553 1692 3714 1747 usque

2127 1769 2194 1825 ad
2221 1770 2632 1824 internecionem.
2664 1768 2745 1821 Ad
2773 1783 2945 1821 omnes
2979 1778 3168 1833 autem,
3214 1784 3366 1839 super
3388 1784 3514 1838 quos
3540 1777 3616 1822 est
3641 1769 3717 1821 si-

2128 1881 2306 1936 gnum,
2335 1880 2399 1918 ne
2423 1863 2663 1929 accedite,
2691 1870 2739 1915 et
2762 1878 2794 1914 α
2819 1860 3004 1915 sanctis
3031 1860 3153 1914 meis
3179 1861 3403 1930 incipite.
3442 1859 3723 1930 Coeperunt

2129 1974 2246 2027 ergo
2293 1973 2326 2008 a
2368 1955 2486 2008 viris
2531 1952 2808 2007 senioribus
2829 1994 2863 2015 ,.
2891 1952 2979 2022 qui
3023 1960 3166 2006 erant
3195 1956 3250 2006 in
3297 1951 3449 2006 domo
3501 1949 3718 2006 Domini

2132 2046 2344 2121 (Ezech.
2389 2046 2444 2102 9.
2478 2045 2630 2117 l-G).
2660 2044 2715 2099 Si
2742 2044 2860 2114 quis
2900 2054 3080 2099 autem
3107 2052 3255 2114 putet
3283 2044 3397 2098 luce
3420 2043 3489 2098 de
3516 2042 3720 2098 Judmis

2135 2150 2334 2194 tantum
2358 2137 2598 2209 praedici,
2631 2137 2674 2192 is
2696 2135 2998 2191 Servatoris
3023 2134 3309 2191 adventum
3333 2135 3546 2189 videtur
3567 2134 3722 2205 igno-

2138 2246 2259 2285 rare
2284 2248 2297 2284 :
2322 2246 2428 2284 non
2455 2229 2598 2284 enim
2627 2238 2750 2282 ante
2788 2226 3147 2297 captivitatem
3171 2225 3471 2280 sacerdOIio
3506 2224 3721 2281 iunctus

2133 2330 2215 2376 est
2246 2318 2514 2374 Ezechiel.
2541 2317 2730 2372 Adhuc
2749 2317 2889 2371 enim
2924 2331 3056 2386 puer
3092 2314 3377 2371 admodum
3421 2331 3547 2370 cum
3576 2315 3715 2371 tribu

2133 2410 2260 2466 Levi
2287 2411 2339 2465 in
2368 2409 2723 2480 captivitatem
2753 2407 3010 2461 abductus
3041 2417 3160 2470 cst;
3197 2423 3291 2476 per
3313 2406 3405 2461 Dei
3429 2407 3716 2476 dispensa-

2137 2504 2332 2558 tionem
2350 2502 2619 2572 trigesimo
2643 2515 2785 2553 anno
2810 2499 3013 2554 visione
3032 2497 3326 2553 futurorum
3346 2497 3540 2569 dignus
3567 2497 3720 2552 habi-

2136 2604 2220 2649 tus
2247 2604 2327 2649 est
2348 2635 2363 2659 ,
2405 2591 2657 2647 sacerdos
2684 2592 2735 2644 in
2762 2591 2873 2660 ipsa
2902 2591 3235 2661 captivitate,
3266 2600 3324 2644 ut
3353 2589 3467 2660 ipse
3492 2599 3716 2646 narrat:

2138 2685 2204 2741 Et
2227 2691 2418 2757 factunt
2446 2694 2519 2738 est
2539 2685 2590 2737 in
2612 2684 2866 2753 trigesimo
2885 2698 3041 2747 anno,
3066 2682 3117 2736 in
3142 2698 3308 2736 mense
3325 2692 3527 2753 quarto,
3547 2681 3720 2752 quinta

2136 2778 2352 2831 mensis:
2377 2785 2422 2830 et
2442 2792 2533 2847 ego
2557 2792 2694 2829 eram
2716 2775 2768 2828 in
2798 2775 2961 2828 medio
2986 2774 3291 2843 captivitatis
3315 2790 3467 2845 super
3511 2774 3721 2843 fluvium

2138 2867 2338 2923 Cltobar
2363 2866 2584 2940 (Ezech.
2622 2868 2669 2921 Ι.
2704 2863 2805 2937 l):
2839 2874 2894 2921 et
2921 2879 3106 2918 rursus
3134 2865 3290 2932 paulo
3332 2872 3483 2933 post:
3532 2860 3721 2918 Factus

2138 2967 2209 3012 est
2235 2974 2396 3013 sermo
2414 2957 2620 3010 Domini
2648 2958 2716 3010 ad
2740 2954 3076 3021 Ezechielem,
3107 2955 3272 3024 [ilium
3298 2953 3446 3017 Busi,
3479 2954 3715 3008 sacerdo-

2139 3061 2237 3104 tem
2256 3052 2309 3104 in
2328 3060 2463 3103 terra
2478 3049 2834 3104 Chaldazorum
2854 3049 2922 3101 ad
2942 3049 3130 3117 flumen
3147 3046 3348 3102 Chobar
3373 3045 3539 3114 (Ibid.
3567 3061 3618 3100 v.
3637 3046 3712 3115 3).

2139 3142 2192 3199 Si
2223 3144 2343 3213 quis
2366 3151 2543 3195 autem
2574 3141 2699 3195 hinc
2729 3141 2778 3193 in
2809 3139 3081 3208 angustias
3105 3138 3373 3201 redactus,
3403 3136 3601 3191 dixerit
3624 3150 3721 3189 no-

2141 3235 2218 3289 bis
2240 3233 2400 3289 :Cum
2421 3234 2749 3302 prtecesserit
2773 3232 3040 3294 Servatur,
3070 3230 3223 3300 quiet
3247 3230 3424 3285 crucis
3437 3229 3645 3299 signum
3671 3228 3722 3283 in

2140 3324 2311 3379 fronte
2326 3323 2485 3387 dedit,
2512 3337 2676 3394 quare
2695 3321 2972 3375 advenisse
2995 3319 3228 3375 creditus
3244 3334 3349 3373 non
3373 3327 3455 3373 est
3476 3318 3727 3374 Servator

2140 3418 2231 3486 qui
2269 3414 2591 3484 Vespasiano
2630 3413 2884 3467 Romanis
2913 3411 3237 3480 imperante,
3266 3408 3465 3465 delevit
3495 3408 3723 3477 quadra.

2139 3509 2345 3578 gesitno
2371 3515 2489 3576 post
2513 3521 2652 3559 anno
2680 3519 3023 3575 synagogam,
3051 3517 3169 3572 qua:
3197 3501 3372 3571 iniqua
3396 3496 3724 3570 patraverat?

2141 3597 2469 3667 suscepimus
2487 3595 2702 3666 quidem
2725 3595 2822 3649 ista
2845 3592 3162 3649 sentientem
3188 3631 3203 3654 ,
3237 3591 3408 3660 ipsum
3454 3599 3635 3643 autem
3664 3596 3719 3642 ut

2143 3688 2267 3743 novi
2312 3686 2635 3742 Testamcnti
2660 3686 2864 3751 lilium,
2910 3698 3161 3749 oramus,
3195 3692 3251 3736 ut
3298 3681 3455 3734 ﬁdem
3502 3679 3727 3734 habeant

2142 3780 2305 3835 Paulo
2331 3780 2513 3834 talium
2537 3780 2809 3849 magistro,
2833 3777 2920 3847 qui
2947 3777 3013 3831 de
3034 3776 3282 3830 omnibus
3301 3774 3561 3844 ejusmodi
3583 3772 3727 3827 lilris

2142 3872 2302 3927 dicit:
2338 3870 2465 3925 llwc
2495 3881 2662 3924 autem
2704 3870 2755 3923 in
2784 3871 2952 3940 figura
2989 3867 3339 3937 contingebant
3365 3866 3504 3930 illis;
3542 3866 3728 3932 scripta

2142 3978 2255 4016 vero
2276 3970 2391 4015 sunt
2415 3959 2483 4014 ad
2509 3960 2875 4029 correptionem
2903 3969 3148 4023 nostram,
3180 3959 3232 4012 in
3253 3974 3379 4028 quos
3408 3957 3534 4024 fines
3563 3972 3723 4010 sitcu-

2120 4049 2320 4106 .lorum
2371 4049 2685 4106 devenerunt
2728 4050 2802 4124 (ι.
2826 4048 2946 4105 Cor.
2981 4048 3068 4104 l0.
3100 4046 3211 4120 ll).
3241 4047 3364 4103 ΙΙωο
3390 4055 3565 4101 autem
3593 4046 3728 4115 dico,

2144 4155 2474 4211 nequaquam
2499 4154 2812 4209 apprecans.
2842 4149 2898 4194 ut
2917 4139 3122 4211 gladius
3146 4138 3351 4193 ferreus
3371 4138 3553 4192 veniat
3571 4150 3728 4206 super

2146 4234 2387 4289 inimicos
2418 4233 2532 4296 Dei,
2559 4233 2718 4288 absit.
2752 4231 2934 4301 Neque
2963 4232 3103 4287 enim
3131 4229 3199 4287 de
3227 4230 3404 4301 gladio
3447 4230 3627 4285 ferreo
3654 4230 3728 4283 lo-

2146 4324 2324 4395 quitur
2348 4323 2627 4394 propheta,
2650 4324 2742 4377 scd
2764 4323 2829 4377 de
2854 4323 2957 4375 alia
2988 4322 3214 4394 quadam
3234 4322 3496 4392 punitrice
3518 4320 3728 4389 virtute.

2147 4417 2215 4471 de
2240 4431 2342 4486 qua
2369 4414 2618 4470 Ezechiel
2640 4414 2794 4468 dicit:
2826 4411 2985 4466 Terra
3012 4429 3164 4483 super
3205 4430 3357 4484 quam
3394 4413 3624 4484 gladium
3650 4412 3729 4465 in-

2147 4511 2332 4564 ducam
2380 4509 2653 4581 (inducam
2698 4524 2824 4562 vero
2863 4507 2915 4561 id
2942 4515 3026 4562 est
3054 4506 3414 4577 permittam),
3460 4513 3508 4559 et
3551 4504 3733 4575 ceperit

2148 4604 2366 4673 papulas
2387 4612 2533 4657 terra
2556 4602 2717 4655 virum
2744 4617 2922 4664 unum,
2944 4610 2992 4654 et
3018 4609 3202 4670 ponent
3227 4598 3321 4653 sibi
3347 4598 3731 4668 speculatorem,

2148 4707 2193 4749 et
2217 4697 2389 4750 viderit
2410 4694 2693 4766 speculator
2721 4693 2948 4764 gladium
2967 4693 3262 4757 venientem,
3285 4698 3332 4744 et
3352 4690 3469 4744 tuba
3492 4688 3731 4751 senuerit,

2149 4798 2195 4843 et
2221 4789 2419 4858 signum
2445 4787 2637 4841 dederit
2662 4786 2849 4857 papula
2872 4825 2886 4847 ,
2929 4794 3079 4849 atque
3115 4783 3332 4837 audierit
3372 4781 3457 4845 qui
3485 4780 3630 4833 audit
3649 4821 3663 4842 ,
3692 4788 3736 4832 ct

2149 4894 2249 4932 non
2264 4878 2467 4942 caverit;
2484 4878 2680 4932 veniens
2695 4887 2861 4930 autem
2882 4874 3084 4946 gladius
3097 4870 3477 4943 apprehenderit
3497 4869 3736 4940 aliquem:

2150 4970 2447 5039 sanguinem
2475 4971 2585 5039 ejus
2621 4969 2683 5022 ab
2702 4984 2761 5022 eo
2785 4969 3057 5035 requiram,
3084 4966 3203 5035 quia
3229 4981 3329 5017 non
3355 4962 3546 5016 audivit
3572 4977 3737 5015 vocem

2151 5062 2300 5114 Iubar.
2331 5061 2399 5115 Et
2432 5075 2649 5113 rursus:
2683 5059 2744 5114 Si
2767 5068 2936 5111 autent
2953 5057 3238 5121 speculator
3265 5053 3439 5108 viderit
3465 5053 3736 5106 venientem

2148 5155 2395 5226 gladium,
2411 5163 2457 5206 et
2476 5151 2591 5205 tuba
2608 5169 2706 5205 non
2723 5151 2974 5214 cecinerit,
2991 5166 3149 5220 neque
3165 5147 3349 5213 populo
3364 5145 3738 5215 significaverit;

2151 5245 2350 5299 veniens
2380 5254 2548 5296 autem
2587 5243 2790 5313 gladius
2828 5239 3218 5311 apprehenderit
3251 5239 3504 5306 aliquem:
3533 5235 3738 5304 sangui-

2152 5352 2263 5389 nem
2291 5336 2401 5404 ejus
2426 5335 2488 5387 de
2517 5350 2668 5386 mmtu
2695 5332 3025 5402 speculatoris
3055 5330 3347 5401 requiram,
3371 5327 3489 5398 quia
3519 5342 3635 5379 cum
3672 5324 3741 5376 vi-

2152 5426 2291 5480 deret
2340 5425 2605 5495 gladium,
2657 5424 2774 5475 tuba
2803 5439 2905 5475 non
2958 5421 3138 5475 cecinit
3181 5419 3406 5490 (Ezech.
3457 5418 3548 5472 55.
3574 5416 3734 5483 2-6).

2156 5515 2434 5584 EjttSlllOdl
2466 5514 2755 5584 periculum
2783 5553 2799 5579 ,
2847 5528 3181 5582 nequaquam
3209 5509 3481 5564 dormiens
3514 5506 3736 5562 inﬁdeli-

2156 5606 2278 5661 tatis
2316 5621 2527 5672 somno,
2573 5619 2746 5674 ncque
2793 5602 3079 5672 \‘ttltlplttlls
3112 5602 3317 5672 pigritia
3341 5600 3491 5672 piger
3511 5641 3529 5665 ,
3558 5600 3737 5653 beatus

2151 5696 2385 5753 Joannes
2404 5703 2526 5749 ante
2542 5695 2726 5750 oculos
2751 5692 2971 5753 habens.
3004 5694 3161 5746 altius
3188 5692 3310 5746 tuba
3332 5690 3616 5754 clamabat,
3638 5704 3736 5743 non

2154 5788 2437 5845 obscurum
2468 5785 2630 5845 edens
2658 5798 2868 5854 sonum,
2900 5783 2992 5840 sed
3021 5794 3259 5855 apertam
3286 5783 3443 5854 plane
3463 5780 3737 5842 scientiam
