1974 3206
103 187 132 216 65
602 175 645 203 DE
666 173 745 201 VITA
765 172 784 209 S_
814 167 954 203 JOANNIS
972 165 1220 201 CIIRYSQSTOJH.
1483 179 1487 183 -
1706 161 1741 193 qs

103 245 165 272 dans
173 240 301 273 diabolici
310 237 399 277 gladii,
410 236 498 275 iugere
505 240 598 270 omnes
607 230 769 267 hortabatur.
777 227 898 261 Quicum-

106 297 151 325 que
158 292 249 317 autem
260 272 449 313 cottseientiam
456 287 561 319 puram,
568 277 647 309 veluti
655 277 759 313 signum
768 274 794 302 ‘tu
802 272 898 304 anima:

106 318 200 366 fronte,
217 333 366 360 habuerunt
378 349 386 361 ,
401 335 448 362 per
461 325 571 364 gratiam
586 323 632 351 Dei
645 329 704 349 cum
715 319 790 354 vobis
802 318 899 345 Roma—

107 380 144 408 nis
151 378 274 407 ﬂdelibus
285 375 381 403 servati
390 376 452 400 sunt
462 362 469 398 ξ
480 370 525 408 qui
534 377 597 397 vero
607 367 780 403 inquinatam,
788 362 898 399 populos

106 433 135 454 ac
156 423 311 459 sacerdotes
332 422 358 448 in
378 424 497 446 mututun
512 420 646 448 certamen
661 412 838 446 accenderunt
850 430 856 441 ,
872 413 899 435 ut

107 470 219 510 publicis
234 454 310 498 malis
331 473 377 495 sua
401 462 601 492 obutnbrarent.
620 459 694 490 Duc.
710 457 774 489 Mire
793 454 898 493 quidem

107 499 213 550 dixisti.
236 514 346 541 Constat
366 515 453 538 autem
468 508 524 536 ﬁeri
539 514 592 533 non
611 511 705 545 posse,
731 507 759 529 ut
779 501 859 531 homo
873 499 899 526 in

107 548 155 590 hac
166 567 273 591 terrena
284 559 335 590 vita
352 552 594 594 irreprebensibilis
606 556 715 587 prorsus
730 546 879 576 inveniatur
891 565 899 577 ,

107 609 214 636 dicente
232 604 353 641 pluribus
374 603 400 630 in
412 592 483 629 locis
497 597 632 632 Scriptura
650 604 657 622 ε
673 594 734 627 Qui:
752 591 901 641 gloriabitur

107 636 270 685 mundum-se
283 650 372 678 habere
382 646 444 673 cor?
456 650 499 675 aut
518 643 572 678 quis
586 641 706 676 ﬁduciam
725 636 837 669 habebit,
853 643 901 671 pu-

106 707 163 727 rum
174 706 201 725 se
211 683 267 732 esse
277 704 292 722 a
306 698 407 729 peccato
418 691 509 728 (Prov.
522 689 567 717 20.
582 688 628 725 9)?
644 687 741 715 Verum
756 692 808 718 non
828 682 902 717 novit

106 745 145 778 uti
157 749 280 778 tempore
293 741 320 773 Β.
334 739 450 772 Joannes
467 746 473 763 :
489 743 533 763 res
546 734 616 762 enim
629 732 787 760 constitutas
802 734 901 759 temere

107 774 224 818 movere
232 795 284 815 non
301 788 414 820 oportet.
428 783 517 817 Ertsc.
531 779 633 808 Videris
647 777 721 809 mihi,
736 776 805 805 boue
815 774 902 807 Theq-

106 835 185 866 dore,
201 833 311 863 nimium
325 834 427 863 astutus
443 835 512 857 esse.
525 826 593 853 Cum
607 824 677 851 enim
698 821 772 851 initio
791 820 902 850 misera-

107 865 232 915 tionem,
250 883 277 912 ut
302 875 391 909 decuit
405 893 412 906 ,
428 872 505 904 nobis
528 869 680 898 exltihueris
703 874 764 894 cum
789 865 901 900 quadam

106 924 317 960 compunctiouc
332 942 339 954 ,
353 916 414 947 inde
426 917 551 958 paulatim
572 916 648 946 dicax
669 913 761 940 irrisor
777 910 904 939 inveniris

103 954 189 992 esse-2
201 970 290 997 neque
302 961 347 995 qui
358 955 522 993 putabantur
532 955 646 990 inimici,
655 959 710 982 tam
720 954 819 984 acriter
828 954 905 983 illum

105 1011 314 1044 vituperarunt.
325 1006 401 1032 Duc.
411 1004 480 1037 Quid
490 1001 747 1038 iutlignaris,Pater,
756 1000 802 1035 qui
810 999 909 1031 verita-

108 1055 145 1082 tis
155 1062 255 1080 amans
262 1053 352 1084 audis,
362 1050 434 1086 qunti
442 1048 557 1076 dixerim
568 1056 621 1074 non
631 1049 794 1082 observasse
801 1050 909 1080 tempus

108 1101 221 1128 beatum
234 1096 387 1125 Joannem?
398 1103 458 1123 cum
472 1093 612 1129 Scriptura
626 1093 715 1119 dicat:
733 1090 766 1118 In
784 1091 847 1118 locis
863 1099 910 1125 po-

109 1147 224 1179 tentium
237 1154 267 1171 ne
282 1143 413 1175 subsiste:
426 1141 519 1177 (Prov.
533 1139 578 1165 25.
591 1139 630 1174 6.)
643 1149 649 1166 :
665 1144 692 1168 et
707 1146 816 1170 rursus,
831 1137 912 1164 Redi-

108 1198 211 1220 menles
222 1197 322 1224 tempus
332 1189 439 1225 (Ep/tes.
449 1189 475 1220 5,
487 1187 532 1221 if;
543 1186 671 1224 σομε),
683 1185 833 1222 ρτιεδθι-ιίηι
842 1184 867 1210 in
878 1184 911 1210 iis

109 1240 158 1274 qui
170 1239 275 1270 monita
288 1237 489 1275 utilitatemque
498 1243 552 1262 non
564 1233 721 1263 admittunt.
735 1231 824 1258 EPISC.
836 1230 909 1261 Beati

108 1286 192 1316 estis,
204 1285 250 1319 qui
262 1284 302 1311 sic
312 1283 469 1318 Scripturas
480 1280 708 1316 interpretamini.
722 1278 748 1304 Id
757 1278 829 1312 enim
839 1277 910 1311 apud

110 1331 315 1364 Ecclesiasten,
332 1329 363 1356 In
377 1329 441 1356 locis
453 1333 588 1362 potentum
602 1335 633 1356 ne
646 1326 761 1357 steteris,
777 1316 911 1351 adversus

111 1376 245 1411 indignos
255 1380 282 1402 et.
297 1374 442 1408 incapaces
457 1372 605 1400 sacerdotii
616 1371 719 1398 dictum
732 1374 784 1401 est,
798 1377 831 1396 ne
845 1368 911 1395 illud

112 1422 235 1457 rapiant.
244 1420 374 1447 Potentes
389 1419 473 1451 enim,
485 1418 594 1445 virtutis
603 1416 824 1452 magistrosdicit
838 1424 844 1442 :
857 1415 912 1453 pri~

113 1475 191 1495 mum
204 1466 315 1502 quidem
330 1464 481 1502 apostolos,
497 1462 542 1502 qui
556 1466 635 1489 erant
650 1447 787 1496 potentes.
801 1447 911 1493 virtutis

113 1514 243 1548 spiritum
256 1511 344 1539 induti
356 1518 364 1537 :
381 1510 479 1544 deinde
489 1516 584 1537 eorum
598 1507 759 1541 imitatores.
781 1505 813 1531 Et
826 1505 891 1531 illud
903 1525 912 1538 ,

113 1559 253 1593 Redimere
262 1564 375 1591 tentpus,
386 1556 499 1592 perinde
506 1560 548 1583 est.
557 1563 600 1591 ac,
608 1553 645 1581 Ne
652 1552 800 1593 hypocrita:
812 1552 911 1583 simus,

114 1609 176 1629 cum
192 1601 293 1627 furibus
307 1602 465 1637 currentes,
478 1600 576 1622 etcum
589 1592 716 1620 adulteris
738 1596 838 1626 partem
859 1597 908 1628 po-

115 1651 231 1678 nentes;
246 1644 292 1672 Sed
307 1648 335 1671 ut
355 1648 474 1677 tempore
493 1648 541 1668 suo
566 1645 670 1673 tempus
690 1636 791 1673 peccati
812 1635 909 1663 virtute

115 1692 279 1720 redimamus
291 1711 298 1723 ,
311 1696 363 1716 non
376 1687 440 1715 illud
454 1690 564 1722 peccato
576 1684 732 1711 vendentes.
747 1681 798 1715 Qui
820 1684 909 1707 autem

116 1740 169 1767 hoc
191 1737 271 1765 modo
295 1735 421 1772 paulatim
441 1738 545 1767 tempus
567 1730 686 1770 redimit,
702 1732 785 1759 totam
804 1725 911 1757 redimit

117 1787 201 1813 vitam
216 1791 290 1811 suam
301 1804 309 1817 ,
324 1787 353 1810 ut
365 1780 471 1809 omissis
489 1778 579 1810 steculi
597 1767 778 1813 voluptatibus
794 1773 910 1802 czelestia

117 1834 189 1861 dona
203 1831 370 1858 nanciscatur
382 1837 389 1854 :
401 1825 533 1862 quomodo
544 1829 570 1851 et
581 1828 711 1858 martyres
724 1822 854 1853 fecerunt,
867 1818 911 1856 qui

119 1879 190 1906 hanc
198 1883 352 1912 corpoream
364 1875 442 1900 vitam
455 1876 628 1906 exponentes,
637 1866 911 1902 incorruptibilLtatem

120 1923 258 1952 consecuti
281 1926 467 1952 Sunt,rcvera
490 1917 538 1951 ipsi
563 1922 666 1948 tempus
689 1914 860 1949 t'edimentcs.
884 1910 912 1938 Si

120 1978 187 1998 veto
201 1969 249 1995 ista
264 1975 316 1994 non
331 1966 368 1993 sic
381 1964 562 1998 intelliguntur
575 1982 580 1992 .
595 1961 700 1995 Moyses
712 1964 786 1986 certe
800 1963 826 1985 et
841 1957 913 1984 Elias

121 2020 150 2043 et
163 2015 289 2042 Miclneas
308 2017 334 2038 ct
351 2010 440 2038 Daniel
457 2014 484 2036 et
497 2008 613 2035 Joannes
628 2005 744 2042 Baptista
756 2008 782 2031 et
796 2003 876 2030 Isaias
888 2006 916 2039 et

122 2061 219 2088 Petrus
231 2063 310 2093 atque
321 2056 425 2086 Paulus,
439 2061 473 2081 ne
483 2053 572 2088 plures
582 2057 800 2083 commemorem,
812 2054 916 2082 tempus

121 2114 204 2134 suum
213 2094 349 2140 ignorasse
358 2100 525 2128 invenientur
532 2107 538 2125 :
545 2096 669 2135 quoniam
682 2095 725 2122 ille
734 2095 794 2129 fuga
804 2093 915 2121 salutem

123 2152 177 2180 sibi
191 2138 285 2185 quierit
299 2148 333 2175 ob
345 2145 580 2182 reprehensionem
594 2141 723 2175 alienius,
734 2139 796 2173 dum
810 2138 917 2175 gentilis

123 2196 265 2232 cujusdam
281 2202 347 2222 oves
359 2194 384 2220 in
396 2196 486 2219 monte
502 2193 639 2225 pasceret:
652 2186 719 2214 alius
732 2193 787 2220 pra:
799 2190 917 2221 torpore,

125 2245 220 2272 dolore
233 2248 386 2277 oppressus,
403 2240 430 2267 in
443 2245 565 2266 somnum
580 2234 697 2267 decidit;
711 2240 795 2268 neque
809 2231 917 2267 parietis

125 2295 171 2317 aut
186 2288 242 2317 saxi
254 2286 391 2320 inveniens
405 2285 537 2315 umbram,
551 2282 599 2320 sed
609 2279 783 2315 subjuuiperi
794 2277 917 2313 virgulto,

126 2335 200 2371 quod
213 2340 240 2362 et
254 2335 338 2369 ipsum
352 2332 421 2365 exile
431 2334 499 2363 erat,
511 2337 541 2357 se
552 2328 665 2363 collocat
677 2327 686 2363 (
697 2327 714 2354 5
729 2326 791 2360 Reg.
804 2325 847 2352 19.
862 2322 899 2359 4)
911 2332 918 2350 :

127 2370 198 2410 alius
219 2387 292 2408 serra
318 2378 479 2416 secabatur:
496 2375 563 2403 alius
578 2382 626 2410 pro
649 2375 745 2409 pietate
767 2372 793 2399 iu
817 2370 921 2404 foveam

129 2428 239 2458 leonum
258 2424 446 2463 demittebatur
459 2431 466 2449 :
480 2420 548 2449 alius
566 2420 591 2446 in
611 2425 735 2449 carcere,
752 2417 802 2443 hoc
822 2419 862 2443 est
874 2436 881 2448 ,
894 2415 920 2443 in

128 2479 215 2510 specu
220 2461 334 2510 quodam
342 2469 446 2506 vinctus
455 2466 620 2505 servabatur,
629 2471 724 2499 panem
734 2460 924 2499 tribulationis,

130 2522 158 2546 et
173 2507 271 2554 aquam
291 2515 421 2555 angustiae
441 2519 547 2543 sumere
571 2510 762 2541 condemnatus
774 2528 781 2539 ,
794 2512 822 2534 ut
843 2507 923 2544 longe

131 2570 255 2600 tempore
266 2554 457 2598 contabesceus
468 2580 476 2593 ,
487 2558 567 2596 vitam
581 2557 606 2583 vi
620 2556 800 2592 abrumperet,
816 2558 923 2590 propter

131 2619 208 2639 suam
222 2609 349 2642 adversus
361 2614 449 2647 regem
466 2604 608 2648 quemdam
624 2601 748 2636 loquendi
762 2601 922 2635 libertatem.

130 2656 203 2690 Quid
226 2659 314 2686 autem
336 2645 401 2680 mihi
414 2645 488 2678 dices
507 2650 541 2677 de
559 2648 677 2683 Joanne,
695 2645 740 2681 qui
764 2646 833 2672 inter
849 2648 924 2670 natos

131 2702 274 2729 mulierum
287 2706 379 2735 parem
387 2705 439 2724 non
452 2695 547 2723 habet?
557 2702 591 2720 an
600 2692 707 2719 minime
717 2694 793 2718 norat
807 2694 926 2723 tempore

132 2749 183 2778 uti.
196 2734 321 2785 quoniam
335 2747 444 2779 propter
453 2745 571 2776 apertam
585 2743 611 2766 et
622 2737 730 2764 minime
743 2734 926 2762 adumbratam

132 2794 256 2824 adulterii
274 2782 395 2821 'Hcrodis
410 2788 623 2823 increpationem'
633 2784 719 2818 capite
737 2782 853 2809 minutus
865 2784 924 2812 est,

132 2846 272 2873 curans,nt
281 2830 683 2874 medicusllerodemiusanabili
694 2826 925 2858 tnorboafiectum,

132 2896 177 2919 aut
190 2896 277 2921 urens,
288 2891 333 2914 aut
343 2882 455 2916 secans?
463 2881 518 2915 Qua
528 2880 627 2907 ratione
639 2882 663 2905 et
674 2877 789 2905 Joannes
798 2874 927 2902 miserans

954 228 981 251 et
999 229 1091 254 amans
1106 242 1114 255 ,
1130 220 1283 256 increpabat
1307 219 1436 254 infirmos.
1459 217 1488 246 Si
1515 222 1603 249 autem
1625 217 1741 249 Joanne!

952 270 1071 304 Baptista
1094 273 1199 303 tempus
1223 274 1276 299 non
1303 270 1402 303 uorat,
1425 264 1558 301 quomodo
1584 264 1740 297 sznculorum

951 316 1073 349 Opiﬁcem
1097 319 1123 341 ct
1147 314 1275 342 {actorem
1295 311 1402 348 agnovit
1416 332 1424 342 ,
1441 311 1554 339 dicens:
1571 310 1634 343 Ecce
1655 310 1742 345 Agmu

952 360 1018 393 Dei,
1032 360 1074 394 qui
1090 359 1154 388 tollit
1170 362 1270 393 peccata
1283 357 1370 391 mundi
1386 356 1472 391 (Icari.
1486 357 1511 383 L
1526 355 1570 390 56)
1585 355 1596 382 ?
1609 354 1742 390 quomodo

952 406 1049 433 Paulus
1063 410 1089 432 et
1101 404 1207 435 Petrus,
1222 403 1354 429 columine
1369 401 1506 433 Ecclesize,
1520 405 1622 434 tempus
1638 400 1741 435 ignora-

951 452 1016 479 bant
1028 471 1036 483 ,
1052 450 1096 485 qui
1118 450 1197 477 etiam
1213 453 1271 485 post
1293 452 1406 480 mortem
1424 446 1575 477 volentibus
1592 450 1671 485 atque
1686 444 1743 482 pui-

952 483 1072 527 sautibus
1085 483 1226 530 aperiunt,
1242 498 1267 521 et
1280 493 1407 527 claudunt
1423 491 1583 528 paenitentia:
1603 483 1721 530 tempora
1731 489 1744 516 3

953 542 1076 584 quoniam
1092 526 1206 573 maxime
1219 526 1271 566 hic
1285 538 1357 568 cruci
1378 526 1476 565 affixus
1489 541 1546 570 est,
1560 526 1672 575 pedibus
1693 535 1743 563 ob—

953 583 1047 620 versis,
1064 588 1132 614 viam
1146 586 1173 613 in
1189 585 1282 616 caelum
1297 584 1465 620 significans;
1482 583 1525 612 ille
1537 583 1623 617 capite
1637 587 1743 616 trtiuca-

954 639 996 665 tur
1010 634 1044 661 ob
1059 641 1134 661 suatn
1150 633 1175 659 in
1187 631 1292 660 Christo
1303 630 1427 665 loquendi
1436 629 1595 661 libertatem,
1607 636 1639 655 ne
1654 635 1669 661 a
1682 634 1745 657 vero

953 679 1087 711 excideret
1100 678 1194 712 capite.
1205 677 1243 704 Nc
1251 676 1330 711 igitur
1338 675 1477 702 admiseris
1484 681 1540 706 eos,
1550 674 1593 709 qui
1606 681 1667 700 cum
1680 680 1745 708 qua—

954 725 1013 755 dam
1026 724 1205 758 increpatione
1216 726 1369 750 sanctorum
1385 720 1508 756 loquendi
1521 720 1672 749 libertatem
1691 719 1746 749 cul-

955 775 1027 806 pant.
1035 757 1177 800 Gentilium
1188 769 1258 796 enim
1270 767 1404 802 etjudieio
1412 757 1460 793 suo
1469 766 1616 804 sapientum
1626 764 1674 794 ista
1684 770 1747 794 cou-

954 815 1065 843 suetndo
1073 820 1123 847 est,
1132 814 1178 854 qui
1188 821 1279 840 amore
1289 812 1367 847 hujus
1375 812 1435 838 vitm
1444 811 1522 838 etiam
1533 815 1678 844 martyrum
1688 816 1748 844 con,-

954 860 1078 888 stantiam
1092 859 1211 888 irrident.
1227 857 1319 897 Neque
1332 857 1403 889 enim
1417 856 1457 883 vel
1473 855 1588 889 gladium
1602 854 1724 886 obtusum
1737 875 1745 885 ,

954 907 996 934 vel
1020 907 1133 933 otiosam
1162 912 1221 932 esse
1249 903 1376 943 loquendi
1401 902 1549 929 libertatem
1576 905 1689 939 oportet.
1714 899 1747 933 Et

954 952 1176 988 quemadmodum
1195 951 1229 982 ab
1244 954 1378 984 unguento
1394 948 1534 982 fragrantia
1557 946 1674 980 separari
1694 954 1746 975 non

956 1003 1061 1033 potest,
1075 999 1114 1025 sic
1137 1005 1222 1031 neque
1238 1004 1252 1022 a
1274 995 1397 1030 loqttetnli
1412 995 1536 1023 libertate
1554 992 1746 1025 benevolentia.

956 1044 994 1070 Ac
1015 1043 1037 1070 si
1055 1042 1161 1077 quidem
1183 1049 1273 1071 coram
1290 1040 1394 1067 t‘amnlis
1406 1060 1414 1072 ,
1430 1043 1476 1065 aut
1489 1039 1597 1070 amicis,
1613 1042 1657 1067 aut
1673 1037 1727 1069 suis
1739 1058 1747 1069 ,

955 1088 1128 1124 reprehensio
1138 1088 1222 1125 iteret,
1234 1094 1325 1116 coram
1336 1085 1431 1125 quibus
1440 1084 1596 1112 erubescere
1608 1083 1747 1111 molestum

956 1138 996 1161 est
1011 1142 1017 1160 :
1032 1133 1099 1160 forte
1114 1131 1281 1163 accusandus
1296 1124 1368 1163 esset
1389 1129 1434 1165 qui
1455 1129 1537 1161 libere
1561 1129 1747 1162 redargueret,

956 1181 1053 1213 quippe
1067 1178 1111 1213 qtti
1127 1183 1230 1212 tempus
1244 1181 1270 1206 et
1291 1176 1377 1208 locum
1400 1175 1532 1214 ignoraret
1547 1173 1592 1200 :Si
1611 1178 1699 1204 autem
1723 1173 1749 1206 in

956 1225 1087 1263 Ecclesia,
1098 1224 1171 1258 velut
1181 1224 1207 1250 in
1218 1222 1339 1254 macello,
1351 1222 1493 1255 proborum
1505 1219 1625 1246 cncomia
1637 1218 1711 1252 fiunt,
1725 1224 1751 1246 ct

957 1271 1061 1305 increpa
1066 1270 1151 1303 tiones
1158 1268 1316 1307 negligentiu
1321 1275 1344 1293 tn
1351 1267 1421 1300 :quid
1428 1264 1751 1299 exasperanturadvcrsus

957 1316 1161 1356 increpatioues,
1168 1322 1226 1349 qua:
1235 1313 1292 1342 sine
1300 1312 1417 1344 nomine,
1427 1315 1453 1339 et
1461 1311 1559 1341 utiliter
1568 1309 1644 1336 tium?
1651 1309 1751 1339 alentes

957 1354 1078 1393 crimina,
1091 1369 1140 1392 nec
1147 1361 1361 1394 obtemperantes
1371 1358 1406 1389 ei,
1416 1357 1459 1392 qui
1471 1356 1546 1389 dixit,
1560 1354 1639 1383 Omne
1646 1354 1714 1392 quod
1724 1354 1749 1381 in

958 1408 1062 1436 ntacello
1071 1408 1148 1446 venit,
1158 1407 1317 1438 manducate,
1330 1404 1395 1441 nihil
1409 1404 1576 1431 discernentes
1585 1401 1608 1435 (ι
1635 1400 1693 1429 Cor.
1707 1400 1749 1427 i0.

957 1455 1016 1492 25).
1029 1454 1105 1487 Quod
1115 1454 1165 1484 nisi
1175 1454 1208 1480 ita
1215 1452 1346 1485 sit,sancli
1358 1451 1452 1483 iterum
1459 1448 1628 1484 invenit-titur
1634 1447 1669 1474 οἰι
1676 1447 1752 1480 itntes

958 1499 1084 1536 quasdam
1098 1503 1143 1527 aut
1157 1498 1278 1532 regiones
1292 1495 1484 1525 scantlalizassc
1498 1494 1532 1529 ob
1547 1492 1751 1530 increpationcs,

959 1546 1026 1572 alias
1046 1551 1109 1572 vero
1125 1543 1247 1573 laudibus
1261 1542 1315 1569 suis
1335 1540 1505 1575 subvenisse.
1521 1538 1625 1573 Primus
1647 1542 1753 1566 sanctus

959 1590 1010 1618 Job
1025 1589 1169 1621 Phteniccn
1184 1586 1323 1622 quamdam
1347 1585 1486 1626 regionem
1499 1583 1641 1618 objurgans
1654 1603 1662 1615 ,
1678 1582 1752 1618 quasi

958 1634 1087 1662 Satanam
1095 1633 1200 1666 hostem
1215 1639 1291 1658 suum
1315 1631 1340 1659 in
1356 1638 1385 1658 se
1399 1630 1575 1662 attrahentem
1592 1648 1601 1667 π
1615 1628 1652 1655 sic
1665 1627 1729 1662 dicit
1745 1635 1751 1652 :

963 1679 1066 1706 Partem
1078 1682 1162 1709 autent
1173 1677 1195 1704 ei
1210 1677 1271 1703 dant
1293 1680 1389 1710 gentes
1402 1673 1551 1707 Plitenicum
1568 1671 1636 1708 (Job
1650 1671 1695 1699 40.
1707 1671 1751 1704 25.

961 1727 988 1753 in
1011 1725 1099 1752 Gre-cu
1113 1725 1132 1756 ).
1154 1722 1254 1751 Deinde
1279 1722 1381 1756 Moyses
1402 1725 1428 1747 et
1451 1719 1587 1755 propheta}
1610 1716 1754 1752 {Egyptum

963 1771 1137 1801 criminantur
1149 1790 1157 1802 ,
1171 1769 1305 1796 fornacem
1322 1766 1436 1798 ferream
1457 1763 1621 1800 appellantes
1640 1766 1666 1788 et
1682 1765 1756 1797 tene-

963 1818 1035 1849 bras,
1047 1821 1126 1850 atque
1141 1801 1308 1842 Palmstiuam
1323 1811 1445 1843 laudibus
1455 1801 1594 1843 estollaut,
1607 1811 1756 1839 terramque

965 1861 1147 1898 promissionis
1161 1864 1256 1887 vocant
1271 1867 1277 1885 :
1294 1865 1354 1885 cum
1370 1857 1502 1892 AEgyptus
1512 1853 1659 1889 inveniatur
1673 1851 1757 1886 probo

965 1908 1071 1944 quidem
1086 1912 1155 1934 terra
1171 1904 1366 1941 promissionis,
1381 1903 1476 1938 ignavo
1489 1905 1577 1933 autem
1595 1897 1733 1930 Paltcstina
1748 1917 1757 1934 ,Ι

967 1961 1019 1981 non
1044 1953 1131 1980 solum
1149 1951 1241 1977 t‘ornax
1264 1949 1348 1976 ferrea
1362 1969 1369 1980 ,
1381 1946 1427 1974 sed
1440 1950 1467 1973 et
1483 1945 1597 1972 tenebrae
1613 1942 1759 1973 exteriores

967 1998 1131 2035 infidelitatis
1148 2004 1226 2024 causa
1243 2005 1249 2022 :
1263 1994 1387 2033 quoniam
1404 2000 1455 2026 non
1472 1992 1529 2018 loca
1545 1988 1677 2023 vituperio
1689 2008 1697 2020 ,
1713 1991 1759 2015 aut

967 2045 1045 2073 laude
1065 2044 1143 2083 digna
1161 2047 1222 2069 sunt.
1233 2062 1241 2074 ,
1256 2041 1302 2068 sed
1318 2039 1453 2070 hominum
1475 2035 1572 2064 slutlia.
1586 2034 1655 2069 Quid
1671 2037 1761 2067 anteiri

969 2098 1078 2118 neceSse
1092 2079 1156 2115 mihi
1172 2092 1213 2115 est
1225 2092 1375 2117 sermonem
1392 2084 1417 2113 in
1434 2083 1539 2120 longum
1555 2079 1698 2107 extendere
1711 2098 1718 2110 ,
1733 2082 1761 2111 et

969 2145 1021 2172 non
1036 2143 1050 2162 a
1065 2133 1188 2161 brevibus
1210 2130 1343 2164 incipere?
1358 2127 1489 2162 Numquid
1512 2124 1608 2156 Paulus
1627 2122 1762 2155 niettdﬂceq

969 2170 1097 2210 Cretenses
1112 2179 1174 2215 (Tit.
1190 2179 1215 2205 1.
1238 2177 1282 2210 12)
1296 2174 1432 2212 appellans
1445 2194 1452 2205 ,
1466 2177 1493 2199 ct
1503 2171 1608 2199 Galatas
1622 2170 1762 2204 insanum;

972 2228 1041 2265 (Gal.
1056 2227 1083 2254 5.
1098 2226 1135 2261 i),
1146 2230 1173 2252 ct
1186 2222 1338 2251 Corinthios
1350 2220 1452 2255 inﬂatos
1465 2218 1489 2254 (t
1498 2238 1504 2244 .
1516 2217 1574 2244 Cor.
1585 2216 1611 2243 5.
1624 2214 1653 2250 2)
1663 2235 1672 2255 η
1684 2219 1763 2248 atque

971 2259 1037 2302 alios
1058 2259 1134 2300 aliter
1148 2292 1156 2305 ,
1173 2271 1214 2298 his
1236 2268 1299 2300 solis
1321 2267 1382 2294 vitia
1407 2264 1566 2292 coudonavrt
1579 2282 1589 2302 ,Ι
1601 2260 1677 2302 quasi
1700 2259 1765 2295 ipsis

972 2321 1036 2349 solis
1051 2318 1289 2355 reprehensionem,
1301 2313 1431 2344 adhibens
1443 2332 1450 2343 ,
1461 2317 1550 2338 nonne
1572 2312 1599 2335 et
1618 2307 1741 2338 omnibus
1754 2306 1765 2331 ?

972 2358 1017 2401 aut
1030 2352 1121 2393 emtira
1137 2371 1197 2391 cum
1214 2362 1347 2396 Romanas
1362 2355 1559 2401 [ideleqﬂiann
1577 2354 1602 2380 Ι.
1619 2352 1646 2387 6)
1662 2356 1737 2383 vocat
1756 2370 1765 2383 ,

972 2395 999 2439 et
1018 2409 1151 2445 Ephesios
1168 2411 1263 2442 ntystas
1277 2395 1767 2440 (Epignmi.18),quibus_etsublimius

974 2440 1225 2490 scribit,etfratrttm
1234 2446 1385 2483 amantes“
1394 2446 1481 2480 Thess.
1498 2446 1525 2473 5.
1543 2444 1586 2479 11)
1600 2440 1769 2476 Thessaloni-

974 2486 1077 2532 censes,
1090 2486 1131 2526 his
1143 2497 1208 2532 solis
1218 2495 1309 2531 laudes
1319 2492 1461 2534 adscripsit
1473 2492 1485 2518 ἰν
1500 2490 1608 2523 Minime
1620 2495 1685 2519 sane
1699 2494 1707 2520 ;
1720 2486 1768 2518 sed

975 2552 1004 2586 ut
1018 2547 1130 2581 Spiritus
1143 2543 1225 2571 sancti
1241 2542 1344 2582 plenus,
1356 2544 1382 2567 et
1395 2538 1523 2573 vituperia
1538 2541 1564 2564 et
1579 2534 1670 2568 laudes
1682 2540 1766 2568 appo-

976 2577 1045 2623 suit,
1060 2596 1089 2623 ut,
1102 2579 1146 2625 qui
1161 2596 1189 2621 se
1203 2579 1279 2622 laudo
1293 2586 1401 2621 dignum
1417 2582 1564 2620 agnoverit,
1578 2579 1674 2621 maiori
1686 2577 1768 2607 animi

977 2617 1118 2668 alacritate
1129 2617 1277 2661 roborctur.
1293 2617 1368 2665 Alius
1379 2617 1444 2657 vero
1452 2626 1581 2662 vituperia
1594 2617 1694 2659 legens,
1706 2622 1769 2648 sub~

980 2683 1096 2716 monitus
1110 2680 1216 2711 doleat,
1231 2682 1258 2704 et
1272 2675 1360 2711 probri
1374 2681 1481 2702 causam
1494 2671 1611 2705 abjiciat.
1624 2668 1680 2695 Non
1692 2666 1771 2700 igitur

978 2728 1026 2756 soli
1041 2714 1140 2755 Galate:
1154 2722 1280 2759 iuseusati
1292 2743 1300 2754 ,
1317 2728 1366 2748 nec
1384 2720 1523 2753 Cretenses
1539 2712 1680 2741 mendaces
1696 2731 1707 2748 ,η
1723 2718 1771 2737 nec

978 2773 1107 2803 Corinthii
1122 2770 1228 2807 superbi
1239 2778 1246 2796 :
1257 2768 1355 2803 ubique
1368 2765 1438 2793 enim
1453 2763 1510 2795 hrcc
1525 2760 1613 2788 omnia
1628 2762 1699 2791 sunt,
1711 2764 1770 2787 cum

980 2829 1033 2849 una
1053 2819 1088 2848 sit
1110 2804 1203 2847 natura
1218 2837 1225 2849 ,
1241 2822 1299 2850 quae
1315 2817 1341 2840 et
1355 2815 1445 2847 peceat
1460 2815 1485 2836 et
1501 2812 1574 2835 recte
1587 2805 1660 2840 agit,
1677 2808 1703 2830 et
1718 2804 1774 2830 sive

983 2870 1034 2897 hoc
1046 2867 1101 2895 sive
1114 2864 1177 2893 illud
1190 2848 1258 2890 inse
1270 2858 1454 2893 sit,voluntate
1469 2862 1524 2882 sua.
1540 2854 1593 2881 lloc
1606 2852 1684 2887 igitur
1696 2848 1774 2875 modo
