3948 6472
476 418 548 476 σγ
1706 390 2073 454 PALLADHI

2182 387 2402 446 Locus
2708 370 2715 381 ’
3683 388 3754 443 es

477 535 531 589 in
580 529 811 588 Ecclesia
841 526 1004 581 libere
1043 518 1359 592 loquebatur
1386 511 1618 573 Joannes
1650 527 1664 565 :
1693 511 1855 565 immo
1881 507 2057 579 potius

473 621 828 680 esurientibus
878 611 1207 687 particbatur
1255 609 1467 666 virtutis
1516 606 1690 661 cibum
1721 643 1735 668 ,
1780 609 2057 672 peccatum

474 711 768 770 manifestis
796 703 1302 778 reprehensionibus
1337 700 1698 756 exterminans
1722 738 1736 761 ,
1768 705 1822 749 et
1848 693 2057 746 obtem-

474 819 669 877 perans
707 800 871 857 Paulo
895 797 1092 854 dicenti
1123 813 1137 850 :
1169 796 1468 850 Peccantem
1498 806 1666 845 ceram
1706 787 1934 843 onmibus
1979 804 2062 839 ar—

477 914 590 971 gue,
616 906 669 950 ut
696 905 738 950 et
764 893 931 949 cazteri
951 892 1176 945 timorem
1198 888 1410 942 habeant
1428 886 1502 957 (Ι.
1528 883 1658 938 Tim.
1680 882 1733 937 5.
1759 879 1873 953 90).
1896 879 2061 971 Porro

478 966 521 1042 si
551 987 639 1056 qui
668 984 931 1055 superbiae
960 990 1054 1036 aut
1074 980 1304 1034 vesanim
1331 976 1517 1031 morbo
1544 973 1867 1031 laborantes,
1894 966 2063 1021 vellat

478 1079 636 1132 etiam
659 1076 957 1145 voluptates
983 1087 1106 1127 snas
1130 1085 1249 1127 cum
1280 1068 1520 1123 laudibus
1542 1064 1754 1128 efferre,
1772 1062 1909 1115 hanc
1937 1073 2070 1112 con-

480 1169 815 1226 suetudinem
839 1182 941 1220 non
965 1165 1161 1219 habent
1177 1162 1270 1217 Dei
1286 1158 1552 1226 scrvi.Qui
1566 1157 1706 1211 enim
1725 1150 2065 1222 indignantur

485 1261 555 1316 ob
583 1264 930 1329 vituperatam
953 1256 1224 1309 avaritiam
1251 1261 1305 1309 et
1334 1248 1757 1311 fornicationem,
1790 1251 1880 1298 aut
1906 1241 2062 1294 aliam

482 1351 728 1421 quamvis
759 1348 950 1404 fmdam
981 1345 1251 1400 libidinem
1278 1384 1293 1407 ,
1326 1341 1458 1396 nihil
1483 1336 1626 1393 aliud
1655 1336 1828 1404 reipsa
1859 1332 2061 1394 dicunt,

482 1455 638 1513 quam
660 1436 957 1508 huiusmodi
982 1434 1336 1503 perniciosum
1370 1431 1513 1483 virus
1540 1426 1736 1481 debere
1763 1423 2064 1477 admittere.

555 1531 682 1586 Car.
719 1543 829 1583 xu.
861 1557 934 1568 —
965 1526 1113 1580 Duc.
1141 1522 1456 1584 Maximam,
1488 1517 1676 1580 Pater,
1723 1513 1894 1568 habeo
1942 1526 2068 1579 gra-

486 1622 613 1676 tiam
661 1618 783 1674 huic
820 1616 885 1671 ad
939 1632 1036 1671 nos
1095 1608 1477 1669 humanissimo
1517 1603 1764 1660 adventui
1811 1612 1942 1657 tuo:
1973 1601 2069 1655 fuit

485 1714 626 1766 enim
652 1710 800 1764 nobis
822 1707 963 1761 utilis
982 1715 1036 1761 et
1059 1703 1323 1765 salutaris,
1341 1710 1499 1769 atque
1517 1697 1638 1750 vita:
1660 1695 2063 1749 monimentum.

483 1802 618 1858 Cum
647 1810 821 1854 autem
859 1806 978 1867 post
1017 1795 1248 1867 prolixus
1287 1791 1469 1846 Iaudes
1499 1787 1812 1843 Theodorus
1838 1785 2070 1854 quievis-

486 1904 588 1961 set,
637 1908 699 1947 ex
741 1887 1073 1943 adstantibus
1114 1883 1303 1953 aliquis
1344 1882 1519 1951 erupit
1561 1879 1614 1933 in
1659 1878 1794 1932 hanc
1837 1891 2018 1930 vocem
2052 1892 2066 1929 :

487 1982 764 2052 Quomodo
809 1980 1005 2049 igitur,
1051 1975 1255 2045 inquit,
1299 1974 1459 2026 tantis
1501 1980 1790 2025 exornatus
1835 1967 2066 2030 dntibus,

487 2074 749 2145 superbus
789 2070 939 2125 erat?
987 2068 1159 2121 Episc.
1215 2065 1295 2118 An
1344 2066 1455 2132 ipse
1498 2073 1736 2129 pratsens
1785 2057 2070 2125 superbum

488 2183 609 2222 eum
637 2160 1051 2232 deprehendisti,
1075 2174 1139 2211 an
1166 2157 1301 2211 alius
1324 2156 1412 2208 tibi
1443 2150 1715 2207 narravit?
1742 2151 1833 2205 Ille
1853 2166 2074 2220 respon-

489 2258 568 2312 dit
597 2273 611 2311 :
641 2251 909 2309 Non'novi
952 2249 1144 2315 virum,
1176 2249 1279 2314 ait;
1322 2245 1414 2301 sed
1454 2244 1628 2299 audivi
1660 2258 1689 2297 a
1715 2242 1943 2313 quodam
1986 2256 2077 2295 co-

490 2347 674 2407 riario,
710 2344 798 2413 qui
841 2341 1090 2395 narrabat
1130 2353 1251 2393 raro
1290 2339 1461 2406 ipsum
1500 2334 1579 2389 sui
1625 2334 1833 2403 copiam
1881 2333 2074 2399 facere,

491 2437 593 2493 nisi
623 2438 675 2490 in
707 2434 954 2496 ecclesia,
978 2441 1032 2486 et
1054 2430 1274 2485 moleste
1297 2428 1436 2483 ferre
1464 2426 1551 2481 diu
1582 2426 1810 2494 colloqui
1834 2439 1953 2479 cum
1976 2439 2073 2477 vo-

491 2527 743 2582 lentibus.
785 2523 897 2579 lloc
928 2536 1057 2577 vero
1083 2521 1352 2590 specimen
1392 2525 1474 2573 est
1512 2515 1773 2586 superbiat
1802 2522 1856 2569 et
1886 2513 2070 2578 fastus,

491 2620 675 2688 fugere
719 2628 1034 2685 congressus
1082 2611 1393 2666 volentium.
1449 2606 1626 2663 Ertsc.
1680 2604 1748 2661 Et
1794 2605 2074 2675 cujusnam

489 2711 627 2765 alius
655 2718 767 2763 erat
790 2705 1008 2761 Joannis
1035 2704 1347 2774 sapientiam
1376 2699 1696 2770 vituperare,
1719 2712 1877 2768 quam
1903 2696 2078 2752 coria-

490 2802 575 2863 rii,
604 2803 692 2871 qui
737 2800 976 2855 fauorem
1018 2795 1246 2850 oflicina:
1287 2809 1399 2848 sua:
1427 2792 1587 2847 veluti
1617 2790 1929 2845 familiarem
1956 2803 2071 2842 am-

492 2890 771 2962 plectitur?
797 2889 850 2943 Si
879 2898 1057 2942 autem
1087 2885 1268 2954 fugere
1298 2882 1500 2947 turbas,
1530 2882 1792 2951 superbia:
1819 2881 2073 2936 indicium

491 2991 595 3047 est,
627 2983 726 3036 erit
747 2990 797 3033 ct
825 2978 1055 3033 Joannes
1084 2977 1313 3046 Baptista
1342 2975 1619 3045 superbus,
1648 2974 1937 3028 secundum
1959 2988 2076 3028 ser-

495 3088 709 3129 monem
737 3080 904 3135 tuntn;
930 3070 1018 3139 qui
1046 3069 1097 3122 in
1128 3082 1365 3123 eremum
1393 3065 1676 3120 sccedebat
1705 3082 1717 3118 :
1742 3066 1844 3119 erit
1869 3073 1924 3119 et
1943 3064 2073 3119 Scr~

495 3176 651 3218 valor
679 3180 693 3217 :
720 3161 974 3230 scriptum
1001 3159 1142 3215 enim
1169 3165 1282 3220 est,
1315 3157 1453 3227 quod
1495 3153 1678 3211 l’idens
1706 3155 1874 3211 turbas
1901 3156 2072 3223 Jesns,

491 3255 715 3310 ascendit
760 3255 812 3308 in
849 3262 1099 3317 montem;
1137 3260 1184 3305 et
1220 3266 1333 3304 cum
1378 3249 1621 3315 sedisset,
1662 3258 1973 3303 accesserunt
2010 3248 2078 3302 ad

492 3365 605 3404 enm
634 3347 865 3417 discipuli
887 3346 997 3416 ejus
1028 3343 1239 3418 (Matth.
1271 3341 1325 3399 5.
1350 3340 1427 3414 1),
1457 3358 1561 3397 non
1585 3350 1759 3397 atttem
1790 3342 1978 3396 turbas.
2011 3341 2078 3397 Et

495 3455 678 3497 rursus
706 3457 720 3494 :
760 3438 944 3492 Videris
963 3437 1153 3502 turbas,
1182 3435 1379 3489 secessit
1410 3452 1633 3489 seorsum
1672 3433 1845 3510 (Ibid.
1872 3434 1925 3491 8.
1953 3436 2073 3508 18).

497 3533 665 3595 Quem
685 3541 784 3599 pro
809 3529 1007 3582 viribus
1024 3526 1235 3580 imitans
1249 3525 1479 3594 optimus
1496 3525 1749 3591 Joannes,
1770 3537 1824 3582 et
1844 3527 1955 3597 ipsc
1973 3536 2078 3582 tur-

498 3620 580 3674 bis
598 3634 655 3673 se
668 3616 1015 3681 subducebat,
1035 3615 1217 3685 eisque
1236 3615 1465 3669 maxime
1479 3615 1861 3683 delectabatur,
1880 3619 1967 3688 qui
1990 3635 2078 3672 ve-

496 3710 690 3765 raciter
734 3706 930 3779 aliquid
973 3707 1180 3763 discere
1223 3707 1436 3762 vellent.
1484 3706 1631 3763 Duc.
1677 3708 1821 3765 Bene
1861 3709 2075 3781 quidem

498 3802 785 3871 Scriptura:
811 3799 1067 3869 exemplis
1095 3800 1398 3868 persuades.
1424 3801 1557 3869 Quid
1585 3812 1759 3858 autem
1781 3803 1845 3857 ad
1872 3802 1973 3859 hoc
1998 3805 2078 3858 di-

498 3907 624 3958 ces,
664 3894 803 3964 quod
851 3894 1264 3949 contumeliosus
1308 3892 1470 3949 fuisse
1509 3894 1733 3961 dicitur,
1768 3912 1867 3952 nec
1904 3898 2074 3951 solum

500 3985 885 4040 multitiulinem
928 3986 1140 4055 fugisse,
1167 3985 1261 4041 sed
1288 3986 1369 4041 vel
1403 4003 1563 4041 unum
1588 3996 1677 4040 aut
1702 3988 1870 4042 duos?
1899 3988 2075 4044 EPISC.

500 4073 642 4129 liene
667 4074 878 4144 quidem
905 4077 1095 4129 :etiani
1120 4090 1257 4128 unus
1283 4075 1481 4130 inutilis
1508 4086 1557 4130 et
1583 4086 1765 4146 agyrta
1790 4078 1938 4131 turba
1964 4089 2075 4144 c5t;

497 4165 664 4234 qualis
699 4172 814 4217 erat
856 4164 900 4217 is
937 4165 1024 4235 qui
1068 4164 1200 4218 dixit
1234 4162 1485 4220 Christo:
1513 4164 1775 4236 Magister,
1804 4183 1984 4239 sequar
2010 4178 2075 4235 te,

497 4270 803 4325 quocmnque
825 4256 942 4310 ieris
976 4254 1080 4329 (Ib.
1117 4255 1274 4312 v.19.
1297 4267 1346 4310 et
1371 4256 1441 4312 20
1462 4255 1501 4328 ).
1529 4255 1715 4311 Nonne
1736 4256 1941 4327 fugiens
1971 4267 2080 4312 tur-

500 4346 593 4399 bas
611 4345 879 4410 Senator,
903 4346 1073 4402 diait:
1104 4345 1288 4419 Vulpes
1318 4350 1487 4419 foveas
1524 4347 1733 4414 habent,
1765 4360 1818 4402 et
1847 4350 2080 4420 reliqua?

502 4435 734 4490 Probare
757 4448 933 4490 autem
965 4437 1092 4491 mihi
1120 4453 1223 4491 non
1253 4446 1425 4509 potes,
1458 4437 1736 4501 Joannem,
1762 4455 1825 4493 ex
1854 4456 1958 4508 quo
1989 4441 2081 4495 ba-

500 4526 726 4597 ptizatus
754 4535 851 4589 est,
885 4535 973 4578 aut
1006 4526 1217 4595 jurasse
1238 4569 1251 4591 ,
1284 4534 1376 4579 aut
1409 4542 1725 4596 quemquam
1769 4529 2040 4598 adjurasse
2061 4572 2077 4597 ,

500 4627 591 4670 aut
621 4615 973 4677 maledixisse,
1005 4626 1094 4670 aut
1116 4617 1415 4681 mentitum,
1446 4626 1536 4669 aut
1567 4618 1908 4685 imprecalum
1937 4635 2078 4687 esse,

506 4719 591 4762 aut
612 4707 828 4762 facetias
849 4708 1193 4762 sustinuisse?
1232 4709 1378 4762 DIAC.
1410 4707 1519 4778 Ego
1546 4708 1756 4779 quidem
1787 4725 1957 4780 neque
1987 4709 2084 4765 ho-

505 4812 620 4855 rum
649 4798 931 4870 quidquam
958 4798 1094 4866 dico,
1135 4798 1226 4855 sed
1261 4798 1609 4853 contumelias
1649 4798 1854 4855 fecisse.
1904 4801 1995 4855 Er.
2038 4801 2082 4856 Ο

503 4892 723 4961 Optime.
751 4890 1034 4960 quomodo,
1063 4891 1150 4961 qui
1177 4890 1304 4945 nihil
1337 4888 1523 4945 horum
1546 4892 1792 4963 patravit,
1816 4903 2083 4950 contume-

503 4980 625 5037 liam
657 4980 897 5047 faciebat,
921 4981 1109 5052 lingum
1137 4995 1248 5036 sua:
1274 4981 1493 5036 minime
1523 4982 1779 5052 parcens?
1821 4983 1913 5038 Est
1940 4985 2081 5040 enim

503 5073 555 5127 in
578 5088 638 5127 re
659 5087 834 5142 parva,
866 5080 923 5127 ut
945 5071 1001 5126 in
1027 5088 1213 5142 magna
1240 5114 1255 5141 ,
1297 5088 1391 5142 par
1429 5084 1724 5144 peccatum.
1758 5076 1906 5130 Diae.
1946 5077 2082 5145 Quid

503 5181 631 5236 ergo
650 5172 751 5228 est,
781 5178 980 5235 qua-so,
1005 5164 1143 5233 quod
1176 5165 1463 5234 loquuntur
1488 5165 1765 5220 homines?
1791 5176 1847 5221 et
1871 5168 2083 5236 quando

507 5256 647 5326 loqui
678 5255 953 5310 desinent?
982 5254 1074 5309 Er.
1111 5255 1188 5311 De
1214 5254 1436 5326 singulis
1474 5256 1632 5326 igitur
1656 5256 1799 5320 audi,
1833 5266 1887 5311 et
1916 5273 2082 5328 nugas

502 5345 801 5415 bujnsmodi
831 5345 939 5400 noli
961 5348 1188 5415 amplius
1212 5347 1360 5416 sequi
1395 5362 1410 5402 :
1440 5347 1637 5401 nullam
1663 5348 1803 5402 enim
1836 5364 2082 5419 umquam

503 5439 708 5493 veniam
749 5439 1075 5512 impetrabis.
1111 5438 1381 5505 llomiues,
1422 5439 1509 5508 qui
1546 5451 1690 5495 recte
1734 5456 1839 5496 non
1878 5442 2080 5509 vivunt,

507 5537 647 5579 recta
669 5529 868 5596 opinari
898 5547 1002 5584 non
1028 5538 1283 5599 possunt;
1314 5545 1526 5601 semper
1547 5539 1745 5587 temere
1761 5533 2083 5601 eli'utieiites,

507 5625 562 5669 et
606 5615 655 5668 in
696 5616 747 5670 id
794 5620 1119 5675 insumentes
1162 5630 1389 5691 lcinpus,
1421 5631 1476 5675 et
1517 5622 1746 5677 maxime
1777 5641 1936 5691 nunc,
1965 5642 2083 5682 cum

507 5705 684 5760 nullus
708 5717 889 5761 contra
914 5710 1199 5779 quidquam
1222 5711 1427 5766 hiscere
1448 5712 1622 5766 audet.
1653 5711 1782 5767 Nam
1810 5726 1861 5770 et
1885 5715 1951 5771 de
1971 5716 2087 5772 Ser-

508 5808 711 5862 vatore,
744 5797 830 5867 qui
864 5799 1004 5853 Deus
1030 5810 1163 5869 erat,
1192 5810 1243 5857 et
1268 5819 1427 5875 supra
1454 5803 1722 5860 hominem
1763 5813 1817 5861 et
1855 5809 2086 5878 prophe-

2162 510 2269 557 tam
2309 501 2551 573 quemvis
2586 499 2797 557 vivebat
2835 508 2996 572 atque
3036 499 3353 571 loquebatur
3394 515 3458 556 ac
3496 498 3755 568 facieb..t,

2161 592 2389 647 absurda
2428 592 2783 662 loquebantur
2806 634 2822 659 ,
2860 606 3144 663 porcorum
3174 593 3341 646 instar
3365 601 3420 646 et
3445 606 3757 647 muscarum

2163 683 2276 737 huic
2319 685 2387 737 de
2427 698 2493 737 eo
2531 693 2906 737 coacervantes
2938 700 2949 737 :
2976 682 3104 737 illud
3151 683 3293 737 enim
3320 698 3381 739 ea
3411 692 3652 751 tempora
3686 697 3764 739 rc-

2161 779 2462 846 quirebant.
2486 776 2587 830 Alii
2617 776 2759 830 enim
2787 775 3058 841 dicebant,
3083 774 3281 845 Decipit
3301 776 3549 828 mundum
3578 774 3757 847 (Joan.

2165 868 2216 920 7.
2263 868 2354 935 l9.)
2382 884 2394 921 :
2423 867 2513 922 alii
2551 883 2694 933 vero,
2723 865 2789 920 In
2825 865 3099 920 Beelzebub
3135 867 3362 936 principe
3390 866 3763 919 dcemoniorum

2165 961 2298 1030 ejicit
2325 960 2573 1014 dcemonia
2595 959 2746 1031 (Luc.
2780 961 2867 1014 11.
2891 956 2975 1014 15.
3012 976 3025 1011 :
3059 959 3170 1024 alii,
3195 958 3328 1013 Ecce
3354 960 3506 1013 homo
3537 970 3698 1013 vorax
3720 968 3764 1012 et

2167 1052 2267 1104 vini
2298 1061 2496 1121 potator
2519 1050 2738 1120 (Matth.
2779 1052 2867 1105 11.
2898 1048 3035 1123 19)ε
3065 1052 3186 1115 alii,
3219 1051 3580 1106 Samaritanus
3607 1060 3679 1104 cst
3719 1060 3764 1105 cl

2168 1142 2471 1194 dwmoninm
2514 1141 2659 1194 habet
2697 1140 2889 1213 (Joan.
2913 1140 2967 1195 8.
2995 1142 3125 1211 48).
3168 1141 3235 1195 Et
3272 1142 3394 1211 quid
3441 1157 3528 1196 me
3572 1143 3768 1195 attinet

2170 1232 2380 1286 illorum
2407 1231 2632 1301 ineptias
2660 1231 2912 1303 colligere
2938 1247 3001 1286 ac
3037 1235 3351 1287 recensere?
3380 1232 3533 1287 Adeo
3565 1244 3624 1287 ut
3650 1234 3765 1302 ipse

2170 1324 2441 1390 Servator,
2472 1324 2570 1377 ista
2592 1326 2788 1389 sciens,
2816 1323 2958 1379 dicat
2983 1325 3238 1394 apostolis
3262 1344 3274 1379 :
3301 1326 3460 1391 Quem
3487 1342 3567 1379 ine
3592 1327 3768 1381 dicunt

2174 1414 2397 1467 Immines
2425 1430 2531 1468 esse
2553 1413 2601 1467 Γ
2602 1415 2743 1468 ilium
2766 1414 2980 1470 hominis
3007 1414 3236 1485 (Matth.
3268 1416 3353 1471 16.
3393 1417 3480 1471 13.
3519 1425 3569 1470 et
3624 1418 3769 1487 ιι>ι

2172 1507 2269 1562 Cui
2312 1507 2634 1577 respondent
2672 1507 2937 1578 discipuli,
2983 1509 3229 1565 meliores
3270 1511 3337 1566 de
3373 1526 3439 1566 eo
3481 1511 3770 1580 opiniones

2172 1599 2506 1655 referentes:
2538 1600 2642 1655 Alii
2682 1602 2883 1671 quidem
2927 1599 3123 1668 Etiam,
3168 1604 3259 1658 alii
3294 1620 3408 1659 vero
3444 1603 3766 1671 Jeremiam,

2174 1692 2265 1745 alii
2320 1690 2572 1746 Joannem
2622 1691 2907 1764 Baptistam
2960 1694 3135 1748 dicunt
3180 1711 3199 1749 :
3247 1695 3769 1765 improbissimorum

2175 1785 2372 1840 scilicet
2415 1800 2692 1841 sermones
2736 1787 3149 1857 supprimentes.
3187 1788 3334 1857 Quos
3375 1804 3563 1844 rursus
3596 1790 3791 1844 inter-.

2175 1884 2364 1946 rogat,
2404 1891 2496 1932 cos
2538 1878 2606 1932 ab
2649 1877 2952 1933 hominibus
2991 1893 3279 1949 segregans
3315 1879 3457 1953 (non
3486 1883 3631 1935 enim
3660 1886 3771 1934 ani-

2177 1968 2315 2038 plins
2337 1976 2489 2021 erant
2514 1977 2691 2023 mente
2714 1978 2767 2023 et
2782 1970 3101 2040 cogitatione
3124 1971 3385 2037 homines,
3405 1971 3497 2025 sed
3524 1971 3614 2025 filii
3641 1964 3766 2026 Dei:

2180 2059 2331 2113 Dedit
2374 2060 2517 2113 enim
2560 2061 2713 2115 nobis
2744 2059 2975 2116 Verbum
3011 2072 3304 2133 potestatem
3337 2064 3471 2132 ﬁlios
3521 2062 3619 2117 Dei
3660 2065 3769 2131 ficri

2179 2148 2374 2223 [Joam
2402 2156 2452 2206 1.
2486 2150 2610 2225 12])
2639 2169 2651 2206 :
2683 2151 2785 2207 Vos
2809 2140 3153 2224 autem'qucm
3182 2171 3260 2208 me
3292 2172 3398 2210 esse
3417 2156 3623 2221 dicitis?
3662 2158 3767 2211 [le-

2178 2245 2444 2314 spondent
2459 2260 2566 2300 non
2581 2262 2786 2310 omnes,
2804 2246 2897 2300 sed
2910 2246 3056 2302 solus
3073 2244 3284 2309 Petrus,
3305 2258 3509 2301 mentes
3528 2249 3765 2302 omnium

2180 2337 2534 2408 interpretans
2559 2358 2573 2393 :
2604 2334 2677 2393 Tu
2693 2355 2744 2393 es
2765 2334 3012 2405 Christus,
3033 2338 3201 2394 Filius
3225 2332 3322 2394 Dei
3356 2340 3473 2395 vivi.
3494 2340 3664 2409 Cujus
3682 2357 3769 2396 re-

2179 2431 2358 2499 sponsi
2399 2431 2770 2485 rectitudinem
2794 2430 3030 2501 probans
3056 2430 3329 2498 Servatur,
3364 2433 3769 2502 pronuntiavit,

2179 2520 2400 2576 dicens:
2436 2518 2512 2575 Tu
2540 2538 2591 2576 es
2631 2519 2846 2586 Petrus,
2875 2532 2920 2576 et
2946 2539 3094 2595 super
3124 2522 3254 2576 hanc
3279 2533 3504 2594 petram,
3536 2522 3639 2578 hoc
3666 2529 3767 2585 est,

2180 2613 2570 2667 eonfessioacm
2589 2611 2743 2677 hanc,
2763 2613 3025 2683 adiﬁcabo
3048 2612 3327 2669 Ecclesium
3344 2626 3526 2678 meam,
3548 2623 3595 2667 et
3611 2625 3769 2682 porta

2179 2702 2371 2773 inferni
2417 2718 2518 2758 non
2552 2704 2891 2774 prtzvalebunt
2919 2705 3154 2759 adversus
3180 2722 3290 2758 eam
3319 2698 3531 2773 (Matth.
3560 2706 3646 2761 16.
3681 2707 3767 2762 15.

2182 2794 2272 2850 16.
2308 2803 2354 2848 et
2394 2795 2515 2866 l8).
2560 2795 2640 2849 Ad
2685 2795 2823 2850 hanc
2876 2795 3036 2865 igitur
3075 2798 3311 2867 regulam
3356 2798 3650 2851 etiamnum
3693 2799 3770 2849 in~

2182 2888 2384 2952 venies,
2415 2901 2520 2940 non
2547 2887 2597 2940 in
2625 2885 2828 2941 Joanne
2853 2888 3044 2951 solum,
3077 2886 3169 2941 sed
3197 2886 3249 2941 in
3277 2887 3524 2941 omnibus
3549 2897 3603 2940 et
3631 2887 3769 2940 vitu-

2182 2979 2330 3049 peria
2358 2989 2413 3033 et
2442 2976 2646 3033 laudes.
2687 2978 2755 3032 Et
2777 2978 2913 3033 sicut
2942 2994 3036 3048 per
3060 2978 3109 3032 id
3141 2979 3396 3044 temporis
3421 2978 3560 3032 male
3584 2978 3768 3047 loque-

2182 3070 2374 3127 bantur
2400 3069 2468 3125 de
2487 3068 2701 3125 Christo
2723 3079 2880 3140 atque
2908 3071 3161 3140 apostolis
3194 3068 3409 3138 Ephesii
3439 3069 3766 3124 clamantes:

2187 3159 2262 3215 Ili
2282 3171 2418 3226 sunt,
2449 3160 2536 3231 qui
2564 3159 2907 3215 subuerterant
2942 3161 3108 3215 orbem
3137 3168 3383 3215 terrarum
3406 3154 3540 3230 (Act.
3575 3161 3662 3214 17.
3688 3159 3764 3230 6),

2183 3268 2323 3308 nunc
2348 3263 2524 3308 autem
2571 3260 2853 3308 cessarunt
2882 3253 3019 3308 male
3060 3253 3233 3323 loqui,
3272 3252 3578 3323 glorificatis
3604 3252 3764 3321 ipsis:

2185 3345 2262 3399 sic
2303 3345 2539 3414 reperies
2583 3353 2703 3414 post
2745 3343 2882 3398 hanc
2927 3345 3362 3415 generationem,
3411 3344 3670 3399 Joannem
3714 3353 3767 3399 ut

2185 3447 2475 3510 martyrem
2506 3438 2822 3491 honoratum
2868 3437 2967 3504 iri,
3009 3437 3233 3491 mortuis
3260 3437 3358 3501 iis,
3400 3436 3489 3506 qui
3515 3437 3631 3507 ejus
3660 3437 3761 3491 lul-

2184 3527 2338 3584 dibus
2380 3528 2642 3583 adversati
2670 3537 2829 3582 sunt:
2861 3536 2913 3582 et
2940 3527 3259 3598 quicumque
3285 3528 3425 3581 suilli
3467 3536 3561 3582 aut
3597 3528 3765 3582 canini

2182 3627 2328 3686 sunt,
2355 3619 2563 3686 dicent,
2592 3618 2790 3689 Decipit
2821 3619 3087 3685 piandum,
3117 3627 3171 3673 et
3193 3628 3383 3675 caztera
3409 3636 3423 3672 :
3453 3620 3768 3689 quicumque

2182 3719 2359 3765 autem
2386 3709 2668 3778 discipuli,
2705 3725 2831 3765 vere
2866 3719 2920 3764 et
2946 3710 3176 3764 scienter
3214 3710 3384 3779 ipsum
3417 3710 3727 3780 perquirunt
3749 3748 3765 3775 ,

2183 3800 2444 3866 dicentes,
2472 3799 2551 3854 Τιι
2572 3817 2623 3855 es
2643 3798 2892 3866 Christus,
2916 3799 3083 3854 Filius
3112 3799 3204 3853 Dei
3234 3800 3350 3855 vivi.
3382 3798 3439 3853 Si
3467 3809 3646 3853 autem
3674 3800 3768 3853 sub

2184 3890 2468 3947 Servatore
2499 3890 2713 3946 Christo
2749 3891 2886 3947 inter
2928 3899 3004 3944 tot
3037 3889 3202 3944 millia
3237 3889 3531 3955 hominum,
3572 3888 3768 3943 duode-

2183 3984 2287 4039 cim
2320 3983 2468 4038 initio
2496 3980 2694 4036 inventi
2735 3990 2892 4047 sunt,
2930 3983 3018 4051 qui
3046 3978 3317 4035 Christum
3351 3980 3583 4035 scienter
3610 3994 3768 4049 agno-

2184 4074 2357 4128 verint
2376 4116 2390 4140 ,
2419 4088 2538 4128 cum
2567 4071 2802 4143 plerique
2826 4087 3014 4127 omnes
3038 4072 3327 4125 etiamnum
3353 4070 3614 4126 delireut:
3646 4069 3767 4139 quid

2184 4165 2251 4220 de
2273 4166 2479 4221 Joanne
2518 4166 2673 4220 anxie
2713 4164 3085 4235 disquirimus,
3117 4163 3360 4225 homine,
3392 4162 3482 4232 qui
3523 4162 3587 4216 ad
3613 4160 3768 4215 Chri-

2185 4259 2252 4313 sti
2282 4258 2500 4313 s:ilivain
2539 4273 2645 4313 non
2684 4257 2928 4313 accessit.
2967 4256 3102 4324 Quid
3145 4266 3322 4310 autem
3359 4256 3508 4320 dico,
3542 4256 3608 4309 ad
3646 4256 3766 4309 sal:-

2186 4349 2343 4403 vam?
2372 4364 2440 4403 ne
2467 4348 2533 4403 ad
2564 4348 2823 4403 ﬁmbriam
2851 4347 3087 4419 quidem,
3133 4346 3331 4402 Omnes
3379 4346 3521 4401 enim
3564 4357 3766 4417 gentes,

2189 4450 2242 4494 ut
2269 4440 2342 4493 ait
2371 4439 2550 4504 Isaias,
2574 4437 2855 4509 Tamquam
2893 4437 3030 4492 stilla
3067 4437 3252 4504 situla,
3282 4448 3329 4493 et
3356 4449 3411 4492 ut
3439 4438 3599 4491 saliva
3624 4454 3769 4507 repu-

2188 4532 2424 4585 tabuntur
2452 4529 2605 4601 (Isai.
2641 4531 2729 4585 40.
2759 4529 2871 4601 15).
2901 4529 3016 4597 Quo
3050 4539 3227 4584 autem
3258 4528 3418 4583 modo
3444 4529 3619 4582 dixisti
3645 4544 3769 4583 con-

2191 4623 2458 4677 tumeliam
2486 4636 2608 4675 cum
2653 4620 2864 4687 fecisse,
2896 4619 3154 4689 ejusmodi
3182 4627 3265 4673 est
3302 4636 3314 4672 :
3348 4618 3520 4689 primo
3558 4619 3768 4689 quidem

2189 4731 2478 4785 numquam
2496 4721 2853 4768 consueverat
2869 4711 3039 4767 cuivis
3064 4711 3220 4766 obvio
3244 4709 3444 4765 facetus
3465 4719 3519 4765 et
3541 4711 3771 4763 urbanus

2188 4820 2327 4871 05se,
2352 4805 2519 4859 multo
2545 4804 2719 4858 minus
2740 4802 3115 4858 contumeliam
3140 4800 3312 4857 laci-re
3345 4818 3357 4854 :
3382 4803 3424 4855 si
3455 4816 3583 4856 vero
3610 4816 3769 4871 quoso

2189 4899 2308 4953 dam
2335 4914 2365 4952 e
2386 4898 2653 4969 germanis
2687 4895 2959 4967 discipulis
2986 4894 3117 4961 suis,
3142 4902 3231 4949 aut
3270 4893 3507 4958 clericis,
3539 4906 3631 4947 aut
3664 4892 3768 4961 cpi.

2189 4989 2385 5059 scopis,
2405 4987 2645 5053 vidisset,
2665 4996 2884 5058 propter
2914 4983 3135 5055 alicujus
3162 4983 3237 5040 rei
3256 4983 3652 5049 abstinentiam,
3685 4992 3770 5036 aut

2194 5093 2407 5152 propter
2424 5090 2627 5135 rectum
2645 5094 2918 5149 corporea:
2945 5076 3167 5147 alicujus
3193 5078 3402 5132 virtutis
3432 5092 3566 5147 opus
3583 5090 3769 5144 super-

2191 5170 2333 5236 hire;
2368 5170 2510 5238 ipsos
2547 5167 2854 5238 objurgans,
2882 5167 3165 5222 contrariis
3207 5165 3511 5220 nominibus
3544 5163 3771 5234 appella-

2191 5261 2278 5315 bat
2307 5278 2321 5314 :
2349 5259 2510 5314 veluti
2556 5275 2705 5329 aqua:
2747 5269 2985 5329 potorem
3028 5258 3318 5319 ebriosum,
3347 5268 3399 5311 et
3431 5257 3556 5311 nihil
3609 5254 3768 5326 possi-

2191 5353 2401 5409 dentem
2436 5348 2665 5405 habendi
2695 5350 2809 5419 plns
2830 5350 3166 5419 cupidum,et
3188 5349 3587 5404 misericordem
3607 5347 3769 5402 furcn‘.

2194 5448 2495 5501 nominans.
2529 5445 2652 5499 llmc
2670 5445 2810 5502 enim
2836 5446 3065 5516 gratiosa
3092 5455 3175 5500 est
3215 5446 3562 5501 institutionis
3609 5446 3767 5499 forma

2193 5555 2316 5609 erga
2340 5555 2494 5595 veros
2515 5539 2825 5608 discipulos,
2855 5554 2950 5608 per
2969 5554 3030 5594 ea
3061 5555 3180 5610 qua:
3201 5555 3306 5593 non
3337 5540 3539 5604 insunt,
3567 5555 3629 5593 ea
3660 5554 3770 5609 quat

2196 5630 2375 5685 insunt
2393 5618 2707 5701 approbare.
2730 5627 2993 5684 Caeterum
3042 5629 3145 5684 hoc
3183 5639 3388 5684 certum
3436 5642 3537 5697 est,
3579 5640 3770 5697 tempe-

2198 5734 2400 5777 rantcm
2428 5721 2823 5776 adolescentem
2853 5721 3018 5791 pluris
3045 5719 3364 5787 :cstimabat,
3397 5737 3552 5791 quam
3583 5723 3765 5774 intent-

2195 5822 2972 5886 perantemscnem,ctscnem
3022 5814 3256 5870 discendi
3298 5814 3569 5886 cupidum,
3617 5827 3761 5886 quant
