3948 6402
543 133 653 195 ,ἢ

560 232 684 368 ὠ

365 232 430 274 Vt"

159 360 212 414 se
601 353 644 368 ν
680 374 683 377 -
1166 354 1253 409 DE
1294 353 1450 410 \‘lTA
1490 355 1550 410 s.
1590 353 1871 411 JOANNIS
1908 355 2401 417 cuursosroan.
3351 374 3419 423 ιη,

166 472 533 526 adolescentem
564 464 856 536 indoctum,
872 476 925 522 et
949 467 1164 522 idiotam
1191 469 1322 525 nihil
1340 470 1722 540 possidentem,

172 579 309 632 quam
329 561 536 616 doctum
563 559 803 629 pecuniae
826 558 1061 621 avidum,
1092 571 1251 630 atque
1281 563 1588 618 smcularem
1619 563 1726 616 vir-

172 663 271 709 tute
299 653 582 725 prmditum,
610 669 771 723 quam
792 652 1108 708 monachum
1137 656 1362 710 inertem
1389 670 1453 710 ac
1471 657 1722 711 otiosum.

172 748 282 815 Qua:
304 745 435 801 forte
445 745 790 800 contumelias
800 754 992 800 vocant
1004 746 1097 815 qui
1114 746 1349 802 honores
1361 755 1660 803 sectantur:
1676 759 1730 801 et

172 837 502 903 quidem,cum
516 835 786 904 Scriptura
799 836 1144 890 contumelias
1155 838 1489 906 aliquatenus
1508 838 1722 902 habeat,

171 930 345 984 Joaane
367 927 575 997 quidem
605 926 816 981 dicente
858 928 921 981 iis
941 969 956 993 ,
985 929 1072 997 qui
1103 929 1170 982 ad
1210 944 1268 983 se
1294 929 1637 994 accedebant,
1670 936 1726 981 ut

171 1023 474 1076 docerentur.
515 1017 780 1071 Genimina
822 1019 1139 1088 viperarum,
1182 1020 1292 1088 quis
1335 1019 1727 1073 robisostendit

171 1118 319 1183 fugere
343 1129 372 1164 a
412 1120 614 1164 uentura
656 1110 733 1163 ira
767 1108 913 1178 (Lac.
948 1111 999 1164 5.
1031 1111 1119 1178 7)?
1148 1121 1202 1163 et
1244 1111 1405 1164 Paulo
1448 1125 1632 1164 rursus
1673 1111 1725 1164 in

172 1205 293 1258 Actis
313 1202 676 1271 Apostolorum
700 1202 909 1257 dicente
930 1202 1161 1271 pontiﬁci
1186 1221 1199 1256 :
1228 1202 1475 1256 Percutiet
1498 1214 1544 1257 te
1564 1202 1723 1267 Dens,

168 1296 311 1363 paries
340 1293 565 1347 dealbale
591 1293 723 1363 (Act.
761 1293 849 1348 Ξῖ».
876 1296 933 1363 5)
959 1313 971 1348 :
1005 1304 1057 1348 et
1086 1295 1295 1349 dicente
1324 1296 1515 1350 alicubi
1544 1296 1727 1351 Serva-

171 1393 265 1437 turc
288 1383 511 1438 Judteis:
544 1383 810 1436 (.‘eneratio
836 1399 991 1451 praua
1023 1392 1069 1437 et
1105 1383 1336 1437 adultera
1358 1385 1557 1453 signum
1590 1401 1726 1454 qutu-

170 1474 221 1525 rit
244 1471 435 1544 (illailla.
466 1474 550 1527 l2.
578 1474 666 1542 59)
696 1490 708 1525 :
740 1483 791 1526 ct
817 1474 940 1528 alibi
966 1476 1169 1528 cunctis
1189 1474 1441 1543 apostolis
1468 1493 1481 1528 ;
1518 1474 1561 1528 0
1584 1476 1727 1528 stulti

167 1573 206 1615 et
226 1562 344 1616 tardi
370 1563 516 1617 corde
542 1563 694 1632 (Luc.
727 1563 817 1617 24.
849 1562 939 1636 ‘25)
966 1582 978 1618 :
1006 1574 1058 1619 et
1086 1565 1210 1618 alibi
1241 1562 1723 1619 PetrutnSatanam

171 1655 478 1710 continente:
516 1652 657 1709 Vade
682 1665 795 1724 post
826 1654 1147 1720 me,Satana,
1170 1656 1406 1719 quoniam
1426 1655 1723 1709 scandalum

170 1745 272 1799 mihi
289 1763 337 1800 es
359 1745 549 1816 (Matth
595 1747 682 1800 16.
709 1746 800 1818 9.5)
830 1763 844 1799 :
870 1761 988 1800 cum
1014 1746 1156 1800 nulla
1181 1746 1357 1814 gravis
1377 1762 1531 1800 causa
1557 1755 1721 1812 esset,

168 1837 227 1890 ob
250 1852 391 1906 quam
421 1837 502 1891 ha:
529 1838 868 1892 contumelia:
904 1835 1114 1891 tierent.
1143 1836 1319 1906 Itaque
1347 1852 1467 1890 cum
1512 1835 1725 1890 silentio

169 1929 378 1982 discendi
405 1929 729 1983 desiderium
758 1927 1164 1997 amplectamur,
1193 1931 1280 1999 qui
1307 1942 1411 1982 non
1440 1941 1726 1998 possumus

171 2020 400 2087 spiritales
426 2020 737 2089 dijudicarc.
765 2018 947 2091 Neque
983 2023 1124 2074 enim
1162 2020 1285 2074 odio
1311 2020 1566 2075 habentes
1596 2034 1727 2075 con-

172 2111 379 2165 tumelias
421 2110 654 2175 faciunt,
697 2126 867 2181 neque
910 2108 1073 2164 inﬂati
1117 2110 1459 2164 solitudinem
1501 2118 1722 2165 sectan-

169 2210 258 2267 tur,
284 2202 444 2254 ontnia
489 2201 643 2255 utilia
683 2216 747 2256 ex
787 2200 1009 2255 caritate
1047 2200 1320 2254 facientes.
1362 2199 1529 2269 llujus
1567 2201 1726 2270 igitur

171 2292 235 2345 tei
269 2293 420 2362 gratia
460 2295 624 2347 etiam
668 2292 740 2357 ii,
799 2293 887 2361 qui
932 2293 984 2345 in
1030 2293 1195 2346 sacris
1234 2290 1524 2360 Scripturis
1571 2291 1726 2359 probi

170 2392 217 2435 et
246 2383 448 2438 studiosi
488 2383 647 2438 nobis
698 2382 846 2437 relati
896 2390 1055 2448 sunt,
1098 2380 1431 2436 indoctorum
1482 2394 1727 2450 congres-

167 2487 267 2527 sum
290 2473 474 2545 fugisse
502 2484 560 2529 et
588 2473 880 2528 det-linaSse
920 2462 1275 2538 inveniuntur,
1306 2489 1372 2528 ne
1405 2472 1554 2541 lapsu
1594 2482 1727 2527 tem-

170 2565 292 2632 poris
326 2565 390 2619 ob
422 2580 539 2620 eam
573 2563 1009 2619 consuetudinem
1040 2574 1129 2618 aut
1158 2563 1356 2634 aliquid
1384 2563 1593 2618 virtutis
1626 2563 1723 2618 de-

169 2656 443 2724 perderent,
484 2665 580 2712 aut
628 2658 896 2726 quidpiam
944 2672 1128 2711 eorum
1167 2656 1523 2727 improbitatis
1568 2657 1622 2711 in
1666 2670 1727 2712 se

168 2750 476 2807 attralterenz.
505 2750 670 2806 Sarra
704 2753 799 2819 prii
822 2767 850 2805 r
894 2758 1141 2819 precatur
1166 2752 1337 2806 virum
1381 2766 1534 2806 suum
1562 2753 1726 2807 Abra-

170 2837 384 2905 hamum,
436 2851 492 2896 ut
557 2841 725 2895 lilium
782 2842 988 2896 ancilla:
1039 2843 1214 2898 adhuc
1267 2843 1722 2900 adolescentulum

167 2932 400 2985 communi
424 2933 539 2988 lare
570 2942 781 2987 arceret
809 2951 823 2985 :
857 2933 1131 3004 indignum
1165 2935 1308 2989 enim
1341 2934 1593 3004 putabat,
1633 2937 1725 3007 qui

168 3035 269 3075 eum
298 3021 397 3077 lilio
430 3039 528 3080 suo
572 3023 754 3079 Isaaco
780 3024 1022 3091 luderet,
1067 3042 1133 3081 ne
1174 3026 1309 3082 forte
1350 3029 1548 3083 mutuis
1576 3027 1726 3084 oble-

166 3115 413 3168 ctamentis
440 3116 492 3169 in
519 3114 645 3184 ejus
673 3131 849 3171 mores
877 3131 939 3171 ac
966 3117 1135 3171 studia
1161 3120 1538 3174 attraheretur.
1562 3119 1727 3175 Jacob

167 3215 275 3257 vero
296 3214 345 3259 et
377 3206 487 3274 ipse
516 3206 645 3277 fuga
670 3207 895 3263 salutem
940 3209 1151 3278 quaerit,
1196 3210 1247 3263 in
1292 3210 1726 3279 Mesopotamiam

168 3295 621 3365 peregrinationem
644 3297 965 3368 suscipiens.
998 3299 1063 3352 Et
1088 3298 1189 3353 Lot
1217 3300 1283 3354 ab
1308 3300 1510 3369 angelis
1538 3300 1730 3354 suade-

168 3392 238 3438 tur
262 3387 545 3459 demigrare
575 3388 644 3443 ab
673 3390 849 3459 impiis
890 3389 1197 3445 Sodomitis.
1246 3389 1351 3447 Sed
1398 3401 1453 3447 et
1494 3391 1725 3466 Moyses,

169 3488 212 3531 ut
230 3480 360 3547 prius
384 3481 519 3548 dixi,
553 3498 781 3553 magnus
800 3485 887 3553 qui
921 3483 1037 3546 fuit.
1084 3494 1137 3539 et
1164 3484 1305 3540 filius
1341 3485 1462 3541 filiae
1493 3487 1729 3542 Pharao-

167 3568 236 3622 nis
252 3570 343 3624 dici
374 3573 661 3640 recusavit,
685 3585 951 3636 monetur,
973 3585 1030 3629 ut
1053 3575 1267 3630 secedat
1291 3591 1320 3630 a
1344 3586 1569 3648 tyranno
1588 3579 1729 3646 ejus-

163 3673 251 3726 que
276 3664 565 3728 satellibus,
601 3674 655 3719 et
682 3664 966 3730 excitatur,
996 3676 1052 3720 ut
1078 3667 1177 3721 sibi
1208 3671 1607 3725 consentientes
1639 3686 1729 3725 se-

162 3765 264 3804 cum
288 3754 526 3824 abducat,
557 3768 614 3811 et
641 3756 711 3810 de
736 3757 880 3812 exitu
908 3759 1123 3827 cogitet.
1144 3758 1255 3815 lmo
1275 3760 1435 3816 etiam
1457 3762 1730 3832 prophetae

164 3841 496 3911 improborum
524 3847 919 3903 multitudinem
947 3851 1231 3916 evitantes,
1264 3851 1316 3904 in
1344 3851 1569 3907 desertis
1595 3853 1732 3908 locis

162 3937 334 4001 smptus
351 3937 620 4005 vixerunt,
645 3937 713 3992 de
728 3937 928 4008 quibus
942 3939 1228 4008 Apostolus
1252 3944 1327 3995 ait
1351 3957 1365 3993 :
1391 3940 1419 3995 Ι
1426 3959 1457 3995 η
1491 3943 1730 3997 solitudi-

161 4022 287 4079 nibus
302 4036 542 4093 errantes,
579 4028 631 4081 in
654 4027 906 4082 montibus
930 4039 976 4082 et
995 4030 1268 4098 speluncis,
1297 4040 1446 4102 atque
1468 4033 1521 4085 in
1560 4050 1731 4087 caver-

160 4114 380 4171 nisterra:
400 4117 558 4189 (Heb.
590 4119 675 4183 ll,
704 4118 818 4189 38),
842 4119 912 4172 ob
935 4120 1217 4189 impiorum
1247 4121 1451 4177 scilicet
1470 4123 1730 4177 commix-

160 4204 335 4262 tionem
363 4226 377 4262 :
403 4208 644 4281 alioquin
671 4211 1094 4280 scientes,quam
1125 4210 1280 4267 facile
1311 4214 1478 4281 possit
1497 4228 1729 4270 consue-

160 4296 269 4352 tudo
295 4298 495 4367 fallere,
525 4309 583 4355 et
610 4300 766 4355 simul
795 4312 1175 4358 conversantes
1210 4303 1261 4357 in
1290 4303 1478 4358 eadem
1521 4315 1729 4373 pertra-

158 4387 291 4447 here.
324 4393 506 4465 Neque
532 4393 589 4449 id
616 4394 809 4459 modo;
838 4409 1027 4450 verum
1065 4395 1189 4465 quia
1221 4397 1333 4465 ipse
1364 4411 1460 4466 per
1501 4411 1559 4450 se
1605 4412 1732 4452 con-

157 4496 351 4547 gressus
367 4484 739 4555 vituperabilis
758 4496 842 4540 est
879 4493 1039 4554 atque
1059 4486 1334 4549 exitiosus,
1354 4496 1609 4557 praeterea
1639 4504 1733 4542 au-

160 4583 252 4630 tem
291 4585 346 4632 et
383 4581 574 4650 turpis.
602 4578 715 4633 Non
746 4580 886 4633 enim
909 4594 939 4633 a
966 4588 1152 4634 natura
1176 4580 1353 4646 habet,
1378 4580 1428 4634 id
1459 4581 1597 4650 quod
1625 4596 1731 4636 non

157 4667 391 4737 oblectat,
420 4672 712 4735 sustinere,
745 4673 853 4724 imo
879 4686 947 4725 ne
975 4670 1057 4725 vel
1107 4671 1375 4726 modicum
1430 4672 1502 4726 illi
1551 4672 1734 4728 immo-

159 4759 250 4813 rari
281 4777 295 4813 :
328 4778 447 4816 nam
478 4763 658 4817 simile
678 4763 841 4816 simili
865 4777 1079 4831 semper
1102 4778 1283 4818 carum
1311 4770 1488 4829 est,ut
1516 4763 1727 4819 dicitur:

161 4847 306 4905 Omne
322 4852 513 4907 animal
525 4853 690 4907 simile
701 4853 864 4923 diligit
877 4851 1100 4923 (Eccli.l
1112 4853 1285 4923 3.19);
1299 4853 1542 4907 dissimili
1557 4862 1731 4908 autem

160 4939 410 4999 inimicum
436 4955 542 5012 est,
559 4952 717 5014 atque
736 4945 990 4999 alienum.
1014 4943 1144 5009 Quis
1157 4946 1298 4999 enim
1317 4959 1566 5014 umquam
1592 4945 1736 4999 indu-

157 5042 231 5086 cet
247 5037 691 5107 colutnbam,qu:c
707 5052 871 5107 grana
892 5037 1036 5108 legit,
1050 5046 1142 5090 aut
1158 5037 1591 5106 turturem,pasci
1612 5053 1732 5092 cum

157 5122 318 5181 milvis
334 5137 425 5180 aut
439 5127 624 5181 corvis
635 5128 949 5192 carnivorts,
962 5135 1055 5181 aut
1068 5126 1413 5182 herbivorum
1429 5142 1669 5183 anserem
1683 5139 1736 5183 et

156 5228 322 5281 gruem
350 5234 469 5271 cum
497 5217 795 5272 vulturibus
825 5219 1024 5273 ossium
1069 5217 1349 5273 voracibus
1378 5219 1690 5287 congregari
1714 5220 1736 5270 ?

157 5303 273 5371 Qute
295 5308 435 5363 enim
464 5309 696 5365 societas
728 5310 830 5364 luci
852 5309 917 5367 ad
943 5309 1214 5375 tenebras,
1239 5317 1331 5362 aut
1354 5309 1531 5363 virtuti
1558 5310 1622 5362 ad
1652 5311 1732 5362 vi-

159 5398 305 5461 tium.
332 5410 385 5453 et
412 5401 602 5470 probis
626 5400 692 5454 ad
722 5388 1030 5469 improbos?
1061 5401 1212 5455 Duc.
1254 5400 1531 5468 Quomodo
1577 5400 1734 5469 igitur

158 5481 610 5552 Apostolusdicit:
646 5489 987 5545 Factussnm
1027 5490 1257 5545 omnibus
1300 5490 1507 5553 omnia;
1534 5488 1733 5543 Judccis

160 5588 396 5633 tantum»:
430 5581 654 5635 Iudaeus
676 5624 691 5649 ,
720 5592 773 5635 ut
810 5582 1024 5636 Juda'os
1081 5583 1469 5650 lucrifacerem;
1516 5581 1732 5649 in/irmis

160 5677 396 5740 utinquam
426 5672 683 5741 inﬁrmus,
707 5682 759 5727 ut
780 5675 1127 5743 lucrifacerem
1147 5673 1408 5740 inﬁrmas;
1434 5673 1500 5724 iis
1515 5672 1600 5740 qui
1626 5673 1732 5724 sine

162 5765 255 5828 tege
288 5773 450 5827 erant,
481 5772 737 5830 tamquam
767 5764 808 5814 si
837 5764 943 5815 sine
971 5764 1077 5832 lege
1103 5778 1279 5825 essent,
1304 5770 1355 5814 ut
1383 5761 1732 5829 lnrrifarerem

1838 487 1941 539 eos,
1971 474 2057 542 qui
2079 474 2189 528 sine
2215 475 2324 545 lege
2361 487 2503 529 erant
2528 478 2605 545 (Ι.
2647 479 2762 532 Cor.
2795 481 2845 535 9.
2869 482 2956 537 20.
2980 483 3113 541 ﬁll?
3157 487 3246 539 l-Ie.
3279 487 3417 540 istud

1836 569 2221 627 testimonium,
2240 581 2273 619 0
2304 567 2535 621 virorum
2564 571 2782 641 optime,
2809 573 2936 628 nihil
2963 574 3028 628 ad
3059 592 3121 628 ea
3144 593 3260 643 quae
3279 577 3420 632 dicta

1837 661 1994 719 sunt,
2023 655 2248 709 confert.
2288 657 2402 710 Non
2458 660 2598 712 enim
2642 661 2834 716 Paulus
2872 665 3038 729 dixit,
3063 666 3256 722 Factus
3300 683 3417 722 smn

1838 744 2227 813 negligentibus
2258 748 2527 817 negligens
2544 789 2560 815 ,
2583 761 2672 804 aut
2693 753 2917 820 garrulis
2942 757 3184 823 garrulus
3203 798 3219 823 ,
3247 759 3422 813 avaris

1837 849 2048 900 avarus,
2077 846 2167 890 aut
2212 839 2335 906 quid
2368 840 2708 908 hujusmodi;
2743 843 2834 897 sed
2855 884 2870 907 ,
2902 844 3097 901 Factus
3137 862 3253 901 sum
3278 859 3422 902 tam-

1837 942 1997 991 quam
2023 926 2124 981 hoc
2152 928 2233 982 vel
2285 929 2449 998 illud,
2488 946 2595 986 non
2639 932 2738 986 hoc
2762 933 3108 1001 :illtnlenim,
3142 937 3422 1007 Tamquam

1838 1015 1958 1080 hoc,
1986 1032 2091 1071 non
2122 1018 2263 1072 idem
2294 1030 2375 1074 est
2395 1063 2409 1086 ,
2433 1037 2496 1076 ac
2525 1022 2646 1077 hoc.
2679 1024 2805 1078 Tale
2844 1036 3019 1081 autem
3049 1038 3159 1095 est,
3187 1031 3325 1100 quod
3353 1032 3423 1084 ah

1838 1110 2188 1178 Apostolotit,
2205 1123 2296 1165 aut
2319 1112 2512 1167 dicitur
2535 1131 2547 1167 :
2575 1115 2726 1184 cujus
2754 1116 3163 1185 condesccnsus,
3187 1120 3285 1174 etsi
3312 1135 3418 1175 non

1830 1214 2083 1268 magnum
2109 1203 2523 1259 emolumentum
2548 1206 2598 1259 in
2624 1222 2683 1261 se
2709 1206 2975 1272 habebat,
3004 1210 3203 1263 nullmn
3232 1211 3418 1265 saltem

1835 1289 2096 1344 inferebat
2119 1292 2518 1348 detrimentum.
2555 1295 2745 1351 Factus
2773 1298 2904 1351 enim
2933 1315 3043 1352 sum
3066 1298 3263 1353 Judwis
3286 1308 3421 1354 tam-

1830 1396 1984 1449 quam
2025 1382 2277 1449 Judams,
2326 1384 2610 1442 utJudwos
2646 1389 3010 1460 lucrifacercm.
3044 1391 3250 1445 Etenim
3297 1406 3418 1446 cum

1832 1488 1899 1528 ex
1926 1473 2124 1530 Judtcis
2162 1487 2335 1539 esset,
2376 1480 2723 1535 circumcisus
2770 1492 2922 1537 erat:
2954 1483 3220 1553 quomodo
3265 1483 3423 1553 igitur

1834 1564 1995 1631 dicit,
2027 1564 2309 1637 Tamquam
2341 1567 2589 1636 Judazus,
2619 1581 2673 1626 et
2713 1572 3103 1635 nou,Jud-.eus?
3127 1572 3238 1629 Una
3276 1576 3418 1628 enim

1835 1659 2112 1713 sabbatum
2137 1661 2415 1715 celebrans
2443 1671 2498 1716 et
2533 1679 2634 1716 una
2666 1664 2914 1733 jejunans
2954 1667 3148 1739 smpins
3183 1667 3420 1720 invenie-

1833 1749 2007 1815 batur,
2057 1766 2161 1804 non
2220 1760 2397 1806 tamen
2436 1753 2637 1807 violans
2665 1763 2929 1823 prmcepta
2971 1755 3315 1810 Servatoris:
3362 1766 3421 1810 ttt

1830 1843 2209 1898 consuetudine
2234 1858 2354 1897 cum
2380 1844 2460 1899 eis
2487 1853 2540 1899 et
2565 1847 2818 1899 comitatu
2844 1846 2927 1898 ad‘
2945 1844 3311 1914 perfectiorem
3330 1860 3421 1900 eo-

1830 1933 2118 2002 gnitionem
2155 1949 2249 1988 eos
2286 1935 2579 1989 attraheret
2607 1951 2619 1988 :
2647 1936 2786 1989 sicut
2822 1935 3011 1990 medici
3055 1934 3286 1999 faciunt,
3328 1938 3416 2004 qni

1832 2022 1991 2091 aegris
2020 2036 2125 2075 non
2152 2038 2364 2092 semper
2387 2025 2614 2090 adsunt,
2648 2040 2747 2080 nec
2769 2025 2957 2080 eodem
2979 2041 3082 2096 quo
3112 2027 3209 2097 ipsi
3232 2027 3420 2081 inorbo

1830 2111 2074 2168 laborant
2098 2153 2114 2178 ,
2146 2130 2320 2184 neque
2347 2115 2532 2171 iisdem
2560 2117 2971 2186 appetitionibns
2993 2119 3277 2187 agitantur.
3307 2118 3421 2174 Hoc

1831 2204 1974 2257 enim
2004 2204 2125 2257 vita:
2148 2205 2445 2261 institutum
2475 2207 2730 2276 magistro
2753 2207 3033 2272 convenit,
3066 2218 3273 2277 tempus
3299 2224 3420 2264 cum

1832 2294 2168 2350 multitudine
2210 2311 2314 2351 non
2368 2307 2556 2363 terere,
2596 2296 2692 2353 sed
2737 2298 2911 2367 quiete
2938 2306 2994 2350 et
3041 2299 3263 2352 sollicite
3294 2314 3419 2370 per-

1830 2384 2043 2452 quirere
2084 2386 2282 2439 variam
2337 2403 2543 2441 morum
2593 2397 2751 2457 atque
2796 2388 3123 2456 ingeniorum
3168 2388 3414 2445 dilferen-

1833 2473 1999 2539 tiam,
2059 2475 2194 2529 sicut
2244 2477 2398 2544 periti
2453 2477 2639 2531 medici
2705 2477 2924 2533 faciunt.
2980 2479 3109 2532 Nam
3160 2480 3231 2533 illi
3276 2495 3420 2549 saepe

1830 2564 1981 2621 libris
2043 2566 2420 2635 imntorantes,
2466 2570 2775 2625 morborum
2834 2587 3022 2626 causas
3081 2572 3416 2641 praedicunt,

1830 2664 1885 2711 et
1928 2657 2163 2712 remedia
2219 2659 2450 2725 tradunt,
2489 2669 2694 2715 tantum
2743 2676 2863 2716 cum
2907 2661 3064 2730 aegris
3103 2673 3415 2728 versantes,

1832 2754 2087 2818 quantum
2119 2748 2316 2803 sufﬁcit
2334 2749 2399 2804 ad
2426 2750 2795 2805 inveniemlam
2824 2765 3036 2805 causam
3065 2752 3255 2817 morbi,
3281 2765 3332 2807 et
3352 2755 3419 2808 ad

1832 2838 2124 2894 remedium
2160 2839 2517 2895 adhibendum
2542 2882 2557 2907 ,
2591 2856 2692 2895 nec
2725 2856 2844 2894 cum
2881 2841 3008 2909 ipsis
3037 2840 3276 2896 ludentes
3319 2857 3420 2897 nec

1831 2930 2173 2999 prandentes.
2206 2931 2331 2987 llaec
2359 2933 2499 2988 enim
2530 2931 2748 2986 medicae
2779 2932 2987 2986 virtutis
3028 2932 3283 3001 professio
3314 2947 3419 2988 non

1831 3031 1934 3085 est,
1951 3036 2072 3076 cum
2089 3021 2240 3091 tegris
2253 3023 2525 3078 convivari
2541 3032 2632 3078 aut
2660 3023 2860 3088 ludere,
2885 3024 2976 3078 sed
2989 3033 3332 3095 aegrotantem
3351 3025 3421 3080 ad

1831 3109 2111 3166 sanitatem
2140 3112 2414 3166 reducere.
2432 3114 2622 3168 Desine
2644 3114 2822 3183 igitur,
2841 3129 3043 3184 qureso,
3071 3125 3126 3170 et
3152 3115 3220 3169 de
3250 3116 3331 3171 his
3352 3130 3422 3171 ne

1832 3201 2061 3270 amplius
2079 3201 2315 3272 disquire
2332 3244 2346 3264 ,
2374 3217 2494 3258 cum
2522 3203 2694 3256 virtus
2730 3219 3018 3275 numquam
3044 3206 3282 3260 vincatur
3308 3212 3421 3261 oris

1831 3293 2049 3348 ell'renis
2079 3292 2353 3351 hominum
2380 3294 2683 3366 vituperiis;
2717 3297 2809 3351 scd
2856 3296 3032 3367 potius
3074 3296 3200 3350 mihi
3238 3298 3420 3363 crede,

1832 3394 1886 3441 et
1924 3386 2140 3441 auribus
2191 3387 2293 3440 tuis
2342 3389 2597 3442 ostiarum
2642 3387 2944 3456 prtestitue,
2984 3395 3043 3441 ut
3090 3402 3159 3442 ne
3204 3376 3419 3444 omnem

1833 3491 2133 3532 sermonem
2182 3477 2495 3542 admittant,
2540 3487 2699 3547 atque
2747 3477 2881 3531 intra
2938 3476 3205 3546 penetrale
3256 3478 3421 3533 susci.

1836 3566 2002 3636 piant,
2030 3567 2120 3637 qui
2152 3577 2383 3622 mentem
2413 3576 2556 3621 tuam
2583 3567 2874 3636 perturbet.
2902 3568 2966 3621 Et
2995 3566 3123 3621 mihi
3154 3570 3423 3635 permitte,

1835 3672 1895 3712 ea
1917 3674 2036 3728 qua:
2058 3657 2180 3712 huic
2202 3659 2491 3713 narrationi
2510 3658 2705 3714 desunt
2724 3658 3016 3730 adimplere
3037 3677 3048 3712 :
3068 3658 3258 3713 festino
3280 3659 3421 3714 enim

1836 3749 1939 3804 iter
1957 3764 2133 3804 meum
2156 3748 2435 3819 perlicere.
2464 3749 2615 3804 Tunc
2644 3748 2955 3803 Theodorus
2976 3750 3173 3818 inquit:
3196 3749 3421 3806 Ubinam

1835 3856 1962 3897 sunt
1985 3843 2217 3912 episcopi
2243 3883 2259 3908 ,
2290 3841 2380 3913 qui
2405 3857 2527 3896 cum
2550 3842 2746 3897 nostris
2777 3841 2921 3895 missi
2953 3849 3105 3905 sunt,
3136 3841 3382 3913 Eulysius
3403 3881 3421 3910 ,

1838 3933 2125 3999 Palladius,
2143 3932 2396 4003 (Syriacus
2421 3940 2479 3987 et
2497 3932 2841 3987 Demetrius?
2865 3932 3092 3985 obscure
3116 3932 3310 4001 quippe
3327 3948 3420 3988 au-

1836 4022 2064 4078 divimus
2081 4024 2133 4077 in
2159 4024 2402 4078 exsilium
2425 4023 2616 4077 missos
2643 4037 2783 4077 esse.
2810 4023 2985 4077 Ertsc.
3017 4021 3072 4075 Si
3093 4022 3267 4092 priora
3290 4022 3375 4074 illa
3396 4063 3410 4087 ,

1841 4130 1960 4184 qua:
1980 4130 2010 4168 a
2028 4116 2181 4168 nobis
2195 4114 2407 4168 audiisti
2420 4114 2489 4168 de
2510 4114 2663 4168 beato
2676 4114 3048 4177 Joanne,clara
3065 4123 3112 4168 et
3132 4114 3411 4171 manifesta

1840 4208 1933 4261 tibi
1952 4206 2243 4273 sunt,nihil
2276 4206 2521 4259 habentia
2543 4205 2824 4269 mendacii,
2845 4216 3002 4273 atque
3032 4206 3075 4258 si
3103 4219 3288 4258 eorum
3313 4221 3417 4259 tne-

1837 4297 2035 4352 ministi
2061 4335 2077 4363 ,
2109 4297 2339 4351 narrabo
2368 4296 2525 4350 etiam
2550 4310 2642 4358 ea,
2668 4295 2734 4350 de
2767 4295 2958 4364 quibus
2986 4310 3072 4350 me
3102 4297 3418 4368 interrogas.

1909 4388 2039 4442 Car.
2070 4403 2158 4442 xx.
2186 4417 2258 4428 --
2283 4388 2429 4443 Dtac.
2466 4387 2540 4442 lta
2566 4386 2779 4442 abunde
2804 4401 3088 4457 persuasus
3120 4402 3262 4455 sum,
3289 4398 3422 4444 tam-

1839 4495 1995 4549 quam
2015 4480 2057 4534 si
2073 4495 2306 4549 prteseos
2324 4482 2453 4535 locis
2474 4481 2602 4549 ipsis
2621 4480 2928 4534 adfuissem.
2945 4480 3225 4538 Sufﬁciens
3242 4492 3418 4538 autem

1842 4588 1974 4627 mete
1998 4575 2358 4643 persuasionis
2386 4573 2639 4628 indicium
2666 4574 2757 4628 tibi
2782 4573 2852 4627 sit
2880 4574 3103 4628 attentio
3131 4573 3194 4628 ad
3218 4590 3278 4629 ea
3304 4591 3420 4645 qua:

1838 4665 1977 4721 dicta
2001 4674 2144 4729 sunt,
2166 4681 2392 4737 quorum
2422 4667 2593 4721 adhuc
2615 4668 2831 4722 auribus
2852 4665 3183 4722 insonantem
3219 4685 3421 4723 memn.

1831 4746 1972 4810 riam
2002 4757 2203 4811 habens
2229 4797 2242 4819 ,
2272 4756 2406 4812 forte
2434 4757 2633 4825 scripto
2658 4772 2718 4812 ea
2742 4757 3006 4811 mandabo
3037 4758 3087 4812 in
3115 4758 3421 4814 membrana

1840 4850 2036 4918 optima
2059 4858 2357 4904 atramento
2391 4848 2677 4918 descripta.
2708 4850 2773 4903 ad
2804 4851 3113 4903 memoriam
3144 4850 3419 4905 hominum

1840 4941 2012 4995 a:tatis
2032 4950 2250 5005 nostrae,
2273 4952 2429 5009 atque
2446 4940 2723 4995 utilitatem
2748 4955 2933 4995 eorum
2951 4941 3038 5010 qui
3059 4942 3419 5010 episcopatum

1839 5031 2175 5095 desiderant;
2203 5041 2260 5085 ut
2278 5032 2382 5086 sint
2412 5030 2705 5086 secundum
2732 5032 2944 5086 beatum
2966 5032 3224 5087 Joannem
3252 5044 3307 5088 et
3329 5049 3422 5089 eos

1842 5120 1997 5191 hujus
2040 5121 2313 5190 temporis,
2364 5121 2453 5191 qni
2507 5135 2603 5190 pro
2657 5123 2883 5176 veritate
2926 5133 3218 5194 martyrum
3276 5123 3417 5177 viam

1850 5212 2071 5266 aemulati
2115 5220 2259 5275 sunt,
2314 5222 2404 5265 aut
2450 5211 2704 5266 desinant
2746 5226 2883 5268 onus
2925 5227 3086 5283 Supra
3113 5213 3255 5268 vires
3295 5228 3419 5265 suas

1843 5313 2072 5369 portare,
2115 5303 2300 5357 laicam
2346 5311 2400 5357 ct
2430 5302 2652 5371 periculi
2693 5312 2968 5373 expertem
3018 5303 3177 5356 vitam
3217 5302 3419 5371 amplo-

1840 5404 2064 5449 ttentes.
2094 5394 2316 5448 Prtestat
2332 5396 2471 5449 enim
2496 5394 2634 5464 apud
2653 5397 2850 5464 peritos
2873 5394 3274 5464 gubernatores,
3294 5395 3420 5450 dato

1843 5484 2000 5539 naulo
2025 5495 2266 5551 vectores
2290 5486 2468 5542 salvos
2490 5488 2741 5552 evadere,
2763 5501 2922 5555 quam
2948 5484 3321 5554 gubernatoris
3334 5488 3419 5542 lo-

1842 5592 1960 5630 cum
1987 5582 2258 5631 sumentes
2276 5617 2291 5641 ,
2321 5593 2508 5632 navem
2534 5592 2657 5630 cum
2694 5574 2957 5630 mercibus
2981 5575 3257 5646 naufragio
3296 5592 3418 5647 per-

1842 5668 1991 5722 dere.
2024 5668 2116 5722 His
2142 5668 2300 5739 igitur
2334 5669 2401 5724 de
2433 5670 2587 5723 beato
2608 5668 2814 5722 Joanne
2842 5668 3119 5736 expositis,
3150 5671 3419 5739 quomodo

1843 5761 2163 5815 severiorem
2195 5760 2353 5814 vitam
2381 5757 2697 5821 exercuerit,
2724 5766 2777 5810 et
2797 5758 3068 5826 quomodo
3090 5759 3141 5813 in
3171 5757 3425 5815 Ecclesiis
