3948 6422
518 377 566 434 i'i
1785 373 1865 428 PA
1875 368 2078 430 LLADI

2189 372 2480 433 IALOGUS
3727 386 3801 444 72

513 492 794 550 refulserit.
821 491 929 542 sive
958 487 1323 551 Antiochensi,
1352 487 1464 542 sive
1480 486 2090 556 Constantinopolitano,

509 594 560 635 et
582 581 846 651 quominlo
879 591 1148 648 promotus
1171 579 1347 647 fuerit,
1371 591 1460 634 aut
1494 589 1624 649 quot
1657 579 1874 634 insidias
1906 595 2092 648 passus

511 673 662 724 fuerit
684 712 698 734 ,
729 681 884 739 atque
915 686 1100 725 onmes
1125 673 1262 725 inter
1290 685 1352 725 ea
1383 671 1701 725 acerbitates
1721 712 1735 736 ,
1760 685 1830 738 qu
1849 686 1878 722 ιι
1900 671 1966 724 ab
1995 671 2085 722 im-

510 763 686 828 probis
733 764 954 815 moleste
997 763 1283 816 elaborata:
1326 770 1470 826 sunt,
1514 776 1631 814 cum
1661 760 1858 814 dixeris
1885 771 1936 814 et
1976 775 2094 828 qua:

513 853 860 923 Porphyrium
893 863 1166 921 spectant,
1214 860 1268 905 et
1308 851 1619 904 Eunuchum
1668 850 1859 919 Ephesi
1891 849 2095 918 cpisco-

511 960 664 1010 pum;
706 944 945 1008 enuntia,
977 959 1184 1012 prccm,
1220 945 1376 997 nobis
1411 943 1608 1011 reliqua
1646 961 1658 995 :
1704 952 1755 996 et
1781 942 1996 1011 quinam
2037 941 2089 993 in

511 1050 724 1090 CII'CL‘i‘e
756 1036 947 1088 mortui
974 1036 1076 1087 sint
1095 1077 1108 1098 ,
1137 1036 1348 1104 quinam
1379 1035 1429 1086 in
1458 1035 1702 1087 exsilium
1733 1035 1834 1086 acti
1862 1073 1875 1096 ,
1909 1048 2092 1087 eorum

501 1126 742 1194 quicum
781 1126 983 1179 Joanne
1024 1125 1491 1179 communicabant
1535 1142 1548 1177 :
1585 1126 1782 1193 justum
1825 1125 1967 1178 enim
2013 1132 2094 1177 est

504 1220 663 1271 etiam
696 1219 883 1272 horum
913 1218 1218 1272 memoriam
1245 1217 1418 1272 facere
1445 1217 1509 1271 ad
1537 1217 1866 1272 excitandam
1899 1215 2092 1269 alaeri-

507 1318 665 1362 tatem
693 1309 1000 1363 viventium.
1029 1307 1083 1363 Si
1113 1307 1252 1362 enim
1277 1307 1328 1361 in
1357 1307 1439 1361 his
1465 1307 1806 1361 szecularibus
1833 1307 1992 1360 rebus
2008 1306 2084 1358 fa-

482 1400 653 1464 muli,
691 1399 778 1468 qui
811 1414 905 1468 pro
933 1399 1163 1452 dominis
1203 1400 1253 1451 in
1293 1413 1562 1453 carcerem
1593 1398 1968 1466 conjiciuntur,
1998 1406 2090 1450 aut

482 1489 856 1542 =verberautur
879 1530 894 1554 ,
927 1497 1016 1541 aut
1044 1497 1356 1557 torquentur
1375 1530 1390 1552 ,
1423 1487 1842 1542 benevolentiam
1876 1488 2092 1540 liberta-

476 1590 720 1650 .temque
768 1579 834 1633 ab
870 1581 995 1648 ipsis
1039 1589 1477 1648 consequuntur:
1528 1588 1726 1648 quanto
1784 1578 1951 1646 magis
2000 1579 2090 1646 qui

510 1682 722 1738 propter
765 1665 1033 1750 Cltristuttt
1081 1669 1355 1737 suppliciis
1396 1668 1720 1732 afficiuntur,
1771 1667 1912 1734 digni
1965 1678 2090 1722 sunt

507 1765 709 1817 honore
747 1750 1128 1828 ecclesiastico,
1177 1774 1336 1833 atque
1372 1764 1785 1818 benevolentia?
1814 1764 1879 1817 de
1900 1764 2090 1833 quibus

510 1854 800 1922 Apostolus
819 1855 925 1910 ait:
976 1855 1164 1908 Vinctis
1211 1857 1354 1925 quasi
1397 1856 1547 1909 simul
1591 1856 1740 1909 cincti
1794 1854 1945 1926 (1Ιεύ.
1999 1856 2085 1910 ιθ.

502 1947 592 2014 54)
623 1987 637 2009 ,
683 1955 840 2015 atque
902 1947 966 1999 iis
1014 1948 1101 2014 qui
1159 1947 1482 1999 vexabantur
1512 1988 1526 2008 ,
1574 1947 1722 2015 quasi
1791 1946 2088 2001 vexationis

502 2038 862 2106 socii,utpote
907 2047 960 2100 et
989 2038 1086 2107 ipsi
1137 2038 1187 2091 in
1242 2052 1466 2105 corpore
1516 2036 1810 2090 constituti.
1858 2035 2089 2089 Pretiosa

502 2127 642 2179 enin:
674 2137 746 2182 est
797 2129 848 2189 in
893 2138 1158 2196 conspectu
1206 2126 1412 2180 Domini
1474 2143 1609 2180 mors
1651 2136 1938 2180 sanctorum
1978 2126 2088 2196 ejus

501 2210 670 2275 (Ρδιιι.
719 2217 989 2286 “5.15).
1035 2216 1130 2270 Ep.
1188 2215 1398 2286 Optime
1449 2217 1630 2270 dixisti
1681 2235 1694 2268 :
1753 2217 1873 2270 audi
1905 2217 2083 2288 igitur.

506 2310 746 2379 Episcopi
787 2309 1025 2379 quidem,
1074 2319 1128 2363 ut
1175 2310 1323 2363 initio
1373 2308 1507 2364 fama
1563 2310 1809 2379 vulgavit,
1842 2310 1892 2362 in
1941 2324 2086 2364 mare

473 2399 726 2453 demersi
754 2409 910 2453 sunt:
937 2408 993 2452 nt
1029 2411 1204 2454 autem
1239 2413 1296 2452 se
1329 2399 1487 2453 habet
1516 2400 1728 2464 veritas,
1761 2400 1811 2452 in
1840 2399 2082 2453 exsilium

499 2491 838 2561 longinquum
889 2491 1020 2560 pulsi
1050 2501 1172 2544 sunt
1219 2491 1267 2544 in
1301 2491 1550 2544 barbaras
1599 2492 1871 2560 regiones,
1906 2491 2084 2561 ibique

495 2582 655 2634 etiam
709 2596 848 2634 nunc
912 2596 942 2634 a
996 2581 1163 2635 servis
1223 2580 1450 2650 publicis
1497 2582 1885 2636 custodiuntur.
1950 2580 2081 2635 Nam

495 2688 615 2726 cum
660 2673 896 2728 venisset
962 2673 1175 2742 quidam
1245 2673 1546 2737 diaconus,
1599 2674 1688 2742 qui
1743 2673 1900 2726 simul
1957 2687 2080 2728 eum

495 2765 574 2817 eis
601 2763 701 2817 iter
728 2763 944 2826 fecerat,
973 2763 1173 2826 retulit,
1199 2763 1480 2832 Cyriacnm
1516 2762 1731 2830 quidem
1759 2762 2080 2817 Emesennm

469 2853 756 2924 .‘Palmyra:
783 2853 834 2906 in
863 2852 1148 2906 Persarum
1171 2852 1393 2906 castello
1421 2866 1562 2917 esse,
1591 2852 1859 2921 octoginta
1889 2853 2082 2906 millia-

477 2943 642 2997 -ribus
672 2943 806 2996 ultra
838 2943 1082 2996 Etncsam
1119 2961 1132 2996 :
1163 2942 1434 3013 Eulysium
1464 2943 1742 3009 similiter,
1771 2943 2079 3013 episcopum

497 3034 718 3098 Bestrze,
745 3033 964 3088 ulterius
989 3033 1178 3088 itinere
1199 3034 1355 3087 trium
1383 3033 1586 3088 dierum
1615 3034 1667 3088 in
1701 3036 1922 3089 castello
1947 3037 2080 3089 Ara-

498 3126 643 3190 bum,
673 3124 904 3193 Misphas
931 3124 1095 3190 dicto,
1124 3125 1405 3179 Saracenis
1443 3124 1719 3194 adjacente
1744 3141 1757 3178 :
1785 3124 2078 3180 Palladium

494 3216 798 3286 episcopum
830 3215 884 3270 in
915 3215 1104 3271 vicinia
1149 3217 1477 3288 Blemmyum
1513 3227 1604 3272 aut
1634 3216 1952 3288 Ethiopum
1980 3233 2077 3273 cu-

494 3307 698 3373 stodiri,
745 3309 794 3361 in
835 3309 1030 3377 oppido
1065 3307 1240 3379 Syene
1270 3309 1412 3363 dicto
1449 3328 1461 3360 :
1499 3309 1824 3364 Demetrium
1855 3309 2079 3364 interius

495 3403 546 3454 in
571 3400 714 3460 Oasi,
739 3399 1019 3453 Mazicibus
1043 3401 1318 3470 proxima;
1348 3410 1473 3454 sunt
1493 3401 1636 3454 enim
1664 3409 1717 3452 et
1739 3401 1856 3454 alite
1876 3400 2075 3455 Oases:

488 3491 838 3560 Serapionem
870 3499 1046 3544 autem
1081 3500 1200 3560 post
1235 3491 1540 3545 innumeras
1568 3492 1770 3560 absque
1801 3492 1904 3545 ulla
1950 3507 2078 3562 pro-

484 3583 710 3638 batione
741 3583 1035 3636 calumnias
1056 3625 1070 3646 ,
1115 3597 1324 3636 summa
1352 3597 1472 3637 cum
1501 3582 1737 3652 judicum
1768 3584 2079 3641 crudelitate

495 3693 713 3741 czesum,
746 3676 810 3731 ad
842 3677 1210 3731 excussionem
1236 3691 1404 3744 usque
1432 3676 1690 3738 dentium,
1724 3685 1781 3730 nt
1812 3677 1944 3730 fama
1973 3689 2076 3744 est,

495 3771 549 3822 in
579 3767 802 3838 patriam
834 3781 982 3819 suam
1020 3766 1346 3835 relegarunt.
1379 3765 1611 3820 Hilarius
1631 3807 1645 3830 ,
1675 3767 1757 3820 vir
1786 3777 2002 3820 sanctus
2027 3777 2081 3821 et

495 3873 680 3923 senex,
706 3859 757 3910 in
783 3858 1024 3911 intimum
1052 3857 1274 3910 Pontum
1300 3857 1483 3926 pulsus
1502 3865 1603 3921 est,
1627 3857 1789 3926 plagis
1811 3859 2076 3923 concisus,

495 3965 602 4003 non
631 3963 661 4002 a
683 3947 882 4018 judice,
915 3947 1006 4002 sed
1035 3962 1064 4000 a
1091 3949 1236 4002 clero
1271 3965 1283 4000 :
1313 3947 1402 4016 qui
1447 3947 1630 4001 decem
1656 3956 1711 4002 et
1739 3955 1860 4001 octo
1889 3948 2080 4002 abhinc

493 4041 648 4096 anuis
685 4056 872 4112 panem
903 4057 1006 4094 non
1039 4041 1296 4111 gustavit,
1332 4041 1475 4094 olera
1515 4041 1626 4094 sola
1665 4049 1719 4096 et
1757 4041 2079 4095 frumentmn

496 4143 703 4189 coctum
733 4131 917 4187 edens.
962 4131 1226 4186 Antonius
1274 4132 1325 4186 in
1357 4131 1625 4200 speluncis
1660 4132 1953 4186 Palaestinam
1990 4145 2079 4186 se-

496 4227 665 4296 ipsum
709 4222 1011 4278 conclusit:
1053 4221 1365 4277 Timotheus
1414 4222 1710 4286 Maronem,
1755 4231 1810 4277 et
1847 4221 2080 4276 Joannes

492 4315 673 4386 Lydia:
701 4315 973 4384 episcopi,
1008 4315 1060 4368 in
1104 4313 1408 4368 Macedonia
1436 4327 1559 4368 esse
1600 4313 1850 4368 dicuntur
1880 4331 1893 4366 :
1928 4313 2078 4366 Rho-

495 4405 621 4470 don,
653 4405 932 4473 episcopus
959 4405 1131 4466 Asiae,
1164 4403 1450 4474 Mitylenen
1483 4403 1749 4472 profectus
1779 4412 1863 4457 est
1894 4419 1906 4454 :
1940 4402 2078 4458 Gre-

493 4494 709 4563 gorius,
749 4493 932 4562 Lydise
958 4494 1236 4562 episcopus
1258 4535 1272 4558 ,
1316 4494 1368 4546 in
1415 4493 1642 4563 Phrygia
1681 4508 1800 4548 esse
1837 4493 2030 4548 dicitur
2062 4512 2074 4547 :

502 4584 680 4638 Brisso
705 4591 904 4648 autem,
928 4581 1090 4637 frater
1117 4583 1357 4649 Palladii,
1387 4583 1619 4637 Ecclesia
1647 4597 1741 4637 sua
1770 4584 1908 4638 ultro
1929 4585 2080 4639 dere-

501 4677 620 4731 licta
643 4716 658 4742 ,
701 4675 752 4729 in
783 4675 957 4745 agello
986 4690 1083 4729 suo
1125 4675 1298 4746 degit,
1333 4683 1526 4730 terram
1571 4676 1794 4743 propriis
1838 4677 2079 4730 manibus

495 4765 722 4829 fodiens.
765 4764 1073 4834 Lampetius
1099 4781 1246 4831 vero,
1293 4776 1349 4819 ut
1378 4765 1545 4830 aiunt,
1580 4766 1629 4818 in
1675 4766 1868 4835 oppido
1899 4765 2078 4838 Lydiae

494 4873 521 4908 a
553 4855 784 4927 quodam
817 4855 1105 4911 Eleuthcro
1126 4855 1359 4925 adjutus,
1396 4855 1710 4910 lectionibus
1741 4865 1892 4911 vacat
1921 4875 1933 4910 :
1967 4857 2076 4910 Eu-

492 4948 682 5017 genius
709 4947 760 5002 in
788 4947 956 5016 patria
984 4955 1068 5002 est
1095 4964 1108 5000 :
1143 4946 1396 5016 Elpidius,
1435 4961 1656 5016 magnus
1687 4947 1776 5002 ille
1805 4947 2078 5002 Laodicea:

492 5039 661 5111 Syria:
688 5039 991 5108 episcopus,
1026 5049 1078 5093 et
1104 5039 1334 5108 Pappus,
1375 5054 1470 5108 per
1501 5049 1666 5092 totum
1696 5040 1979 5093 triennium
2009 5039 2078 5093 de

491 5130 635 5186 scala
682 5130 871 5186 domus
927 5146 1037 5185 sua:
1086 5145 1190 5185 non
1243 5131 1636 5186 descenderunt
1684 5132 2075 5199 precationibus

491 5232 741 5280 vacantes
785 5241 796 5275 :
843 5222 1150 5278 Heraclidas
1201 5222 1463 5293 Ephesius
1516 5223 1918 5291 quadriennium
1964 5222 2074 5290 jam

493 5313 812 5369 Nicomedite
857 5312 910 5366 in
953 5328 1167 5369 carcere
1217 5314 1449 5368 inclusus
1492 5322 1593 5367 est.
1642 5313 1848 5382 Reliqui
1893 5322 2073 5366 autem

492 5405 722 5474 episcopi
751 5405 820 5460 de
847 5405 1221 5460 communione
1249 5404 1470 5460 Joannis
1490 5444 1504 5468 ,
1537 5405 1679 5458 omni
1709 5419 1803 5473 Spe
1847 5405 2072 5472 ahjecta,

491 5492 580 5546 alii
608 5494 820 5560 quidem
858 5495 1318 5550 communiearunt
1346 5495 1541 5557 Attico,
1573 5503 1627 5547 et
1652 5495 1702 5547 in
1731 5495 1862 5548 alias
1899 5494 2074 5548 Thra-

491 5581 588 5632 cia:
617 5577 884 5636 Eeelesias
929 5584 1169 5639 translati
1220 5593 1388 5644 sunt;
1437 5584 1524 5637 alii
1571 5598 1697 5638 vero
1738 5583 2072 5639 delitescunt.

493 5669 794 5724 Anatolium
818 5672 964 5727 aiunt
986 5690 1106 5730 esse
1133 5675 1184 5728 in
1213 5675 1416 5730 Galliis.
1447 5675 1616 5728 Porro
1641 5674 2073 5744 prcshytcrormu

489 5758 581 5814 alii
603 5775 654 5813 ιιι
679 5760 928 5814 Arabiam
954 5771 1008 5816 et
1032 5765 1370 5820 Palrcsnnam
1388 5765 1658 5820 amandati
1682 5773 1806 5819 sunt
1831 5783 1841 5816 :
1868 5766 2075 5834 Tigt‘itts

2202 489 2252 542 iu
2285 491 2718 559 MesOpotamiam
2751 491 3014 562 relegatus
3050 503 3130 548 est
3164 515 3175 550 :
3210 494 3485 567 Philippus
3526 502 3579 554 in
3628 503 3801 557 Ponto

2197 582 2346 633 exsul
2380 589 2619 634 mortuus
2647 589 2726 634 est
2757 601 2770 635 :
2798 581 2839 636 Τ
2848 583 3209 660 lteOphilus~in
3226 586 3585 658 Paphlagonia
3616 592 3794 660 degit:

2198 670 2449 727 Joannes.
2481 669 2678 724 Ethrii
2710 673 2866 735 filius,
2897 672 3156 728 Caesarea:
3175 657 3482 732 construxit
3513 657 3793 736 monaste-

2203 762 2338 814 ritnn
2366 780 2378 814 :
2405 763 2732 831 Stephanum
2760 765 2808 816 in
2835 765 3084 819 Arabiam
3118 767 3430 838 relegatum,
3454 785 3486 824 e
3509 773 3794 826 custodum

2202 855 2447 908 manibus
2477 856 2820 919 abso-aetum,
2869 857 3031 911 Isauri
3065 859 3116 912 in
3147 853 3378 914 Taurum
3429 862 3792 918 dimiserunt:

2200 944 2508 999 Sallustium
2555 947 2606 1000 in
2650 948 2803 1000 Creta
2835 963 2955 1002 esse
2999 949 3198 1003 dicunt.
3251 953 3438 1006 Audivi
3484 953 3793 1024 Philippum

2200 1036 2540 1100 monachum,
2572 1047 2626 1093 et
2653 1043 3019 1109 presbyterum
3046 1041 3386 1110 Sehoiarum,
3417 1047 3466 1098 in
3500 1047 3790 1116 Campania

2197 1137 2476 1196 :I'grotare.
2519 1128 2848 1197 Sophronias
2877 1131 3135 1185 diaconus
3165 1134 3217 1186 in
3249 1133 3537 1191 Thebaidis
3565 1153 3791 1195 carcere

2197 1219 2465 1272 detinetur
2497 1239 2508 1270 :
2543 1221 2737 1273 Paulus
2766 1221 3055 1288 diaconus,
3093 1227 3358 1280 meonomi
3385 1227 3620 1296 adjutor,
3653 1230 3791 1285 dici-

2199 1319 2284 1364 tur
2311 1312 2362 1364 in
2389 1311 2561 1365 Africa
2592 1314 2795 1366 versari
2829 1331 2842 1366 :
2879 1315 3011 1367 alius
3040 1314 3250 1381 Paulus,
3281 1318 3539 1374 diaconus
3561 1323 3793 1376 Anasta-

2197 1401 2309 1464 size,
2338 1401 2718 1472 Hierosolymis
2744 1405 2872 1458 vivit
2905 1423 2916 1457 :
2950 1405 3240 1472 Helladius,
3268 1409 3548 1480 presbyter
3578 1411 3788 1478 Palatii,

2197 1494 2248 1547 in
2279 1494 2451 1564 agello
2478 1510 2574 1548 suo
2603 1494 2863 1566 Bithynia:
2886 1497 3044 1549 vitam
3073 1499 3195 1567 agit.
3228 1499 3412 1553 Plures
3441 1511 3621 1555 autem
3642 1501 3786 1556 Con-

2191 1587 2537 1654 stantinOpoli
2561 1586 2879 1642 delitescunt
2905 1606 2917 1642 :
2942 1590 3028 1642 alii
3063 1591 3112 1642 in
3144 1591 3344 1658 patrias
3369 1608 3492 1647 suas
3513 1594 3786 1650 abierunt.

2193 1675 2466 1741 Silvanus,
2497 1689 2712 1732 sanctus
2739 1681 3020 1749 episcopus
3041 1722 3053 1743 ,
3085 1681 3294 1738 Troade
3322 1685 3558 1753 piscator
3577 1727 3592 1748 ,
3625 1695 3680 1740 et
3707 1689 3786 1756 pi-

2193 1776 2340 1820 seatn
2370 1768 2499 1822 vivit
2533 1788 2545 1822 :
2591 1769 2890 1839 Stephanus
2920 1773 3211 1828 monachus
3232 1814 3245 1837 ,
3293 1776 3382 1844 qui
3421 1773 3786 1832 Romanorum

2193 1858 2444 1924 epistolas
2495 1858 2719 1925 detulit,
2769 1860 2840 1916 ob
2887 1861 2938 1915 id
2994 1863 3162 1930 ipsum
3209 1863 3542 1932 verberatus,
3598 1867 3791 1922 decem

2194 1964 2406 2004 menses
2441 1949 2900 2021 Constantinopoli
2948 1954 3000 2005 in
3027 1968 3244 2009 carcere
3271 1957 3431 2009 vitam
3477 1958 3604 2026 egit.
3652 1959 3787 2013 Cum

2192 2049 2369 2096 autem
2411 2043 2457 2095 ei
2488 2044 2790 2098 communio
2821 2047 3086 2114 proposita
3131 2056 3309 2113 esset,
3340 2059 3394 2102 et
3434 2064 3538 2104 non
3569 2053 3785 2120 acquie-

2194 2133 2375 2197 visset,
2403 2132 2656 2188 lateribus
2685 2143 2739 2189 et
2773 2144 2986 2204 pectore
3009 2136 3322 2206 ungularum
3356 2138 3608 2195 violentia
3646 2141 3786 2196 lace-

2193 2221 2351 2285 ratis,
2381 2221 2531 2291 cujus
2560 2223 2634 2277 rei
2661 2223 2776 2293 ipse
2800 2223 3044 2280 oculatus
3072 2225 3220 2280 testis
3247 2225 3344 2293 fui,
3373 2227 3574 2284 Christi
3601 2231 3782 2300 provi-

2190 2310 2366 2366 dentia
2409 2312 2462 2366 in
2508 2314 2736 2368 secunda
2768 2314 2994 2370 fortasse
3033 2318 3320 2371 certamina
3350 2331 3625 2386 servatus,
3665 2333 3784 2391 post

2190 2402 2454 2458 decimum
2481 2405 2772 2460 curationis
2797 2419 2908 2460 sua:
2936 2421 3197 2469 mensem.
3226 2408 3492 2463 Pelusium
3517 2411 3784 2480 relegatus

2189 2503 2290 2547 est.
2337 2494 2686 2548 Provincialis
2713 2496 2925 2566 quidam
2953 2496 3122 2560 miles,
3170 2512 3232 2550 cx
3261 2496 3473 2552 Scholis
3505 2499 3776 2566 Palatinis,

2189 2591 2467 2638 accusatus
2495 2594 2759 2654 tamquam
2785 2585 3009 2639 Joannis
3037 2585 3230 2651 fautor,
3260 2597 3379 2655 post
3407 2589 3538 2642 varii
3569 2593 3781 2660 generis

2189 2671 2370 2743 plagas
2393 2681 2447 2727 et
2468 2673 2828 2728 atrocissimas
2857 2674 3165 2730 abrasiones
3189 2675 3371 2731 Petras
3400 2677 3550 2732 exsul
3581 2679 3777 2736 missus

2189 2772 2290 2818 est.
2340 2764 2532 2834 Elpidii
2565 2779 2690 2819 vero
2737 2766 3032 2837 presbyteri
3081 2766 3326 2834 fanmlus,
3368 2769 3776 2841 quinquaginta,

2191 2865 2249 2910 ut
2275 2857 2443 2922 aiunt,
2472 2858 2649 2911 aureis
2676 2857 2992 2924 conductus,
3020 2867 3082 2912 ut
3103 2869 3342 2914 sanctum
3367 2860 3636 2917 Joannem
3657 2863 3778 2919 dolo

2189 2945 2510 3002 interficeret
2550 2965 2563 3000 :
2596 2963 2715 3002 cum
2745 2947 3109 3016 deprehensus
3141 2960 3282 3003 esset
3312 2958 3422 3005 tres
3449 2951 3657 3021 gladios
3683 2954 3776 3008 ba-

2187 3037 2330 3103 bere,
2356 3048 2558 3108 septem
2587 3055 2649 3093 ex
2679 3039 2740 3092 iis
2769 3040 2858 3108 qui
2889 3040 3060 3108 ipsum
3087 3041 3569 3109 apprelienderant,
3594 3045 3776 3115 singil-

2183 3129 2330 3183 latim
2383 3129 2694 3197 percussit:
2741 3145 2963 3198 quornm
3012 3138 3240 3198 quatuor
3283 3133 3536 3187 continuo
3583 3137 3774 3205 sepulti

2183 3231 2327 3287 sunt,
2357 3221 2442 3274 alii
2474 3231 2651 3275 autem
2682 3229 2789 3275 tres
2819 3231 2932 3290 post
2961 3221 3263 3276 diuturnam
3287 3225 3619 3279 curationem
3641 3227 3770 3282 salvi

2185 3322 2492 3376 evaserunt,
2525 3313 2770 3366 absoluto
2801 3312 3084 3368 homicida.
3119 3313 3312 3368 Beatus
3340 3315 3647 3385 EutrOpius,
3678 3334 3774 3388 ριιο

2187 3418 2278 3458 rus
2303 3419 2331 3456 a
2363 3403 2694 3465 mulieribus,
2723 3415 2928 3467 cantor,
2962 3403 3281 3459 verberibus
3301 3419 3491 3471 αιιειις,
3520 3415 3577 3461 et
3601 3407 3779 3462 lateri-

2187 3493 2284 3548 bus
2310 3507 2372 3547 ac
2402 3491 2574 3546 froote
2619 3508 2787 3560 usque
2825 3493 2959 3545 adeo
2988 3491 3283 3558 laceratus,
3320 3503 3376 3547 ut
3409 3503 3463 3549 et
3491 3498 3776 3565 supercilia

2184 3598 2395 3653 quoque
2423 3582 2605 3637 evulsa
2633 3583 2740 3634 sint
2760 3623 2774 3646 ,
2810 3582 3011 3636 facibus
3038 3593 3310 3652 postremo
3336 3585 3400 3636 ad
3434 3585 3624 3652 latera,
3657 3598 3777 3657 post

2183 3687 2305 3727 ossa
2337 3672 2530 3727 nudata
2553 3713 2569 3734 ,
2609 3673 2877 3740 utrimque
2921 3672 3150 3727 admotis
3194 3673 3316 3728 oleo
3345 3675 3511 3742 plenis
3531 3716 3548 3742 ,
3577 3676 3630 3730 in
3663 3677 3777 3746 ipso

2185 3765 2412 3834 equuleo
2431 3765 2662 3818 animam
2693 3762 2987 3824 exhalavit,
3022 3763 3302 3832 mediaque
3331 3774 3489 3819 nocte
3531 3768 3777 3836 sepultus

2185 3863 2267 3910 est
2306 3871 2335 3908 a
2373 3854 2617 3920 clericis,
2646 3855 2732 3923 qui
2783 3853 2882 3907 hoc
2925 3861 3228 3921 patrarant;
3270 3867 3390 3908 cum
3435 3854 3574 3909 Dens
3616 3857 3774 3911 murti

2186 3947 2301 4016 ejus
2327 3947 2686 4000 testimonium
2731 3945 3046 4014 przcbuisset
3077 3944 3282 4000 visione
3310 3947 3646 4015 psallentium
3665 3991 3679 4013 ,
3710 3949 3776 4002 ob

2187 4039 2488 4093 Servatoris
2541 4038 2801 4106 passionis
2842 4037 3292 4091 conformitatem.
3351 4037 3550 4090 Retulit
3596 4050 3775 4094 autem

2187 4133 2447 4187 diaconm
2483 4131 2569 4200 qni
2597 4130 2666 4183 ab
2685 4129 2951 4199 episcopis
2979 4128 3157 4196 rediit,
3177 4143 3211 4184 ει
3233 4129 3471 4182 Prtefecti
3495 4129 3774 4194 militibus,

2185 4223 2274 4293 qui
2302 4237 2396 4278 eos
2425 4221 2780 4286 deduxerunt,
2808 4234 2976 4290 usque
3011 4219 3146 4274 adeo
3173 4219 3322 4288 jussu
3350 4219 3652 4288 aliquorum
3683 4236 3775 4274 ve-

2185 4323 2370 4378 xatos,
2405 4323 2464 4367 ut
2508 4313 2640 4366 tnori
2670 4320 2918 4381 optarent
2945 4319 2998 4364 et
3039 4309 3220 4364 vivere
3260 4320 3591 4364 recusarent.
3643 4311 3772 4365 Nam

2185 4405 2442 4475 pecunias
2462 4445 2476 4468 ,
2508 4419 2640 4472 quas
2667 4405 2717 4456 iu
2759 4411 3001 4470 sumptus
3028 4400 3234 4454 itineris
3263 4400 3362 4453 sibi
3392 4412 3770 4469 sumpserant,

2185 4499 2393 4568 penitus
2438 4497 2688 4564 abreptas
2735 4495 2872 4548 inter
2915 4508 2973 4547 se
3020 4493 3197 4562 partiti
3228 4500 3382 4555 sunt,
3425 4504 3479 4546 et
3507 4493 3561 4546 in
3594 4508 3772 4548 macra

2179 4590 2418 4656 jumenta
2446 4603 2540 4640 eos
2571 4586 2889 4655 iujieicntcs,
2918 4583 3063 4638 bidui
3092 4584 3192 4638 iter
3223 4599 3327 4637 uno
3355 4583 3440 4637 die
3471 4583 3772 4639 faciebant:

2185 4680 2346 4733 multa
2378 4687 2532 4730 nocte
2578 4678 2628 4728 in
2659 4676 2951 4731 diversoria
2999 4674 3430 4738 introducentes,
3474 4685 3529 4728 et
3565 4692 3774 4730 summo

2183 4783 2339 4822 mane
2364 4777 2488 4821 ante
2530 4766 2699 4819 lucem
2739 4765 3084 4828 reducentes,
3119 4765 3185 4816 ita
3217 4775 3270 4816 ut
3301 4781 3366 4818 ne
3397 4769 3626 4818 miseras
3656 4765 3773 4834 qui-

2182 4858 2302 4912 dem
2334 4871 2486 4912 escas
2519 4857 2826 4910 stomachus
2854 4856 3083 4909 retiuere
3115 4865 3312 4922 posset.
3346 4855 3616 4922 Turpihus
3643 4872 3776 4924 pra:-

2183 4955 2326 5002 tcrca
2357 4955 2410 5001 et
2453 4946 2746 4999 inhonestis
2771 4945 2945 4999 vcrhis
2987 4960 3079 4998 eos
3128 4944 3384 5013 impetere
3433 4959 3536 4997 non
3583 4959 3775 5014 pareo-

2183 5037 2328 5091 hant.
2375 5036 2606 5090 Palladio
2637 5036 2795 5090 etiam
2838 5036 3088 5089 fanmlum
3122 5035 3456 5089 abstulerunt
3479 5075 3493 5096 ,
3526 5035 3630 5088 vim
3676 5035 3773 5104 ipsi

2183 5127 2468 5184 inferentes
2489 5170 2502 5193 ,
2535 5139 2591 5182 ut
2631 5128 2852 5182 tabellas
2893 5126 3206 5196 deponeret.
3241 5125 3566 5180 Demetrium
3593 5134 3772 5180 autem

2183 5238 2314 5276 unus
2365 5238 2396 5277 e
2437 5221 2817 5276 deductoribus
2861 5234 3028 5288 usque
3070 5217 3205 5272 adeo
3248 5215 3481 5281 vexavit,
3525 5225 3585 5270 ut
3613 5217 3775 5271 multa

2183 5322 2336 5365 nocte.
2369 5311 2578 5381 Bizyam
2613 5309 2949 5379 pervenerit;
2993 5307 3080 5377 qui
3114 5307 3290 5361 statim
3317 5307 3647 5375 gravissimis
3677 5306 3773 5360 do-

2185 5406 2382 5460 loribus
2428 5414 2540 5458 toto
2579 5418 2804 5472 corpore
2846 5403 3113 5455 cruciatus
3141 5398 3350 5453 vivendi
3396 5397 3556 5453 finem
3604 5397 3771 5452 fecit:

2183 5498 2250 5550 ita
2283 5506 2341 5550 ut
2369 5497 2544 5549 cuncti
2573 5495 2736 5548 Deum
2763 5499 3102 5552 venerantes,
3131 5498 3484 5559 agnoscerent
3505 5503 3626 5541 eam
3654 5500 3772 5542 esse

2182 5602 2393 5655 [umnam
2443 5584 2754 5653 injuriaruin
2790 5601 2803 5634 :
2837 5597 2956 5636 cum
3005 5579 3338 5651 prmdixisset
3380 5577 3429 5632 ei
3479 5575 3769 5636 Palladius,

2184 5688 2236 5729 ut
2267 5677 2433 5731 redux
2460 5675 2673 5742 quidam
2715 5673 3011 5729 commilito
3041 5671 3276 5725 narravit
3309 5687 3321 5721 :
3356 5667 3510 5723 Aliud
3537 5667 3639 5722 iter
3667 5682 3769 5720 non

2187 5769 2419 5830 inceues,
2447 5765 2538 5819 sed
2563 5765 2937 5819 miserabiliter
2963 5761 3226 5816 morieris.
3262 5759 3512 5814 Ecclesiis
3543 5770 3768 5829 namque
