3948 6490
716 326 805 337 νς-ιδο

166 428 171 436 -
218 402 297 464 τε
1276 409 1360 462 DE
1406 408 1562 464 vna
1604 408 1660 463 s.
1701 403 1980 463 ruamus
2017 410 2508 473 Cttnvsosrout.
3455 426 3555 481 τι-

220 527 370 576 viros
425 528 648 573 sanctos
693 520 910 572 onmiuo
948 520 1374 589 appropinquare
1416 535 1519 573 non
1562 517 1828 584 sinebam,

225 615 572 666 dixerteutes
600 619 693 662 aut
718 611 769 663 in
801 609 1030 676 stabula,
1064 610 1148 665 ubi
1177 620 1618 665 scortorumerat
1651 610 1800 664 multi

224 705 354 757 tudo
380 721 395 767 ;
426 711 529 756 aut
559 704 605 755 in
637 701 1112 764 Samaritanorum,
1146 702 1229 756 vel
1270 700 1573 757 Judmorutu
1601 715 1831 771 synago-

224 812 341 866 εις,
371 797 651 864 pra-cipue
680 794 832 849 Tarsi
863 812 877 848 :
908 794 976 848 ita
1004 804 1057 849 ut
1091 794 1200 848 illic
1231 795 1281 848 in
1312 794 1583 863 angustias
1608 794 1828 859 redacti,

225 890 386 942 etiam
417 885 571 939 aliud
601 885 726 954 quid
757 884 1086 955 cogitarent,
1119 885 1259 954 quod
1290 894 1408 939 erat
1449 885 1667 937 minime
1699 898 1832 951 prte-

228 978 577 1033 nreditatum.
610 978 759 1033 Unus
802 987 978 1032 autem
1008 993 1070 1033 ex
1101 978 1366 1046 episcopis
1393 976 1527 1030 dixit
1558 995 1568 1030 :
1601 976 1735 1044 Quid
1763 976 1831 1031 ob

229 1070 533 1124 diversoria
579 1070 895 1124 tristamur?
938 1085 1062 1123 num
1101 1070 1243 1124 enim
1290 1070 1343 1133 in
1393 1070 1544 1124 nobis
1587 1079 1698 1135 est,
1741 1069 1829 1122 ubi

217 1161 594 1224 .tliversemur,
641 1171 697 1214 ut
742 1163 953 1230 propria
977 1162 1250 1216 voluntate
1293 1161 1541 1215 indecore
1589 1171 1827 1231 agentes,

233 1268 417 1322 prunas
448 1252 688 1307 demus?
716 1267 783 1306 an
812 1253 1065 1322 ignoratis
1089 1253 1202 1308 lucc
1222 1253 1396 1307 omnia
1414 1254 1523 1323 jam
1546 1254 1830 1324 contigisse

230 1362 288 1399 ac
317 1344 500 1398 futura
532 1359 670 1411 esse,
697 1361 818 1399 cum
843 1346 981 1400 Deus
1010 1346 1064 1401 in
1089 1344 1171 1400 his
1199 1346 1444 1399 omnibus
1464 1343 1828 1416 glorificetur?

234 1438 399 1505 Quam
423 1436 612 1490 multa:
638 1452 702 1490 ex
733 1437 834 1490 illis
859 1438 1228 1492 meretricibus
1252 1454 1370 1508 quae
1394 1439 1485 1493 Dei
1507 1438 1827 1494 oblivionem

234 1542 509 1604 cepi-rant,
542 1544 635 1588 aut
659 1534 727 1589 ab
754 1533 903 1587 initio
931 1549 1053 1589 eum
1081 1550 1147 1588 ue
1187 1543 1378 1589 norant
1407 1534 1642 1605 quidem,
1675 1534 1830 1588 nobis

238 1628 358 1682 visis
384 1627 459 1681 ita
492 1627 725 1689 vexatis,
761 1627 811 1680 in
840 1626 1085 1681 timorem
1118 1629 1206 1681 Dei
1249 1638 1299 1682 et
1330 1630 1704 1698 cogitationem
1732 1644 1828 1683 ve-

237 1727 440 1781 nerunt,
479 1718 711 1772 fortasse
741 1719 801 1771 in
821 1719 1008 1773 melius
1036 1733 1333 1785 conversae,
1357 1729 1449 1774 aut
1490 1721 1677 1775 saltem
1719 1738 1827 1778 non

240 1808 496 1880 prolapsae
539 1810 596 1862 in
638 1808 832 1877 pejus?
859 1808 973 1863 Non
1013 1824 1199 1878 parum
1230 1820 1312 1865 est
1339 1810 1584 1865 rationali
1610 1814 1823 1882 animae,

238 1914 350 1971 qua:
372 1916 401 1954 a
437 1901 936 1969 perturbationibus
961 1912 1209 1969 vexatur,
1244 1902 1328 1957 vel
1354 1904 1620 1958 modicum
1650 1907 1826 1975 respi-

242 2006 376 2057 rare,
396 1992 540 2059 quod
571 2000 652 2044 est
670 1991 1001 2046 castimoniae
1022 1990 1314 2047 fomentum
1341 2012 1353 2047 :
1378 1993 1513 2050 adeo
1535 2005 1589 2048 ut
1609 1995 1824 2062 dixerit,

236 2084 320 2152 qui
348 2082 463 2137 lucc
484 2084 761 2144 sustinuit,
786 2099 1061 2138 Sacrorum
1101 2084 1363 2154 interpres
1387 2086 1615 2141 Paulus:
1639 2085 1828 2142 Christi

242 2176 388 2228 bonus
411 2173 543 2227 odor
571 2190 744 2229 sumus
764 2176 814 2227 in
835 2176 912 2229 his
939 2177 1022 2245 qui
1047 2176 1175 2230 salvi
1196 2178 1346 2246 ﬁunt,
1365 2187 1413 2233 et
1436 2180 1490 2232 in
1507 2178 1584 2231 his
1611 2180 1696 2249 qui
1713 2197 1829 2250 per-

242 2277 349 2319 eunt
380 2265 455 2337 (2.
478 2265 606 2322 Car.
637 2268 687 2320 2.
719 2267 805 2335 15)
832 2309 845 2332 ,
880 2284 936 2321 eo
962 2269 1097 2338 quod
1129 2271 1469 2339 spectaculum
1508 2271 1629 2339 facti
1653 2289 1827 2327 smnus

243 2357 422 2427 angelis
461 2367 508 2410 et
558 2356 841 2411 hominibus
867 2359 884 2428 (
912 2360 958 2413 l.
982 2358 1100 2414 Cor.
1128 2362 1181 2415 4.
1210 2361 1305 2433 9).
1337 2362 1415 2416 Eo
1454 2371 1631 2417 autem
1659 2379 1826 2433 usque

246 2446 567 2502 crudelitatis
593 2460 955 2518 proruperunt
981 2451 1217 2505 locorum
1251 2452 1463 2506 illarum
1494 2454 1726 2524 episcopi
1758 2457 1826 2510 de

248 2539 611 2592 communian
658 2537 938 2608 Theophili
992 2557 1085 2607 per
1129 2550 1295 2594 totum
1339 2541 1639 2610 Orientem,
1688 2545 1825 2599 sicut

248 2628 412 2682 retulit
452 2628 753 2684 monachus
792 2631 879 2700 qui
922 2631 1043 2687 inde
1071 2633 1246 2697 rediit,
1281 2643 1337 2687 ut
1369 2635 1607 2704 plerique
1635 2651 1821 2689 eorum

246 2731 342 2770 non
380 2719 535 2772 modo
580 2718 818 2774 debitam
851 2720 1232 2776 humanitatem
1266 2724 1462 2777 nostris
1510 2740 1614 2778 non
1662 2727 1820 2779 exhi-

248 2808 474 2875 buerint,
520 2825 708 2864 verum
738 2810 874 2866 datis
903 2813 1212 2867 muneribus
1240 2814 1596 2870 Praetorianos
1627 2818 1822 2874 milites

248 2899 577 2970 induxerint,
632 2912 688 2956 ut
733 2917 828 2958 eos
871 2906 1020 2961 ocius
1057 2922 1088 2961 e
1127 2907 1428 2962 civitatibus
1473 2910 1818 2978 expellerent.

244 2989 369 3047 Sunt
396 3004 573 3048 autem
608 2996 698 3063 qui
731 2996 843 3050 haec
869 2999 1137 3068 praecipue
1162 2999 1354 3065 fecere,
1380 3000 1529 3055 Tarsi
1558 3011 1613 3056 et
1636 3004 1825 3058 Antio-

245 3082 366 3139 chia:
391 3087 664 3157 episcopi,
696 3097 854 3158 atque
895 3088 1150 3160 Eulogius
1178 3092 1437 3148 Caesareae
1481 3094 1817 3161 Palaestinae;

245 3183 357 3230 ante
399 3193 588 3233 omnes
637 3187 813 3234 autem
861 3182 1142 3252 episcopus
1176 3185 1396 3256 Ancyrae
1426 3194 1478 3239 et
1506 3186 1821 3243 Ammonius

244 3266 445 3334 Pelusii,
476 3271 671 3339 partim
700 3271 872 3339 donis,
904 3276 1094 3343 partim
1123 3275 1303 3339 minis,
1333 3276 1652 3332 deductores
1680 3279 1819 3332 mili-

244 3367 316 3412 tes
354 3361 613 3417 adversus
654 3378 749 3418 eos
792 3367 959 3436 magis
1004 3378 1416 3436 exasperantes,
1467 3378 1520 3423 ut
1557 3386 1624 3425 ue
1670 3372 1818 3427 laicis

244 3452 440 3519 quidem
492 3469 591 3510 eos
646 3456 893 3527 excipere
946 3459 1244 3513 volentibus
1297 3460 1347 3514 id
1402 3462 1813 3530 permitterent:

245 3543 365 3597 sicut
407 3546 456 3600 in
482 3545 776 3603 Catholicis
806 3550 989 3605 scribit
1035 3552 1101 3606 ad
1126 3551 1309 3607 Caium
1358 3554 1542 3609 beatus
1585 3555 1816 3612 Joannes

244 3632 477 3692 adversus
520 3639 809 3709 quemdam
850 3643 1192 3714 episcopum,
1244 3644 1659 3714 hospitalitatem
1705 3649 1815 3704 Caii

246 3724 447 3783 laudans
468 3772 481 3793 ,
508 3747 744 3800 eumque
773 3748 953 3799 orans,
985 3752 1052 3790 ne
1080 3736 1354 3806 improbos
1385 3740 1664 3809 episcopos
1691 3742 1814 3796 imi-

245 3826 387 3873 tetur.
436 3824 521 3878 Sic
564 3835 742 3879 autem
777 3827 933 3882 verba
976 3844 1033 3883 se
1078 3828 1323 3885 habent:
1362 3830 1484 3887 Caio
1529 3835 1810 3903 carissimo,

244 3925 372 3978 quem
400 3930 487 3983 ego
512 3916 674 3985 diligo
699 3918 750 3970 iu
778 3920 998 3972 veritate.
1030 3920 1318 3990 Carissime,
1349 3923 1412 3976 de
1435 3925 1664 3980 omnibus
1690 3943 1811 3980 ora-

243 4002 407 4057 tionem
433 4009 564 4073 facio
593 4025 832 4078 prospere
853 4020 898 4065 te
921 4013 1118 4083 ingredi
1142 4025 1187 4069 et
1216 4016 1397 4081 valere,
1422 4020 1546 4073 sicut
1573 4038 1813 4090 prospere

244 4092 334 4162 agit
359 4098 519 4151 animo
553 4110 663 4154 tua.
696 4100 911 4155 Gavisus
951 4121 1060 4158 sum
1091 4107 1236 4160 valde
1264 4110 1570 4164 venientibus
1599 4113 1809 4180 quibus-

242 4183 366 4252 dant,
391 4198 435 4242 et
458 4192 782 4248 narrantibus
812 4196 970 4261 mihi,
1001 4197 1137 4266 quod
1161 4199 1213 4251 in
1243 4201 1447 4255 veritate
1473 4202 1702 4257 ambulas
1723 4246 1735 4267 ,
1766 4215 1811 4259 et

242 4273 288 4328 in
305 4278 469 4344 quibus
489 4292 689 4337 sanctos
708 4286 945 4350 refecisti.
975 4286 1029 4338 Μ
1034 4290 1146 4353 ajus
1168 4288 1244 4341 his
1268 4306 1365 4343 non
1390 4291 1544 4345 habeo
1566 4294 1811 4363 gaudium

243 4364 309 4431 (5.
328 4366 474 4425 .loau.
506 4375 662 4444 1-4).
692 4375 760 4429 Et
784 4376 932 4430 addit
961 4395 973 4429 :
1010 4378 1206 4448 Scripsi
1240 4379 1514 4447 Ecclesiae;
1539 4386 1628 4437 sed
1655 4387 1698 4439 is
1722 4392 1809 4457 qui

242 4467 363 4511 autat
403 4463 680 4530 primatum
718 4482 887 4537 gerere
925 4469 977 4521 in
1016 4469 1087 4523 eis
1116 4469 1437 4540 Diotrcphes,
1485 4489 1584 4526 non
1631 4476 1807 4545 recipit

242 4562 341 4612 uos,
375 4554 530 4608 verbis
568 4558 802 4628 malignis
833 4560 1078 4630 garricns,
1114 4570 1159 4615 ct
1187 4563 1331 4630 quasi
1367 4580 1466 4617 non
1492 4565 1537 4617 ei
1570 4567 1665 4618 ista
1690 4566 1805 4635 suf-

241 4638 432 4707 ficiant;
468 4662 624 4716 neque
651 4649 758 4717 ipse
786 4651 997 4719 suscipit
1024 4656 1228 4720 fratres,
1257 4664 1304 4707 ct
1328 4671 1415 4708 eos
1442 4657 1526 4725 qui
1550 4657 1805 4727 suscipere

240 4728 416 4798 volunt,
442 4739 688 4804 prohibet,
715 4748 759 4792 ct
777 4741 839 4793 de
864 4741 1071 4796 ecclesia
1100 4745 1252 4814 ejicil.
1282 4746 1481 4802 Deinde
1507 4764 1691 4804 rursus
1709 4749 1805 4804 ad-

242 4831 407 4876 monet
435 4842 450 4879 :
477 4824 761 4893 Carissime,
793 4830 898 4884 noli
923 4832 1110 4885 imitari
1136 4835 1325 4888 malum
1350 4852 1368 4890 :
1404 4839 1493 4907 qui
1527 4840 1657 4893 enim
1682 4838 1804 4895 bene

243 4910 370 4973 facit.
409 4930 469 4968 ea:
505 4915 614 4971 Deo
665 4930 773 4985 est;
803 4923 891 4991 qui
944 4924 1078 4978 male
1123 4925 1275 4994 facit,
1328 4943 1429 4981 non
1470 4930 1593 4982 vidit
1637 4930 1801 4986 Deum

244 4995 386 5060 (Ibid.
405 5018 451 5060 υ.
474 5008 600 5064 9-11
631 5011 672 5081 ).
714 5011 863 5067 llune
888 5024 1063 5068 autem
1092 5024 1292 5071 textum
1321 5018 1386 5074 de
1411 5021 1575 5075 veteri
1600 5024 1799 5079 malitia

241 5086 482 5180 integrum
520 5100 809 5167 attulimus,
860 5114 918 5160 ut
958 5104 1115 5176 hujus
1160 5110 1418 5178 temporis
1452 5111 1798 5180 Diotrephmn

238 5177 485 5250 ingenium
515 5207 922 5263 exponeremus.
966 5198 1229 5254 Caeterum
1261 5177 1507 5257 laudabat
1538 5215 1590 5259 et
1632 5208 1797 5261 mira-

240 5267 378 5365 batur
402 5283 642 5339 secunda:
669 5285 1019 5357 Cappadocia:
1062 5290 1374 5360 episcopos,
1407 5304 1465 5348 ut
1502 5297 1589 5365 qui
1627 5298 1795 5365 pluri-

240 5362 327 5417 mis
351 5380 461 5423 eum
503 5373 747 5447 lacrymis
787 5380 1185 5435 condoluissent
1216 5384 1484 5438 exsulibus
1509 5388 1796 5456 episcopis,

238 5461 512 5515 tura‘sertim
550 5466 886 5521 mitissimum
920 5469 1296 5537 Theodorum,
1330 5473 1633 5542 Tyanorum
1679 5478 1796 5546 epi-

239 5552 456 5615 St'opum,
486 5564 535 5607 et
563 5557 872 5626 Bosporium
903 5560 1171 5629 Colonia),
1210 5564 1295 5633 qui
1327 5564 1791 5635 quadragesimum

242 5639 458 5725 (ictorum
480 5642 529 5696 in
552 5647 854 5717 episcopatu
876 5652 1064 5721 agebat
1086 5667 1283 5708 annum
1305 5673 1318 5723 ;
1347 5663 1400 5709 et
1422 5654 1786 5725 Serapionem,

240 5718 506 5787 Ostraciuze
531 5738 856 5806 episcopum,
882 5742 970 5811 qui
998 5743 1345 5813 quadraginta
1367 5743 1601 5815 quinque
1622 5760 1789 5800 annos

244 5824 413 5873 manus
449 5825 777 5896 episcopatus
820 5830 1050 5900 gerebat.
1082 5832 1213 5888 Cum
1247 5835 1567 5906 aliquamdiu
1609 5835 1788 5893 Theo—

1938 528 2099 582 dorus
2130 545 2236 597 pra:
2264 542 2478 599 stupore
2504 534 2873 599 obnmtuissct,
2904 536 3035 591 dixit
3066 556 3078 590 :
3107 536 3242 604 Quid
3273 541 3428 608 igitur
3456 541 3520 594 ad

1937 617 2053 673 hmo
2080 619 2316 675 dicemus
2339 666 2352 685 ,
2373 620 2573 678 Pater?
2613 625 2745 679 Num
2777 626 2907 681 liora
2947 630 3057 698 jam
3089 631 3373 687 novissium
3416 645 3517 698 est,

1938 719 1992 764 et
2016 709 2265 774 defectio,
2292 714 2581 768 secundum
2605 716 2846 782 Paulum,
2873 735 2965 787 per
2992 721 3087 774 ista
3111 721 3315 777 initium
3343 726 3515 792 capit:

1941 798 2009 854 Ut
2055 800 2268 854 demum
2326 805 2571 858 reveletur
2621 806 2757 875 ﬁlius
2821 808 3150 877 perditionis,
3205 812 3519 868 adversarius

1937 893 2014 962 (2.
2043 893 2220 949 Thess.
2249 897 2301 949 ἓ.
2328 898 2429 966 5)?
2466 897 2597 952 Nam
2631 900 2802 954 malos
2829 916 3081 971 prospere
3108 918 3294 972 agere.
3321 913 3379 960 et
3407 904 3520 959 hare

1937 995 2149 1054 patrare
2168 1028 2182 1051 ,
2215 995 2267 1040 ct
2296 987 2489 1043 durare
2527 1001 2578 1043 et
2609 991 2896 1059 praevalere
2915 1032 2930 1055 ,
2963 1002 3017 1046 et
3052 993 3219 1048 bonos
3258 997 3428 1066 premi
3459 1012 3518 1050 ac

1936 1076 2174 1146 Spoliarl,
2202 1077 2349 1132 illum
2379 1082 2807 1150 appropinquare
2834 1098 2954 1137 cum
2981 1082 3204 1138 horrore
3232 1100 3316 1140 me
3336 1087 3523 1141 admo-

1935 1178 2045 1220 net.
2078 1168 2252 1223 EPISC.
2286 1169 2566 1224 Proximus
2591 1172 2805 1241 quidem
2833 1181 2917 1226 est
2948 1172 3067 1227 finis
3087 1214 3101 1237 ,
3133 1174 3520 1242 sapientissimo

1937 1257 2235 1321 Theodore,
2265 1259 2412 1329 juxta
2442 1278 2565 1316 cum
2592 1264 2681 1331 qui
2711 1264 2785 1317 ait
2815 1281 2826 1315 :
2858 1262 3035 1319 Filioli
3055 1306 3069 1329 ,
3099 1267 3369 1320 novissima
3396 1268 3522 1321 hora

1936 1358 2007 1402 est
2032 1351 2048 1419 (
2078 1352 2125 1403 1.
2150 1348 2305 1404 Joan.
2331 1352 2384 1404 2.
2414 1352 2507 1422 18)
2541 1370 2554 1406 :
2588 1364 2641 1408 et
2668 1353 2831 1423 juxta
2857 1355 2985 1409 illud
3011 1372 3023 1407 :
3055 1355 3193 1410 Exiit
3222 1359 3521 1425 paterfami-

1936 1438 2033 1493 lias
2077 1441 2213 1493 circa
2257 1441 2577 1496 undecimam
2626 1444 2803 1497 homm
2854 1446 3134 1500 conducere
3172 1448 3522 1517 aperarios-in

1935 1532 2132 1585 vineam
2171 1549 2316 1585 suam
2348 1533 2561 1603 (Matth.
2588 1535 2677 1589 20.
2704 1535 2757 1607 1)
2786 1553 2801 1591 :
2832 1536 2959 1590 liora
3002 1547 3177 1591 autem
3209 1537 3533 1594 duodecima.

1935 1623 2116 1677 ultima
2155 1634 2257 1679 est.
2292 1625 2350 1680 Si
2389 1641 2516 1680 vero
2555 1635 2678 1682 ante
2720 1629 3136 1699 quadringentos
3175 1644 3344 1686 annos
3381 1630 3521 1685 dicta

1934 1723 2014 1766 est
2044 1713 2111 1767 ab
2140 1716 2398 1783 Apostolo
2445 1717 2662 1781 ultima,
2709 1719 2878 1773 multo
2908 1718 3077 1789 magis
3119 1736 3262 1789 nunc
3306 1731 3522 1791 propter

1935 1805 2050 1859 hzee
2075 1808 2272 1861 omnia.
2304 1808 2506 1863 Deinde
2532 1809 2647 1863 hare
2673 1809 2739 1863 ab
2762 1809 2911 1863 initio
2936 1800 3275 1880 contigerunt
3299 1813 3533 1866 Domino

1934 1898 2296 1967 permittente,
2340 1899 2406 1954 ad
2445 1901 2773 1955 exercendus
2801 1913 3045 1967 sanctos,
3089 1917 3209 1956 eum
3236 1919 3328 1958 eos
3354 1920 3525 1974 expea

1934 1996 2067 2042 teret
2111 1988 2373 2052 diabolus,
2416 1991 2553 2044 sicut
2595 1990 2669 2044 ait
2709 1990 2963 2045 Servator
3002 2010 3013 2045 :
3060 1991 3277 2055 Simon,
3318 1993 3524 2058 Simon;

1933 2079 2167 2147 expetivit
2203 2096 2290 2132 vos
2315 2079 2561 2145 Satanas,
2608 2090 2660 2133 ut
2703 2080 2941 2134 cribraret
2971 2084 3101 2136 sicut
3145 2084 3405 2137 triticum:
3432 2102 3531 2152 ego

1931 2180 2098 2223 autent
2123 2171 2298 2241 rogavi
2338 2187 2430 2240 pro
2453 2181 2520 2237 te,
2546 2182 2600 2224 ut
2633 2189 2733 2226 non
2765 2172 2968 2242 deﬁciat
3002 2174 3128 2243 fides
3153 2186 3241 2227 tua
3261 2174 3410 2246 (Luc.
3430 2176 3529 2230 εξ.

1932 2261 2018 2315 31.
2043 2261 2157 2331 52).
2201 2262 2382 2331 Neque
2407 2278 2534 2317 vero
2562 2278 2656 2333 pra
2688 2265 2802 2319 solo
2833 2265 2992 2320 Petro
3034 2267 3237 2337 rogavit
3256 2267 3526 2336 Christus‘

1930 2352 2023 2405 sed
2072 2367 2167 2420 pro
2214 2352 2466 2408 omnibus
2515 2354 2713 2410 Christi
2763 2355 2920 2410 fidem
2965 2357 3345 2414 habentibus:
3391 2358 3523 2415 nihil

1928 2442 2069 2495 aliud
2098 2443 2431 2513 signiﬁcante
2461 2445 2659 2510 cribro,
2700 2462 2860 2517 quam
2890 2448 3075 2504 orbem
3111 2460 3392 2515 terrarum,
3424 2470 3522 2507 vo—

1930 2533 2188 2601 luptatmn
2235 2549 2298 2588 ac
2343 2535 2592 2591 dolorum
2641 2538 2890 2606 plenum,
2938 2555 3034 2608 per
3069 2557 3193 2612 qua:
3227 2543 3388 2598 veluti
3414 2560 3535 2614 Ipeo'

1928 2623 2185 2680 foramina
2250 2628 2446 2683 terreni
2511 2627 2757 2684 homines
2803 2629 2856 2684 in
2921 2646 3104 2687 ereum
3156 2633 3409 2690 excidunt
3454 2638 3529 2692 ab

1927 2718 2103 2774 alente
2131 2720 2324 2785 tritico,
2350 2720 2477 2775 dum
2506 2722 2651 2776 velut
2679 2738 2708 2776 a
2743 2721 3091 2780 foraminibus
3119 2738 3475 2783 secernuntur
3503 2748 3515 2781 :

1927 2810 2046 2864 aliis
2088 2810 2303 2880 quidem
2332 2811 2696 2868 diffluentibus
2726 2814 2886 2869 veluti
2919 2830 3013 2884 per
3050 2816 3301 2872 foramen
3346 2820 3518 2890 inglue

1927 2900 2051 2954 vici.
2094 2900 2321 2966 Quorum
2344 2900 2484 2957 Deus
2519 2913 2688 2958 venter
2726 2915 2798 2958 est
2837 2904 3108 2977 (Philipp.
3133 2908 3357 2979 3:19;;
3401 2911 3520 2965 aliis

1925 3002 2102 3045 autem
2129 3008 2227 3061 per
2255 2993 2581 3063 voluptatum
2612 2995 2910 3062 illecebras,
2940 2997 3007 3051 de
3030 2998 3220 3068 quibus
3248 3000 3515 3069 prepheta

1924 3082 2017 3147 ait,
2036 3081 2234 3154 Spiritu
2251 3085 2598 3155 fornicationis
2613 3085 2805 3140 seducti
2817 3101 2930 3141 sunt
2947 3104 2965 3141 :
2982 3105 3141 3157 neque
3155 3090 3287 3142 cnim
3304 3093 3520 3161 fornica-

1926 3183 2055 3227 tores
2072 3214 2087 3240 ,
2111 3191 2268 3239 neque
2287 3175 2527 3239 adulteri,
2550 3193 2710 3243 neque
2731 3177 2925 3244 molles,
2951 3196 3161 3249 regnum
3180 3180 3275 3235 Dei
3295 3184 3520 3252 posside-

1923 3264 2044 3318 bunt
2068 3265 2143 3334 (l.
2169 3265 2283 3319 Cor.
2308 3267 2361 3319 6.
2390 3266 2479 3336 10)
2506 3283 2518 3318 :
2543 3268 2661 3321 aliis
2688 3282 2782 3336 per
2807 3270 3082 3322 avaritiam
3113 3287 3124 3321 :
3152 3272 3358 3327 scilicet
3390 3277 3512 3343 qui-

1923 3371 2149 3426 cumque
2176 3358 2489 3411 idololatriae
2512 3358 2791 3428 coznjugem
2817 3359 2918 3413 sibi
2939 3359 3330 3429 desponsaruut
3356 3383 3369 3418 :
3395 3365 3542 3420 aliis

1924 3462 2017 3517 per
2047 3449 2178 3503 iram
2204 3456 2259 3501 et
2279 3448 2532 3513 furorem,
2564 3450 2652 3518 qui
2686 3449 2877 3505 ferales
2904 3451 3149 3505 tenebras
3181 3464 3515 3521 amaverunt,

1921 3540 1989 3595 de
2021 3541 2210 3610 quibus
2240 3541 2475 3596 Joannes
2505 3561 2515 3595 :
2547 3542 2646 3607 Qui
2671 3543 2774 3597 odit
2802 3547 3010 3614 fratrem
3033 3561 3199 3609 suum,
3218 3547 3517 3603 intenebris

1918 3639 1992 3685 est
2034 3647 2188 3701 usque
2210 3631 2379 3685 adhuc
2405 3632 2478 3703 (1.
2500 3629 2657 3687 Joan.
2704 3630 2754 3684 “2.
2788 3633 2878 3701 9):
2903 3632 2994 3687 Ira
3018 3635 3182 3701 enim,
3207 3648 3263 3690 ut
3282 3639 3355 3691 ait
3380 3637 3518 3693 Pro-

1919 3723 2220 3778 verbiorum
2253 3734 2459 3791 auctor,
2486 3724 2650 3794 perdit
2670 3726 2817 3779 etiam
2837 3727 3087 3798 sapientes
3103 3726 3280 3799 (Prov.
3303 3729 3389 3786 l5.
3416 3731 3474 3800 1)
3495 3750 3508 3784 :

1919 3815 2037 3869 aliis
2061 3830 2157 3884 per
2186 3815 2443 3871 incuriam
2471 3825 2524 3870 et
2570 3816 2934 3882 oblivionem,
2968 3820 3018 3873 in
3052 3823 3324 3875 memoria:
3368 3823 3508 3893 vigi-

1919 3905 2080 3960 lantia
2124 3922 2239 3961 non
2280 3907 2627 3976 perdurantes
2656 3950 2669 3974 ,
2720 3920 2774 3963 et
2809 3908 2935 3963 illud
2981 3911 3509 3979 precantes-dictitata

1921 3997 2221 4053 Dormitavit
2263 4001 2437 4054 anima
2468 4017 2579 4054 mea
2623 4017 2730 4071 pra:
2782 4001 2930 4055 taedio
2985 4003 3002 4071 (
3038 4000 3178 4057 Psal.
3209 4002 3331 4058 118.
3364 4003 3440 4060 28
3466 4005 3508 4074 ).
3552 4050 3557 4053 ς

1918 4093 2063 4161 Quos
2095 4094 2358 4149 miserans
2389 4095 2686 4163 Scriptura,
2717 4096 2825 4149 ait:
2864 4093 2953 4149 Va:
2980 4096 3117 4150 vobis
3152 4097 3237 4165 qui
3284 4097 3509 4165 perdidis-

1915 4187 2369 4257 stispatientiaml—
2392 4195 2438 4240 et
2472 4187 2594 4255 quid
2613 4187 2808 4256 facietis
2829 4230 2843 4253 ,
2867 4204 2981 4241 cum
3017 4189 3235 4242 visitabit
3250 4188 3502 4245 Dominus

1916 4275 2177 4345 (Ecclhﬁ.
2206 4276 2574 4345 16:17)?aliis
2608 4290 2704 4344 per
2747 4276 3165 4331 irrationabilem
3187 4279 3499 4332 ostentatio-

1914 4382 2060 4431 nem,
2088 4366 2373 4436 de‘quibus
2397 4366 2678 4420 Psalmista
2713 4366 3030 4435 praedicebat
3061 4384 3075 4421 :
3111 4367 3360 4433 Quoniam
3397 4369 3502 4424 dis-

1911 4458 2094 4530 sipavit
2119 4456 2259 4511 Deus
2282 4473 2399 4511 ossa
2422 4455 2708 4510 hominibus
2748 4456 3092 4527 placcntium(
3126 4458 3271 4513 Psal.
3293 4455 3382 4513 5:2.
3412 4460 3502 4526 θὶς
3532 4512 3543 4518 ,

1910 4549 2028 4604 aliis
2071 4564 2166 4617 per
2189 4550 2546 4620 arrogantiam
2577 4558 2628 4603 et
2664 4547 2856 4602 fastum
2878 4591 2893 4615 ,
2918 4548 3059 4618 quod
3098 4561 3179 4605 est
3209 4550 3455 4622 superbia
3487 4570 3503 4607 :

1911 4657 2046 4714 quos
2070 4642 2233 4697 veluti
2282 4641 2486 4696 ordinis
2531 4640 2839 4696 desertores
2880 4639 3138 4710 prepheta
3189 4642 3499 4698 insinmlat:

1906 4736 2131 4805 Superbi
2156 4735 2326 4805 inique
2353 4736 2566 4806 agebant
2601 4749 2994 4803 usquequaque;
3022 4750 3054 4787 a
3090 4732 3199 4807 lege
3229 4745 3397 4790 autem
3416 4746 3505 4792 tua

1909 4844 2010 4883 non
2025 4827 2270 4882 declinavi
2288 4826 2454 4899 (Psal.
2479 4828 2503 4880 1
2519 4826 2600 4882 l8.
2621 4827 2732 4897 51).
2756 4826 3184 4898 Unumquodque
3202 4839 3378 4884 autem
3399 4829 3500 4884 ho-

1907 4935 2026 4974 rum
2057 4919 2306 4973 vitiorum
2340 4918 2491 4988 plura
2532 4916 2633 4970 alia
2677 4916 3075 4987 subsequuntur
3104 4937 3115 4972 ε
3146 4918 3337 4973 fastum
3369 4920 3502 4974 invi-

1907 5011 2014 5079 dia,
2038 5011 2311 5065 avaritiam
2343 5009 2544 5075 odium,
2577 5009 2906 5065 illiberalitas
2945 5010 3275 5065 mendacium
3307 5028 3321 5076 ;
3353 5011 3500 5067 furo-

1904 5118 2018 5159 rem
2048 5104 2123 5158 ira
2153 5103 2237 5158 vel
2269 5100 2732 5168 excandescentia,
2762 5103 3117 5166 contumelim,
3150 5102 3495 5170 invidentia);

1904 5195 2308 5252 fornicationem
2358 5193 2554 5249 oblivio
2577 5236 2593 5261 ,
2647 5195 2907 5250 securitas
2931 5237 2943 5260 ,
2974 5195 3202 5266 pigritia,
3234 5198 3333 5252 zeli
3368 5196 3492 5251 boui

1902 5288 2160 5353 defectus,
2190 5286 2498 5356 inutilisque
2540 5287 2753 5356 vigilia;
2799 5304 2987 5341 vanam
3051 5289 3271 5358 gloriam
3314 5289 3494 5343 curio-

1905 5382 2055 5443 sitas,
2090 5378 2368 5449 perceptio
2393 5378 2684 5444 donorum,
2716 5394 2927 5449 pompa,
2958 5379 3346 5443 simulationes,
3370 5395 3493 5448 per-

1901 5485 2153 5525 sonarum
2192 5470 2552 5538 acceptiones,
2585 5468 2840 5533 fallaciae;
2871 5466 3174 5537 superbiam
3200 5466 3490 5530 dementia,

1902 5561 2375 5625 immisericordim,
2406 5562 2565 5629 impia
2596 5560 2751 5624 facta,
2782 5557 2977 5612 mentis
2992 5556 3309 5623 etnotiones,
3334 5568 3493 5629 atque

1902 5654 2035 5708 alias
2061 5654 2200 5720 aliae,
2234 5668 2301 5708 ne
2324 5654 2501 5723 plures
2527 5664 2834 5715 recensens,
2853 5661 3157 5702 sermonem
3189 5648 3331 5705 hunc
3361 5665 3465 5705 one

1905 5758 2057 5809 rem,
2108 5759 2228 5799 cum
2277 5741 2487 5797 abunde
2518 5741 2939 5796 demonStratum
2984 5738 3071 5803 sit,
3114 5738 3255 5810 quod
3285 5739 3484 5796 dictum

1906 5846 2004 5893 est.
2055 5835 2348 5907 Unicuique
2395 5844 2569 5888 autem
2615 5831 2802 5885 horum
2866 5830 3111 5886 vitiorum
3167 5833 3507 5889 contrarium
