3948 6458
400 406 466 462 τε
1667 369 1978 432 PALLADll
2021 368 2357 428 DIALOG'CS
3608 372 3678 428 re

403 521 652 572 virtutem
678 513 814 565 Deus
833 501 1083 575 opposuit
1115 518 1122 549 ῖ
1152 497 1298 553 verbi
1340 496 1507 568 gratia
1533 534 1548 560 ,
1575 492 1800 546 luxuria:
1823 487 1983 543 εδειὶ-

403 618 590 668 tatem,
632 597 893 672 gulositsti
938 591 1342 664 temperantiam
1368 631 1381 656 ,
1413 585 1648 642 avaritia:
1691 579 1980 651 justitiam,

400 699 494 750 ira:
526 695 814 756 lenitatem,
833 688 1057 742 tristitia.-
1082 684 1352 755 gaudium,
1379 677 1628 734 oblivioni
1652 672 1987 737 memoriam,

403 783 662 839 socordiae
691 779 1020 850 patientiam,
1058 773 1338 828 dementia:
1380 768 1736 840 prudentiam,
1762 761 1988 834 ignavia:

408 873 790 933 fortitudinem,
818 867 1036 923 vanitati
1066 864 1441 926 humilitatem,
1471 868 1526 914 et
1563 857 1679 911 aliis
1703 856 1833 909 alias
1864 853 1986 906 :his

413 959 655 1013 nnmbus
681 955 915 1010 divin-am
945 950 1273 1018 Scriptorum
1301 964 1314 999 :
1344 945 1442 998 soli
1475 951 1653 996 autem
1695 938 1850 992 lastui
1878 937 1989 991 vir-

413 1057 576 1102 tutem
606 1043 928 1100 contrariam
955 1055 1062 1094 non
1104 1037 1251 1093 dedit
1275 1035 1344 1089 ob
1371 1031 1806 1102 exsuperantiam
1849 1027 1986 1094 vitii,

413 1139 638 1206 seipsum
670 1135 741 1189 illi
785 1148 1085 1194 reservans,
1109 1129 1245 1183 sicut
1283 1125 1417 1181 dixit
1447 1142 1460 1178 :
1493 1123 1630 1177 Deus
1655 1119 1883 1190 superbis
1909 1134 1990 1171 re-

413 1230 536 1282 sistit
576 1227 713 1296 (Jac.
757 1227 808 1279 4.
849 1225 882 1279 6
912 1227 928 1292 )
964 1241 978 1276 :
1009 1221 1146 1276 sicut
1175 1219 1336 1274 etiam
1375 1217 1489 1286 ipse
1517 1212 1775 1285 propheta
1804 1225 1992 1281 preca-

413 1336 526 1384 tlll‘,
558 1319 784 1372 dicens:
822 1314 952 1368 Leva
996 1327 1173 1367 manus
1201 1321 1316 1364 tuas
1355 1309 1407 1362 in
1453 1305 1714 1375 superbias
1749 1317 1922 1356 eorum
1941 1301 1995 1353 in

415 1412 606 1478 liuenti
639 1407 779 1460 Psal.
813 1409 900 1460 75.
933 1407 965 1460 '5
998 1404 1015 1474 )
1057 1421 1068 1455 :
1101 1411 1154 1456 et
1180 1415 1398 1466 rursus,
1425 1396 1600 1452 Redde
1622 1391 1994 1448 retributionem

415 1502 636 1572 superbis
667 1500 684 1570 (
721 1499 858 1553 Psal.
881 1499 967 1554 95.
997 1497 1034 1549 2
1058 1497 1101 1566 ).
1136 1495 1202 1549 Et
1253 1489 1698 1564 quemadmodum
1728 1501 1792 1541 ex
1822 1483 1993 1539 fructu

416 1595 571 1646 arbor
605 1588 964 1660 cognoscitur,
997 1597 1054 1640 ut
1077 1587 1154 1639 ait
1181 1583 1441 1638 Dominus
1470 1599 1482 1634 :
1517 1579 1599 1634 Ea:
1633 1577 1879 1650 fructibus
1905 1591 1994 1628 eo-

417 1698 528 1736 rum
547 1680 851 1752 cognoscetis
880 1695 962 1732 eos
993 1678 1012 1749 (
1039 1676 1224 1731 Matth.
1271 1676 1323 1729 7.
1361 1673 1457 1741 16)
1486 1689 1502 1724 :
1534 1672 1604 1726 ita
1633 1668 1996 1738 unusquisque

419 1769 687 1819 Immunem
708 1804 723 1828 ,
755 1764 866 1818 sive
909 1761 1013 1816 sint
1037 1759 1202 1815 sancti
1229 1799 1246 1826 ,
1271 1758 1385 1813 sive
1410 1755 1671 1811 dicantur.
1702 1754 1792 1811 Sic
1817 1763 1996 1809 autem

420 1857 615 1925 ultique
640 1863 764 1909 sunt
791 1851 1152 1923 improborum
1180 1849 1558 1918 prosperitates
1586 1847 1819 1901 immota:
1845 1887 1860 1911 ,
1890 1845 1999 1899 Deo

421 1962 544 2015 erga
571 1947 716 2014 ipsos
760 1943 1022 2012 patienter
1050 1949 1259 2010 agente.
1288 1939 1401 1994 Hoc
1426 1939 1569 1993 enim
1599 1937 1768 2007 ipsum
1797 1936 1950 1989 decet
1983 1953 1996 1987 :

419 2037 490 2090 ita
522 2046 579 2088 ut
621 2034 790 2087 sancti
820 2033 1045 2101 idipsum
1073 2045 1139 2085 ex
1171 2043 1396 2099 persona
1426 2042 1608 2082 eorum
1630 2069 1644 2092 ,
1687 2027 1774 2095 qui
1799 2040 1998 2082 vexan-

421 2137 526 2189 tur,
558 2122 932 2192 proclamarint
955 2121 1020 2175 ad
1038 2119 1456 2174 consolationem
1484 2118 1721 2172 omnium
1737 2124 1998 2175 nostrum,

419 2218 507 2292 qui
534 2231 672 2276 nunc
704 2213 949 2290 patimur.
1005 2212 1214 2273 Primus
1262 2209 1530 2285 patientiae
1558 2208 1697 2261 [ilius
1723 2205 1845 2272 Job,
1877 2205 2002 2276 qttid

421 2324 540 2384 post
567 2315 730 2368 multa
761 2313 834 2366 ait
862 2313 886 2365 ?
925 2312 1050 2381 quid
1077 2312 1218 2366 enim
1243 2311 1266 2364 ‘l
1299 2308 1563 2380 Numquid
1590 2324 1652 2360 ex
1693 2297 1892 2358 licinius
1931 2319 2003 2356 re-

420 2405 680 2472 prehensio
727 2403 876 2456 mea?
913 2403 1232 2472 iuettlpattnn
1273 2396 1339 2455 se
1380 2415 1498 2454 esse
1549 2396 1869 2467 significans.
1935 2393 2003 2448 Et

418 2511 574 2561 quare
611 2510 712 2546 non
732 2494 922 2546 irascar
943 2493 968 2545 2
995 2495 1080 2562 qui
1108 2491 1370 2560 adspicitis
1410 2506 1504 2550 me,
1537 2487 1878 2548 admiremini,
1911 2500 2002 2553 po-

421 2593 592 2638 nentes
616 2599 820 2636 ntanum
845 2599 993 2650 super
1012 2581 1291 2635 maxillam.
1313 2579 1376 2635 Si
1391 2579 1524 2632 enim
1549 2574 1839 2631 recordatus
1858 2576 2002 2642 [uero

430 2675 660 2744 religiose
699 2673 820 2737 uixi,
849 2681 895 2725 ct
922 2673 1122 2726 doleres
1146 2670 1362 2726 obtinent
1386 2683 1587 2722 carnem
1625 2682 1806 2720 ιιιεαιιι.
1832 2665 2006 2729 Quare

430 2762 573 2833 impii
599 2763 766 2817 visunt
791 2805 805 2828 ,
850 2771 898 2816 et
938 2763 1273 2816 inueterarunt
1300 2761 1351 2814 in
1371 2759 1556 2813 divitiis
1572 2759 1600 2811 Ρ
1625 2757 1807 2812 Semen
1835 2772 2006 2810 eorum

423 2859 697 2907 secundum
740 2852 994 2916 animam,
1028 2853 1124 2920 lilii
1149 2861 1316 2906 autem
1354 2867 1526 2905 eorum
1561 2850 1614 2902 in
1651 2848 1809 2903 oculis
1842 2858 2002 2902 sunt:

427 2948 606 3000 (toruus
635 2961 807 3000 eorum
833 2944 1091 2997 abundant
1116 2985 1131 3010 ,
1160 2945 1310 2998 timor
1351 2953 1514 2997 autent
1558 2940 1740 2994 nullibi
1767 2956 1787 2994 :
1827 2940 2008 3010 ﬂagel-

429 3040 536 3092 lum
557 3036 648 3090 Dei
665 3053 766 3090 non
793 3045 864 3090 est
890 3051 1042 3106 super
1067 3036 1203 3090 illos.
1227 3034 1330 3090 Bos
1358 3049 1529 3090 eorum
1556 3049 1657 3087 non
1685 3033 2010 3088 immaturum

429 3127 619 3198 peperit
649 3141 668 3180 .°
693 3135 887 3180 servata
913 3135 985 3180 est
1008 3125 1070 3178 ab
1095 3135 1242 3192 azstu,
1271 3126 1324 3179 in
1352 3133 1521 3179 ventre
1548 3122 1736 3178 habens
1767 3138 1866 3177 non
1896 3125 2009 3194 fru-

427 3227 586 3271 strata
611 3225 702 3271 est.
739 3214 948 3269 Manent
974 3223 1141 3268 autent
1167 3217 1296 3270 sicut
1324 3230 1438 3269 oues
1467 3224 1742 3285 perpetuat.
1775 3211 2010 3285 Infantes

427 3325 600 3362 eorum
629 3307 901 3374 adludunt,
930 3317 1147 3362 tenentes
1167 3307 1465 3377 psalterium
1483 3316 1529 3362 et
1555 3305 1822 3372 citharam,
1845 3314 1892 3360 et
1921 3305 2012 3360 lat-

438 3402 608 3454 hmtur
638 3400 688 3453 in
733 3415 850 3453 voce
886 3399 1069 3466 psalmi
1107 3413 1125 3452 :
1155 3407 1563 3453 consummarunt
1592 3397 1645 3452 in
1681 3397 1822 3452 bonis
1860 3398 2012 3452 vitam

437 3505 611 3550 suam,
645 3495 690 3539 et
717 3488 771 3539 in
793 3486 965 3553 requie
986 3485 1181 3553 inferni
1212 3484 1626 3540 obdormierunt.
1662 3485 1801 3540 Dicit
1835 3497 2014 3543 autem

443 3577 666 3630 Domino
694 3591 712 3628 :
738 3573 934 3627 Recede
971 3590 1004 3626 a
1031 3590 1130 3637 me,
1161 3573 1271 3627 uias
1295 3583 1413 3627 tuas
1446 3575 1580 3628 scire
1600 3576 1722 3630 nolo
1754 3575 1898 3647 (Job.
1922 3577 2016 3646 21,

437 3668 624 3735 4-H).
651 3664 788 3720 Huic
811 3680 1052 3720 consona
1074 3667 1340 3722 malorum
1365 3667 1606 3722 tolerans
1624 3678 1678 3722 et
1705 3669 2015 3727 divinorum

435 3759 766 3828 judiciorum
801 3771 977 3828 praeco
1010 3757 1176 3812 David
1195 3759 1292 3823 ait,
1319 3758 1475 3826 juxta
1501 3760 1635 3815 illud
1662 3781 1674 3815 :
1703 3759 2014 3818 Misericor-

437 3851 582 3905 diam
608 3862 656 3906 et
677 3852 940 3920 judicium
964 3852 1189 3906 cantabo
1212 3851 1330 3916 tibi,
1361 3852 1602 3908 Domine.
1641 3855 1815 3922 Quam
1846 3856 2012 3913 bonus

442 3942 581 3996 Deus
615 3941 807 3997 Israeli
845 3943 998 3996 rectis
1039 3945 1193 3997 corde
1222 3943 1397 4015 (Psal.
1413 3947 1533 4002 100.
1554 3946 1664 3999 Let
1691 3947 1774 4001 72.
1810 3948 1879 4018 l).
1911 3947 2018 4003 Mei

439 4047 611 4089 autem
625 4049 750 4101 pene
763 4032 890 4088 moti
901 4043 1022 4088 sunt
1039 4033 1214 4101 pedes,
1226 4049 1352 4101 pene
1363 4036 1519 4105 effusi
1536 4047 1658 4090 sunt
1674 4055 1886 4106 gressus
1913 4041 2015 4093 mei

441 4125 616 4197 (Psal.
640 4125 724 4178 72.
749 4124 824 4194 2).
851 4125 998 4179 Cur?
1021 4125 1162 4192 Quia
1187 4127 1355 4181 zelaoi
1379 4144 1535 4196 super
1560 4129 1766 4201 iniquos
1783 4173 1796 4196 ,
1830 4147 2013 4200 pacem

435 4225 766 4284 peccatorum
795 4213 989 4268 videns.
1027 4213 1090 4268 Et
1119 4214 1247 4270 alibi
1277 4231 1501 4283 rursus,
1533 4231 1665 4287 opes
1691 4233 1882 4274 eorum
1919 4219 2020 4274 da-

439 4323 657 4369 mnans,
671 4306 834 4360 dicit:
855 4305 1015 4360 Boves
1033 4323 1211 4361 eorum
1231 4323 1446 4374 crassw,
1467 4326 1582 4363 oues
1597 4326 1778 4365 eorum
1794 4313 2014 4381 ρεισκε,

437 4399 765 4452 abundantes
787 4400 842 4452 in
856 4399 1150 4470 egressibus
1174 4401 1308 4464 suis,
1334 4404 1702 4470 promptuaria
1718 4420 1900 4458 eorum
1914 4405 2021 4475 ple-

437 4507 528 4556 na,
560 4490 856 4542 eructantia
873 4505 937 4543 ea:
956 4490 1052 4542 hoc
1072 4490 1125 4542 in
1148 4490 1280 4542 illud
1303 4508 1320 4543 :
1345 4493 1472 4560 ﬁlice
1487 4510 1666 4546 eorum
1691 4499 2018 4564 composita,

437 4581 635 4631 circum
653 4587 876 4641 ornatae,
901 4587 954 4630 ut
973 4577 1267 4633 similitudo
1280 4579 1644 4652 templi(Psal.
1665 4585 1788 4640 145.
1814 4587 1901 4643 14.
1927 4587 2015 4642 15.

438 4668 546 4739 12).
576 4667 681 4722 Sed
698 4674 751 4722 et
773 4669 968 4722 malam
991 4683 1182 4725 eorum
1203 4672 1556 4726 concordiam
1576 4682 1626 4729 et
1642 4691 1828 4743 pacem
1845 4679 2021 4734 admi-

438 4776 566 4816 rans
581 4759 751 4815 addit:
771 4758 894 4814 Non
906 4770 982 4815 est
1000 4761 1202 4815 clamor
1215 4764 1265 4816 in
1275 4764 1465 4831 plateis
1481 4781 1849 4838 earum,neque
1864 4771 2020 4825 ruina

435 4853 678 4907 maceria:
695 4852 749 4906 in
764 4851 1008 4908 domibus
1028 4870 1210 4908 eorum
1231 4856 1249 4924 (
1269 4855 1408 4910 Ibid.
1429 4873 1475 4912 υ.
1502 4857 1588 4912 li.
1611 4869 1658 4912 et
1683 4860 1790 4920 15).
1815 4862 2020 4920 Deinde

434 4941 753 5011 vituperans
774 4950 1086 5012 corruptam
1110 4944 1252 5014 vulgi
1276 4946 1614 5014 opinionem,
1645 4950 1720 5003 ait
1749 4970 1761 5004 :
1787 4951 2018 5008 Beatum

438 5031 672 5082 dixerunt
699 5032 964 5100 populum,
992 5035 1075 5087 cui
1101 5037 1210 5090 lucc
1242 5047 1377 5092 sunt.
1419 5039 1484 5094 Et
1511 5039 1658 5096 addit
1687 5060 1699 5097 :
1731 5041 1917 5100 Beatus
1938 5063 2022 5115 po-

440 5121 592 5188 pulus
620 5162 636 5189 ,
669 5125 812 5193 cujus
858 5124 1106 5182 Dominus
1153 5128 1312 5185 Iacob
1351 5133 1555 5204 adjutor
1595 5135 1726 5205 ejus.
1774 5137 1837 5191 Et
1867 5155 1930 5191 ne
1955 5154 2020 5193 eo

441 5229 604 5282 usque
635 5213 829 5269 sistens
859 5219 1157 5273 testimonia
1186 5263 1199 5284 ,
1244 5220 1430 5278 faciam
1452 5267 1464 5287 ,
1499 5234 1553 5278 ιιι
1579 5228 1904 5296 periclitetur
1923 5231 2020 5284 im-

442 5302 670 5369 perfecta
703 5306 873 5360 oratio
901 5349 914 5371 ,
945 5309 1068 5363 audi
1113 5327 1298 5366 rursus
1342 5315 1612 5371 Abbaeum
1642 5335 1762 5374 cum
1789 5323 2019 5391 quodam

439 5393 646 5460 planctu
676 5413 837 5466 super
867 5397 1166 5468 hujusmodi
1211 5402 1590 5474 indignantem,
1619 5426 1695 5466 ac.
1714 5411 1978 5466 dicentem
2006 5430 2018 5465 :

443 5478 725 5549 L'stntequo,
760 5486 992 5554 Domine,
1025 5491 1250 5546 clamabo
1272 5489 1296 5556 ,’
1315 5494 1562 5565 injurium
1589 5501 1779 5563 patirns
1801 5545 1813 5564 ,
1848 5513 1893 5556 rt
1921 5521 2021 5558 non

441 5570 715 5642 exaudies(
753 5575 946 5634 Hebae.
979 5583 1026 5636 1.
1057 5584 1090 5637 τι
1141 5616 1163 5626 ο
1185 5586 1217 5639 4
1246 5586 1296 5654 )?
1329 5586 1546 5655 injurias
1596 5591 1736 5644 enim
1772 5594 2018 5660 proximi.

441 5674 561 5753 suas
593 5665 893 5730 appellavit.
926 5672 990 5725 Et
1012 5674 1231 5732 fratrum
1260 5693 1444 5733 amans
1471 5680 1651 5735 addit:
1695 5682 2020 5753 Vociferabor

440 5750 506 5794 ad
532 5755 602 5813 te,
641 5761 687 5803 et
709 5769 806 5806 non
833 5757 1061 5812 salrabis.
1095 5766 1264 5830 Quare
1288 5771 1544 5824 ostcndisti
1577 5772 1699 5826 mihi
1739 5750 1931 5832 labores
1973 5790 2019 5834 ct

2100 482 2307 537 dolores
2343 480 2509 535 tulere
2531 481 2584 534 in
2605 497 2896 538 arumnam
2921 500 2991 538 ac
3006 485 3327 556 impietatem
3345 493 3372 549 2
3387 509 3454 547 ex
3471 495 3698 553 aduerso

2102 575 2201 627 mei
2221 573 2420 641 factum
2433 581 2509 625 est
2521 571 2810 641 judicium,
2828 586 2877 626 et
2887 574 3057 642 judea:
3079 579 3290 646 accipit.
3311 579 3525 637 Idcirco
3539 585 3696 638 dissi-

2098 671 2224 728 pata
2258 670 2336 714 est
2383 660 2491 725 lex,
2532 669 2581 714 et
2629 677 2732 713 non
2783 661 3092 729 perducitur
3127 666 3393 734 judicium
3443 671 3497 722 in
3536 674 3698 739 ﬁnem

2097 753 2223 822 quia
2272 752 2463 817 impius
2510 753 2758 818 prteralet
2809 753 3061 806 adversus
3110 755 3320 824 justum
3357 761 3481 828 (Job
3533 763 3620 816 17,
3666 767 3700 818 9

2099 851 2200 905 sqq
2228 836 2244 904 )
2267 834 2465 889 Eodem
2492 835 2686 904 spiritu
2709 837 2872 889 etiam
2895 839 3452 898 misericordissimus
3471 859 3698 901 saneto-

2099 938 2243 982 rum,
2260 920 2548 982 Jeremias.
2570 924 2830 978 haesitans
2850 940 2962 994 prs:
2979 927 3123 992 aliis,
3139 930 3340 983 clamat
3361 949 3372 983 :
3393 930 3587 988 Justus
3615 952 3696 998 es,

2100 1005 2342 1068 Domine,
2360 1007 2609 1076 quoniam
2636 1008 2777 1074 apud
2801 1019 2848 1062 te
2876 1010 3230 1079 defensionem
3254 1015 3532 1071 instituant
3559 1035 3579 1073 :
3604 1037 3698 1073 ue-

2099 1101 2397 1144 rumtamen
2427 1091 2639 1160 judicia
2673 1093 2861 1162 loquar
2894 1097 2963 1149 ad
2999 1109 3075 1162 te,
3111 1098 3351 1155 Domine.
3389 1105 3572 1170 Quare
3609 1109 3699 1161 ria

2096 1189 2432 1263 peccatorum
2467 1187 2849 1263 prosperatur.’
2877 1187 3148 1263 abundant
3187 1207 3388 1263 omnes,
3425 1196 3515 1262 qui
3547 1212 3690 1263 prc-

2094 1256 2401 1309 varicantur
2424 1255 2909 1322 praevaricationes.
2950 1256 3221 1312 Plantasti
3243 1277 3329 1314 eos
3351 1303 3365 1324 .
3400 1255 3447 1316 ei
3475 1255 3690 1322 radices

2091 1353 2304 1415 egerunt
2322 1343 2447 1413 (hoe
2468 1351 2576 1406 est,
2601 1344 2832 1398 licenter
2853 1345 3087 1412 vivunt),
3111 1357 3158 1400 et
3187 1348 3422 1416 fecerunt
3448 1353 3687 1422 fructum

2094 1437 2238 1493 (non
2281 1437 2439 1506 plane
2473 1436 2747 1505 spiritus)
2784 1455 2795 1490 :
2834 1439 3157 1508 propinquus
3190 1457 3243 1494 es
3277 1443 3359 1496 ori
3388 1461 3596 1508 eorum,
3635 1460 3686 1501 et

2095 1531 2246 1594 longe
2276 1543 2308 1578 a
2338 1525 2554 1580 renibus
2597 1543 2778 1580 eorum
2811 1526 2964 1591 (Jer.
3000 1530 3081 1582 l2.
3126 1534 3169 1584 l.
3211 1531 3303 1599 2).
3358 1533 3454 1589 llis
3499 1546 3688 1591 autem

2098 1603 2323 1655 omuino
2349 1601 2501 1670 paria
2531 1604 2753 1670 sapiens
2775 1604 3040 1671 propheta
3081 1604 3392 1674 Sophonias
3421 1607 3561 1678 [imo
3580 1610 3698 1662 Ma-

2099 1688 2332 1761 lachias}
2363 1729 2377 1753 .
2422 1689 2675 1745 homines
2723 1700 2780 1744 ut
2811 1693 3108 1747 maledicos
3143 1696 3404 1763 culpaus,
3453 1700 3548 1766 qui
3599 1697 3694 1753 Dei

2100 1777 2504 1846 providentiam
2533 1789 2817 1838 accusant.
2840 1789 3174 1849 ςιιιιριοεψιθ
3204 1783 3439 1839 mi~eros
3471 1787 3689 1846 dicunt.

2104 1869 2172 1908 ex
2186 1868 2418 1923 persona
2438 1853 2650 1908 Domini
2675 1855 2751 1908 ait
2769 1874 2782 1909 :
2806 1854 3134 1926 Ingravastis
3147 1874 3303 1926 super
3328 1875 3408 1913 me
3428 1877 3700 1918 sermones

2105 1953 2334 2010 vestros,
2362 1946 2436 1998 ait
2468 1945 2724 2001 Dominus
2746 1987 2759 2008 ,
2799 1958 2849 2001 et
2886 1949 3101 2003 dixistis
3132 1966 3150 2004 :
3203 1949 3263 2004 In
3297 1969 3397 2021 quo
3425 1964 3614 2009 contra
3647 1968 3698 2010 te

2109 2030 2275 2084 locuti
2301 2035 2532 2086 suntut?
2567 2033 2793 2086 Dixistis
2842 2050 2861 2087 .'
2909 2033 3108 2098 Vanus,
3148 2039 3240 2105 qui
3269 2040 3426 2091 servit
3465 2039 3594 2094 Deo.
3629 2041 3698 2095 Et

2104 2115 2226 2184 quid
2255 2115 2471 2182 amplius
2509 2117 2679 2170 nobis.
2735 2117 2856 2186 quia
2893 2117 3248 2172 custodivimus
3278 2120 3516 2171 mandata
3547 2120 3656 2190 ejus
3677 2162 3694 2184 .

2105 2214 2152 2258 et
2193 2205 2309 2274 quia
2371 2205 2740 2262 ambulavimus
2785 2208 3038 2274 supplices
3098 2219 3214 2262 ante
3261 2210 3442 2279 faciem
3488 2208 3697 2264 Domini

2107 2297 2462 2364 omnipotentis
2487 2298 2512 2350 ?
2541 2306 2585 2351 et
2616 2315 2748 2350 nun-
2778 2317 2870 2351 nos
2900 2299 3239 2366 beati/icamus
3264 2301 3474 2364 alienos,
3503 2313 3547 2354 et
3565 2303 3698 2355 ωιιὶ-

2107 2389 2325 2462 ﬁgantur
2360 2405 2532 2441 omnes
2553 2430 2566 2450 ,
2618 2391 2707 2459 qui
2745 2390 2938 2460 faciunt
2985 2390 3253 2457 injustitias
3284 2433 3297 2452 ,
3330 2400 3376 2443 et
3412 2393 3696 2446 restiterunt

2111 2487 2240 2555 Deo,
2270 2501 2314 2540 ιιι
2357 2484 2541 2541 sg'uoti
2581 2492 2717 2536 sunt.
2763 2481 2888 2536 Hcce
2915 2482 3166 2550 olrloquuti
3213 2492 3366 2547 sunt,
3411 2485 3496 2550 qui
3523 2484 3701 2536 timent

2108 2579 2412 2645 Domimim,
2433 2573 2772 2650 unusquisque
2791 2571 2861 2624 ad
2878 2573 3160 2642 proximum
3177 2588 3322 2625 suum
3349 2573 3428 2640 (.ll
3434 2573 3503 2625 al.
3529 2574 3586 2628 3.
3609 2574 3701 2627 15-

2111 2671 2179 2726 16
2205 2671 2249 2742 ).
2272 2670 2474 2738 Quibus
2511 2663 2707 2724 similia
2771 2663 2956 2727 infert,
2993 2663 3202 2731 pietatis
3236 2677 3430 2732 pra-co,
3463 2663 3658 2718 Paulus
3683 2680 3702 2718 :

2113 2759 2248 2815 Mati
2267 2769 2436 2814 autem
2463 2761 2689 2814 homines
2715 2771 2760 2814 et
2802 2755 3092 2813 seductores
3147 2753 3410 2823 proﬁcient
3437 2754 3490 2806 in
3516 2757 3663 2824 pejus
3681 2794 3702 2817 .

2109 2865 2367 2920 errantes,
2396 2854 2442 2906 ei
2475 2853 2528 2906 in
2572 2869 2791 2906 errarent
2839 2852 3087 2905 mittentes
3138 2844 3156 2914 (
3186 2846 3239 2898 εὶ.
3287 2844 3416 2898 Tim.
3465 2846 3520 2900 5.
3552 2847 3620 2900 15
3656 2846 3698 2916 ).

2115 2944 2320 3001 Deinde
2377 2953 2687 3000 sanctorum
2745 2945 3000 2998 vilitatem
3043 2937 3365 3006 designans,
3418 2935 3705 2990 aitzPuto

2111 3035 2243 3089 enim
2274 3034 2413 3106 quod
2445 3034 2580 3089 Deus
2601 3051 2691 3089 nos
2715 3032 2971 3103 apostolos
2999 3029 3296 3088 nouissimos
3321 3028 3701 3094 demonstrauit,

2111 3125 2255 3196 quasi
2285 3125 2435 3179 morti
2477 3125 2754 3180 destinatos
2781 3142 2800 3180 :
2845 3125 2961 3196 quia
2985 3126 3328 3195 spectacular»
3369 3121 3495 3196 facti
3523 3137 3706 3174 sumus

2112 3217 2300 3272 mundo
2325 3225 2372 3270 et
2395 3217 2586 3288 angelis
2613 3200 2666 3270 et
2692 3216 2993 3270 laetitiiribus.
3020 3214 3157 3268 Nam
3188 3233 3341 3284 usque
3369 3216 3422 3268 in
3449 3215 3584 3268 hanc
3617 3211 3704 3263 ho-

2111 3324 2223 3362 ram
2262 3315 2310 3361 et
2355 3308 2602 3362 esurimus
2628 3317 2674 3361 et
2699 3307 2893 3361 sitimus
2940 3317 2985 3360 et
3033 3307 3156 3360 nudi
3185 3323 3355 3361 sumus
3396 3317 3440 3362 et
3471 3302 3706 3375 colaphis

2113 3401 2355 3454 credimur
2383 3407 2430 3454 et
2479 3398 2736 3454 instabiles
2780 3416 2956 3453 sumus
3009 3407 3053 3452 et
3107 3400 3384 3469 fatigantur
3435 3408 3699 3466 operantes

2116 3489 2348 3543 manibus
2399 3489 2582 3544 nostris
2629 3504 2646 3543 :
2693 3503 2978 3558 corporeas
3019 3504 3285 3543 aerumnas
3332 3489 3696 3543 dinumerans.

2118 3579 2175 3634 Μ
2179 3580 2497 3644 aledicimur,
2530 3589 2577 3632 et
2609 3579 3425 3649 benedicimus;persequutionem
3453 3579 3697 3649 patimur,

2115 3679 2162 3725 et
2210 3671 2552 3737 sustinemus;
2594 3669 3020 3740 blasphemamur,
3065 3679 3112 3723 et
3164 3670 3518 3735 obsecramus;
3565 3679 3700 3722 tant-

2115 3777 2265 3831 qnam
2293 3771 2624 3832 purgamenta
2657 3761 2833 3814 mundi
2875 3761 2999 3829 [acti
3033 3776 3240 3824 sumus,
3286 3761 3505 3813 omnium
3531 3760 3702 3829 perip-

2115 3871 2252 3909 sema
2303 3870 2456 3924 usque
2516 3853 2732 3922 adhuc(
2785 3853 2978 3908 l.Cor.
3011 3853 3064 3908 4.
3117 3852 3339 3923 9-l5);
3390 3867 3512 3906 cum
3563 3852 3702 3908 Deus

2118 3947 2309 4013 bonus,
2328 3947 2591 4017 etjustus,
2613 3946 2904 4002 secundum
2927 3960 3148 4000 arcanas
3171 3945 3429 4016 quasdam
3443 3945 3700 4012 mtiones,

2118 4037 2273 4092 stadii
2302 4037 2486 4102 instar,
2513 4036 2767 4091 mundum
2789 4037 3084 4106 explicarit,
3103 4045 3158 4091 et
3186 4036 3352 4090 nostri
3377 4036 3580 4090 arbitrii
3607 4051 3703 4092 nos

2121 4126 2324 4192 fecerit,
2351 4136 2410 4181 ut
2434 4129 2644 4197 pr0pria
2667 4129 2937 4182 voluntate
2963 4143 3075 4183 rem
3117 4127 3510 4197 aggredientcs,
3531 4127 3704 4196 justas

2123 4232 2308 4288 pmnas
2335 4218 2775 4282 solvamlts,sicul
2796 4217 2904 4272 Lex
2927 4218 3032 4272 ait:
3059 4217 3215 4272 Posui
3229 4229 3347 4272 ante
3367 4218 3546 4288 faciem
3567 4228 3706 4271 tuam

2121 4308 2273 4361 vitam
2338 4317 2385 4360 et
2427 4316 2637 4361 mortem
2676 4307 2850 4377 :elige
2889 4307 3024 4376 quod
3061 4308 3134 4360 vis
3174 4306 3194 4379 (
3233 4305 3395 4361 Eccli.
3437 4307 3524 4362 15.
3571 4307 3705 4378 18).

2121 4400 2231 4455 Cur
2255 4409 2430 4453 autem
2459 4400 2696 4468 posuerit
2723 4441 2735 4463 ,
2781 4415 2886 4454 non
2917 4409 2999 4455 est
3042 4399 3196 4470 hujus
3227 4399 3480 4469 temporis
3507 4400 3708 4465 dicere,

2124 4490 2225 4544 nisi
2269 4489 2408 4560 quod
2440 4490 2630 4560 posuit.
2671 4490 2853 4559 Neque
2881 4489 3023 4544 enim
3063 4491 3336 4560 sapientia:
3366 4489 3581 4555 fuisset,
3615 4505 3712 4545 nos

2128 4580 2564 4636 inconvertibiles
2599 4595 2718 4636 esse
2746 4579 2912 4636 laetos
2935 4623 2951 4648 ,
2977 4581 3135 4636 nullis
3165 4582 3450 4652 propositis
3480 4583 3715 4650 przemiis

2125 4682 2177 4727 et
2222 4681 2401 4728 mente
2431 4689 2535 4727 non
2567 4683 2714 4728 recte
2741 4689 2784 4736 a_
2808 4682 2968 4729 ente:
3001 4674 3403 4729 inconvertibile
3443 4676 3585 4728 enim
3612 4673 3715 4728 soli

2129 4765 2237 4820 Deo
2261 4763 2588 4834 sempiterno
2638 4766 2902 4834 congruit.
2937 4765 3085 4818 Duc.
3119 4764 3382 4819 Prarelare
3407 4772 3460 4818 et
3495 4765 3712 4834 sapieno

2127 4865 2207 4911 ter
2240 4853 2538 4922 occurristi,
2565 4855 2585 4909 l
2608 4860 2742 4918 ater,
2784 4857 3123 4923 praesentium
3155 4857 3345 4911 mentis
3384 4857 3568 4910 oculos
3596 4857 3714 4910 illn-

2127 4946 2352 5013 minans,
2381 4946 2470 5016 qui
2501 4947 2556 5001 in
2587 4946 2670 5000 his
2701 4961 2915 5016 semper
2936 4945 3208 5000 olfendunt
3231 4946 3301 5000 ob
3321 4947 3718 5016 Seripturarunt

2128 5037 2444 5108 imperitiam
2493 5055 2506 5090 :
2544 5047 2594 5092 et
2641 5039 2762 5108 quia
2797 5037 2887 5092 diu
2931 5038 3265 5109 gymnasium
3301 5037 3539 5093 Ecclesia
3580 5038 3714 5101 fuit,

2131 5136 2357 5192 victores
2385 5151 2510 5191 suos
2561 5136 2854 5192 ostendens
2893 5141 3036 5188 v'nos
3057 5151 3118 5189 ac
3145 5135 3419 5199 mulieres,
3458 5137 3720 5190 anteactis

2130 5228 2458 5294 temporibus
2489 5268 2503 5290 ,
2530 5226 2726 5281 Christi
2778 5241 2992 5281 carnem
3035 5240 3137 5278 non
3182 5226 3346 5294 gratis
3397 5225 3715 5280 comedisse.

2129 5320 2421 5375 Contristat
2467 5329 2642 5373 autem
2688 5332 2789 5374 nos
2829 5327 3001 5372 vestra
3037 5316 3353 5371 instabilitas
3399 5332 3494 5370 sm
3539 5331 3718 5386 perse-

2128 5422 2332 5480 quutto,
2361 5421 2518 5479 atque
2546 5409 3208 5465 Ecclesiumsubversio.
3230 5407 3327 5461 Er.
3353 5406 3426 5479 (ιι)
3462 5407 3621 5460 Miror
3647 5416 3720 5470 le,

2134 5501 2364 5554 virorum
2421 5500 2870 5564 honoratissimo,
2905 5498 3204 5562 Theodore,
3237 5497 3324 5567 qui
3372 5497 3715 5568 multiplicem

2134 5592 2413 5647 utilitatem
2443 5591 2723 5648 confessus
2747 5607 2928 5645 rursus
2950 5590 3216 5646 Contraria
3251 5590 3503 5659 loqueris.
3532 5589 3716 5642 Beatos

2133 5684 2272 5738 enim
2303 5701 2399 5738 nos
2428 5683 2723 5754 prardicans
2753 5693 2809 5736 ut
2833 5683 3084 5747 victores,
3116 5679 3446 5735 miserabiles
3487 5679 3620 5733 diois
3660 5689 3713 5732 ut

2199 5790 2268 5850 (η)
2303 5790 2382 5836 ttic
2405 5791 2516 5851 iucij
2533 5790 2566 5837 it
2593 5786 2914 5850 fragmentum
2938 5786 3172 5852 Cujaeian.
3198 5787 3251 5834 in
3267 5783 3384 5837 edit.
3411 5790 3482 5833 Pr.
3508 5783 3684 5833 Ducti.
