3948 6444
244 409 316 470 '1']
1257 409 1344 466 DE
1382 409 1540 466 V'lTA
1580 409 1634 466 S.
1676 407 1956 466 JOANNIS
1991 411 2479 470 CllllYSOS‘l'Olll.

251 528 510 598 ettpulsos
539 567 554 588 .
587 527 837 597 quoniam
899 523 1148 578 Ecclesiis
1181 524 1370 594 privati
1427 539 1634 578 sumus.
1685 522 1850 584 ldcm,

257 619 384 674 mihi
431 617 542 688 pati
599 617 796 671 videris
823 658 836 678 ,
866 615 1005 684 quod
1060 615 1284 682 rustici,
1315 616 1402 684 qui
1455 614 1698 686 Olympia
1735 630 1856 683 spo-

256 718 405 763 ctant
434 725 448 760 :
485 709 564 762 illi
595 709 738 762 enim
765 722 859 761 ore
887 705 1053 771 hiant,
1087 704 1410 774 perlibenter
1449 706 1700 760 videntes
1725 723 1859 773 pra-—

259 802 362 855 mia
394 841 408 862 ,
460 801 825 870 lacrymantnr
870 809 1045 852 autem
1101 797 1481 851 miserabiliter
1525 796 1594 850 ad
1641 805 1856 852 certau-

259 893 387 944 tium
421 891 622 958 plagas.
673 888 797 942 Mihi
842 897 1016 941 autent
1059 897 1278 958 prtestat
1315 889 1476 942 valles
1505 895 1560 942 et
1610 888 1771 941 silvas
1805 896 1857 942 et

259 983 434 1037 maria
465 982 741 1052 pervagari
765 996 884 1033 cum
912 981 1132 1034 veritate
1157 1022 1170 1046 ,
1200 996 1357 1049 quam
1387 979 1605 1032 multam
1635 979 1854 1046 gloriam

258 1074 544 1142 praesentis
585 1073 850 1126 felicitatis
897 1071 1182 1127 habentem
1215 1113 1230 1136 ,
1259 1071 1535 1126 mendacio
1561 1072 1854 1140 suhjaeere.

268 1163 565 1217 Veritatem
597 1164 738 1216 enim
781 1163 984 1215 habens
1005 1204 1019 1227 ,
1049 1161 1256 1216 habebo
1282 1163 1458 1214 omnia
1488 1179 1502 1227 ;
1532 1163 1724 1215 etenim
1757 1163 1856 1231 ipsi

259 1256 503 1310 serviunt
555 1255 732 1308 omnia
777 1271 790 1306 :
832 1253 1168 1307 mendacium
1199 1268 1324 1306 vero
1349 1253 1647 1322 possidens,
1677 1269 1742 1306 ne
1771 1268 1856 1306 me

261 1345 438 1412 ipsum
469 1343 685 1414 quidem
715 1343 941 1407 habebo,
971 1357 1092 1397 cum
1133 1342 1273 1396 illius
1303 1357 1408 1396 non
1440 1341 1560 1396 sim.
1593 1342 1853 1396 Ca'terum

261 1435 544 1488 veritatem
577 1433 784 1488 habens
806 1475 822 1500 ,
855 1449 962 1488 non
999 1434 1310 1504 simpliciter
1331 1447 1446 1488 eam
1474 1434 1670 1488 habere
1697 1434 1817 1488 volo
1835 1476 1849 1498 ,

261 1534 321 1579 ut
346 1525 624 1580 dominam
653 1535 744 1580 aut
765 1539 972 1580 servam
998 1535 1090 1578 aut
1110 1525 1358 1590 vicinam,
1384 1524 1479 1579 sed
1508 1535 1566 1578 ut
1590 1540 1849 1590 sororem,

257 1625 314 1673 et
341 1619 386 1672 si
439 1617 554 1672 fieri
587 1617 772 1688 possit,
796 1625 859 1673 ut
895 1617 1199 1688 coniugem,
1233 1619 1400 1686 ipsius
1419 1618 1686 1686 voluptate
1713 1619 1810 1673 frui
1834 1661 1848 1687 ,

259 1717 310 1763 et
338 1716 531 1778 postea
561 1707 809 1763 heredem
830 1749 846 1774 ,
875 1717 1142 1778 tamquam
1185 1709 1454 1779 propriam
1490 1723 1730 1763 uxorem.
1762 1707 1852 1762 Fio

259 1801 327 1854 lia
352 1800 499 1854 enim
529 1807 612 1853 est
637 1798 860 1853 sincera:
902 1799 1044 1853 illius
1092 1798 1331 1854 veritatis
1359 1840 1375 1866 ,
1405 1799 1557 1867 cujus
1583 1813 1746 1868 gener
1775 1799 1852 1852 vir

260 1889 484 1959 probus.
514 1888 613 1956 Qui
642 1889 784 1944 enim
809 1888 911 1944 hoc
954 1889 1282 1959 signaculum
1313 1889 1549 1958 possidet
1575 1931 1588 1953 ,
1627 1889 1850 1958 repube-

258 1982 382 2047 scit,
403 1995 691 2050 numquam
719 1981 948 2036 senescit
972 1997 1070 2036 nec
1099 1983 1400 2048 marcescit,
1431 1983 1550 2050 igne
1577 1981 1849 2036 ardentio-

260 2087 374 2126 rem
397 2069 610 2126 habens
639 2075 836 2137 zelum,
869 2073 1160 2128 acutiorem
1187 2073 1362 2142 gladio
1391 2088 1692 2127 sermonem
1715 2113 1728 2136 ,
1775 2073 1852 2129 le-

200 2193 212 2210 t
258 2161 463 2216 viorem
486 2161 658 2230 aquila
687 2162 844 2216 vitam
881 2181 893 2215 :
921 2162 1140 2232 impigre
1167 2163 1332 2216 currit
1360 2163 1424 2215 ad
1453 2161 1848 2231 Scripturarum

259 2243 662 2304 meditationem
690 2293 704 2316 ,
741 2251 886 2306 velut
927 2251 992 2305 ad
1045 2260 1267 2306 matrem
1307 2253 1496 2306 domus
1535 2252 1845 2307 custodem:

261 2338 423 2393 floret
449 2339 646 2408 iugiter
673 2339 826 2394 laetus
847 2381 860 2405 ,
888 2355 991 2394 non
1021 2341 1224 2410 capitur
1257 2349 1398 2394 metu
1427 2381 1442 2407 ,
1478 2341 1732 2408 gloriatur
1763 2342 1846 2394 in-

259 2427 522 2498 trepidus,
549 2443 704 2482 sacro
738 2428 918 2484 furore
967 2429 1244 2498 tripudiat,
1280 2432 1548 2485 neminem
1592 2431 1718 2494 odit,
1746 2431 1846 2486 mi-

256 2526 468 2572 seratur
512 2533 604 2572 eos
641 2518 730 2588 qui
781 2518 979 2574 Str-culo
1025 2520 1344 2584 abutuntur,
1379 2521 1564 2575 beatos
1591 2521 1718 2574 dicit
1757 2521 1846 2590 qui

256 2606 358 2660 sibi
389 2607 572 2660 vivunt
603 2610 862 2676 contenti,
893 2610 1132 2664 tristatur
1160 2609 1382 2680 spiritali
1424 2611 1634 2665 tristitia
1659 2611 1728 2664 ob
1753 2627 1845 2666 ec-

257 2698 685 2753 clesiasticorum
715 2700 1014 2754 socordiam
1053 2717 1065 2753 :
1108 2701 1178 2756 de
1219 2701 1412 2770 quibus
1431 2702 1840 2772 aitApostolns:

257 2787 329 2841 Et
357 2787 610 2856 Spiritum
635 2802 861 2843 sanctum
903 2791 1058 2844 nolite
1091 2792 1387 2844 contristare
1406 2833 1420 2856 ,
1453 2792 1518 2845 in
1541 2808 1637 2862 quo
1662 2793 1846 2862 signati

257 2879 377 2932 estis
409 2879 463 2931 in
493 2878 624 2932 diem
654 2879 1010 2949 redemptionis
1033 2880 1052 2952 (
1073 2881 1260 2950 Ephes.
1296 2883 1350 2937 4.
1380 2881 1482 2953 50)
1523 2898 1538 2934 :
1570 2883 1846 2937 contristat

254 2979 438 3024 autem
465 2970 719 3038 Spiritum
767 2971 856 3041 qui
902 2979 1047 3040 terga
1091 2973 1139 3026 ei
1178 2971 1270 3026 dat.
1298 2987 1392 3041 per
1433 2973 1826 3042 negligentiam.

255 3060 464 3132 Ecquid
491 3061 669 3115 omnia
702 3063 1032 3131 percenseo?
1061 3065 1287 3118 moritur
1322 3080 1443 3118 eum
1491 3065 1733 3120 libertate
1759 3065 1838 3118 lo-

251 3151 452 3219 quendi
479 3193 495 3216 ,
526 3151 738 3206 nemine
787 3154 1098 3208 contristato
1129 3163 1320 3223 prarter
1347 3153 1616 3208 dzemones
1635 3196 1650 3220 ,
1682 3154 1841 3224 etqni

252 3242 386 3312 ipsis
410 3243 634 3311 proximi
663 3252 784 3296 sunt
809 3259 822 3294 :
852 3243 1085 3298 abundat
1111 3245 1183 3297 illi
1209 3253 1435 3312 tempus,
1465 3261 1568 3298 non
1593 3260 1843 3299 consum-

253 3332 356 3401 psit
385 3333 504 3387 dies
537 3335 589 3387 in
634 3333 926 3389 malefactis
958 3351 971 3387 :
1000 3334 1290 3404 duplicavit
1317 3335 1492 3389 datam
1526 3335 1835 3404 pecuniam,

253 3424 627 3495 bonorumque
669 3438 888 3492 operum
920 3423 1173 3493 praemisit
1210 3437 1400 3478 usuras
1421 3463 1436 3490 ,
1470 3423 1679 3478 modico
1709 3433 1839 3478 tem-

251 3531 385 3584 pore
429 3516 698 3586 longmvos
725 3515 960 3588 implevit
996 3529 1164 3569 annos
1197 3531 1212 3580 ;
1263 3523 1634 3569 testamentum
1673 3515 1841 3569 bono-

250 3620 371 3658 rum
405 3620 509 3658 non
541 3607 760 3674 scribit;
805 3608 988 3662 vivens
1016 3604 1181 3674 enim,
1213 3615 1264 3660 et
1292 3605 1526 3660 sentiens
1551 3620 1611 3659 ea
1637 3604 1844 3674 disper-

249 3695 338 3747 sit.
394 3695 625 3750 Pulsavit
667 3713 812 3752 mors
853 3699 1152 3769 corpusculi
1201 3695 1442 3752 ostium?
1496 3698 1639 3764 prius
1685 3711 1840 3766 quam

249 3795 483 3840 mortem
531 3786 720 3842 viderit
755 3803 873 3858 quae
899 3787 1028 3844 foris
1071 3797 1190 3854 est,
1219 3787 1434 3852 clamat,
1489 3787 1831 3841 Discedamus

251 3875 400 3942 hinc,
431 3876 682 3930 accinens
712 3894 726 3929 :
760 3876 878 3931 Heu
918 3879 1063 3944 mihi,
1119 3881 1238 3948 quia
1262 3876 1509 3935 incolatu:
1546 3893 1684 3931 meus
1719 3894 1840 3946 pro-

246 3966 486 4036 longata:
527 3975 598 4020 est
635 3967 653 4039 (
680 3966 821 4022 Psal.
849 3969 970 4024 H9.
1002 3971 1036 4025 5
1067 3972 1082 4039 )
1109 3971 1122 4024 Ξ
1165 3986 1226 4024 ac
1284 3969 1383 4026 nisi
1411 3983 1625 4041 propter
1673 3968 1836 4028 Deum

247 4057 341 4124 qui
367 4070 486 4108 eam
522 4055 774 4121 miserat,
799 4057 899 4126 ipsi
934 4057 1054 4113 lites
1085 4060 1415 4126 intenderet,
1455 4062 1671 4132 exigens
1696 4061 1834 4132 quod

244 4147 425 4201 serius
455 4147 616 4201 venit.
659 4149 964 4218 Acquiescit
997 4150 1211 4206 demum
1251 4153 1504 4208 liberatus
1531 4153 1599 4208 ab
1637 4169 1836 4208 mrum-

246 4249 388 4288 noso
413 4250 656 4306 corpore,
680 4247 730 4291 ut
757 4254 784 4292 a
809 4237 996 4294 vitioso
1021 4241 1304 4310 hospitiolo
1331 4243 1535 4296 ruinam
1567 4245 1832 4299 minante:

245 4340 437 4379 aurem
467 4329 668 4381 arrexit
696 4328 760 4382 ad
787 4345 906 4383 eum
937 4331 1026 4400 qui
1069 4331 1236 4386 dixit:
1265 4331 1433 4401 Euge,
1472 4349 1611 4386 serve
1638 4334 1763 4388 bone
1787 4345 1834 4388 et

248 4415 422 4483 ﬁdelis
441 4414 648 4486 (Matth.
671 4417 760 4472 25.
784 4418 900 4490 21),
919 4421 1194 4476 auditurus
1226 4431 1277 4476 et
1304 4421 1524 4492 reliqua.
1549 4422 1628 4476 Sit
1657 4436 1832 4478 autem

247 4505 344 4560 tibi
375 4522 562 4560 eorum
607 4525 726 4578 qua:
755 4510 979 4566 dicimus
1014 4523 1214 4568 certum
1263 4513 1510 4568 indicium
1550 4515 1832 4569 verborum

247 4595 406 4666 copia
438 4614 452 4651 :
481 4593 566 4651 Ex
610 4598 922 4654 abundantia
965 4602 1096 4656 enim
1143 4605 1308 4656 cordis
1338 4620 1392 4658 os
1423 4603 1640 4674 loquitur
1669 4605 1830 4676 (Ibid.

245 4689 343 4744 12.
375 4688 488 4758 34).
535 4689 700 4744 Porro
727 4693 812 4761 qui
843 4708 962 4746 cum
1005 4693 1279 4748 mendacio
1311 4695 1454 4761 vivit,
1485 4696 1642 4749 vitam
1675 4695 1835 4751 lubet

249 4780 616 4849 perturbatam
636 4823 652 4848 ,
697 4783 979 4854 aliquando
1005 4785 1217 4854 quidem
1257 4787 1536 4841 immodice
1565 4789 1831 4858 gaudens,

248 4869 324 4922 ob
354 4868 739 4927 incrementum
771 4877 1008 4944 pecunia:
1038 4885 1126 4930 aut
1157 4893 1329 4945 parva:
1356 4879 1614 4948 gloriolzc,
1646 4887 1736 4932 aut
1765 4883 1834 4932 ob

245 4975 491 5016 amorem
518 4963 887 5031 merctriculw,
917 4976 1000 5020 aut
1033 4976 1244 5036 propter
1262 4968 1591 5023 inimicorum
1619 4984 1832 5024 suorum

248 5051 534 5106 adversam
564 5053 825 5108 fortunam
853 5071 865 5106 :
889 5055 1172 5124 aliquando
1201 5067 1375 5112 autem
1407 5059 1642 5112 tristatur
1667 5075 1835 5128 US'lttt:

243 5141 314 5194 ad
367 5151 614 5208 mortem,
663 5145 788 5198 dum
843 5147 1164 5202 mutationes
1217 5149 1449 5204 somniat
1505 5158 1557 5202 et
1606 5149 1837 5203 incertos

249 5241 476 5286 eventus
497 5273 514 5298 ,
549 5243 836 5304 noctesque
863 5237 1022 5292 habet
1049 5239 1338 5305 insomnes,
1367 5255 1430 5295 ac
1456 5241 1590 5294 male
1620 5241 1834 5294 dormit.

245 5322 387 5388 Quin
429 5331 484 5377 et
529 5323 819 5379 amicorqu
867 5327 1084 5381 insidias
1125 5329 1237 5396 ipse
1281 5332 1594 5399 suspicatur,
1635 5347 1700 5384 ne
1739 5333 1836 5386 sibi

244 5411 464 5480 quidem
497 5413 800 5480 conlidens,
845 5418 1089 5471 omnibus
1123 5418 1382 5488 derogans
1413 5419 1566 5474 fidem
1597 5431 1650 5475 ut
1693 5438 1840 5480 men—

245 5500 488 5554 dacibus.
531 5502 639 5570 Qui
691 5504 986 5575 hujusmodi
1027 5516 1128 5572 est,
1171 5509 1386 5563 timidus
1424 5519 1505 5564 est
1551 5519 1606 5566 ut
1655 5512 1835 5582 lepus,

245 5591 422 5646 audax
455 5603 514 5647 ιιι
561 5610 752 5663 porcus
775 5637 788 5660 ,
835 5597 992 5651 fallax
1029 5609 1081 5651 ut
1113 5598 1399 5654 chamtcleo
1425 5641 1440 5666 ,
1486 5599 1738 5672 deceptor
1785 5615 1840 5658 ut

253 5681 460 5748 ριτάῑχ,
487 5683 870 5740 iinmiscricors
898 5699 953 5740 ut
981 5688 1156 5759 lupus,
1189 5689 1570 5745 imntansuctus
1601 5700 1656 5744 ut
1683 5707 1800 5746 mus
1824 5711 1836 5746 :

247 5772 502 5841 sttiipsius
552 5773 836 5842 inimicus,
887 5777 1248 5834 indesinenter
1293 5779 1553 5847 invidens,
1604 5783 1834 5851 scipsum

3479 427 3579 479 τερ

1971 527 2271 579 necessario
2301 529 2572 594 crucians,
2605 544 2702 584 nec
2728 529 2780 584 id
2810 533 2971 586 sentit
2994 552 3006 587 :
3031 534 3315 588 cum-enim
3349 533 3546 589 malum

1964 625 2150 669 contra
2181 617 2341 671 alium
2372 618 2588 687 cogitat,
2621 621 2852 690 scipsum
2885 623 3030 690 prius
3057 622 3284 692 pessime
3315 633 3543 695 torquet.

1965 705 2193 762 Pulsavit
2225 709 2406 764 mors?
2435 711 2614 764 omnia
2645 711 2754 778 dat,
2787 723 2843 766 ut
2873 713 3134 768 modicum
3162 715 3336 770 adhuc
3360 716 3544 782 duret,

1963 797 2186 864 Cupidus
2216 799 2336 852 vita:
2363 817 2376 852 :
2401 799 2663 854 indultum
2693 801 2790 856 sibi
2827 811 3032 871 tempus
3065 803 3254 858 frustra
3294 821 3543 858 consum-

1957 885 2065 954 psit
2081 891 2653 954 :prmtereadcnartum
2683 907 2787 946 non
2819 891 3121 960 duplicavit,
3146 909 3315 964 neque
3337 893 3542 948 salvum

1963 979 2263 1032 costodivit.
2287 980 2492 1048 Jugiter
2519 981 2698 1036 tremit
2721 995 2771 1036 ut
2805 982 3007 1047 folium,
3031 997 3312 1038 senescere
3333 983 3538 1050 nolens,

1962 1079 2013 1122 et
2039 1085 2158 1138 quae.
2175 1070 2508 1125 delirantium
2529 1087 2712 1128 senum
2737 1083 2861 1126 sunt
2880 1073 3104 1142 patitur:
3127 1085 3349 1128 mortem
3369 1074 3540 1138 timet,

1963 1171 2018 1213 ut
2040 1160 2196 1214 deum
2224 1181 2237 1216 :
2261 1162 2389 1216 deus
2416 1163 2489 1216 illi
2510 1173 2592 1217 est
2617 1164 2838 1219 visibilis
2861 1163 3108 1218 mundus.
3135 1165 3198 1218 Et
3220 1165 3342 1232 quid
3366 1165 3542 1218 ultra?

1961 1251 2234 1318 pallescit,
2265 1253 2446 1308 horret
2467 1295 2480 1320 ,
2512 1255 2699 1308 anxius
2727 1253 3095 1308 estzdivinum
3122 1255 3374 1322 judicium
3408 1272 3542 1326 pra:-

1961 1341 2212 1405 vcniens,
2257 1343 2490 1411 scipsum
2523 1345 2712 1412 punit,
2751 1345 3078 1399 conscientia
3120 1345 3266 1399 illum
3293 1347 3541 1400 atrociter

1961 1437 2272 1500 torquente,
2323 1441 2375 1486 et
2405 1433 2816 1502 unumquodque
2848 1444 3119 1502 peccatum
3151 1433 3203 1487 in
3231 1435 3539 1488 memoriam

1960 1534 2264 1584 revocante,
2286 1523 2528 1589 graviora
2559 1525 2774 1592 patitur,
2804 1539 2961 1594 quam
2995 1525 3028 1578 ii
3059 1539 3280 1592 quarunt
3311 1539 3534 1594 corpora

1957 1613 2267 1667 verberibus
2283 1615 2632 1670 concidantur
2655 1633 2668 1668 :
2692 1616 2955 1670 serviliter
2977 1631 3036 1670 se
3061 1615 3289 1670 demittit
3313 1615 3378 1669 ad
3403 1625 3538 1669 tctu-

1958 1703 2168 1771 porales
2196 1711 2514 1771 potestates,
2563 1704 2700 1760 foede
2732 1705 2995 1760 blanditur
3023 1707 3218 1760 mundo
3242 1748 3256 1771 ,
3302 1721 3398 1776 pro
3433 1721 3539 1759 uno

1957 1790 2174 1846 domino
2201 1793 2434 1848 intinitos
2460 1793 2621 1850 habet
2650 1794 2826 1860 heros,
2859 1804 2915 1850 ut
2944 1811 3048 1850 non
3077 1799 3272 1851 serviat
3296 1799 3537 1852 veritati:

1969 1879 2140 1935 timeri
2171 1883 2342 1952 culiit,
2365 1899 2484 1937 cum
2507 1884 2621 1953 ipse
2641 1900 2830 1940 omnes
2867 1886 3048 1939 timeat
3069 1885 3164 1956 (α).
3209 1887 3335 1942 Hzec
3358 1896 3540 1942 autem

1959 1971 2046 2024 tibi
2081 1987 2177 2040 pro
2207 1974 2341 2027 virili
2369 1991 2396 2025 a
2425 1975 2578 2030 nobis
2601 1975 2740 2030 dicta
2763 1975 2890 2029 sint.
2921 1976 2977 2031 Si
3009 1979 3128 2045 quis
3156 1986 3331 2030 autem
3359 1993 3440 2032 vei
3455 1977 3537 2032 ius

1955 2071 2009 2115 et
2033 2063 2326 2131 elegantius
2351 2063 2575 2130 dicens,
2615 2065 3031 2120 imbecillitatem
3079 2075 3312 2120 nostram
3355 2082 3536 2122 emen-

1957 2149 2194 2216 daverit,
2228 2153 2368 2208 hunc
2405 2154 2630 2210 libenter
2662 2155 2981 2223 accipiemus
3017 2166 3070 2210 ut
3101 2165 3453 2211 correctorem
3483 2165 3536 2212 ct

1953 2239 2178 2296 fratrum
2223 2254 2488 2298 amantem
2513 2285 2528 2309 ,
2579 2255 2735 2314 atque
2773 2246 3040 2300 Servatori
3089 2245 3284 2316 gratias
3321 2262 3537 2316 agemus

1953 2339 2170 2402 propter
2195 2335 2392 2388 omnia.
2430 2335 2621 2390 \‘erum
2655 2335 2768 2404 ipse
2795 2337 2921 2390 mihi
2954 2352 3160 2406 expone
3185 2336 3536 2392 Occidentaiis

1952 2422 2149 2494 Synodi
2183 2439 2399 2492 seopum
2431 2440 2492 2478 ac
2521 2425 2792 2480 decretum
2815 2469 2827 2490 ,
2861 2437 2911 2480 et
2942 2427 3157 2495 obsigna
3187 2428 3344 2480 verba
3376 2440 3490 2482 mea
3516 2465 3536 2492 ν

1951 2513 2212 2582 siquidem
2241 2515 2330 2568 tibi
2360 2515 2684 2584 placuerunt,
2718 2528 2771 2570 ut
2793 2518 2992 2571 utiliter
3011 2517 3169 2571 dicta.
3197 2517 3325 2572 Cum
3355 2528 3535 2572 autem

1953 2603 2090 2673 loqui
2140 2605 2403 2670 desiisset,
2457 2607 2569 2660 hate
2613 2609 2686 2660 ait
2735 2607 3049 2662 Theodorus
3081 2627 3094 2662 :
3125 2609 3240 2663 Tibi
3285 2610 3534 2679 quidem,

1949 2694 2037 2764 qui
2074 2693 2188 2748 haec
2227 2697 2482 2761 narrasti,
2509 2697 2608 2751 idet
2656 2697 2793 2752 Deus
2829 2697 3243 2752 misericordiam
3279 2701 3530 2770 consequi

1951 2783 2002 2836 in
2027 2783 2110 2837 illa
2134 2783 2240 2851 die,
2267 2793 2372 2838 tum
2399 2786 2517 2856 quia
2545 2801 2573 2838 a
2599 2787 2778 2840 talium
2809 2787 3179 2841 conmmniOne
3207 2787 3528 2857 abstinuisti,

1951 2884 2060 2930 tum
2091 2877 2210 2946 quia
2242 2877 2393 2932 nobis
2419 2879 2532 2932 lucc
2558 2888 2738 2946 aperte
2776 2878 3093 2932 disseruisti.
3123 2877 3382 2934 Cati-rum
3423 2879 3529 2933 Do-

1950 2972 2123 3025 minus
2154 2973 2452 3027 mcminerit
2473 2973 2645 3027 omnis
2671 2972 2913 3026 sacrificii
2935 2971 3174 3036 Joannis,
3193 2973 3278 3042 qni
3297 2973 3360 3026 ad
3385 2988 3530 3026 mor-

1953 3070 2056 3114 tem
2095 3077 2260 3132 usque
2285 3063 2534 3132 loquendi
2563 3063 2857 3116 libertatem
2905 3078 3008 3117 non
3059 3063 3270 3132 ahjeeit.
3327 3063 3529 3132 SCOpuI

1949 3151 2202 3205 Ecclesia:
2221 3151 2470 3204 Romana:
2492 3151 2588 3204 iste
2613 3160 2715 3215 est,
2735 3167 2839 3204 non
2861 3152 3256 3205 communicare
3280 3167 3527 3220 tuuqnam

1947 3243 2302 3298 OricutaLbus
2342 3243 2624 3311 episcOpis,
2676 3243 2966 3311 prmscrtim
3011 3242 3327 3312 'l'ltCOphilo,
3356 3243 3527 3300 donec

1949 3333 2202 3387 Dominus
2229 3332 2434 3386 dederit
2459 3332 2628 3385 locum
2655 3332 2932 3386 univerSali
2952 3331 3182 3400 Synodo,
3205 3349 3321 3401 qua:
3345 3342 3523 3401 putre-

1949 3423 2094 3477 lactis
2127 3424 2378 3478 n‘tembris
2407 3438 2608 3486 eorum,
2645 3421 2732 3489 qui
2765 3421 2878 3475 haec
2909 3431 3198 3490 patrarunt,
3232 3421 3523 3476 medeatur.

1948 3514 2059 3567 l-Itsi
2086 3514 2225 3568 enim
2256 3514 2452 3568 dormTt
2481 3513 2668 3567 beatus
2695 3512 2956 3577 Joannes,
2999 3513 3178 3582 vigilat
3217 3521 3388 3566 tamen
3429 3529 3535 3572 ve-.

1946 3604 2076 3657 ritas
2100 3644 2114 3668 ,
2159 3611 2374 3672 propter
2413 3618 2570 3670 quam
2602 3600 2870 3671 inquisitio
2896 3603 3014 3656 erit.
3059 3603 3162 3656 lies
3207 3611 3402 3663 autem,
3435 3603 3522 3672 qui

1947 3694 2066 3746 talia
2088 3694 2138 3746 in
2160 3695 2390 3748 Ecclesia
2419 3701 2804 3762 perpetrarunt,
2836 3693 3059 3746 libenter
3088 3695 3445 3758 eonvettitetu,
3472 3697 3522 3749 iu

1945 3781 2132 3837 faciem
2172 3784 2388 3838 dicens:
2415 3783 2640 3838 Ubinam
2671 3783 3066 3837 sacerdotium?
3111 3783 3196 3838 ubi
3239 3783 3521 3845 sanctitas,

1947 3876 2031 3928 ubi
2070 3874 2417 3930 ιιιιιιι›υριιιι1‹›
2447 3883 2500 3930 et
2529 3875 2834 3929 conununio
2863 3875 3200 3928 uaturtc?ubi
3227 3875 3524 3930 Servatoris

1944 3968 2228 4021 mandata?
2258 3967 2346 4021 ubi
2391 3966 2520 4020 iilud
2546 3983 2558 4018 :
2585 3965 2644 4021 Si
2687 3963 2838 4032 offrre
2869 3983 3049 4019 munus
3085 3975 3254 4028 tuum,
3285 3975 3332 4019 et
3359 3981 3524 4018 recor-

1943 4058 2093 4116 datus
2141 4057 2296 4126 fut-ris
2329 4058 2445 4126 quia
2487 4057 2645 4125 frater
2691 4065 2804 4110 tuus
2848 4057 2993 4111 habet
3029 4057 3222 4128 aliquid
3259 4057 3520 4110 adversum

1943 4165 2006 4218 te,
2046 4153 2189 4216 vade,
2226 4151 2366 4220 prim
2395 4149 2720 4202 reconciliare
2743 4150 2894 4218 fratri
2921 4160 3038 4215 tuo,
3068 4159 3114 4202 et
3155 4151 3226 4203 sic
3257 4149 3384 4216 afer
3408 4166 3521 4202 nm-

1941 4262 2034 4299 nus
2064 4256 2201 4297 tuum
2221 4243 2428 4314 (Matth.
2453 4243 2506 4298 5.
2527 4243 2618 4297 ‘25.
2645 4236 2778 4312 25)?
2810 4239 2895 4293 ubi
2933 4238 3058 4292 illud
3085 4257 3096 4291 :
3124 4239 3186 4294 Si
3203 4241 3312 4310 quis
3334 4250 3380 4292 te
3403 4257 3519 4308 pcr-

1941 4334 2146 4387 cusscrit
2189 4334 2239 4386 iu
2283 4331 2546 4385 maxillam
2585 4331 2846 4393 dextram,
2887 4326 3082 4380 obrerte
3111 4328 3186 4380 illi
3225 4337 3272 4380 et
3308 4328 3520 4390 alteram

1941 4423 2094 4488 (Ibid.
2141 4439 2186 4476 r.
2233 4421 2360 4492 59)?
2388 4421 2473 4475 ubt
2509 4421 2898 4490 Scripturat'tuu
2941 4416 3242 4473 meditatio?
3273 4427 3326 4472 et
3367 4419 3516 4486 illud,

1941 4512 2073 4566 Ecce
2107 4530 2255 4583 quam
2298 4513 2480 4566 bonum
2521 4519 2567 4566 et
2593 4528 2740 4581 quam
2758 4509 3062 4582 jucundum,
3091 4510 3316 4562 habitare
3338 4513 3519 4582 fratres

1940 4604 1992 4656 iu
2019 4621 2172 4656 unum
2191 4603 2358 4676 (Psul.
2391 4602 2508 4658 Ιδξζ.
2537 4601 2625 4673 l)?
2653 4601 2739 4655 ubi
2771 4601 2918 4666 illud,
2939 4598 3146 4654 Fratres
3172 4601 3225 4654 in
3251 4600 3518 4654 necessita-

1941 4693 2072 4746 tibus
2106 4695 2250 4747 utiles
2277 4691 2415 4747 sint?
2449 4709 2542 4746 cur
2573 4691 2698 4746 illud
2749 4712 2761 4747 :
2804 4687 2996 4743 Frater
3051 4691 3198 4762 quia
3239 4693 3396 4760 fratre
3423 4691 3520 4744 ad-

1931 4783 2170 4854 juvetur,
2219 4793 2270 4836 ut
2307 4783 2476 4835 civitas
2506 4781 2696 4835 munita
2741 4778 2918 4850 (Prov.
2951 4780 3037 4833 Π.
3070 4781 3154 4846 17,
3187 4793 3230 4834 et
3263 4780 3349 4834 18.
3384 4781 3471 4851 lii)
3501 4823 3516 4848 ,

1942 4874 2302 4945 pervenistis,
2359 4882 2411 4927 et
2457 4871 2532 4926 sic
2579 4868 2808 4926 fecistis?
2856 4870 3077 4936 Frater,
3127 4871 3214 4940 qui
3264 4886 3293 4923 a
3358 4869 3519 4924 fratre

1942 4973 2165 5018 vexatur
2189 4973 2280 5015 aut
2305 4962 2597 5030 spoliatur,
2645 4968 2701 5014 ut
2744 4961 2932 5014 civitas
2973 4960 3290 5015 miserabilis
3321 4967 3375 5013 et
3401 4961 3519 5014 sine

1942 5053 2126 5106 muris.
2155 5051 2289 5118 Quid
2321 5049 2530 5104 tandem
2564 5049 2722 5119 igitur
2747 5051 2906 5104 veluti
2939 5065 3049 5106 rem
3089 5066 3195 5103 non
3233 5050 3520 5104 concilian-

1941 5143 2063 5198 dam
2089 5140 2395 5212 persequuti
2425 5142 2576 5206 estis,
2609 5157 2640 5194 o
2676 5150 2776 5209 ter,
2809 5151 2862 5197 et
2899 5159 3002 5198 non
3044 5144 3206 5196 semel
3239 5143 3521 5198 infelices?

1942 5252 2044 5306 qua
2073 5235 2280 5290 tandem
2310 5235 2513 5288 ratione
2543 5234 2798 5289 adversus
2835 5235 3002 5300 illum,
3041 5245 3303 5302 tamquam
3335 5234 3522 5287 adver-

1943 5344 2033 5382 sus
2063 5328 2330 5382 inimicum
2351 5369 2365 5391 ,
2396 5327 2594 5382 cuidem
2625 5329 2885 5382 intentare
2915 5345 3018 5382 uon
3049 5325 3354 5394 rcl'ngistia?
3383 5341 3518 5395 quo-

1945 5419 2101 5472 modo
2147 5419 2288 5471 venit
2339 5421 2388 5470 in
2444 5429 2674 5473 mentem
2721 5428 2948 5472 vestram
2996 5419 3074 5471 sic
3121 5417 3374 5472 adversus
3427 5433 3520 5472 vos

1945 5511 2168 5564 invicem
2213 5509 2455 5563 efferari?
2508 5512 2646 5564 unde
2703 5519 2899 5563 tantam
2949 5508 3296 5562 mutationem
3339 5517 3519 5563 osten-

1945 5603 2136 5666 distis,
2183 5612 2236 5656 ut
2273 5617 2301 5656 a
2349 5613 2624 5656 mansueto
2670 5603 2733 5654 ad
2777 5600 2975 5653 immite
3017 5609 3070 5655 et
3110 5601 3521 5658 immansuetum

1948 5693 2278 5746 transirctis?
2309 5693 2574 5753 Admiror,
2596 5703 2648 5744 et
2669 5692 2798 5743 ham
2822 5691 3224 5748 conversionem
3251 5692 3520 5750 admirans

2011 5797 2082 5856 (τι)
2117 5795 2196 5843 llic
2221 5792 2397 5843 desiuit
2421 5791 2757 5852 fragmentum.
