3948 6410
449 394 517 448 τι)
1739 365 2056 432 rxLanu
2097 365 2436 426 Dl.\l.OGUS
3670 373 3743 428 ac,

451 511 790 577 obstupesco,
822 504 1034 557 intuens
1058 497 1235 553 omnia
1264 495 1334 552 ob
1359 496 1410 550 id
1435 494 1592 550 nimis
1617 499 1901 548 commota.
1929 487 2037 543 Cur

449 609 592 654 tanta
627 593 842 650 audacia
885 591 1038 653 elati,
1087 588 1350 644 mamillas
1396 586 1720 658 pra-bentem
1752 592 1805 637 et
1843 594 2038 651 pueros

447 707 545 747 vos
566 689 910 753 nutrientcm,
935 686 1028 740 Dei
1057 683 1369 746 Ecclesium,
1393 690 1450 733 ut
1477 678 1774 734 {coeundam
1800 676 2035 735 vulvam,

445 779 782 835 contumeliis
815 776 1066 832 atlccistis
1095 784 1149 829 et
1177 771 1519 828 concidistis?
1549 778 1607 823 ut
1645 767 1953 836 impleretur
1986 764 2036 817 in

451 869 602 924 vobis
651 867 1024 939 prOphetit-um
1066 864 1194 919 illud
1221 883 1234 917 :
1263 863 1365 917 Pro
1391 860 1570 932 quibus
1608 856 1893 930 persequuti
1923 863 2039 907 sunt

447 962 501 1015 in
541 959 713 1032 gladio
754 963 964 1029 fratrem
1009 973 1156 1012 suum
1184 998 1198 1022 ,
1245 963 1291 1008 et
1331 953 1530 1007 vulvam
1574 950 1944 1021 labefactarunt
1987 944 2039 997 in

450 1060 584 1106 terra
610 1050 784 1120 (Amos
809 1051 857 1104 l.
894 1048 998 1119 ll).
1017 1047 1148 1102 Cum
1177 1046 1277 1099 hac
1301 1044 1454 1098 vulva
1481 1054 1801 1112 congressus
1829 1037 2040 1091 divinus

445 1152 501 1198 et
545 1143 792 1197 salutans
839 1155 1038 1204 sermo,
1090 1153 1184 1193 vos
1223 1145 1382 1206 atque
1431 1135 1577 1188 illum
1623 1130 1940 1194 seminavit,
1987 1138 2040 1183 et

451 1233 709 1301 plantavit
739 1233 790 1286 in
823 1231 975 1285 bonis
1017 1229 1307 1283 innumeris
1337 1243 1399 1280 ac
1435 1225 1652 1280 utilibus
1695 1221 1876 1276 rebus.
1907 1219 2037 1274 Nam

444 1338 568 1379 cum
613 1322 882 1378 deberetis
909 1321 1061 1375 vobis
1089 1321 1314 1374 invicem
1359 1333 1515 1388 opem
1566 1318 1706 1370 t‘erre
1729 1313 1796 1367 ad
1823 1328 1883 1368 ea
1921 1327 2040 1382 qnze

447 1414 703 1479 decebat;
752 1412 875 1484 quid
920 1427 1095 1466 eausm
1133 1421 1248 1477 est,
1294 1425 1390 1465 cur
1429 1409 1706 1478 quiescere
1754 1414 1812 1460 et
1855 1412 2038 1473 pacate

446 1507 641 1577 degere
668 1507 855 1561 saltem
887 1506 937 1559 in
974 1515 1245 1575 posterum
1280 1518 1388 1556 non
1415 1500 1701 1556 eensuistis
1721 1499 1753 1550 ἲν
1773 1497 1858 1552 Ad
1883 1511 2036 1550 usum

447 1597 608 1667 igitur
650 1607 704 1652 et
749 1605 990 1650 mutuum
1031 1594 1284 1649 auxilium
1324 1592 1552 1653 conditi.
1597 1589 1722 1660 quid
1767 1603 1886 1642 eam
1940 1602 2037 1641 ne-

445 1687 682 1756 glexistis
716 1687 972 1756 gratiam,
1022 1701 1127 1738 non
1173 1683 1333 1737 modo
1384 1697 1492 1735 non
1539 1679 1882 1734 sublevantes
1934 1675 2039 1731 fra-

444 1779 540 1833 tris
572 1778 826 1841 laborem,
872 1777 967 1832 sed
999 1785 1054 1830 et
1080 1775 1402 1846 repellentes
1435 1781 1594 1843 atque
1633 1788 1661 1826 a
1697 1770 1911 1843 propria
1947 1785 2044 1824 co-

441 1867 691 1938 gnatione
717 1867 1129 1922 abseindentes?
1153 1881 1275 1920 cum
1308 1865 1564 1935 pr0pheta
1593 1863 1787 1917 clamet
1806 1861 1873 1915 ad
1901 1875 2033 1914 vos:

445 1961 632 2014 Nonne
657 1959 809 2014 Pater
835 1977 967 2013 unus
987 1962 1211 2013 omnium
1243 1957 1512 2010 nostrum?
1554 1970 1718 2009 nonne
1746 1953 1880 2007 Deus
1906 1969 2036 2006 unus

442 2052 668 2106 condidit
697 2069 788 2106 nos
819 2049 1069 2121 (Malaclt.
1096 2050 1152 2103 ‘2.
1183 2049 1313 2120 10)?
1340 2047 1444 2103 Sed
1479 2046 1670 2101 dicetis
1702 2044 1832 2100 mihi
1857 2062 1870 2095 :
1900 2044 2036 2098 Pec-

443 2144 582 2198 eavit
610 2143 661 2198 in
692 2143 884 2214 legem.
913 2141 1174 2211 Qualem?
1198 2157 1355 2212 quam
1383 2155 1478 2195 vos
1502 2137 1854 2194 conculeastis
1873 2179 1888 2201 ,
1916 2151 2033 2191 eam

442 2254 539 2305 per
568 2236 851 2306 nequitiam
881 2236 1220 2305 dissipantes.
1258 2233 1352 2289 Ubi
1385 2248 1512 2301 ergo
1543 2240 1746 2285 natura:
1775 2231 1880 2294 lex,
1911 2244 2034 2282 eor-

443 2329 616 2397 rigere
655 2342 774 2382 cum
802 2325 1056 2381 leuitate?
1083 2324 1242 2394 Quid,
1275 2339 1478 2394 qumso,
1509 2323 1624 2391 lege
1655 2320 1885 2375 hostium
1941 2318 2035 2372 ab-

443 2427 673 2480 utentes,
703 2416 1082 2486 persequimini
1106 2457 1118 2480 ,
1150 2415 1274 2468 dum
1307 2413 1584 2469 consulitis
1623 2420 1678 2466 et
1715 2411 1871 2481 agitis
1913 2425 2032 2480 qua!

440 2510 704 2564 contraria
748 2518 872 2563 sunt
914 2517 969 2564 et
1014 2507 1302 2562 inimicitiis
1343 2507 1544 2575 digna?
1586 2506 1796 2574 Quanto
1841 2505 2033 2559 melius

440 2601 640 2664 fuerat,
675 2611 732 2655 ut
759 2601 918 2656 simul
951 2600 1282 2665 habitantes,
1313 2610 1472 2669 atque
1503 2599 1556 2653 in
1587 2615 1749 2653 unum
1782 2597 2030 2652 victitan-

438 2701 551 2756 tes,
579 2693 876 2747 communia
904 2703 957 2747 et
983 2692 1118 2747 bona
1147 2691 1371 2747 consilia
1403 2692 1629 2746 invicem
1670 2690 2034 2746 communica-

439 2784 567 2837 retis
586 2825 602 2848 ,
632 2783 698 2837 ad
741 2783 964 2852 gloriam
996 2792 1050 2838 et
1087 2783 1309 2853 gratiam
1340 2781 1514 2837 Patris
1541 2780 1742 2836 vestri?
1772 2781 2030 2835 Filiorum

436 2873 578 2928 enim
613 2873 782 2926 virtus
810 2881 864 2926 et
906 2872 1194 2942 gratiarum
1241 2879 1532 2926 concentus
1574 2870 1726 2925 valde
1765 2869 2035 2940 iucundus

435 2973 520 3018 est
548 2963 855 3032 parentibus
877 3006 891 3027 ,
926 2963 1013 3033 qui
1047 2962 1178 3018 nihil
1204 2963 1346 3018 aliud
1374 2979 1402 3018 a
1433 2963 1613 3018 liberis
1638 2965 1748 3017 suis
1777 2972 2035 3032 expetunt

437 3069 595 3124 quam
623 3051 771 3108 illud.
803 3053 915 3108 Hoc
944 3053 1104 3108 etiam
1137 3052 1301 3123 probe
1331 3053 1511 3119 nosti,
1541 3052 1691 3124 quod
1710 3053 1958 3108 amicitia:
1978 3063 2036 3108 et

439 3143 820 3200 benevolentiae
864 3143 1132 3198 vinculum
1181 3143 1314 3199 nihil
1361 3143 1508 3200 aliud
1551 3143 1656 3210 sit,
1697 3158 1856 3215 quam
1902 3143 2030 3198 eniti

436 3246 492 3292 et
515 3237 691 3292 omnia
736 3233 910 3292 facere
939 3251 1058 3306 qua:
1085 3235 1333 3306 placeant
1360 3234 1498 3306 patri
1519 3276 1534 3300 ,
1558 3244 1729 3300 ortus,
1752 3235 2030 3291 educatio-

364 3376 370 3386 .
438 3328 520 3384 nis
559 3337 718 3400 atque
765 3327 1188 3383 conservationis
1228 3328 1454 3382 auctori.
1501 3328 1670 3394 Quem
1704 3335 1761 3382 ut
1801 3326 2030 3382 delirum

435 3427 875 3485 contemnentes,
925 3418 1060 3473 bella
1109 3419 1161 3471 in
1212 3418 1446 3472 Ecclesia
1487 3417 1842 3484 accendistis,
1879 3416 2029 3486 juxta

438 3511 772 3580 prophetam,
803 3510 892 3578 qui
925 3508 1091 3564 dicit:
1125 3507 1390 3562 Insaniam
1417 3509 1472 3562 in
1491 3508 1640 3562 domo
1669 3508 1874 3562 Domini
1904 3509 2032 3577 ﬁxe-

436 3614 554 3656 runt
587 3603 739 3674 (Osee
763 3602 815 3657 9.
849 3601 936 3669 8);
969 3616 1090 3654 cum
1131 3599 1365 3654 excitare
1413 3608 1571 3670 atque
1614 3600 1813 3653 hortari
1847 3608 2031 3654 mutuo

436 3692 740 3748 deberetis:
773 3690 965 3746 deinde
995 3699 1189 3760 prmter
1223 3698 1454 3744 mentem
1492 3698 1545 3744 et
1573 3690 1892 3744 sententiam
1925 3691 2029 3745 Pa-

438 3783 535 3837 tris
561 3782 694 3837 bella
729 3781 1078 3851 implacabilia
1112 3781 1249 3835 inter
1288 3795 1380 3834 vos
1407 3789 1672 3851 gerentes.
1707 3780 1859 3834 Addo
1887 3781 2030 3852 quod

436 3883 491 3928 ct
518 3873 683 3928 Deum
713 3882 766 3928 et
791 3887 976 3926 oumes
1005 3871 1095 3942 qui
1136 3871 1202 3924 ad
1247 3886 1368 3925 eum
1396 3871 1687 3937 accedunt,
1717 3871 1883 3941 ipsius
1908 3872 2030 3942 qui-

435 3965 558 4018 dem
591 3964 725 4018 ﬁlios
745 4004 760 4030 ,
792 3972 998 4018 vestros
1024 3977 1152 4017 vero
1183 3963 1374 4016 fratres
1403 3961 1746 4016 vehementer
1772 3963 2030 4032 obstupe-

438 4054 562 4109 facit
595 4069 658 4110 ac
701 4061 915 4116 movet,
963 4068 1060 4108 nec
1109 4061 1285 4108 tacere
1330 4053 1624 4122 permittit:
1666 4068 1840 4123 neque
1884 4055 2028 4109 enim

437 4144 664 4200 ﬁliorum
688 4145 926 4199 utilitatis
950 4145 1222 4217 negligens
1242 4151 1398 4199 estet
1421 4144 1794 4201 sollicitudinis
1813 4159 2028 4214 expers.

438 4239 678 4294 \‘estram
709 4239 868 4310 igitur
892 4237 1213 4294 dementiam
1247 4255 1385 4309 a~gre
1412 4237 1590 4294 ferens
1608 4279 1624 4306 ,
1653 4247 1813 4309 atque
1841 4253 2027 4293 eorum

435 4329 837 4398 oppressionem
859 4369 875 4393 ,
906 4329 994 4399 qui
1033 4329 1282 4399 injuriam
1309 4329 1618 4400 patiuntur:
1650 4329 1770 4385 ideo
1810 4329 2029 4398 impune

435 4435 532 4475 vos
570 4419 798 4476 evadere
818 4421 1020 4490 justum
1064 4437 1169 4474 non
1213 4429 1392 4489 putat,
1443 4421 1582 4476 sicut
1623 4421 1805 4491 cmpit.
1844 4420 2029 4491 Neque

436 4511 578 4566 enim
605 4510 702 4580 ipsi
725 4510 999 4575 decorum,
1027 4526 1202 4580 neque
1222 4511 1371 4564 vobis
1395 4519 1564 4565 tutum
1585 4519 1670 4566 est
1693 4529 1707 4566 :
1735 4521 1792 4566 et
1811 4513 2029 4568 morbus

439 4609 614 4656 vester
636 4600 929 4656 tolerabilis
958 4616 1062 4654 non
1094 4610 1197 4665 est,
1230 4615 1329 4654 nee
1355 4615 1496 4655 cura:
1519 4601 1822 4668 cujuslibet.
1853 4603 2028 4675 Plagis

438 4692 581 4747 enim
619 4699 678 4747 et
721 4691 1015 4746 innumeris
1060 4691 1220 4745 etiam
1261 4691 1546 4762 castigatos
1575 4691 1831 4747 vibicibus
1874 4693 2028 4748 dete-

439 4782 608 4837 riores
645 4780 813 4836 factos
842 4795 962 4837 esse
990 4796 1088 4836 vos
1113 4781 1272 4835 videt.
1303 4781 1518 4836 Multum
1548 4783 1689 4837 enim
1721 4783 2028 4840 insensibile

436 4885 492 4930 et
519 4873 806 4929 inﬂexibile
836 4873 885 4927 itt
915 4873 1064 4928 vobis
1091 4873 1382 4938 redundat,
1413 4873 1600 4929 fratres
1622 4917 1634 4938 ,
1666 4891 1946 4946 germanos
1976 4886 2031 4932 et

436 4964 869 5028 contubernales,
905 4973 1158 5034 prrctcrea
1185 4973 1240 5018 ct
1262 4965 1675 5032 confwderatos,
1703 4976 1863 5036 atque
1887 4967 2030 5035 ejus-

437 5059 560 5114 dem
593 5072 793 5112 mensa:
821 5073 883 5111 ac
914 5058 1033 5112 lecti
1082 5059 1363 5126 participes
1402 5069 1455 5113 et
1499 5059 1654 5113 unius
1683 5059 2030 5130 ejusdemque

435 5147 790 5220 cognationis,
820 5148 958 5204 adeo
985 5148 1037 5202 in
1066 5148 1246 5202 odium
1279 5151 1637 5218 turpissimum
1664 5150 2028 5219 pervenistis,

439 5252 492 5294 ut
520 5257 616 5298 eos
644 5241 804 5295 etiam
848 5256 876 5292 a
920 5239 1113 5294 ﬁnibus
1140 5240 1366 5310 prepriis
1403 5252 1450 5295 et
1484 5241 1752 5296 communi
1785 5241 1897 5295 lare
1937 5256 2031 5294 ex-

438 5331 681 5397 puleritis
707 5342 761 5387 et
789 5332 972 5402 procul
1019 5331 1282 5400 cjcceritis
1302 5373 1316 5395 ,
1349 5333 1463 5386 sine
1489 5333 1701 5387 civitate
1742 5348 1806 5387 ac
1831 5333 2026 5396 domo;

439 5423 665 5493 denique
685 5427 930 5492 cxsoles,
960 5434 1216 5495 quantum
1258 5426 1309 5479 in
1342 5426 1488 5479 vobis
1521 5425 1658 5479 fuit:
1691 5435 1743 5478 et
1775 5426 1886 5480 lucc
1915 5441 2026 5479 mo-

442 5512 538 5578 liti,
570 5529 675 5568 non
703 5516 768 5570 ad
797 5517 1010 5588 aliqum!
1041 5526 1249 5585 tempus
1278 5517 1521 5570 exsilium
1549 5517 1916 5582 terminautes,
1935 5516 2028 5571 sed

442 5602 492 5655 iu
523 5613 775 5672 quantum
801 5609 1064 5674 potuistis.
1090 5607 1140 5660 iu
1174 5607 1434 5660 inﬁnitutu
1468 5607 1648 5671 etiam,
1681 5623 1773 5674 per
1794 5608 2027 5662 crudeli-

440 5705 600 5746 tatem
636 5707 700 5746 ac
729 5693 942 5747 nimiam
975 5697 1168 5750 tuentis
1202 5706 1392 5751 vestra:
1420 5696 1762 5750 etnotionetu.
1793 5697 1942 5764 Quod
1977 5699 2026 5750 in

440 5782 520 5840 bis
560 5790 614 5838 et
655 5781 708 5837 in
757 5781 911 5837 beato
962 5783 1162 5838 Joanne
1212 5787 1435 5853 fecistis,
1491 5785 1798 5840 intestinqu
1844 5787 2023 5841 odium

2143 483 2590 549 reaccendcutes,
2637 499 2700 539 ac
2733 485 2893 541 veluti
2942 497 3157 543 acutqu
3207 489 3441 561 gladium
3487 494 3554 549 ad
3601 495 3743 551 hunc

2145 590 2312 644 usque
2334 574 2472 628 diem
2502 574 2757 632 adversus
2781 593 2902 632 eum
2941 579 3172 649 linguam
3211 582 3582 651 iutmitteutes,
3610 589 3740 642 iram

2142 666 2520 736 amplectimini
2561 681 2658 737 pro
2685 669 2798 722 utili
2825 667 3066 726 doctrina
3088 713 3102 738 ,
3131 675 3508 730 contumeliam
3552 678 3604 731 iu
3635 678 3740 733 Ec-

2142 759 2304 813 clesia
2331 757 2397 812 ad
2439 758 2768 814 audientium
2801 760 3261 830 inquinamentum
3288 766 3648 824 eﬂ‘uodentes.
3678 771 3742 824 Et

2146 849 2259 903 luce
2285 850 2498 919 quidem
2532 850 2636 906 illis
2660 851 2799 906 dicta
2824 854 2952 915 sint,
2985 854 3177 923 quibus
3208 855 3461 914 Dominus
3487 861 3542 914 in
3574 861 3744 916 mise-

2146 939 2375 994 ricordia
2405 950 2459 995 et
2498 941 2716 998 leuitate
2760 943 3010 1001 retribuit
3053 947 3346 1003 secundum
3389 965 3575 1021 opera.
3623 954 3740 1008 Tibi

2145 1046 2292 1098 vero,
2325 1032 2387 1087 Β.
2421 1032 2686 1100 Joannes,
2716 1036 2908 1106 quibus
2935 1053 2999 1092 ex
3030 1039 3209 1095 verbis
3242 1043 3738 1101 immarccscibilent

2144 1137 2396 1177 coronam
2453 1125 2732 1180 conﬁciam
2792 1139 3203 1201 contextamquc
3262 1131 3570 1202 imponam,
3621 1148 3746 1204 post

2144 1215 2346 1271 exitum
2373 1233 2403 1271 e
2433 1218 2552 1272 vita:
2585 1218 2740 1287 hujus
2765 1220 2940 1275 stadio
2972 1231 3022 1277 te
3048 1223 3289 1278 laudibus
3314 1225 3506 1282 eﬁ‘erre
3534 1244 3642 1282 non
3671 1231 3736 1282 ti-

2146 1308 2337 1360 mens?
2366 1309 2581 1362 evasisti
2614 1311 2756 1363 enim
2788 1313 3091 1380 procellam.
3124 1314 3207 1368 An
3235 1314 3584 1372 Mosaieorum
3616 1320 3739 1373 illo-

2145 1414 2260 1452 rqu
2293 1400 2633 1454 ﬁoscu-lormu
2661 1417 2914 1456 coronam
2942 1413 3142 1471 texam,
3173 1408 3483 1476 quos-dedit
3505 1409 3756 1481 illt',..qul-'

2145 1489 2416 1543 benedixit
2455 1500 2732 1546 aettnisum
2761 1492 2957 1563 J0seplt
2981 1538 2994 1557 ,
3029 1503 3084 1549 et
3107 1498 3580 1566 contemplativum
3608 1501 3736 1557 Levi

2143 1582 2519 1637 sacerdotem?
2550 1584 2607 1638 in
2634 1594 2685 1640 te
2722 1587 2864 1640 enim
2896 1598 3176 1658 utrumque
3213 1590 3388 1645 video.
3434 1590 3498 1646 In
3529 1592 3728 1648 benedi-

2142 1672 2307 1726 ctione
2335 1671 2546 1728 Domini
2572 1685 2705 1729 terra
2733 1687 2842 1742 tua,
2883 1689 2929 1732 et
2969 1695 3001 1731 α
3043 1681 3294 1735 montibus
3322 1684 3434 1736 cali
3462 1695 3510 1736 et
3541 1702 3656 1738 rore
3691 1698 3736 1740 et

2139 1763 2322 1833 abysso
2348 1765 2564 1834 fontium
2591 1767 2910 1837 subjucente,
2935 1778 2983 1822 et
3010 1779 3233 1840 tempore
3258 1774 3542 1843 germinum
3567 1817 3580 1838 ,
3607 1778 3734 1830 solis

2140 1855 2520 1907 conoersionum
2541 1865 2586 1910 et
2619 1872 2976 1927 cougressuum
3005 1861 3246 1914 mensium
3267 1902 3282 1926 ,
3321 1879 3353 1914 α
3380 1865 3560 1918 vertice
3587 1881 3744 1920 mon-~

2141 1944 2272 1996 tium
2293 1946 2550 2014 principii,
2579 1955 2625 2000 et
2651 1963 2682 1999 a
2704 1949 2884 2002 vertice
2908 1951 3115 2004 collium
3142 1960 3444 2006 internarum
3469 1966 3618 2008 erunt
3641 1973 3724 2011 su-

2141 2050 2232 2102 per
2257 2044 2410 2105 caput
2435 2034 2630 2107 Ioseph
2661 2037 2738 2110 (et
2765 2039 2809 2093 si
2853 2040 2976 2110 quis
3011 2041 3202 2096 similis
3236 2041 3476 2116 Ioseph),
3508 2056 3557 2100 et
3582 2065 3735 2117 super

2138 2127 2369 2182 verticem
2394 2129 2612 2197 fratrum
2648 2131 2827 2200 quibus
2870 2134 3104 2202 prefuit,
3137 2135 3454 2206 glbriﬁcatus
3482 2141 3746 2211 primoger

2139 2219 2275 2273 nitus
2299 2219 2428 2275 inter
2456 2221 2658 2290 fratres.
2691 2222 2845 2277 Tauri
2877 2224 3202 2295 pulchritudo
3227 2229 3339 2296 ejus
3368 2245 3580 2294 cornua,
3613 2235 3732 2284 uni-

2137 2310 2305 2363 cornis
2349 2327 2541 2365 cornua
2589 2314 2727 2367 illius
2755 2330 2773 2367 :
2799 2315 2855 2368 in
2895 2315 3019 2384 ipsis
3068 2318 3321 2371 ventilatur
3364 2331 3532 2389 gentes
3581 2323 3748 2376 simuli

2137 2415 2294 2470 usque
2333 2402 2402 2455 ad
2441 2404 2681 2458 terminos
2709 2415 2856 2460 terra:
2883 2406 3056 2478 (Deut.
3081 2410 3168 2464 '55.
3195 2411 3262 2464 {5
3285 2441 3312 2454 -
3335 2411 3449 2478 i7).
3485 2412 3551 2467 I'Jt
3602 2413 3742 2470 Levi-

2135 2488 2269 2543 dixit
2297 2490 2373 2560 (et
2401 2493 2444 2546 si
2474 2497 2592 2560 quis
2621 2510 2742 2549 cum
2777 2498 3008 2550 imitatus
3037 2499 3139 2569 est)
3167 2518 3179 2552 :
3215 2498 3343 2554 Date
3367 2501 3484 2556 Levi
3509 2507 3736 2577 mauifrc

2137 2588 2240 2634 stos
2267 2583 2411 2651 ejus,
2455 2592 2502 2636 et
2533 2585 2786 2638 ueritatem
2818 2589 2926 2657 ejus
2952 2589 3058 2640 viro
3084 2600 3257 2643 sancto
3276 2631 3292 2656 ,
3331 2608 3476 2661 quem
3504 2604 3725 2650 tentare-

2136 2683 2255 2727 runt
2298 2675 2349 2727 in
2376 2677 2678 2744 tentatioue,
2725 2681 3090 2734 maledixerunt
3133 2682 3178 2736 ei
3205 2683 3274 2735 ad
3301 2700 3485 2754 aquari
3521 2697 3725 2741 contra-

2137 2762 2390 2818 dictionis.
2441 2765 2540 2828 Qui
2581 2768 2711 2821 dixit
2753 2769 2886 2838 patri
2921 2779 2969 2824 et
3013 2773 3200 2824 matri:
3243 2771 3366 2827 Non
3411 2775 3516 2828 vidi
3561 2787 3638 2842 te;
3680 2790 3726 2832 et

2137 2859 2320 2926 fratres
2343 2875 2461 2913 suos
2485 2877 2585 2913 non
2613 2862 2836 2932 agnovit,
2864 2864 3126 2917 custodiuit
3163 2865 3363 2934 eloquia
3402 2878 3490 2920 tua
3509 2909 3525 2934 ,
3552 2879 3601 2922 et
3635 2889 3723 2939 prt-

2136 2958 2274 3000 ctum
2318 2957 2456 3002 tuum
2498 2951 2712 3005 servavit
2733 2969 2752 3005 :
2801 2954 3138 3024 manifestnoit
3180 2955 3571 3024 iustiﬁcationes
3615 2971 3724 3014 tuus

2136 3038 2324 3106 Jacob,
2350 3051 2396 3094 et
2425 3040 2582 3112 legem
2611 3052 2750 3097 tuam
2791 3043 2993 3100 lsraeli.
3033 3046 3192 3102 Portet
3224 3065 3420 3118 semper
3449 3051 3724 3122 thymiama

2136 3131 2189 3184 in
2219 3132 2488 3202 festiuitate
2512 3145 2602 3188 tua
2629 3153 2780 3205 super
2807 3136 2970 3192 altare
2999 3149 3158 3193 tuum.
3190 3139 3437 3208 Benedic,
3481 3143 3722 3210 Domine,

2135 3224 2425 3294 fortitudini
2448 3227 2579 3298 ejus,
2610 3238 2658 3282 et
2682 3247 2839 3300 opera
2865 3247 3105 3284 manuum
3126 3233 3236 3303 ejus
3260 3236 3461 3305 suscipe
3481 3253 3500 3290 :
3525 3251 3724 3306 percute

2131 3316 2461 3384 supercilium
2503 3319 2823 3374 inimicorum
2865 3325 3231 3392 insurgentium
3273 3325 3328 3379 in
3369 3342 3481 3379 eum
3499 3367 3515 3392 ,
3562 3338 3610 3381 et
3639 3330 3722 3399 qui

2135 3409 2349 3462 oderunt
2395 3425 2539 3475 eum,
2592 3427 2693 3465 non
2738 3425 3042 3484 consurgant
3101 3412 3273 3485 (Ibid.
3315 3416 3398 3472 8-
3423 3418 3481 3472 ll
3517 3419 3558 3489 ).
3613 3419 3722 3490 Ego

2134 3507 2398 3554 autemet
2442 3500 2570 3555 illud
2613 3502 2946 3558 addiderim:
2979 3505 3076 3571 Qui
3123 3506 3348 3577 diligunt
3391 3525 3555 3576 eum,
3597 3511 3722 3566 Iesu

2131 3585 2368 3653 Christe,
2391 3605 2495 3642 non
2527 3590 2958 3650 confundantur:
2990 3605 3137 3651 tuum
3168 3597 3310 3651 enim
3349 3600 3631 3670 imperium
3671 3603 3719 3656 iu

2135 3681 2349 3734 s:ecula.
2386 3682 2574 3736 Amen.
2607 3683 2780 3740 Ense.
2813 3685 2874 3740 Et
2913 3686 3013 3741 hoc
3039 3696 3143 3742 tua!
3170 3689 3531 3762 intelligentiae
3561 3693 3724 3748 docu-

2133 3779 2374 3826 mentum
2396 3814 2409 3837 ,
2453 3788 2707 3830 sensuum
2740 3789 3005 3833 scrutator
3031 3780 3342 3847 Theodore,
3380 3786 3620 3854 proferre
3657 3787 3722 3842 de

2135 3861 2386 3917 thesauro
2411 3865 2602 3919 mentis
2629 3874 2754 3932 tum,
2787 3877 2844 3922 ut
2871 3869 2945 3922 ait
2969 3868 3244 3932 Servator.
3283 3873 3426 3928 Nova
3455 3885 3502 3928 et
3523 3887 3720 3930 vetera:

2132 3962 2314 4008 vetera
2342 3955 2554 4024 quidem
2575 3998 2590 4022 ,
2622 3955 2868 4013 humana:
2896 3961 3169 4031 sapientia:
3205 3964 3556 4033 documenta;
3589 3984 3719 4024 nova

2133 4059 2283 4110 vero,
2309 4045 2477 4098 sancti
2499 4046 2728 4114 Spiritus
2749 4049 2978 4120 eloquia.
3005 4051 3084 4107 Ex
3105 4054 3293 4122 quibus
3316 4055 3582 4114 thesauris
3601 4062 3725 4114 utri-

2132 4151 2235 4206 que
2265 4138 2397 4206 parti
2423 4139 2562 4208 qttod
2586 4142 2909 4212 congruebat
2932 4143 3181 4200 tribuiSIi.
3209 4146 3334 4201 Tum
3355 4148 3569 4217 quidem
3599 4168 3722 4222 pru-

2133 4229 2328 4286 dentiae
2346 4240 2426 4286 est
2447 4233 2622 4303 eloqui
2640 4251 2757 4305 qum
2781 4239 3146 4304 peccatoribus
3162 4241 3568 4308 conveniebant,
3589 4253 3639 4297 et
3659 4245 3721 4298 de

2134 4324 2362 4380 Mosaiea
2381 4326 2750 4382 benedictione
2771 4328 2964 4384 Joanui
2981 4330 3212 4387 debitam
3231 4348 3483 4388 coronam
3506 4345 3684 4392 texere
3705 4354 3717 4388 :

2135 4417 2223 4488 qui
2246 4417 2550 4472 sacerdotio
2577 4420 2694 4475 sine
2713 4419 2904 4475 affectu
2933 4420 3166 4488 functus,
3191 4439 3314 4479 vere
3340 4425 3604 4495 ignoravit
3631 4442 3720 4495 pa-

2133 4516 2269 4563 trent
2313 4519 2368 4563 et
2413 4519 2635 4565 matrent
2663 4521 2718 4567 et
2753 4515 3202 4584 consanguineum
3249 4531 3420 4586 genus
3451 4517 3520 4572 ob
3559 4533 3722 4573 exsu-

2133 4602 2430 4672 perantiam
2470 4603 2728 4671 justitiae,
2774 4604 2868 4659 sed
2911 4606 3056 4661 solos
3095 4619 3315 4662 noverat
3359 4609 3505 4664 verbi
3553 4609 3721 4665 divini

2133 4701 2404 4748 amatores
2430 4703 2482 4746 et
2506 4695 2782 4761 operarios
2849 4696 3014 4750 Porro
3045 4699 3132 4767 qui
3163 4707 3344 4752 nostro
3374 4709 3618 4769 tempore
3641 4703 3721 4756 vi.

2135 4784 2328 4839 dentur
2357 4786 2628 4854 episcopi,
2660 4787 2858 4842 luteum
2888 4789 3101 4858 quidem
3128 4805 3295 4860 genus
3327 4791 3378 4844 in
3407 4801 3644 4860 quaistus
3669 4803 3736 4848 et.

2136 4875 2352 4929 militias
2377 4886 2430 4929 et
2451 4876 2731 4942 dignitates
2760 4879 3112 4944 invexeruat,
3142 4882 3471 4949 praevaricati
3511 4883 3721 4952 legem,

2133 4981 2253 5036 qua:
2278 4965 2406 5020 dicit
2432 4984 2444 5019 :
2473 4965 2594 5020 Non
2623 4968 2817 5021 dabunt
2841 4969 3122 5024 sacerdotes
3153 4971 3286 5039 filios
3308 4989 3425 5026 suos
3453 4972 3504 5025 in
3536 4975 3728 5042 princi-

2135 5075 2220 5128 pes
2247 5067 2291 5111 rt
2321 5057 2678 5113 obmubulones
2706 5061 2810 5130 regi
2838 5059 3022 5131 (Leuit.
3050 5063 3134 5116 13.
3173 5061 3263 5132 2|)
3293 5063 3597 5131 :spiritales
3628 5081 3730 5118 au-

2136 5158 2242 5202 tem
2271 5150 2412 5203 viros
2440 5150 2644 5203 insidiis
2663 5193 2676 5215 ,
2704 5153 2958 5206 utrumuis
2981 5195 2994 5218 ,
3020 5154 3274 5208 custodiis
3319 5165 3477 5223 atque
3521 5158 3724 5210 exsiliis

2134 5255 2490 5304 consumunt,
2541 5261 2852 5315 utemutque
2891 5245 3080 5300 bibunt
3123 5246 3472 5316 ignorantiam
3496 5291 3509 5312 ,
3542 5265 3607 5302 ex
3645 5250 3725 5302 his

2138 5344 2383 5405 putantes
2429 5352 2489 5391 se
2532 5339 2744 5392 virtutis
2783 5338 2984 5393 amicos
3020 5339 3408 5402 dehonestare,
3437 5339 3506 5395 de
3532 5341 3724 5409 ηιιὶιιιις

2138 5428 2375 5498 ιηέινάἰκίι
2401 5429 2654 5482 Servator
2679 5446 2690 5483 :
2725 5428 2932 5483 Venienl
2954 5431 3081 5496 dies,
3109 5431 3158 5482 in
3179 5431 3358 5501 quibus
3377 5432 3624 5500 putabunt
3643 5433 3726 5501 q-i

2136 5517 2408 5572 occiderint
2431 5536 2536 5584 vos,
2555 5521 2842 5588 obsequium
2868 5538 2922 5574 se
2940 5532 3178 5589 prrcstare
3201 5520 3305 5574 Deo
3337 5522 3514 5592 (Junn.
3539 5523 3622 5576 16.
3644 5523 3723 5590 Ξ).

2137 5609 2318 5679 Neque
2343 5611 2585 5666 videlicet
2613 5613 2678 5666 de
2709 5614 2995 5681 gentilibus
3015 5613 3166 5678 dixit,
3187 5613 3307 5681 quia
3330 5613 3572 5677 dixis-et,
3592 5616 3718 5669 diis:

2137 5686 2434 5769 qui'plures
2454 5713 2502 5754 et
2527 5719 2630 5754 non
2662 5719 2822 5755 ltltllltl
2845 5704 3162 5771 signiﬁcant.
3185 5704 3334 5771 Quod
3357 5713 3535 5758 autem
3566 5720 3736 5759 unum

2139 5800 2194 5844 ct
2219 5791 2388 5845 solum
2421 5792 2709 5845 nominavit
2732 5835 2745 5850 .
2779 5793 3010 5847 οριοιιιὶίῑ
3038 5809 3128 5848 eos
3151 5836 3162 5860 ,
3187 5794 3274 5863 qui
3309 5809 3450 5849 nunc
3479 5793 3720 5852 Errlesii
