3948 6412
440 313 500 368 81
1717 306 2032 361 PALLADII
2081 305 2427 363 MALOCL'S
3647 309 3713 369 83

436 430 504 480 ἐκ
555 427 762 478 τούτων
823 421 1137 490 νομίζοντες
1193 421 1480 490 ἀτιμάζειν
1527 423 1651 483 τοὺς
1691 420 1878 489 φίλους
1922 419 2020 487 τῆς

433 506 664 578 ἀρετῆς,
701 505 830 574 περὶ
871 497 944 556 ὧν
971 507 1234 574 προεῖπεν
1285 505 1316 556 ό
1358 504 1581 573 Σωτήρ·
1640 502 2022 556 Ἐλεύσονται

435 589 669 657 ἡμέραι,
694 587 763 639 ἐν
793 581 892 650 αἷς
917 585 1211 648 δόξουσιν
1232 589 1287 640 οἱ
1329 586 1793 650 ἀποκτείνοντες
1843 583 2018 652 ὑμᾶς,

433 671 718 736 λατρείαν
751 668 1120 738 προσφέρειν
1146 667 1227 734 τῷ
1262 668 1406 734 Θεῷ.
1433 670 1544 722 Καὶ
1591 669 1652 721 οὑ
1685 667 1856 738 δήπου
1893 669 2024 740 περὶ

445 753 712 823 Ἑλλήνων
745 749 918 813 εἶπεν,
949 753 1073 805 ἐπεὶ
1097 751 1164 806 ἂν
1196 754 1428 824 εἰρήκει,
1451 754 1566 813 τοῖς
1589 752 1748 814 θεοῖς.
1769 751 1820 804 οἳ
1845 751 1942 804 πλε
1952 750 2012 803 ίο-

433 854 530 900 νας
567 835 721 907 παρὰ
750 835 842 889 τὸν
887 835 984 888 ἐνα
1022 837 1399 906 σημαίνουσιν.
1459 835 1546 901 Ἐξ
1578 828 1653 887 ὧν
1696 835 1756 888 δὲ
1801 835 1893 888 τὸν
1925 835 2022 887 ἕνα

433 918 528 970 καὶ
558 918 718 987 μόνον
744 918 1048 988 ὠνόμασεν,
1073 919 1310 990 ἐδήλωσε
1331 921 1458 982 τοὺς
1480 919 1576 972 νῦν
1607 918 1752 987 ἡμᾶς
1782 919 2023 990 προσχή-

439 1017 567 1068 ματι
603 1003 703 1072 τῆς
739 1002 1069 1074 Ἑκκλησίας
1120 1001 1538 1074 λεηλατοῦντας.
1586 1002 1698 1065 Τάς
1747 1001 1856 1071 γάρ
1887 999 2022 1064 ἰδίας

434 1087 809 1158 κακοτροπίας
846 1087 941 1140 καὶ
967 1086 1195 1155 φθόνους
1232 1086 1688 1158 ἐπικρυψάμενοι,
1719 1085 1862 1156 ὑπὲρ
1890 1084 2022 1137 ταύ-

433 1185 532 1239 της
563 1170 872 1240 φροντίζειν
901 1170 1472 1241 κατασχηματίζονται
1507 1169 1652 1240 λόγῳ
1673 1207 1689 1232 ,
1725 1169 1790 1238 ἢν
1816 1167 2022 1237 ἐλυμή-

433 1267 593 1304 ναντο
615 1251 815 1321 ἔργοις.
865 1252 1026 1306 Ἀλλά
1047 1253 1148 1308 κᾶν
1185 1252 1329 1308 οὕτω
1360 1253 1770 1322 σοφίσωνται,”ή
1797 1249 2020 1314 ἐκεασις

433 1334 544 1386 τῶν
586 1337 972 1406 γεγενημένων
1015 1338 1214 1402 αὐτοὺς
1257 1337 1520 1406 διελέγξει
1563 1336 2021 1408 ὑπουργήσαντας

433 1415 513 1486 τῷ
563 1420 1006 1490 καυχησαμένῳ⁶
1053 1421 1138 1473 Οὐ
1187 1419 1274 1488 μὴ
1323 1418 1602 1474 σαλευθῶ
1638 1419 1756 1473 ἀπὸ
1808 1417 2022 1488 γενεᾶς

432 1501 522 1564 εὶς
569 1501 784 1569 γενεὰν
811 1501 962 1557 ἄνευ
1012 1505 1223 1558 κακοῦ.
1275 1505 1469 1557 υύκέτι
1522 1503 1632 1573 γάρ
1677 1504 2020 1572 ἐφευρίσκων

434 1578 575 1642 εἶδος
624 1583 889 1653 αἱρέσεως
919 1586 1235 1658 καινοτέρας
1265 1589 1294 1641 6
1327 1585 1626 1657 ἐφευρετὴς
1658 1586 1758 1655 τῆς
1789 1585 2021 1655 ἀνομίας

435 1665 531 1718 καὶ
551 1667 792 1736 γεωργὸς
812 1668 910 1738 τῆς
931 1669 1196 1740 κακίστης
1213 1671 1510 1740 ἐπιθυμίας
1533 1671 1675 1740 ίίςρις.
1701 1670 2018 1741 ἐξοίστρησε

434 1747 561 1810 τοὺς
592 1747 944 1816 προεστῶτας
981 1751 1082 1822 τῆς
1109 1752 1436 1823 Ἑκκλησίας
1467 1755 1548 1816 εἰς
1575 1751 2016 1821 ἀλληλοκτονίαν,

433 1831 852 1902 φιλοκαθεδρίας
873 1833 968 1888 καὶ
996 1836 1478 1909 πρωτοκαθεδρίας
1502 1837 1688 1900 πάθει,
1706 1837 1772 1890 δι’
1803 1829 1879 1890 ὧν
1902 1837 2019 1906 εἰρ-

429 1915 674 1982 γάσαντο
697 1917 758 1969 τὸ
793 1917 1018 1988 σχίσμα.
1054 1920 1119 1974 El
1139 1919 1250 1991 γάρ
1278 1915 1346 1992 ἦν
1379 1921 1696 1991 Πνεύματος
1727 1921 1861 1974 θεοῦ
1883 1937 2021 1990 συμ-

433 1997 612 2065 φωνία
657 1999 714 2050 ἐν
755 2001 870 2062 τοῖς
916 2001 1272 2065 ἐπισκόποις,
1306 2004 1400 2055 καὶ
1429 2003 1506 2065 ώς
1536 2004 1706 2065 αἴτιος
1758 2002 2018 2072 πλημμε-

434 2081 606 2143 λείας,
639 2081 914 2150 ⁴ίξάνὸιξιος
951 2083 1271 2155 ἱερωσύνης,
1302 2085 1358 2156 ἢ,
1386 2085 1461 2148 ὡς
1495 2086 1524 2138 6
1562 2084 1819 2155 Θεόφιλος
1849 2084 2017 2153 λέγει,

433 2161 838 2234 ὑπερηφανίας,
876 2163 1108 2234 ὠφειλεν
1138 2165 1421 2236 εἱρχθῆναι
1477 2169 1504 2220 6
1561 2168 1846 2238 Ἰωάννης·
1898 2169 2020 2220 ἐδύ-

434 2261 564 2298 νατο
612 2246 645 2316 ὴ
701 2245 1108 2318 παντοδύναμος
1147 2247 1282 2302 Θεοῦ
1325 2248 1485 2318 σοφία
1529 2250 1809 2320 ἐνθέσμως
1855 2251 2020 2304 αὑτὸν

435 2327 679 2383 κωλῦσαι
723 2330 824 2400 τῆς
867 2331 1178 2401 ίερατείας,
1229 2333 1262 2403 ἦ
1315 2334 1565 2404 ἐφευρείν
1612 2336 1832 2406 τρόπον,
1864 2335 1930 2388 δι’
1957 2331 2018 2390 οὗ

435 2411 730 2484 ἀταράχως
757 2412 856 2466 καὶ
902 2414 1168 2467 ἀκλαυστὶ
1195 2414 1514 2480 ὲξεόάλλετο
1541 2411 1694 2480 οὗτος
1719 2417 1748 2486 ἦ
1779 2417 2015 2488 Θανάτῳ,

434 2495 468 2564 ἢ
504 2494 832 2566 παραλύσει,
869 2497 901 2565 ἦ
937 2496 1168 2568 ἀφωνία,
1195 2497 1271 2561 ὡς
1300 2498 1520 2568 οἴδαμέν
1552 2516 1704 2564 τινας
1732 2501 1842 2552 τῶν
1871 2501 2018 2554 ἀντι-

433 2578 713 2632 πεσόντων
765 2578 914 2648 αύτῷ
959 2578 1320 2644 πεπονθότας,
1373 2581 1466 2636 καί
1515 2599 1671 2645 τινας
1723 2582 2018 2652 μέλλοντας

433 2659 682 2730 πάσχειν.
728 2661 815 2727 Ἐξ
844 2653 920 2714 ὧν
951 2661 1008 2714 δὲ
1045 2661 1282 2715 τοσαῦτα
1310 2663 1794 2736 παρηκολούθησεν
1819 2665 2016 2728 ἀνάξια

431 2742 526 2796 τοῦ
555 2744 806 2814 Σωτῆρος
831 2743 989 2814 ἔργα,
1033 2745 1127 2798 καὶ
1156 2745 1316 2807 αὐτὸς
1335 2746 1398 2798 οὐ
1437 2745 1738 2816 καθῃρέθη,
1767 2746 1882 2800 ἀλλ’
1931 2747 2020 2812 ἐξ·

431 2823 664 2894 ωρίσθη,
689 2823 913 2895 εὔδηλον
929 2825 1026 2878 τοῦ
1046 2826 1294 2880 διαϐόλου
1319 2824 1458 2882 εἷναι
1483 2829 1542 2881 τὸ
1557 2829 1760 2899 δρᾶμα,
1791 2822 1852 2884 οῦ
1885 2848 2018 2886 κατ-

433 2906 622 2959 ελύετο
651 2911 714 2977 τῇ
756 2907 1074 2978 διδασκαλίᾳ.
1205 2909 1454 2978 βασιλεία
1487 2923 1540 2966 ⁸.
1572 2909 1705 2965 Οἶδα.
1758 2911 1870 2981 ἐγὼ
1923 2913 2016 2968 τὸν

447 2988 700 3057 Ἰωάννην
733 2989 793 3054 ἓξ
819 2989 1116 3046 καθελόντα
1141 2991 1326 3058 ἀξίως,
1343 2994 1417 3058 ὡς
1443 2993 1658 3065 ὠνητάς
1693 2995 1793 3064 τῆς
1815 2997 2018 3066 ἱερατι-

433 3072 536 3142 κῆς
560 3071 739 3137 ἀξίας,
787 3075 916 3146 περὶ
964 3071 1038 3129 ὧν
1065 3079 1321 3150 ἀνωτέρω
1343 3075 1517 3134 εἷπον.
1555 3079 1652 3144 Τίς
1681 3081 2014 3151 ἐδάκρυσεν;

433 3153 580 3220 τίνος
607 3156 664 3210 δὲ
699 3159 844 3228 ῥῖνες
867 3157 1098 3225 ἐσταξαν
1134 3155 1306 3232 αἷμα;
1338 3162 1468 3217 ποία
1503 3163 1715 3234 ἀράχνη
1747 3163 2014 3234 ἐσχίσθη;

433 3241 516 3302 τίς
536 3238 592 3292 δὲ
621 3241 720 3312 τῆς
741 3241 917 3306 οίκίας
945 3242 1110 3298 αὑτοῦ
1141 3244 1397 3315 ἐξῆλθεν;
1441 3245 1528 3310 τίς
1555 3246 1612 3300 δὲ
1661 3246 1846 3300 ὀϐολὸν
1884 3246 2015 3317 ἐζη-

435 3321 650 3394 μιώθη;
688 3329 836 3388 ποῖος
863 3325 921 3380 δὲ
953 3328 1051 3398 τῆς
1087 3329 1274 3393 Ἀσίας
1300 3330 1624 3403 ἀγύρτης,ῆ
1659 3331 2013 3403 δημιουργὸς,

431 3405 465 3474 ἢ
505 3407 766 3476 γηπόνος.
797 3407 832 3477 ἢ
861 3410 1214 3480 σκυτοτόμος,
1264 3413 1298 3481 ἢ
1333 3413 1575 3484 δημότης
1618 3413 1719 3466 οὐκ
1754 3414 2016 3483 ἠσμένισε

429 3487 493 3540 τὸ
521 3489 888 3560 γεγενημένον
918 3493 1010 3544 ἐπὶ
1048 3491 1260 3564 ἐκδικίᾳ
1285 3494 1393 3548 τῶν
1427 3495 1588 3567 ίερῶν
1613 3497 1827 3567 νόμων;
1856 3500 2018 3552 ἐπευ-

433 3571 659 3642 φημῶν·
709 3573 802 3640 Ὡς
823 3574 1193 3643 ἐμεγαλύνθη
1215 3579 1286 3632 τὰ
1305 3578 1450 3647 ἔργα
1469 3593 1608 3642 σου,
1639 3581 1817 3648 Κύριε
1834 3595 1852 3641 ;
1869 3579 2018 3634 πάν-

431 3670 506 3706 τα
523 3655 595 3708 ἐν
616 3669 694 3709 σο
697 3656 805 3724 λείῃ
835 3657 1151 3725 ἐποίησας.
1186 3660 1362 3714 Ὅπου
1388 3661 1498 3732 γὰρ
1539 3661 1671 3726 Θεὸς
1699 3663 2014 3734 ἐργάζεται,

432 3737 611 3792 πάντα
634 3738 842 3806 γίνεται
871 3741 930 3792 ἐν
960 3743 1119 3812 σοφία
1139 3759 1152 3772 ·
1177 3744 1312 3798 ὅπου
1329 3744 1386 3798 δὲ
1414 3747 1442 3798 6
1466 3746 1760 3816 μισόκαλος
1782 3747 2012 3817 δαίμων,

432 3821 634 3892 ὁμοίως
667 3823 885 3878 ἅπαντα
913 3827 968 3876 ἐν
997 3828 1217 3899 ἀσοφίᾳ.
1255 3829 1664 3900 Παρακολουθεῖ
1696 3831 1753 3884 δὲ
1787 3835 1852 3902 τῇ
1889 3833 2019 3885 ἀσο-

431 3906 530 3978 φία
561 3906 824 3962 ἀλλόκοτα
847 3909 1169 3981 πράγματα,
1194 3912 1398 3982 φθόνει,
1428 3913 1600 3982 φόνοι,
1622 3914 1738 3986 ἔρις
1761 3916 1810 3981 δ,
1831 3915 2013 3986 ζῆλος,

431 3987 613 4059 θυμοὶ,
653 3988 874 4059 ἐριθίαι,
906 3993 1260 4062 διχοστασίαι,
1300 3995 1524 4062 κτύπος,
1559 3997 1812 4068 κλωσμὸς
1854 4000 2018 4052 άπαι-

428 4072 650 4137 δεύτων,
691 4073 948 4139 ἐξουσιῶν
982 4077 1162 4142 ζέσις,
1223 4078 1392 4150 ἴκρια,
1445 4081 1653 4152 ξεσμοὶ,
1711 4082 2012 4154 λαμπάδες,

430 4157 646 4227 κρουνοὶ
668 4156 936 4227 αἱμάτων,
964 4159 1226 4232 ἀφόρητοι
1252 4163 1466 4234 ζημίαι,
1489 4165 1802 4234 δημεύσεις,
1834 4164 2016 4228 λύσεις

429 4239 648 4310 θεσμῶν
681 4240 862 4306 θείων,
897 4248 1332 4318 καταφρονήσεις
1351 4247 1552 4318 νόμων,
1593 4248 1878 4320 ἀθετήσεις
1910 4267 2014 4303 σω-

429 4323 726 4397 φροσύνης,
754 4329 1076 4399 οἰκουμένης
1103 4333 1328 4402 σχίσμα,
1364 4334 1758 4404 παραφυλακαὶ
1792 4336 1898 4405 γῆς
1918 4338 2012 4390 καὶ

429 4407 726 4479 θαλάσσης,
760 4414 1046 4478 ναυτικαί,
1094 4416 1336 4478 ἱππικαὶ,
1382 4417 1605 4481 πεζικαὶ
1647 4425 1887 4488 μηχαναὶ
1931 4427 2010 4484 είς

429 4489 763 4560 ἐμποδισμὸν
791 4492 899 4544 τῶν
925 4493 1015 4546 διὰ
1045 4494 1141 4565 τὴν
1165 4496 1420 4564 ἀλήθειαν
1452 4499 1849 4568 ἐκὴμούντων.
1887 4502 2012 4566 Πῶς

429 4571 606 4654 τοίνυν
631 4572 870 4642 τολμῶσι
906 4575 1086 4644 λέγειν
1112 4593 1122 4603 ·
1159 4579 1294 4632 Θεοῦ
1317 4583 1602 4653 οἰκονομία
1633 4584 1959 4654 ὲκόέϐληται
1987 4589 2017 4639 6

441 4651 722 4726 Ἰωάννηςς
779 4658 1106 4714 Είπάτωσαν
1139 4662 1196 4714 δέ
1229 4680 1320 4732 μοι
1373 4665 1421 4718 οἱ
1452 4651 1776 4735 ἐξηχοῦντες
1815 4651 2012 4723 ταῦτα·

423 4737 692 4812 ἸΙπόρειὴ
712 4739 1111 4812 παντοδύναμος
1137 4745 1230 4798 τοῦ
1260 4745 1397 4799 Θεοῦ
1430 4748 1610 4816 σοφία,
1637 4749 1712 4813 ὡς
1744 4751 2008 4822 προέφην,

427 4823 645 4894 ἀοράτῳ
675 4823 904 4894 δυνάμει
937 4827 1141 4882 παῦσαι
1175 4831 1266 4884 τὸν
1303 4831 1554 4903 Ἰωάννην
1597 4835 1814 4902 ἀνάξιον
1847 4836 2008 4902 ὄντας

427 4905 672 4976 ῆπεῖσαι
721 4909 850 4973 τοὺς
903 4911 1384 4984 ἀμφισϐητοῦντας
1430 4917 1595 4971 αύτοῦ
1633 4919 1756 4990 δίχα
1810 4921 2007 4991 πολλῆς

483 5039 515 5108 ξ
539 5039 686 5108 Addit
699 5043 888 5108 georg.
923 5046 1160 5097 Ἰωάννου.

486 5098 518 5143 Ι)
537 5103 672 5168 Lege
695 5105 813 5170 ιρεις
832 5098 885 5158 ἔι
901 5121 1012 5158 mox
1036 5109 1239 5172 ἐριθεῖαι.

2129 419 2371 489 ἀνάγκης
2394 417 2672 487 ἀρχόντων
2694 415 2923 480 ἀπαθῶς
2940 418 3128 488 φέρειν
3156 418 3218 472 τὸ
3240 419 3474 490 πρᾶγμα
3493 435 3508 483 ;
3531 421 3595 473 Εἰ
3611 420 3719 492 γὰρ

2123 503 2153 554 6
2182 502 2344 564 αὐτὸς
2405 501 2537 562 Θεός
2587 499 2734 552 ἐστιν
2771 501 2800 553 6
2842 499 2922 569 τῷ
2976 501 3184 570 Μωῦσῇ
3239 503 3586 574 συνεργήσας
3641 506 3718 570 είς

2125 584 2438 654 ἐλευθερίαν
2463 583 2558 635 τοῦ
2598 581 2814 654 Ἰσραὴλ
2842 583 2938 636 καὶ
2963 584 3236 655 ὑπακοὴν,
3253 585 3349 638 τοῦ
3373 587 3576 657 Φαραὼ
3591 589 3719 641 ἀνα-

2124 667 2322 736 φανδὸν
2352 665 2584 735 βοῶντος
2602 683 2616 698 ·
2646 668 2770 720 Οὐκ
2801 663 2934 719 οἶδα
2959 667 3067 719 τὸν
3094 668 3265 728 Θεὸν.
3301 669 3401 722 καὶ
3446 669 3556 723 τὸν
3601 672 3718 725 Ἰσ-

2115 750 2277 817 ραὴλ
2307 753 2418 802 οὐκ
2444 749 2864 813 ἐξαποστελῶ·
2899 749 3016 812 πῶς
3037 750 3219 804 τοίνυν
3247 749 3501 820 βοηθείας
3536 753 3718 822 δεδέη-

2121 853 2211 888 ται
2241 835 2332 886 ἐπὶ
2370 833 2618 886 Ἰωάννου
2671 833 2772 900 τῆς
2824 833 2936 886 τῶν
2967 835 3226 902 ἐπιγείων
3277 835 3595 906 ἁρχόντωνς
3643 836 3717 899 ὡς

2123 919 2394 990 γηράσας,
2424 916 2457 987 ἢ
2488 917 2565 979 ὡς
2585 917 2877 987 ἀτονήσας,
2900 917 2934 988 ἢ
2964 917 3039 980 ὼς
3061 919 3370 988 ἀπορήσας.
3403 915 3538 973 Εἶτα
3563 921 3593 973 6
3619 918 3716 983 τάς

2127 1000 2375 1071 μοιχείας
2430 998 2594 1052 τινῶν
2629 998 2860 1063 καὶτὰς
2918 1000 3310 1071 παιδεραστίας
3364 1002 3570 1072 ἐτέρων
3622 1004 3716 1056 καὶ

2123 1083 2377 1156 γοητείας
2405 1083 2580 1137 ἄλλων
2605 1083 2994 1154 δημοσιεύσας,
3026 1085 3306 1154 ἠπόρησεν
3333 1085 3413 1138 ἔτι
3442 1085 3714 1154 διελέγξαι

2122 1168 2212 1221 τὸν
2283 1167 2574 1235 Ἰωάννηνς
2627 1166 2982 1238 ἢάνάπαλιν,
3032 1171 3061 1222 6
3103 1169 3258 1221 τοῦδε
3297 1169 3399 1238 τὴν
3459 1170 3713 1236 γλῶσσαν

2125 1253 2365 1321 συνάγχῃ
2405 1249 2656 1318 ὀγκώσας
2687 1252 2804 1319 μετ’
2830 1249 3271 1322 ἐξομολογήσεως
3299 1251 3715 1322 ἐγγράφου,καὶ

2122 1333 2211 1388 τόν
2243 1334 2401 1388 ἄλλον
2423 1332 2760 1403 κλιμακτῆρι
2793 1337 3110 1404 περιπεσεῖν
3137 1337 3504 1406 συγχωρήσας
3543 1335 3714 1389 θανα-

2121 1419 2364 1489 τηφόρῳ,
2386 1417 2420 1487 ἢ
2442 1418 2470 1469 6
2499 1417 2831 1486 ταριχεύσας
2856 1417 3008 1470 τόνδε
3039 1417 3177 1488 μετά
3199 1419 3469 1486 γενέσεως
3503 1421 3714 1490 σκωλη-

2123 1519 2234 1554 κων
2266 1501 2481 1568 ἄφωνον
2511 1499 2605 1552 ἐπὶ
2639 1498 2828 1568 κλίνης
2855 1499 3098 1552 ἐνιαυτὸν
3135 1501 3264 1572 παρ’
3297 1499 3480 1570 ὀλίγον
3506 1499 3650 1564 ὅλον,
3677 1503 3708 1573 ἢ

2121 1586 2149 1636 6
2177 1582 2280 1645 τάς
2318 1581 2684 1653 ἀπηρημένας
2731 1581 3158 1652 ἐκδειματώσεις
3203 1583 3499 1652 ἐπαγαγὼν
3539 1586 3713 1656 ἑτέρῳ

2126 1664 2264 1735 μετά
2297 1667 2396 1735 τῆς
2419 1664 2720 1735 συντρόφου
2745 1664 3099 1735 ποδάγρας,ἧ
3132 1667 3160 1718 ό
3191 1664 3260 1718 τά
3289 1666 3454 1736 σκέλη
3493 1668 3713 1736 πρήσας

2119 1742 2181 1802 οὗ
2211 1747 2556 1818 ἐϐουλήθη,ἦ
2592 1749 2621 1800 6
2645 1747 2795 1800 τόνδε
2840 1746 3066 1802 δυσώδει
3115 1748 3333 1819 θανάτῳ
3385 1751 3712 1821 ἀναρπάσας

2122 1831 2335 1893 θᾶττον,
2357 1829 2417 1883 ὃν
2451 1831 2602 1883 ίσασι
2623 1829 2867 1894 πάντες,
2903 1829 3164 1900 ἡτόνησεν
3189 1831 3281 1884 ἐπὶ
3322 1832 3598 1900 Ἰωάννου,
3634 1833 3710 1898 ῶς

2121 1931 2280 1982 φατε,
2310 1911 2586 1985 ἱεροσύλου
2615 1911 2788 1975 δντος,
2819 1912 2876 1964 ’ἐν
2909 1929 2962 1965 τι
2989 1912 3195 1965 τούτων
3243 1914 3560 1984 ἐνεργῆσαι,
3593 1916 3708 1968 ἀλλ’

2121 1997 2313 2068 ἐδεήθη
2345 1997 2439 2050 τοῦ
2471 1996 2562 2048 καὶ
2605 1996 2724 2054 τοῦ,
2764 1996 2849 2049 ἵνα
2877 1997 3152 2066 ἀτιμάσας
3181 1996 3360 2068 ἐξώσῃ
3390 1997 3482 2052 τὸν
3524 1999 3708 2053 Ίωάν.

2121 2099 2239 2152 νην,
2281 2081 2442 2134 πλέον
2490 2081 2654 2134 αὑτὸν
2706 2081 2770 2133 ἐκ
2821 2080 3012 2133 τούτου
3061 2080 3327 2146 δοξάσας;
3367 2081 3710 2137 ’Δπατῶνται

2119 2164 2296 2216 τοίνυν
2329 2163 2405 2234 μὴ
2443 2164 2540 2232 τὴν
2591 2163 2809 2232 ἐντολὴν
2859 2162 2952 2216 τοῦ
2997 2162 3157 2231 λόγου
3179 2174 3224 2214 ε.
3267 2163 3562 2236 Ἰερόσυλος
3599 2165 3708 2239 γὰρ

2121 2247 2324 2318 κυρίως
2359 2249 2456 2317 οὐχ
2489 2249 2518 2299 6
2546 2246 2825 2318 χρυσὸν,ἢ
2856 2247 3173 2318 ἀργυρον,ἦ
3205 2247 3272 2300 τὰ
3312 2248 3496 2318 σηρῶν
3529 2251 3709 2318 νήμα-

2119 2346 2208 2389 τα,
2246 2329 2425 2399 σητῶν
2463 2330 2749 2399 βρώματα,
2777 2331 3014 2400 πτωχοῖς
3047 2329 3331 2400 διανείμας
3353 2371 3368 2393 ,
3409 2330 3525 2383 ἀλλ’
3558 2333 3586 2384 6
3611 2332 3712 2402 ἀρ-

2119 2411 2296 2482 γυρίῳ
2329 2412 2426 2464 καὶ
2460 2413 2724 2483 κολακεία
2762 2412 2859 2466 καὶ⁸
2883 2411 3134 2484 τραπέζῃ
3158 2412 3494 2484 ἀπεμπολῶν
3522 2413 3596 2466 τὰ
3622 2413 3709 2467 δό-

2119 2511 2305 2566 γματα
2333 2496 2426 2548 καὶ
2451 2497 2576 2560 τοὺς
2611 2495 2846 2564 θεσμοὺς
2875 2494 2968 2552 τοῦ
3003 2497 3256 2566 Σωτῆρος
3275 2513 3288 2526 ·
3325 2497 3516 2551 ἔπειτα
3559 2499 3590 2551 6
3617 2497 3708 2550 λυ-

2123 2577 2447 2648 μαινόμενος
2471 2577 2613 2649 ἱερὸν
2644 2579 2835 2650 ἀνδρα,
2862 2578 2964 2648 βίῳ
2982 2580 3076 2632 καὶ
3103 2579 3247 2649 λόγῳ
3271 2580 3706 2649 κεκοσμημένον,

2120 2661 2187 2715 δι’
2215 2654 2276 2714 οῦ
2298 2664 2326 2715 6
2353 2661 2544 2731 Σωτὴρ
2565 2660 2642 2724 ὼς
2667 2660 2754 2715 διὰ
2783 2663 3057 2732 κρατῆρος
3083 2662 3118 2733 ῆ
3146 2661 3429 2732 κειμηλίου
3459 2663 3710 2730 ἐλογοπό-

2119 2761 2199 2798 τει
2227 2747 2339 2808 τοῖς
2373 2746 2630 2814 ἐρασταῖς
2660 2743 2754 2796 τοῦ
2781 2743 2941 2812 λόγου
2972 2743 3040 2798 τά
3077 2745 3363 2816 πρόσφορα
3395 2743 3496 2814 τῆς
3531 2762 3707 2815 σωτη-

2123 2828 2260 2898 ρίας.
2297 2825 2656 2895 Λεγέσθωσαν
2685 2824 2864 2879 τοίνυν
2889 2825 3151 2895 ἱερόσυλοι
3185 2822 3353 2891 οὗτοι,
3385 2829 3436 2878 οἱ
3460 2827 3708 2895 συλαγω-

2117 2913 2384 2981 γήταντες
2405 2910 2503 2980 τὴν
2529 2909 2894 2982 ἀποστολικὴν
2932 2909 3278 2979 Ἐκκλησίαν,
3307 2910 3566 2964 τοιούτων
3594 2928 3708 2963 στε-

2122 2997 2384 3066 ρήσαντες
2435 2991 2790 3056 διδασκάλων,
2852 2993 2946 3045 καὶ
2979 2992 3283 3056 πωλοῦντες
3325 2993 3576 3065 ἀργυρίῳ
3608 2993 3706 3058 τάς

2118 3076 2487 3150 χειροτονίας,
2535 3073 2628 3138 οὓς
2663 3074 2766 3145 ἤδη
2807 3073 3191 3145 μετελεύσεται
3243 3075 3424 3146 ἠθεία
3461 3076 3585 3148 δίκη
3627 3080 3707 3142 εἰς

2118 3159 2488 3232 ἐπανόρθωσιν
2517 3157 2616 3230 τῆς
2647 3159 2828 3212 αὐτῶν
2855 3160 3256 3231 κακοπραγίας.
3292 3161 3356 3213 Εἰ
3393 3161 3502 3232 γάρ
3531 3162 3581 3214 οἱ
3612 3161 3704 3216 τὸν

2117 3245 2398 3307 Μωῦσέως
2428 3243 2919 3314 παραχαράξαντες
2941 3243 3102 3313 νόμον
3121 3244 3209 3298 διά
3223 3247 3320 3314 τῆς
3335 3243 3474 3314 ἄγαν
3497 3246 3706 3317 ἀπροσο

2115 3325 2265 3392 εξίας
2304 3325 2616 3398 φραγελλίῳ
2644 3326 3004 3396 ἐκϐέϐληνται
3031 3325 3123 3380 τοῦ
3155 3326 3291 3391 νεὼς
3335 3327 3440 3380 ὑπὸ
3470 3327 3564 3380 τοῦ
3591 3329 3704 3382 Σω-

2117 3410 2306 3481 τῆρος,
2345 3410 2440 3463 καὶ
2470 3407 2630 3463 τοῦτο
2659 3409 2896 3480 σχοινίου
2927 3407 2978 3472 ά,
3012 3409 3088 3474 ὡς
3121 3409 3268 3463 ἔνδον
3309 3409 3404 3472 τὰς
3448 3427 3703 3480 περιστε-

2120 3493 2218 3565 ράς
2253 3490 2598 3556 πωλοῦντες·
2647 3492 2701 3545 τί
2741 3492 3018 3546 πείσονται
3054 3491 3164 3564 ἄρα
3208 3493 3259 3546 οί
3298 3492 3702 3563 καταιλεύοντες

2116 3576 2214 3646 τῆς
2239 3575 2382 3639 Νέας
2407 3573 2684 3645 Διαθήκης
2713 3575 2814 3646 τὴν
2839 3575 3132 3646 ἱερατείαν,
3155 3575 3187 3646 ἦ
3225 3573 3286 3628 τὸ
3311 3574 3490 3646 ῥάϐδῳ
3507 3575 3702 3646 σιδηρᾷ

2119 3659 2468 3728 συντριϐῆναι
2494 3657 2599 3711 ὑπὸ
2630 3657 2724 3710 τοῦ
2746 3657 3168 3729 ἀρχιποιμένος;
3195 3655 3379 3722 καθὼς
3401 3657 3702 3711 όἈπόστο·

2115 3741 2206 3806 λος
2233 3741 2412 3810 λέγει·
2448 3740 2768 3808 Ἀθετήσας
2800 3759 2887 3808 τις
2917 3741 3106 3812 νόμον
3149 3741 3469 3808 Μωῐισέως,
3519 3744 3701 3812 χωρὶς

2115 3826 2432 3896 οἰκτιρμῶν
2455 3826 2555 3879 ἐπί
2591 3825 2777 3880 δυσὶν
2805 3826 2844 3896 ἣ
2886 3827 3044 3894 τρισὶ
3091 3825 3396 3897 μάρτυσιν·
3433 3828 3701 3893 ἀποθνή-

2116 3923 2272 3963 σκει.
2298 3911 2476 3976 Πόσῳ
2506 3909 2737 3963 δοκεῖτε
2777 3909 3052 3978 χείρονος
3083 3910 3477 3976 ἀξιωθήσεται
3528 3928 3700 3980 tum-

2107 3993 2249 4062 ρΙας
2280 3995 2313 4046 ὀ
2344 3991 2448 4046 τὸν
2485 3993 2622 4046 Υἱὸν
2653 3992 2760 4046 τοῦ
2807 3991 2956 4047 Θεοῦ
2988 3993 3420 4059 καταπατήσας
3440 4037 3455 4060 ,
3495 3994 3594 4048 καί
3635 3995 3698 4048 τὸ

2114 4070 2256 4144 αἷμα
2277 4073 2382 4143 τῆς
2407 4075 2706 4144 Διαθήκης
2721 4075 2928 4130 κοινὸν
2953 4075 3356 4146 ἡγησάμενος,
3383 4077 3454 4129 ἐν
3470 4069 3520 4142 ᾧ
3536 4077 3700 4147 ἡταί-

2115 4162 2254 4224 σθη,
2295 4159 2394 4213 καὶ
2428 4159 2494 4213 τὸ
2523 4159 2768 4229 Πνεῦμα
2789 4158 2901 4227 τῆς
2927 4159 3169 4228 χάριτος
3205 4161 3564 4228 ἐνυϐρίσαςς
3603 4161 3692 4213 Οἵ-

2114 4239 2303 4312 δίιμεν
2319 4241 2426 4312 γὰρ
2457 4243 2564 4296 τὸν
2593 4243 2860 4297 εἰπόντα·
2879 4243 3044 4313 Ἐμοί
3063 4243 3394 4311 ἐκδίκησις,
3421 4241 3538 4313 ἐγὼ
3557 4245 3696 4298 ἀντ-

2113 4325 2428 4391 αποδώσω,
2451 4325 2612 4395 λέγει
2659 4327 2894 4394 Κύριος.
2929 4327 3188 4395 Φοὸερὸν
3219 4326 3286 4380 τὸ
3313 4325 3601 4396 ἐμπεσεῖν
3613 4329 3698 4391 είς

2115 4408 2318 4477 χεῖρας
2353 4407 2504 4462 Θεοῦ
2559 4407 2795 4476 ζῶντος.
2854 4409 2912 4461 '0
2961 4410 3020 4462 δὲ
3054 4409 3148 4462 τὸν
3177 4411 3322 4463 ὅσιον
3367 4409 3558 4464 τοῦτον
3607 4410 3698 4462 καὶ

2114 4491 2269 4558 ἅγιον
2295 4491 2531 4562 ποιμένα
2550 4491 2648 4543 καὶ
2677 4492 2774 4562 τῆς
2803 4490 3149 4562 δικαιοσύνης
3175 4491 3440 4562 φωστῆρα
3469 4491 3696 4556 δοξάσας

2112 4572 2270 4636 Θεὸς,
2291 4572 2400 4644 δῴη
2431 4575 2563 4644 ἡμῖν
2601 4574 2822 4645 μέροςῆ
2861 4573 3064 4646 κλῆρον
3110 4576 3292 4646 εὑρεῖν
3322 4577 3418 4628 σὺν
3459 4575 3610 4646 αύτῷ
3637 4577 3718 4630 ἐν.

2111 4659 2176 4728 τῇ
2205 4657 2412 4727 φοῦερᾷ
2441 4656 2604 4710 αὑτοῦ
2639 4657 2739 4728 τῆς
2761 4656 3158 4726 δικαιοκρισίας
3185 4658 3368 4728 ἡμέρᾳ
3386 4677 3398 4688 ·
3495 4657 3691 4730 πρέπει

2109 4738 2257 4805 δόξα,
2285 4740 2442 4810 τιμὴ,
2478 4739 2836 4810 μεγαλωσύνη
2881 4740 2975 4793 καὶ
3007 4740 3452 4810 μεγαλοπρέπεια
3485 4739 3562 4808 τῷ
3593 4741 3694 4794 Πα-

2108 4822 2222 4892 τρὶ,
2254 4823 2350 4876 καὶ
2382 4822 2461 4892 τῷ
2493 4823 2628 4892 Υἱῷ,
2653 4824 2746 4876 καὶ
2771 4822 2849 4890 τῷ
2878 4823 3018 4894 ἁγίῳ
3044 4823 3341 4892 Πνεύματι,
3372 4823 3466 4876 νῦν
3495 4824 3587 4878 καὶ
3610 4823 3688 4876 ἀεὶ

2108 4908 2202 4959 καὶ
2233 4909 2312 4968 είς
2344 4906 2470 4968 τοὺς
2506 4905 2710 4969 αἰῶνας
2747 4904 2854 4958 τῶν
2883 4903 3110 4959 αἰώνων.
3146 4905 3341 4977 Ἀμήν.

2175 5061 2196 5119 (ξ
2226 5058 2355 5107 Fort.
2383 5056 2710 5119 addiglc‘iérru.
2740 5055 2900 5119 Bigot.

2173 5118 2196 5156 ὁ
2222 5120 2450 5182 Σχοινίου.
2488 5117 2862 5168 Ηιιιιο·κόοειηό
2885 5117 2992 5166 cod.
3015 5118 3313 5181 recapimus.
