3948 6486
173 458 230 512 ει
1255 447 1337 500 DE
1381 444 1539 501 vm
1582 443 1639 497 s.
1681 437 1796 489 tos

1911 437 1960 492 IS
1989 439 2486 497 CIIRYSUSTOMI.
3417 452 3487 500 δέ

179 572 457 634 praetexti.
493 577 612 618 nos
637 561 1027 631 depratdantur.
1055 558 1340 614 Pcrversos
1366 575 1593 628 namque
1619 571 1795 610 mores

177 671 307 709 suos
338 655 740 725 Invidiamque
766 653 1126 716 occultantes,
1155 652 1271 720 ejus
1300 667 1481 706 curam
1511 665 1569 705 se
1600 648 1798 703 habere

179 746 346 799 ιρι·ὺο
390 745 706 808 simulant,
737 757 893 811 quam
937 740 1085 794 faelis
1124 740 1532 795 labefactat-unt.
1565 738 1668 794 Sed
1700 740 1798 791 etsi

1911 554 2070 611 Israel
2116 567 2168 612 et
2217 559 2606 625 obedientiam,
2647 562 2922 620 Pharaone
2967 569 3135 636 palam
3178 571 3484 630 clamante:

1911 649 2029 704 Non
2059 652 2173 704 nari
2197 651 2389 715 Deum,
2413 663 2459 705 et
2489 652 2652 708 Israel
2680 673 2778 708 non
2805 659 3051 713 dimittam
3075 661 3267 731 (Exod.
3296 665 3350 719 5.
3379 666 3487 735 ‘2):

1907 742 2175 808 quomodo
2215 742 2373 811 igitur
2400 742 2598 798 auxilio
2629 754 2958 802 terrenorum
3006 751 3302 821 principum
3353 755 3491 807 indi-

185 837 286 890 ltoc
316 834 677 888 simnlabunt
696 874 709 895 ,
734 848 917 886 rerum
939 831 1111 886 exitus
1135 832 1278 901 ipsos
1298 831 1579 901 redarguct
1601 871 1614 893 ,
1639 829 1797 883 obse-

185 932 382 993 quutos
409 938 547 978 esse
566 924 642 987 ei,
660 923 747 990 qui
777 922 1031 992 gloriatus
1047 929 1130 976 est
1156 938 1169 975 :
1197 920 1317 975 Non
1342 922 1573 974 movebar
1597 936 1627 972 a
1652 934 1802 988 gene-

188 1020 386 1069 ratione
411 1016 467 1069 in
501 1016 886 1086 generationem
916 1016 1022 1067 sine
1046 1015 1179 1067 mal.)
1207 1012 1377 1085 (Psal.
1410 1014 1497 1066 10.
1527 1012 1617 1081 6).
1649 1010 1799 1064 Non-

188 1108 311 1160 dum
341 1107 498 1159 enim
533 1107 774 1174 speciem
802 1121 952 1159 nov:e
983 1105 1250 1159 bzereseos
1285 1104 1561 1157 invenerat
1600 1101 1800 1171 iniqui-

194 1198 314 1251 tatis
330 1197 605 1252 invczuor
623 1206 673 1251 et
695 1196 939 1265 pessima:
964 1196 1408 1264 concupiscentia:
1427 1194 1667 1248 excultor
1685 1207 1799 1246 ser-

195 1301 357 1355 pens,
390 1300 526 1340 cum
568 1286 886 1355 praepositos
916 1284 1274 1338 Ecclesiarutn
1302 1285 1366 1336 ad
1397 1292 1604 1336 mutuas
1626 1282 1801 1336 caules

198 1375 435 1431 riferavit
467 1377 772 1430 ambitione
801 1376 1071 1430 cathedrae.
1091 1387 1141 1428 ct
1167 1377 1350 1445 prima:
1378 1375 1541 1438 sedis,
1568 1389 1661 1442 per
1680 1388 1798 1442 qua:

198 1468 491 1520 scissuram
542 1465 811 1521 fecerunt.
857 1466 913 1520 Si
951 1466 1092 1520 enim
1130 1467 1358 1535 Spiritus
1391 1466 1480 1519 Dei
1515 1464 1798 1519 concordia

200 1565 336 1610 esset
368 1557 519 1610 inter
554 1555 873 1624 episcOpos,
905 1564 960 1608 et
988 1564 1043 1608 ut
1066 1565 1255 1608 aurtor
1285 1555 1526 1608 criminis
1547 1595 1561 1619 ,
1591 1562 1683 1607 aut
1714 1554 1797 1608 in-

200 1647 389 1718 dignus
443 1648 761 1702 sacerdotio
781 1690 795 1713 ,
827 1657 916 1701 aut
935 1691 948 1713 ,
980 1658 1034 1701 ut
1055 1648 1380 1719 TltcOpbilus
1400 1648 1507 1712 ait,
1536 1649 1800 1717 superbiae

203 1739 489 1803 obnoxius,
524 1740 702 1794 arceri
731 1740 1000 1795 debuisset
1025 1740 1257 1795 Joannes
1282 1758 1294 1793 :
1323 1749 1530 1809 poterat
1558 1740 1800 1807 omnipo-

206 1838 318 1881 tens
347 1829 440 1881 Dei
478 1830 747 1897 sapientia
774 1829 892 1899 jure
918 1846 946 1883 a
969 1831 1268 1886 sacerdotio
1298 1832 1447 1885 illum
1474 1845 1679 1892 arcere,
1710 1838 1798 1884 aut

206 1919 413 1975 modum
441 1922 704 1977 invenire
733 1938 826 1991 per
855 1938 1011 1992 quem
1039 1923 1155 1977 sine
1184 1924 1409 1976 tumultu
1432 1932 1486 1977 et
1515 1924 1631 1976 sine
1657 1921 1798 1975 ﬂeti-

208 2011 300 2064 ints
340 2012 659 2081 ejiceretur,
684 2014 888 2067 scilicet
917 2024 1006 2066 aut
1034 2024 1236 2078 morte,
1284 2022 1375 2067 aut
1417 2012 1681 2082 paralysi,
1711 2021 1801 2065 aut

210 2102 492 2156 amissione
521 2104 677 2156 vocis
697 2145 710 2168 ,
737 2113 791 2157 ut
823 2103 1066 2158 novimus
1092 2104 1354 2173 aliquibus
1387 2118 1453 2157 ex
1484 2102 1800 2157 adversariis

212 2192 484 2258 accidisse,
513 2204 573 2249 et
604 2196 818 2263 aliquos
841 2194 1014 2248 adhuc
1047 2195 1097 2247 in
1124 2210 1190 2248 eo
1216 2209 1337 2249 esse
1361 2204 1419 2248 ut
1448 2194 1563 2248 lucc
1589 2195 1798 2263 patian-

214 2294 313 2338 tur.
342 2285 419 2339 Ex
450 2302 563 2356 qun
590 2295 773 2341 autem
807 2296 882 2341 tot
908 2297 960 2342 et
988 2295 1131 2342 tanta
1161 2287 1444 2343 Servatore
1476 2287 1687 2357 indigna
1718 2286 1798 2340 fa-

218 2385 296 2427 rta
326 2377 663 2447 subseqnuta
693 2388 836 2442 sunt,
868 2377 981 2447 ipse
1014 2378 1227 2447 quidem
1258 2392 1365 2431 non
1389 2378 1662 2446 depositus
1687 2387 1795 2444 est,

216 2463 302 2516 sed
329 2465 379 2517 in
406 2467 667 2520 exsilium
698 2476 846 2522 actus
872 2486 885 2522 :
908 2468 1129 2523 evidens
1155 2476 1238 2523 est
1264 2468 1457 2522 diaboli
1492 2484 1612 2523 esse
1642 2485 1796 2537 opus,

218 2553 357 2622 cujus
374 2571 600 2625 regnum
624 2555 844 2612 Joannis
864 2559 1237 2628 praedicatione
1254 2559 1647 2615 destruebatur.
1666 2559 1797 2614 Novi

217 2645 413 2709 quidet'
446 2663 542 2701 sex
574 2649 861 2718 episcenos
886 2651 1080 2704 merito
1120 2667 1149 2704 a
1180 2650 1385 2705 Joanne
1411 2651 1681 2720 depositus
1701 2692 1714 2714 ,
1745 2659 1802 2704 ut

219 2736 558 2794 sacerdotalis
586 2739 864 2809 dignitatis
900 2742 1199 2811 emptores,
1240 2743 1307 2797 dc
1335 2743 1526 2813 quibus
1551 2745 1800 2811 superius

220 2823 340 2879 disi.
388 2827 520 2895 Quis
549 2829 876 2900 lacrymatus
906 2833 1021 2886 est?
1059 2832 1208 2902 cujus
1250 2847 1280 2886 e
1320 2834 1538 2887 naribus
1577 2834 1798 2887 stillavit

223 2916 456 2983 sarguis?
479 2934 603 2988 qua:
625 2922 808 2975 aranei
833 2921 932 2975 tela
957 2924 1225 2977 conscissa
1247 2925 1361 2977 Cal?
1386 2924 1507 2993 quis
1524 2923 1684 2978 domo
1707 2940 1800 2979 sua

224 3010 393 3071 pulsus
422 3009 540 3061 est?
582 3013 707 3079 quis
736 3010 817 3064 vel
860 3012 1017 3066 obolo
1061 3013 1349 3068 mulctatus
1378 3014 1496 3067 est?
1526 3015 1645 3083 quis
1677 3030 1802 3067 vero

227 3092 354 3148 Asia:
376 3097 687 3163 circulator,
721 3108 810 3154 aut
836 3101 1016 3169 opifex
1040 3143 1055 3167 ,
1079 3111 1170 3156 aut
1209 3103 1437 3173 agricola
1461 3143 1476 3168 ,
1499 3112 1591 3157 ant
1630 3113 1799 3169 sutor,

225 3192 307 3234 aut
335 3184 596 3253 plebeius,
630 3199 904 3259 gratanter
931 3208 1034 3244 non
1057 3192 1222 3247 audiit
1245 3194 1386 3262 quod
1412 3193 1679 3248 acciderat
1709 3210 1803 3262 pro

226 3273 545 3333 vindicandis
587 3282 759 3334 sacris
800 3283 1037 3351 legibus?
1065 3284 1314 3338 accinens
1338 3302 1351 3334 -.
1378 3284 1543 3350 Quam
1570 3284 1806 3353 magni/i-

229 3376 331 3416 cata
358 3378 470 3421 sunt
495 3387 660 3433 opera
687 3382 792 3436 tua,
818 3371 1072 3428 Domine!
1100 3376 1270 3428 omnia
1296 3377 1348 3428 in
1371 3376 1618 3444 sapientia
1643 3378 1806 3444 fecisti

232 3453 390 3523 (Ptol.
415 3460 538 3515 103.
562 3462 685 3531 24).
711 3461 806 3517 Ubi
835 3465 975 3518 enim
1007 3466 1142 3520 Deus
1169 3476 1438 3536 cperatur,
1463 3468 1641 3521 omnia
1675 3467 1808 3522 fiunt

233 3545 541 3618 iusapieutia
567 3570 582 3607 :
612 3555 697 3609 ubi
722 3571 845 3611 vero
871 3556 1129 3611 bonorum
1156 3574 1281 3612 osor
1307 3560 1536 3624 dte-mon,
1561 3562 1807 3616 similiter

232 3640 393 3695 omnia
417 3642 466 3696 in
497 3645 825 3714 insipientia.
870 3648 1037 3703 Porro
1068 3650 1422 3719 insipientiam
1456 3668 1540 3706 res
1561 3653 1807 3707 absurdae

233 3741 532 3803 sequuntur,
561 3737 810 3805 invidiae,
839 3739 1034 3806 catdes,
1055 3740 1289 3811 jurgium
1311 3782 1325 3807 ,
1350 3742 1639 3810 aemulatio,
1665 3743 1809 3798 furo-

234 3833 344 3885 res,
368 3826 493 3879 rixre
512 3868 528 3889 ,
557 3828 843 3882 discordia:
863 3871 878 3895 ,
905 3829 1164 3900 fragores,
1194 3832 1560 3901 imperitorum
1591 3835 1808 3903 conspi-

238 3913 380 3979 ratio,
408 3920 814 3988 magistratuum
848 3921 1043 3988 fervor,
1072 3937 1280 3987 cruces,
1313 3925 1534 3979 laterum
1565 3925 1807 3979 abrasio-

239 4014 355 4068 nes,
387 4008 569 4073 lil‘dtl),
616 4011 714 4066 rivi
758 4015 1115 4083 sanguinum,
1158 4017 1518 4072 intolerabiles
1561 4019 1805 4083 mulctzr.

242 4092 613 4156 publicationes
640 4102 919 4168 bonorum,
945 4104 1238 4160 solutiones
1259 4107 1555 4161 divinarum
1578 4110 1812 4163 sanctio-

240 4197 376 4250 num,
388 4203 723 4263 contemptus
740 4196 933 4266 legum,
952 4198 1169 4268 pudoris
1183 4208 1236 4253 et
1250 4198 1561 4269 frugalitatis
1573 4211 1811 4255 contem-

246 4282 388 4364 ptus,
419 4282 562 4339 orbis
596 4295 853 4341 terrarum
882 4290 1133 4354 scissura,
1169 4300 1366 4360 parate
1400 4301 1536 4345 terra
1568 4295 1809 4364 marique

244 4362 434 4423 insidia?
462 4375 698 4439 navales,
724 4387 1023 4446 equestres,
1056 4380 1435 4451 pedestresque
1462 4383 1718 4437 machina:
1744 4384 1809 4437 ad

248 4451 665 4522 impedimentum
707 4482 891 4521 eorum
936 4471 1024 4539 qui
1056 4471 1295 4525 veritatis
1339 4487 1496 4527 causa
1541 4475 1805 4527 exsulant.

245 4540 504 4631 Quomodo
552 4555 712 4623 igitur
758 4559 951 4612 audent
996 4560 1223 4615 dicere:
1269 4563 1360 4615 Dei
1413 4562 1809 4631 dispensatione

247 4627 461 4692 Joannes
489 4642 691 4711 cjectus
715 4648 832 4701 est?
860 4648 1044 4702 Dicant
1064 4662 1241 4706 autem
1269 4653 1417 4719 mihi,
1441 4655 1527 4723 qui
1563 4654 1659 4708 ista
1694 4671 1813 4724 pcr-

248 4735 423 4823 Itjttant
446 4749 458 4783 :
482 4733 669 4793 Nonne
707 4750 913 4808 poterat
940 4745 1282 4814 omnipotens
1313 4747 1403 4801 Dei
1435 4749 1691 4818 sapientia
1727 4750 1810 4802 iu-

252 4817 445 4886 visibili,
475 4836 528 4881 ut
553 4829 683 4894 dixi,
719 4833 911 4889 virtute
934 4836 1215 4901 Joannem,
1249 4839 1293 4892 si
1324 4840 1571 4910 indiguus
1600 4840 1805 4901 fuissvt,

251 4920 478 4970 amovere
498 4958 513 4981 ,
544 4933 634 4974 aut
663 4924 888 4979 suadere
922 4927 1245 4983 adversariis
1273 4932 1390 4985 sine
1422 4932 1718 4986 interventu
1759 4942 1811 4984 et

255 4994 436 5056 viribus
464 5009 756 5078 principum
781 5016 1052 5070 moderate
1076 5033 1187 5071 rem
1222 5019 1396 5073 ferre?
1422 5019 1474 5073 Si
1497 5020 1638 5074 enim
1668 5020 1806 5074 idem

256 5084 380 5141 Dens
421 5106 536 5166 cst,
567 5103 653 5173 qui
697 5104 862 5175 Moysi
906 5120 1222 5177 cooperatns
1268 5119 1352 5165 est
1397 5111 1461 5164 ad
1513 5112 1806 5166 libertatem

1907 831 2011 895 μὴ
2047 829 2096 882 in
2129 846 2288 885 causa
2313 833 2568 888 Joannis?
2592 836 2743 905 quasi
2771 841 3038 902 senuerit,
3069 850 3158 895 attt
3196 843 3387 897 debilis
3417 844 3492 896 fa.

1907 930 2023 973 ctus
2061 922 2164 986 sit,
2208 933 2297 977 aut
2344 942 2446 979 non
2495 928 2743 995 poluerit.
2796 929 2997 983 Deinde
3020 933 3107 1000 qui
3139 935 3488 1000 quorumdam

1907 1012 2206 1080 adulteria,
2241 1016 2478 1072 infandas
2511 1018 2790 1084 Iib'dines,
2823 1030 2985 1089 atque
3016 1024 3234 1078 aliorum
3279 1027 3482 1095 pra‘sti-

1906 1104 2018 1170 gias
2047 1106 2414 1173 publicaverit,
2451 1126 2551 1162 non
2583 1113 2811 1178 potuerit
2842 1113 3016 1165 adlmc
3046 1113 3302 1169 Joannem
3331 1132 3485 1170 coar-

1907 1194 2102 1262 guere?
2131 1204 2222 1248 aut
2265 1207 2487 1264 contra,
2530 1201 2618 1268 qui
2668 1200 2822 1270 lmjus
2863 1203 3096 1271 linguam
3141 1206 3264 1258 fecit
3300 1208 3488 1274 angina

1909 1292 2239 1352 tumescere,
2274 1289 2342 1341 ita
2373 1299 2427 1341 ιιι
2456 1292 2657 1359 scripto
2690 1293 2964 1346 veritalcm
3009 1295 3246 1363 prollteIi
3275 1307 3490 1351 coactus

1909 1372 2086 1439 fuerit,
2112 1384 2166 1430 et
2185 1377 2346 1430 alium
2378 1380 2677 1445 permiserit
2706 1380 2939 1434 incidere
2963 1382 3013 1435 in
3040 1383 3257 1451 gradus,
3280 1386 3366 1454 qui
3391 1385 3489 1454 ipsi

1909 1463 2121 1517 fuerunt
2162 1465 2454 1531 mortiferi,
2479 1479 2569 1522 aut
2609 1469 2769 1523 alium
2813 1474 3215 1541 erumpentibus
3259 1476 3491 1544 malique

1909 1555 2179 1610 vermibus
2226 1568 2429 1611 mutum
2479 1560 2529 1612 in
2577 1561 2716 1613 lecto
2759 1563 3110 1618 macerat-crit
3152 1580 3348 1618 annum
3379 1565 3491 1620 fere

1908 1648 2191 1716 integrum,
2225 1659 2318 1703 aut
2346 1651 2496 1704 alteri
2522 1652 2761 1719 injeceril
2791 1652 3061 1708 horrenda
3093 1656 3340 1709 terricula
3366 1672 3487 1710 cum

1910 1737 2151 1791 familiari
2196 1740 2422 1810 podagra
2447 1784 2456 1798 .
2489 1750 2580 1794 aut
2617 1743 2703 1810 qui
2733 1758 2888 1796 crura
2914 1746 3082 1799 secuit
3109 1745 3260 1814 cujus
3287 1748 3488 1812 voluit,

1907 1837 2000 1880 aut
2040 1828 2127 1896 qui
2170 1828 2308 1883 [inda
2353 1840 2523 1884 morte
2563 1832 2672 1887 cito
2711 1848 2830 1885 eum
2877 1835 3083 1900 rapuit,
3120 1851 3276 1904 quem
3316 1838 3493 1892 sciunt

1907 1935 2094 1973 omnes
2119 1938 2130 1973 :
2163 1921 2247 1974 bic
2279 1922 2328 1974 in
2355 1921 2560 1976 Joanne
2584 1965 2597 1984 ,
2627 1925 2920 1993 sacrilego,
2956 1935 3011 1978 ut
3038 1926 3214 1980 dicitis
3238 1968 3252 1991 ,
3286 1929 3487 1997 aliquid

1909 2009 2097 2063 horum
2123 2020 2334 2081 patrare
2361 2027 2463 2065 non
2488 2014 2677 2078 valuit;
2710 2013 2804 2067 sed
2835 2013 2934 2067 hoc
2965 2024 3017 2069 et
3049 2015 3138 2068 illo
3165 2015 3408 2086 indignit,
3434 2028 3490 2072 ut

1907 2099 2165 2154 Joannem
2194 2116 2314 2155 eum
2345 2102 2630 2170 ignominia
2661 2103 2975 2171 expelleret,
3003 2105 3167 2158 multo
3196 2105 3312 2174 plus
3335 2123 3401 2161 ex
3427 2123 3493 2161 eo

1907 2193 2089 2262 gloriae
2120 2194 2221 2267 ipsi
2249 2193 2577 2249 concilians?
2624 2195 2816 2247 Errant
2844 2195 3031 2263 igitur,
3065 2196 3170 2248 vim
3198 2197 3345 2251 verbi
3375 2196 3491 2267 ejus

1910 2286 2226 2340 nescientes.
2259 2286 2561 2354 Sacrilegus
2585 2286 2726 2339 enim
2755 2286 2845 2339 ille
2876 2287 3087 2354 proprie
3116 2296 3198 2341 est
3218 2327 3233 2352 ,
3264 2304 3367 2340 non
3398 2289 3491 2357 qui

1908 2391 2095 2429 aurum
2118 2417 2131 2439 ,
2164 2384 2255 2429 attt
2298 2386 2610 2444 argentum,
2642 2383 2732 2428 aut
2759 2386 2933 2429 vestes
2958 2380 3155 2429 Sericas
3174 2416 3188 2440 ,
3225 2378 3486 2431 tinearum

1908 2467 2110 2531 cibum,
2135 2467 2456 2536 pauperibus
2478 2467 2764 2535 elargitur;
2798 2466 2888 2519 sed
2913 2466 2997 2534 qui
3028 2468 3268 2534 pecunia,
3290 2478 3378 2520 aut
3398 2484 3487 2520 as-

1907 2556 2206 2611 sentatione
2231 2598 2243 2619 ,
2274 2566 2365 2610 aut
2392 2557 2564 2624 epulis
2595 2556 2890 2610 doctrinam
2923 2557 3224 2611 Servatur-is
3251 2566 3304 2612 et
3346 2575 3489 2627 pra:-

1909 2656 2057 2718 cepta
2089 2647 2267 2700 vendit
2290 2663 2304 2710 ;
2329 2646 2521 2701 deinde
2556 2647 2645 2715 qui
2684 2661 2893 2700 sacrum
2925 2647 3097 2699 virum
3130 2648 3233 2700 vita
3275 2658 3329 2702 et
3371 2650 3488 2702 elo-

1908 2739 2123 2809 quentia
2150 2747 2394 2792 ornatum
2422 2738 2672 2803 divexat,
2705 2753 2799 2805 per
2830 2751 2988 2806 quem
3025 2737 3294 2801 Servator,
3326 2740 3487 2793 veluti

1910 2846 2008 2901 per
2029 2841 2290 2885 craterem
2319 2839 2371 2885 et
2398 2844 2489 2884 vas
2519 2830 2831 2898 pretiosum,
2861 2830 3010 2883 verbi
3037 2830 3361 2884 amatoribus
3391 2831 3487 2885 ad-

1906 2923 2141 2992 jumenta
2169 2922 2354 2975 salutis
2382 2920 2718 2989 propinabat.
2755 2919 2830 2973 Illi
2860 2919 3017 2987 igitur
3042 2919 3281 2988 Sacrilegi
3304 2920 3489 2973 dican-

1913 3019 2016 3077 tur,
2036 3010 2125 3081 qui
2146 3009 2489 3078 apostolicam
2517 3007 2806 3061 Ecclesiam
2831 3007 3117 3076 deprardati
3139 3017 3280 3073 sunt,
3301 3010 3494 3065 talibus

1911 3117 2027 3155 eam
2076 3101 2376 3169 pastoribus
2412 3099 2737 3167 spoliantes,
2781 3109 2834 3153 ct
2878 3099 3239 3154 ordinationes
3271 3102 3489 3169 pecunia

1913 3190 2233 3254 vendentes,
2266 3190 2330 3242 ad
2363 3203 2496 3258 quos
2519 3189 2738 3256 jamjam
2774 3189 3046 3257 perveniet
3083 3189 3259 3242 divina
3287 3190 3489 3258 justitia

1913 3282 1977 3336 ad
2004 3281 2431 3338 emendationem
2462 3281 2694 3347 ipsorum
2730 3281 3103 3347 improbitatis.
3136 3280 3365 3336 Si'enim
3401 3284 3491 3352 qui

1912 3375 2081 3444 legem
2109 3374 2301 3444 Moysis
2328 3373 2697 3426 adulterabant
2729 3386 2822 3440 per
2849 3372 3063 3424 nimiam
3093 3373 3489 3442 negligentiam,

1911 3483 1941 3523 e
1967 3468 2166 3536 templo
2192 3483 2219 3519 a
2251 3466 2539 3522 Serratore
2564 3466 2718 3533 rjecti
2750 3474 2875 3518 Sllltl.
2898 3481 3017 3518 cum
3052 3465 3278 3534 flagello,
3303 3477 3355 3520 et
3375 3470 3494 3536 qui-

1911 3559 2032 3614 dem
2055 3574 2085 3613 e
2107 3558 2372 3623 funiculis,
2396 3557 2516 3627 quia
2547 3558 2688 3609 intus
2715 3556 2984 3610 columbas
3014 3557 3346 3610 vendebant:
3368 3556 3493 3625 quid

1913 3650 1985 3705 illi
2014 3667 2155 3705 nunc
2187 3650 2389 3720 passuri
2423 3657 2566 3713 sunt,
2600 3648 2687 3716 qui
2730 3658 3097 3716 cauponantur
3136 3647 3260 3700 novi
3303 3646 3493 3701 Testa-

1914 3741 2077 3798 menti
2104 3740 2484 3802 sacerdotium,
2513 3739 2611 3790 nisi
2643 3747 2750 3791 uta
2783 3747 3050 3804 pastorum
3082 3736 3319 3805 principe
3350 3736 3493 3805 virga

1919 3817 2099 3872 ferrea
2127 3817 2523 3870 conterantur?
2555 3824 2612 3869 ut
2640 3817 2716 3870 ait
2737 3821 3038 3887 Apostolus
3069 3838 3082 3874 :
3118 3821 3220 3887 Qui
3246 3824 3404 3877 violat
3429 3824 3505 3878 le-

1912 3920 2028 3977 gem
2050 3905 2272 3977 Moysis,
2308 3906 2502 3977 absque
2523 3907 2887 3960 misericordia
2929 3909 3023 3961 sub
3057 3909 3261 3965 duobus
3284 3923 3377 3966 aut
3400 3916 3504 3968 tri-

1915 3999 2012 4052 bus
2032 3999 2249 4053 testibus
2270 3998 2518 4051 moritur.
2545 3998 2758 4064 Quanto
2785 4002 2986 4068 putatis
3012 4003 3282 4058 acerbiore
3308 4006 3506 4075 dignus

1911 4092 2211 4148 censebitur
2238 4106 2388 4159 poma
2421 4092 2512 4161 qui
2540 4091 2634 4145 Dei
2677 4091 2879 4146 Filium
2909 4096 3237 4151 conculcavit
3258 4139 3273 4159 ,
3304 4109 3352 4151 et
3379 4118 3505 4154 sau-

1911 4186 2121 4254 guinem
2160 4183 2483 4237 Testamenti
2516 4182 2778 4249 pollutum
2798 4186 3146 4247 existimarit,
3172 4191 3224 4241 in
3255 4206 3355 4258 quo
3379 4209 3505 4243 san-

1914 4277 2183 4344 ctiﬁcatus
2206 4284 2305 4337 est,
2331 4285 2378 4327 et
2411 4274 2669 4341 Spiritum
2702 4277 2889 4344 gratia:
2922 4279 3242 4331 contumelia
3278 4282 3453 4347 affecit
3477 4286 3505 4337 Ρ

1916 4368 2125 4420 Scimus
2157 4366 2294 4418 enim
2322 4365 2410 4432 qui
2440 4363 2602 4415 dicit:
2629 4363 2765 4416 Mihi
2791 4366 3040 4423 rindicta.
3067 4383 3160 4436 ego
3190 4370 3500 4435 retribuam,

1915 4458 2041 4512 dicit
2076 4456 2348 4510 Dominus.
2379 4453 2716 4508 Ilorrendum
2743 4465 2818 4510 est
2842 4456 3075 4510 incidere
3101 4460 3152 4510 iu
3178 4476 3368 4513 manus
3407 4461 3501 4515 Dei

1915 4552 2130 4607 riventis
2155 4548 2329 4621 (Rom.
2359 4547 2428 4602 12
2472 4548 2572 4614 19;
2601 4547 2762 4602 Hebr.
2798 4549 2881 4603 lO.
2901 4549 3059 4603 98—5!
3085 4550 3123 4617 ).
3152 4552 3295 4606 Deus
3319 4566 3501 4610 autem

1916 4653 2005 4722 qui
2037 4651 2177 4704 hunc
2204 4650 2350 4716 piutn
2373 4654 2426 4699 et
2445 4652 2685 4697 sanctum
2715 4651 3004 4710 pastorem,
3029 4644 3083 4690 et
3103 4634 3320 4704 justitim
3347 4632 3495 4686 latiti-

1919 4759 2048 4797 nare
2076 4738 2389 4810 glorifit'avit
2410 4777 2423 4799 ,
2455 4737 2541 4788 det
2583 4734 2696 4802 ipse
2737 4731 2887 4785 nobis
2919 4737 3122 4796 partem
3154 4734 3207 4779 et
3234 4722 3495 4810 ltercditaf

1919 4845 2023 4887 lettt
2054 4809 2172 4885 cum
2217 4831 2305 4882 illo
2351 4828 2591 4879 invenire
2632 4824 2682 4876 iu
2729 4818 3005 4875 tremendo
3041 4816 3167 4886 justi
3209 4815 3388 4882 jndicii
3419 4809 3499 4864 sui

1918 4925 2005 4978 die
2030 4942 2042 4977 ;
2069 4922 2152 4977 cui
2181 4918 2438 4987 competit
2464 4915 2653 4985 gloria,
2683 4913 2871 4971 honor.
2905 4908 3156 4977 majestas
3184 4917 3236 4959 et
3263 4901 3494 4972 magni-"t-

1920 5016 2119 5078 centia,
2149 5012 2287 5066 Patri
2313 5018 2366 5063 et
2395 5007 2528 5061 Filio
2556 5015 2609 5057 et
2638 5000 2857 5071 Spiritui
2885 5008 3092 5059 sancto,
3128 5009 3266 5049 nunc
3286 5002 3339 5047 et
3361 5006 3497 5045 scm-

1926 5124 2038 5177 pcr,
2069 5116 2121 5161 et
2147 5104 2198 5158 in
2227 5100 2420 5157 smeula
2448 5097 2784 5153 surculorum.
2815 5094 3006 5147 Amen.
