3948 6456
402 367 472 426 ες
1474 370 1529 426 S.
1573 370 1856 430 JOANN'S
1898 371 2397 433 CHRYSOSTOMI
2439 371 2624 429 Vl'l'A.
3612 367 3675 416 Ἡ

955 504 1048 565 DE
1091 502 1268 563 Vl'l‘A
1299 503 1360 563 S.
1392 505 1705 570 JOANNlS
1746 509 2273 571 CHRYSOSTOMI
2310 511 2359 567 Α
2415 507 2636 569 NOBIS
2682 504 3108 567 ADORNATA.

482 672 631 748 Nihil
668 673 842 744 magis
872 684 1244 748 opportunum
1271 675 1336 730 ad
1363 676 1530 731 vitam
1563 675 1605 748 S
1635 675 1721 731 Jo.
1752 676 1994 748 Chryso-

414 743 579 800 stomi
610 754 865 798 accurz-le
879 743 1036 799 conci
1064 746 1342 811 pandam,
1365 763 1531 815 quam
1555 746 1674 815 ejus
1689 743 1882 816 opera,
1904 748 1995 802 ubi

413 816 702 867 innumera
754 826 889 887 pene
918 823 1186 887 occari-nt
1224 819 1293 871 ab
1329 819 1450 887 aliis
1488 818 1850 887 scriptoribus
1892 834 1997 871 nc-n

403 894 744 938 memorata.
765 884 1040 957 Palladius
1059 900 1281 955 quoque
1306 887 1359 940 in
1383 884 1719 957 Dialogo‘suo
1740 887 2001 957 historico

422 970 533 1026 non
547 968 717 1026 pauca
738 955 1067 1026 suppeditat,
1085 973 1206 1025 quae
1219 957 1349 1011 alibi
1383 955 1583 1011 (rustra
1604 972 1880 1026 quaereres
1907 956 2003 1011 His

420 1024 653 1090 addrndi
668 1023 1294 1089 Socrates,Sozoinenus
1315 1023 1768 1090 etTheodoretus,
1791 1042 2004 1082 necnon

420 1089 648 1167 Photius
670 1095 823 1167 circa
835 1110 897 1148 ea
915 1096 1171 1167 maxime,
1190 1113 1312 1166 qua:
1329 1098 1393 1151 ad
1418 1095 1700 1167 Sydonum
1720 1089 1773 1150 in
1789 1098 2004 1163 Quercu

424 1164 718 1225 pertinent.
741 1164 976 1238 Aliunde
1002 1166 1126 1238 item
1149 1164 1398 1236 quaedam
1436 1164 1503 1221 ad
1530 1168 1681 1238 idem
1712 1182 2009 1238 argumen-

423 1242 541 1307 tum
555 1235 868 1307 _spec'antia
899 1235 1179 1307 expiscari
1193 1253 1509 1306 possumus.
1530 1235 1604 1292 lis
1624 1252 1759 1292 usus
1775 1235 2010 1292 auctori-

428 1304 532 1358 bus
555 1301 735 1385 Yitam
762 1304 881 1385 ejus
897 1301 1102 1361 Gallico
1125 1301 1336 1385 vulgari
1359 1308 1620 1385 idiomate
1639 1308 1863 1385 scripsit
1880 1307 2011 1385 Her:

428 1377 692 1447 plautius,
730 1384 894 1443 atque
922 1391 1117 1447 omnes
1141 1377 1419 1433 inferioris
1441 1379 1540 1432 aevi
1574 1378 1892 1447 Scriptores.
1915 1378 2010 1447 qui

428 1439 609 1514 Vitam
626 1439 1005 1514 Chrysostomi
1028 1447 1458 1511 adornaverant,
1480 1439 1833 1503 accurailone
1854 1439 1904 1501 et
1930 1439 2013 1502 di-

428 1512 447 1565 l
469 1513 648 1585 gentia
681 1512 839 1584 longe
862 1518 1157 1585 superavit.
1179 1516 1311 1571 Post
1334 1519 1485 1572 illum
1509 1533 1640 1572 vero
1664 1519 1745 1571 vir
1759 1519 1830 1573 cl.
1861 1518 2012 1572 omni

433 1584 753 1652 exceptione
794 1584 992 1654 major,
1020 1585 1422 1651 Tillemont‘us,
1460 1598 1519 1642 ut
1566 1587 1801 1642 aliorum
1844 1588 2013 1642 vitam

432 1661 750 1727 sanctorum
786 1670 1005 1727 summo
1026 1657 1217 1727 studio
1239 1668 1294 1711 et
1315 1659 1501 1713 labore
1523 1658 1833 1727 descripsit.
1858 1658 1931 1711 ita
1959 1657 2016 1712 in

434 1720 961 1798 tantiductorisvita
985 1726 1116 1798 nihil
1136 1728 1372 1798 neglexit
1394 1742 1610 1786 eorum.
1628 1720 2017 1798 quieinihujus

435 1791 582 1844 modi
604 1806 782 1872 opere
799 1794 1003 1872 aliquid
1032 1791 1257 1872 possth
1281 1797 1477 1872 atlerre
1499 1791 1786 1872 momenti.
1808 1797 1865 1852 Si
1885 1791 2019 1872 quid

434 1874 565 1937 vero
585 1860 991 1937 dillicultatisin
1013 1860 1133 1937 ejus
1156 1867 1452 1923 referendis
1477 1869 1646 1937 gestis
1665 1860 1943 1931 occurrai,
1964 1867 2020 1923 in

439 1930 582 2006 notis
612 1932 729 1986 suis
753 1933 822 1986 ad
847 1930 1057 2006 calcem
1083 1935 1206 1990 libui
1244 1938 1438 2006 positis
1478 1930 1667 1991 otnuia
1709 1930 2022 1992 minutatim

438 2000 718 2081 explanat,
753 2003 1143 2083 nequidquam
1170 2000 1591 2075 praetermisisse
1608 2006 2025 2083 videatur.__lloc

441 2078 716 2141 prtecipue
736 2078 1004 2141 scriptore
1020 2086 1155 2129 usus
1175 2092 1317 2139 sum,
1346 2093 1471 2133 cum
1491 2079 1728 2131 maxime
1749 2078 1833 2131 vel
1856 2078 2024 2141 dicta,

444 2140 529 2196 vel
552 2146 705 2209 gesta
729 2140 1110 2210 Chrysostomi
1131 2145 1338 2216 aliquid
1361 2163 1473 2218 prae
1495 2163 1556 2203 se
1578 2148 1760 2202 ferunt
1784 2146 2029 2203 obscuri-

441 2333 2346 2366 mw

2097 675 2248 740 tatis,
2279 675 2423 744 quod
2450 689 2583 730 sane
2610 673 2933 745 plerumque
2950 673 3169 745 accidit:
3197 674 3483 744 fateorque
3504 686 3688 731 tamen

2099 762 2188 801 me
2213 762 2318 799 non
2342 760 2557 815 semper
2581 744 2714 799 tanti
2742 745 2842 798 viri
2862 744 3187 799 sententiam
3217 746 3529 814 amplexum
3544 760 3689 801 esse:

2103 817 2159 871 in
2193 816 2468 869 nonnullis
2490 816 2655 869 etiam
2681 816 2831 869 illum
2858 829 2887 866 a
2910 824 3057 868 recta
3084 815 3171 869 via
3190 815 3507 871 declinasse
3535 831 3693 871 eom-

2106 887 2242 956 peri.
2261 885 2397 940 Cum
2416 887 2562 940 enim
2591 887 2748 955 longe
2774 885 2893 953 plus
2926 886 3187 956 temporis
3221 885 3275 940 in
3300 885 3569 956 legendis,
3593 885 3699 940 La-

2109 954 2223 1011 tine
2254 956 2548 1019 vertendis,
2588 956 2938 1026 explorandis
2980 954 3375 1026 Chrysostomi
3409 956 3695 1026 operibus,

2105 1042 2271 1095 quam
2293 1025 3126 1097 ille,consumpserim,quaadam
3143 1025 3562 1097 deprehendi,in
3582 1026 3699 1097 qui-

2106 1097 2210 1151 bus
2237 1097 2326 1151 ille
2359 1096 2443 1151 vel
2484 1096 2538 1149 in
2576 1096 2839 1164 temporis
2880 1095 3286 1165 supputatione,
3319 1095 3401 1149 vel
3422 1096 3477 1150 in
3507 1095 3695 1151 rerum

2107 1175 2386 1237 gestarum
2412 1166 2645 1230 ratione,
2679 1181 2709 1219 a
2747 1173 2897 1237 recto
2928 1165 3151 1219 tramite
3177 1165 3492 1220 deﬂexerat:
3518 1180 3700 1237 eaque

2108 1238 2179 1291 de
2208 1252 2269 1291 re
2293 1237 2554 1291 lectorem
2598 1236 2933 1304 quandoque
2983 1237 3195 1300 monui,
3233 1249 3357 1290 cum
3394 1249 3459 1290 ea
3488 1236 3699 1303 tamen,

2110 1322 2232 1378 quae
2258 1315 2408 1378 tanto
2438 1306 2561 1378 viro
2589 1306 2840 1372 debetur,
2862 1306 3229 1378 observantia.

2181 1375 2321 1444 Quia
2350 1376 2407 1429 in
2438 1375 2541 1430 hac
2573 1385 2846 1446 postrema
2875 1375 3254 1446 Chrysostomi
3275 1372 3517 1445 Operam
3532 1374 3705 1432 colle-

2112 1448 2295 1501 ctione
2323 1446 2461 1500 bene
2494 1445 2664 1499 multa
2686 1457 2834 1505 sunt.
2866 1445 3317 1515 quae’numquam
3345 1446 3522 1503 lucem
3552 1446 3705 1500 video

2113 1525 2261 1581 rant;
2283 1517 2411 1571 hinc
2435 1516 2601 1570 etiam
2624 1529 2732 1569 non
2751 1530 2926 1585 pauca
2943 1518 3207 1586 hactenus
3236 1516 3419 1586 ignota
3441 1517 3509 1572 ad
3530 1516 3703 1570 vitam

2115 1587 2251 1641 tanti
2270 1586 2514 1641 doctoris
2544 1586 2871 1655 pertinentia
2891 1585 3289 1655 decerpsimus,
3313 1587 3553 1655 maxime
3573 1601 3707 1639 vero

2116 1672 2183 1711 ex
2205 1656 2455 1711 undecim
2472 1653 2577 1709 illis
2595 1653 2846 1709 llomiliis
2864 1657 3023 1726 novis
3044 1653 3096 1726 in
3120 1665 3270 1711 tomo
3285 1654 3376 1726 Xll
3391 1657 3564 1722 cusis,
3583 1670 3709 1726 qua-

2119 1726 2186 1780 ad
2208 1726 2493 1782 historiam
2517 1726 2661 1781 illius
2679 1725 2940 1794 temporis
2962 1725 3195 1779 multum
3227 1724 3541 1792 conferunt,
3558 1724 3710 1780 vide-

2117 1796 2244 1852 licet
2267 1811 2297 1850 a
2335 1802 2610 1866 poarema
2642 1804 2797 1865 parte
2818 1796 2950 1849 anni
2985 1795 3092 1849 398
3117 1810 3290 1866 usque
3317 1796 3386 1850 ad
3413 1797 3708 1850 dimidium

2119 1866 2249 1921 anni
2268 1865 2551 1935 sequentis
2580 1866 2705 1935 599:
2734 1866 2800 1919 de
2816 1879 2927 1935 quo
2947 1865 3208 1934 temporis
3226 1866 3401 1935 spatio
3424 1866 3480 1920 in
3507 1867 3595 1920 his
3612 1867 3713 1919 ho-

2122 1937 2290 1992 miliis
2310 1934 2560 2005 quaedam
2586 1934 2903 1990 referuntur
2930 1936 3071 1990 scitu
3093 1934 3414 2005 dignissima
3456 1945 3512 1991 et
3550 1945 3711 1989 ante-

2124 2008 2228 2061 hac
2247 2004 2457 2076 ignota,
2476 2020 2599 2076 quae
2611 2005 2753 2075 apud
2771 2005 2909 2060 alios
2933 2004 3230 2076 scriptores
3262 2004 3465 2076 frustra
3488 2020 3711 2076 quaere-

2116 2074 2365 2149 .res.ll'aec
2385 2074 2570 2130 omnia
2594 2074 2729 2149 inea
2753 2089 2919 2146 quam
2939 2074 3134 2149 damus
3153 2074 3538 2149 DoctorisVita
3557 2090 3714 2149 accu-

2122 2144 2262 2215 rate,
2274 2154 2542 2217 quantum
2560 2144 2866 2216 potuimus,
2883 2146 3089 2217 scripto
3110 2148 3431 2217 consignata
3447 2148 3710 2217 reperies,

712 2505 1109 2642 VITA
1200 2507 1332 2637 s.
1440 2503 2099 2637 JOANNIS
2194 2499 3386 2665 CHRYSOSTOMI,

1368 2763 1895 2821 ARCHIEI’ISCOI’I
1932 2758 2771 2826 CONSTANTINOPOUTANI,

428 2948 600 2995 NUNC
647 2945 901 2992 ΡΙΙΙΒΙ
950 2946 1324 3001 ADORNATA,
1373 2946 1455 2990 ΕΤ
1519 2947 1763 3009 MULTIS
1802 2946 2010 2990 AUCTA

2119 2945 2277 2988 ΝΤΕΔ
2341 2943 2620 2997 IGNOTIS,
2662 2943 2804 2995 QU£
2858 2940 2940 2983 EX
3006 2936 3332 2983 DUODECIM
3388 2931 3675 2982 ﬂOlﬂLﬂl

1128 3025 1900 3069 CONSTANTINOPOLITANIS
1934 3024 2143 3067 NUPER
2186 3021 2495 3065 RBPERTIS
2526 3021 2857 3065 EXCEBI’TA
2898 3017 3080 3063 SUNT.

481 3226 714 3282 Joannes
748 3221 1110 3277 Annocbenus
1139 3218 1406 3274 nobilibus
1451 3226 1605 3272 ortus
1641 3224 1723 3271 est
1761 3213 2002 3286 parenti-

413 3316 537 3372 bus.
565 3314 694 3384 Ejus
723 3323 873 3384 pater
907 3311 1153 3382 Magister
1180 3310 1408 3365 militum
1433 3307 1605 3379 Syria:
1635 3305 1749 3369 fuit,
1788 3303 2005 3359 nomine

412 3406 724 3471 SecunduS;
755 3413 926 3459 mater
955 3402 1193 3458 Anthusa
1229 3400 1462 3474 (Pallad.
1489 3399 1625 3452 Dial.
1651 3415 1703 3468 ρ.
1727 3396 1797 3453 40
1894 3395 2003 3451 Νο-

415 3513 538 3553 tnen
565 3497 731 3566 patris
755 3503 812 3549 et
837 3493 1023 3548 matris
1047 3507 1154 3547 non
1185 3490 1346 3545 modo
1387 3489 1649 3558 Georgius
1686 3486 2006 3542 Alexandri-

404 3603 522 3643 nus
547 3587 710 3643 refert
735 3585 943 3659 (Georg.
969 3584 1116 3638 Alex.
1143 3601 1196 3653 ρ.
1250 3581 1396 3653 159),
1427 3580 1520 3635 sed
1561 3580 1720 3633 etiam
1758 3577 2007 3633 Socrates

415 3679 594 3749 (Socr.
625 3679 662 3732 ι.
685 3677 734 3732 6.
765 3694 813 3731 c.
841 3676 917 3746 3).
962 3676 1296 3745 Quapropter
1339 3671 1531 3727 merito
1575 3669 1812 3737 rrjicitur
1847 3667 2008 3722 Cani-

418 3773 531 3827 sius
561 3770 819 3843 (Curtisius
848 3767 886 3823 ι.
914 3769 975 3833 2,
1009 3784 1062 3837 ρ.
1093 3765 1251 3832 887),
1281 3765 1370 3833 qui
1417 3770 1567 3832 putat
1606 3761 1864 3817 Jozmuem
1910 3775 2008 3814 no-

418 3870 591 3917 strum
621 3869 820 3916 sanctae
850 3859 991 3913 illius
1013 3866 1070 3913 et
1091 3864 1325 3910 strenua:
1366 3852 1607 3908 mulieris
1639 3851 1861 3915 Publize,
1888 3864 2010 3921 quae

416 3953 520 4009 sub
543 3952 759 4011 Juliano
786 3952 1041 4022 Apostata
1067 3947 1265 4012 ﬂoruit,
1299 3945 1464 4000 lilium
1504 3944 1688 3998 fuisse.
1710 3941 1847 3997 Natu
1895 3956 2007 3997 ma-

414 4046 588 4116 jorem
616 4057 859 4098 sororem
890 4040 1144 4095 habuisse
1165 4044 1347 4092 narrat
1384 4032 1669 4099 Palladius,
1711 4033 1862 4103 cujus
1906 4046 2007 4088 no-

417 4150 544 4192 men
560 4149 666 4190 non
688 4142 970 4191 memorat.
992 4131 1165 4188 Amita
1195 4143 1409 4201 quoque
1434 4126 1600 4198 ipsius
1625 4125 1789 4181 fuisse
1815 4124 2010 4180 dicitur

418 4225 728 4292 Sabiniana,
776 4224 846 4280 de
884 4241 987 4296 qua
1038 4222 1279 4294 pluribus
1318 4228 1508 4291 agetur
1547 4217 1615 4274 ad
1659 4232 1858 4274 annum
1902 4218 2010 4275 405

420 4315 657 4390 (Pallad.
682 4316 799 4374 His.
829 4316 1009 4391 Laus).

492 4408 870 4480 Explodeudus
917 4419 1097 4465 autem
1142 4409 1405 4480 Georgius
1454 4410 1869 4477 Alexandrinus,
1918 4406 2008 4479 qui

420 4506 604 4553 narrat
625 4507 802 4553 ortum
819 4498 966 4553 illum
988 4514 1110 4555 esse
1133 4515 1201 4553 ex
1227 4501 1540 4569 parentibus
1558 4502 1867 4570 gentilibus,
1888 4500 2013 4556 deo-

419 4603 649 4660 rumque
670 4590 985 4655 cultoribus,
1006 4599 1063 4645 et
1092 4599 1374 4660 postquam
1399 4591 1516 4661 ipse
1558 4590 1793 4646 Joannes
1835 4591 2011 4660 bapti-

423 4688 575 4735 zatus
601 4680 787 4743 fuerat,
818 4689 875 4734 et
899 4687 1104 4749 patrem
1133 4687 1188 4735 et
1222 4689 1448 4735 matrem
1493 4680 1610 4750 ejus
1653 4681 2011 4737 Christianam

324 4840 331 4846 .
420 4769 698 4839 amplexos
721 4783 841 4825 esse
886 4769 1199 4841 religionem
1232 4768 1453 4842 (Gecrg.
1478 4771 1625 4825 Alex.
1653 4790 1703 4843 ρ.
1729 4772 1817 4829 59.
1841 4772 1893 4827 b.
1920 4773 2011 4845 ο.)

422 4859 555 4916 Nam
579 4859 815 4917 Joannes
840 4858 913 4915 28
938 4875 1108 4915 annos
1151 4870 1308 4917 natus
1350 4860 1646 4932 baptizatus
1693 4863 1809 4919 fuit.
1854 4863 2014 4919 Pater

420 4961 599 5008 autem
627 4953 764 5025 ejus,
792 4951 918 5008 dum
949 4952 1000 5007 in
1025 4952 1303 5009 ctmabulis
1329 4964 1475 5010 esset
1491 4955 1740 5018 Joannes,
1772 4965 2014 5012 mortuus

421 5051 549 5100 est:
580 5057 649 5098 ex
671 5054 886 5100 narratu
916 5058 1045 5099 vero
1078 5045 1267 5100 matris
1292 5044 1461 5116 liquet
1497 5046 1618 5103 illos
1667 5057 1791 5104 ante
1834 5057 2011 5103 ortum

421 5133 647 5191 Joannis
673 5134 1005 5192 Christianos
1031 5134 1217 5192 fuisse.
1247 5136 1414 5193 Natus
1441 5146 1618 5193 autem
1651 5154 1772 5195 esse
1801 5150 2016 5211 pu'atur

430 5236 572 5278 anno
608 5224 714 5279 547
742 5224 844 5296 (De
869 5226 1085 5282 Sacerd.
1112 5237 1150 5280 t.
1181 5227 1233 5281 Ι.
1266 5229 1366 5282 col.
1422 5229 1549 5296 624,
1610 5232 1649 5285 l.
1701 5230 1790 5284 25.
1819 5242 1866 5285 et
1905 5247 2014 5300 sqq.

429 5314 541 5385 σίν.
576 5326 613 5371 ι.
648 5317 701 5373 Ι.
730 5318 832 5372 col.
864 5316 990 5375 601.
1020 5318 1059 5373 l.
1092 5318 1185 5375 l0.
1224 5331 1271 5375 et
1300 5323 1459 5392 δίῃ).
1491 5321 1616 5376 Ilzec
1643 5334 1725 5378 Cal
1755 5323 2016 5376 sententia

428 5408 709 5476 Blondelli,
734 5410 1029 5468 llermantii
1064 5420 1119 5468 et
1144 5411 1495 5467 Tillemontii.
1524 5412 1623 5479 Qui
1669 5428 1799 5468 vero
1845 5428 2016 5467 annos

426 5498 597 5552 Solum
622 5501 695 5555 52
719 5511 773 5557 et
791 5504 925 5560 duos
953 5520 1165 5560 menses
1190 5504 1387 5561 vixisse
1405 5505 1607 5569 dicunt,
1634 5515 1815 5558 natum
1833 5505 2014 5560 dicant

427 5596 637 5655 oportet
666 5605 806 5647 anno
832 5596 940 5652 555
971 5614 984 5651 :
1010 5598 1151 5665 quod
1178 5608 1325 5653 certe
1354 5605 1611 5669 pugnaret
1631 5612 1751 5651 eum
1780 5613 1902 5652 vera
1930 5598 2013 5652 bi-

427 5677 606 5731 ateriae
642 5680 781 5734 serie
816 5695 872 5737 et
909 5689 1217 5743 narratione
1259 5705 1272 5741 :
1314 5701 1489 5758 exque
1530 5687 1670 5741 notis
1715 5697 2012 5758 temporum

2113 3228 2246 3283 quas
2271 3213 2404 3269 infra
2439 3214 2704 3283 dabimus,
2735 3217 2881 3274 nullo
2907 3218 3066 3274 modo
3094 3230 3238 3276 stare
3273 3236 3432 3292 posse
3459 3239 3705 3296 compor-

2114 3313 2225 3360 tum
2251 3308 2371 3361 erit.

2189 3398 2382 3468 Viginti
2427 3417 2688 3456 annorum
2728 3412 2846 3458 erat
2873 3413 3063 3467 mater,
3096 3406 3311 3476 quando
3351 3410 3546 3479 conjux
3590 3413 3706 3481 ejus

2115 3489 2259 3545 illam
2287 3492 2408 3546 ridu
2431 3510 2496 3546 λιιι
2525 3503 2579 3548 et
2607 3494 2868 3551 Joannem
2898 3498 3151 3553 tenellam
3188 3500 3421 3571 reliquit.
3468 3504 3706 3559 Anthusa

2114 3596 2244 3636 vero
2269 3584 2496 3652 apostoli
2526 3586 2744 3640 monitis
2766 3587 3033 3654 roborata,
3052 3589 3151 3641 etsi
3171 3588 3352 3657 junior
3372 3591 3550 3647 adhuc
3569 3604 3705 3657 erat,

2113 3670 2418 3727 asecundis
2445 3674 2643 3744 nuptiis
2680 3675 2934 3731 abstinuit
2988 3695 3002 3732 :
3054 3679 3381 3735 instituendo
3426 3691 3606 3738 autem
3655 3693 3708 3738 ct

2114 3761 2390 3819 educando
2415 3763 2607 3820 Joanni
2634 3766 2832 3821 nullam
2863 3784 2968 3821 non
3000 3768 3245 3823 adhibuit
3287 3785 3538 3839 operam;
3578 3773 3707 3828 nihil

2114 3853 2257 3924 quod
2285 3854 2350 3909 ad
2375 3854 2491 3926 ejus
2517 3855 2839 3925 profectum,
2886 3866 2996 3912 tum
3046 3859 3100 3913 in
3143 3860 3455 3916 liberalibus
3500 3871 3610 3915 tum
3658 3869 3707 3916 in

2113 3942 2432 4001 Christianis
2485 3946 2803 4018 disciplinis,
2848 3959 3203 4020 opportunum
3260 3962 3403 4008 esset
3458 3954 3705 4024 neglexit.

2115 4033 2270 4101 Quod
2301 4051 2457 4105 quam
2487 4036 2694 4092 felicem
2725 4038 2928 4093 exitum
2958 4038 3225 4107 habuerit,
3254 4057 3343 4097 res
3371 4042 3483 4111 ipsa
3532 4043 3705 4100 declao

2116 4129 2271 4183 ravit.
2302 4128 2484 4200 Neque
2514 4138 2691 4185 tamen
2715 4131 2800 4185 illa
2853 4132 2931 4187 rei
2987 4130 3265 4189 familiaris
3313 4150 3496 4190 curam
3545 4134 3685 4206 depo

2116 4219 2255 4285 suit;
2290 4220 2398 4274 imo
2445 4236 2574 4275 vero
2601 4222 2671 4277 ita
2700 4223 2879 4276 omnia
2912 4224 3248 4294 temperat-lt,
3279 4234 3336 4280 ut
3363 4241 3428 4281 ex
3459 4242 3554 4282 sua
3583 4228 3709 4283 dote

2116 4308 2333 4380 suisque
2361 4311 2697 4368 facultatibus
2716 4313 2928 4369 abunde
2958 4315 3058 4370 sibi
3087 4326 3142 4371 et
3163 4315 3272 4371 lilio
3297 4328 3541 4386 sutnptus
3582 4334 3707 4390 sup-

2118 4399 2399 4471 peditaret,
2437 4411 2792 4475 paternasque
2818 4418 2950 4475 opes
2970 4415 3024 4461 et
3050 4406 3189 4461 bona
3231 4408 3410 4461 omnia
3450 4406 3561 4463 lilio
3595 4425 3709 4465 ser-

2118 4501 2265 4547 varet
2290 4492 2508 4547 intacta.

2189 4584 2409 4639 Joannis
2431 4587 2572 4640 dom
2593 4597 2640 4640 et
2664 4603 2845 4641 mares.
2863 4617 2937 4628 --
2962 4587 3203 4658 Egregia:
3235 4588 3397 4643 indoli
3421 4589 3490 4642 ita
3514 4589 3710 4658 profuit

2117 4675 2363 4731 educatio
2394 4676 2721 4747 lmjusmodi,
2754 4687 2806 4733 ut
2831 4677 3011 4733 statim
3038 4694 3066 4732 τι
3099 4679 3359 4749 principio
3387 4680 3549 4735 animi
3579 4683 3708 4737 tanti

2119 4766 2272 4823 dotes
2299 4768 2616 4823 eminerent.
2647 4769 2772 4824 Erat
2791 4768 3025 4825 Joannes
3051 4769 3353 4825 divinarum
3386 4786 3564 4825 rerum
3600 4781 3710 4825 stu-

2118 4859 2208 4914 dio
2233 4860 2483 4916 incensus
2516 4869 2609 4915 :et
2629 4860 2715 4916 ubi
2747 4862 2912 4917 semel
2945 4863 3249 4928 veritatem,
3270 4860 3531 4932 justitiam
3555 4873 3611 4918 et
3635 4861 3710 4917 of-

2120 4952 2224 5007 ficii
2243 4951 2481 5009 debitum
2508 4953 2960 5022 apprehenderat.
2997 4954 3069 5008 ita
3106 4964 3361 5009 constans
3398 4962 3455 5010 et
3492 4955 3711 5023 intrepi-

2118 5046 2219 5100 dus
2233 5057 2369 5113 erat,
2399 5054 2458 5099 ut
2488 5061 2515 5099 a
2544 5046 2836 5107 nonnullis,
2866 5046 2954 5116 qui
2978 5045 3065 5101 vel
3094 5045 3159 5099 ad
3195 5044 3434 5100 intimam
3461 5046 3578 5115 ejus
3607 5045 3709 5115 phi-

2121 5138 2416 5208 losophiam
2440 5154 2544 5193 non
2569 5138 2945 5208 penetrabant,
2964 5137 3046 5190 vel
3078 5152 3202 5206 erga
3229 5136 3375 5190 illum
3404 5137 3542 5190 male
3563 5145 3712 5191 erant

2120 5228 2319 5294 affecti,
2343 5236 2398 5281 ut
2429 5239 2711 5297 protervus
2733 5237 2788 5283 et
2814 5241 3071 5297 arrogans
3117 5225 3426 5280 haberetur.
3471 5225 3549 5279 Ad
3581 5225 3711 5278 imm

2122 5336 2346 5390 pronum
2379 5319 2541 5375 fuisse
2561 5320 2693 5375 dixit
2720 5320 2933 5390 quidam
2957 5318 3129 5391 (Socr.
3154 5320 3193 5372 l.
3223 5317 3278 5373 6.
3309 5335 3358 5372 c.
3391 5318 3485 5387 '5);
3513 5318 3606 5370 sed
3648 5333 3711 5371 ex

2120 5428 2304 5468 eorum
2330 5427 2554 5467 numero
2585 5413 2671 5466 ille
2695 5420 2799 5474 est,
2830 5412 2916 5481 qui
2944 5410 3009 5465 ad
3049 5409 3247 5480 judicia
3288 5408 3458 5478 probe
3498 5406 3710 5461 fcrcnda

2121 5521 2228 5560 non
2252 5502 2603 5569 assuefactus,
2636 5502 2896 5557 fervorem
2932 5502 2983 5555 in
3016 5500 3175 5555 rebus
3200 5498 3395 5553 divinis
3421 5507 3478 5550 ut
3508 5497 3712 5550 iracun-

2121 5596 2261 5648 diam
2302 5594 2567 5649 habuerit.
2593 5594 2667 5648 De
2689 5595 2870 5647 animo
2899 5592 3015 5661 ejus
3045 5590 3110 5643 ad
3144 5589 3275 5643 iram
3319 5587 3507 5655 magis,
3555 5600 3707 5654 quam

2125 5687 2191 5742 ad
2218 5687 2590 5741 verecundiam
2621 5701 2810 5755 prono,
2833 5684 2933 5740 hoc
2958 5699 3021 5737 ex
3050 5680 3269 5734 alterius
3300 5678 3604 5733 testimonio
3629 5691 3702 5731 re-
