3948 6402
221 349 294 412 85
809 397 812 400 λ
1411 341 1591 400 NUNC
1632 342 1890 402 PRIMUM
1932 345 2323 403 ADORNATA.
3461 354 3528 408 86

227 460 329 515 fert
356 458 644 528 Socrates,
667 459 757 529 qui
788 457 960 530 pergit
987 464 1042 514 et
1063 457 1138 514 ait
1168 475 1182 512 :
1217 475 1236 508 t
1271 456 1338 512 Et
1364 457 1424 512 ot
1467 459 1591 510 vitze
1631 458 1826 511 sancti-

231 553 469 606 moniam
500 566 609 604 non
636 552 708 604 ita
733 560 922 605 cautus
945 550 1086 604 circa
1111 548 1285 602 futura
1307 547 1402 614 ;oh
1433 545 1826 616 simplicitatem

232 655 360 696 vero
377 639 531 694 aditu
562 640 753 694 facilis.
783 638 1070 696 lmmodiea
1114 641 1275 693 etiam
1322 637 1535 693 dicendi
1581 638 1828 692 libertate

236 736 287 790 iu
319 732 606 804 colloquiis
635 731 901 787 utebatur.
921 730 990 784 Et
1014 731 1066 784 in
1097 729 1338 785 docendo
1362 727 1576 799 quidem
1603 729 1826 782 multum

233 825 454 896 juvabat
479 825 547 878 ad
572 822 938 881 informandus
961 821 1262 876 auditorum
1285 836 1460 876 mores
1477 820 1556 885 ;in
1575 834 1827 888 congres-

237 918 383 970 sibus
404 931 532 968 vero
552 915 888 983 arrogantior
912 912 1189 966 videbatur
1210 912 1274 966 iis
1299 911 1387 981 qui
1407 911 1569 980 ipsius
1591 910 1824 963 animum

236 1021 342 1062 non
371 1015 651 1059 noverant.
690 1023 710 1055 ι

309 1097 436 1150 Harc
483 1094 727 1150 fortassis
775 1093 1052 1148 acerbiora
1097 1093 1416 1147 videbuntur
1467 1107 1588 1147 esse
1631 1093 1696 1146 iis
1737 1093 1825 1161 qui

242 1186 610 1258 Cbrysostomi
634 1185 990 1255 eloquentiam
1020 1194 1075 1239 et
1099 1185 1263 1238 animi
1293 1183 1709 1254 magnitudinem
1738 1185 1829 1237 mi-

238 1290 461 1337 rantur:
495 1291 679 1332 verum
708 1276 759 1328 in
787 1275 986 1330 sanctis
1017 1275 1160 1328 illam
1188 1275 1378 1345 agendi
1410 1276 1718 1330 varietatem
1741 1274 1830 1329 ob-

241 1385 547 1426 servamus.
577 1368 680 1423 Alii
711 1382 938 1436 namque
966 1366 1265 1421 divinarum
1303 1382 1480 1421 rerum
1524 1367 1700 1421 studio
1743 1366 1826 1422 in-

235 1463 406 1528 censi,
436 1475 544 1515 non
572 1459 747 1514 habita
777 1469 1077 1528 temporum
1124 1472 1581 1527 personarumque
1620 1459 1829 1511 ratione

237 1556 302 1608 ad
345 1568 529 1608 mores
569 1550 931 1606 informandus
973 1549 1216 1604 feruntur
1256 1549 1528 1604 ardentius
1579 1566 1591 1601 :
1640 1549 1730 1602 alii
1771 1556 1830 1602 ut

237 1644 533 1700 dissolutos
556 1651 900 1711 compescant
927 1654 1104 1695 mores
1128 1639 1371 1694 doctrina
1410 1639 1569 1694 simul
1605 1647 1829 1694 utuntur

238 1746 289 1791 ει
309 1745 450 1789 arte.

309 1825 566 1885 Oratorig
598 1824 698 1878 arti
729 1834 776 1877 et
802 1823 1140 1894 philosOphia:
1159 1823 1244 1876 dat
1264 1838 1494 1892 operam.
1526 1849 1577 1888 —_—
1626 1821 1682 1874 In
1710 1821 1824 1876 elo-

237 1917 455 1988 quentia
497 1927 552 1971 et
587 1915 819 1970 oratoria
865 1925 981 1968 arte
1001 1914 1272 1968 doctorem
1303 1913 1488 1967 habuit
1525 1913 1823 1978 Libanium,

237 2013 290 2068 in
317 2010 653 2082 philosophia
684 2024 814 2064 vero
853 2006 1298 2077 Andragathium,
1327 2014 1578 2060 narrante
1606 2005 1828 2061 Socrate

239 2101 480 2174 (Pallad.
507 2119 559 2170 p.
592 2099 716 2153 240.
769 2099 917 2152 Socr.
949 2098 986 2152 l.
1020 2098 1074 2164 6,
1104 2113 1151 2151 c.
1183 2096 1262 2167 5).
1296 2097 1444 2151 Licet
1471 2111 1633 2166 porro
1671 2105 1796 2151 ante

235 2210 399 2266 quam
439 2193 756 2263 vigesimum
808 2206 1006 2244 annum
1046 2190 1332 2260 attigisset,
1382 2188 1450 2243 de
1500 2188 1826 2258 capessenda

235 2290 342 2342 vita
369 2286 665 2340 monastiea
691 2299 835 2353 saepe
858 2285 1132 2352 cogitaret,
1176 2282 1459 2348 abductus,
1496 2292 1557 2338 ut
1595 2282 1823 2346 videtur,

235 2380 303 2435 ab
324 2377 573 2432 oratoriae
613 2378 743 2430 artis
790 2385 844 2430 et
890 2374 1244 2444 philosophiae
1293 2375 1490 2439 studio,
1539 2372 1827 2428 theatrales

238 2470 394 2524 ludos
418 2468 757 2537 frequentare
775 2467 959 2535 ccepit,
990 2475 1045 2520 et
1073 2465 1125 2519 in
1177 2464 1292 2519 foro
1323 2464 1614 2519 oratoriam
1654 2472 1825 2517 artem

237 2563 496 2618 exercuit.
530 2559 953 2615 Declamatioues
979 2557 1162 2613 habuit
1204 2557 1398 2612 multas
1449 2554 1606 2625 (Isid.
1651 2554 1822 2612 Peius.

239 2655 324 2708 lib.
349 2654 406 2708 2.
433 2654 584 2722 epist.
613 2651 684 2706 t2
708 2651 727 2720 )
755 2692 770 2716 ,
801 2665 1066 2720 unamque
1096 2649 1240 2704 misit
1267 2649 1488 2704 Libanio
1535 2650 1588 2702 in
1617 2647 1823 2702 laudem

240 2748 623 2816 imperatorum
648 2743 1042 2808 concinnatam,
1083 2757 1241 2810 quam
1282 2741 1354 2795 ita
1393 2741 1628 2795 celebrat
1669 2739 1828 2794 Liba-

239 2840 356 2892 nius
391 2856 404 2890 :
445 2857 463 2888 ‹
498 2835 630 2890 Cum
661 2849 905 2904 magnam
939 2843 1081 2888 tuam
1110 2841 1164 2888 et
1189 2833 1487 2903 elegantem
1528 2831 1826 2886 orationem

239 2930 593 3000 accepissem,
620 2928 748 2982 viris
764 2926 1082 2998 quibusdam
1111 2941 1228 2980 eam
1256 2925 1390 2994 legi,
1432 2925 1520 2994 qui
1565 2923 1826 2978 orationi-

240 3026 339 3081 bus
367 3026 498 3080 dant
522 3038 740 3094 operam
771 3040 784 3075 :
814 3037 1040 3091 quorum
1069 3019 1251 3075 nullus
1273 3026 1390 3073 erat
1416 3019 1506 3089 qui
1535 3034 1639 3073 non
1669 3017 1830 3072 salta-

239 3124 340 3177 ret,
369 3114 662 3168 clamorem
687 3111 890 3175 ederet,
910 3125 1078 3179 eaque
1099 3109 1279 3164 omnia
1303 3108 1523 3173 faceret,
1565 3123 1684 3176 quae
1733 3106 1831 3160 ho-

237 3207 412 3261 mines
443 3203 806 3259 admiratione
829 3201 1057 3272 perculsi
1083 3199 1262 3255 facere
1288 3200 1480 3254 solent.
1511 3198 1627 3267 Ego
1671 3197 1830 3267 igitur

236 3298 514 3367 voluptate
538 3295 757 3349 allectus
780 3309 919 3355 sum,
949 3292 1090 3362 quod
1116 3292 1182 3346 ad
1209 3290 1476 3345 forensem
1521 3298 1688 3343 artem
1735 3304 1830 3342 ex—
1869 3349 1880 3360 ε

236 3391 527 3447 bibendam
558 3385 1044 3442 demonstrationes
1093 3397 1305 3453 quoque
1346 3381 1623 3451 adjungas.
1666 3379 1830 3449 Atqui

237 3493 293 3537 et
325 3493 374 3536 te
396 3482 607 3536 beatum
639 3477 894 3547 praedico,
915 3477 1004 3546 qui
1053 3475 1121 3530 ad
1166 3475 1307 3528 hunc
1344 3472 1561 3527 modum
1611 3471 1830 3526 laudare

235 3587 437 3644 queas;
471 3574 700 3641 itemque
723 3584 820 3624 eos
844 3569 932 3639 qui
963 3567 1121 3622 talem
1153 3581 1455 3636 praeconem
1486 3565 1626 3620 nacti
1671 3573 1827 3628 sunt;

239 3667 346 3720 hoc
371 3673 455 3718 est
474 3671 528 3716 et
558 3669 786 3731 patrem,
815 3660 905 3730 qui
931 3658 1216 3728 Imperium
1247 3655 1414 3728 dedit,
1463 3666 1516 3710 et
1563 3656 1699 3710 filios
1740 3656 1831 3725 qui

239 3762 583 3826 acceperunt.
621 3771 640 3805 ι

313 3844 500 3914 Neque
527 3842 722 3897 mirum
747 3839 1013 3895 videbitur
1057 3839 1123 3894 iis
1166 3839 1256 3909 qui
1302 3838 1390 3894 vel
1439 3837 1831 3908 extemporales

235 3933 610 4005 Cbrysostomi
640 3931 810 3987 nostri
835 3931 1106 3987 orationes
1132 3929 1353 3984 laudant
1381 3939 1435 3984 et
1462 3929 1752 3992 celebrant,
1785 3929 1830 3982 si

237 4025 414 4080 oratio
440 4022 646 4088 istbtec,
678 4037 833 4092 quam
856 4029 974 4076 arte
1007 4028 1062 4076 et
1088 4020 1393 4075 urbanitate
1418 4019 1716 4082 limaverat,
1741 4017 1832 4072 Li-

237 4115 405 4170 banio
441 4112 756 4182 exterisque
783 4111 1088 4166 oratoribus
1125 4111 1196 4164 ita
1227 4109 1502 4180 placuerit.
1531 4108 1588 4162 In
1614 4109 1679 4162 iis
1703 4124 1832 4164 vero

239 4207 430 4272 etiam,
466 4219 600 4275 quas
627 4203 805 4267 studio
831 4202 997 4257 multo
1041 4201 1344 4263 concinnat,
1389 4199 1530 4253 nulla
1581 4213 1830 4267 umquam

235 4299 478 4370 suspicio
502 4297 850 4368 apparitionis
867 4304 924 4351 et
937 4295 1240 4350 artificiosae
1259 4291 1550 4363 diligentiae
1569 4293 1827 4361 nascitur,

235 4393 384 4464 quod
407 4399 491 4446 est
513 4391 739 4444 oratoris
766 4389 962 4444 summi
992 4401 1208 4442 munus.

247 4513 252 4517 -
313 4482 446 4550 Quae
471 4495 600 4535 vero
618 4489 800 4534 narrat
820 4479 1240 4552 Chrysostomus
1261 4476 1316 4531 in
1344 4475 1482 4531 libro
1507 4476 1573 4531 ad
1606 4475 1830 4530 Viduam

233 4573 512 4644 juniorem
538 4571 606 4626 Τ.
653 4567 696 4635 Ι,
733 4569 840 4624 col.
878 4571 1004 4634 601,
1032 4570 1101 4624 de
1137 4569 1362 4625 Libauio
1403 4569 1587 4624 forsan
1634 4569 1832 4624 intelli-

234 4661 415 4733 geuda
443 4661 742 4716 videantur.
771 4661 860 4715 Ait
895 4660 985 4714 ille
1007 4660 1282 4715 doctorem
1317 4675 1494 4725 suum,
1525 4660 1617 4730 qui
1646 4658 1832 4714 admo-

233 4754 368 4810 dum
401 4753 803 4823 superstitiosus
823 4763 940 4808 erat
973 4761 1131 4821 atque
1175 4753 1416 4821 gentilis,
1448 4752 1707 4822 quosdam
1751 4753 1832 4807 in-

237 4853 548 4915 terrogasse
577 4845 854 4914 cujusnam
880 4843 1018 4898 filius
1044 4854 1184 4899 esset
1223 4843 1478 4920 Joannes.
1520 4843 1833 4913 Responde-

234 4946 370 4990 runt
396 4935 495 5000 illi,
528 4935 712 4990 Viduae
739 4934 1016 5005 cujusdam
1045 4949 1166 4989 esse
1187 4932 1375 4988 tilium.
1404 4933 1541 5007 Tum
1564 4933 1654 4989 ille
1679 4949 1829 5003 quae.

233 5027 386 5093 sivit,
416 5026 568 5096 cujus
591 5028 764 5081 aetatis
787 5035 931 5081 esset
975 5036 1166 5089 mater,
1195 5035 1252 5080 et
1274 5040 1305 5079 a
1347 5034 1546 5094 quanto
1590 5034 1833 5094 tempore

235 5118 399 5173 vidua
419 5126 596 5176 esset.
620 5117 903 5188 Reponth
930 5117 1006 5171 illi
1042 5116 1390 5186 quadraginta
1419 5130 1682 5171 annorum
1711 5132 1831 5171 esse

234 5219 494 5273 matrem,
531 5219 585 5264 et
619 5210 730 5280 jam
777 5209 1090 5276 vigesimum
1130 5207 1401 5262 viduitatis
1429 5223 1626 5262 annum
1651 5223 1828 5278 agere.

233 5300 397 5354 Tunc
443 5300 707 5354 exclamat
753 5299 846 5354 ille
887 5316 900 5352 :
935 5299 1121 5368 Papm,
1164 5298 1350 5368 quales
1391 5297 1640 5352 mulieres
1691 5297 1830 5367 apud

233 5393 575 5448 Christianos
603 5393 978 5456 suntl'l‘anta,
1029 5391 1204 5461 pergit
1254 5391 1693 5461 Cltrysostomus,
1723 5407 1827 5444 non

236 5485 405 5540 modo
431 5486 569 5554 apud
599 5501 718 5551 nos,
747 5485 842 5540 sed
894 5486 1054 5540 etiam
1103 5484 1244 5556 apud
1288 5483 1515 5555 gentiles
1559 5483 1830 5540 viduitatis

234 5582 358 5636 laus
385 5589 470 5633 est
497 5587 552 5634 et
570 5579 870 5633 admiratio.

313 5669 507 5724 Narrat
533 5669 796 5738 Georgius
834 5669 1254 5736 Alexandrinus,
1283 5669 1544 5725 Joannem
1587 5677 1829 5724 nostrum

233 5759 460 5832 juvenili
490 5771 648 5816 mtate
691 5759 992 5825 florentem.
1019 5761 1258 5816 Athenas
1296 5778 1356 5817 se
1405 5762 1716 5830 contulisse,
1762 5771 1818 5816 ut

582 5878 854 5940 PATROL.
902 5877 1019 5938 fin.
1069 5879 1319 5942 XLVII.

1945 474 2011 512 ne
2037 460 2160 529 quid
2205 460 2258 518 in
2305 460 2483 516 studio
2519 461 2920 534 disciplinarum
2971 477 3118 523 retro
3169 469 3525 540 relinquet-ct;

1937 549 2176 617 atquein
2208 550 2308 604 ista
2339 551 2469 606 urbe
2509 553 2582 606 ita
2622 553 2934 622 profecisse,
2977 566 3035 611 ut
3078 572 3264 612 omnes
3307 560 3526 614 omnino

1934 651 2236 708 superaret,
2257 657 2309 695 in
2329 657 2494 712 seque
2508 645 2802 700 concitaret
2819 646 3222 702 Atheniensium
3251 650 3524 705 invidiam.

1935 731 2134 787 Verum
2167 733 2279 788 haec
2309 743 2490 789 narrat
2515 750 2650 790 unus
2680 736 2767 791 ille
2795 736 3052 808 Georgius
3069 739 3346 810 fabulator,
3366 757 3524 812 quem

1935 831 2118 878 monet
2157 823 2378 878 Photius
2425 827 2644 880 omnino
2692 825 3092 896 despiciendum
3136 845 3275 895 esse,
3313 832 3526 901 quando

1935 916 2137 971 scilicet
2160 932 2222 971 ea
2254 918 2562 987 refert,qu:e
2579 934 2607 972 a
2629 920 2838 974 czeteris
2857 920 3204 990 scriptoribus
3224 921 3524 994 tevoChry-

1933 1007 2153 1061 sostomi
2181 1009 2456 1076 proximis,
2481 1025 2588 1063 non
2617 1019 2999 1066 memorantur.

2007 1100 2052 1152 Α
2078 1099 2270 1154 Basilio
2289 1101 2476 1171 juvene
2497 1102 2565 1154 ad
2588 1105 2821 1172 pietatem
2844 1104 3110 1173 pristinam
3151 1114 3426 1166 revocatur.
3455 1137 3526 1146 ——
3613 1168 3616 1169 ν

1935 1191 2063 1246 Erat
2091 1207 2250 1262 porro
2277 1193 2351 1252 illi
2384 1211 2503 1248 eum
2527 1195 2722 1267 juvene
2748 1197 2997 1264 quodam,
3034 1197 3120 1260 cui
3149 1213 3339 1261 nomen
3371 1198 3523 1260 Basi-

1934 1283 2055 1347 lius,
2083 1295 2227 1338 arcta
2258 1285 2648 1365 colloquiorum
2679 1287 2905 1341 societas
2947 1286 3057 1355 (De
3077 1287 3371 1352 Sam-datio
3400 1287 3438 1342 ι.
3471 1288 3522 1342 1.

1941 1391 1987 1428 c.
2015 1377 2072 1445 4)
2104 1393 2118 1430 :
2147 1377 2235 1446 qui
2267 1376 2496 1432 Basilius
2524 1377 2842 1434 Christianis
2870 1379 3103 1434 imbutus
3130 1381 3439 1449 prmccptis,
3473 1391 3527 1434 ct

1933 1467 1998 1521 ad
2031 1467 2318 1537 perfectius
2340 1470 2462 1524 vitae
2488 1485 2654 1537 genus
2687 1471 2964 1534 anhelans,
2990 1471 3057 1526 ad
3084 1487 3263 1541 parem
3291 1472 3410 1526 vitm
3437 1486 3524 1528 ra-

1933 1557 2132 1613 tionem
2161 1558 2420 1630 Joannem
2445 1561 2673 1620 amicum
2700 1562 2917 1617 allicere
2945 1572 2999 1617 et
3023 1578 3051 1615 a
3092 1561 3212 1617 foro
3248 1562 3525 1618 retrahere

1934 1649 2290 1705 contendebat
2313 1667 2326 1706 :
2350 1651 2670 1721 demumque
2696 1653 2746 1707 id
2776 1653 2914 1722 quod
2937 1653 3525 1723 eupiebatassequutus

1931 1749 2014 1796 est
2045 1740 2276 1813 (Sozom.
2306 1743 2396 1797 lib.
2451 1744 2503 1798 8.
2536 1760 2582 1796 ε.
2614 1741 2695 1815 2).
2727 1743 2894 1812 Hujus
2925 1745 3070 1798 enim
3117 1745 3397 1815 colloquiis
3430 1759 3521 1798 re-

1931 1843 2144 1888 creatus
2170 1833 2404 1889 Joannes
2423 1850 2481 1890 se
2509 1839 2573 1889 ad
2602 1837 2823 1914 pristina
2857 1835 3066 1905 pietatis
3101 1835 3274 1891 studia
3305 1850 3524 1892 revoca-

1932 1924 2008 1976 vit
2039 1922 2213 1994 (Socr.
2239 1924 2275 1978 l.
2305 1924 2358 1978 6.
2391 1941 2438 1982 c.
2467 1925 2521 1996 5)
2551 1943 2564 1978 :
2593 1939 2655 1978 ae
2694 1933 2895 1983 mutata
2920 1933 3068 1979 veste
3093 1939 3122 1978 a
3153 1926 3266 1980 foro
3301 1934 3354 1979 et
3395 1940 3524 1979 ora-

1933 2015 2085 2069 torize
2113 2015 2244 2069 artis
2272 2015 2538 2070 exercitiis
2567 2014 2840 2080 abstinuit,
2869 2014 3262 2084 lectionemque
3287 2013 3525 2086 Scriptu-

1931 2121 2110 2161 rarum
2153 2115 2208 2160 et
2245 2106 2559 2162 Christiana:
2593 2107 2715 2160 vitae
2741 2105 2914 2160 officia
2943 2105 3237 2176 amplexus,
3281 2114 3523 2159 sanctum

1932 2197 2230 2267 disciplinze
2276 2213 2481 2269 genus,
2523 2212 2552 2251 a
2591 2212 2698 2268 quo
2733 2211 3020 2267 numquam
3067 2205 3250 2266 postea
3295 2195 3523 2264 destitit,

1933 2291 2068 2347 inire
2095 2291 2279 2362 coepit.

2003 2382 2302 2453 Baptizatur
2349 2391 2394 2436 et
2440 2382 2618 2438 Lector
2660 2383 2924 2438 ordinatur
2968 2397 3102 2435 atina
3145 2381 3342 2437 circiter
3393 2381 3519 2437 569.

1931 2473 2134 2528 —Erat
2157 2483 2282 2528 tunc
2309 2474 2602 2530 Antiochiae
2628 2474 2908 2551 episcopus
2926 2473 3162 2529 Meietius
3184 2470 3354 2545 (Pali.
3373 2472 3518 2527 Dial.

1934 2585 1989 2638 p.
2018 2567 2111 2622 40.
2136 2565 2250 2640 41),
2282 2567 2364 2622 vir
2388 2567 2668 2623 sanctitate
2689 2566 3028 2636 conspicuus,
3054 2565 3142 2635 qui
3173 2579 3292 2619 cum
3322 2564 3526 2618 videret

1932 2658 2192 2714 Joannem
2218 2658 2466 2728 juvenem
2503 2657 2718 2727 ingenio
2743 2665 2798 2715 et
2825 2655 3036 2726 egregia
3075 2653 3253 2709 indole
3293 2654 3520 2725 pollere,

1933 2749 2105 2819 ipsum
2128 2749 2193 2804 ad
2221 2749 2545 2804 consortium
2576 2757 2628 2802 et
2656 2747 2919 2817 colloquia
2954 2761 3048 2800 sua
3079 2746 3382 2816 frequenter
3425 2745 3526 2801 ad-

1933 2840 2196 2907 mittebat,
2221 2855 2447 2910 cumque
2468 2839 2535 2893 de
2557 2839 2647 2893 illo
2671 2853 2913 2908 magnam
2944 2853 3091 2908 spem
3107 2837 3438 2905 conciperet,
3462 2849 3525 2892 ac

1934 2931 2270 3003 prophetico,
2309 2942 2365 2985 ut
2409 2932 2578 2995 aiunt,
2625 2930 2813 2999 spiritu
2854 2927 2918 2982 ad
2962 2929 3161 3003 majora
3203 2927 3523 2984 destinatum

1935 3033 2316 3096 praenosceret,
2335 3037 2454 3077 cum
2484 3037 2579 3091 per
2607 3031 2716 3078 tres
2743 3035 2910 3077 annos
2945 3034 3127 3075 secum
3155 3029 3394 3072 νωθείας
3430 3031 3524 3072 €6-

1933 3124 2035 3180 set,
2068 3117 2237 3185 ipsum
2268 3114 2414 3183 prius
2441 3127 2593 3167 sacro
2617 3112 2830 3166 lavacro
2859 3112 3076 3165 tinctum
3106 3111 3353 3165 lectorem
3385 3109 3526 3164 ordi-

1936 3207 2100 3261 navit.
2153 3205 2439 3273 Postquam
2483 3211 2661 3256 autem
2713 3200 3034 3269 baptismum
3080 3201 3304 3268 aerepit,
3358 3199 3526 3268 inquit

1935 3293 2222 3360 Palladius,
2265 3306 2550 3362 numquam
2590 3290 2675 3346 vel
2723 3288 2941 3359 juravit,
2989 3288 3068 3343 vel
3108 3287 3330 3356 aliaujus
3369 3287 3526 3342 fama:

1934 3388 2182 3452 detraxit,
2213 3385 2297 3440 vel
2324 3386 2596 3448 mentitus,
2619 3383 2700 3437 vel
2731 3387 3054 3452 imprecatus
3079 3390 3176 3446 cst,
3200 3381 3279 3435 vel
3307 3379 3525 3436 facetias

1936 3479 2164 3533 libenter
2184 3476 2393 3546 excepit
2420 3474 2583 3544 (Pall.
2610 3473 2748 3527 Dial.
2779 3490 2832 3543 ρ.
2867 3472 2990 3528 185.
3023 3471 3168 3541 184).

2011 3571 2143 3626 Dum
2176 3569 2351 3623 Basilii
2383 3568 2543 3637 igitur
2567 3566 2839 3620 consortio
2879 3565 3128 3635 frequens
3165 3565 3430 3618 frueretur
3472 3573 3526 3618 et

1933 3663 2094 3718 ambo
2119 3661 2188 3717 de
2216 3661 2376 3716 rebus
2400 3659 2592 3714 divinis
2635 3658 2897 3729 colloquia
2943 3658 3228 3719 miscerent
3267 3656 3380 3727 (De
3420 3656 3526 3710 Sa-

1935 3753 2156 3822 cerdotio
2185 3751 2272 3804 lib.
2308 3751 2385 3820 1),
2417 3765 2479 3804 ac
2508 3749 2740 3804 Joannes
2763 3764 2792 3802 a
2821 3749 2933 3802 foro
2961 3757 3015 3806 et
3055 3748 3402 3802 saecularibus
3429 3763 3527 3817 pc-

1936 3845 2079 3898 nitus
2105 3843 2428 3910 abstractus,
2458 3857 2621 3896 unum
2651 3841 2900 3905 Basiliam
2926 3840 3383 3909 frequentaret,ac
3403 3854 3526 3893 cum

1938 3938 2030 3992 illo
2057 3938 2126 3994 de
2146 3937 2339 3993 divinis
2364 3951 2579 4006 semper
2604 3942 2658 3989 et
2680 3934 2748 3998 de
2775 3934 2882 3987 vita
2921 3933 3213 3987 monastiea
3243 3932 3401 3985 verba
3451 3931 3529 3983 fa-

1935 4038 2101 4096 ceret,
2125 4029 2372 4092 Basilius,
2398 4027 2484 4097 qui
2511 4030 2628 4082 sine
2654 4025 2858 4087 Joanne
2884 4040 2985 4078 non
3003 4024 3218 4078 vitalem
3241 4024 3338 4080 sibi
3363 4023 3527 4077 vitam

1935 4138 2056 4178 esse
2085 4121 2324 4192 putabat.
2352 4130 2407 4174 et
2426 4120 2514 4187 qui
2537 4118 2730 4186 sacpius
2751 4118 2820 4179 ab
2848 4117 2962 4186 ejus
2989 4115 3342 4179 contubernio
3368 4114 3526 4168 avelli

1935 4212 2244 4282 cogebatur,
2272 4208 2465 4264 Joauui
2488 4207 2779 4283 proposuit,
2813 4215 2871 4260 ut
2899 4207 3055 4259 ambo
3080 4206 3312 4274 paternis
3329 4205 3528 4260 relictis

1935 4302 2158 4365 aedibus,
2191 4301 2243 4354 in
2273 4298 2528 4370 peculiari
2552 4296 2778 4366 quadam
2809 4296 2970 4351 domo
2991 4296 3146 4350 sedes
3169 4304 3450 4366 ponerent,
3475 4307 3529 4351 et

1936 4391 2093 4447 simul
2125 4391 2288 4445 vitam
2326 4389 2586 4444 ducerent
2613 4387 2922 4442 monasticae
2950 4387 3201 4441 similem.
3231 4385 3523 4442 Consilium

1939 4483 2150 4539 tandem
2181 4480 2424 4552 probavit
2448 4479 2715 4544 Joannes;
2756 4478 2849 4534 sed
2895 4492 2954 4533 re
2997 4487 3268 4549 comperta
3311 4477 3530 4532 Joannis

1937 4567 2130 4642 mater,
2149 4588 2268 4644 quae
2289 4573 2502 4628 unicum
2534 4570 2702 4626 filium
2730 4570 3017 4626 admodum
3036 4570 3310 4642 diligebat,
3352 4573 3522 4641 ipsum

1936 4666 2167 4736 profusis
2193 4664 2443 4735 laerymis
2473 4663 2666 4718 obnixe
2698 4671 2945 4732 precatur
2981 4677 3048 4717 ne
3075 4678 3132 4717 se
3161 4661 3391 4728 deserat,
3427 4679 3530 4716 nec

1937 4757 2186 4811 sevidum
2209 4764 2263 4810 et
2292 4764 2398 4808 tam
2426 4755 2563 4809 bene
2589 4753 2791 4809 affectae
2822 4755 3007 4808 matris
3037 4755 3360 4808 consortium
3381 4756 3528 4808 alteri

1939 4857 2242 4917 postponat,
2273 4847 2338 4900 iis
2365 4861 2458 4899 usa
2487 4845 2684 4909 verbis,
2716 4860 2834 4913 quae
2862 4844 3277 4915 Cltrysoslomus
3307 4845 3522 4912 ipse-re-

1938 4937 2060 5001 fert,
2085 4952 2310 5007 quieque
2332 4935 2628 5005 potuissent
2653 4933 2903 5003 juvenem
2930 4933 3139 4989 Joanne
3174 4935 3352 4988 minus
3396 4933 3533 4988 bene

1939 5028 2186 5082 allectum
2217 5042 2245 5080 a
2293 5027 2571 5098 proposito
2617 5040 2889 5081 revocare.
2940 5026 3123 5080 Matris
3165 5025 3344 5095 itaque
3394 5026 3534 5079 votis

1939 5120 2316 5189 obtemperans
2342 5118 2595 5182 Joannes,
2620 5132 2741 5170 cum
2773 5118 2861 5171 illa
2888 5133 2982 5186 pro
3013 5134 3162 5172 more
3187 5133 3287 5171 suo
3316 5117 3523 5170 mansit.

2014 5213 2068 5266 lu
2097 5221 2336 5266 materna
2361 5211 2536 5279 itaque
2560 5209 2721 5264 domo
2745 5227 2774 5263 a
2799 5211 3023 5280 negotiis
3049 5226 3241 5265 vacans
3265 5209 3521 5261 surculari-

1939 5302 2039 5358 bus
2073 5302 2353 5372 (Anthusa
2383 5303 2578 5370 quippe
2635 5316 2746 5355 rem
2791 5301 3102 5354 familiarem
3135 5312 3346 5360 omnem
3379 5312 3525 5350 cura-

1941 5395 2090 5462 bat),
2120 5393 2355 5447 Joannes
2379 5392 2576 5446 divime
2610 5401 2813 5446 tantum
2843 5389 3194 5461 philosnpbiae
3219 5388 3374 5443 dabat
3405 5403 3521 5459 ope-

1939 5501 2052 5540 ram
2073 5526 2087 5549 ,
2121 5498 2314 5551 corpus
2342 5497 2618 5537 maceratis
2662 5482 2908 5551 jejuuiis,
2955 5479 3164 5548 vigiliis,
3197 5478 3348 5532 humi
3387 5493 3538 5532 rec-u-

1939 5579 2072 5632 bans
2091 5618 2104 5641 ,
2137 5591 2329 5645 pravos
2368 5575 2587 5629 allectus
2626 5589 2813 5628 omnes
2838 5573 3118 5628 eliminatis
3138 5615 3153 5637 ,
3181 5589 3331 5631 vana:
3354 5574 3537 5642 gloriae

1941 5672 2142 5738 fumum
2184 5668 2460 5737 depellcus
2498 5676 2551 5722 et
2595 5666 2876 5735 dissipans.
2907 5663 3125 5736 Linguae
3167 5681 3294 5720 vero
3322 5665 3536 5729 nequid

1941 5768 2124 5816 contra
2174 5759 2470 5828 proximum
2536 5756 2656 5814 mali
2708 5755 3003 5822 proterret,
3049 5757 3286 5826 perpetui
3342 5753 3533 5810 silentii

3165 5873 3204 5934 9
