3948 6466
377 364 445 420 tl?
1465 357 1521 414 3.
1553 356 1833 413 JOANNIS
1869 352 2346 413 (ZIIRYSOSTOMI
2390 354 2570 421 “TA,
3607 356 3686 413 83

377 486 609 532 claustra
663 481 939 546 posuerat;
1009 472 1275 526 nemiuem
1326 472 1522 545 quippe
1576 472 1960 541 alloquebatur.

383 566 518 621 llinc
547 564 683 634 apud
709 562 989 625 nonnullos
1018 562 1197 633 opinio
1221 570 1337 621 erat
1360 576 1605 632 asperum
1638 562 1783 616 illum
1811 577 1928 616 esse
1951 602 1965 627 ,

381 661 467 723 qui
496 657 779 706 humanam
817 650 1111 722 quamlibet
1154 651 1462 709 societatem
1493 651 1731 721 fugeret:
1763 666 1826 704 ac
1849 664 1969 704 cum

384 745 574 799 similia
606 742 817 813 quidam
846 741 1009 797 multa
1040 741 1337 813 proferrent
1363 751 1417 797 et
1446 757 1658 798 rumore
1685 743 1870 795 nuntio
1918 740 1970 797 id

386 834 471 888 ille
504 849 605 886 non
633 833 920 905 ignoraret,
947 832 1086 886 haud
1115 832 1336 888 libenter
1362 832 1518 888 talem
1542 831 1610 887 de
1633 845 1692 887 se
1718 830 1974 899 suspicio.

386 939 503 978 nem
537 923 715 979 haberi
748 925 1007 996 comperit
1048 940 1062 976 :
1103 924 1285 979 maluit
1313 934 1487 979 tamen
1517 924 1703 979 eadem
1755 912 1972 994 pergere

386 1018 465 1069 via
494 1017 936 1088 solitudinemquc
962 1032 1058 1087 pro
1104 1032 1251 1072 more
1297 1017 1477 1073 colere
1521 1032 1535 1069 :
1581 1025 1834 1086 expertus
1863 1014 1972 1069 lor-

389 1118 530 1163 tasse
556 1149 571 1175 ,
602 1106 729 1162 dum
775 1108 826 1161 in
859 1107 972 1162 foro
1001 1121 1301 1162 versaretur
1321 1148 1337 1173 ,
1391 1108 1478 1162 vix
1513 1122 1669 1177 posse
1699 1106 1974 1161 hominum

385 1198 656 1255 consortio
683 1198 1066 1275 colloquiisque
1092 1197 1388 1264 fruentem,
1422 1199 1473 1254 in
1504 1198 1593 1253 illa
1620 1198 1828 1253 virtutis
1856 1200 1934 1251 via
1957 1237 1971 1262 ,

386 1304 542 1363 quam
570 1288 683 1359 ipse
707 1290 982 1361 amplexus
1006 1297 1140 1356 erat,
1166 1291 1281 1345 sine
1308 1292 1456 1361 lapsu
1485 1290 1751 1362 progredi.

462 1378 645 1451 Neque
669 1390 846 1435 tamen
871 1381 940 1436 ita
968 1390 1327 1452 sequestratus
1351 1392 1464 1438 erat
1492 1382 1559 1436 ab
1589 1383 1861 1437 hominum
1891 1396 1979 1437 so-

389 1471 603 1535 cietate,
637 1480 694 1525 ut
720 1471 989 1527 sodalibus
1013 1481 1066 1529 et
1095 1473 1280 1529 amicis
1306 1473 1549 1528 omnibus
1599 1472 1979 1529 intercluderet

393 1562 617 1618 aditum.
648 1563 895 1619 Basilium
943 1565 1083 1618 enim
1111 1606 1124 1629 ,
1170 1565 1261 1636 qui
1292 1580 1388 1634 par
1431 1564 1635 1619 vivendi
1684 1564 1976 1619 institutum

390 1651 721 1717 sectabatur,
750 1653 817 1705 ad
864 1653 1153 1725 colloquia,
1187 1663 1242 1708 ut
1271 1654 1531 1717 vidimus,
1557 1653 1861 1723 frequenter
1886 1652 1982 1708 adv

397 1740 658 1797 mittebat.
686 1741 868 1812 Neque
894 1759 1110 1813 prorsus
1137 1745 1434 1815 negligebat
1460 1746 1670 1801 eodalcs
1691 1746 1809 1800 illos
1827 1786 1843 1812 ,
1888 1744 1981 1815 qui

392 1832 577 1887 iisdem
593 1833 930 1915 secumqolim
957 1834 1252 1906 disciplinis
1275 1836 1444 1901 tiucti,
1475 1838 1785 1895 saecularem
1816 1838 1978 1895 vitam

394 1924 850 1994 amplectebantur
872 1937 924 1982 et
953 1927 1254 1985 forensibus
1292 1932 1482 1989 studiis
1516 1931 1711 1989 dabant
1739 1946 1979 2001 Operam.

399 2034 416 2066 ι
453 2015 719 2071 Persuasit
747 2019 908 2083 enim,
943 2019 1110 2091 inquit
1142 2019 1390 2077 Socrates
1419 2023 1613 2094 (Socr.
1643 2023 1681 2079 ι.
1710 2022 1764 2078 6.
1794 2038 1843 2076 ο.
1877 2023 1979 2093 5),

395 2102 684 2162 Theodoro
710 2115 762 2161 et
786 2106 1015 2163 Maximo
1033 2112 1407 2182 condiscipulis
1431 2114 1562 2179 suis,
1592 2115 1682 2187 qui
1730 2130 1834 2173 una
1862 2130 1982 2179 cum

397 2193 512 2263 ipso
542 2195 817 2252 Libanium
843 2202 1133 2271 supinistam
1161 2204 1459 2271 audierant,
1489 2217 1546 2261 ut
1565 2207 1746 2262 relicta
1776 2209 1983 2278 profes-

396 2283 566 2349 sione,
589 2299 706 2355 quae
733 2288 860 2343 ηιῐιίΙ
889 2300 1083 2357 praeter
1102 2303 1363 2362 quaastutn
1386 2305 1668 2364 spectaret,
1689 2298 1983 2367 simplicem

399 2374 575 2441 potius
616 2389 680 2430 ac
729 2384 941 2433 tenuem
990 2380 1153 2436 vitam
1194 2384 1661 2454 amplecterentur.
1718 2406 1736 2442 υ
1771 2389 1852 2444 Ex
1901 2388 1985 2447 his

399 2463 713 2522 Theodorus
734 2468 1071 2539 Mopsuestia!
1116 2475 1165 2528 in
1191 2474 1371 2531 Cilicia
1408 2479 1744 2548 postmtidum
1771 2481 1983 2551 episco-

395 2569 498 2626 pus
526 2556 656 2623 fuit;
690 2558 949 2617 Maximus
991 2580 1119 2620 vero
1161 2567 1417 2625 Seleuciae
1465 2571 1517 2625 in
1568 2570 1784 2631 Isauria.
1835 2574 1987 2629 llunc

402 2660 558 2735 perm
598 2648 877 2707 Maximum
908 2654 1055 2710 illum
1102 2665 1253 2727 putat
1299 2659 1463 2718 fuisse
1492 2662 1862 2730 llertttantitts,
1895 2666 1985 2735 qui

402 2734 765 2824 llltrysostomi
795 2745 997 2800 amicus
1021 2755 1075 2801 et
1098 2747 1301 2820 collega
1323 2759 1460 2818 erat,
1484 2754 1679 2824 quique
1704 2734 1989 2810 conciona-

400 2823 559 2881 batur
583 2830 803 2888 alternis
826 2847 947 2893 cum
970 2836 1063 2894 illo
1088 2837 1312 2907 vicibus,
1339 2852 1400 2899 ut
1423 2823 1608 2900 fertur
1632 2844 1803 2904 Temo
1829 2848 1991 2903 tertio

397 2920 503 2976 col.
526 2918 784 2987 225,226.
817 2926 1107 2983 Maximum
1138 2943 1352 3002 quoque
1379 2944 1641 2990 memorat
1667 2934 1993 3011 Chrysostoa

399 3025 518 3065 mus
545 3012 646 3067 sibi
675 3016 905 3071 amicum
941 3020 991 3073 in
1024 3021 1250 3091 epistola
1280 3023 1508 3094 quadam
1525 3026 1591 3082 ad
1613 3027 1986 3101 Olympiadem

399 3103 487 3175 (Τ.
517 3105 569 3159 5.
592 3122 638 3163 c.
662 3107 786 3166 610.
816 3111 854 3171 Ι.
877 3113 952 3182 1).
975 3112 1209 3171 Maximo
1226 3119 1386 3175 etiam
1408 3119 1508 3176 sibi
1535 3123 1711 3180 amico
1728 3128 1989 3196 episcopo

360 3196 615 3267 ‘scripsit
650 3199 738 3256 ille
762 3199 848 3274 (Τ.
889 3206 941 3264 5.
984 3222 1031 3260 c.
1072 3206 1221 3279 700).
1264 3208 1456 3269 Verum
1482 3229 1549 3268 an
1575 3215 1626 3269 iu
1650 3217 1715 3271 iis
1739 3217 1871 3274 locis
1902 3228 1990 3277 ter

399 3290 537 3384 idem
555 3306 903 3384 metueretur,
923 3314 991 3353 an
1010 3317 1157 3363 vero,
1177 3304 1220 3358 si
1240 3305 1423 3374 plures
1439 3311 1566 3372 sint,
1584 3327 1775 3366 eorum
1791 3314 1987 3384 aliquis

406 3377 500 3435 llic
525 3381 594 3437 sit
620 3382 687 3440 dc
712 3402 818 3459 quo
841 3389 952 3458 jam
978 3391 1150 3461 agitur
1170 3436 1183 3459 ,
1212 3397 1423 3451 nonnisi
1460 3397 1746 3455 divinando
1774 3377 1992 3471 dici-po-

408 3477 512 3525 test
535 3489 547 3523 :
572 3475 725 3531 multi
752 3478 945 3548 quippe
977 3491 1099 3537 tunc
1124 3492 1277 3538 erant
1304 3487 1517 3542 nomine
1540 3487 1773 3545 Maximi.

478 3559 723 3651 Epistula:
739 3568 806 3620 ad
829 3566 1145 3625 Theodorum
1172 3573 1389 3641 lapsum.
1411 3607 1471 3616 -
1510 3578 1820 3636 Theodorus
1841 3597 1989 3651 vero,

412 3650 503 3742 qui
530 3653 789 3709 suadente
816 3655 1041 3725 Joanne,
1068 3661 1326 3717 abdicatis
1350 3664 1508 3720 rebus
1533 3665 1849 3736 forensibus,
1882 3650 1995 3742 pie-

412 3738 534 3832 tatis
559 3743 825 3801 exercitiis
847 3761 968 3804 sese
995 3757 1162 3805 totum
1186 3752 1481 3824 dediderat,
1508 3759 1560 3813 in
1587 3762 1856 3832 proposito
1883 3738 1992 3823 non

411 3829 500 3885 ditt
534 3837 790 3907 perStitit;
814 3840 908 3895 sed
929 3857 1141 3900 rursum
1166 3845 1231 3902 ad
1255 3848 1430 3917 prisca
1458 3829 1705 3908 reversus
1726 3894 1741 3919 ,
1766 3856 1992 3913 sarcula-

411 3923 487 4017 ria
509 3928 718 3997 negotia
745 3939 975 3990 tractare
1011 3939 1207 4007 coepit,
1243 3940 1704 4016 voluptatibusque
1746 3936 1987 4017 deditus,

412 4014 711 4110 llermionis
740 4023 899 4080 etiam
935 4029 1124 4103 puella:
1153 4030 1428 4102 cujusdam
1462 4014 1645 4094 amore
1688 4037 1943 4110 ﬂagrabat

410 4105 602 4175 quibus
626 4115 915 4182 compertis
936 4115 1171 4175 Joannes
1214 4121 1400 4178 intirno
1436 4125 1636 4191 doloris
1659 4105 1821 4187 sensu
1863 4133 1994 4190 all'e-

409 4210 548 4303 ctus,
566 4206 861 4303 orationem
889 4212 986 4285 ipsi
1005 4214 1367 4297 longissimam
1385 4223 1663 4296 misit,qua
1677 4227 1828 4289 illum
1840 4232 1994 4300 quasi

409 4295 518 4359 jam
546 4295 688 4354 vitiis
710 4298 943 4359 deditum
964 4295 1268 4380 compellat,
1298 4310 1365 4368 ad
1395 4295 1759 4384 paenitentiam
1796 4295 1993 4383 coherc-

414 4389 554 4480 tans,
582 4387 650 4442 ad
677 4403 967 4464 secessum,
998 4397 1065 4453 ad
1094 4401 1373 4468 pristinum
1402 4405 1525 4463 vitae
1549 4422 1737 4478 genus.
1766 4410 1909 4480 (iuod
1934 4427 1996 4471 se

415 4474 673 4571 suadente
700 4494 1007 4571 susceperat
1036 4486 1254 4557 (T.l.c.
1273 4490 1430 4565 505).
1458 4474 1881 4571 Exemplumque
1916 4502 1998 4559 af—

414 4560 516 4617 fert
539 4563 750 4634 juvenis
768 4571 1042 4640 cujusdam
1065 4575 1335 4641 thnieis
1361 4560 1561 4642 Urbani
1585 4560 1698 4650 lilii.
1723 4560 1998 4651 nobilitate

415 4660 473 4749 et
501 4656 691 4749 opibus
715 4661 997 4735 pollentis,
1031 4668 1119 4738 qui
1146 4683 1298 4736 cum,
1330 4673 1421 4745 pio
1443 4684 1620 4734 motus
1645 4677 1837 4743 allecto
1856 4723 1872 4749 .
1918 4682 2000 4741 lll'

415 4746 757 4841 dimagistris,
788 4753 942 4811 fastui
968 4760 1298 4833 terrenisque
1324 4765 1570 4826 omnibus
1595 4769 1810 4841 longum
1855 4746 2002 4829 vale-

415 4837 658 4905 dixisset,
691 4842 743 4898 in
774 4856 983 4903 montes
1010 4854 1342 4923 ascenderat,
1372 4866 1427 4917 et
1445 4859 1510 4919 ad
1537 4837 1805 4923 summum
1836 4866 2002 4921 virtu-

417 4934 487 4987 tis
524 4933 743 5005 gradum
788 4941 1096 5009 pervenisse
1140 4946 1449 5018 videbatur;
1477 4953 1571 5008 sed
1622 4967 1806 5027 postea
1850 4974 1878 5011 a
1910 4973 2000 5015 eo-

414 5028 588 5094 gnatis
618 5027 880 5089 abductus
901 5044 957 5091 et
984 5039 1049 5092 ad
1082 5038 1302 5106 pristina
1344 5030 1643 5110 revocatus,
1674 5060 1705 5101 a
1731 5048 2002 5104 montibus

416 5118 468 5172 in
500 5119 731 5177 medium
758 5124 929 5181 lorum
958 5143 1016 5183 se
1042 5132 1287 5199 contulit,
1316 5134 1402 5193 ubi
1430 5122 1568 5205 equo
1594 5146 1776 5197 vectus
1797 5179 1811 5201 ,
1841 5148 1897 5194 et
1925 5139 2004 5194 fac

416 5215 686 5270 mulorum
747 5216 1187 5293 adulatorumqne
1239 5225 1387 5282 turba
1451 5228 1691 5296 cinctus,
1753 5231 2002 5287 omnibus

418 5308 722 5372 spectaculo
751 5319 867 5364 erat
897 5329 912 5365 :
944 5313 1264 5382 domumque
1288 5330 1317 5369 a
1347 5318 1449 5386 piis
1484 5320 1798 5388 quibusdam
1826 5321 2002 5376 homi-

420 5395 579 5453 nibus
605 5403 802 5456 sensim
828 5402 895 5458 ad
925 5419 1109 5461 sanam
1140 5416 1371 5464 mentem
1399 5409 1678 5477 reductus,
1711 5411 2002 5475 solitariam

421 5485 580 5539 vitam
611 5491 845 5558 repetiit,
877 5502 930 5548 et
957 5494 1023 5549 ad
1046 5497 1255 5552 virtutis
1274 5499 1481 5569 apicem
1501 5499 1715 5555 demum
1741 5504 2001 5570 pervenit.

419 5573 576 5628 Aliud
607 5580 804 5644 profert
832 5590 1131 5658 exemplum
1158 5590 1276 5655 viri,
1299 5592 1388 5659 qui
1415 5606 1535 5645 cum
1566 5604 1659 5661 per
1688 5591 1883 5649 multos
1909 5611 2005 5649 an-

420 5682 519 5720 nos
543 5668 703 5725 vitam
725 5673 963 5732 duxisset
1000 5681 1287 5752 angelicam
1307 5720 1324 5746 ,
1355 5696 1419 5737 eo
1444 5680 1658 5737 demum
1695 5697 2005 5752 progressus

420 5771 500 5817 est
524 5768 581 5816 ut
610 5761 660 5814 in
692 5762 914 5830 lupanar
933 5784 990 5829 se
1027 5770 1319 5833 conferret,
1351 5770 1444 5828 sed
1473 5780 1656 5839 postea
1692 5786 1721 5826 a
1745 5773 1892 5829 socio
1938 5775 2003 5828 ad

2080 470 2310 540 priscam
2340 469 2501 522 vitam
2534 475 2839 532 revocatus,
2866 466 2919 520 in
2944 465 3136 523 cellula
3163 480 3223 521 se
3249 466 3546 533 conclusit,
3581 469 3687 524 ubi

2081 578 2217 635 pane
2239 565 2410 618 solum
2454 572 2504 618 et
2533 575 2669 630 aqua
2694 560 2857 614 vitam
2901 566 3242 623 sustentans,
3274 568 3447 614 tantos
3488 567 3687 627 pani-

2078 651 2485 729 tentizefructus
2512 652 2728 717 emisit,
2777 659 2834 705 ut
2879 650 3039 704 etiam
3082 649 3354 705 miraculis
3392 650 3686 707 claruerit.

2078 746 2239 801 Addit
2284 744 2445 800 etiam
2504 743 2806 809 Valerium,
2859 741 3225 808 Florentium,
3274 741 3686 815 Porphyrium,

2077 839 2317 907 aliosque
2385 835 2530 890 viros
2593 839 2866 908 saptentes
2925 832 3194 888 Theodori
3246 834 3418 888 vicem
3484 833 3689 890 dolere

2080 926 2188 1001 (τ.
2216 927 2502 998 1.ο.515).

2150 1018 2396 1090 Ερὶειοιω
2437 1018 2506 1071 ad
2550 1015 2869 1071 Theodorum
2910 1016 3132 1085 lapsum.
3161 1044 3234 1055 -
3270 1013 3514 1086 Cumque
3562 1031 3688 1072 non

2079 1120 2262 1182 posset
2281 1110 2459 1165 statim
2486 1107 2827 1163 Theodorum
2856 1121 2888 1163 ο
2919 1106 3009 1161 tali
3034 1108 3156 1161 vitae
3184 1119 3383 1176 genere
3406 1122 3644 1161 avocare
3663 1148 3681 1171 ,

2081 1204 2199 1259 aliis
2223 1203 2463 1273 epistolis
2485 1211 2537 1258 ct
2558 1200 2775 1271 quidem
2823 1198 3006 1254 multis
3028 1242 3042 1264 ,
3074 1206 3131 1253 ut
3157 1213 3225 1252 ex
3251 1198 3419 1268 ipsius
3447 1197 3687 1255 Joannis

2082 1303 2300 1349 narratu
2329 1292 2637 1363 percipitur,
2667 1291 2816 1345 illum
2860 1289 3090 1344 sollicite
3124 1291 3261 1343 ursit
3287 1300 3344 1342 nt
3376 1288 3548 1357 prisca
3583 1304 3685 1343 rc—

2082 1395 2303 1456 pcteret.
2334 1385 2447 1439 Etsi
2476 1398 2605 1439 vero
2629 1397 2735 1438 non
2755 1390 2939 1452 aperte
2965 1380 3111 1446 dicit,
3135 1380 3475 1435 Theodorum
3504 1380 3688 1436 literis

2080 1476 2193 1531 suis
2229 1475 2605 1545 respondisse,
2636 1488 2701 1529 ex
2731 1476 2849 1543 ejus
2876 1472 3052 1527 verbis
3078 1471 3228 1542 argui
3267 1485 3425 1541 posse
3462 1472 3687 1526 videtur

2082 1568 2422 1624 Theodorum
2448 1567 2687 1637 epistolis
2730 1564 3096 1635 Chrysestomi
3144 1562 3513 1633 frequentibus
3540 1578 3684 1616 con-

2082 1662 2300 1716 citatum
2330 1702 2345 1725 ,
2376 1657 2720 1728 respondisse
2743 1656 2818 1711 illi
2847 1674 2861 1710 :
2890 1670 2951 1711 se
2978 1653 3108 1711 nihil
3149 1663 3336 1708 contra
3372 1655 3462 1722 jus
3492 1654 3688 1723 fasque

2085 1756 2297 1819 facere,
2344 1752 2799 1820 iiermionemque
2818 1762 3040 1815 amare,
3087 1746 3210 1817 quia
3257 1745 3404 1800 illam
3449 1762 3684 1800 uxorem

2083 1848 2281 1902 ducere
2305 1842 2591 1914 cogitanat.
2616 1839 2729 1896 Sub
2755 1840 2868 1894 hare
2891 1847 3072 1894 autem
3096 1837 3488 1909 Chysostomus
3514 1837 3683 1890 aliam

2087 1938 2186 2008 ipsi
2211 1937 2493 2007 epistolam
2524 1933 2702 1995 misit,
2732 1947 2833 2003 qua
2862 1932 3010 1986 illum
3037 1929 3407 1984 vehementius
3434 1930 3684 1983 concita—

2087 2029 2197 2094 bat,
2229 2035 2286 2083 ut
2314 2026 2492 2082 missis
2519 2024 2767 2079 omnibus
2791 2021 3135 2079 saecularibus
3183 2020 3359 2111 rebus.
3390 2020 3683 2091 pristinum

2088 2120 2209 2174 vitae
2233 2131 2402 2188 genus
2429 2124 2715 2185 repeteret.

2157 2211 2285 2278 Qua:
2307 2209 2417 2279 jam
2447 2207 2679 2262 diximus
2705 2221 2769 2261 ex
2796 2203 2928 2274 ipsis
2970 2201 3341 2275 Chrysostomi
3373 2200 3549 2255 verbis
3577 2215 3681 2254 cx-

2088 2312 2276 2374 cerpta
2293 2304 2463 2359 fuere.
2478 2300 2657 2373 Longe
2670 2297 2830 2353 aliter
2845 2313 2958 2352 rem
2982 2296 3258 2351 constituit
3281 2293 3682 2357 Tillcmontius,

2087 2394 2178 2464 qui
2209 2400 2356 2463 putat
2386 2391 2609 2462 primam
2639 2389 2784 2443 illaut
2819 2387 2886 2443 ad
2919 2385 3258 2441 Theodorum
3305 2384 3523 2438 missam
3552 2399 3685 2438 ora-

2092 2486 2313 2550 tionem,
2336 2498 2443 2538 non
2468 2481 2535 2536 ad
2577 2481 2722 2536 illurn
2766 2480 2855 2550 qui
2906 2487 3090 2549 postea
3118 2478 3402 2546 episcopus
3427 2475 3684 2545 Mepsuc-

2088 2577 2207 2633 stizn
2233 2574 2360 2640 fuit;
2399 2571 2495 2629 sed
2523 2572 2588 2627 ad
2626 2572 2789 2625 alium
2830 2568 3203 2639 mgnuminem
3230 2568 3447 2622 missam
3474 2566 3681 2633 fuisse,

2088 2668 2179 2738 qui
2208 2666 2453 2722 similiter
2478 2673 2757 2736 postquam
2788 2660 3045 2717 mundum
3072 2659 3375 2729 reliquerat,
3401 2671 3588 2712 rursus
3611 2658 3685 2711 ad

2089 2758 2366 2816 saecularia
2396 2757 2727 2813 convolarat.
2760 2754 2889 2825 Ejus
2915 2762 3226 2824 argumenta
3263 2752 3439 2805 omnia
3466 2751 3681 2819 (lepidi-

2092 2867 2245 2916 mus,
2277 2850 2513 2920 illudque
2541 2850 2591 2903 iu
2625 2847 2837 2919 primis,
2884 2846 3026 2917 quod
3069 2846 3181 2914 ipse
3226 2843 3513 2897 maximum
3562 2857 3686 2897 om—

2094 2943 2242 2997 nium
2286 2956 2406 2996 esse
2450 2948 2853 3013 putat,estque
2900 2936 3199 3006 bujusmodi
3226 2953 3239 2990 :
3267 2935 3580 2990 Theodorus
3625 2936 3683 2990 in

2091 3034 2324 3094 secunda
2366 3033 2586 3103 cpistola
2635 3039 2960 3088 memoratus
3000 3027 3235 3083 nondum
3277 3027 3460 3097 viginti
3508 3041 3685 3082 annos

2091 3130 2430 3200 expleverat;
2461 3127 2511 3180 in
2541 3125 2713 3195 prima
2763 3137 2891 3178 vero
2915 3120 3050 3176 dixit
3075 3118 3361 3174 Theodoro
3406 3132 3511 3173 non
3558 3118 3684 3187 plus

2091 3218 2474 3291 quinquaginta
2500 3218 2621 3271 vita:
2645 3227 2817 3269 annos
2843 3212 2942 3282 ipsi
2990 3224 3305 3281 superesse,
3354 3218 3412 3264 ttt
3449 3208 3515 3263 ad
3556 3210 3678 3264 ulti-

2092 3325 2233 3366 mam
2257 3316 2588 3365 senectutem
2605 3305 2923 3376 perveniret.
2947 3301 3184 3372 liiucque
3207 3301 3382 3371 arguit
3402 3300 3489 3355 ille
3503 3299 3684 3356 Theo-

2092 3401 2281 3456 dorum
2296 3399 2443 3453 illum
2457 3397 2683 3468 primum
2695 3394 3045 3465 quadraginta
3063 3405 3325 3446 annorum
3347 3401 3472 3445 tunc
3488 3389 3677 3450 fuisse.

2093 3491 2239 3547 illam
2270 3490 2509 3545 ultimam
2531 3493 2858 3542 senectutem
2876 3483 2945 3538 de
2968 3480 3326 3553 nonagenario
3353 3488 3554 3535 tantum
3573 3479 3682 3535 dici

2094 3596 2253 3652 posse
2280 3590 2493 3650 putans.
2524 3576 2841 3634 Theodorus
2866 3589 2997 3630 vero
3018 3574 3174 3639 alter,
3216 3571 3310 3644 qui
3338 3582 3460 3628 tunc
3490 3573 3684 3643 vigesio

2095 3689 2239 3731 mum
2267 3686 2464 3731 annum
2489 3669 2683 3741 agebat
2705 3708 2720 3733 ,
2742 3666 2936 3725 additis
2964 3673 3147 3736 postea
3174 3663 3550 3734 quinquaginta
3580 3678 3682 3717 an-

2095 3768 2181 3823 nis
2205 3763 2644 3836 Scotuageuarius
2671 3770 2872 3816 tantum
2900 3757 3107 3812 fuisset.
3158 3756 3269 3810 lloc
3308 3764 3682 3825 argumentum

2098 3862 2149 3916 oi
2179 3859 2334 3914 fallor
2359 3856 2573 3927 egregie
2596 3853 2773 3924 dcpuli
2803 3852 2856 3905 iu
2877 3849 3077 3905 ilouito
3100 3847 3162 3902 Τ.
3197 3848 3224 3902 1
3260 3847 3429 3901 initio.
3448 3845 3553 3901 Sed
3596 3860 3683 3901 se-

2096 3951 2333 4007 cundum
2360 3949 2478 4005 hac
2514 3948 2569 4004 in
2594 3947 2769 4002 locum
2808 3942 2995 4007 incidi,
3029 3954 3187 4011 quem
3217 3938 3451 3994 nondum
3492 3937 3684 3995 adver-

2096 4053 2287 4109 teram,
2320 4042 2373 4097 in
2400 4054 2509 4112 quo
2552 4038 2761 4094 videtur
2785 4035 3198 4102 Chrysostoetus
3232 4029 3354 4086 data
3377 4043 3539 4099 opera
3565 4028 3681 4082 Til-

2096 4135 2335 4191 lemoutii
2392 4133 2554 4187 telum
2593 4127 2888 4200 depellere.
2932 4120 3337 4178 Commentario
3379 4133 3573 4190 nempe
3627 4119 3680 4171 in

2100 4223 2390 4296 Epistulam
2431 4223 2459 4277 l
2503 4218 2571 4273 ad
2591 4218 2893 4275 Corinthios
2908 4214 2994 4285 (Τ.
3011 4213 3098 4267 10.
3118 4208 3276 4269 c.55.
3294 4207 3456 4277 L33),
3483 4208 3553 4262 de
3576 4207 3681 4262 So-

2097 4327 2244 4377 crate
2298 4316 2521 4385 largiens
2559 4310 2665 4367 ait:
2691 4306 2758 4363 Et
2803 4321 2920 4362 cum
2955 4305 3027 4359 ad
3073 4313 3349 4358 extremae:
3381 4308 3682 4355 senectutem

2099 4406 2400 4478 pervenisset
2430 4419 2449 4458 :
2476 4400 2668 4456 dicebat
2686 4398 2821 4452 enim
2838 4412 2893 4451 se
2909 4409 3162 4450 uariorum
3211 4390 3529 4462 septuaginta
3550 4405 3679 4451 esse.

2097 4496 2302 4569 quando
2325 4495 2477 4549 vitam
2492 4489 2740 4561 despexit.
2769 4487 2887 4543 Jam
2917 4485 3066 4541 vides
3091 4483 3164 4538 ita
3208 4478 3528 4551 explicanda
3557 4493 3682 4534 es~e

2100 4587 2219 4644 loca
2240 4600 2272 4642 a
2296 4581 2639 4640 Tillementie
2656 4580 2836 4642 allata,
2860 4583 2920 4632 ut
2931 4575 2998 4632 de
3022 4573 3208 4629 eodem
3226 4573 3283 4626 in
3306 4579 3530 4640 utraque
3556 4570 3677 4638 epi-

2100 4677 2236 4733 stola
2261 4674 2544 4731 Theodoro
2570 4671 2839 4742 loquatur.
2867 4668 2924 4722 in
2951 4667 3121 4737 prima
3144 4663 3274 4719 dicit
3299 4674 3470 4717 annos
3485 4674 3675 4730 super-

2101 4783 2224 4825 esse
2245 4765 2622 4837 quinquaginta
2645 4771 2707 4817 ut
2727 4760 2797 4817 ad
2821 4768 3113 4821 extremam
3139 4761 3471 4810 senectutem
3499 4764 3683 4821 pervc-

2103 4859 2234 4926 niat,
2270 4859 2324 4913 in
2345 4854 2579 4913 secunda
2593 4868 2722 4909 vero
2736 4853 2887 4908 illum
2907 4861 3104 4905 annum
3128 4846 3345 4901 circiter
3372 4841 3684 4913 vigesimum

2104 4951 2371 5021 attigisse:
2394 4948 2451 5003 in
2467 4946 2632 5001 allato
2650 4953 2826 4999 autem
2847 4941 2964 4996 loco
2983 4936 3313 5009 septuaginta
3330 4946 3498 4988 annos
3512 4941 3684 4994 natus,

2106 5052 2363 5103 extremm
2400 5037 2689 5096 senectutis
2708 5050 2829 5091 esse
2856 5032 3069 5088 dicitur.
3088 5027 3279 5082 Iisdem
3318 5039 3445 5079 usus
3474 5022 3689 5077 vocibus

2105 5130 2642 5206 Cbrysostomusduo
2667 5129 2755 5183 illa
2775 5127 2912 5191 loca,
2929 5135 3049 5193 quin
3061 5115 3431 5175 Tillemontlus
3458 5124 3691 5206 pugnare

2106 5202 2345 5297 putabat,
2367 5220 2635 5285 conciliat,
2658 5229 2929 5285 unumque
2948 5225 3070 5267 esse
3086 5207 3427 5265 Theodorum
3458 5202 3665 5297 probat.

2178 5317 2332 5372 Circa
2360 5328 2559 5370 annum
2589 5325 2737 5374 vero,
2763 5322 2872 5378 quo
2900 5305 2985 5359 hae
3010 5301 3223 5370 scripta
3268 5303 3394 5351 sunt
3419 5292 3680 5363 epistolae.

2111 5422 2139 5461 a
2169 5404 2512 5462 Tillemontio
2539 5417 2650 5457 non
2702 5395 2990 5454 dissentior
3016 5391 3156 5447 circa
3202 5383 3512 5446 secundam,
3536 5393 3688 5451 quam

2111 5507 2262 5568 putat
2284 5497 2534 5566 scriptam
2557 5493 2720 5547 fuisse
2746 5485 3045 5547 auno569:
3073 5492 3128 5537 at
3177 5486 3361 5534 contra
3410 5490 3568 5546 quam
3596 5472 3681 5525 ille

2109 5589 2415 5652 arbitratur,
2464 5584 2685 5655 primam
2733 5592 2944 5651 quoque
2976 5573 3164 5631 eodem
3202 5568 3415 5625 circiter
3460 5575 3694 5635 tempore

2116 5680 2291 5735 datam
2320 5679 2484 5733 fuisse
2505 5676 2556 5729 in
2582 5673 2771 5730 eodem
2818 5668 3020 5725 Monito
3050 5661 3287 5734 probavi.
3323 5658 3498 5714 Unum
3519 5665 3692 5708 tamen

2126 5781 2209 5827 est
2242 5771 2380 5842 quod
2408 5767 2676 5838 negotium
2723 5764 2987 5819 facessere
3033 5757 3220 5829 possit.
3258 5753 3344 5809 Ait
3385 5748 3697 5817 CllfYSO>l0'
