1974 3241
114 199 144 229 89
677 197 767 227 NUNC
786 196 916 225 PRIMUM
938 197 955 224 Α
961 198 1133 227 DORNATA.
1717 215 1751 242 ω

114 265 168 284 mus
183 256 210 283 in
222 254 430 290 epistolaprima,
440 253 605 284 c.502.l.42:
615 255 690 282 Nunc
704 255 804 290 quidem
818 254 899 282 Maii,-

114 303 145 330 κὶα
160 303 269 332 fratrum
293 301 397 328 chorum
417 305 534 336 occupat,
546 300 662 336 volumus
672 306 695 328 et
708 301 796 331 [iutilia
809 300 899 334 inﬁde-

113 348 170 376 lium
182 351 444 379 manummanum:
451 348 571 381 juvenum
586 347 636 374 otio
652 348 732 382 magis
745 346 897 376 deditorum.

114 394 156 422 Hic
168 395 278 421 fratrum
295 393 404 421 chorum
419 393 474 420 vult
484 393 633 428 significare
647 392 833 426 Tillemontius
842 399 898 421 εω-

114 445 162 466 tnm
174 438 377 471 monachorum,
393 438 507 473 hincque
522 438 628 473 probari
640 442 714 472 putat
727 437 898 465 Theodorum

113 486 185 513 istum
207 484 291 512 alium
311 492 325 511 a
346 484 542 519 Mopsuesteno.
564 483 663 511 Verum
685 483 719 510 de
737 483 898 510 monasterio

113 537 136 558 et
159 531 192 558 de
215 529 354 558 monachis
384 537 417 557 ne
448 531 491 566 γρῦ
515 529 622 565 quidem
653 529 695 556 hic
721 529 786 556 dicit
809 528 898 563 Chry-

113 582 248 608 sostomus,
269 575 303 604 de
313 575 407 612 quibus
415 575 578 603 mentionem
601 573 672 602 haud
685 574 765 602 dubie
781 574 898 604 facturus

114 626 172 654 erat,
185 621 206 648 si
223 620 268 648 ille
281 628 314 648 ex
340 621 502 648 monasterio
516 621 634 653 exiisset,
653 620 701 648 sed
716 628 763 655 per
787 620 897 647 fratrum

114 667 216 697 chorum
233 665 276 693 hic
290 666 399 693 omnino
412 673 508 694 vocare
528 665 633 694 videtur
651 666 763 693 chorum
778 665 898 693 [idelium

114 716 178 740 ncte
188 712 343 745 viventium,
356 720 423 747 quos
435 720 488 739 non
516 712 601 740 semel
629 713 725 740 fratres
739 712 784 740 ille
809 717 897 746 vocat,

114 762 137 785 et
164 758 272 793 opponit
293 759 434 788 conventui
454 758 600 789 infidelium
614 763 641 787 et
661 759 788 794 juvenum
804 768 897 787 eorum

114 803 152 838 qui
165 805 217 830 otio
228 808 255 831 et
267 804 390 839 segnitiei
403 804 486 832 dediti
497 809 583 834 erant.
591 804 647 835 lino
663 813 737 837 vero,
752 805 823 845 quod
833 812 898 835 sane

114 849 187 881 miror
200 849 285 877 virum
304 851 423 878 omnium
440 851 517 886 longe
536 852 766 879 accuratissimum
781 860 834 880 non
848 851 897 879 ad-

117 895 222 928 tulisse,
233 895 260 923 in
273 896 358 931 prima
371 896 494 934 secundae
504 897 622 932 epistolae
635 897 756 933 periodo,
768 898 804 930 ait
814 898 898 933 Chry-

115 945 235 969 soswmus
247 941 341 969 dolere
355 949 394 975 se,
406 942 476 978 quod
491 950 520 971 se
534 951 567 970 ex
589 945 698 978 fratrum
716 944 832 979 catalogo
847 945 897 971 de-

115 985 205 1014 laverit.

146 1031 191 1059 Tot
214 1032 400 1068 Chrysostomi
426 1033 510 1061 literis
529 1034 635 1062 tandem
650 1039 790 1063 revocatus
810 1035 899 1067 Theo-

121 1076 190 1105 dorus
207 1085 257 1105 una
274 1086 336 1107 cum
358 1079 473 1107 Maximo
494 1080 568 1116 (Soz.
589 1080 608 1108 Ι.
627 1081 654 1109 8.
670 1089 694 1107 ε.
716 1081 754 1117 Ξ),
778 1087 804 1109 et
826 1081 896 1110 haud

117 1124 183 1153 dubie
192 1125 287 1153 Basilio
297 1126 428 1159 Joannem
441 1127 625 1163 frequentabat
640 1128 726 1164 (Socr.
740 1129 759 1156 Ι.
772 1128 798 1156 6.
809 1137 833 1156 ι.
846 1129 874 1165 5)
888 1139 895 1156 :

119 1177 208 1205 unaque
222 1171 339 1203 collecti,
355 1179 445 1200 veram
459 1173 654 1208 philosophiam
671 1174 727 1202 sive
739 1175 896 1203 monasticae

117 1215 215 1243 similem
228 1217 309 1244 vitam
330 1218 510 1246 sectabantur.
524 1218 689 1254 Scripturam
705 1227 771 1248 vero
791 1227 895 1248 sacram

116 1266 140 1291 et
150 1261 288 1291 doctrinam
305 1264 515 1293 ecclesiasticam
534 1265 672 1293 discebant
693 1274 743 1293 una
760 1274 820 1300 cum
836 1274 894 1297 mo-

117 1309 212 1337 nasticis
231 1311 385 1343 exercitiis,
408 1310 564 1344 doctoribus
585 1311 713 1346 Diodoro,
734 1312 780 1347 qui
803 1317 894 1348 postea

117 1354 239 1386 Tarsensis
256 1358 402 1394 episcopus
421 1357 481 1390 fuit.
497 1363 525 1387 .et
543 1357 675 1391 Carterio,
696 1358 741 1393 qui
762 1365 814 1389 una
834 1365 894 1386 cum

117 1400 218 1434 Diodoro
231 1403 395 1431 monasteria
408 1403 576 1431 Antiochena
588 1404 708 1431 curabat.

144 1446 245 1475 Joanne;
264 1448 435 1483 episcopalem
449 1448 597 1485 dignitatem
611 1449 693 1484 fugit,
714 1448 834 1486 illamque
848 1449 895 1476 Ba-

115 1493 163 1521 silio
171 1496 273 1531 conferri
292 1500 376 1522 curat.
389 1510 424 1515 —
437 1495 484 1523 llis
504 1503 569 1531 ergo
589 1496 686 1524 studiis
699 1503 808 1531 operam
822 1496 894 1524 dedit

115 1538 177 1567 istac
190 1546 276 1568 sancta
287 1545 317 1568 et
329 1541 429 1572 selecta
441 1541 578 1577 juventus.
587 1541 705 1571 Joannes
712 1549 776 1570 vero
786 1542 894 1571 assidue

115 1594 164 1614 cum
185 1588 278 1620 Basilio
300 1589 436 1624 colloquia
458 1588 588 1619 miscebat
606 1589 710 1625 (Chrys.
731 1588 763 1615 de
784 1588 891 1615 Sacerd.

115 1631 176 1669 Ll),
192 1640 218 1661 ut
240 1635 297 1670 ipse
316 1634 398 1663 refert
416 1634 485 1665 libro
507 1635 594 1670 primo
616 1635 651 1663 de
671 1634 839 1667 Sacerdotio,
859 1634 893 1661 de

115 1678 164 1705 vitae
177 1681 325 1713 sanctitate,
336 1680 369 1708 de
381 1680 521 1708 virtutibus
533 1681 657 1710 asceticis
669 1681 755 1717 deque
765 1681 823 1708 aliis
835 1681 892 1716 qui-

114 1722 215 1752 buslibet
225 1727 257 1753 ad
271 1727 398 1762 pietatem
413 1727 606 1762 spectantibus.
622 1727 689 1754 Dum
708 1727 733 1754 in
748 1727 789 1755 his
801 1735 892 1755 versa-

114 1775 202 1805 rentur,
228 1778 370 1807 postquam
396 1781 468 1803 anno
493 1773 545 1804 570
571 1773 690 1803 llfelctius
717 1774 744 1800 in
767 1773 891 1801 exsilium

116 1815 200 1845 missus
214 1818 312 1852 fuerat,
325 1826 387 1846 cum
400 1819 568 1853 episcopales
581 1819 703 1854 quadam
719 1819 797 1847 sedes
813 1827 891 1846 vaca-

114 1867 172 1896 rent,
185 1872 272 1892 rumor
283 1872 394 1900 sparsus
404 1869 456 1897 est,
470 1864 602 1892 Joannem
615 1869 642 1891 et
652 1865 778 1892 Basiliam
793 1871 821 1892 ut
833 1865 892 1893 illas

113 1907 180 1936 sedes
198 1909 338 1945 implerent
357 1910 391 1938 ad
411 1910 591 1949 episcopalem
609 1910 764 1946 dignitatem
785 1918 892 1946 promo-

113 1954 200 1983 vendos
213 1964 282 1985 esse.
301 1956 340 1990 lie
353 1961 490 1991 comperta
502 1956 621 1987 Joannes
639 1957 734 1986 timore
753 1957 891 1992 perculsus

113 2005 163 2028 est:
177 2010 203 2030 se
213 2004 296 2036 enim,
309 2003 343 2034 ita
358 2010 453 2038 nempe
467 2003 603 2030 modestus
616 2007 686 2038 erat,
699 2007 772 2030 tanto
786 2004 890 2031 muneri

113 2045 179 2082 longe
189 2048 316 2084 imparem
331 2050 456 2084 putabat;
469 2057 503 2079 no
514 2057 577 2076 vero
590 2050 624 2077 ad
638 2049 663 2077 id
678 2050 787 2077 honoris
798 2049 841 2077 vel
852 2050 891 2076 in-

112 2092 173 2120 vitus
184 2100 333 2131 raperetur,
347 2103 409 2123 sese
421 2096 573 2125 occultandi
584 2096 725 2122 consilium
738 2095 805 2122 iniit.
820 2095 892 2123 Inter

112 2137 162 2167 inec
177 2141 287 2171 Basilius
307 2142 419 2178 hujusce
440 2143 478 2170 rei
500 2142 569 2169 fama
592 2146 740 2177 permotus,
760 2142 890 2170 Joannem

113 2185 215 2214 amicum
230 2193 257 2216 et
272 2193 425 2218 consortem
439 2188 514 2221 adiit,
531 2188 682 2224 quamhaur.
702 2188 824 2223 ignorare
844 2195 891 2223 pu-

113 2229 184 2258 tabat.
199 2232 236 2260 llli
255 2241 321 2261 vero
340 2242 398 2262 rem
418 2234 515 2268 aperit,
530 2234 593 2269 quid
612 2233 717 2262 consilii
732 2233 891 2271 capiendum

112 2276 145 2303 sit
165 2284 246 2314 rogat,
268 2288 304 2307 an
328 2280 586 2315 obtemperantium,
605 2288 641 2311 an
665 2279 836 2315 fugiendum,
863 2280 891 2307 in

113 2326 239 2359 utrumque
265 2330 385 2361 paratus,
410 2331 437 2356 et
461 2326 541 2357 amici
565 2326 695 2361 judicium
720 2330 889 2361 exspectans.

112 2365 214 2397 Joannes
233 2377 334 2403 autem,
348 2372 393 2407 qui
409 2376 438 2399 ut
452 2380 482 2401 se
497 2372 633 2407 indignum
648 2376 724 2400 tanto
739 2372 827 2399 officio
845 2379 891 2399 re-

112 2410 189 2447 batur,
199 2415 235 2444 ita
245 2417 372 2444 Basilium
387 2417 434 2444 illo
444 2417 642 2452 dignissimum,
658 2422 712 2444 tum
724 2425 758 2451 ea
769 2422 891 2449 anteacta

112 2457 168 2490 vita,
184 2465 235 2488 tum
255 2470 288 2489 ex
303 2466 377 2495 tanto
389 2463 563 2498 capessendae
577 2464 685 2491 virtutis
696 2463 847 2496 desiderio;
863 2472 893 2492 se

111 2500 226 2532 damnum
246 2506 373 2535 Ecclesia:
391 2507 491 2538 Christi
512 2509 658 2538 maximum
679 2508 813 2537 illaturum
831 2516 893 2537 esse

113 2552 209 2582 putans,
230 2552 251 2578 si
275 2557 328 2583 tam
344 2553 466 2587 probum.
486 2558 540 2581 tam
559 2553 593 2588 ad
613 2553 726 2581 salutem
748 2554 892 2581 multorum

112 2591 236 2630 idoneum,
252 2606 267 2625 a
282 2606 394 2626 munere
409 2598 580 2633 suscipiendo
592 2603 737 2631 averteret,
753 2599 893 2634 respondit

114 2636 155 2670 illi,
176 2642 210 2668 rei
230 2643 453 2672 consultationem
473 2644 544 2675 aliud
561 2645 587 2671 in
609 2649 713 2680 tempus
732 2642 891 2674 mittendam

113 2689 175 2718 esse,
189 2687 253 2715 nihil
271 2697 379 2725 urgere,
399 2690 465 2717 nihil
488 2694 650 2725 pramature
671 2690 803 2724 agendum
819 2697 890 2718 esse.

113 2727 164 2760 Quo
178 2734 314 2764 tenderent
332 2735 405 2763 istaec
423 2743 477 2767 non
498 2736 642 2766 advertens
668 2735 798 2768 Basilius.
813 2735 890 2766 amici

113 2778 241 2807 consilium
255 2782 393 2816 amplexus
403 2787 455 2809 est.

144 2821 194 2851 llac
211 2827 250 2860 pia
264 2828 355 2855 fraude
370 2835 434 2855 usus
456 2833 497 2855 est
510 2827 638 2860 Joannes,
654 2832 681 2855 et
694 2827 755 2862 quia
774 2836 830 2855 rem
845 2837 891 2855 ur-

112 2874 170 2900 lere
184 2878 233 2899 non
252 2873 399 2908 ignorabat,
413 2881 474 2900 sese
492 2874 643 2902 occultavit.
664 2874 737 2901 Haud
756 2874 791 2901 ita
810 2874 893 2900 multo
912 2870 914 2873 ’

114 2914 194 2950 81³βο
213 2923 338 2957 tempore,
359 2929 420 2951 cum
442 2921 465 2948 is
483 2922 527 2956 qui
548 2921 717 2953 ordinaturus
736 2925 793 2951 crat
810 2920 892 2949 adve-

956 255 1048 289 uisset,
1065 263 1156 291 raptus
1170 258 1282 288 Basilius
1292 262 1430 291 adducitur
1446 270 1473 294 ut
1486 268 1625 303 cpiscopus
1638 271 1747 305 ordina-

954 305 1037 349 retur.
1053 301 1173 338 Cumque
1184 305 1358 336 reluctaretur
1371 309 1425 342 ilie,
1439 301 1544 346 quidam
1559 301 1592 341 ett
1608 301 1747 349 praesenti-

955 344 1003 373 bus
1013 346 1037 373 ei
1049 347 1127 374 vorba
1137 348 1277 383 dederunt,
1288 344 1594 388 clamantes,vabsurdum
1605 344 1675 395 esse,
1686 370 1746 391 eum

953 391 997 425 qui
1005 393 1128 420 omnibus
1140 394 1254 423 ferocior
1262 397 1399 427 videbatur
1405 400 1544 436 (Joannem
1551 391 1745 444 designantcs).

952 443 1013 487 cum
1029 446 1122 474 magna
1143 441 1271 469 modestia
1291 443 1399 472 Patrum
1420 446 1515 480 placito
1532 441 1746 487 obtemperasse;

954 482 1026 536 illum
1047 489 1152 518 autem,
1175 487 1252 524 longe
1273 490 1471 524 prudentiorem
1494 498 1521 521 et
1545 482 1744 536 modestiorem;

953 527 1066 557 ferocire
1079 535 1106 558 et
1118 539 1211 560 vanam
1227 534 1338 568 gloriam
1354 542 1490 572 appetere,
1505 540 1559 568 "ac
1570 542 1679 571 delusus
1690 527 1746 572 arte

952 575 1090 625 ordinatus
1110 583 1150 605 est
1165 579 1277 609 Basilius
1291 582 1432 619 episcopus
1448 585 1598 621 Raphanea:
1618 589 1643 616 in
1657 590 1746 625 Syrio,

952 623 982 647 ut
993 621 1164 655 probabiliter
1178 626 1311 656 existimat
1325 628 1464 659 Baronius.

987 666 1062 694 Circa
1074 676 1173 697 antmm
1189 678 1261 705 vero,
1274 681 1327 708 quo
1339 674 1396 702 haec
1406 680 1480 712 gesta
1495 677 1577 711 fuere,
1593 679 1748 711 Hermantio

952 716 979 739 et
993 712 1162 742 Tillemontio
1175 717 1331 753 adstipulor,
1346 721 1390 756 qui
1404 722 1497 749 eadem
1511 723 1544 751 ad
1557 733 1654 753 annum
1668 727 1746 754 Chri-

952 758 986 784 sti
1009 759 1071 793 372,
1094 761 1133 788 vel
1156 763 1261 790 circiter
1280 765 1413 799 referunt,
1437 772 1584 805 putantque
1606 779 1657 798 non
1677 773 1746 801 ultra

952 810 1049 832 annum
1065 806 1117 834 574
1133 815 1211 841 posse
1223 809 1334 838 ditl‘crri.
1351 811 1437 840 Unum
1452 818 1491 841 est
1504 816 1574 850 quod
1585 824 1598 842 a
1612 817 1655 844 tali
1672 826 1746 845 com-

952 852 1061 885 putandi
1076 854 1178 882 ratione
1190 860 1314 884 avertere
1329 859 1423 893 possit,
1436 860 1505 893 quod
1518 869 1615 897 nempe
1630 863 1747 896 Joannes

951 902 1014 925 tunc
1031 898 1076 933 25,
1092 900 1134 927 vel
1153 901 1184 928 ad
1199 909 1332 930 summum
1345 904 1380 931 27
1396 909 1497 933 tantutn
1513 915 1642 939 annorum
1655 915 1745 945 esset,

950 947 977 971 et
998 945 1110 973 Basilius
1132 946 1250 983 ejusdem
1269 949 1376 984 circiter
1394 952 1491 987 tetatis,
1507 961 1565 988 qum
1588 955 1620 981 ad
1641 960 1744 989 tantum

951 992 1149 1028 suscipiendum
1165 1002 1262 1022 munus
1278 1004 1330 1024 non
1353 997 1446 1025 idonea
1467 999 1594 1027 videatur.
1616 1001 1667 1028 Sed
1685 1002 1746 1029 licet

951 1041 1026 1070 telas,
1042 1046 1092 1072 qua
1107 1040 1223 1074 episcopi
1237 1041 1404 1074 ordinantur,
1418 1044 1502 1078 major
1514 1049 1541 1071 ut
1554 1045 1695 1080 plnt'nnum
1708 1055 1746 1073 rc-

951 1084 1082 1118 quiratur,
1098 1093 1149 1112 non
1165 1086 1396 1122 desunt'exempla
1413 1096 1505 1116 eorum
1517 1090 1561 1124 qui
1575 1096 1636 1118 ante
1647 1092 1683 1122 25
1696 1101 1744 1119 an-

951 1139 1013 1158 num
1036 1132 1152 1167 episcopi
1175 1133 1270 1160 adlecti
1293 1138 1319 1161 ct
1337 1135 1472 1162 constituti
1493 1141 1564 1167 sunt.
1584 1142 1609 1164 et
1627 1138 1744 1172 alioquin

951 1175 1008 1210 ipse
1027 1176 1139 1205 Basilius
1161 1178 1230 1213 apud
1251 1178 1472 1215 Chrysostomum
1495 1183 1531 1213 ait.
1556 1182 1581 1215 in
1606 1183 1706 1214 crimen
1730 1193 1743 1211 a

949 1222 1084 1255 nonnullis
1098 1228 1205 1251 vocatos
1223 1224 1305 1253 fuisse
1319 1232 1376 1259 eos,
1391 1226 1434 1260 qui
1455 1234 1484 1253 se
1502 1227 1700 1260 ordinaverunt,
1718 1234 1745 1260 et

948 1267 994 1303 qui
1007 1267 1136 1298 Joannem
1151 1273 1179 1295 ut
1192 1269 1346 1304 episcopum
1359 1277 1549 1298 consecrarent
1559 1272 1658 1299 frustra
1674 1281 1743 1308 quur-

948 1313 1066 1345 sierant;
1086 1318 1175 1348 utpote
1188 1314 1232 1349 qui
1249 1320 1287 1341 tot
1301 1316 1432 1350 tantisque
1448 1317 1546 1349 relictis
1559 1318 1640 1353 viris,
1656 1311 1744 1345 adole-

948 1363 1059 1391 scentes,
1082 1358 1138 1385 lteri
1161 1367 1192 1386 ac
1214 1359 1405 1387 nudiustertius
1427 1361 1452 1387 in
1475 1362 1647 1392 smcnlaribns
1671 1364 1743 1390 curis

948 1404 1090 1438 volutatus,
1113 1411 1140 1433 ut
1160 1406 1192 1432 ad
1216 1406 1295 1434 breve
1319 1412 1423 1442 tempus
1443 1408 1580 1442 supercilia
1601 1409 1743 1439 contrahe.-

948 1454 1016 1482 rent,
1030 1451 1114 1485 pullas
1128 1456 1216 1479 vestes
1230 1451 1380 1484 induerent,
1398 1453 1538 1487 vultusque
1554 1453 1686 1482 triSIilisim
1703 1454 1742 1484 si-

947 1497 1090 1530 mularent,
1106 1497 1250 1532 derepente
1267 1498 1301 1525 ad
1314 1503 1415 1526 tantum
1431 1498 1559 1529 honorem
1571 1499 1741 1533 adduxerim,

947 1547 1074 1577 quantum
1090 1551 1123 1570 nc
1137 1542 1162 1569 in
1177 1543 1278 1572 somnis
1293 1543 1398 1579 quidem
1419 1545 1524 1580 assequi
1541 1545 1721 1579 speravissent
1732 1555 1741 1573 :

946 1595 1000 1622 quo
1012 1588 1131 1622 arguitur
1145 1588 1287 1616 admodum
1305 1590 1417 1623 juvenes
1430 1595 1494 1621 tunc
1516 1590 1597 1618 fuisse
1611 1591 1740 1626 Joannem

945 1640 972 1662 et
988 1634 1113 1661 Basilium
1128 1635 1184 1669 ejus
1199 1634 1418 1669 condiscipulum.

982 1679 1025 1707 Sic
1046 1680 1070 1706 in
1094 1680 1248 1716 episcopum
1267 1685 1403 1715 cooptatus
1419 1680 1532 1708 Basilius
1547 1682 1635 1710 statim
1657 1682 1739 1711 Joan-

945 1733 1006 1753 nem
1031 1725 1102 1758 adit,
1128 1730 1154 1752 et
1176 1725 1292 1761 graviter
1309 1733 1372 1753 cum
1395 1727 1440 1753 illo
1465 1728 1648 1762 conqueritur,
1669 1729 1739 1762 quod

945 1770 1038 1798 fraude
1049 1779 1096 1798 sua
1109 1771 1141 1798 ad
1154 1776 1253 1799 tantum
1267 1780 1333 1798 onus
1348 1772 1546 1807 suscipiendum
1561 1778 1668 1800 coactus
1684 1774 1739 1801 fuc-

946 1817 981 1844 rit
1001 1817 1105 1852 (C/trys.
1124 1817 1155 1844 de
1171 1818 1277 1846 Sacerd.
1295 1822 1313 1844 ι.
1330 1820 1355 1845 1.
1373 1818 1391 1845 ι.
1416 1818 1451 1852 l).
1468 1818 1534 1845 Tum
1556 1819 1671 1847 Joannes
1683 1840 1689 1851 ,
1710 1826 1740 1849 ut

945 1870 1005 1890 sese
1024 1869 1159 1899 purgaret,
1176 1863 1272 1891 fatetur
1291 1871 1384 1890 revera
1406 1871 1474 1891 onns
1493 1872 1553 1892 esse
1570 1865 1680 1901 grande,
1696 1867 1738 1895 cui

945 1908 1058 1941 ferendo
1074 1918 1102 1936 se
1116 1910 1246 1944 imparem
1265 1917 1324 1937 esse
1344 1910 1435 1937 multis
1450 1910 1483 1938 dc
1496 1911 1594 1942 causis,
1609 1919 1674 1946 quas
1688 1912 1738 1938 ilii—

944 1955 1006 1988 dcm
1024 1956 1135 1992 profert,
1152 1957 1264 1991 probare
1283 1957 1389 1989 nititur;
1411 1956 1457 1984 sed
1473 1962 1685 1993 quantacumque
1705 1959 1740 1988 sit

945 2004 1115 2039 episcopatus
1130 2009 1201 2031 recte
1216 2004 1324 2039 gerendi
1340 2003 1492 2035 difﬁcultas,
1508 2009 1633 2043 oportere
1649 2009 1737 2037 tamen

945 2051 1017 2078 viros
1031 2051 1103 2085 eligi,
1119 2050 1163 2084 qui
1183 2050 1207 2076 id
1229 2050 1345 2076 muneris
1364 2049 1548 2084 susciperem,
1566 2057 1679 2085 cumque
1695 2050 1742 2081 ille

945 2095 1072 2122 Basilium
1086 2095 1149 2129 huic
1168 2095 1323 2122 exercendae
1338 2094 1459 2128 dignitati
1479 2094 1594 2122 maxime
1613 2094 1737 2121 idoneum

944 2141 1129 2173 arbitraretur,
1144 2140 1208 2169 nihil
1224 2140 1330 2171 mirum,
1345 2140 1367 2166 si
1379 2139 1411 2170 ad
1424 2139 1448 2165 id
1459 2139 1540 2168 ofticii
1552 2139 1637 2174 ipsum
1646 2139 1736 2174 deligi,

944 2192 1071 2225 quantum
1088 2185 1128 2217 fas
1147 2186 1198 2212 sibi
1212 2190 1268 2212 erat
1279 2205 1287 2217 ,
1307 2184 1448 2212 euraverit.
1465 2184 1548 2212 Totus
1564 2191 1627 2211 vero
1640 2184 1738 2219 dialogi

945 2240 1020 2262 more
1034 2240 1123 2260 sermo
1137 2231 1298 2263 contexitur,
1316 2230 1358 2258 ubi
1379 2235 1431 2257 tam
1445 2230 1573 2264 prmclare
1592 2229 1626 2256 de
1644 2237 1735 2256 sacer—

945 2278 1035 2307 dotum
1049 2277 1187 2312 dignitate,
1202 2276 1300 2308 oflicio,
1316 2276 1471 2303 Innueribus
1485 2275 1608 2303 edisserit
1619 2275 1736 2310 Chryso-

945 2330 1065 2357 stomus,
1081 2329 1109 2350 ut
1131 2324 1174 2350 vix
1195 2330 1285 2357 parem
1309 2322 1358 2349 hac
1373 2322 1407 2351 de
1426 2329 1456 2349 re
1471 2328 1624 2349 sermonem
1643 2321 1738 2352 alicubi

945 2370 1074 2405 reperias.

982 2416 1057 2443 Circa
1071 2420 1187 2453 tempus,
1203 2422 1255 2453 quo
1266 2414 1317 2447 hos
1333 2421 1471 2446 sermones
1482 2413 1566 2444 edidit
1579 2412 1739 2447 Chrysosto,

945 2470 1016 2494 mus,
1037 2469 1091 2489 non
1114 2469 1164 2488 una
1184 2465 1225 2488 est
1245 2461 1404 2495 scriptorum
1425 2460 1566 2491 sententia,
1588 2466 1673 2493 neque
1695 2466 1740 2484 au-

946 2508 1036 2535 diendi
1049 2511 1112 2535 sunt
1123 2507 1167 2541 qni
1179 2506 1272 2537 volunt
1283 2513 1316 2535 eo
1329 2506 1387 2540 ipso
1397 2505 1492 2540 dialogi
1502 2513 1564 2538 cum
1579 2504 1676 2535 Basilio
1691 2504 1740 2530 ha—

945 2554 992 2582 biti
1002 2558 1131 2588 tempore,
1142 2552 1223 2583 hosce
1235 2552 1315 2579 libros
1327 2556 1355 2578 ut
1365 2559 1434 2585 nunc
1446 2551 1588 2583 habentur,
1599 2550 1740 2584 scripsisse

946 2599 1086 2631 Joannem.
1101 2598 1167 2625 Nam
1186 2598 1227 2625 vel
1247 2597 1302 2632 ipsa
1319 2597 1440 2624 ordiendi
1463 2598 1531 2624 ratio
1552 2596 1658 2631 aliquod
1685 2595 1740 2622 ela-

947 2653 1023 2680 psum
1039 2649 1143 2679 tempus
1153 2643 1312 2677 subindicat,
1323 2647 1351 2674 ct
1363 2644 1447 2670 series
1457 2647 1511 2669 tota
1521 2651 1576 2670 rem
1585 2641 1737 2668 meditatam

946 2691 1010 2722 etin
1024 2690 1079 2717 otio
1093 2689 1250 2723 adornatam
1263 2696 1318 2723 prae
1337 2697 1368 2716 se
1382 2688 1441 2715 lcrt.
1457 2688 1502 2715 Ait
1521 2688 1645 2714 Socrates
1660 2685 1740 2714 Joan-

946 2744 1018 2767 nem,
1042 2743 1102 2762 cnm
1125 2735 1253 2763 diaconus
1275 2740 1356 2766 esset,
1378 2742 1473 2768 nempe
1492 2734 1525 2760 ah
1546 2740 1616 2759 anno
1635 2732 1684 2760 58l
1707 2732 1741 2765 ad

947 2789 1045 2809 annum
1058 2781 1120 2817 586,
1134 2789 1188 2817 quo
1204 2781 1343 2816 presbyter
1364 2780 1503 2807 ordinatus
1523 2778 1588 2809 fuit,
1606 2778 1689 2805 libros
1707 2777 1741 2809 de

946 2827 1102 2856 Saccrdotio
1115 2827 1230 2854 edidisse
1244 2826 1330 2862 (Socr.
1346 2825 1366 2851 Ι.
1382 2825 1408 2854 6.
1429 2832 1451 2850 τ.
1467 2824 1506 2859 3).
1524 2823 1658 2852 Palladius
1678 2831 1742 2853 vero

948 2874 1092 2902 secundum
1116 2873 1362 2907 interpretationem
1387 2870 1508 2898 Latinam
1529 2870 1664 2898 Ambrosii
1690 2870 1742 2897 Ca-

950 2921 1138 2953 maldulcusis,
1159 2919 1286 2946 Joannem
1307 2918 1333 2945 in
1350 2917 1493 2945 solitudine
1511 2917 1560 2948 hos
1578 2916 1660 2943 libros
1676 2917 1735 2943 cmi-
