  <div class='ocr_page' id='page_1' title='image "/cluster/home/n/w/nwhite01/storage/ocr_20150623/47:no.1:pt.1/coo.31924054869460/143.png"; bbox 0 0 3948 6446; ppageno 0'>
   <div class='ocr_carea' id='block_1_1' title="bbox 28 4686 33 5609">
    <p class='ocr_par' dir='ltr' id='par_1_1' title="bbox 28 4810 33 5609">
     <span class='ocr_line' id='line_1_1' title="bbox 28 4810 33 4939; baseline 0 0"><span class='ocrx_word' id='word_1_1' title='bbox 28 4810 33 4939; x_wconf 63' lang='grc' dir='ltr'><em>ἓ</em></span> 
     </span>
     <span class='ocr_line' id='line_1_2' title="bbox 28 4944 31 5029; baseline 0 -8"><span class='ocrx_word' id='word_1_2' title='bbox 28 4944 31 5029; x_wconf 77' lang='lat'>[</span> 
     </span>
     <span class='ocr_line' id='line_1_3' title="bbox 28 5034 33 5135; baseline 0 0"><span class='ocrx_word' id='word_1_3' title='bbox 28 5034 33 5135; x_wconf 64' lang='grc' dir='ltr'><em>ἕ</em></span> 
     </span>
     <span class='ocr_line' id='line_1_4' title="bbox 28 5140 33 5201; baseline 0 0"><span class='ocrx_word' id='word_1_4' title='bbox 28 5140 33 5201; x_wconf 68' lang='grc' dir='ltr'>ἱ</span> 
     </span>
     <span class='ocr_line' id='line_1_5' title="bbox 28 5232 33 5303; baseline 0 0"><span class='ocrx_word' id='word_1_5' title='bbox 28 5232 33 5303; x_wconf 69' lang='grc' dir='ltr'><em>ἓ</em></span> 
     </span>
     <span class='ocr_line' id='line_1_6' title="bbox 28 5328 33 5469; baseline 0 0"><span class='ocrx_word' id='word_1_6' title='bbox 28 5328 33 5469; x_wconf 62' lang='grc' dir='ltr'><em>ἓ</em></span> 
     </span>
     <span class='ocr_line' id='line_1_7' title="bbox 28 5472 31 5547; baseline 0 0"><span class='ocrx_word' id='word_1_7' title='bbox 28 5472 31 5547; x_wconf 71' lang='grc' dir='ltr'>ἱ</span> 
     </span>
     <span class='ocr_line' id='line_1_8' title="bbox 28 5566 31 5609; baseline 0 0"><span class='ocrx_word' id='word_1_8' title='bbox 28 5566 31 5609; x_wconf 68' lang='grc' dir='ltr'>ς</span> 
     </span>
    </p>
   </div>
   <div class='ocr_carea' id='block_1_2' title="bbox 458 329 3758 401">
    <p class='ocr_par' dir='ltr' id='par_1_2' title="bbox 458 329 3758 401">
     <span class='ocr_line' id='line_1_9' title="bbox 458 329 3758 401; baseline -0.005 0"><span class='ocrx_word' id='word_1_9' title='bbox 458 344 517 401; x_wconf 69' lang='lat' dir='ltr'><strong>9i</strong></span> <span class='ocrx_word' id='word_1_10' title='bbox 1556 336 1611 391; x_wconf 92' lang='lat' dir='ltr'><strong>S.</strong></span> <span class='ocrx_word' id='word_1_11' title='bbox 1652 334 1927 392; x_wconf 73' lang='lat' dir='ltr'><strong>JOANNIS</strong></span> <span class='ocrx_word' id='word_1_12' title='bbox 1943 385 1946 389; x_wconf 91' lang='lat'><strong>.</strong></span> <span class='ocrx_word' id='word_1_13' title='bbox 1962 329 2437 389; x_wconf 66' lang='lat' dir='ltr'><strong>CllRYSOSTOB&#39;ll</strong></span> <span class='ocrx_word' id='word_1_14' title='bbox 2462 330 2642 396; x_wconf 77' lang='lat' dir='ltr'><strong>Vl’l‘A,</strong></span> <span class='ocrx_word' id='word_1_15' title='bbox 3687 338 3758 395; x_wconf 69' lang='grc' dir='ltr'><strong>οι</strong></span> 
     </span>
    </p>
   </div>
   <div class='ocr_carea' id='block_1_3' title="bbox 454 449 2040 523">
    <p class='ocr_par' dir='ltr' id='par_1_3' title="bbox 454 449 2040 523">
     <span class='ocr_line' id='line_1_10' title="bbox 454 449 2040 523; baseline -0.006 -12"><span class='ocrx_word' id='word_1_16' title='bbox 454 450 590 512; x_wconf 75' lang='lat' dir='ltr'><strong>sisse</strong></span> <span class='ocrx_word' id='word_1_17' title='bbox 626 455 779 521; x_wconf 82' lang='lat' dir='ltr'><strong>dixit,</strong></span> <span class='ocrx_word' id='word_1_18' title='bbox 817 468 1008 523; x_wconf 84' lang='lat' dir='ltr'><strong>nentpe</strong></span> <span class='ocrx_word' id='word_1_19' title='bbox 1048 452 1116 506; x_wconf 91' lang='lat' dir='ltr'><strong>ab</strong></span> <span class='ocrx_word' id='word_1_20' title='bbox 1155 465 1294 507; x_wconf 92' lang='lat' dir='ltr'><strong>anno</strong></span> <span class='ocrx_word' id='word_1_21' title='bbox 1336 449 1548 506; x_wconf 88' lang='lat' dir='ltr'><strong>circiter</strong></span> <span class='ocrx_word' id='word_1_22' title='bbox 1587 451 1690 504; x_wconf 73' lang='lat'><strong>375&#39;</strong></span> <span class='ocrx_word' id='word_1_23' title='bbox 1733 449 1797 504; x_wconf 92' lang='lat' dir='ltr'><strong>ad</strong></span> <span class='ocrx_word' id='word_1_24' title='bbox 1842 463 2040 502; x_wconf 88' lang='lat' dir='ltr'><strong>annum</strong></span> 
     </span>
    </p>
   </div>
   <div class='ocr_carea' id='block_1_4' title="bbox 456 540 2041 616">
    <p class='ocr_par' dir='ltr' id='par_1_4' title="bbox 456 540 2041 616">
     <span class='ocr_line' id='line_1_11' title="bbox 456 540 2041 616; baseline -0.004 -16"><span class='ocrx_word' id='word_1_25' title='bbox 456 545 582 611; x_wconf 79' lang='grc'><strong>581,</strong></span> <span class='ocrx_word' id='word_1_26' title='bbox 611 551 716 616; x_wconf 79' lang='lat' dir='ltr'><strong>quo</strong></span> <span class='ocrx_word' id='word_1_27' title='bbox 745 561 809 600; x_wconf 78' lang='lat' dir='ltr'><strong>ex</strong></span> <span class='ocrx_word' id='word_1_28' title='bbox 833 542 1118 599; x_wconf 83' lang='lat' dir='ltr'><strong>solitudine</strong></span> <span class='ocrx_word' id='word_1_29' title='bbox 1142 543 1193 597; x_wconf 91' lang='lat' dir='ltr'><strong>in</strong></span> <span class='ocrx_word' id='word_1_30' title='bbox 1216 542 1407 595; x_wconf 83' lang='lat' dir='ltr'><strong>urbem</strong></span> <span class='ocrx_word' id='word_1_31' title='bbox 1440 540 1613 595; x_wconf 89' lang='lat' dir='ltr'><strong>rediit.</strong></span> <span class='ocrx_word' id='word_1_32' title='bbox 1642 540 1932 595; x_wconf 82' lang='lat' dir='ltr'><strong>Palladium</strong></span> <span class='ocrx_word' id='word_1_33' title='bbox 1963 540 2041 594; x_wconf 58' lang='lat' dir='ltr'><strong>in.</strong></span> 
     </span>
    </p>
   </div>
   <div class='ocr_carea' id='block_1_5' title="bbox 457 635 2041 707">
    <p class='ocr_par' dir='ltr' id='par_1_5' title="bbox 457 635 2041 707">
     <span class='ocr_line' id='line_1_12' title="bbox 457 635 2041 707; baseline -0.002 -17"><span class='ocrx_word' id='word_1_34' title='bbox 457 645 765 692; x_wconf 76' lang='lat' dir='ltr'><strong>cunctanter</strong></span> <span class='ocrx_word' id='word_1_35' title='bbox 804 649 1176 707; x_wconf 86' lang='lat' dir='ltr'><strong>sequeremur,</strong></span> <span class='ocrx_word' id='word_1_36' title='bbox 1221 635 1267 691; x_wconf 88' lang='lat' dir='ltr'><strong>si</strong></span> <span class='ocrx_word' id='word_1_37' title='bbox 1319 636 1372 689; x_wconf 90' lang='lat' dir='ltr'><strong>in</strong></span> <span class='ocrx_word' id='word_1_38' title='bbox 1417 635 1607 691; x_wconf 75' lang='lat' dir='ltr'><strong>Grreco</strong></span> <span class='ocrx_word' id='word_1_39' title='bbox 1656 641 1836 696; x_wconf 78' lang='lat' dir='ltr'><strong>textu,</strong></span> <span class='ocrx_word' id='word_1_40' title='bbox 1882 648 2041 702; x_wconf 83' lang='lat' dir='ltr'><strong>quem</strong></span> 
     </span>
    </p>
   </div>
   <div class='ocr_carea' id='block_1_6' title="bbox 456 724 2042 800">
    <p class='ocr_par' dir='ltr' id='par_1_6' title="bbox 456 724 2042 800">
     <span class='ocr_line' id='line_1_13' title="bbox 456 724 2042 800; baseline -0.005 -14"><span class='ocrx_word' id='word_1_41' title='bbox 456 724 621 786; x_wconf 79' lang='lat' dir='ltr'><strong>edidit</strong></span> <span class='ocrx_word' id='word_1_42' title='bbox 651 724 928 785; x_wconf 87' lang='lat' dir='ltr'><strong>Emericus</strong></span> <span class='ocrx_word' id='word_1_43' title='bbox 954 728 1210 800; x_wconf 87' lang='lat' dir='ltr'><strong>Bigotius,</strong></span> <span class='ocrx_word' id='word_1_44' title='bbox 1236 727 1423 784; x_wconf 88' lang='lat' dir='ltr'><strong>eadem</strong></span> <span class='ocrx_word' id='word_1_45' title='bbox 1452 727 1774 798; x_wconf 79' lang='lat' dir='ltr'><strong>legerentur;</strong></span> <span class='ocrx_word' id='word_1_46' title='bbox 1804 725 1896 780; x_wconf 90' lang='lat' dir='ltr'><strong>sed</strong></span> <span class='ocrx_word' id='word_1_47' title='bbox 1918 739 2042 779; x_wconf 91' lang='lat' dir='ltr'><strong>cum</strong></span> 
     </span>
    </p>
   </div>
   <div class='ocr_carea' id='block_1_7' title="bbox 459 818 2042 892">
    <p class='ocr_par' dir='ltr' id='par_1_7' title="bbox 459 818 2042 892">
     <span class='ocr_line' id='line_1_14' title="bbox 459 818 2042 892; baseline -0.001 -17"><span class='ocrx_word' id='word_1_48' title='bbox 459 823 529 877; x_wconf 87' lang='lat' dir='ltr'><strong>ibi</strong></span> <span class='ocrx_word' id='word_1_49' title='bbox 560 837 627 876; x_wconf 92' lang='lat' dir='ltr'><strong>ne</strong></span> <span class='ocrx_word' id='word_1_50' title='bbox 655 822 862 876; x_wconf 81' lang='lat' dir='ltr'><strong>minime</strong></span> <span class='ocrx_word' id='word_1_51' title='bbox 884 821 1102 892; x_wconf 88' lang='lat' dir='ltr'><strong>quidem</strong></span> <span class='ocrx_word' id='word_1_52' title='bbox 1131 821 1230 877; x_wconf 87' lang='lat' dir='ltr'><strong>hac</strong></span> <span class='ocrx_word' id='word_1_53' title='bbox 1253 820 1322 876; x_wconf 91' lang='lat' dir='ltr'><strong>de</strong></span> <span class='ocrx_word' id='word_1_54' title='bbox 1350 835 1409 876; x_wconf 91' lang='lat' dir='ltr'><strong>re</strong></span> <span class='ocrx_word' id='word_1_55' title='bbox 1433 826 1757 891; x_wconf 81' lang='lat' dir='ltr'><strong>compareat,</strong></span> <span class='ocrx_word' id='word_1_56' title='bbox 1780 835 1811 875; x_wconf 90' lang='lat' dir='ltr'><strong>a</strong></span> <span class='ocrx_word' id='word_1_57' title='bbox 1836 818 2042 874; x_wconf 84' lang='lat' dir='ltr'><strong>calculo</strong></span> 
     </span>
    </p>
   </div>
   <div class='ocr_carea' id='block_1_8' title="bbox 457 911 1140 982">
    <p class='ocr_par' dir='ltr' id='par_1_8' title="bbox 457 911 1140 982">
     <span class='ocr_line' id='line_1_15' title="bbox 457 911 1140 982; baseline -0.001 -15"><span class='ocrx_word' id='word_1_58' title='bbox 457 911 680 967; x_wconf 86' lang='lat' dir='ltr'><strong>ferendo</strong></span> <span class='ocrx_word' id='word_1_59' title='bbox 704 911 1140 982; x_wconf 88' lang='lat' dir='ltr'><strong>supersedemus.</strong></span> 
     </span>
    </p>
   </div>
   <div class='ocr_carea' id='block_1_9' title="bbox 526 1000 2039 1068">
    <p class='ocr_par' dir='ltr' id='par_1_9' title="bbox 526 1000 2039 1068">
     <span class='ocr_line' id='line_1_16' title="bbox 526 1000 2039 1068; baseline -0.001 -12"><span class='ocrx_word' id='word_1_60' title='bbox 526 1004 682 1056; x_wconf 79' lang='lat' dir='ltr'><strong>Auno</strong></span> <span class='ocrx_word' id='word_1_61' title='bbox 702 1004 826 1068; x_wconf 71' lang='grc'><strong>574,</strong></span> <span class='ocrx_word' id='word_1_62' title='bbox 852 1016 975 1057; x_wconf 92' lang='lat' dir='ltr'><strong>cum</strong></span> <span class='ocrx_word' id='word_1_63' title='bbox 996 1001 1171 1057; x_wconf 92' lang='lat' dir='ltr'><strong>adhuc</strong></span> <span class='ocrx_word' id='word_1_64' title='bbox 1197 1000 1491 1058; x_wconf 79' lang='lat' dir='ltr'><strong>Antiochize</strong></span> <span class='ocrx_word' id='word_1_65' title='bbox 1520 1008 1762 1056; x_wconf 90' lang='lat' dir='ltr'><strong>maneret</strong></span> <span class='ocrx_word' id='word_1_66' title='bbox 1784 1000 2039 1068; x_wconf 82' lang='lat' dir='ltr'><strong>Joannes,</strong></span> 
     </span>
    </p>
   </div>
   <div class='ocr_carea' id='block_1_10' title="bbox 457 1086 2046 1162">
    <p class='ocr_par' dir='ltr' id='par_1_10' title="bbox 457 1086 2046 1162">
     <span class='ocr_line' id='line_1_17' title="bbox 457 1086 2046 1162; baseline 0.001 -17"><span class='ocrx_word' id='word_1_67' title='bbox 457 1092 510 1146; x_wconf 91' lang='lat' dir='ltr'><strong>in</strong></span> <span class='ocrx_word' id='word_1_68' title='bbox 549 1092 840 1162; x_wconf 78' lang='lat' dir='ltr'><strong>periculum</strong></span> <span class='ocrx_word' id='word_1_69' title='bbox 872 1086 1076 1157; x_wconf 85' lang='lat' dir='ltr'><strong>incidit,</strong></span> <span class='ocrx_word' id='word_1_70' title='bbox 1105 1090 1262 1162; x_wconf 83' lang='lat' dir='ltr'><strong>quale</strong></span> <span class='ocrx_word' id='word_1_71' title='bbox 1302 1101 1484 1148; x_wconf 88' lang='lat' dir='ltr'><strong>narrat</strong></span> <span class='ocrx_word' id='word_1_72' title='bbox 1522 1092 1639 1162; x_wconf 88' lang='lat' dir='ltr'><strong>ipse</strong></span> <span class='ocrx_word' id='word_1_73' title='bbox 1678 1093 1733 1147; x_wconf 93' lang='lat' dir='ltr'><strong>in</strong></span> <span class='ocrx_word' id='word_1_74' title='bbox 1758 1092 2046 1148; x_wconf 88' lang='lat' dir='ltr'><strong>Commen-</strong></span> 
     </span>
    </p>
   </div>
   <div class='ocr_carea' id='block_1_11' title="bbox 455 1177 2044 1254">
    <p class='ocr_par' dir='ltr' id='par_1_11' title="bbox 455 1177 2044 1254">
     <span class='ocr_line' id='line_1_18' title="bbox 455 1177 2044 1254; baseline 0.001 -22"><span class='ocrx_word' id='word_1_75' title='bbox 455 1177 597 1232; x_wconf 82' lang='lat' dir='ltr'><strong>tario</strong></span> <span class='ocrx_word' id='word_1_76' title='bbox 619 1178 671 1231; x_wconf 92' lang='lat' dir='ltr'><strong>in</strong></span> <span class='ocrx_word' id='word_1_77' title='bbox 696 1178 830 1234; x_wconf 83' lang='lat' dir='ltr'><strong>Acta</strong></span> <span class='ocrx_word' id='word_1_78' title='bbox 852 1179 1231 1244; x_wconf 84' lang='lat' dir='ltr'><strong>Apostolorum</strong></span> <span class='ocrx_word' id='word_1_79' title='bbox 1268 1178 1356 1254; x_wconf 85' lang='grc' dir='ltr'><strong>(Τ.</strong></span> <span class='ocrx_word' id='word_1_80' title='bbox 1388 1180 1442 1236; x_wconf 87' lang='grc'><strong>9.</strong></span> <span class='ocrx_word' id='word_1_81' title='bbox 1473 1196 1519 1235; x_wconf 91' lang='lat' dir='ltr'><strong>c.</strong></span> <span class='ocrx_word' id='word_1_82' title='bbox 1548 1179 1677 1235; x_wconf 74' lang='grc'><strong>274.</strong></span> <span class='ocrx_word' id='word_1_83' title='bbox 1707 1196 1762 1233; x_wconf 89' lang='lat' dir='ltr'><strong>n.</strong></span> <span class='ocrx_word' id='word_1_84' title='bbox 1802 1179 1881 1249; x_wconf 85' lang='lat'><strong>5).</strong></span> <span class='ocrx_word' id='word_1_85' title='bbox 1909 1179 2044 1234; x_wconf 88' lang='lat' dir='ltr'><strong>Cum</strong></span> 
     </span>
    </p>
   </div>
   <div class='ocr_carea' id='block_1_12' title="bbox 454 1270 2046 1343">
    <p class='ocr_par' dir='ltr' id='par_1_12' title="bbox 454 1270 2046 1343">
     <span class='ocr_line' id='line_1_19' title="bbox 454 1270 2046 1343; baseline 0.002 -19"><span class='ocrx_word' id='word_1_86' title='bbox 454 1271 558 1325; x_wconf 87' lang='lat' dir='ltr'><strong>sub</strong></span> <span class='ocrx_word' id='word_1_87' title='bbox 587 1270 815 1327; x_wconf 88' lang='lat' dir='ltr'><strong>Valente</strong></span> <span class='ocrx_word' id='word_1_88' title='bbox 845 1271 1178 1341; x_wconf 90' lang='lat' dir='ltr'><strong>lmperatore</strong></span> <span class='ocrx_word' id='word_1_89' title='bbox 1204 1272 1519 1342; x_wconf 89' lang='lat' dir='ltr'><strong>perquisitio</strong></span> <span class='ocrx_word' id='word_1_90' title='bbox 1536 1287 1726 1343; x_wconf 82' lang='lat' dir='ltr'><strong>magna</strong></span> <span class='ocrx_word' id='word_1_91' title='bbox 1745 1271 2046 1327; x_wconf 68' lang='lat' dir='ltr'><strong>Antiochiae</strong></span> 
     </span>
    </p>
   </div>
   <div class='ocr_carea' id='block_1_13' title="bbox 457 1358 2043 1433">
    <p class='ocr_par' dir='ltr' id='par_1_13' title="bbox 457 1358 2043 1433">
     <span class='ocr_line' id='line_1_20' title="bbox 457 1358 2043 1433; baseline 0.001 -19"><span class='ocrx_word' id='word_1_92' title='bbox 457 1358 598 1416; x_wconf 86' lang='lat' dir='ltr'><strong>facta</strong></span> <span class='ocrx_word' id='word_1_93' title='bbox 627 1369 709 1417; x_wconf 82' lang='lat' dir='ltr'><strong>est</strong></span> <span class='ocrx_word' id='word_1_94' title='bbox 730 1358 1349 1433; x_wconf 78' lang='lat' dir='ltr'><strong>libroruin&#39;magicor&#39;um</strong></span> <span class='ocrx_word' id='word_1_95' title='bbox 1381 1371 1436 1418; x_wconf 87' lang='lat' dir='ltr'><strong>et</strong></span> <span class='ocrx_word' id='word_1_96' title='bbox 1461 1363 1870 1433; x_wconf 59' lang='lat' dir='ltr'><strong>praestigiarum,</strong></span> <span class='ocrx_word' id='word_1_97' title='bbox 1898 1363 2043 1418; x_wconf 91' lang='lat' dir='ltr'><strong>mili-</strong></span> 
     </span>
    </p>
   </div>
   <div class='ocr_carea' id='block_1_14' title="bbox 456 1452 2045 1523">
    <p class='ocr_par' dir='ltr' id='par_1_14' title="bbox 456 1452 2045 1523">
     <span class='ocr_line' id='line_1_21' title="bbox 456 1452 2045 1523; baseline 0.003 -19"><span class='ocrx_word' id='word_1_98' title='bbox 456 1459 645 1521; x_wconf 86' lang='lat' dir='ltr'><strong>tesque</strong></span> <span class='ocrx_word' id='word_1_99' title='bbox 688 1452 888 1507; x_wconf 90' lang='lat' dir='ltr'><strong>circum</strong></span> <span class='ocrx_word' id='word_1_100' title='bbox 940 1453 1127 1509; x_wconf 87' lang='lat' dir='ltr'><strong>urbem</strong></span> <span class='ocrx_word' id='word_1_101' title='bbox 1172 1453 1330 1523; x_wconf 83' lang='lat' dir='ltr'><strong>positi</strong></span> <span class='ocrx_word' id='word_1_102' title='bbox 1378 1462 1524 1521; x_wconf 87' lang='lat' dir='ltr'><strong>sunt,</strong></span> <span class='ocrx_word' id='word_1_103' title='bbox 1571 1468 1640 1509; x_wconf 91' lang='lat' dir='ltr'><strong>ne</strong></span> <span class='ocrx_word' id='word_1_104' title='bbox 1678 1453 1797 1523; x_wconf 85' lang='lat' dir='ltr'><strong>quis</strong></span> <span class='ocrx_word' id='word_1_105' title='bbox 1835 1453 2045 1509; x_wconf 86' lang='lat' dir='ltr'><strong>crimini</strong></span> 
     </span>
    </p>
   </div>
   <div class='ocr_carea' id='block_1_15' title="bbox 456 1534 2043 1614">
    <p class='ocr_par' dir='ltr' id='par_1_15' title="bbox 456 1534 2043 1614">
     <span class='ocr_line' id='line_1_22' title="bbox 456 1534 2043 1614; baseline 0.001 -19"><span class='ocrx_word' id='word_1_106' title='bbox 456 1538 764 1612; x_wconf 85' lang='lat' dir='ltr'><strong>hujusmodi</strong></span> <span class='ocrx_word' id='word_1_107' title='bbox 794 1534 1081 1611; x_wconf 80' lang='lat' dir='ltr'><strong>obno&#39;xius,</strong></span> <span class='ocrx_word' id='word_1_108' title='bbox 1126 1541 1269 1598; x_wconf 83' lang='lat' dir='ltr'><strong>elabi</strong></span> <span class='ocrx_word' id='word_1_109' title='bbox 1304 1551 1520 1614; x_wconf 87' lang='lat' dir='ltr'><strong>posset;</strong></span> <span class='ocrx_word' id='word_1_110' title='bbox 1555 1553 1666 1598; x_wconf 76' lang='lat' dir='ltr'><strong>tum</strong></span> <span class='ocrx_word' id='word_1_111' title='bbox 1706 1542 1921 1612; x_wconf 88' lang='lat' dir='ltr'><strong>quidam</strong></span> <span class='ocrx_word' id='word_1_112' title='bbox 1952 1543 2043 1613; x_wconf 93' lang='lat' dir='ltr'><strong>qui</strong></span> 
     </span>
    </p>
   </div>
   <div class='ocr_carea' id='block_1_16' title="bbox 457 1626 2047 1702">
    <p class='ocr_par' dir='ltr' id='par_1_16' title="bbox 457 1626 2047 1702">
     <span class='ocr_line' id='line_1_23' title="bbox 457 1626 2047 1702; baseline 0.001 -17"><span class='ocrx_word' id='word_1_113' title='bbox 457 1629 651 1686; x_wconf 86' lang='lat' dir='ltr'><strong>librum</strong></span> <span class='ocrx_word' id='word_1_114' title='bbox 678 1631 979 1700; x_wconf 88' lang='lat' dir='ltr'><strong>hujusmodi</strong></span> <span class='ocrx_word' id='word_1_115' title='bbox 1002 1626 1208 1688; x_wconf 70' lang='lat' dir='ltr'><strong>fecerat</strong></span> <span class='ocrx_word' id='word_1_116' title='bbox 1230 1638 1285 1688; x_wconf 90' lang='lat' dir='ltr'><strong>et</strong></span> <span class='ocrx_word' id='word_1_117' title='bbox 1311 1634 1618 1702; x_wconf 86' lang='lat' dir='ltr'><strong>scripserat,</strong></span> <span class='ocrx_word' id='word_1_118' title='bbox 1649 1646 1717 1688; x_wconf 90' lang='lat' dir='ltr'><strong>ne</strong></span> <span class='ocrx_word' id='word_1_119' title='bbox 1744 1632 2047 1702; x_wconf 86' lang='lat' dir='ltr'><strong>deprehen-</strong></span> 
     </span>
    </p>
   </div>
   <div class='ocr_carea' id='block_1_17' title="bbox 458 1716 2043 1792">
    <p class='ocr_par' dir='ltr' id='par_1_17' title="bbox 458 1716 2043 1792">
     <span class='ocr_line' id='line_1_24' title="bbox 458 1716 2043 1792; baseline 0.002 -18"><span class='ocrx_word' id='word_1_120' title='bbox 458 1718 694 1785; x_wconf 79' lang='lat' dir='ltr'><strong>deretur,</strong></span> <span class='ocrx_word' id='word_1_121' title='bbox 742 1721 931 1775; x_wconf 86' lang='lat' dir='ltr'><strong>librum</strong></span> <span class='ocrx_word' id='word_1_122' title='bbox 976 1721 1029 1777; x_wconf 92' lang='lat' dir='ltr'><strong>in</strong></span> <span class='ocrx_word' id='word_1_123' title='bbox 1071 1716 1272 1777; x_wconf 76' lang='lat' dir='ltr'><strong>llumen</strong></span> <span class='ocrx_word' id='word_1_124' title='bbox 1316 1721 1560 1792; x_wconf 88' lang='lat' dir='ltr'><strong>projeeit.</strong></span> <span class='ocrx_word' id='word_1_125' title='bbox 1592 1717 1702 1777; x_wconf 90' lang='lat' dir='ltr'><strong>Sed</strong></span> <span class='ocrx_word' id='word_1_126' title='bbox 1740 1738 1862 1777; x_wconf 93' lang='lat' dir='ltr'><strong>cum</strong></span> <span class='ocrx_word' id='word_1_127' title='bbox 1902 1721 2043 1777; x_wconf 85' lang='lat' dir='ltr'><strong>haud</strong></span> 
     </span>
    </p>
   </div>
   <div class='ocr_carea' id='block_1_18' title="bbox 458 1810 2042 1869">
    <p class='ocr_par' dir='ltr' id='par_1_18' title="bbox 458 1810 2042 1869">
     <span class='ocr_line' id='line_1_25' title="bbox 458 1810 2042 1869; baseline 0.003 -4"><span class='ocrx_word' id='word_1_128' title='bbox 458 1810 633 1867; x_wconf 90' lang='lat' dir='ltr'><strong>dubiis</strong></span> <span class='ocrx_word' id='word_1_129' title='bbox 656 1811 863 1867; x_wconf 87' lang='lat' dir='ltr'><strong>indiciis</strong></span> <span class='ocrx_word' id='word_1_130' title='bbox 882 1820 1065 1867; x_wconf 92' lang='lat' dir='ltr'><strong>notum</strong></span> <span class='ocrx_word' id='word_1_131' title='bbox 1086 1814 1228 1869; x_wconf 81' lang='lat' dir='ltr'><strong>esset</strong></span> <span class='ocrx_word' id='word_1_132' title='bbox 1242 1812 1441 1869; x_wconf 89' lang='lat' dir='ltr'><strong>librum</strong></span> <span class='ocrx_word' id='word_1_133' title='bbox 1464 1813 1533 1868; x_wconf 91' lang='lat' dir='ltr'><strong>ab</strong></span> <span class='ocrx_word' id='word_1_134' title='bbox 1555 1814 1644 1867; x_wconf 91' lang='lat' dir='ltr'><strong>illo</strong></span> <span class='ocrx_word' id='word_1_135' title='bbox 1663 1814 2042 1869; x_wconf 89' lang='lat' dir='ltr'><strong>concinnatum</strong></span> 
     </span>
    </p>
   </div>
   <div class='ocr_carea' id='block_1_19' title="bbox 455 1903 2043 1975">
    <p class='ocr_par' dir='ltr' id='par_1_19' title="bbox 455 1903 2043 1975">
     <span class='ocr_line' id='line_1_26' title="bbox 455 1903 2043 1975; baseline 0.002 -19"><span class='ocrx_word' id='word_1_136' title='bbox 455 1903 638 1966; x_wconf 81' lang='lat' dir='ltr'><strong>fuisse,</strong></span> <span class='ocrx_word' id='word_1_137' title='bbox 665 1918 695 1957; x_wconf 92' lang='lat' dir='ltr'><strong>a</strong></span> <span class='ocrx_word' id='word_1_138' title='bbox 722 1903 977 1960; x_wconf 89' lang='lat' dir='ltr'><strong>militibus</strong></span> <span class='ocrx_word' id='word_1_139' title='bbox 1001 1912 1190 1973; x_wconf 87' lang='lat' dir='ltr'><strong>captus</strong></span> <span class='ocrx_word' id='word_1_140' title='bbox 1212 1915 1313 1971; x_wconf 92' lang='lat' dir='ltr'><strong>est,</strong></span> <span class='ocrx_word' id='word_1_141' title='bbox 1342 1906 1434 1975; x_wconf 91' lang='lat' dir='ltr'><strong>qui</strong></span> <span class='ocrx_word' id='word_1_142' title='bbox 1460 1914 1520 1960; x_wconf 91' lang='lat' dir='ltr'><strong>ut</strong></span> <span class='ocrx_word' id='word_1_143' title='bbox 1538 1904 1740 1961; x_wconf 90' lang='lat' dir='ltr'><strong>librum</strong></span> <span class='ocrx_word' id='word_1_144' title='bbox 1769 1905 1924 1961; x_wconf 88' lang='lat' dir='ltr'><strong>daret</strong></span> <span class='ocrx_word' id='word_1_145' title='bbox 1951 1921 2043 1961; x_wconf 80' lang='lat' dir='ltr'><strong>ex-</strong></span> 
     </span>
    </p>
   </div>
   <div class='ocr_carea' id='block_1_20' title="bbox 454 1994 2044 2065">
    <p class='ocr_par' dir='ltr' id='par_1_20' title="bbox 454 1994 2044 2065">
     <span class='ocr_line' id='line_1_27' title="bbox 454 1994 2044 2065; baseline 0.002 -17"><span class='ocrx_word' id='word_1_146' title='bbox 454 1994 726 2062; x_wconf 80' lang='lat' dir='ltr'><strong>petebant.</strong></span> <span class='ocrx_word' id='word_1_147' title='bbox 756 1994 848 2050; x_wconf 92' lang='lat' dir='ltr'><strong>Ille</strong></span> <span class='ocrx_word' id='word_1_148' title='bbox 888 2010 1018 2050; x_wconf 92' lang='lat' dir='ltr'><strong>vero</strong></span> <span class='ocrx_word' id='word_1_149' title='bbox 1039 1995 1148 2065; x_wconf 91' lang='lat' dir='ltr'><strong>jam</strong></span> <span class='ocrx_word' id='word_1_150' title='bbox 1177 1995 1306 2051; x_wconf 91' lang='lat' dir='ltr'><strong>dare</strong></span> <span class='ocrx_word' id='word_1_151' title='bbox 1331 2010 1435 2051; x_wconf 93' lang='lat' dir='ltr'><strong>non</strong></span> <span class='ocrx_word' id='word_1_152' title='bbox 1465 2003 1692 2065; x_wconf 85' lang='lat' dir='ltr'><strong>poterat,</strong></span> <span class='ocrx_word' id='word_1_153' title='bbox 1729 1996 1848 2062; x_wconf 90' lang='lat' dir='ltr'><strong>sed,</strong></span> <span class='ocrx_word' id='word_1_154' title='bbox 1881 2006 1938 2051; x_wconf 93' lang='lat' dir='ltr'><strong>ut</strong></span> <span class='ocrx_word' id='word_1_155' title='bbox 1964 1997 2044 2051; x_wconf 86' lang='lat' dir='ltr'><strong>vi-</strong></span> 
     </span>
    </p>
   </div>
   <div class='ocr_carea' id='block_1_21' title="bbox 454 2084 2046 2156">
    <p class='ocr_par' dir='ltr' id='par_1_21' title="bbox 454 2084 2046 2156">
     <span class='ocr_line' id='line_1_28' title="bbox 454 2084 2046 2156; baseline 0.003 -17"><span class='ocrx_word' id='word_1_156' title='bbox 454 2085 629 2148; x_wconf 88' lang='lat' dir='ltr'><strong>detur,</strong></span> <span class='ocrx_word' id='word_1_157' title='bbox 680 2099 740 2139; x_wconf 90' lang='lat' dir='ltr'><strong>se</strong></span> <span class='ocrx_word' id='word_1_158' title='bbox 783 2084 975 2141; x_wconf 82' lang='lat' dir='ltr'><strong>fecisse</strong></span> <span class='ocrx_word' id='word_1_159' title='bbox 1018 2086 1265 2156; x_wconf 83' lang='lat' dir='ltr'><strong>negabat,</strong></span> <span class='ocrx_word' id='word_1_160' title='bbox 1307 2102 1493 2142; x_wconf 86' lang='lat' dir='ltr'><strong>verum</strong></span> <span class='ocrx_word' id='word_1_161' title='bbox 1528 2088 1698 2143; x_wconf 86' lang='lat' dir='ltr'><strong>auctis</strong></span> <span class='ocrx_word' id='word_1_162' title='bbox 1738 2087 1949 2143; x_wconf 90' lang='lat' dir='ltr'><strong>indiciis</strong></span> <span class='ocrx_word' id='word_1_163' title='bbox 1989 2095 2046 2143; x_wconf 88' lang='lat' dir='ltr'><strong>et</strong></span> 
     </span>
    </p>
   </div>
   <div class='ocr_carea' id='block_1_22' title="bbox 456 2172 2041 2247">
    <p class='ocr_par' dir='ltr' id='par_1_22' title="bbox 456 2172 2041 2247">
     <span class='ocr_line' id='line_1_29' title="bbox 456 2172 2041 2247; baseline 0.004 -20"><span class='ocrx_word' id='word_1_164' title='bbox 456 2174 877 2243; x_wconf 83' lang='lat' dir='ltr'><strong>probationibus,</strong></span> <span class='ocrx_word' id='word_1_165' title='bbox 902 2190 1091 2246; x_wconf 73' lang='lat' dir='ltr'><strong>ptenas</strong></span> <span class='ocrx_word' id='word_1_166' title='bbox 1112 2175 1279 2231; x_wconf 87' lang='lat' dir='ltr'><strong>dedit.</strong></span> <span class='ocrx_word' id='word_1_167' title='bbox 1307 2177 1441 2233; x_wconf 89' lang='lat' dir='ltr'><strong>Dum</strong></span> <span class='ocrx_word' id='word_1_168' title='bbox 1467 2178 1742 2247; x_wconf 89' lang='lat' dir='ltr'><strong>conjectus</strong></span> <span class='ocrx_word' id='word_1_169' title='bbox 1768 2180 1820 2233; x_wconf 92' lang='lat' dir='ltr'><strong>in</strong></span> <span class='ocrx_word' id='word_1_170' title='bbox 1842 2172 2041 2235; x_wconf 71' lang='lat' dir='ltr'><strong>flumen</strong></span> 
     </span>
    </p>
   </div>
   <div class='ocr_carea' id='block_1_23' title="bbox 457 2263 2042 2338">
    <p class='ocr_par' dir='ltr' id='par_1_23' title="bbox 457 2263 2042 2338">
     <span class='ocr_line' id='line_1_30' title="bbox 457 2263 2042 2338; baseline 0.007 -21"><span class='ocrx_word' id='word_1_171' title='bbox 457 2263 595 2320; x_wconf 89' lang='lat' dir='ltr'><strong>liber</strong></span> <span class='ocrx_word' id='word_1_172' title='bbox 632 2265 1003 2335; x_wconf 88' lang='lat' dir='ltr'><strong>incompaetus</strong></span> <span class='ocrx_word' id='word_1_173' title='bbox 1043 2277 1434 2338; x_wconf 90' lang='lat' dir='ltr'><strong>supernataret,</strong></span> <span class='ocrx_word' id='word_1_174' title='bbox 1472 2270 1667 2325; x_wconf 87' lang='lat' dir='ltr'><strong>accidit</strong></span> <span class='ocrx_word' id='word_1_175' title='bbox 1710 2279 1769 2326; x_wconf 90' lang='lat' dir='ltr'><strong>ut</strong></span> <span class='ocrx_word' id='word_1_176' title='bbox 1808 2266 2042 2328; x_wconf 83' lang='lat' dir='ltr'><strong>Joannes</strong></span> 
     </span>
    </p>
   </div>
   <div class='ocr_carea' id='block_1_24' title="bbox 456 2356 2038 2434">
    <p class='ocr_par' dir='ltr' id='par_1_24' title="bbox 456 2356 2038 2434">
     <span class='ocr_line' id='line_1_31' title="bbox 456 2356 2038 2434; baseline 0.006 -27"><span class='ocrx_word' id='word_1_177' title='bbox 456 2364 642 2410; x_wconf 84' lang='lat' dir='ltr'><strong>noster</strong></span> <span class='ocrx_word' id='word_1_178' title='bbox 663 2370 784 2410; x_wconf 91' lang='lat' dir='ltr'><strong>eum</strong></span> <span class='ocrx_word' id='word_1_179' title='bbox 810 2357 957 2411; x_wconf 91' lang='lat' dir='ltr'><strong>socio</strong></span> <span class='ocrx_word' id='word_1_180' title='bbox 985 2356 1053 2412; x_wconf 91' lang='lat' dir='ltr'><strong>ad</strong></span> <span class='ocrx_word' id='word_1_181' title='bbox 1080 2359 1389 2431; x_wconf 86' lang='lat' dir='ltr'><strong>martyrium</strong></span> <span class='ocrx_word' id='word_1_182' title='bbox 1411 2375 1505 2415; x_wconf 91' lang='lat' dir='ltr'><strong>seu</strong></span> <span class='ocrx_word' id='word_1_183' title='bbox 1536 2361 1814 2416; x_wconf 89' lang='lat' dir='ltr'><strong>ecclesiam</strong></span> <span class='ocrx_word' id='word_1_184' title='bbox 1840 2361 2038 2434; x_wconf 80' lang='lat' dir='ltr'><strong>Marty-</strong></span> 
     </span>
    </p>
   </div>
   <div class='ocr_carea' id='block_1_25' title="bbox 454 2448 2042 2517">
    <p class='ocr_par' dir='ltr' id='par_1_25' title="bbox 454 2448 2042 2517">
     <span class='ocr_line' id='line_1_32' title="bbox 454 2448 2042 2517; baseline 0.008 -18"><span class='ocrx_word' id='word_1_185' title='bbox 454 2457 572 2499; x_wconf 88' lang='lat' dir='ltr'><strong>rum</strong></span> <span class='ocrx_word' id='word_1_186' title='bbox 604 2460 849 2517; x_wconf 82' lang='lat' dir='ltr'><strong>pergens,</strong></span> <span class='ocrx_word' id='word_1_187' title='bbox 875 2448 1027 2517; x_wconf 83' lang='lat' dir='ltr'><strong>juxta</strong></span> <span class='ocrx_word' id='word_1_188' title='bbox 1065 2448 1264 2506; x_wconf 83' lang='lat' dir='ltr'><strong>flumen</strong></span> <span class='ocrx_word' id='word_1_189' title='bbox 1298 2450 1400 2507; x_wconf 87' lang='lat' dir='ltr'><strong>iter</strong></span> <span class='ocrx_word' id='word_1_190' title='bbox 1429 2450 1647 2508; x_wconf 76' lang='lat' dir='ltr'><strong>faceret.</strong></span> <span class='ocrx_word' id='word_1_191' title='bbox 1689 2453 1881 2512; x_wconf 84' lang='lat' dir='ltr'><strong>Socius</strong></span> <span class='ocrx_word' id='word_1_192' title='bbox 1916 2470 2042 2511; x_wconf 88' lang='lat' dir='ltr'><strong>vero</strong></span> 
     </span>
    </p>
   </div>
   <div class='ocr_carea' id='block_1_26' title="bbox 455 2536 2043 2617">
    <p class='ocr_par' dir='ltr' id='par_1_26' title="bbox 455 2536 2043 2617">
     <span class='ocr_line' id='line_1_33' title="bbox 455 2536 2043 2617; baseline 0.01 -27"><span class='ocrx_word' id='word_1_193' title='bbox 455 2536 639 2605; x_wconf 83' lang='lat' dir='ltr'><strong>ipsius,</strong></span> <span class='ocrx_word' id='word_1_194' title='bbox 668 2550 729 2593; x_wconf 89' lang='lat' dir='ltr'><strong>ut</strong></span> <span class='ocrx_word' id='word_1_195' title='bbox 757 2541 824 2594; x_wconf 90' lang='lat' dir='ltr'><strong>ad</strong></span> <span class='ocrx_word' id='word_1_196' title='bbox 851 2556 998 2596; x_wconf 73' lang='lat' dir='ltr'><strong>oram</strong></span> <span class='ocrx_word' id='word_1_197' title='bbox 1026 2553 1460 2612; x_wconf 87' lang='lat' dir='ltr'><strong>supernatantem</strong></span> <span class='ocrx_word' id='word_1_198' title='bbox 1500 2546 1698 2603; x_wconf 90' lang='lat' dir='ltr'><strong>librum</strong></span> <span class='ocrx_word' id='word_1_199' title='bbox 1729 2549 1896 2617; x_wconf 91' lang='lat' dir='ltr'><strong>vidit,</strong></span> <span class='ocrx_word' id='word_1_200' title='bbox 1941 2550 2043 2606; x_wconf 91' lang='lat' dir='ltr'><strong>lin-</strong></span> 
     </span>
    </p>
   </div>
   <div class='ocr_carea' id='block_1_27' title="bbox 457 2632 2040 2711">
    <p class='ocr_par' dir='ltr' id='par_1_27' title="bbox 457 2632 2040 2711">
     <span class='ocr_line' id='line_1_34' title="bbox 457 2632 2040 2711; baseline 0.012 -32"><span class='ocrx_word' id='word_1_201' title='bbox 457 2633 599 2681; x_wconf 89' lang='lat' dir='ltr'><strong>teum</strong></span> <span class='ocrx_word' id='word_1_202' title='bbox 626 2643 746 2685; x_wconf 91' lang='lat' dir='ltr'><strong>esse</strong></span> <span class='ocrx_word' id='word_1_203' title='bbox 789 2632 1010 2699; x_wconf 87' lang='lat' dir='ltr'><strong>putavit,</strong></span> <span class='ocrx_word' id='word_1_204' title='bbox 1052 2647 1114 2688; x_wconf 91' lang='lat' dir='ltr'><strong>ac</strong></span> <span class='ocrx_word' id='word_1_205' title='bbox 1157 2633 1493 2692; x_wconf 84' lang='lat' dir='ltr'><strong>descendens</strong></span> <span class='ocrx_word' id='word_1_206' title='bbox 1531 2640 1757 2711; x_wconf 89' lang='lat' dir='ltr'><strong>accepit.</strong></span> <span class='ocrx_word' id='word_1_207' title='bbox 1801 2640 2040 2697; x_wconf 86' lang='lat' dir='ltr'><strong>Joannes</strong></span> 
     </span>
    </p>
   </div>
   <div class='ocr_carea' id='block_1_28' title="bbox 453 2721 2042 2802">
    <p class='ocr_par' dir='ltr' id='par_1_28' title="bbox 453 2721 2042 2802">
     <span class='ocr_line' id='line_1_35' title="bbox 453 2721 2042 2802; baseline 0.012 -33"><span class='ocrx_word' id='word_1_208' title='bbox 453 2727 881 2789; x_wconf 77' lang='lat' dir='ltr'><strong>veroautequam</strong></span> <span class='ocrx_word' id='word_1_209' title='bbox 902 2721 1027 2791; x_wconf 91' lang='lat' dir='ltr'><strong>quid</strong></span> <span class='ocrx_word' id='word_1_210' title='bbox 1057 2722 1108 2777; x_wconf 89' lang='lat' dir='ltr'><strong>id</strong></span> <span class='ocrx_word' id='word_1_211' title='bbox 1130 2732 1273 2779; x_wconf 89' lang='lat' dir='ltr'><strong>esset</strong></span> <span class='ocrx_word' id='word_1_212' title='bbox 1292 2726 1540 2791; x_wconf 90' lang='lat' dir='ltr'><strong>sciretur,</strong></span> <span class='ocrx_word' id='word_1_213' title='bbox 1568 2739 1796 2798; x_wconf 83' lang='lat' dir='ltr'><strong>repertae</strong></span> <span class='ocrx_word' id='word_1_214' title='bbox 1822 2733 1899 2787; x_wconf 91' lang='lat' dir='ltr'><strong>rei</strong></span> <span class='ocrx_word' id='word_1_215' title='bbox 1922 2748 2042 2802; x_wconf 89' lang='lat' dir='ltr'><strong>par-</strong></span> 
     </span>
    </p>
   </div>
   <div class='ocr_carea' id='block_1_29' title="bbox 452 2806 2041 2878">
    <p class='ocr_par' dir='ltr' id='par_1_29' title="bbox 452 2806 2041 2878">
     <span class='ocr_line' id='line_1_36' title="bbox 452 2806 2041 2878; baseline 0.013 -21"><span class='ocrx_word' id='word_1_216' title='bbox 452 2811 560 2858; x_wconf 87' lang='lat' dir='ltr'><strong>tem</strong></span> <span class='ocrx_word' id='word_1_217' title='bbox 590 2806 657 2860; x_wconf 89' lang='lat' dir='ltr'><strong>ad</strong></span> <span class='ocrx_word' id='word_1_218' title='bbox 681 2823 740 2863; x_wconf 89' lang='lat' dir='ltr'><strong>se</strong></span> <span class='ocrx_word' id='word_1_219' title='bbox 768 2811 1037 2878; x_wconf 88' lang='lat' dir='ltr'><strong>pertinere</strong></span> <span class='ocrx_word' id='word_1_220' title='bbox 1066 2812 1290 2869; x_wconf 85' lang='lat' dir='ltr'><strong>ridendo</strong></span> <span class='ocrx_word' id='word_1_221' title='bbox 1316 2818 1692 2874; x_wconf 88' lang='lat' dir='ltr'><strong>contendebat.</strong></span> <span class='ocrx_word' id='word_1_222' title='bbox 1718 2820 1855 2875; x_wconf 89' lang='lat' dir='ltr'><strong>Tum</strong></span> <span class='ocrx_word' id='word_1_223' title='bbox 1886 2837 2041 2878; x_wconf 92' lang='lat' dir='ltr'><strong>revo-</strong></span> 
     </span>
    </p>
   </div>
   <div class='ocr_carea' id='block_1_30' title="bbox 453 2896 2041 2977">
    <p class='ocr_par' dir='ltr' id='par_1_30' title="bbox 453 2896 2041 2977">
     <span class='ocr_line' id='line_1_37' title="bbox 453 2896 2041 2977; baseline 0.013 -29"><span class='ocrx_word' id='word_1_224' title='bbox 453 2896 562 2950; x_wconf 80' lang='lat' dir='ltr'><strong>luta</strong></span> <span class='ocrx_word' id='word_1_225' title='bbox 597 2898 799 2968; x_wconf 77' lang='lat' dir='ltr'><strong>pagina</strong></span> <span class='ocrx_word' id='word_1_226' title='bbox 851 2902 1029 2958; x_wconf 88' lang='lat' dir='ltr'><strong>socius</strong></span> <span class='ocrx_word' id='word_1_227' title='bbox 1073 2906 1275 2974; x_wconf 79' lang='lat' dir='ltr'><strong>magica</strong></span> <span class='ocrx_word' id='word_1_228' title='bbox 1317 2909 1514 2977; x_wconf 89' lang='lat' dir='ltr'><strong>scripta</strong></span> <span class='ocrx_word' id='word_1_229' title='bbox 1566 2910 1786 2966; x_wconf 82' lang='lat' dir='ltr'><strong>invenit.</strong></span> <span class='ocrx_word' id='word_1_230' title='bbox 1834 2914 2041 2969; x_wconf 84' lang='lat' dir='ltr'><strong>Accidit</strong></span> 
     </span>
    </p>
   </div>
   <div class='ocr_carea' id='block_1_31' title="bbox 453 2989 2040 3062">
    <p class='ocr_par' dir='ltr' id='par_1_31' title="bbox 453 2989 2040 3062">
     <span class='ocr_line' id='line_1_38' title="bbox 453 2989 2040 3062; baseline 0.013 -23"><span class='ocrx_word' id='word_1_231' title='bbox 453 2994 631 3041; x_wconf 84' lang='lat' dir='ltr'><strong>autem</strong></span> <span class='ocrx_word' id='word_1_232' title='bbox 662 2996 721 3042; x_wconf 91' lang='lat' dir='ltr'><strong>ut</strong></span> <span class='ocrx_word' id='word_1_233' title='bbox 747 2989 933 3046; x_wconf 79' lang='lat' dir='ltr'><strong>eodem</strong></span> <span class='ocrx_word' id='word_1_234' title='bbox 965 3000 1207 3062; x_wconf 91' lang='lat' dir='ltr'><strong>tempore</strong></span> <span class='ocrx_word' id='word_1_235' title='bbox 1234 2998 1385 3052; x_wconf 90' lang='lat' dir='ltr'><strong>miles</strong></span> <span class='ocrx_word' id='word_1_236' title='bbox 1410 3000 1678 3056; x_wconf 91' lang='lat' dir='ltr'><strong>transiret.</strong></span> <span class='ocrx_word' id='word_1_237' title='bbox 1705 3002 1840 3059; x_wconf 82' lang='lat' dir='ltr'><strong>Hinc</strong></span> <span class='ocrx_word' id='word_1_238' title='bbox 1867 3013 2040 3060; x_wconf 90' lang='lat' dir='ltr'><strong>terror</strong></span> 
     </span>
    </p>
   </div>
   <div class='ocr_carea' id='block_1_32' title="bbox 455 3079 2039 3163">
    <p class='ocr_par' dir='ltr' id='par_1_32' title="bbox 455 3079 2039 3163">
     <span class='ocr_line' id='line_1_39' title="bbox 455 3079 2039 3163; baseline 0.015 -34"><span class='ocrx_word' id='word_1_239' title='bbox 455 3085 741 3149; x_wconf 85' lang='lat' dir='ltr'><strong>utrumque</strong></span> <span class='ocrx_word' id='word_1_240' title='bbox 764 3079 990 3147; x_wconf 83' lang='lat' dir='ltr'><strong>invasit;</strong></span> <span class='ocrx_word' id='word_1_241' title='bbox 1025 3084 1217 3141; x_wconf 91' lang='lat' dir='ltr'><strong>librum</strong></span> <span class='ocrx_word' id='word_1_242' title='bbox 1246 3088 1479 3158; x_wconf 89' lang='lat' dir='ltr'><strong>ahjieere</strong></span> <span class='ocrx_word' id='word_1_243' title='bbox 1508 3105 1612 3147; x_wconf 92' lang='lat' dir='ltr'><strong>non</strong></span> <span class='ocrx_word' id='word_1_244' title='bbox 1638 3091 1937 3163; x_wconf 85' lang='lat' dir='ltr'><strong>audebant,</strong></span> <span class='ocrx_word' id='word_1_245' title='bbox 1971 3111 2039 3153; x_wconf 90' lang='lat' dir='ltr'><strong>ne</strong></span> 
     </span>
    </p>
   </div>
   <div class='ocr_carea' id='block_1_33' title="bbox 455 3169 2034 3259">
    <p class='ocr_par' dir='ltr' id='par_1_33' title="bbox 455 3169 2034 3259">
     <span class='ocr_line' id='line_1_40' title="bbox 455 3169 2034 3259; baseline 0.015 -36"><span class='ocrx_word' id='word_1_246' title='bbox 455 3169 759 3227; x_wconf 83' lang='lat' dir='ltr'><strong>viderentur</strong></span> <span class='ocrx_word' id='word_1_247' title='bbox 776 3175 893 3245; x_wconf 87' lang='lat' dir='ltr'><strong>ejus</strong></span> <span class='ocrx_word' id='word_1_248' title='bbox 913 3187 1159 3234; x_wconf 85' lang='lat' dir='ltr'><strong>auctores</strong></span> <span class='ocrx_word' id='word_1_249' title='bbox 1175 3195 1313 3238; x_wconf 90' lang='lat' dir='ltr'><strong>esse.</strong></span> <span class='ocrx_word' id='word_1_250' title='bbox 1333 3182 1569 3240; x_wconf 89' lang='lat' dir='ltr'><strong>Tandem</strong></span> <span class='ocrx_word' id='word_1_251' title='bbox 1590 3202 1720 3243; x_wconf 90' lang='lat' dir='ltr'><strong>vero</strong></span> <span class='ocrx_word' id='word_1_252' title='bbox 1737 3188 2034 3259; x_wconf 89' lang='lat' dir='ltr'><strong>projccere,</strong></span> 
     </span>
    </p>
   </div>
   <div class='ocr_carea' id='block_1_34' title="bbox 458 3261 1574 3344">
    <p class='ocr_par' dir='ltr' id='par_1_34' title="bbox 458 3261 1574 3344">
     <span class='ocr_line' id='line_1_41' title="bbox 458 3261 1574 3344; baseline 0.014 -30"><span class='ocrx_word' id='word_1_253' title='bbox 458 3271 509 3315; x_wconf 87' lang='lat' dir='ltr'><strong>et</strong></span> <span class='ocrx_word' id='word_1_254' title='bbox 543 3261 652 3317; x_wconf 90' lang='lat' dir='ltr'><strong>Deo</strong></span> <span class='ocrx_word' id='word_1_255' title='bbox 672 3263 892 3333; x_wconf 83' lang='lat' dir='ltr'><strong>juvante</strong></span> <span class='ocrx_word' id='word_1_256' title='bbox 919 3284 948 3323; x_wconf 91' lang='lat' dir='ltr'><strong>a</strong></span> <span class='ocrx_word' id='word_1_257' title='bbox 974 3271 1211 3338; x_wconf 90' lang='lat' dir='ltr'><strong>periculo</strong></span> <span class='ocrx_word' id='word_1_258' title='bbox 1230 3275 1400 3344; x_wconf 87' lang='lat' dir='ltr'><strong>erepti</strong></span> <span class='ocrx_word' id='word_1_259' title='bbox 1430 3284 1574 3330; x_wconf 90' lang='lat' dir='ltr'><strong>sunt.</strong></span> 
     </span>
    </p>
   </div>
   <div class='ocr_carea' id='block_1_35' title="bbox 521 3350 2034 3426">
    <p class='ocr_par' dir='ltr' id='par_1_35' title="bbox 521 3350 2034 3426">
     <span class='ocr_line' id='line_1_42' title="bbox 521 3350 2034 3426; baseline 0.014 -22"><span class='ocrx_word' id='word_1_260' title='bbox 521 3350 891 3412; x_wconf 71' lang='lat' dir='ltr'><strong>Monachorum</strong></span> <span class='ocrx_word' id='word_1_261' title='bbox 945 3360 998 3413; x_wconf 75' lang='lat' dir='ltr'><strong>in</strong></span> <span class='ocrx_word' id='word_1_262' title='bbox 1052 3362 1302 3419; x_wconf 81' lang='lat' dir='ltr'><strong>utentibus</strong></span> <span class='ocrx_word' id='word_1_263' title='bbox 1356 3365 1636 3423; x_wconf 65' lang='lat' dir='ltr'><strong>Antiochia</strong></span> <span class='ocrx_word' id='word_1_264' title='bbox 1689 3370 1864 3426; x_wconf 83' lang='lat' dir='ltr'><strong>vicinis</strong></span> <span class='ocrx_word' id='word_1_265' title='bbox 1913 3373 2034 3426; x_wconf 77' lang='lat' dir='ltr'><strong>vita.</strong></span> 
     </span>
    </p>
   </div>
   <div class='ocr_carea' id='block_1_36' title="bbox 451 3441 2035 3528">
    <p class='ocr_par' dir='ltr' id='par_1_36' title="bbox 451 3441 2035 3528">
     <span class='ocr_line' id='line_1_43' title="bbox 451 3441 2035 3528; baseline 0.014 -33"><span class='ocrx_word' id='word_1_266' title='bbox 451 3441 649 3498; x_wconf 85' lang='lat' dir='ltr'><strong>—lloc</strong></span> <span class='ocrx_word' id='word_1_267' title='bbox 678 3444 919 3503; x_wconf 75' lang='lat' dir='ltr'><strong>fortassis</strong></span> <span class='ocrx_word' id='word_1_268' title='bbox 946 3460 1138 3505; x_wconf 81' lang='lat' dir='ltr'><strong>eventu</strong></span> <span class='ocrx_word' id='word_1_269' title='bbox 1169 3455 1453 3523; x_wconf 90' lang='lat' dir='ltr'><strong>perculsus</strong></span> <span class='ocrx_word' id='word_1_270' title='bbox 1479 3457 1736 3528; x_wconf 88' lang='lat' dir='ltr'><strong>Joannes,</strong></span> <span class='ocrx_word' id='word_1_271' title='bbox 1764 3476 2035 3518; x_wconf 90' lang='lat' dir='ltr'><strong>secessum</strong></span> 
     </span>
    </p>
   </div>
   <div class='ocr_carea' id='block_1_37' title="bbox 448 3532 2037 3620">
    <p class='ocr_par' dir='ltr' id='par_1_37' title="bbox 448 3532 2037 3620">
     <span class='ocr_line' id='line_1_44' title="bbox 448 3532 2037 3620; baseline 0.014 -35"><span class='ocrx_word' id='word_1_272' title='bbox 448 3532 517 3586; x_wconf 87' lang='lat' dir='ltr'><strong>ad</strong></span> <span class='ocrx_word' id='word_1_273' title='bbox 546 3537 868 3590; x_wconf 85' lang='lat' dir='ltr'><strong>monasteria</strong></span> <span class='ocrx_word' id='word_1_274' title='bbox 906 3539 958 3593; x_wconf 92' lang='lat' dir='ltr'><strong>in</strong></span> <span class='ocrx_word' id='word_1_275' title='bbox 986 3541 1256 3597; x_wconf 87' lang='lat' dir='ltr'><strong>montibus</strong></span> <span class='ocrx_word' id='word_1_276' title='bbox 1284 3543 1582 3602; x_wconf 64' lang='lat' dir='ltr'><strong>Antiochiae</strong></span> <span class='ocrx_word' id='word_1_277' title='bbox 1608 3549 1796 3605; x_wconf 84' lang='lat' dir='ltr'><strong>vicinis</strong></span> <span class='ocrx_word' id='word_1_278' title='bbox 1827 3553 1997 3620; x_wconf 83' lang='lat' dir='ltr'><strong>posita</strong></span> <span class='ocrx_word' id='word_1_279' title='bbox 2024 3595 2037 3615; x_wconf 88' lang='lat'><strong>.</strong></span> 
     </span>
    </p>
   </div>
   <div class='ocr_carea' id='block_1_38' title="bbox 447 3623 2036 3711">
    <p class='ocr_par' dir='ltr' id='par_1_38' title="bbox 447 3623 2036 3711">
     <span class='ocr_line' id='line_1_45' title="bbox 447 3623 2036 3711; baseline 0.015 -38"><span class='ocrx_word' id='word_1_280' title='bbox 447 3635 607 3711; x_wconf 83' lang='lat' dir='ltr'><strong>quem</strong></span> <span class='ocrx_word' id='word_1_281' title='bbox 644 3623 846 3690; x_wconf 88' lang='lat' dir='ltr'><strong>jamdiu</strong></span> <span class='ocrx_word' id='word_1_282' title='bbox 889 3629 1070 3684; x_wconf 85' lang='lat' dir='ltr'><strong>an&#39;uno</strong></span> <span class='ocrx_word' id='word_1_283' title='bbox 1111 3643 1458 3702; x_wconf 88' lang='lat' dir='ltr'><strong>conceperat,</strong></span> <span class='ocrx_word' id='word_1_284' title='bbox 1500 3637 1773 3694; x_wconf 83' lang='lat' dir='ltr'><strong>ardentius</strong></span> <span class='ocrx_word' id='word_1_285' title='bbox 1813 3642 2036 3711; x_wconf 86' lang='lat' dir='ltr'><strong>appetiit</strong></span> 
     </span>
    </p>
   </div>
   <div class='ocr_carea' id='block_1_39' title="bbox 449 3710 2032 3804">
    <p class='ocr_par' dir='ltr' id='par_1_39' title="bbox 449 3710 2032 3804">
     <span class='ocr_line' id='line_1_46' title="bbox 449 3710 2032 3804; baseline 0.015 -40"><span class='ocrx_word' id='word_1_286' title='bbox 449 3710 629 3781; x_wconf 68' lang='lat' dir='ltr'><strong>(rau.</strong></span> <span class='ocrx_word' id='word_1_287' title='bbox 655 3713 796 3770; x_wconf 79' lang='lat' dir='ltr'><strong>Dial.</strong></span> <span class='ocrx_word' id='word_1_288' title='bbox 820 3736 873 3788; x_wconf 87' lang='lat' dir='ltr'><strong>p.</strong></span> <span class='ocrx_word' id='word_1_289' title='bbox 912 3719 1023 3789; x_wconf 73' lang='lat' dir='ltr'><strong>tt).</strong></span> <span class='ocrx_word' id='word_1_290' title='bbox 1056 3720 1239 3794; x_wconf 80' lang='lat' dir='ltr'><strong>Neque</strong></span> <span class='ocrx_word' id='word_1_291' title='bbox 1281 3727 1424 3780; x_wconf 90' lang='lat' dir='ltr'><strong>enim</strong></span> <span class='ocrx_word' id='word_1_292' title='bbox 1459 3727 1534 3782; x_wconf 90' lang='lat' dir='ltr'><strong>illi</strong></span> <span class='ocrx_word' id='word_1_293' title='bbox 1564 3730 1854 3802; x_wconf 76' lang='lat' dir='ltr'><strong>quidquam</strong></span> <span class='ocrx_word' id='word_1_294' title='bbox 1890 3710 2032 3804; x_wconf 61' lang='lat' dir='ltr'><strong>pm-</strong></span> 
     </span>
    </p>
   </div>
   <div class='ocr_carea' id='block_1_40' title="bbox 448 3805 2034 3892">
    <p class='ocr_par' dir='ltr' id='par_1_40' title="bbox 448 3805 2034 3892">
     <span class='ocr_line' id='line_1_47' title="bbox 448 3805 2034 3892; baseline 0.017 -35"><span class='ocrx_word' id='word_1_295' title='bbox 448 3805 697 3862; x_wconf 75' lang='lat' dir='ltr'><strong>stabilius</strong></span> <span class='ocrx_word' id='word_1_296' title='bbox 731 3810 1010 3867; x_wconf 84' lang='lat' dir='ltr'><strong>videbatur</strong></span> <span class='ocrx_word' id='word_1_297' title='bbox 1054 3828 1174 3870; x_wconf 90' lang='lat' dir='ltr'><strong>esse</strong></span> <span class='ocrx_word' id='word_1_298' title='bbox 1216 3817 1320 3873; x_wconf 88' lang='lat' dir='ltr'><strong>vita</strong></span> <span class='ocrx_word' id='word_1_299' title='bbox 1364 3819 1473 3884; x_wconf 87' lang='lat' dir='ltr'><strong>illa,</strong></span> <span class='ocrx_word' id='word_1_300' title='bbox 1518 3836 1636 3892; x_wconf 71' lang='lat' dir='ltr'><strong>qute</strong></span> <span class='ocrx_word' id='word_1_301' title='bbox 1685 3833 1793 3879; x_wconf 92' lang='lat' dir='ltr'><strong>tota</strong></span> <span class='ocrx_word' id='word_1_302' title='bbox 1839 3826 2034 3884; x_wconf 64' lang='lat' dir='ltr'><strong>divinis</strong></span> 
     </span>
    </p>
   </div>
   <div class='ocr_carea' id='block_1_41' title="bbox 450 3895 2034 3984">
    <p class='ocr_par' dir='ltr' id='par_1_41' title="bbox 450 3895 2034 3984">
     <span class='ocr_line' id='line_1_48' title="bbox 450 3895 2034 3984; baseline 0.016 -36"><span class='ocrx_word' id='word_1_303' title='bbox 450 3895 612 3952; x_wconf 81' lang='lat' dir='ltr'><strong>rebus</strong></span> <span class='ocrx_word' id='word_1_304' title='bbox 641 3898 849 3955; x_wconf 90' lang='lat' dir='ltr'><strong>addicta</strong></span> <span class='ocrx_word' id='word_1_305' title='bbox 888 3914 1050 3959; x_wconf 87' lang='lat' dir='ltr'><strong>esset.</strong></span> <span class='ocrx_word' id='word_1_306' title='bbox 1094 3906 1163 3962; x_wconf 82' lang='lat' dir='ltr'><strong>Et</strong></span> <span class='ocrx_word' id='word_1_307' title='bbox 1202 3907 1316 3978; x_wconf 90' lang='lat' dir='ltr'><strong>ipse</strong></span> <span class='ocrx_word' id='word_1_308' title='bbox 1345 3910 1558 3981; x_wconf 83' lang='lat' dir='ltr'><strong>quidem</strong></span> <span class='ocrx_word' id='word_1_309' title='bbox 1585 3913 1694 3983; x_wconf 87' lang='lat' dir='ltr'><strong>jam</strong></span> <span class='ocrx_word' id='word_1_310' title='bbox 1729 3931 1891 3984; x_wconf 86' lang='lat' dir='ltr'><strong>penes</strong></span> <span class='ocrx_word' id='word_1_311' title='bbox 1922 3934 2034 3973; x_wconf 89' lang='lat' dir='ltr'><strong>ma-</strong></span> 
     </span>
    </p>
   </div>
   <div class='ocr_carea' id='block_1_42' title="bbox 448 3988 2035 4078">
    <p class='ocr_par' dir='ltr' id='par_1_42' title="bbox 448 3988 2035 4078">
     <span class='ocr_line' id='line_1_49' title="bbox 448 3988 2035 4078; baseline 0.015 -39"><span class='ocrx_word' id='word_1_312' title='bbox 448 3992 587 4078; x_wconf 86' lang='lat' dir='ltr'><strong>trem</strong></span> <span class='ocrx_word' id='word_1_313' title='bbox 614 3988 776 4078; x_wconf 71' lang='lat' dir='ltr'><strong>ritam</strong></span> <span class='ocrx_word' id='word_1_314' title='bbox 806 3991 1034 4050; x_wconf 86' lang='lat' dir='ltr'><strong>ducebat</strong></span> <span class='ocrx_word' id='word_1_315' title='bbox 1064 4000 1373 4056; x_wconf 80' lang='lat' dir='ltr'><strong>monasticze</strong></span> <span class='ocrx_word' id='word_1_316' title='bbox 1414 4016 1518 4057; x_wconf 90' lang='lat' dir='ltr'><strong>non</strong></span> <span class='ocrx_word' id='word_1_317' title='bbox 1559 4003 1877 4071; x_wconf 87' lang='lat' dir='ltr'><strong>absimilem,</strong></span> <span class='ocrx_word' id='word_1_318' title='bbox 1912 4023 2035 4078; x_wconf 81' lang='lat' dir='ltr'><strong>pre-</strong></span> 
     </span>
    </p>
   </div>
   <div class='ocr_carea' id='block_1_43' title="bbox 445 4076 2030 4160">
    <p class='ocr_par' dir='ltr' id='par_1_43' title="bbox 445 4076 2030 4160">
     <span class='ocr_line' id='line_1_50' title="bbox 445 4076 2030 4160; baseline 0.016 -31"><span class='ocrx_word' id='word_1_319' title='bbox 445 4076 667 4142; x_wconf 91' lang='lat' dir='ltr'><strong>cationi,</strong></span> <span class='ocrx_word' id='word_1_320' title='bbox 694 4077 912 4150; x_wconf 85' lang='lat' dir='ltr'><strong>jejuniis</strong></span> <span class='ocrx_word' id='word_1_321' title='bbox 935 4123 950 4149; x_wconf 94' lang='lat'><strong>,</strong></span> <span class='ocrx_word' id='word_1_322' title='bbox 982 4085 1193 4156; x_wconf 73' lang='lat' dir='ltr'><strong>vigiliis,</strong></span> <span class='ocrx_word' id='word_1_323' title='bbox 1227 4088 1623 4160; x_wconf 89' lang='lat' dir='ltr'><strong>Scripturarum</strong></span> <span class='ocrx_word' id='word_1_324' title='bbox 1654 4094 1868 4152; x_wconf 83' lang='lat' dir='ltr'><strong>lectioni</strong></span> <span class='ocrx_word' id='word_1_325' title='bbox 1894 4076 2030 4153; x_wconf 79' lang='lat' dir='ltr'><strong>assi-</strong></span> 
     </span>
    </p>
   </div>
   <div class='ocr_carea' id='block_1_44' title="bbox 444 4165 2031 4260">
    <p class='ocr_par' dir='ltr' id='par_1_44' title="bbox 444 4165 2031 4260">
     <span class='ocr_line' id='line_1_51' title="bbox 444 4165 2031 4260; baseline 0.017 -41"><span class='ocrx_word' id='word_1_326' title='bbox 444 4165 554 4220; x_wconf 90' lang='lat' dir='ltr'><strong>due</strong></span> <span class='ocrx_word' id='word_1_327' title='bbox 584 4169 836 4237; x_wconf 88' lang='lat' dir='ltr'><strong>intentus,</strong></span> <span class='ocrx_word' id='word_1_328' title='bbox 870 4174 1105 4232; x_wconf 91' lang='lat' dir='ltr'><strong>inclusus</strong></span> <span class='ocrx_word' id='word_1_329' title='bbox 1136 4195 1349 4251; x_wconf 87' lang='lat' dir='ltr'><strong>semper</strong></span> <span class='ocrx_word' id='word_1_330' title='bbox 1378 4198 1619 4255; x_wconf 88' lang='lat' dir='ltr'><strong>manens,</strong></span> <span class='ocrx_word' id='word_1_331' title='bbox 1648 4197 1703 4242; x_wconf 90' lang='lat' dir='ltr'><strong>et</strong></span> <span class='ocrx_word' id='word_1_332' title='bbox 1723 4201 2031 4260; x_wconf 81' lang='lat' dir='ltr'><strong>segregatus</strong></span> 
     </span>
    </p>
   </div>
   <div class='ocr_carea' id='block_1_45' title="bbox 442 4261 2032 4344">
    <p class='ocr_par' dir='ltr' id='par_1_45' title="bbox 442 4261 2032 4344">
     <span class='ocr_line' id='line_1_52' title="bbox 442 4261 2032 4344; baseline 0.018 -34"><span class='ocrx_word' id='word_1_333' title='bbox 442 4271 472 4310; x_wconf 87' lang='lat' dir='ltr'><strong>a</strong></span> <span class='ocrx_word' id='word_1_334' title='bbox 495 4261 691 4315; x_wconf 74' lang='lat' dir='ltr'><strong>atecqu</strong></span> <span class='ocrx_word' id='word_1_335' title='bbox 717 4273 766 4317; x_wconf 92' lang='lat' dir='ltr'><strong>et</strong></span> <span class='ocrx_word' id='word_1_336' title='bbox 785 4277 813 4318; x_wconf 87' lang='lat' dir='ltr'><strong>a</strong></span> <span class='ocrx_word' id='word_1_337' title='bbox 842 4268 1186 4325; x_wconf 64' lang='lat' dir='ltr'><strong>saecularibus</strong></span> <span class='ocrx_word' id='word_1_338' title='bbox 1203 4274 1461 4344; x_wconf 85' lang='lat' dir='ltr'><strong>negotiis;</strong></span> <span class='ocrx_word' id='word_1_339' title='bbox 1484 4287 1716 4334; x_wconf 86' lang='lat' dir='ltr'><strong>attamen</strong></span> <span class='ocrx_word' id='word_1_340' title='bbox 1740 4280 1804 4334; x_wconf 89' lang='lat' dir='ltr'><strong>ad</strong></span> <span class='ocrx_word' id='word_1_341' title='bbox 1823 4292 2032 4338; x_wconf 84' lang='lat' dir='ltr'><strong>montes</strong></span> 
     </span>
    </p>
   </div>
   <div class='ocr_carea' id='block_1_46' title="bbox 444 4345 2026 4442">
    <p class='ocr_par' dir='ltr' id='par_1_46' title="bbox 444 4345 2026 4442">
     <span class='ocr_line' id='line_1_53' title="bbox 444 4345 2026 4442; baseline 0.02 -44"><span class='ocrx_word' id='word_1_342' title='bbox 444 4345 590 4402; x_wconf 83' lang='lat' dir='ltr'><strong>illum</strong></span> <span class='ocrx_word' id='word_1_343' title='bbox 625 4354 878 4410; x_wconf 81' lang='lat' dir='ltr'><strong>evocabat</strong></span> <span class='ocrx_word' id='word_1_344' title='bbox 906 4359 1009 4413; x_wconf 91' lang='lat' dir='ltr'><strong>vita</strong></span> <span class='ocrx_word' id='word_1_345' title='bbox 1038 4362 1127 4415; x_wconf 91' lang='lat' dir='ltr'><strong>illa</strong></span> <span class='ocrx_word' id='word_1_346' title='bbox 1159 4365 1542 4422; x_wconf 81' lang='lat' dir='ltr'><strong>monachorum</strong></span> <span class='ocrx_word' id='word_1_347' title='bbox 1577 4370 1838 4440; x_wconf 78' lang='lat' dir='ltr'><strong>angelica,</strong></span> <span class='ocrx_word' id='word_1_348' title='bbox 1867 4389 2026 4442; x_wconf 83' lang='lat' dir='ltr'><strong>quam</strong></span> 
     </span>
    </p>
   </div>
   <div class='ocr_carea' id='block_1_47' title="bbox 443 4443 2027 4530">
    <p class='ocr_par' dir='ltr' id='par_1_47' title="bbox 443 4443 2027 4530">
     <span class='ocr_line' id='line_1_54' title="bbox 443 4443 2027 4530; baseline 0.018 -39"><span class='ocrx_word' id='word_1_349' title='bbox 443 4452 550 4492; x_wconf 88' lang='lat' dir='ltr'><strong>non</strong></span> <span class='ocrx_word' id='word_1_350' title='bbox 578 4443 747 4530; x_wconf 84' lang='lat' dir='ltr'><strong>semel</strong></span> <span class='ocrx_word' id='word_1_351' title='bbox 780 4446 892 4514; x_wconf 90' lang='lat' dir='ltr'><strong>ipse</strong></span> <span class='ocrx_word' id='word_1_352' title='bbox 920 4448 1191 4507; x_wconf 86' lang='lat' dir='ltr'><strong>describit.</strong></span> <span class='ocrx_word' id='word_1_353' title='bbox 1224 4454 1303 4508; x_wconf 89' lang='lat' dir='ltr'><strong>llli</strong></span> <span class='ocrx_word' id='word_1_354' title='bbox 1340 4472 1594 4526; x_wconf 86' lang='lat' dir='ltr'><strong>namque,</strong></span> <span class='ocrx_word' id='word_1_355' title='bbox 1624 4460 1714 4530; x_wconf 89' lang='lat' dir='ltr'><strong>qui</strong></span> <span class='ocrx_word' id='word_1_356' title='bbox 1753 4465 2027 4519; x_wconf 65' lang='lat' dir='ltr'><strong>saecularia</strong></span> 
     </span>
    </p>
   </div>
   <div class='ocr_carea' id='block_1_48' title="bbox 444 4529 2028 4624">
    <p class='ocr_par' dir='ltr' id='par_1_48' title="bbox 444 4529 2028 4624">
     <span class='ocr_line' id='line_1_55' title="bbox 444 4529 2028 4624; baseline 0.019 -45"><span class='ocrx_word' id='word_1_357' title='bbox 444 4529 622 4583; x_wconf 87' lang='lat' dir='ltr'><strong>omnia</strong></span> <span class='ocrx_word' id='word_1_358' title='bbox 646 4531 1037 4602; x_wconf 85' lang='lat' dir='ltr'><strong>abdicaverant,</strong></span> <span class='ocrx_word' id='word_1_359' title='bbox 1066 4540 1155 4595; x_wconf 91' lang='lat' dir='ltr'><strong>diu</strong></span> <span class='ocrx_word' id='word_1_360' title='bbox 1194 4553 1318 4597; x_wconf 88' lang='lat' dir='ltr'><strong>ante</strong></span> <span class='ocrx_word' id='word_1_361' title='bbox 1348 4544 1520 4601; x_wconf 89' lang='lat' dir='ltr'><strong>lucem</strong></span> <span class='ocrx_word' id='word_1_362' title='bbox 1546 4529 1780 4618; x_wconf 88' lang='lat' dir='ltr'><strong>quotidie</strong></span> <span class='ocrx_word' id='word_1_363' title='bbox 1808 4567 2028 4624; x_wconf 86' lang='lat' dir='ltr'><strong>surgere</strong></span> 
     </span>
    </p>
   </div>
   <div class='ocr_carea' id='block_1_49' title="bbox 444 4631 2026 4705">
    <p class='ocr_par' dir='ltr' id='par_1_49' title="bbox 444 4631 2026 4705">
     <span class='ocr_line' id='line_1_56' title="bbox 444 4631 2026 4705; baseline 0.016 -31"><span class='ocrx_word' id='word_1_364' title='bbox 444 4631 851 4691; x_wconf 78' lang='lat' dir='ltr'><strong>consueverant,</strong></span> <span class='ocrx_word' id='word_1_365' title='bbox 881 4637 935 4683; x_wconf 90' lang='lat' dir='ltr'><strong>et</strong></span> <span class='ocrx_word' id='word_1_366' title='bbox 977 4646 1080 4685; x_wconf 90' lang='lat' dir='ltr'><strong>una</strong></span> <span class='ocrx_word' id='word_1_367' title='bbox 1123 4634 1329 4688; x_wconf 82' lang='lat' dir='ltr'><strong>eolleeti</strong></span> <span class='ocrx_word' id='word_1_368' title='bbox 1368 4650 1553 4705; x_wconf 87' lang='lat' dir='ltr'><strong>preces</strong></span> <span class='ocrx_word' id='word_1_369' title='bbox 1591 4638 1883 4697; x_wconf 79' lang='lat' dir='ltr'><strong>fundebant</strong></span> <span class='ocrx_word' id='word_1_370' title='bbox 1922 4645 2026 4699; x_wconf 90' lang='lat' dir='ltr'><strong>Do-</strong></span> 
     </span>
    </p>
   </div>
   <div class='ocr_carea' id='block_1_50' title="bbox 443 4711 2027 4803">
    <p class='ocr_par' dir='ltr' id='par_1_50' title="bbox 443 4711 2027 4803">
     <span class='ocr_line' id='line_1_57' title="bbox 443 4711 2027 4803; baseline 0.016 -41"><span class='ocrx_word' id='word_1_371' title='bbox 443 4711 593 4803; x_wconf 76' lang='lat' dir='ltr'><strong>mino</strong></span> <span class='ocrx_word' id='word_1_372' title='bbox 632 4715 1017 4786; x_wconf 82' lang='lat' dir='ltr'><strong>supplicantes,</strong></span> <span class='ocrx_word' id='word_1_373' title='bbox 1067 4732 1123 4777; x_wconf 91' lang='lat' dir='ltr'><strong>ut</strong></span> <span class='ocrx_word' id='word_1_374' title='bbox 1169 4723 1221 4777; x_wconf 91' lang='lat' dir='ltr'><strong>in</strong></span> <span class='ocrx_word' id='word_1_375' title='bbox 1258 4724 1435 4780; x_wconf 90' lang='lat' dir='ltr'><strong>medio</strong></span> <span class='ocrx_word' id='word_1_376' title='bbox 1479 4729 1834 4797; x_wconf 89' lang='lat' dir='ltr'><strong>perienlorum</strong></span> <span class='ocrx_word' id='word_1_377' title='bbox 1872 4733 2027 4803; x_wconf 89' lang='lat' dir='ltr'><strong>hujus</strong></span> 
     </span>
    </p>
   </div>
   <div class='ocr_carea' id='block_1_51' title="bbox 441 4800 2024 4879">
    <p class='ocr_par' dir='ltr' id='par_1_51' title="bbox 441 4800 2024 4879">
     <span class='ocr_line' id='line_1_58' title="bbox 441 4800 2024 4879; baseline 0.015 -25"><span class='ocrx_word' id='word_1_378' title='bbox 441 4800 571 4857; x_wconf 75' lang='lat' dir='ltr'><strong>vitae</strong></span> <span class='ocrx_word' id='word_1_379' title='bbox 596 4802 745 4859; x_wconf 85' lang='lat' dir='ltr'><strong>illaesi</strong></span> <span class='ocrx_word' id='word_1_380' title='bbox 773 4811 1128 4878; x_wconf 66' lang='lat' dir='ltr'><strong>praeterirent,</strong></span> <span class='ocrx_word' id='word_1_381' title='bbox 1152 4828 1215 4869; x_wconf 91' lang='lat' dir='ltr'><strong>ac</strong></span> <span class='ocrx_word' id='word_1_382' title='bbox 1243 4814 1461 4872; x_wconf 89' lang='lat' dir='ltr'><strong>demum</strong></span> <span class='ocrx_word' id='word_1_383' title='bbox 1490 4805 1613 4873; x_wconf 79' lang='lat' dir='ltr'><strong>ante</strong></span> <span class='ocrx_word' id='word_1_384' title='bbox 1638 4820 1873 4877; x_wconf 88' lang='lat' dir='ltr'><strong>tribunal</strong></span> <span class='ocrx_word' id='word_1_385' title='bbox 1895 4800 2024 4879; x_wconf 78' lang='lat' dir='ltr'><strong>illud</strong></span> 
     </span>
    </p>
   </div>
   <div class='ocr_carea' id='block_1_52' title="bbox 436 4893 2030 4960">
    <p class='ocr_par' dir='ltr' id='par_1_52' title="bbox 436 4893 2030 4960">
     <span class='ocr_line' id='line_1_59' title="bbox 436 4893 2030 4960; baseline 0.009 -14"><span class='ocrx_word' id='word_1_386' title='bbox 436 4901 738 4946; x_wconf 79' lang='lat' dir='ltr'><strong>extremum</strong></span> <span class='ocrx_word' id='word_1_387' title='bbox 774 4893 893 4949; x_wconf 90' lang='lat' dir='ltr'><strong>sine</strong></span> <span class='ocrx_word' id='word_1_388' title='bbox 935 4906 1082 4950; x_wconf 89' lang='lat' dir='ltr'><strong>metu</strong></span> <span class='ocrx_word' id='word_1_389' title='bbox 1132 4906 1188 4952; x_wconf 90' lang='lat' dir='ltr'><strong>et</strong></span> <span class='ocrx_word' id='word_1_390' title='bbox 1233 4897 1433 4953; x_wconf 88' lang='lat' dir='ltr'><strong>damno</strong></span> <span class='ocrx_word' id='word_1_391' title='bbox 1475 4899 1816 4956; x_wconf 88' lang='lat' dir='ltr'><strong>accederent.</strong></span> <span class='ocrx_word' id='word_1_392' title='bbox 1847 4903 2030 4960; x_wconf 87' lang='lat' dir='ltr'><strong>Tunc-</strong></span> 
     </span>
    </p>
   </div>
   <div class='ocr_carea' id='block_1_53' title="bbox 434 4986 2035 5061">
    <p class='ocr_par' dir='ltr' id='par_1_53' title="bbox 434 4986 2035 5061">
     <span class='ocr_line' id='line_1_60' title="bbox 434 4986 2035 5061; baseline 0.007 -20"><span class='ocrx_word' id='word_1_393' title='bbox 434 5003 542 5057; x_wconf 90' lang='lat' dir='ltr'><strong>que</strong></span> <span class='ocrx_word' id='word_1_394' title='bbox 583 4996 868 5058; x_wconf 72' lang='lat' dir='ltr'><strong>surgcntcs</strong></span> <span class='ocrx_word' id='word_1_395' title='bbox 906 4986 1070 5042; x_wconf 87' lang='lat' dir='ltr'><strong>horas</strong></span> <span class='ocrx_word' id='word_1_396' title='bbox 1100 4991 1387 5044; x_wconf 88' lang='lat' dir='ltr'><strong>matutinas</strong></span> <span class='ocrx_word' id='word_1_397' title='bbox 1416 4992 1739 5061; x_wconf 90' lang='lat' dir='ltr'><strong>psallebant,</strong></span> <span class='ocrx_word' id='word_1_398' title='bbox 1788 5011 1885 5051; x_wconf 90' lang='lat' dir='ltr'><strong>nec</strong></span> <span class='ocrx_word' id='word_1_399' title='bbox 1914 5008 2035 5052; x_wconf 59' lang='lat' dir='ltr'><strong>mea</strong></span> 
     </span>
    </p>
   </div>
   <div class='ocr_carea' id='block_1_54' title="bbox 435 5079 2028 5157">
    <p class='ocr_par' dir='ltr' id='par_1_54' title="bbox 435 5079 2028 5157">
     <span class='ocr_line' id='line_1_61' title="bbox 435 5079 2028 5157; baseline 0.006 -22"><span class='ocrx_word' id='word_1_400' title='bbox 435 5079 559 5136; x_wconf 88' lang='lat' dir='ltr'><strong>dico</strong></span> <span class='ocrx_word' id='word_1_401' title='bbox 612 5081 665 5134; x_wconf 94' lang='lat' dir='ltr'><strong>iu</strong></span> <span class='ocrx_word' id='word_1_402' title='bbox 719 5080 802 5135; x_wconf 90' lang='lat' dir='ltr'><strong>his</strong></span> <span class='ocrx_word' id='word_1_403' title='bbox 842 5081 1031 5137; x_wconf 86' lang='lat' dir='ltr'><strong>officiis</strong></span> <span class='ocrx_word' id='word_1_404' title='bbox 1082 5085 1353 5154; x_wconf 82' lang='lat' dir='ltr'><strong>insumpta</strong></span> <span class='ocrx_word' id='word_1_405' title='bbox 1398 5095 1660 5157; x_wconf 85' lang='lat' dir='ltr'><strong>tempore,</strong></span> <span class='ocrx_word' id='word_1_406' title='bbox 1693 5090 1759 5144; x_wconf 93' lang='lat' dir='ltr'><strong>ad</strong></span> <span class='ocrx_word' id='word_1_407' title='bbox 1792 5090 2028 5146; x_wconf 88' lang='lat' dir='ltr'><strong>laborem</strong></span> 
     </span>
    </p>
   </div>
   <div class='ocr_carea' id='block_1_55' title="bbox 436 5173 2030 5250">
    <p class='ocr_par' dir='ltr' id='par_1_55' title="bbox 436 5173 2030 5250">
     <span class='ocr_line' id='line_1_62' title="bbox 436 5173 2030 5250; baseline 0.009 -24"><span class='ocrx_word' id='word_1_408' title='bbox 436 5188 694 5228; x_wconf 71' lang='lat' dir='ltr'><strong>manuum</strong></span> <span class='ocrx_word' id='word_1_409' title='bbox 728 5173 1108 5242; x_wconf 84' lang='lat' dir='ltr'><strong>properabant.</strong></span> <span class='ocrx_word' id='word_1_410' title='bbox 1147 5175 1284 5230; x_wconf 88' lang='lat' dir='ltr'><strong>Tum</strong></span> <span class='ocrx_word' id='word_1_411' title='bbox 1324 5176 1414 5231; x_wconf 86' lang='lat' dir='ltr'><strong>alii</strong></span> <span class='ocrx_word' id='word_1_412' title='bbox 1457 5188 1656 5234; x_wconf 91' lang='lat' dir='ltr'><strong>terram</strong></span> <span class='ocrx_word' id='word_1_413' title='bbox 1702 5180 1904 5250; x_wconf 85' lang='lat' dir='ltr'><strong>fodere,</strong></span> <span class='ocrx_word' id='word_1_414' title='bbox 1938 5185 2030 5241; x_wconf 90' lang='lat' dir='ltr'><strong>alii</strong></span> 
     </span>
    </p>
   </div>
   <div class='ocr_carea' id='block_1_56' title="bbox 435 5263 2031 5343">
    <p class='ocr_par' dir='ltr' id='par_1_56' title="bbox 435 5263 2031 5343">
     <span class='ocr_line' id='line_1_63' title="bbox 435 5263 2031 5343; baseline 0.009 -26"><span class='ocrx_word' id='word_1_415' title='bbox 435 5264 583 5320; x_wconf 89' lang='lat' dir='ltr'><strong>olera</strong></span> <span class='ocrx_word' id='word_1_416' title='bbox 625 5273 681 5319; x_wconf 93' lang='lat' dir='ltr'><strong>et</strong></span> <span class='ocrx_word' id='word_1_417' title='bbox 723 5263 995 5334; x_wconf 86' lang='lat' dir='ltr'><strong>legumina</strong></span> <span class='ocrx_word' id='word_1_418' title='bbox 1039 5280 1258 5333; x_wconf 88' lang='lat' dir='ltr'><strong>curare,</strong></span> <span class='ocrx_word' id='word_1_419' title='bbox 1309 5268 1399 5323; x_wconf 89' lang='lat' dir='ltr'><strong>alii</strong></span> <span class='ocrx_word' id='word_1_420' title='bbox 1439 5285 1631 5341; x_wconf 86' lang='lat' dir='ltr'><strong>aquam</strong></span> <span class='ocrx_word' id='word_1_421' title='bbox 1674 5285 1906 5343; x_wconf 80' lang='lat' dir='ltr'><strong>gestare,</strong></span> <span class='ocrx_word' id='word_1_422' title='bbox 1939 5277 2031 5332; x_wconf 89' lang='lat' dir='ltr'><strong>alii</strong></span> 
     </span>
    </p>
   </div>
   <div class='ocr_carea' id='block_1_57' title="bbox 436 5353 2033 5430">
    <p class='ocr_par' dir='ltr' id='par_1_57' title="bbox 436 5353 2033 5430">
     <span class='ocr_line' id='line_1_64' title="bbox 436 5353 2033 5430; baseline 0.011 -25"><span class='ocrx_word' id='word_1_423' title='bbox 436 5353 599 5409; x_wconf 88' lang='lat' dir='ltr'><strong>cistas</strong></span> <span class='ocrx_word' id='word_1_424' title='bbox 647 5367 703 5411; x_wconf 89' lang='lat' dir='ltr'><strong>et</strong></span> <span class='ocrx_word' id='word_1_425' title='bbox 758 5356 933 5412; x_wconf 89' lang='lat' dir='ltr'><strong>cilicia</strong></span> <span class='ocrx_word' id='word_1_426' title='bbox 988 5358 1198 5428; x_wconf 87' lang='lat' dir='ltr'><strong>aliaque</strong></span> <span class='ocrx_word' id='word_1_427' title='bbox 1253 5359 1557 5430; x_wconf 89' lang='lat' dir='ltr'><strong>hujusmodi</strong></span> <span class='ocrx_word' id='word_1_428' title='bbox 1613 5373 1801 5420; x_wconf 80' lang='lat' dir='ltr'><strong>texere</strong></span> <span class='ocrx_word' id='word_1_429' title='bbox 1858 5385 1872 5421; x_wconf 87' lang='lat'><strong>:</strong></span> <span class='ocrx_word' id='word_1_430' title='bbox 1930 5383 2033 5424; x_wconf 82' lang='lat' dir='ltr'><strong>nec</strong></span> 
     </span>
    </p>
   </div>
   <div class='ocr_carea' id='block_1_58' title="bbox 436 5441 2030 5518">
    <p class='ocr_par' dir='ltr' id='par_1_58' title="bbox 436 5441 2030 5518">
     <span class='ocr_line' id='line_1_65' title="bbox 436 5441 2030 5518; baseline 0.011 -23"><span class='ocrx_word' id='word_1_431' title='bbox 436 5441 661 5499; x_wconf 86' lang='lat' dir='ltr'><strong>deerant</strong></span> <span class='ocrx_word' id='word_1_432' title='bbox 708 5447 801 5518; x_wconf 85' lang='lat' dir='ltr'><strong>qui</strong></span> <span class='ocrx_word' id='word_1_433' title='bbox 858 5448 1010 5504; x_wconf 82' lang='lat' dir='ltr'><strong>libris</strong></span> <span class='ocrx_word' id='word_1_434' title='bbox 1055 5452 1355 5507; x_wconf 85' lang='lat' dir='ltr'><strong>scribendis</strong></span> <span class='ocrx_word' id='word_1_435' title='bbox 1410 5460 1464 5509; x_wconf 90' lang='lat' dir='ltr'><strong>et</strong></span> <span class='ocrx_word' id='word_1_436' title='bbox 1513 5455 1885 5511; x_wconf 84' lang='lat' dir='ltr'><strong>exscribcndis</strong></span> <span class='ocrx_word' id='word_1_437' title='bbox 1932 5459 2030 5513; x_wconf 85' lang='lat' dir='ltr'><strong>da-</strong></span> 
     </span>
    </p>
   </div>
   <div class='ocr_carea' id='block_1_59' title="bbox 434 5540 2029 5612">
    <p class='ocr_par' dir='ltr' id='par_1_59' title="bbox 434 5540 2029 5612">
     <span class='ocr_line' id='line_1_66' title="bbox 434 5540 2029 5612; baseline 0.011 -26"><span class='ocrx_word' id='word_1_438' title='bbox 434 5546 562 5588; x_wconf 79' lang='lat' dir='ltr'><strong>rent</strong></span> <span class='ocrx_word' id='word_1_439' title='bbox 590 5551 806 5605; x_wconf 83' lang='lat' dir='ltr'><strong>operam</strong></span> <span class='ocrx_word' id='word_1_440' title='bbox 842 5540 930 5612; x_wconf 83' lang='grc' dir='ltr'><strong>(Τ.</strong></span> <span class='ocrx_word' id='word_1_441' title='bbox 958 5542 1010 5596; x_wconf 88' lang='grc'><strong>7.</strong></span> <span class='ocrx_word' id='word_1_442' title='bbox 1043 5559 1090 5597; x_wconf 87' lang='lat' dir='ltr'><strong>c.</strong></span> <span class='ocrx_word' id='word_1_443' title='bbox 1123 5543 1248 5600; x_wconf 73' lang='grc'><strong>645.</strong></span> <span class='ocrx_word' id='word_1_444' title='bbox 1279 5562 1332 5597; x_wconf 88' lang='lat' dir='ltr'><strong>u.</strong></span> <span class='ocrx_word' id='word_1_445' title='bbox 1365 5546 1418 5599; x_wconf 79' lang='lat'><strong>5.</strong></span> <span class='ocrx_word' id='word_1_446' title='bbox 1449 5544 1574 5600; x_wconf 80' lang='lat'><strong>65!.</strong></span> <span class='ocrx_word' id='word_1_447' title='bbox 1609 5563 1659 5600; x_wconf 82' lang='grc' dir='ltr'><strong>η.</strong></span> <span class='ocrx_word' id='word_1_448' title='bbox 1707 5547 1758 5601; x_wconf 81' lang='grc'><strong>5.</strong></span> <span class='ocrx_word' id='word_1_449' title='bbox 1793 5549 1855 5602; x_wconf 91' lang='grc' dir='ltr'><strong>Τ.</strong></span> <span class='ocrx_word' id='word_1_450' title='bbox 1898 5553 1947 5605; x_wconf 80' lang='grc'><strong>1.</strong></span> <span class='ocrx_word' id='word_1_451' title='bbox 1980 5568 2029 5604; x_wconf 84' lang='lat' dir='ltr'><strong>c.-</strong></span> 
     </span>
    </p>
   </div>
   <div class='ocr_carea' id='block_1_60' title="bbox 441 5622 919 5697">
    <p class='ocr_par' dir='ltr' id='par_1_60' title="bbox 441 5622 919 5697">
     <span class='ocr_line' id='line_1_67' title="bbox 441 5622 919 5697; baseline 0.006 -20"><span class='ocrx_word' id='word_1_452' title='bbox 441 5622 565 5680; x_wconf 72' lang='grc'><strong>643.</strong></span> <span class='ocrx_word' id='word_1_453' title='bbox 587 5642 640 5678; x_wconf 82' lang='grc' dir='ltr'><strong>η.</strong></span> <span class='ocrx_word' id='word_1_454' title='bbox 669 5627 746 5697; x_wconf 83' lang='lat'><strong>&#39;5).</strong></span> <span class='ocrx_word' id='word_1_455' title='bbox 914 5654 919 5659; x_wconf 89' lang='lat'><strong><em>-</em></strong></span> 
     </span>
    </p>
   </div>
   <div class='ocr_carea' id='block_1_61' title="bbox 509 5718 2020 5798">
    <p class='ocr_par' dir='ltr' id='par_1_61' title="bbox 509 5718 2020 5798">
     <span class='ocr_line' id='line_1_68' title="bbox 509 5718 2020 5798; baseline 0.006 -24"><span class='ocrx_word' id='word_1_456' title='bbox 509 5718 722 5776; x_wconf 81' lang='lat' dir='ltr'><strong>Partem</strong></span> <span class='ocrx_word' id='word_1_457' title='bbox 793 5724 952 5777; x_wconf 82' lang='lat' dir='ltr'><strong>etiam</strong></span> <span class='ocrx_word' id='word_1_458' title='bbox 1019 5726 1399 5783; x_wconf 88' lang='lat' dir='ltr'><strong>matutinarum</strong></span> <span class='ocrx_word' id='word_1_459' title='bbox 1469 5725 1721 5781; x_wconf 84' lang='lat' dir='ltr'><strong>horarum</strong></span> <span class='ocrx_word' id='word_1_460' title='bbox 1785 5726 2020 5798; x_wconf 61' lang='lat' dir='ltr'><strong>ligondis</strong></span> 
     </span>
    </p>
   </div>
   <div class='ocr_carea' id='block_1_62' title="bbox 2148 440 3755 518">
    <p class='ocr_par' dir='ltr' id='par_1_62' title="bbox 2148 440 3755 518">
     <span class='ocr_line' id='line_1_69' title="bbox 2148 440 3755 518; baseline 0.004 -20"><span class='ocrx_word' id='word_1_461' title='bbox 2148 443 2205 498; x_wconf 88' lang='lat' dir='ltr'><strong>S.</strong></span> <span class='ocrx_word' id='word_1_462' title='bbox 2232 443 2520 512; x_wconf 70' lang='lat' dir='ltr'><strong>Scriptum</strong></span> <span class='ocrx_word' id='word_1_463' title='bbox 2548 442 2696 495; x_wconf 86' lang='lat' dir='ltr'><strong>libris</strong></span> <span class='ocrx_word' id='word_1_464' title='bbox 2723 440 3061 498; x_wconf 86' lang='lat' dir='ltr'><strong>insutuebaut</strong></span> <span class='ocrx_word' id='word_1_465' title='bbox 3085 485 3099 509; x_wconf 91' lang='lat'><strong>,</strong></span> <span class='ocrx_word' id='word_1_466' title='bbox 3133 442 3364 515; x_wconf 84' lang='lat' dir='ltr'><strong>Indeque</strong></span> <span class='ocrx_word' id='word_1_467' title='bbox 3389 446 3652 518; x_wconf 78' lang='lat' dir='ltr'><strong>quidquid</strong></span> <span class='ocrx_word' id='word_1_468' title='bbox 3688 452 3755 505; x_wconf 81' lang='lat' dir='ltr'><strong>ad</strong></span> 
     </span>
    </p>
   </div>
   <div class='ocr_carea' id='block_1_63' title="bbox 2150 532 3738 603">
    <p class='ocr_par' dir='ltr' id='par_1_63' title="bbox 2150 532 3738 603">
     <span class='ocr_line' id='line_1_70' title="bbox 2150 532 3738 603; baseline 0.004 -15"><span class='ocrx_word' id='word_1_469' title='bbox 2150 534 2437 588; x_wconf 89' lang='lat' dir='ltr'><strong>severioris</strong></span> <span class='ocrx_word' id='word_1_470' title='bbox 2487 532 2786 602; x_wconf 73' lang='lat' dir='ltr'><strong>disciplina:</strong></span> <span class='ocrx_word' id='word_1_471' title='bbox 2837 534 3005 603; x_wconf 86' lang='lat' dir='ltr'><strong>legem</strong></span> <span class='ocrx_word' id='word_1_472' title='bbox 3053 535 3343 603; x_wconf 73' lang='lat' dir='ltr'><strong>pertineret</strong></span> <span class='ocrx_word' id='word_1_473' title='bbox 3390 536 3738 595; x_wconf 81' lang='lat' dir='ltr'><strong>hauriebam.</strong></span> 
     </span>
    </p>
   </div>
   <div class='ocr_carea' id='block_1_64' title="bbox 2152 624 3751 695">
    <p class='ocr_par' dir='ltr' id='par_1_64' title="bbox 2152 624 3751 695">
     <span class='ocr_line' id='line_1_71' title="bbox 2152 624 3751 695; baseline 0.003 -15"><span class='ocrx_word' id='word_1_474' title='bbox 2152 624 2395 680; x_wconf 78' lang='lat' dir='ltr'><strong>Universi</strong></span> <span class='ocrx_word' id='word_1_475' title='bbox 2427 639 2609 695; x_wconf 86' lang='lat' dir='ltr'><strong>porro,</strong></span> <span class='ocrx_word' id='word_1_476' title='bbox 2643 633 2752 679; x_wconf 91' lang='lat' dir='ltr'><strong>tum</strong></span> <span class='ocrx_word' id='word_1_477' title='bbox 2783 625 2816 677; x_wconf 92' lang='lat' dir='ltr'><strong>ii</strong></span> <span class='ocrx_word' id='word_1_478' title='bbox 2846 624 2933 694; x_wconf 88' lang='lat' dir='ltr'><strong>qui</strong></span> <span class='ocrx_word' id='word_1_479' title='bbox 2958 626 3269 682; x_wconf 72' lang='lat' dir='ltr'><strong>excolenda:</strong></span> <span class='ocrx_word' id='word_1_480' title='bbox 3300 636 3462 682; x_wconf 75' lang='lat' dir='ltr'><strong>terra:</strong></span> <span class='ocrx_word' id='word_1_481' title='bbox 3488 632 3751 685; x_wconf 78' lang='lat' dir='ltr'><strong>exercitio</strong></span> 
     </span>
    </p>
   </div>
   <div class='ocr_carea' id='block_1_65' title="bbox 2149 715 3748 787">
    <p class='ocr_par' dir='ltr' id='par_1_65' title="bbox 2149 715 3748 787">
     <span class='ocr_line' id='line_1_72' title="bbox 2149 715 3748 787; baseline 0.005 -16"><span class='ocrx_word' id='word_1_482' title='bbox 2149 730 2269 772; x_wconf 88' lang='lat' dir='ltr'><strong>sese</strong></span> <span class='ocrx_word' id='word_1_483' title='bbox 2296 715 2574 779; x_wconf 90' lang='lat' dir='ltr'><strong>dederant,</strong></span> <span class='ocrx_word' id='word_1_484' title='bbox 2618 725 2730 771; x_wconf 88' lang='lat' dir='ltr'><strong>tum</strong></span> <span class='ocrx_word' id='word_1_485' title='bbox 2768 716 2860 771; x_wconf 89' lang='lat' dir='ltr'><strong>alii</strong></span> <span class='ocrx_word' id='word_1_486' title='bbox 2901 718 2989 787; x_wconf 91' lang='lat' dir='ltr'><strong>qui</strong></span> <span class='ocrx_word' id='word_1_487' title='bbox 3036 718 3091 771; x_wconf 91' lang='lat' dir='ltr'><strong>in</strong></span> <span class='ocrx_word' id='word_1_488' title='bbox 3131 719 3341 775; x_wconf 88' lang='lat' dir='ltr'><strong>cellulis</strong></span> <span class='ocrx_word' id='word_1_489' title='bbox 3382 721 3498 775; x_wconf 90' lang='lat' dir='ltr'><strong>suis</strong></span> <span class='ocrx_word' id='word_1_490' title='bbox 3530 726 3748 780; x_wconf 79' lang='lat' dir='ltr'><strong>texendi</strong></span> 
     </span>
    </p>
   </div>
   <div class='ocr_carea' id='block_1_66' title="bbox 2150 805 3749 881">
    <p class='ocr_par' dir='ltr' id='par_1_66' title="bbox 2150 805 3749 881">
     <span class='ocr_line' id='line_1_73' title="bbox 2150 805 3749 881; baseline 0.004 -20"><span class='ocrx_word' id='word_1_491' title='bbox 2150 806 2234 861; x_wconf 89' lang='lat' dir='ltr'><strong>vel</strong></span> <span class='ocrx_word' id='word_1_492' title='bbox 2263 806 2558 861; x_wconf 91' lang='lat' dir='ltr'><strong>consuendi</strong></span> <span class='ocrx_word' id='word_1_493' title='bbox 2589 805 2822 863; x_wconf 88' lang='lat' dir='ltr'><strong>officium</strong></span> <span class='ocrx_word' id='word_1_494' title='bbox 2860 808 3210 880; x_wconf 78' lang='lat' dir='ltr'><strong>peragebant,</strong></span> <span class='ocrx_word' id='word_1_495' title='bbox 3244 819 3505 881; x_wconf 88' lang='lat' dir='ltr'><strong>perpetuo</strong></span> <span class='ocrx_word' id='word_1_496' title='bbox 3528 813 3749 869; x_wconf 90' lang='lat' dir='ltr'><strong>silentio</strong></span> 
     </span>
    </p>
   </div>
   <div class='ocr_carea' id='block_1_67' title="bbox 2147 897 2553 954">
    <p class='ocr_par' dir='ltr' id='par_1_67' title="bbox 2147 897 2553 954">
     <span class='ocr_line' id='line_1_74' title="bbox 2147 897 2553 954; baseline -0.005 0"><span class='ocrx_word' id='word_1_497' title='bbox 2147 897 2347 954; x_wconf 87' lang='lat' dir='ltr'><strong>addicti</strong></span> <span class='ocrx_word' id='word_1_498' title='bbox 2375 906 2553 953; x_wconf 90' lang='lat' dir='ltr'><strong>erant.</strong></span> 
     </span>
    </p>
   </div>
   <div class='ocr_carea' id='block_1_68' title="bbox 2220 987 3747 1063">
    <p class='ocr_par' dir='ltr' id='par_1_68' title="bbox 2220 987 3747 1063">
     <span class='ocr_line' id='line_1_75' title="bbox 2220 987 3747 1063; baseline 0.005 -20"><span class='ocrx_word' id='word_1_499' title='bbox 2220 987 2278 1044; x_wconf 89' lang='lat' dir='ltr'><strong>Si</strong></span> <span class='ocrx_word' id='word_1_500' title='bbox 2305 999 2481 1044; x_wconf 84' lang='lat' dir='ltr'><strong>tamen</strong></span> <span class='ocrx_word' id='word_1_501' title='bbox 2505 988 2791 1045; x_wconf 69' lang='lat' dir='ltr'><strong>saeculares</strong></span> <span class='ocrx_word' id='word_1_502' title='bbox 2811 989 2994 1062; x_wconf 87' lang='lat' dir='ltr'><strong>aliqui,</strong></span> <span class='ocrx_word' id='word_1_503' title='bbox 3026 999 3133 1046; x_wconf 88' lang='lat' dir='ltr'><strong>tam</strong></span> <span class='ocrx_word' id='word_1_504' title='bbox 3165 1001 3371 1048; x_wconf 64' lang='lat' dir='ltr'><strong>sanctae</strong></span> <span class='ocrx_word' id='word_1_505' title='bbox 3392 1036 3408 1063; x_wconf 92' lang='lat'><strong>,</strong></span> <span class='ocrx_word' id='word_1_506' title='bbox 3442 1002 3553 1049; x_wconf 89' lang='lat' dir='ltr'><strong>tam</strong></span> <span class='ocrx_word' id='word_1_507' title='bbox 3583 1005 3747 1051; x_wconf 66' lang='lat' dir='ltr'><strong>arctte</strong></span> 
     </span>
    </p>
   </div>
   <div class='ocr_carea' id='block_1_69' title="bbox 2148 1078 3741 1153">
    <p class='ocr_par' dir='ltr' id='par_1_69' title="bbox 2148 1078 3741 1153">
     <span class='ocr_line' id='line_1_76' title="bbox 2148 1078 3741 1153; baseline 0.006 -21"><span class='ocrx_word' id='word_1_508' title='bbox 2148 1078 2273 1134; x_wconf 78' lang='lat' dir='ltr'><strong>vita:</strong></span> <span class='ocrx_word' id='word_1_509' title='bbox 2312 1079 2452 1134; x_wconf 89' lang='lat' dir='ltr'><strong>fama</strong></span> <span class='ocrx_word' id='word_1_510' title='bbox 2491 1080 2741 1149; x_wconf 89' lang='lat' dir='ltr'><strong>permoti,</strong></span> <span class='ocrx_word' id='word_1_511' title='bbox 2783 1080 2850 1135; x_wconf 92' lang='lat' dir='ltr'><strong>ad</strong></span> <span class='ocrx_word' id='word_1_512' title='bbox 2886 1081 3107 1138; x_wconf 89' lang='lat' dir='ltr'><strong>cellulas</strong></span> <span class='ocrx_word' id='word_1_513' title='bbox 3152 1099 3337 1138; x_wconf 89' lang='lat' dir='ltr'><strong>eorum</strong></span> <span class='ocrx_word' id='word_1_514' title='bbox 3384 1086 3741 1153; x_wconf 88' lang='lat' dir='ltr'><strong>accederent;</strong></span> 
     </span>
    </p>
   </div>
   <div class='ocr_carea' id='block_1_70' title="bbox 2150 1168 3745 1247">
    <p class='ocr_par' dir='ltr' id='par_1_70' title="bbox 2150 1168 3745 1247">
     <span class='ocr_line' id='line_1_77' title="bbox 2150 1168 3745 1247; baseline 0.006 -24"><span class='ocrx_word' id='word_1_515' title='bbox 2150 1184 2255 1224; x_wconf 93' lang='lat' dir='ltr'><strong>non</strong></span> <span class='ocrx_word' id='word_1_516' title='bbox 2293 1168 2405 1240; x_wconf 89' lang='lat' dir='ltr'><strong>jam</strong></span> <span class='ocrx_word' id='word_1_517' title='bbox 2443 1170 2691 1226; x_wconf 88' lang='lat' dir='ltr'><strong>tacebant</strong></span> <span class='ocrx_word' id='word_1_518' title='bbox 2723 1171 2818 1237; x_wconf 91' lang='lat' dir='ltr'><strong>illi,</strong></span> <span class='ocrx_word' id='word_1_519' title='bbox 2860 1172 2954 1229; x_wconf 91' lang='lat' dir='ltr'><strong>sed</strong></span> <span class='ocrx_word' id='word_1_520' title='bbox 2989 1173 3058 1229; x_wconf 90' lang='lat' dir='ltr'><strong>de</strong></span> <span class='ocrx_word' id='word_1_521' title='bbox 3099 1174 3164 1230; x_wconf 91' lang='lat' dir='ltr'><strong>iis</strong></span> <span class='ocrx_word' id='word_1_522' title='bbox 3189 1191 3310 1246; x_wconf 88' lang='lat' dir='ltr'><strong>quae</strong></span> <span class='ocrx_word' id='word_1_523' title='bbox 3351 1175 3417 1231; x_wconf 89' lang='lat' dir='ltr'><strong>ad</strong></span> <span class='ocrx_word' id='word_1_524' title='bbox 3461 1179 3745 1247; x_wconf 69' lang='lat' dir='ltr'><strong>praesentis</strong></span> 
     </span>
    </p>
   </div>
   <div class='ocr_carea' id='block_1_71' title="bbox 2148 1260 3743 1334">
    <p class='ocr_par' dir='ltr' id='par_1_71' title="bbox 2148 1260 3743 1334">
     <span class='ocr_line' id='line_1_78' title="bbox 2148 1260 3743 1334; baseline 0.006 -20"><span class='ocrx_word' id='word_1_525' title='bbox 2148 1260 2271 1314; x_wconf 78' lang='lat' dir='ltr'><strong>vita:</strong></span> <span class='ocrx_word' id='word_1_526' title='bbox 2302 1270 2664 1331; x_wconf 91' lang='lat' dir='ltr'><strong>contemptum</strong></span> <span class='ocrx_word' id='word_1_527' title='bbox 2688 1270 2744 1317; x_wconf 92' lang='lat' dir='ltr'><strong>et</strong></span> <span class='ocrx_word' id='word_1_528' title='bbox 2776 1262 2965 1319; x_wconf 81' lang='lat' dir='ltr'><strong>futurae</strong></span> <span class='ocrx_word' id='word_1_529' title='bbox 2994 1263 3269 1334; x_wconf 69' lang='lat' dir='ltr'><strong>beatzeque</strong></span> <span class='ocrx_word' id='word_1_530' title='bbox 3283 1264 3610 1321; x_wconf 89' lang='lat' dir='ltr'><strong>desiderium</strong></span> <span class='ocrx_word' id='word_1_531' title='bbox 3631 1269 3743 1323; x_wconf 86' lang='lat' dir='ltr'><strong>alli-</strong></span> 
     </span>
    </p>
   </div>
   <div class='ocr_carea' id='block_1_72' title="bbox 2149 1352 3742 1421">
    <p class='ocr_par' dir='ltr' id='par_1_72' title="bbox 2149 1352 3742 1421">
     <span class='ocr_line' id='line_1_79' title="bbox 2149 1352 3742 1421; baseline 0.006 -15"><span class='ocrx_word' id='word_1_532' title='bbox 2149 1365 2275 1406; x_wconf 87' lang='lat' dir='ltr'><strong>cere</strong></span> <span class='ocrx_word' id='word_1_533' title='bbox 2317 1361 2562 1421; x_wconf 87' lang='lat' dir='ltr'><strong>poterant</strong></span> <span class='ocrx_word' id='word_1_534' title='bbox 2591 1352 2731 1408; x_wconf 86' lang='lat' dir='ltr'><strong>haud</strong></span> <span class='ocrx_word' id='word_1_535' title='bbox 2772 1353 3039 1409; x_wconf 89' lang='lat' dir='ltr'><strong>illibentcr</strong></span> <span class='ocrx_word' id='word_1_536' title='bbox 3079 1356 3241 1411; x_wconf 87' lang='lat' dir='ltr'><strong>verba</strong></span> <span class='ocrx_word' id='word_1_537' title='bbox 3268 1355 3554 1412; x_wconf 88' lang='lat' dir='ltr'><strong>faciebant.</strong></span> <span class='ocrx_word' id='word_1_538' title='bbox 3589 1356 3742 1415; x_wconf 86' lang='lat' dir='ltr'><strong>Unde</strong></span> 
     </span>
    </p>
   </div>
   <div class='ocr_carea' id='block_1_73' title="bbox 2149 1442 3740 1517">
    <p class='ocr_par' dir='ltr' id='par_1_73' title="bbox 2149 1442 3740 1517">
     <span class='ocr_line' id='line_1_80' title="bbox 2149 1442 3740 1517; baseline 0.008 -21"><span class='ocrx_word' id='word_1_539' title='bbox 2149 1442 2416 1497; x_wconf 89' lang='lat' dir='ltr'><strong>interdum</strong></span> <span class='ocrx_word' id='word_1_540' title='bbox 2462 1443 2761 1511; x_wconf 87' lang='lat' dir='ltr'><strong>accidebat,</strong></span> <span class='ocrx_word' id='word_1_541' title='bbox 2807 1456 2866 1502; x_wconf 93' lang='lat' dir='ltr'><strong>ut</strong></span> <span class='ocrx_word' id='word_1_542' title='bbox 2910 1446 2946 1500; x_wconf 88' lang='lat' dir='ltr'><strong>ii</strong></span> <span class='ocrx_word' id='word_1_543' title='bbox 2991 1447 3082 1517; x_wconf 92' lang='lat' dir='ltr'><strong>qui</strong></span> <span class='ocrx_word' id='word_1_544' title='bbox 3127 1447 3228 1502; x_wconf 87' lang='lat' dir='ltr'><strong>hos</strong></span> <span class='ocrx_word' id='word_1_545' title='bbox 3276 1448 3542 1504; x_wconf 87' lang='lat' dir='ltr'><strong>invisendi</strong></span> <span class='ocrx_word' id='word_1_546' title='bbox 3580 1466 3740 1508; x_wconf 77' lang='lat' dir='ltr'><strong>causa</strong></span> 
     </span>
    </p>
   </div>
   <div class='ocr_carea' id='block_1_74' title="bbox 2149 1535 3739 1612">
    <p class='ocr_par' dir='ltr' id='par_1_74' title="bbox 2149 1535 3739 1612">
     <span class='ocr_line' id='line_1_81' title="bbox 2149 1535 3739 1612; baseline 0.006 -25"><span class='ocrx_word' id='word_1_547' title='bbox 2149 1539 2355 1587; x_wconf 90' lang='lat' dir='ltr'><strong>tantum</strong></span> <span class='ocrx_word' id='word_1_548' title='bbox 2398 1544 2679 1601; x_wconf 87' lang='lat' dir='ltr'><strong>venerant,</strong></span> <span class='ocrx_word' id='word_1_549' title='bbox 2723 1535 2816 1590; x_wconf 92' lang='lat' dir='ltr'><strong>illo</strong></span> <span class='ocrx_word' id='word_1_550' title='bbox 2857 1536 3089 1606; x_wconf 89' lang='lat' dir='ltr'><strong>perculsi</strong></span> <span class='ocrx_word' id='word_1_551' title='bbox 3130 1540 3462 1608; x_wconf 80' lang='lat' dir='ltr'><strong>spectaculo,</strong></span> <span class='ocrx_word' id='word_1_552' title='bbox 3506 1539 3739 1612; x_wconf 88' lang='lat' dir='ltr'><strong>idipsum</strong></span> 
     </span>
    </p>
   </div>
   <div class='ocr_carea' id='block_1_75' title="bbox 2146 1623 2965 1697">
    <p class='ocr_par' dir='ltr' id='par_1_75' title="bbox 2146 1623 2965 1697">
     <span class='ocr_line' id='line_1_82' title="bbox 2146 1623 2965 1697; baseline 0.004 -19"><span class='ocrx_word' id='word_1_553' title='bbox 2146 1623 2271 1678; x_wconf 68' lang='lat' dir='ltr'><strong>vitae</strong></span> <span class='ocrx_word' id='word_1_554' title='bbox 2297 1639 2466 1695; x_wconf 87' lang='lat' dir='ltr'><strong>genus</strong></span> <span class='ocrx_word' id='word_1_555' title='bbox 2492 1625 2965 1697; x_wconf 88' lang='lat' dir='ltr'><strong>amplecterentur.</strong></span> 
     </span>
    </p>
   </div>
   <div class='ocr_carea' id='block_1_76' title="bbox 2220 1714 3734 1794">
    <p class='ocr_par' dir='ltr' id='par_1_76' title="bbox 2220 1714 3734 1794">
     <span class='ocr_line' id='line_1_83' title="bbox 2220 1714 3734 1794; baseline 0.007 -25"><span class='ocrx_word' id='word_1_556' title='bbox 2220 1714 2346 1771; x_wconf 91' lang='lat' dir='ltr'><strong>Dies</strong></span> <span class='ocrx_word' id='word_1_557' title='bbox 2380 1716 2435 1770; x_wconf 84' lang='lat' dir='ltr'><strong>lu</strong></span> <span class='ocrx_word' id='word_1_558' title='bbox 2467 1723 2646 1786; x_wconf 89' lang='lat' dir='ltr'><strong>partes</strong></span> <span class='ocrx_word' id='word_1_559' title='bbox 2677 1727 2905 1789; x_wconf 83' lang='lat' dir='ltr'><strong>quatuor</strong></span> <span class='ocrx_word' id='word_1_560' title='bbox 2936 1718 3216 1776; x_wconf 87' lang='lat' dir='ltr'><strong>distributa</strong></span> <span class='ocrx_word' id='word_1_561' title='bbox 3256 1721 3396 1792; x_wconf 86' lang='lat' dir='ltr'><strong>apud</strong></span> <span class='ocrx_word' id='word_1_562' title='bbox 3433 1722 3553 1778; x_wconf 87' lang='lat' dir='ltr'><strong>lllos</strong></span> <span class='ocrx_word' id='word_1_563' title='bbox 3583 1736 3734 1794; x_wconf 84' lang='lat' dir='ltr'><strong>erat;</strong></span> 
     </span>
    </p>
   </div>
   <div class='ocr_carea' id='block_1_77' title="bbox 2146 1804 3733 1881">
    <p class='ocr_par' dir='ltr' id='par_1_77' title="bbox 2146 1804 3733 1881">
     <span class='ocr_line' id='line_1_84' title="bbox 2146 1804 3733 1881; baseline 0.008 -23"><span class='ocrx_word' id='word_1_564' title='bbox 2146 1804 2371 1875; x_wconf 76' lang='lat' dir='ltr'><strong>singula:</strong></span> <span class='ocrx_word' id='word_1_565' title='bbox 2415 1821 2544 1861; x_wconf 91' lang='lat' dir='ltr'><strong>vero</strong></span> <span class='ocrx_word' id='word_1_566' title='bbox 2584 1817 2764 1877; x_wconf 91' lang='lat' dir='ltr'><strong>partes</strong></span> <span class='ocrx_word' id='word_1_567' title='bbox 2815 1808 3001 1864; x_wconf 90' lang='lat' dir='ltr'><strong>divino</strong></span> <span class='ocrx_word' id='word_1_568' title='bbox 3022 1810 3222 1866; x_wconf 60' lang='lat' dir='ltr'><strong>aofficio</strong></span> <span class='ocrx_word' id='word_1_569' title='bbox 3274 1814 3733 1881; x_wconf 88' lang='lat' dir='ltr'><strong>terminabantur;</strong></span> 
     </span>
    </p>
   </div>
   <div class='ocr_carea' id='block_1_78' title="bbox 2145 1891 3734 1973">
    <p class='ocr_par' dir='ltr' id='par_1_78' title="bbox 2145 1891 3734 1973">
     <span class='ocr_line' id='line_1_85' title="bbox 2145 1891 3734 1973; baseline 0.009 -25"><span class='ocrx_word' id='word_1_570' title='bbox 2145 1891 2326 1949; x_wconf 87' lang='lat' dir='ltr'><strong>Tertia</strong></span> <span class='ocrx_word' id='word_1_571' title='bbox 2353 1911 2569 1967; x_wconf 91' lang='lat' dir='ltr'><strong>nempe,</strong></span> <span class='ocrx_word' id='word_1_572' title='bbox 2599 1895 2782 1965; x_wconf 82' lang='lat' dir='ltr'><strong>Sexta,</strong></span> <span class='ocrx_word' id='word_1_573' title='bbox 2809 1898 2957 1954; x_wconf 72' lang='lat' dir='ltr'><strong>l‘loua</strong></span> <span class='ocrx_word' id='word_1_574' title='bbox 2983 1909 3038 1955; x_wconf 91' lang='lat' dir='ltr'><strong>et</strong></span> <span class='ocrx_word' id='word_1_575' title='bbox 3063 1900 3334 1970; x_wconf 82' lang='lat' dir='ltr'><strong>Vesperis,</strong></span> <span class='ocrx_word' id='word_1_576' title='bbox 3358 1919 3479 1973; x_wconf 75' lang='lat' dir='ltr'><strong>quae</strong></span> <span class='ocrx_word' id='word_1_577' title='bbox 3507 1906 3734 1962; x_wconf 82' lang='lat' dir='ltr'><strong>alternis</strong></span> 
     </span>
    </p>
   </div>
   <div class='ocr_carea' id='block_1_79' title="bbox 2144 1984 3733 2066">
    <p class='ocr_par' dir='ltr' id='par_1_79' title="bbox 2144 1984 3733 2066">
     <span class='ocr_line' id='line_1_86' title="bbox 2144 1984 3733 2066; baseline 0.006 -26"><span class='ocrx_word' id='word_1_578' title='bbox 2144 1984 2323 2041; x_wconf 88' lang='lat' dir='ltr'><strong>choris</strong></span> <span class='ocrx_word' id='word_1_579' title='bbox 2374 1987 2702 2057; x_wconf 85' lang='lat' dir='ltr'><strong>psalmorum</strong></span> <span class='ocrx_word' id='word_1_580' title='bbox 2756 1997 2917 2045; x_wconf 91' lang='lat' dir='ltr'><strong>cantu</strong></span> <span class='ocrx_word' id='word_1_581' title='bbox 2965 1990 3394 2047; x_wconf 88' lang='lat' dir='ltr'><strong>celebrabantur.</strong></span> <span class='ocrx_word' id='word_1_582' title='bbox 3444 1993 3733 2066; x_wconf 89' lang='lat' dir='ltr'><strong>Postquam</strong></span> 
     </span>
    </p>
   </div>
   <div class='ocr_carea' id='block_1_80' title="bbox 2144 2079 3728 2152">
    <p class='ocr_par' dir='ltr' id='par_1_80' title="bbox 2144 2079 3728 2152">
     <span class='ocr_line' id='line_1_87' title="bbox 2144 2079 3728 2152; baseline 0.006 -19"><span class='ocrx_word' id='word_1_583' title='bbox 2144 2092 2276 2134; x_wconf 81' lang='lat' dir='ltr'><strong>vero</strong></span> <span class='ocrx_word' id='word_1_584' title='bbox 2298 2079 2490 2149; x_wconf 85' lang='lat' dir='ltr'><strong>jejuni,</strong></span> <span class='ocrx_word' id='word_1_585' title='bbox 2508 2079 2650 2135; x_wconf 90' lang='lat' dir='ltr'><strong>diem</strong></span> <span class='ocrx_word' id='word_1_586' title='bbox 2678 2089 2846 2135; x_wconf 93' lang='lat' dir='ltr'><strong>totum</strong></span> <span class='ocrx_word' id='word_1_587' title='bbox 2877 2081 2929 2137; x_wconf 92' lang='lat' dir='ltr'><strong>in</strong></span> <span class='ocrx_word' id='word_1_588' title='bbox 2952 2082 3223 2152; x_wconf 88' lang='lat' dir='ltr'><strong>precibus,</strong></span> <span class='ocrx_word' id='word_1_589' title='bbox 3246 2083 3432 2141; x_wconf 87' lang='lat' dir='ltr'><strong>labore</strong></span> <span class='ocrx_word' id='word_1_590' title='bbox 3455 2098 3728 2152; x_wconf 86' lang='lat' dir='ltr'><strong>manuum.</strong></span> 
     </span>
    </p>
   </div>
   <div class='ocr_carea' id='block_1_81' title="bbox 2145 2171 3731 2245">
    <p class='ocr_par' dir='ltr' id='par_1_81' title="bbox 2145 2171 3731 2245">
     <span class='ocr_line' id='line_1_88' title="bbox 2145 2171 3731 2245; baseline 0.006 -21"><span class='ocrx_word' id='word_1_591' title='bbox 2145 2171 2387 2241; x_wconf 86' lang='lat' dir='ltr'><strong>psalmis,</strong></span> <span class='ocrx_word' id='word_1_592' title='bbox 2434 2185 2588 2227; x_wconf 88' lang='lat' dir='ltr'><strong>sacra</strong></span> <span class='ocrx_word' id='word_1_593' title='bbox 2627 2172 2857 2229; x_wconf 89' lang='lat' dir='ltr'><strong>lectione</strong></span> <span class='ocrx_word' id='word_1_594' title='bbox 2897 2183 3288 2245; x_wconf 87' lang='lat' dir='ltr'><strong>trausegerant,</strong></span> <span class='ocrx_word' id='word_1_595' title='bbox 3322 2176 3388 2231; x_wconf 90' lang='lat' dir='ltr'><strong>ad</strong></span> <span class='ocrx_word' id='word_1_596' title='bbox 3417 2178 3596 2231; x_wconf 90' lang='lat' dir='ltr'><strong>cibum</strong></span> <span class='ocrx_word' id='word_1_597' title='bbox 3639 2195 3731 2233; x_wconf 87' lang='lat' dir='ltr'><strong>su-</strong></span> 
     </span>
    </p>
   </div>
   <div class='ocr_carea' id='block_1_82' title="bbox 2145 2262 3731 2336">
    <p class='ocr_par' dir='ltr' id='par_1_82' title="bbox 2145 2262 3731 2336">
     <span class='ocr_line' id='line_1_89' title="bbox 2145 2262 3731 2336; baseline 0.006 -20"><span class='ocrx_word' id='word_1_598' title='bbox 2145 2262 2397 2317; x_wconf 87' lang='lat' dir='ltr'><strong>mendum</strong></span> <span class='ocrx_word' id='word_1_599' title='bbox 2419 2262 2634 2318; x_wconf 87' lang='lat' dir='ltr'><strong>tandem</strong></span> <span class='ocrx_word' id='word_1_600' title='bbox 2654 2263 3061 2320; x_wconf 86' lang='lat' dir='ltr'><strong>conveniebant.</strong></span> <span class='ocrx_word' id='word_1_601' title='bbox 3080 2265 3261 2320; x_wconf 77' lang='lat' dir='ltr'><strong>Ctenze</strong></span> <span class='ocrx_word' id='word_1_602' title='bbox 3279 2276 3571 2336; x_wconf 89' lang='lat' dir='ltr'><strong>apparatus</strong></span> <span class='ocrx_word' id='word_1_603' title='bbox 3593 2277 3731 2325; x_wconf 82' lang='lat' dir='ltr'><strong>totus</strong></span> 
     </span>
    </p>
   </div>
   <div class='ocr_carea' id='block_1_83' title="bbox 2144 2353 3730 2425">
    <p class='ocr_par' dir='ltr' id='par_1_83' title="bbox 2144 2353 3730 2425">
     <span class='ocr_line' id='line_1_90' title="bbox 2144 2353 3730 2425; baseline 0.003 -16"><span class='ocrx_word' id='word_1_604' title='bbox 2144 2359 2263 2409; x_wconf 84' lang='lat' dir='ltr'><strong>erat</strong></span> <span class='ocrx_word' id='word_1_605' title='bbox 2299 2353 2451 2423; x_wconf 91' lang='lat' dir='ltr'><strong>panis</strong></span> <span class='ocrx_word' id='word_1_606' title='bbox 2476 2367 2601 2409; x_wconf 85' lang='lat' dir='ltr'><strong>cum</strong></span> <span class='ocrx_word' id='word_1_607' title='bbox 2638 2353 2780 2421; x_wconf 81' lang='lat' dir='ltr'><strong>sale,</strong></span> <span class='ocrx_word' id='word_1_608' title='bbox 2815 2354 2979 2425; x_wconf 89' lang='lat' dir='ltr'><strong>aliqui</strong></span> <span class='ocrx_word' id='word_1_609' title='bbox 3013 2355 3190 2410; x_wconf 88' lang='lat' dir='ltr'><strong>oleum</strong></span> <span class='ocrx_word' id='word_1_610' title='bbox 3230 2356 3527 2423; x_wconf 88' lang='lat' dir='ltr'><strong>addebant,</strong></span> <span class='ocrx_word' id='word_1_611' title='bbox 3575 2371 3730 2414; x_wconf 83' lang='lat' dir='ltr'><strong>senes</strong></span> 
     </span>
    </p>
   </div>
   <div class='ocr_carea' id='block_1_84' title="bbox 2144 2444 3727 2519">
    <p class='ocr_par' dir='ltr' id='par_1_84' title="bbox 2144 2444 3727 2519">
     <span class='ocr_line' id='line_1_91' title="bbox 2144 2444 3727 2519; baseline 0.002 -20"><span class='ocrx_word' id='word_1_612' title='bbox 2144 2452 2323 2500; x_wconf 82' lang='lat' dir='ltr'><strong>autem</strong></span> <span class='ocrx_word' id='word_1_613' title='bbox 2365 2453 2420 2499; x_wconf 91' lang='lat' dir='ltr'><strong>et</strong></span> <span class='ocrx_word' id='word_1_614' title='bbox 2456 2444 2781 2501; x_wconf 82' lang='lat' dir='ltr'><strong>infirmiores</strong></span> <span class='ocrx_word' id='word_1_615' title='bbox 2823 2445 2971 2501; x_wconf 90' lang='lat' dir='ltr'><strong>olera</strong></span> <span class='ocrx_word' id='word_1_616' title='bbox 3013 2446 3100 2501; x_wconf 88' lang='lat' dir='ltr'><strong>vel</strong></span> <span class='ocrx_word' id='word_1_617' title='bbox 3140 2447 3404 2518; x_wconf 80' lang='lat' dir='ltr'><strong>legumina</strong></span> <span class='ocrx_word' id='word_1_618' title='bbox 3444 2466 3458 2502; x_wconf 89' lang='lat'>:</span> <span class='ocrx_word' id='word_1_619' title='bbox 3498 2463 3639 2519; x_wconf 83' lang='lat' dir='ltr'><strong>aqua</strong></span> <span class='ocrx_word' id='word_1_620' title='bbox 3678 2451 3727 2503; x_wconf 86' lang='lat' dir='ltr'><strong>in</strong></span> 
     </span>
    </p>
   </div>
   <div class='ocr_carea' id='block_1_85' title="bbox 2145 2535 3725 2608">
    <p class='ocr_par' dir='ltr' id='par_1_85' title="bbox 2145 2535 3725 2608">
     <span class='ocr_line' id='line_1_92' title="bbox 2145 2535 3725 2608; baseline 0.003 -17"><span class='ocrx_word' id='word_1_621' title='bbox 2145 2544 2329 2606; x_wconf 89' lang='lat' dir='ltr'><strong>potum</strong></span> <span class='ocrx_word' id='word_1_622' title='bbox 2371 2535 2504 2592; x_wconf 86' lang='lat' dir='ltr'><strong>satis</strong></span> <span class='ocrx_word' id='word_1_623' title='bbox 2548 2544 2684 2593; x_wconf 81' lang='lat' dir='ltr'><strong>erat.</strong></span> <span class='ocrx_word' id='word_1_624' title='bbox 2728 2535 2858 2591; x_wconf 91' lang='lat' dir='ltr'><strong>Post</strong></span> <span class='ocrx_word' id='word_1_625' title='bbox 2898 2550 3106 2593; x_wconf 61' lang='lat' dir='ltr'><strong>caenam</strong></span> <span class='ocrx_word' id='word_1_626' title='bbox 3152 2538 3282 2592; x_wconf 86' lang='lat' dir='ltr'><strong>fusis</strong></span> <span class='ocrx_word' id='word_1_627' title='bbox 3326 2538 3575 2608; x_wconf 88' lang='lat' dir='ltr'><strong>precibus</strong></span> <span class='ocrx_word' id='word_1_628' title='bbox 3618 2540 3725 2595; x_wconf 86' lang='lat' dir='ltr'><strong>Deo</strong></span> 
     </span>
    </p>
   </div>
   <div class='ocr_carea' id='block_1_86' title="bbox 2142 2627 3723 2700">
    <p class='ocr_par' dir='ltr' id='par_1_86' title="bbox 2142 2627 3723 2700">
     <span class='ocr_line' id='line_1_93' title="bbox 2142 2627 3723 2700; baseline 0.004 -18"><span class='ocrx_word' id='word_1_629' title='bbox 2142 2628 2341 2698; x_wconf 79' lang='lat' dir='ltr'><strong>gratias</strong></span> <span class='ocrx_word' id='word_1_630' title='bbox 2365 2627 2614 2699; x_wconf 81' lang='lat' dir='ltr'><strong>agebant,</strong></span> <span class='ocrx_word' id='word_1_631' title='bbox 2642 2629 2940 2700; x_wconf 78' lang='lat' dir='ltr'><strong>exindeque</strong></span> <span class='ocrx_word' id='word_1_632' title='bbox 2968 2630 3219 2686; x_wconf 89' lang='lat' dir='ltr'><strong>sedentes</strong></span> <span class='ocrx_word' id='word_1_633' title='bbox 3242 2644 3350 2686; x_wconf 81' lang='lat' dir='ltr'><strong>una</strong></span> <span class='ocrx_word' id='word_1_634' title='bbox 3379 2630 3446 2686; x_wconf 91' lang='lat' dir='ltr'><strong>de</strong></span> <span class='ocrx_word' id='word_1_635' title='bbox 3471 2632 3637 2689; x_wconf 88' lang='lat' dir='ltr'><strong>rebus</strong></span> <span class='ocrx_word' id='word_1_636' title='bbox 3658 2634 3723 2688; x_wconf 86' lang='lat' dir='ltr'><strong>ad</strong></span> 
     </span>
    </p>
   </div>
   <div class='ocr_carea' id='block_1_87' title="bbox 2144 2721 3725 2793">
    <p class='ocr_par' dir='ltr' id='par_1_87' title="bbox 2144 2721 3725 2793">
     <span class='ocr_line' id='line_1_94' title="bbox 2144 2721 3725 2793; baseline 0.003 -18"><span class='ocrx_word' id='word_1_637' title='bbox 2144 2721 2373 2776; x_wconf 82' lang='lat' dir='ltr'><strong>salutem</strong></span> <span class='ocrx_word' id='word_1_638' title='bbox 2400 2729 2456 2775; x_wconf 92' lang='lat' dir='ltr'><strong>et</strong></span> <span class='ocrx_word' id='word_1_639' title='bbox 2482 2721 2758 2777; x_wconf 81' lang='lat' dir='ltr'><strong>caelestem</strong></span> <span class='ocrx_word' id='word_1_640' title='bbox 2783 2722 2945 2777; x_wconf 91' lang='lat' dir='ltr'><strong>vitam</strong></span> <span class='ocrx_word' id='word_1_641' title='bbox 2976 2722 3338 2793; x_wconf 89' lang='lat' dir='ltr'><strong>spectantibus</strong></span> <span class='ocrx_word' id='word_1_642' title='bbox 3365 2724 3531 2779; x_wconf 86' lang='lat' dir='ltr'><strong>verba</strong></span> <span class='ocrx_word' id='word_1_643' title='bbox 3564 2723 3725 2781; x_wconf 89' lang='lat' dir='ltr'><strong>faeie-</strong></span> 
     </span>
    </p>
   </div>
   <div class='ocr_carea' id='block_1_88' title="bbox 2143 2809 3727 2883">
    <p class='ocr_par' dir='ltr' id='par_1_88' title="bbox 2143 2809 3727 2883">
     <span class='ocr_line' id='line_1_95' title="bbox 2143 2809 3727 2883; baseline 0.001 -15"><span class='ocrx_word' id='word_1_644' title='bbox 2143 2811 2292 2881; x_wconf 84' lang='lat' dir='ltr'><strong>bant,</strong></span> <span class='ocrx_word' id='word_1_645' title='bbox 2319 2811 2534 2867; x_wconf 89' lang='lat' dir='ltr'><strong>demum</strong></span> <span class='ocrx_word' id='word_1_646' title='bbox 2576 2809 2708 2867; x_wconf 88' lang='lat' dir='ltr'><strong>fusis</strong></span> <span class='ocrx_word' id='word_1_647' title='bbox 2746 2812 3013 2883; x_wconf 88' lang='lat' dir='ltr'><strong>precibus,</strong></span> <span class='ocrx_word' id='word_1_648' title='bbox 3047 2812 3101 2868; x_wconf 93' lang='lat' dir='ltr'><strong>in</strong></span> <span class='ocrx_word' id='word_1_649' title='bbox 3130 2814 3325 2868; x_wconf 91' lang='lat' dir='ltr'><strong>storeis</strong></span> <span class='ocrx_word' id='word_1_650' title='bbox 3365 2814 3511 2868; x_wconf 82' lang='lat' dir='ltr'><strong>humi</strong></span> <span class='ocrx_word' id='word_1_651' title='bbox 3540 2816 3727 2883; x_wconf 89' lang='lat' dir='ltr'><strong>positis</strong></span> 
     </span>
    </p>
   </div>
   <div class='ocr_carea' id='block_1_89' title="bbox 2143 2901 3724 2970">
    <p class='ocr_par' dir='ltr' id='par_1_89' title="bbox 2143 2901 3724 2970">
     <span class='ocr_line' id='line_1_96' title="bbox 2143 2901 3724 2970; baseline 0 -11"><span class='ocrx_word' id='word_1_652' title='bbox 2143 2903 2424 2970; x_wconf 89' lang='lat' dir='ltr'><strong>cubantes,</strong></span> <span class='ocrx_word' id='word_1_653' title='bbox 2447 2902 2763 2958; x_wconf 91' lang='lat' dir='ltr'><strong>tenuissimo</strong></span> <span class='ocrx_word' id='word_1_654' title='bbox 2800 2901 2921 2958; x_wconf 89' lang='lat' dir='ltr'><strong>cibo</strong></span> <span class='ocrx_word' id='word_1_655' title='bbox 2956 2917 3203 2958; x_wconf 86' lang='lat' dir='ltr'><strong>somnum</strong></span> <span class='ocrx_word' id='word_1_656' title='bbox 3232 2903 3564 2959; x_wconf 88' lang='lat' dir='ltr'><strong>levissimum</strong></span> <span class='ocrx_word' id='word_1_657' title='bbox 3596 2906 3724 2959; x_wconf 82' lang='lat' dir='ltr'><strong>sub-</strong></span> 
     </span>
    </p>
   </div>
   <div class='ocr_carea' id='block_1_90' title="bbox 2143 2992 3725 3066">
    <p class='ocr_par' dir='ltr' id='par_1_90' title="bbox 2143 2992 3725 3066">
     <span class='ocr_line' id='line_1_97' title="bbox 2143 2992 3725 3066; baseline 0.003 -20"><span class='ocrx_word' id='word_1_658' title='bbox 2143 2992 2501 3057; x_wconf 88' lang='lat' dir='ltr'><strong>ministrante,</strong></span> <span class='ocrx_word' id='word_1_659' title='bbox 2550 2992 2757 3063; x_wconf 89' lang='lat' dir='ltr'><strong>aliquot</strong></span> <span class='ocrx_word' id='word_1_660' title='bbox 2799 2992 2948 3048; x_wconf 90' lang='lat' dir='ltr'><strong>boris</strong></span> <span class='ocrx_word' id='word_1_661' title='bbox 2998 2993 3363 3064; x_wconf 78' lang='lat' dir='ltr'><strong>quiescebant,</strong></span> <span class='ocrx_word' id='word_1_662' title='bbox 3404 2993 3725 3066; x_wconf 88' lang='lat' dir='ltr'><strong>demumque</strong></span> 
     </span>
    </p>
   </div>
   <div class='ocr_carea' id='block_1_91' title="bbox 2141 3079 3723 3154">
    <p class='ocr_par' dir='ltr' id='par_1_91' title="bbox 2141 3079 3723 3154">
     <span class='ocr_line' id='line_1_98' title="bbox 2141 3079 3723 3154; baseline 0.001 -16"><span class='ocrx_word' id='word_1_663' title='bbox 2141 3081 2396 3152; x_wconf 69' lang='lat' dir='ltr'><strong>praefecto</strong></span> <span class='ocrx_word' id='word_1_664' title='bbox 2421 3083 2609 3139; x_wconf 88' lang='lat' dir='ltr'><strong>leviter</strong></span> <span class='ocrx_word' id='word_1_665' title='bbox 2635 3092 3015 3140; x_wconf 89' lang='lat' dir='ltr'><strong>commonente</strong></span> <span class='ocrx_word' id='word_1_666' title='bbox 3041 3094 3099 3140; x_wconf 90' lang='lat' dir='ltr'><strong>et</strong></span> <span class='ocrx_word' id='word_1_667' title='bbox 3124 3084 3242 3139; x_wconf 88' lang='lat' dir='ltr'><strong>sine</strong></span> <span class='ocrx_word' id='word_1_668' title='bbox 3269 3079 3499 3154; x_wconf 83' lang='lat' dir='ltr'><strong>strepitu&#39;</strong></span> <span class='ocrx_word' id='word_1_669' title='bbox 3525 3100 3723 3154; x_wconf 79' lang='lat' dir='ltr'><strong>exper-</strong></span> 
     </span>
    </p>
   </div>
   <div class='ocr_carea' id='block_1_92' title="bbox 2140 3172 3724 3248">
    <p class='ocr_par' dir='ltr' id='par_1_92' title="bbox 2140 3172 3724 3248">
     <span class='ocr_line' id='line_1_99' title="bbox 2140 3172 3724 3248; baseline 0.001 -18"><span class='ocrx_word' id='word_1_670' title='bbox 2140 3172 2357 3245; x_wconf 82' lang='lat' dir='ltr'><strong>gefacti,</strong></span> <span class='ocrx_word' id='word_1_671' title='bbox 2386 3174 2676 3248; x_wconf 80' lang='lat' dir='ltr'><strong>surgebant</strong></span> <span class='ocrx_word' id='word_1_672' title='bbox 2698 3175 2766 3230; x_wconf 91' lang='lat' dir='ltr'><strong>ad</strong></span> <span class='ocrx_word' id='word_1_673' title='bbox 2792 3176 2968 3247; x_wconf 91' lang='lat' dir='ltr'><strong>priora</strong></span> <span class='ocrx_word' id='word_1_674' title='bbox 2993 3174 3304 3246; x_wconf 87' lang='lat' dir='ltr'><strong>repetenda.</strong></span> <span class='ocrx_word' id='word_1_675' title='bbox 3320 3175 3562 3232; x_wconf 75' lang='lat' dir='ltr'><strong>Vestinis</strong></span> <span class='ocrx_word' id='word_1_676' title='bbox 3584 3187 3724 3232; x_wconf 86' lang='lat' dir='ltr'><strong>totus</strong></span> 
     </span>
    </p>
   </div>
   <div class='ocr_carea' id='block_1_93' title="bbox 2140 3262 3724 3339">
    <p class='ocr_par' dir='ltr' id='par_1_93' title="bbox 2140 3262 3724 3339">
     <span class='ocr_line' id='line_1_100' title="bbox 2140 3262 3724 3339; baseline 0.002 -18"><span class='ocrx_word' id='word_1_677' title='bbox 2140 3280 2205 3321; x_wconf 76' lang='lat' dir='ltr'><strong>ex</strong></span> <span class='ocrx_word' id='word_1_678' title='bbox 2232 3262 2354 3336; x_wconf 89' lang='lat' dir='ltr'><strong>pilis</strong></span> <span class='ocrx_word' id='word_1_679' title='bbox 2376 3279 2657 3336; x_wconf 91' lang='lat' dir='ltr'><strong>caprarum</strong></span> <span class='ocrx_word' id='word_1_680' title='bbox 2677 3267 2761 3323; x_wconf 90' lang='lat' dir='ltr'><strong>vel</strong></span> <span class='ocrx_word' id='word_1_681' title='bbox 2780 3267 3108 3324; x_wconf 88' lang='lat' dir='ltr'><strong>camelorum</strong></span> <span class='ocrx_word' id='word_1_682' title='bbox 3132 3274 3264 3333; x_wconf 90' lang='lat' dir='ltr'><strong>erat,</strong></span> <span class='ocrx_word' id='word_1_683' title='bbox 3288 3275 3383 3322; x_wconf 91' lang='lat' dir='ltr'><strong>aut</strong></span> <span class='ocrx_word' id='word_1_684' title='bbox 3405 3282 3470 3323; x_wconf 76' lang='lat' dir='ltr'><strong>ex</strong></span> <span class='ocrx_word' id='word_1_685' title='bbox 3497 3268 3724 3339; x_wconf 82' lang='lat' dir='ltr'><strong>pellibus</strong></span> 
     </span>
    </p>
   </div>
   <div class='ocr_carea' id='block_1_94' title="bbox 2142 3358 3422 3423">
    <p class='ocr_par' dir='ltr' id='par_1_94' title="bbox 2142 3358 3422 3423">
     <span class='ocr_line' id='line_1_101' title="bbox 2142 3358 3422 3423; baseline 0.009 -12"><span class='ocrx_word' id='word_1_686' title='bbox 2142 3370 2240 3412; x_wconf 90' lang='lat' dir='ltr'><strong>usu</strong></span> <span class='ocrx_word' id='word_1_687' title='bbox 2271 3358 2431 3414; x_wconf 91' lang='lat' dir='ltr'><strong>tritis.</strong></span> <span class='ocrx_word' id='word_1_688' title='bbox 3414 3416 3422 3423; x_wconf 95' lang='lat'><strong>.</strong></span> 
     </span>
    </p>
   </div>
   <div class='ocr_carea' id='block_1_95' title="bbox 2211 3450 3726 3521">
    <p class='ocr_par' dir='ltr' id='par_1_95' title="bbox 2211 3450 3726 3521">
     <span class='ocr_line' id='line_1_102' title="bbox 2211 3450 3726 3521; baseline 0 -15"><span class='ocrx_word' id='word_1_689' title='bbox 2211 3452 2291 3506; x_wconf 84' lang='lat' dir='ltr'><strong>Ex</strong></span> <span class='ocrx_word' id='word_1_690' title='bbox 2329 3466 2579 3508; x_wconf 89' lang='lat' dir='ltr'><strong>manuum</strong></span> <span class='ocrx_word' id='word_1_691' title='bbox 2621 3451 2804 3509; x_wconf 89' lang='lat' dir='ltr'><strong>labore</strong></span> <span class='ocrx_word' id='word_1_692' title='bbox 2843 3466 2949 3507; x_wconf 93' lang='lat' dir='ltr'><strong>non</strong></span> <span class='ocrx_word' id='word_1_693' title='bbox 2992 3451 3093 3508; x_wconf 89' lang='lat' dir='ltr'><strong>sibi</strong></span> <span class='ocrx_word' id='word_1_694' title='bbox 3135 3450 3297 3507; x_wconf 88' lang='lat' dir='ltr'><strong>modo</strong></span> <span class='ocrx_word' id='word_1_695' title='bbox 3326 3450 3527 3507; x_wconf 89' lang='lat' dir='ltr'><strong>vietum</strong></span> <span class='ocrx_word' id='word_1_696' title='bbox 3570 3466 3726 3521; x_wconf 62' lang='lat' dir='ltr'><strong>para.</strong></span> 
     </span>
    </p>
   </div>
   <div class='ocr_carea' id='block_1_96' title="bbox 2140 3539 3721 3610">
    <p class='ocr_par' dir='ltr' id='par_1_96' title="bbox 2140 3539 3721 3610">
     <span class='ocr_line' id='line_1_103' title="bbox 2140 3539 3721 3610; baseline 0 -15"><span class='ocrx_word' id='word_1_697' title='bbox 2140 3539 2301 3606; x_wconf 90' lang='lat' dir='ltr'><strong>bant;</strong></span> <span class='ocrx_word' id='word_1_698' title='bbox 2347 3540 2445 3597; x_wconf 88' lang='lat' dir='ltr'><strong>sed</strong></span> <span class='ocrx_word' id='word_1_699' title='bbox 2493 3556 2616 3596; x_wconf 91' lang='lat' dir='ltr'><strong>cum</strong></span> <span class='ocrx_word' id='word_1_700' title='bbox 2665 3540 2738 3596; x_wconf 91' lang='lat' dir='ltr'><strong>ita</strong></span> <span class='ocrx_word' id='word_1_701' title='bbox 2793 3541 2969 3597; x_wconf 90' lang='lat' dir='ltr'><strong>tenuis</strong></span> <span class='ocrx_word' id='word_1_702' title='bbox 3015 3555 3168 3596; x_wconf 61' lang='lat' dir='ltr'><strong>caena</strong></span> <span class='ocrx_word' id='word_1_703' title='bbox 3216 3555 3469 3610; x_wconf 89' lang='lat' dir='ltr'><strong>perquam</strong></span> <span class='ocrx_word' id='word_1_704' title='bbox 3516 3541 3721 3595; x_wconf 81' lang='lat' dir='ltr'><strong>minimi</strong></span> 
     </span>
    </p>
   </div>
   <div class='ocr_carea' id='block_1_97' title="bbox 2138 3632 3726 3703">
    <p class='ocr_par' dir='ltr' id='par_1_97' title="bbox 2138 3632 3726 3703">
     <span class='ocr_line' id='line_1_104' title="bbox 2138 3632 3726 3703; baseline -0.002 -17"><span class='ocrx_word' id='word_1_705' title='bbox 2138 3641 2385 3703; x_wconf 77' lang='lat' dir='ltr'><strong>sumptus</strong></span> <span class='ocrx_word' id='word_1_706' title='bbox 2406 3641 2568 3700; x_wconf 89' lang='lat' dir='ltr'><strong>esset,</strong></span> <span class='ocrx_word' id='word_1_707' title='bbox 2583 3647 2700 3702; x_wconf 64' lang='lat' dir='ltr'><strong>quae</strong></span> <span class='ocrx_word' id='word_1_708' title='bbox 2722 3640 3035 3703; x_wconf 84' lang='lat' dir='ltr'><strong>supererant</strong></span> <span class='ocrx_word' id='word_1_709' title='bbox 3059 3633 3233 3687; x_wconf 88' lang='lat' dir='ltr'><strong>omnia</strong></span> <span class='ocrx_word' id='word_1_710' title='bbox 3257 3632 3577 3703; x_wconf 86' lang='lat' dir='ltr'><strong>pauperibus</strong></span> <span class='ocrx_word' id='word_1_711' title='bbox 3604 3649 3726 3688; x_wconf 78' lang='lat' dir='ltr'><strong>ern-</strong></span> 
     </span>
    </p>
   </div>
   <div class='ocr_carea' id='block_1_98' title="bbox 2137 3722 3726 3794">
    <p class='ocr_par' dir='ltr' id='par_1_98' title="bbox 2137 3722 3726 3794">
     <span class='ocr_line' id='line_1_105' title="bbox 2137 3722 3726 3794; baseline 0.001 -17"><span class='ocrx_word' id='word_1_712' title='bbox 2137 3723 2353 3792; x_wconf 77' lang='lat' dir='ltr'><strong>gabant.</strong></span> <span class='ocrx_word' id='word_1_713' title='bbox 2382 3723 2437 3778; x_wconf 91' lang='lat' dir='ltr'><strong>Si</strong></span> <span class='ocrx_word' id='word_1_714' title='bbox 2464 3723 2584 3794; x_wconf 91' lang='lat' dir='ltr'><strong>quis</strong></span> <span class='ocrx_word' id='word_1_715' title='bbox 2604 3738 2734 3779; x_wconf 91' lang='lat' dir='ltr'><strong>vero</strong></span> <span class='ocrx_word' id='word_1_716' title='bbox 2760 3722 2955 3793; x_wconf 79' lang='lat' dir='ltr'><strong>hospes</strong></span> <span class='ocrx_word' id='word_1_717' title='bbox 2975 3724 3275 3789; x_wconf 87' lang='lat' dir='ltr'><strong>accederet,</strong></span> <span class='ocrx_word' id='word_1_718' title='bbox 3304 3724 3537 3779; x_wconf 88' lang='lat' dir='ltr'><strong>libenter</strong></span> <span class='ocrx_word' id='word_1_719' title='bbox 3559 3739 3590 3778; x_wconf 90' lang='lat' dir='ltr'><strong>a</strong></span> <span class='ocrx_word' id='word_1_720' title='bbox 3617 3738 3726 3779; x_wconf 90' lang='lat' dir='ltr'><strong>mo-</strong></span> 
     </span>
    </p>
   </div>
   <div class='ocr_carea' id='block_1_99' title="bbox 2138 3814 3723 3887">
    <p class='ocr_par' dir='ltr' id='par_1_99' title="bbox 2138 3814 3723 3887">
     <span class='ocr_line' id='line_1_106' title="bbox 2138 3814 3723 3887; baseline 0 -17"><span class='ocrx_word' id='word_1_721' title='bbox 2138 3815 2325 3871; x_wconf 90' lang='lat' dir='ltr'><strong>nachis</strong></span> <span class='ocrx_word' id='word_1_722' title='bbox 2350 3815 2733 3887; x_wconf 80' lang='lat' dir='ltr'><strong>excipiebatur,</strong></span> <span class='ocrx_word' id='word_1_723' title='bbox 2752 3816 2842 3887; x_wconf 91' lang='lat' dir='ltr'><strong>qui</strong></span> <span class='ocrx_word' id='word_1_724' title='bbox 2866 3815 2987 3870; x_wconf 91' lang='lat' dir='ltr'><strong>lotis</strong></span> <span class='ocrx_word' id='word_1_725' title='bbox 3006 3816 3121 3885; x_wconf 89' lang='lat' dir='ltr'><strong>ejus</strong></span> <span class='ocrx_word' id='word_1_726' title='bbox 3147 3814 3390 3884; x_wconf 89' lang='lat' dir='ltr'><strong>pedibus,</strong></span> <span class='ocrx_word' id='word_1_727' title='bbox 3407 3831 3542 3886; x_wconf 89' lang='lat' dir='ltr'><strong>quos</strong></span> <span class='ocrx_word' id='word_1_728' title='bbox 3557 3831 3723 3886; x_wconf 87' lang='lat' dir='ltr'><strong>penes</strong></span> 
     </span>
    </p>
   </div>
   <div class='ocr_carea' id='block_1_100' title="bbox 2138 3905 3722 3976">
    <p class='ocr_par' dir='ltr' id='par_1_100' title="bbox 2138 3905 3722 3976">
     <span class='ocr_line' id='line_1_107' title="bbox 2138 3905 3722 3976; baseline -0.001 -16"><span class='ocrx_word' id='word_1_729' title='bbox 2138 3920 2197 3960; x_wconf 88' lang='lat' dir='ltr'><strong>se</strong></span> <span class='ocrx_word' id='word_1_730' title='bbox 2224 3905 2490 3961; x_wconf 90' lang='lat' dir='ltr'><strong>habebant</strong></span> <span class='ocrx_word' id='word_1_731' title='bbox 2514 3905 2663 3961; x_wconf 88' lang='lat' dir='ltr'><strong>cibos</strong></span> <span class='ocrx_word' id='word_1_732' title='bbox 2694 3906 2791 3976; x_wconf 89' lang='lat' dir='ltr'><strong>ipsi</strong></span> <span class='ocrx_word' id='word_1_733' title='bbox 2818 3905 3313 3970; x_wconf 86' lang='lat' dir='ltr'><strong>subministrabant,</strong></span> <span class='ocrx_word' id='word_1_734' title='bbox 3343 3905 3516 3975; x_wconf 87' lang='lat' dir='ltr'><strong>deque</strong></span> <span class='ocrx_word' id='word_1_735' title='bbox 3540 3921 3722 3960; x_wconf 86' lang='lat' dir='ltr'><strong>rerum</strong></span> 
     </span>
    </p>
   </div>
   <div class='ocr_carea' id='block_1_101' title="bbox 2138 3995 3723 4068">
    <p class='ocr_par' dir='ltr' id='par_1_101' title="bbox 2138 3995 3723 4068">
     <span class='ocr_line' id='line_1_108' title="bbox 2138 3995 3723 4068; baseline 0.003 -18"><span class='ocrx_word' id='word_1_736' title='bbox 2138 4007 2467 4053; x_wconf 87' lang='lat' dir='ltr'><strong>terrenarum</strong></span> <span class='ocrx_word' id='word_1_737' title='bbox 2507 3995 2647 4053; x_wconf 82' lang='lat' dir='ltr'><strong>fluxa</strong></span> <span class='ocrx_word' id='word_1_738' title='bbox 2681 3998 2989 4052; x_wconf 89' lang='lat' dir='ltr'><strong>conditione</strong></span> <span class='ocrx_word' id='word_1_739' title='bbox 3024 3998 3424 4068; x_wconf 87' lang='lat' dir='ltr'><strong>caelestiumque</strong></span> <span class='ocrx_word' id='word_1_740' title='bbox 3464 3996 3723 4054; x_wconf 87' lang='lat' dir='ltr'><strong>felicitate</strong></span> 
     </span>
    </p>
   </div>
   <div class='ocr_carea' id='block_1_102' title="bbox 2136 4087 3162 4160">
    <p class='ocr_par' dir='ltr' id='par_1_102' title="bbox 2136 4087 3162 4160">
     <span class='ocr_line' id='line_1_109' title="bbox 2136 4087 3162 4160; baseline 0 -17"><span class='ocrx_word' id='word_1_741' title='bbox 2136 4088 2300 4144; x_wconf 90' lang='lat' dir='ltr'><strong>verba</strong></span> <span class='ocrx_word' id='word_1_742' title='bbox 2332 4087 2612 4156; x_wconf 90' lang='lat' dir='ltr'><strong>faciebant,</strong></span> <span class='ocrx_word' id='word_1_743' title='bbox 2644 4096 2703 4143; x_wconf 91' lang='lat' dir='ltr'><strong>ut</strong></span> <span class='ocrx_word' id='word_1_744' title='bbox 2732 4093 2890 4160; x_wconf 78' lang='lat' dir='ltr'><strong>supra</strong></span> <span class='ocrx_word' id='word_1_745' title='bbox 2912 4088 3162 4143; x_wconf 81' lang='lat' dir='ltr'><strong>diximus.</strong></span> 
     </span>
    </p>
   </div>
   <div class='ocr_carea' id='block_1_103' title="bbox 2211 4179 3720 4249">
    <p class='ocr_par' dir='ltr' id='par_1_103' title="bbox 2211 4179 3720 4249">
     <span class='ocr_line' id='line_1_110' title="bbox 2211 4179 3720 4249; baseline -0.001 -14"><span class='ocrx_word' id='word_1_746' title='bbox 2211 4179 2359 4235; x_wconf 87' lang='lat' dir='ltr'><strong>llanc</strong></span> <span class='ocrx_word' id='word_1_747' title='bbox 2396 4180 2519 4234; x_wconf 74' lang='lat' dir='ltr'><strong>vita:</strong></span> <span class='ocrx_word' id='word_1_748' title='bbox 2547 4179 2809 4234; x_wconf 90' lang='lat' dir='ltr'><strong>rationem</strong></span> <span class='ocrx_word' id='word_1_749' title='bbox 2847 4180 3118 4249; x_wconf 89' lang='lat' dir='ltr'><strong>suscipere</strong></span> <span class='ocrx_word' id='word_1_750' title='bbox 3142 4179 3377 4235; x_wconf 87' lang='lat' dir='ltr'><strong>Joannes</strong></span> <span class='ocrx_word' id='word_1_751' title='bbox 3412 4188 3595 4235; x_wconf 89' lang='lat' dir='ltr'><strong>noster</strong></span> <span class='ocrx_word' id='word_1_752' title='bbox 3622 4193 3720 4234; x_wconf 87' lang='lat' dir='ltr'><strong>cu-</strong></span> 
     </span>
    </p>
   </div>
   <div class='ocr_carea' id='block_1_104' title="bbox 2136 4268 3719 4341">
    <p class='ocr_par' dir='ltr' id='par_1_104' title="bbox 2136 4268 3719 4341">
     <span class='ocr_line' id='line_1_111' title="bbox 2136 4268 3719 4341; baseline -0.001 -17"><span class='ocrx_word' id='word_1_753' title='bbox 2136 4270 2333 4340; x_wconf 88' lang='lat' dir='ltr'><strong>piebat,</strong></span> <span class='ocrx_word' id='word_1_754' title='bbox 2384 4278 2547 4341; x_wconf 85' lang='lat' dir='ltr'><strong>utque</strong></span> <span class='ocrx_word' id='word_1_755' title='bbox 2587 4269 2654 4324; x_wconf 88' lang='lat' dir='ltr'><strong>ad</strong></span> <span class='ocrx_word' id='word_1_756' title='bbox 2695 4269 2839 4324; x_wconf 85' lang='lat' dir='ltr'><strong>illam</strong></span> <span class='ocrx_word' id='word_1_757' title='bbox 2882 4283 2943 4325; x_wconf 89' lang='lat' dir='ltr'><strong>se</strong></span> <span class='ocrx_word' id='word_1_758' title='bbox 2982 4276 3340 4339; x_wconf 87' lang='lat' dir='ltr'><strong>compararet,</strong></span> <span class='ocrx_word' id='word_1_759' title='bbox 3374 4270 3535 4325; x_wconf 87' lang='lat' dir='ltr'><strong>etiam</strong></span> <span class='ocrx_word' id='word_1_760' title='bbox 3573 4268 3719 4323; x_wconf 87' lang='lat' dir='ltr'><strong>domi</strong></span> 
     </span>
    </p>
   </div>
   <div class='ocr_carea' id='block_1_105' title="bbox 2135 4352 3719 4429">
    <p class='ocr_par' dir='ltr' id='par_1_105' title="bbox 2135 4352 3719 4429">
     <span class='ocr_line' id='line_1_112' title="bbox 2135 4352 3719 4429; baseline -0.003 -14"><span class='ocrx_word' id='word_1_761' title='bbox 2135 4361 2389 4415; x_wconf 83' lang='lat' dir='ltr'><strong>exercitia</strong></span> <span class='ocrx_word' id='word_1_762' title='bbox 2429 4360 2673 4429; x_wconf 63' lang='lat' dir='ltr'><strong>quaedam</strong></span> <span class='ocrx_word' id='word_1_763' title='bbox 2711 4352 3003 4419; x_wconf 68' lang='lat' dir='ltr'><strong>monastica</strong></span> <span class='ocrx_word' id='word_1_764' title='bbox 3036 4359 3373 4424; x_wconf 89' lang='lat' dir='ltr'><strong>sectabatur;</strong></span> <span class='ocrx_word' id='word_1_765' title='bbox 3415 4373 3605 4413; x_wconf 90' lang='lat' dir='ltr'><strong>verum</strong></span> <span class='ocrx_word' id='word_1_766' title='bbox 3650 4359 3719 4412; x_wconf 90' lang='lat' dir='ltr'><strong>ab</strong></span> 
     </span>
    </p>
   </div>
   <div class='ocr_carea' id='block_1_106' title="bbox 2136 4449 3719 4523">
    <p class='ocr_par' dir='ltr' id='par_1_106' title="bbox 2136 4449 3719 4523">
     <span class='ocr_line' id='line_1_113' title="bbox 2136 4449 3719 4523; baseline -0.003 -15"><span class='ocrx_word' id='word_1_767' title='bbox 2136 4453 2240 4508; x_wconf 82' lang='lat' dir='ltr'><strong>hoc</strong></span> <span class='ocrx_word' id='word_1_768' title='bbox 2288 4453 2563 4523; x_wconf 86' lang='lat' dir='ltr'><strong>proposito</strong></span> <span class='ocrx_word' id='word_1_769' title='bbox 2609 4452 2917 4508; x_wconf 85' lang='lat' dir='ltr'><strong>deterrebat</strong></span> <span class='ocrx_word' id='word_1_770' title='bbox 2961 4451 3107 4507; x_wconf 92' lang='lat' dir='ltr'><strong>illum</strong></span> <span class='ocrx_word' id='word_1_771' title='bbox 3151 4452 3273 4506; x_wconf 76' lang='lat' dir='ltr'><strong>vita:</strong></span> <span class='ocrx_word' id='word_1_772' title='bbox 3315 4450 3580 4520; x_wconf 85' lang='lat' dir='ltr'><strong>asperitas</strong></span> <span class='ocrx_word' id='word_1_773' title='bbox 3628 4449 3719 4504; x_wconf 86' lang='lat' dir='ltr'><strong>illa</strong></span> 
     </span>
    </p>
   </div>
   <div class='ocr_carea' id='block_1_107' title="bbox 2133 4540 3720 4614">
    <p class='ocr_par' dir='ltr' id='par_1_107' title="bbox 2133 4540 3720 4614">
     <span class='ocr_line' id='line_1_114' title="bbox 2133 4540 3720 4614; baseline -0.003 -15"><span class='ocrx_word' id='word_1_774' title='bbox 2133 4560 2289 4614; x_wconf 89' lang='lat' dir='ltr'><strong>quam</strong></span> <span class='ocrx_word' id='word_1_775' title='bbox 2316 4545 2479 4599; x_wconf 88' lang='lat' dir='ltr'><strong>modo</strong></span> <span class='ocrx_word' id='word_1_776' title='bbox 2505 4543 2907 4614; x_wconf 80' lang='lat' dir='ltr'><strong>descripsimus.</strong></span> <span class='ocrx_word' id='word_1_777' title='bbox 2935 4543 3008 4598; x_wconf 85' lang='lat' dir='ltr'><strong>Ea</strong></span> <span class='ocrx_word' id='word_1_778' title='bbox 3037 4542 3106 4598; x_wconf 91' lang='lat' dir='ltr'><strong>de</strong></span> <span class='ocrx_word' id='word_1_779' title='bbox 3132 4557 3194 4597; x_wconf 90' lang='lat' dir='ltr'><strong>re</strong></span> <span class='ocrx_word' id='word_1_780' title='bbox 3210 4541 3504 4597; x_wconf 83' lang='lat' dir='ltr'><strong>audiendus</strong></span> <span class='ocrx_word' id='word_1_781' title='bbox 3527 4540 3617 4595; x_wconf 90' lang='lat' dir='ltr'><strong>ille</strong></span> <span class='ocrx_word' id='word_1_782' title='bbox 3635 4546 3720 4596; x_wconf 85' lang='lat' dir='ltr'><strong>est</strong></span> 
     </span>
    </p>
   </div>
   <div class='ocr_carea' id='block_1_108' title="bbox 2123 4629 3719 4710">
    <p class='ocr_par' dir='ltr' id='par_1_108' title="bbox 2123 4629 3719 4710">
     <span class='ocr_line' id='line_1_115' title="bbox 2123 4629 3719 4710; baseline -0.009 -17"><span class='ocrx_word' id='word_1_783' title='bbox 2123 4641 2229 4710; x_wconf 77' lang='lat' dir='ltr'><strong>(Ad</strong></span> <span class='ocrx_word' id='word_1_784' title='bbox 2252 4638 2562 4693; x_wconf 83' lang='lat' dir='ltr'><strong>Demetrium</strong></span> <span class='ocrx_word' id='word_1_785' title='bbox 2584 4637 2648 4690; x_wconf 83' lang='lat' dir='ltr'><strong>de</strong></span> <span class='ocrx_word' id='word_1_786' title='bbox 2668 4636 2848 4704; x_wconf 82' lang='lat' dir='ltr'><strong>Camp.</strong></span> <span class='ocrx_word' id='word_1_787' title='bbox 2873 4643 2913 4688; x_wconf 93' lang='lat' dir='ltr'><strong>t.</strong></span> <span class='ocrx_word' id='word_1_788' title='bbox 2937 4635 3052 4688; x_wconf 58' lang='grc' dir='ltr'><strong>ιε.</strong></span> <span class='ocrx_word' id='word_1_789' title='bbox 3072 4632 3199 4688; x_wconf 66' lang='grc'><strong>405.</strong></span> <span class='ocrx_word' id='word_1_790' title='bbox 3220 4632 3260 4685; x_wconf 79' lang='grc' dir='ltr'><strong>ι.</strong></span> <span class='ocrx_word' id='word_1_791' title='bbox 3279 4630 3369 4700; x_wconf 68' lang='grc'><strong>25)</strong></span> <span class='ocrx_word' id='word_1_792' title='bbox 3384 4640 3399 4677; x_wconf 73' lang='grc' dir='ltr'>ε</span> <span class='ocrx_word' id='word_1_793' title='bbox 3415 4629 3539 4683; x_wconf 78' lang='lat' dir='ltr'><strong>Cum</strong></span> <span class='ocrx_word' id='word_1_794' title='bbox 3558 4644 3719 4698; x_wconf 74' lang='lat' dir='ltr'><strong>nuper</strong></span> 
     </span>
    </p>
   </div>
   <div class='ocr_carea' id='block_1_109' title="bbox 2122 4718 3713 4802">
    <p class='ocr_par' dir='ltr' id='par_1_109' title="bbox 2122 4718 3713 4802">
     <span class='ocr_line' id='line_1_116' title="bbox 2122 4718 3713 4802; baseline -0.009 -16"><span class='ocrx_word' id='word_1_795' title='bbox 2122 4746 2215 4802; x_wconf 84' lang='lat' dir='ltr'><strong>ego</strong></span> <span class='ocrx_word' id='word_1_796' title='bbox 2234 4728 2584 4793; x_wconf 81' lang='lat' dir='ltr'><strong>decrevissem,</strong></span> <span class='ocrx_word' id='word_1_797' title='bbox 2603 4727 2784 4781; x_wconf 87' lang='lat' dir='ltr'><strong>relicta</strong></span> <span class='ocrx_word' id='word_1_798' title='bbox 2811 4724 2949 4788; x_wconf 81' lang='lat' dir='ltr'><strong>urbe,</strong></span> <span class='ocrx_word' id='word_1_799' title='bbox 2980 4723 3050 4777; x_wconf 86' lang='lat' dir='ltr'><strong>ad</strong></span> <span class='ocrx_word' id='word_1_800' title='bbox 3078 4720 3406 4777; x_wconf 83' lang='lat' dir='ltr'><strong>tabernacula</strong></span> <span class='ocrx_word' id='word_1_801' title='bbox 3433 4718 3713 4773; x_wconf 82' lang='lat' dir='ltr'><strong>monacho-</strong></span> 
     </span>
    </p>
   </div>
   <div class='ocr_carea' id='block_1_110' title="bbox 2124 4813 3718 4887">
    <p class='ocr_par' dir='ltr' id='par_1_110' title="bbox 2124 4813 3718 4887">
     <span class='ocr_line' id='line_1_117' title="bbox 2124 4813 3718 4887; baseline -0.009 -6"><span class='ocrx_word' id='word_1_802' title='bbox 2124 4842 2241 4880; x_wconf 82' lang='lat' dir='ltr'><strong>rum</strong></span> <span class='ocrx_word' id='word_1_803' title='bbox 2255 4824 2506 4887; x_wconf 77' lang='lat' dir='ltr'><strong>secedere,</strong></span> <span class='ocrx_word' id='word_1_804' title='bbox 2530 4820 2745 4877; x_wconf 77' lang='lat' dir='ltr'><strong>sollicite</strong></span> <span class='ocrx_word' id='word_1_805' title='bbox 2758 4818 3040 4886; x_wconf 66' lang='lat' dir='ltr'><strong>quiet-ebant</strong></span> <span class='ocrx_word' id='word_1_806' title='bbox 3059 4827 3107 4870; x_wconf 85' lang='lat' dir='ltr'><strong>et</strong></span> <span class='ocrx_word' id='word_1_807' title='bbox 3126 4814 3440 4879; x_wconf 80' lang='lat' dir='ltr'><strong>sciscitabar,</strong></span> <span class='ocrx_word' id='word_1_808' title='bbox 3463 4813 3718 4868; x_wconf 82' lang='lat' dir='ltr'><strong>undenaut</strong></span> 
     </span>
    </p>
   </div>
   <div class='ocr_carea' id='block_1_111' title="bbox 2132 4902 3713 4974">
    <p class='ocr_par' dir='ltr' id='par_1_111' title="bbox 2132 4902 3713 4974">
     <span class='ocr_line' id='line_1_118' title="bbox 2132 4902 3713 4974; baseline -0.003 -14"><span class='ocrx_word' id='word_1_809' title='bbox 2132 4908 2526 4962; x_wconf 81' lang='lat' dir='ltr'><strong>necessariorum</strong></span> <span class='ocrx_word' id='word_1_810' title='bbox 2553 4916 2861 4961; x_wconf 84' lang='lat' dir='ltr'><strong>commeatus</strong></span> <span class='ocrx_word' id='word_1_811' title='bbox 2888 4905 3160 4974; x_wconf 78' lang='lat' dir='ltr'><strong>adfuturus</strong></span> <span class='ocrx_word' id='word_1_812' title='bbox 3181 4916 3341 4969; x_wconf 87' lang='lat' dir='ltr'><strong>esset,</strong></span> <span class='ocrx_word' id='word_1_813' title='bbox 3373 4915 3418 4958; x_wconf 85' lang='lat' dir='ltr'><strong>et</strong></span> <span class='ocrx_word' id='word_1_814' title='bbox 3445 4920 3566 4956; x_wconf 84' lang='lat' dir='ltr'><strong>num</strong></span> <span class='ocrx_word' id='word_1_815' title='bbox 3603 4902 3713 4971; x_wconf 81' lang='lat' dir='ltr'><strong>ﬁeri</strong></span> 
     </span>
    </p>
   </div>
   <div class='ocr_carea' id='block_1_112' title="bbox 2132 4992 3715 5068">
    <p class='ocr_par' dir='ltr' id='par_1_112' title="bbox 2132 4992 3715 5068">
     <span class='ocr_line' id='line_1_119' title="bbox 2132 4992 3715 5068; baseline -0.004 -18"><span class='ocrx_word' id='word_1_816' title='bbox 2132 5005 2296 5066; x_wconf 82' lang='lat' dir='ltr'><strong>posset</strong></span> <span class='ocrx_word' id='word_1_817' title='bbox 2326 5006 2380 5051; x_wconf 89' lang='lat' dir='ltr'><strong>ut</strong></span> <span class='ocrx_word' id='word_1_818' title='bbox 2410 4998 2557 5068; x_wconf 81' lang='lat' dir='ltr'><strong>panis</strong></span> <span class='ocrx_word' id='word_1_819' title='bbox 2586 5012 2756 5051; x_wconf 82' lang='lat' dir='ltr'><strong>recens</strong></span> <span class='ocrx_word' id='word_1_820' title='bbox 2783 5005 2829 5050; x_wconf 87' lang='lat' dir='ltr'><strong>ct</strong></span> <span class='ocrx_word' id='word_1_821' title='bbox 2858 4996 3080 5049; x_wconf 76' lang='lat' dir='ltr'><strong>diuruus‘</strong></span> <span class='ocrx_word' id='word_1_822' title='bbox 3102 4994 3444 5048; x_wconf 81' lang='lat' dir='ltr'><strong>comederetur</strong></span> <span class='ocrx_word' id='word_1_823' title='bbox 3470 5009 3489 5046; x_wconf 91' lang='lat'><strong><em>:</em></strong></span> <span class='ocrx_word' id='word_1_824' title='bbox 3515 5010 3583 5045; x_wconf 86' lang='lat' dir='ltr'><strong>an</strong></span> <span class='ocrx_word' id='word_1_825' title='bbox 3604 4992 3715 5063; x_wconf 86' lang='lat' dir='ltr'><strong>quis</strong></span> 
     </span>
    </p>
   </div>
   <div class='ocr_carea' id='block_1_113' title="bbox 2132 5085 3717 5155">
    <p class='ocr_par' dir='ltr' id='par_1_113' title="bbox 2132 5085 3717 5155">
     <span class='ocr_line' id='line_1_120' title="bbox 2132 5085 3717 5155; baseline -0.006 -10"><span class='ocrx_word' id='word_1_826' title='bbox 2132 5107 2212 5145; x_wconf 84' lang='lat' dir='ltr'><strong>me</strong></span> <span class='ocrx_word' id='word_1_827' title='bbox 2239 5101 2505 5145; x_wconf 78' lang='lat' dir='ltr'><strong>coacturus</strong></span> <span class='ocrx_word' id='word_1_828' title='bbox 2545 5097 2670 5144; x_wconf 82' lang='lat' dir='ltr'><strong>esset</strong></span> <span class='ocrx_word' id='word_1_829' title='bbox 2707 5089 2880 5143; x_wconf 80' lang='lat' dir='ltr'><strong>eodem</strong></span> <span class='ocrx_word' id='word_1_830' title='bbox 2916 5088 2992 5141; x_wconf 88' lang='lat' dir='ltr'><strong>uti</strong></span> <span class='ocrx_word' id='word_1_831' title='bbox 3032 5087 3142 5140; x_wconf 82' lang='lat' dir='ltr'><strong>oleo</strong></span> <span class='ocrx_word' id='word_1_832' title='bbox 3182 5102 3274 5155; x_wconf 81' lang='lat' dir='ltr'><strong>pro</strong></span> <span class='ocrx_word' id='word_1_833' title='bbox 3317 5085 3521 5138; x_wconf 84' lang='lat' dir='ltr'><strong>lucerna</strong></span> <span class='ocrx_word' id='word_1_834' title='bbox 3549 5092 3597 5136; x_wconf 87' lang='lat' dir='ltr'><strong>et</strong></span> <span class='ocrx_word' id='word_1_835' title='bbox 3628 5099 3717 5151; x_wconf 79' lang='lat' dir='ltr'><strong>pro</strong></span> 
     </span>
    </p>
   </div>
   <div class='ocr_carea' id='block_1_114' title="bbox 2130 5174 3715 5251">
    <p class='ocr_par' dir='ltr' id='par_1_114' title="bbox 2130 5174 3715 5251">
     <span class='ocr_line' id='line_1_121' title="bbox 2130 5174 3715 5251; baseline -0.007 -17"><span class='ocrx_word' id='word_1_836' title='bbox 2130 5182 2276 5247; x_wconf 84' lang='lat' dir='ltr'><strong>cibo;</strong></span> <span class='ocrx_word' id='word_1_837' title='bbox 2310 5197 2378 5234; x_wconf 88' lang='lat' dir='ltr'><strong>an</strong></span> <span class='ocrx_word' id='word_1_838' title='bbox 2418 5181 2531 5250; x_wconf 81' lang='lat' dir='ltr'><strong>quis</strong></span> <span class='ocrx_word' id='word_1_839' title='bbox 2571 5197 2651 5234; x_wconf 86' lang='lat' dir='ltr'><strong>me</strong></span> <span class='ocrx_word' id='word_1_840' title='bbox 2679 5178 2989 5251; x_wconf 70' lang='lat' dir='ltr'><strong>impulsura:</strong></span> <span class='ocrx_word' id='word_1_841' title='bbox 3027 5177 3096 5230; x_wconf 83' lang='lat' dir='ltr'><strong>ad</strong></span> <span class='ocrx_word' id='word_1_842' title='bbox 3135 5176 3368 5230; x_wconf 84' lang='lat' dir='ltr'><strong>miseram</strong></span> <span class='ocrx_word' id='word_1_843' title='bbox 3410 5174 3715 5244; x_wconf 78' lang='lat' dir='ltr'><strong>leguminum</strong></span> 
     </span>
    </p>
   </div>
   <div class='ocr_carea' id='block_1_115' title="bbox 2130 5263 3710 5342">
    <p class='ocr_par' dir='ltr' id='par_1_115' title="bbox 2130 5263 3710 5342">
     <span class='ocr_line' id='line_1_122' title="bbox 2130 5263 3710 5342; baseline -0.008 -16"><span class='ocrx_word' id='word_1_844' title='bbox 2130 5289 2330 5337; x_wconf 79' lang='lat' dir='ltr'><strong>escam;</strong></span> <span class='ocrx_word' id='word_1_845' title='bbox 2370 5287 2438 5324; x_wconf 84' lang='lat' dir='ltr'><strong>an</strong></span> <span class='ocrx_word' id='word_1_846' title='bbox 2476 5270 2829 5342; x_wconf 79' lang='lat' dir='ltr'><strong>assignatqu</strong></span> <span class='ocrx_word' id='word_1_847' title='bbox 2866 5283 2995 5337; x_wconf 76' lang='lat' dir='ltr'><strong>opus</strong></span> <span class='ocrx_word' id='word_1_848' title='bbox 3037 5266 3245 5330; x_wconf 84' lang='lat' dir='ltr'><strong>durum,</strong></span> <span class='ocrx_word' id='word_1_849' title='bbox 3280 5273 3333 5317; x_wconf 91' lang='lat' dir='ltr'><strong>ut</strong></span> <span class='ocrx_word' id='word_1_850' title='bbox 3373 5273 3478 5325; x_wconf 83' lang='lat' dir='ltr'><strong>est,</strong></span> <span class='ocrx_word' id='word_1_851' title='bbox 3521 5263 3710 5332; x_wconf 76' lang='lat' dir='ltr'><strong>fodere,</strong></span> 
     </span>
    </p>
   </div>
   <div class='ocr_carea' id='block_1_116' title="bbox 2131 5353 3715 5435">
    <p class='ocr_par' dir='ltr' id='par_1_116' title="bbox 2131 5353 3715 5435">
     <span class='ocr_line' id='line_1_123' title="bbox 2131 5353 3715 5435; baseline -0.009 -16"><span class='ocrx_word' id='word_1_852' title='bbox 2131 5366 2271 5435; x_wconf 86' lang='lat' dir='ltr'><strong>ligna</strong></span> <span class='ocrx_word' id='word_1_853' title='bbox 2298 5364 2516 5434; x_wconf 74' lang='lat' dir='ltr'><strong>deferre,</strong></span> <span class='ocrx_word' id='word_1_854' title='bbox 2552 5378 2738 5432; x_wconf 77' lang='lat' dir='ltr'><strong>aquam</strong></span> <span class='ocrx_word' id='word_1_855' title='bbox 2761 5370 3100 5430; x_wconf 76' lang='lat' dir='ltr'><strong>comportare,</strong></span> <span class='ocrx_word' id='word_1_856' title='bbox 3132 5368 3180 5412; x_wconf 87' lang='lat' dir='ltr'><strong>et</strong></span> <span class='ocrx_word' id='word_1_857' title='bbox 3208 5365 3388 5411; x_wconf 66' lang='lat' dir='ltr'><strong>cratera</strong></span> <span class='ocrx_word' id='word_1_858' title='bbox 3419 5356 3589 5409; x_wconf 83' lang='lat' dir='ltr'><strong>omnia</strong></span> <span class='ocrx_word' id='word_1_859' title='bbox 3615 5353 3715 5405; x_wconf 74' lang='lat' dir='ltr'><strong>iut-</strong></span> 
     </span>
    </p>
   </div>
   <div class='ocr_carea' id='block_1_117' title="bbox 2122 5444 3712 5526">
    <p class='ocr_par' dir='ltr' id='par_1_117' title="bbox 2122 5444 3712 5526">
     <span class='ocr_line' id='line_1_124' title="bbox 2122 5444 3712 5526; baseline -0.006 -19"><span class='ocrx_word' id='word_1_860' title='bbox 2122 5455 2352 5526; x_wconf 78' lang='lat' dir='ltr'><strong>jusmodi</strong></span> <span class='ocrx_word' id='word_1_861' title='bbox 2391 5454 2703 5520; x_wconf 72' lang='lat' dir='ltr'><strong>ministeria;</strong></span> <span class='ocrx_word' id='word_1_862' title='bbox 2739 5463 2786 5506; x_wconf 88' lang='lat' dir='ltr'><strong>et</strong></span> <span class='ocrx_word' id='word_1_863' title='bbox 2821 5461 2876 5506; x_wconf 90' lang='lat' dir='ltr'><strong>ut</strong></span> <span class='ocrx_word' id='word_1_864' title='bbox 2911 5451 3204 5506; x_wconf 84' lang='lat' dir='ltr'><strong>summatim</strong></span> <span class='ocrx_word' id='word_1_865' title='bbox 3238 5450 3425 5512; x_wconf 88' lang='lat' dir='ltr'><strong>dicam,</strong></span> <span class='ocrx_word' id='word_1_866' title='bbox 3454 5447 3613 5501; x_wconf 86' lang='lat' dir='ltr'><strong>multa</strong></span> <span class='ocrx_word' id='word_1_867' title='bbox 3651 5444 3712 5498; x_wconf 85' lang='lat' dir='ltr'><strong>dc</strong></span> 
     </span>
    </p>
   </div>
   <div class='ocr_carea' id='block_1_118' title="bbox 2129 5538 3711 5617">
    <p class='ocr_par' dir='ltr' id='par_1_118' title="bbox 2129 5538 3711 5617">
     <span class='ocr_line' id='line_1_125' title="bbox 2129 5538 3711 5617; baseline -0.006 -18"><span class='ocrx_word' id='word_1_868' title='bbox 2129 5548 2290 5617; x_wconf 83' lang='lat' dir='ltr'><strong>quiete</strong></span> <span class='ocrx_word' id='word_1_869' title='bbox 2312 5547 2538 5616; x_wconf 83' lang='lat' dir='ltr'><strong>corporis</strong></span> <span class='ocrx_word' id='word_1_870' title='bbox 2565 5545 2915 5616; x_wconf 82' lang='lat' dir='ltr'><strong>percontabar.</strong></span> <span class='ocrx_word' id='word_1_871' title='bbox 2942 5545 3010 5598; x_wconf 82' lang='lat' dir='ltr'><strong>At</strong></span> <span class='ocrx_word' id='word_1_872' title='bbox 3042 5543 3138 5597; x_wconf 92' lang='lat' dir='ltr'><strong>hos</strong></span> <span class='ocrx_word' id='word_1_873' title='bbox 3162 5542 3265 5606; x_wconf 91' lang='lat' dir='ltr'><strong>ille,</strong></span> <span class='ocrx_word' id='word_1_874' title='bbox 3294 5541 3382 5610; x_wconf 92' lang='lat' dir='ltr'><strong>qui</strong></span> <span class='ocrx_word' id='word_1_875' title='bbox 3405 5554 3526 5594; x_wconf 86' lang='lat' dir='ltr'><strong>sese</strong></span> <span class='ocrx_word' id='word_1_876' title='bbox 3546 5538 3711 5592; x_wconf 88' lang='lat' dir='ltr'><strong>menti</strong></span> 
     </span>
    </p>
   </div>
   <div class='ocr_carea' id='block_1_119' title="bbox 2129 5630 3712 5711">
    <p class='ocr_par' dir='ltr' id='par_1_119' title="bbox 2129 5630 3712 5711">
     <span class='ocr_line' id='line_1_126' title="bbox 2129 5630 3712 5711; baseline -0.008 -18"><span class='ocrx_word' id='word_1_877' title='bbox 2129 5639 2426 5695; x_wconf 81' lang='lat' dir='ltr'><strong>ollerebant</strong></span> <span class='ocrx_word' id='word_1_878' title='bbox 2470 5639 2673 5711; x_wconf 87' lang='lat' dir='ltr'><strong>obices,</strong></span> <span class='ocrx_word' id='word_1_879' title='bbox 2727 5637 2939 5691; x_wconf 89' lang='lat' dir='ltr'><strong>virtutis</strong></span> <span class='ocrx_word' id='word_1_880' title='bbox 2986 5644 3043 5691; x_wconf 88' lang='lat' dir='ltr'><strong>et</strong></span> <span class='ocrx_word' id='word_1_881' title='bbox 3086 5632 3375 5689; x_wconf 86' lang='lat' dir='ltr'><strong>severioris</strong></span> <span class='ocrx_word' id='word_1_882' title='bbox 3420 5630 3712 5700; x_wconf 72' lang='lat' dir='ltr'><strong>disciplinae</strong></span> 
     </span>
    </p>
   </div>
   <div class='ocr_carea' id='block_1_120' title="bbox 2133 5718 3710 5797">
    <p class='ocr_par' dir='ltr' id='par_1_120' title="bbox 2133 5718 3710 5797">
     <span class='ocr_line' id='line_1_127' title="bbox 2133 5718 3710 5797; baseline -0.007 -13"><span class='ocrx_word' id='word_1_883' title='bbox 2133 5744 2315 5785; x_wconf 88' lang='lat' dir='ltr'><strong>amore</strong></span> <span class='ocrx_word' id='word_1_884' title='bbox 2350 5729 2560 5797; x_wconf 90' lang='lat' dir='ltr'><strong>ductus,</strong></span> <span class='ocrx_word' id='word_1_885' title='bbox 2592 5726 2808 5783; x_wconf 87' lang='lat' dir='ltr'><strong>tandem</strong></span> <span class='ocrx_word' id='word_1_886' title='bbox 2845 5725 3136 5796; x_wconf 87' lang='lat' dir='ltr'><strong>superavit,</strong></span> <span class='ocrx_word' id='word_1_887' title='bbox 3169 5730 3226 5780; x_wconf 89' lang='lat' dir='ltr'><strong>et</strong></span> <span class='ocrx_word' id='word_1_888' title='bbox 3250 5721 3316 5778; x_wconf 89' lang='lat' dir='ltr'><strong>ad</strong></span> <span class='ocrx_word' id='word_1_889' title='bbox 3340 5720 3429 5778; x_wconf 88' lang='lat' dir='ltr'><strong>illa</strong></span> <span class='ocrx_word' id='word_1_890' title='bbox 3456 5718 3710 5776; x_wconf 82' lang='lat' dir='ltr'><strong>montium</strong></span> 
     </span>
    </p>
   </div>
  </div>
