3948 6416
196 422 262 478 93
1417 409 1598 466 NUNC
1639 405 1901 464 PRIMUM
1941 403 2332 460 ADORNA'I‘A.
3416 421 3482 475 9‘

199 533 544 588 tabernacula
567 529 910 587 conscendit:
931 527 1058 582 nihil
1079 539 1296 596 patuere
1319 524 1504 578 matris
1526 535 1713 593 preces
1739 529 1793 575 et

199 625 466 694 lacrymte,
501 632 559 676 ut
587 623 734 676 illum
754 627 1057 676 averterent
1081 635 1110 674 a
1135 627 1241 672 tam
1271 616 1468 672 salubri
1496 616 1789 684 proposito,

199 716 288 769 sed
322 714 526 769 Christi
559 714 785 768 consilio
812 713 1091 780 obtemper
1129 729 1156 762 ιι
1195 750 1209 776 ,
1239 717 1463 763 matrem
1490 705 1707 774 reliquit
1736 713 1794 758 ut

200 805 370 875 ipsum
396 812 738 874 sequeretur.
1769 810 1773 814 '

265 897 495 950 Joannes
521 897 574 950 in
602 895 905 949 monasterio
925 910 1085 947 annos
1103 910 1134 962 q
1207 901 1322 946 tuor
1347 890 1674 959 transigit.—-
1691 888 1790 943 illo

196 1001 316 1041 eum
345 986 587 1040 venisset
618 984 788 1056 (Anno
820 985 944 1040 574.
976 983 1054 1038 uel
1090 984 1126 1038 5
1162 982 1196 1037 5
1223 980 1471 1051 ineunte),
1510 981 1561 1034 in
1593 978 1788 1049 Syrum

193 1079 484 1151 quemdam
526 1077 743 1143 incidit,
783 1075 1136 1131 severissimze
1164 1074 1459 1143 disciplinae
1498 1085 1704 1137 senem,
1734 1077 1790 1124 et

143 1171 147 1176 ’
193 1173 412 1227 duriora
443 1171 562 1240 ejus
583 1171 704 1224 vita:
725 1169 966 1223 instituta
992 1168 1230 1221 imitatus
1256 1174 1340 1220 est
1359 1164 1514 1218 anuis
1537 1171 1784 1231 quatuor,

197 1266 405 1319 luctans
426 1279 550 1318 cum
575 1263 908 1331 voluptatum
931 1259 1186 1330 seopulis,
1209 1273 1344 1328 quos
1371 1256 1529 1311 facile
1551 1271 1658 1308 non
1681 1262 1788 1308 tam

195 1357 379 1411 labore
413 1371 572 1425 quam
604 1355 812 1408 ratione
841 1351 1111 1423 superavit
1136 1349 1367 1419 (Pallad.
1397 1365 1449 1416 p.
1481 1347 1593 1417 41).
1621 1345 1788 1400 Paulo

195 1459 480 1518 postquam
513 1446 578 1500 ad
621 1455 830 1500 montes
860 1441 1143 1498 secedendi
1173 1453 1333 1496 causa
1373 1455 1434 1494 se
1465 1436 1784 1502 contulerat,

195 1555 222 1592 a
251 1538 528 1593 Demetrio
566 1537 738 1590 amico
780 1542 997 1604 rogatus
1037 1533 1227 1588 librum
1268 1531 1336 1585 de
1363 1527 1788 1598 Compunctione

193 1632 382 1687 edidit.
443 1630 555 1684 lloc
601 1630 830 1698 primum
876 1627 1145 1697 specimen
1199 1623 1348 1678 dedit
1397 1620 1674 1691 scriptoris
1719 1618 1788 1673 ad

195 1739 407 1778 summa
449 1722 558 1775 nati
598 1739 611 1776 :
647 1720 732 1796 hic
778 1719 1031 1790 quidquid
1076 1717 1142 1771 ad
1181 1714 1512 1772 suadendum
1560 1712 1788 1768 validius

194 1815 487 1885 excogitari
522 1821 693 1883 potest
725 1811 1026 1866 adhibetur.
1071 1811 1196 1865 Post
1237 1809 1380 1864 hunc
1426 1822 1554 1862 vero
1593 1807 1786 1861 librum

194 1908 259 1962 ad
290 1906 623 1962 Steleehium
661 1904 890 1959 alterum
928 1903 1009 1958 de.
1031 1900 1458 1970 Compunctione
1484 1897 1787 1953 ardentiore

197 2004 339 2073 ston
359 1999 526 2053 misit.
558 1999 612 2052 ln
653 1998 826 2067 primo
851 1994 916 2050 ad
949 1996 1272 2050 Demetrium
1299 2009 1358 2048 se
1395 2006 1568 2060 nuper
1601 1988 1667 2045 ad
1704 1999 1786 2041 ta-

197 2090 483 2146 bernacula
514 2088 893 2144 monachorum
921 2085 1181 2142 accedere
1208 2084 1511 2140 decrevisse
1529 2081 1623 2149 ait,
1651 2089 1704 2135 et
1733 2082 1785 2135 in

197 2180 551 2250 sequentibus
582 2195 640 2234 se
672 2179 780 2233 illic
808 2189 917 2232 tum
943 2177 1148 2232 versari
1179 2175 1413 2230 insinuat
1441 2191 1455 2228 :
1487 2187 1654 2244 quare
1682 2186 1787 2226 una

200 2272 298 2326 fuit
327 2271 572 2326 omnium
597 2270 778 2340 Opinio
805 2269 906 2323 hoc
927 2283 1061 2338 opus
1086 2266 1320 2323 edidisse
1340 2265 1601 2321 Joannem
1626 2263 1790 2334 paulo

198 2375 481 2437 postquam
511 2363 577 2419 ad
629 2361 952 2418 monasteria
990 2377 1050 2416 se
1077 2359 1398 2425 contulerat,
1433 2365 1490 2413 et
1524 2373 1649 2412 cum
1679 2356 1788 2411 illic

201 2467 538 2515 versaretur.
566 2457 765 2512 Verum
791 2454 1162 2510 Tillemontius
1187 2460 1373 2506 contra
1399 2451 1538 2505 hanc
1567 2457 1786 2504 senten-

199 2555 344 2617 tiam,
380 2567 538 2622 quam
569 2559 745 2605 tamen
785 2548 1006 2604 omnino
1046 2561 1150 2600 non
1181 2544 1408 2614 respuit,
1439 2558 1498 2598 se
1523 2541 1787 2596 validissi-

198 2659 344 2696 mum
369 2643 533 2697 telum
561 2649 916 2710 contorquere
944 2646 1115 2708 putat,
1143 2651 1263 2691 cum
1291 2637 1385 2702 ait,
1414 2633 1501 2689 hic
1525 2633 1786 2688 Joannem

197 2737 267 2790 ita
307 2735 471 2806 loqui,
514 2745 571 2788 ut
601 2743 710 2788 tum
747 2732 1025 2802 presbyter
1064 2729 1230 2785 fuisse
1265 2743 1484 2799 prorsus
1521 2725 1784 2781 videatur.

199 2827 396 2881 Verum
426 2837 482 2880 ut
508 2826 558 2878 in
585 2824 782 2879 Monito
803 2823 868 2877 ad
895 2822 1038 2877 hunc
1063 2821 1254 2876 librum
1276 2820 1529 2884 diximus,
1551 2817 1787 2872 utetiam

197 2919 506 2972 monuimus
543 2926 666 2971 aute
708 2915 901 2969 librum
945 2914 1014 2969 de
1043 2913 1378 2983 Virginitatc,
1414 2912 1488 2967 ita
1529 2911 1790 2967 familiare

197 3023 278 3066 est
303 3009 708 3081 Chrysostomo,
728 3007 996 3062 variorum
1023 3020 1308 3076 personam
1331 3004 1572 3069 induere,
1596 3016 1788 3073 nempe

197 3105 595 3174 episcoporum,
640 3099 1099 3170 presbyterorum,
1133 3098 1242 3152 imo
1271 3097 1433 3152 etiam
1475 3096 1789 3166 conjugato-

199 3211 340 3257 rum,
379 3192 520 3263 quod
551 3191 812 3261 exemplis
837 3189 1237 3259 comprobatur,
1276 3198 1335 3244 ut
1373 3188 1505 3242 nihil
1544 3187 1668 3242 hinc
1707 3189 1789 3241 in-

199 3285 324 3339 ferri
355 3298 513 3354 posse
535 3282 752 3336 omnino
772 3281 1038 3337 videatur.
1055 3280 1289 3350 Tempus
1316 3280 1476 3350 igitur
1495 3279 1584 3334 ille
1601 3289 1789 3349 aperte

199 3377 424 3437 indicat.
475 3391 596 3430 cum
650 3382 834 3430 narrat
881 3389 943 3428 se
991 3389 1161 3444 nuper
1207 3373 1276 3429 ad
1328 3373 1650 3428 monasteria
1702 3387 1791 3429 se-

197 3469 446 3525 cessisse.

274 3559 461 3614 Scribit
494 3557 733 3612 adversus
769 3565 1138 3628 oppugnatores
1167 3555 1282 3610 vitae
1314 3555 1606 3610 monasticw
1631 3555 1790 3609 alios-

201 3672 315 3724 que.
360 3683 434 3693 —
490 3653 683 3707 Valens
736 3651 1070 3720 Imperator,
1117 3650 1208 3720 qui
1256 3649 1507 3703 Arianam
1555 3648 1786 3703 hzeresin

202 3747 526 3810 sectabatur,
558 3745 670 3800 dira
704 3745 755 3798 in
781 3743 1120 3810 Catholicos,
1164 3743 1500 3816 maximeque
1527 3742 1579 3796 in
1604 3757 1788 3796 monac

201 3839 334 3893 chos
363 3837 577 3891 molitus
605 3843 705 3891 est.
737 3835 1042 3904 Tamenque
1063 3877 1078 3901 ,
1105 3834 1231 3888 dum
1262 3833 1428 3888 frater
1453 3833 1569 3902 ejus
1595 3832 1788 3887 Valen-

204 3929 438 3983 tinianus
463 3929 584 3998 pius
603 3935 655 3982 et
680 3926 986 3982 Catholicus
1015 3925 1256 3990 viveret,
1292 3939 1359 3979 ne
1390 3923 1608 3978 fratrem
1637 3938 1790 3978 com-

203 4027 466 4084 moveret,
495 4035 521 4070 a
544 4019 828 4073 vexatione»
852 4015 1131 4071 inferenda
1153 4014 1464 4070 desistebat.
1501 4014 1790 4083 Postquam

203 4119 384 4165 autem
411 4108 811 4162 Valentinianus
835 4121 866 4161 e
891 4105 1029 4160 vivis
1061 4112 1367 4160 excesserat
1404 4119 1544 4158 anno
1571 4105 1705 4168 574,
1739 4105 1790 4158 in

202 4199 510 4255 Catholicos
537 4197 749 4266 impune
774 4205 1082 4266 grassatur,
1129 4195 1464 4263 maximeque
1507 4193 1560 4246 in
1601 4208 1790 4246 mona-

200 4292 334 4347 chos
354 4333 369 4354 ,
419 4303 554 4358 quos
587 4289 744 4358 jussit
772 4303 837 4341 ex
861 4286 1076 4342 sedibus
1105 4285 1226 4355 pel-li
1247 4325 1262 4349 ,
1293 4284 1360 4338 ad
1390 4283 1631 4337 militiam
1659 4299 1791 4338 con-

201 4381 387 4445 scribi,
418 4391 473 4435 et
499 4381 548 4434 in
578 4395 820 4434 carceres
845 4379 1056 4447 conjici.
1085 4378 1172 4432 Sic
1202 4375 1536 4430 Antiochiam
1564 4377 1792 4430 tumultu

203 4485 520 4542 terroreque
559 4471 782 4542 replevit
825 4470 946 4540 (An.
970 4470 1096 4524 575.
1128 4468 1206 4523 vel
1231 4466 1383 4540 576).
1416 4467 1564 4522 Tune
1591 4468 1794 4522 amicus

202 4567 422 4637 quidam
462 4564 680 4618 Joannis
718 4563 770 4616 in
801 4552 1087 4617 solitudine
1127 4562 1369 4632 degentis
1406 4561 1556 4615 illum
1585 4561 1716 4615 adiit
1739 4569 1795 4616 et

206 4664 454 4728 precatus
504 4663 623 4721 est,
683 4663 740 4708 ut
786 4652 1169 4707 monachorum
1212 4661 1267 4707 et
1315 4651 1624 4708 monastica:
1671 4653 1794 4707 vita:

202 4762 422 4802 causam
465 4744 775 4799 defenderet
815 4743 1017 4814 (Chrys.
1047 4753 1086 4799 t.
1119 4744 1170 4797 l.
1210 4748 1310 4802 col.
1362 4745 1466 4803 3'20
1533 4753 1582 4796 et
1609 4744 1790 4815 scqq.).

203 4838 342 4893 Rem
385 4847 491 4890 tam
520 4837 802 4890 immanem
833 4835 916 4888 vix
954 4833 1173 4888 credere
1200 4841 1410 4902 poterat
1431 4833 1667 4888 Joannes
1694 4851 1706 4886 :
1740 4842 1796 4888 at

208 4932 297 4987 ubi
323 4947 386 4985 ex
414 4929 570 4985 amici
587 4936 800 4984 narratu
829 4927 1159 4982 verissimam
1186 4941 1308 4981 esse
1336 4926 1617 4996 comperit,
1648 4934 1796 4982 tanto

207 5022 489 5092 perculsus
531 5020 712 5075 dolore
760 5020 891 5086 fuit,
950 5028 1007 5072 ut
1053 5018 1105 5072 in
1157 5018 1420 5089 lacrymas
1466 5025 1792 5086 erumperet,

209 5120 488 5185 Deumque
517 5124 820 5183 precaretur
840 5155 856 5179 ,
889 5113 964 5168 uti
992 5128 1053 5167 se
1079 5127 1149 5167 ex
1186 5111 1288 5166 hac
1316 5112 1423 5165 vita
1453 5110 1692 5176 tolleret,
1725 5126 1795 5165 ne

205 5206 406 5263 similia
447 5205 628 5260 videre
673 5212 973 5274 cogeretur.
1030 5201 1164 5256 Tum
1210 5201 1255 5254 is
1281 5200 1370 5270 qui
1402 5207 1657 5263 venerat,
1689 5215 1796 5253 non

204 5298 315 5366 jam
352 5307 560 5365 tempus
604 5293 934 5366 lacrymandi
973 5307 1092 5348 esse
1131 5291 1298 5358 dixit,
1346 5289 1440 5345 sed
1473 5299 1618 5344 tanto
1658 5290 1797 5344 malo

208 5387 598 5444 occurrendum
622 5402 769 5452 esse,
822 5385 963 5457 quod
993 5386 1105 5456 ipse
1144 5391 1388 5454 poterat,
1443 5382 1489 5436 si
1542 5382 1798 5450 scriptum

209 5482 430 5546 ederet,
485 5493 590 5550 quo
640 5478 948 5533 violentiam
1004 5474 1308 5545 huiusmodi
1360 5472 1547 5529 sedare
1593 5480 1794 5541 posset.

210 5573 520 5643 Respondet
559 5571 792 5627 Joannes
841 5578 1079 5624 metuere
1107 5583 1166 5623 se
1195 5583 1263 5622 ne
1291 5566 1516 5638 gentiles
1547 5565 1799 5619 Ecclesia:

213 5667 308 5721 Dei
331 5665 668 5728 insultarent,
697 5663 742 5717 si
770 5662 906 5717 mala
935 5660 1050 5730 ejus
1070 5676 1132 5715 ex
1157 5661 1356 5728 scripto
1383 5672 1480 5712 suo
1509 5657 1797 5710 discerent.

211 5756 443 5824 Repouit
490 5755 616 5818 ille,
670 5753 816 5807 istmc
858 5749 1036 5805 omnia
1083 5749 1191 5818 jam
1235 5747 1462 5818 gentiles
1492 5759 1798 5816 cognosse:

210 5848 655 5919 Christianosque
703 5858 821 5902 esse
866 5841 1164 5911 multosque
1211 5841 1308 5896 sibi
1354 5848 1505 5895 notos
1547 5836 1636 5910 qui
1679 5836 1800 5892 talia

1907 527 2293 588 perpetrarent.
2339 518 2474 573 Tum
2505 535 2632 576 vero
2667 521 2898 580 Joannes
2928 528 3156 584 amicum
3184 528 3484 602 dimittens,

1897 627 1957 665 se
1984 611 2036 664 id
2069 609 2327 680 facturum
2358 612 2628 682 pollicitus
2656 623 2737 670 est
2768 634 2781 669 :
2810 627 2970 689 atque
2996 618 3157 678 hosce
3181 630 3292 682 tres
3316 625 3484 682 libros

1895 704 2082 771 edidit.
2116 694 2315 760 Prioris
2342 706 2526 760 titulus
2553 715 2653 772 est,
2683 709 2935 766 Adversus
2965 712 3349 786 Oppugnatores
3367 719 3484 773 vita

1895 798 2188 850 monasticae
2215 812 2234 851 :
2263 798 2317 851 in
2342 799 2577 853 secundo
2595 841 2611 866 ,
2635 801 2722 853 cui
2747 801 2930 857 titulus
2955 844 2969 867 ,
2997 804 3078 860 Ad
3102 808 3360 876 inﬁdelem
3383 827 3482 882 pa-

1896 895 2050 952 trem,
2094 885 2235 941 idem
2273 889 2641 956 argumentum
2674 893 3012 963 persequitur
3039 913 3052 948 :
3086 897 3140 951 in
3176 901 3366 966 tertio,
3398 903 3484 957 cui

1896 977 2110 1041 titulus,
2141 977 2223 1030 Ad
2247 977 2448 1047 ﬁdelem
2473 988 2699 1049 patrem,
2731 996 2844 1037 rem
2874 985 3173 1043 accuratius
3202 990 3476 1059 expendit,

1893 1069 2233 1141 ostenditque
2273 1086 2432 1140 quam
2471 1072 2689 1130 difﬁcile
2730 1075 2800 1129 sit
2829 1076 2880 1130 in
2912 1079 3112 1133 mundo
3138 1084 3368 1138 versanti
3393 1099 3483 1140 sa-

1893 1161 2056 1217 lutem
2082 1163 2355 1234 consequi,
2387 1173 2441 1219 et
2458 1164 2595 1220 ﬁlios
2615 1167 2908 1222 secundum
2927 1168 3286 1228 Christianam
3310 1159 3482 1246 legem

1892 1254 2139 1311 educare.
2181 1255 2239 1310 In
2265 1258 2626 1313 masculorum
2655 1275 2784 1316 vero
2813 1264 3184 1322 concubitores
3223 1270 3486 1326 acerrime

1897 1346 2167 1402 invehitur
2195 1364 2210 1403 :
2243 1348 2385 1418 quod
2432 1351 2696 1407 nefarium
2743 1354 3240 1413 scelus'Antiochize
3281 1360 3351 1415 ita
3399 1361 3483 1417 in-

1890 1439 2152 1504 valuerat,
2184 1449 2242 1494 ut
2269 1441 2564 1509 periculum
2597 1452 2760 1508 esset,
2791 1445 2980 1515 inquit,
3014 1463 3082 1504 ne
3108 1464 3273 1505 sexus
3295 1455 3485 1508 mulie-

1891 1529 2004 1584 bris
2045 1530 2511 1599 jamsuperﬂuus
2565 1533 2890 1591 efﬁceretur.
2949 1539 3008 1593 ln
3058 1543 3295 1597 secundo
3348 1544 3487 1599 libro

1892 1619 2168 1675 historiam
2195 1623 2361 1676 refert
2400 1623 2678 1692 cujusdam
2715 1627 2871 1681 amici
2911 1629 3031 1693 sui,
3079 1633 3168 1700 qui
3206 1634 3486 1688 solitariam

1891 1711 2046 1764 vitam
2059 1710 2324 1781 amplexus
2344 1716 2510 1782 fuerat
2536 1728 2556 1766 :
2586 1716 2730 1784 cujus
2753 1727 2895 1786 pater
2921 1719 3142 1787 inﬁdelis
3166 1735 3292 1790 erat,
3324 1727 3482 1793 dives,

1891 1811 2146 1871 spectatus
2175 1813 2220 1856 et
2249 1803 2578 1860 clarissimus.
2625 1804 2682 1859 Is
2727 1811 2946 1874 primum
2991 1814 3260 1867 concitavit
3295 1818 3488 1885 princi-

1892 1911 1999 1963 pes,
2027 1895 2248 1949 minatus
2269 1905 2342 1951 est
2369 1897 2592 1963 uincula,
2625 1899 2890 1970 ipsumque
2909 1903 3075 1971 ﬁlium
3101 1909 3334 1963 omnibus
3359 1928 3484 1966 exu-

1894 1996 2002 2041 tum
2030 1989 2082 2043 in
2110 1990 2277 2044 aliena
2303 1999 2438 2044 terra
2466 1991 2668 2060 reliquit
2692 2033 2707 2058 ,
2737 1998 3028 2050 necessariis
3055 2000 3206 2053 etiam
3233 2003 3486 2059 alimentis

1892 2088 2116 2148 egentem
2146 2096 2166 2134 :
2193 2079 2286 2134 hoc
2309 2081 2460 2134 modo
2486 2092 2672 2151 putans
2697 2099 2750 2138 se
2773 2083 2922 2138 illum
2940 2087 3009 2139 ad
3032 2089 3204 2144 seaculi
3227 2093 3379 2146 vitam
3409 2111 3488 2148 re-

1893 2170 2188 2225 ducturum.
2209 2171 2488 2243 Postquam
2505 2183 2672 2228 autem
2685 2175 2832 2229 illum
2861 2178 2914 2230 in
2936 2179 3079 2233 nullo
3104 2181 3198 2234 sibi
3213 2183 3387 2238 cedere
3413 2186 3487 2240 vi-

1892 2260 1998 2326 dit,
2021 2263 2180 2317 victus
2196 2263 2396 2317 tandem
2429 2265 2742 2334 palinodiam
2760 2267 2957 2322 cecinit.
2981 2268 3054 2324 Ac
3073 2287 3205 2326 nunc
3220 2273 3273 2327 in
3297 2275 3488 2331 honore

1893 2353 2059 2421 ﬁlium
2084 2354 2266 2422 habet,
2298 2372 2510 2426 eumque
2540 2359 2702 2428 magis
2723 2399 2737 2424 ,
2773 2375 2924 2428 quam
2950 2362 2995 2414 si
3019 2372 3163 2432 pater
3190 2382 3311 2420 suus
3331 2379 3479 2436 esset,

1891 2452 2158 2497 veneratur
2186 2461 2206 2500 :
2231 2461 2444 2514 cumque
2468 2445 2601 2501 alios
2638 2449 2818 2503 habeat
2861 2450 2998 2519 ﬁlios
3022 2493 3037 2516 ,
3078 2465 3329 2523 spectatos
3347 2499 3361 2522 ,
3394 2476 3482 2514 eos

1832 2555 1852 2617 .I
1892 2551 1956 2589 ηε
1979 2536 2161 2607 dignos
2188 2538 2391 2606 quidem
2427 2540 2516 2611 qui
2550 2541 2678 2594 serui
2709 2542 2863 2612 hujus
2892 2543 2993 2597 sint
3027 2545 3304 2602 arbitratur
3335 2552 3486 2621 :ipse

1891 2644 2096 2698 quoque
2122 2639 2328 2700 propter
2357 2631 2522 2698 ﬁlium
2545 2631 2695 2702 longe
2719 2633 2907 2688 clarior
2925 2643 3017 2690 est.

1890 2751 1892 2753 -
1965 2719 2020 2773 in
2061 2720 2218 2774 tertio
2247 2729 2424 2776 autem
2455 2721 2594 2778 libro
2639 2724 2859 2779 alteram
2906 2725 3071 2783 refert
3099 2728 3375 2787 historiam
3397 2735 3485 2804 ju.

1892 2816 2048 2868 venis
2074 2813 2352 2883 cujusdam
2380 2814 2737 2883 nobilissimi,
2766 2818 2916 2887 cujus
2948 2821 3266 2894 paedagogus
3299 2842 3484 2882 mona-

1891 2905 2026 2960 chus
2051 2914 2186 2971 erat,
2216 2921 2247 2961 a
2275 2922 2382 2977 quo
2410 2907 2702 2989 paedagogo
2725 2917 2892 2964 totum
2913 2911 3148 2970 Joannes
3174 2915 3482 2989 edidicerat.

1893 2996 2126 3066 Hujusce
2153 2998 2480 3067 pueri‘pater.
2505 2987 2791 3056 Christiani
2821 3001 2994 3060 ofﬁcia
3017 3020 3204 3074 parum
3237 2987 3480 3080 curabat,

1892 3097 2064 3142 mater
2103 3103 2232 3143 vero
2274 3089 2470 3158 pietate
2509 3092 2732 3159 praidita
2777 3103 2894 3153 erat
2931 3104 2987 3150 et
3032 3096 3318 3154 admodum
3361 3105 3487 3158 reli-

1891 3178 2060 3249 giosa.
2109 3179 2270 3234 Pater
2315 3180 2480 3234 lilium
2529 3181 2596 3236 ad
2643 3184 2930 3240 saeculares
2977 3187 3150 3243 solum
3194 3161 3483 3262 dignitates

1891 3283 2210 3339 promovere
2255 3271 2574 3341 cogitabat;
2605 3283 2778 3328 mater
2808 3290 2941 3330 vero
2970 3276 3022 3332 id
3052 3295 3214 3334 unum
3237 3284 3485 3351 curabat,

1893 3369 1952 3416 ut
1991 3375 2087 3430 per
2115 3362 2238 3416 vita:
2283 3363 2618 3418 sanctitatem
2667 3380 2889 3436 regnum
2919 3369 3133 3426 caeleste
3162 3386 3482 3445 mereretur,

1891 3461 1946 3508 et
1973 3453 2188 3522 quidem
2220 3468 2316 3524 per
2345 3455 2468 3510 vitae
2510 3457 2822 3512 monasticae
2851 3461 3126 3518 exercitia.
3171 3463 3250 3519 Ex
3277 3466 3483 3527 educa-

1893 3543 2053 3599 tionis
2079 3553 2257 3600 autem
2283 3545 2443 3602 modo
2470 3556 2638 3603 totum
2667 3549 2930 3618 pendebat
2960 3569 2973 3605 :
3001 3566 3324 3627 quapropter
3349 3527 3486 3616 con;

1885 3633 2001 3706 jugi
2040 3634 2208 3690 suasit
2251 3644 2308 3690 ut
2338 3637 2486 3691 illum
2515 3639 2855 3695 Antiochiam
2889 3634 3165 3712 mitteret,
3197 3658 3253 3702 ut
3277 3649 3346 3714 ibi
3376 3651 3482 3707 lin-
3531 3653 3542 3663 '

1891 3741 2048 3797 gnam
2088 3727 2329 3783 Latinam
2364 3737 2418 3784 et
2443 3727 2683 3786 Graecam
2711 3732 2971 3788 edisceret
2998 3746 3281 3808 antequam
3309 3741 3486 3805 balteo

1894 3818 2344 3888 praecingeretur;
2391 3835 2510 3890 qua:
2538 3820 2702 3876 baltei
2731 3824 3043 3894 praaeinctio
3072 3836 3197 3883 tunc
3224 3829 3290 3884 ad
3317 3834 3487 3903 magi-

1895 3917 2095 3963 stratus
2133 3919 2188 3964 et
2236 3909 2601 3966 nobilissimos
2649 3912 2794 3966 viros
2842 3915 3158 3983 pertinebat.
3215 3919 3325 3974 Sub
3368 3923 3484 3977 haec

1895 4009 2070 4054 autem
2102 4001 2398 4056 solitarium
2429 4017 2496 4056 ex
2536 4005 2806 4060 montibus
2849 4009 3129 4074 evocavit,
3177 4010 3245 4065 ab
3283 4011 3482 4083 illoque

1897 4093 2049 4161 petiit
2073 4134 2087 4159 ,
2131 4101 2190 4146 ut
2216 4093 2307 4148 lilii
2338 4095 2419 4147 sui
2446 4095 2784 4151 Antiochiam
2811 4098 2877 4152 ad
2916 4100 3088 4156 studia
3118 4103 3358 4159 mittendi
3391 4123 3487 4162 cu-

1896 4201 2009 4239 ram
2043 4186 2288 4252 haberet,
2325 4186 2531 4256 ipsique
2559 4187 2831 4258 ptedagogi
2861 4190 2980 4246 loco
3002 4203 3162 4248 esset.
3189 4169 3484 4265 omnem;

1899 4289 1986 4332 tur
2012 4279 2100 4333 ille
2128 4295 2190 4332 ac
2232 4277 2481 4344 dicebat,
2535 4278 2588 4332 id
2620 4278 2786 4334 officii
2832 4295 2938 4335 non
2983 4297 3140 4352 posse
3177 4298 3486 4356 competere

1896 4370 2182 4425 monacho.
2233 4371 2303 4425 At
2342 4370 2428 4424 illa
2471 4369 2682 4437 obnixis
2712 4373 2961 4441 precibus
3001 4383 3110 4429 tam
3141 4378 3490 4442 vehementer

1898 4462 2123 4530 institit,
2180 4470 2240 4516 ut
2289 4461 2502 4516 demum
2555 4463 2849 4519 monachus
2896 4464 3300 4537 obsequeretur.
3354 4471 3489 4528 Cum

1899 4571 2066 4626 puero
2114 4555 2272 4625 igitur
2312 4554 2650 4611 Antiochiam
2702 4557 2869 4611 venit.
2923 4557 3159 4624 Joannes
3185 4577 3350 4630 vero,
3397 4566 3489 4636 qui

1899 4656 2024 4702 tunc
2055 4648 2105 4701 in
2135 4648 2266 4702 urbe
2293 4657 2406 4701 erat
2427 4688 2442 4714 ,
2489 4655 2544 4702 et
2574 4647 2718 4702 illum
2749 4648 2808 4710 in
2843 4651 3166 4709 monasterio
3210 4653 3491 4725 degentem

1898 4740 2136 4807 viderat,
2195 4748 2535 4809 percontatus
2580 4748 2664 4794 est
2705 4739 2830 4810 quid
2873 4756 3048 4797 causa:
3093 4755 3235 4799 esset
3284 4756 3341 4800 ut
3384 4747 3492 4802 tate

1899 4833 2136 4888 ollleium
2165 4833 2479 4900 susciperet.
2535 4831 2628 4885 llle
2658 4847 2786 4886 vero
2816 4848 2929 4886 rem
2957 4837 3191 4890 narravit
3220 4845 3277 4891 ut
3305 4853 3490 4908 supra.

1900 4922 2241 4991 Puerumque
2269 4921 2345 4975 sic
2365 4919 2621 4984 instituit,
2654 4920 2732 4975 sic
2758 4921 2826 4975 ad
2856 4926 3165 4980 monasticae
3197 4927 3316 4980 vita:
3342 4943 3492 4981 amo-
3528 4951 3566 5001 ,-

1901 5031 2016 5069 rcm
2057 5012 2438 5077 inﬂammavit,
2474 5021 2532 5066 ut
2560 5012 2718 5080 paulo
2748 5023 2932 5082 postea
2957 5014 3006 5069 in
3032 5017 3375 5086 solitudinem
3403 5034 3492 5075 se-

1901 5107 2149 5169 cederet,
2182 5112 2236 5159 et
2266 5104 2335 5158 ibi
2367 5103 2714 5157 monasticam
2743 5099 2905 5158 vitam
2945 5117 3240 5162 exerceret.
3289 5109 3488 5164 Verum

1901 5196 2134 5252 Joannes
2179 5204 2362 5251 noster
2409 5203 2653 5249 metuens
2693 5211 2760 5250 ne
2789 5206 2938 5266 pater
2963 5197 3116 5268 ejus,
3167 5200 3256 5268 qui
3303 5210 3491 5254 natura

1904 5285 2188 5353 iracundus
2217 5295 2331 5340 erat
2352 5327 2365 5350 ,
2403 5284 2456 5338 in
2483 5285 2718 5340 furorem
2745 5302 2950 5355 versus,
2983 5299 3037 5342 et
3063 5289 3410 5358 paedagogum
3439 5301 3496 5346 et

1904 5377 2198 5433 monachos
2240 5377 2380 5431 male
2422 5378 2709 5446 multaret,
2757 5379 2973 5434 domum
3007 5390 3247 5448 repetere
3273 5383 3492 5452 coegit:

1903 5469 1993 5524 ubi
2024 5469 2115 5523 ille
2143 5483 2172 5522 a
2203 5467 2488 5538 pardagogo
2517 5469 2592 5523 sic
2619 5468 2893 5525 institutus
2917 5510 2931 5532 ,
2965 5469 3176 5523 lectioni
3203 5469 3495 5542 Scriptura:

1905 5573 2070 5614 sacrae
2095 5601 2109 5622 ,
2150 5559 2397 5628 jejuniis,
2428 5559 2618 5629 vigiliis
2645 5560 2957 5628 caaterisque
2985 5561 3293 5616 monasticis
3335 5580 3498 5619 εχει-ς

1905 5652 2046 5706 ciliis
2071 5651 2228 5706 dabat
2272 5667 2488 5722 operam
2521 5669 2533 5706 :
2565 5666 2790 5720 cumque
2833 5651 3042 5721 ingenio
3083 5653 3319 5723 valeret,
3363 5658 3498 5714 alios

1907 5743 2068 5798 etiam
2110 5757 2303 5812 pueros
2353 5743 2418 5795 ad
2463 5741 2692 5811 idipsum
2738 5742 2861 5795 vita:
2889 5756 3058 5812 genus
3084 5744 3287 5799 allcxit.
3339 5745 3497 5801 Pater

1911 5851 2036 5909 vero
2066 5836 2228 5907 ipsius
2261 5834 2392 5890 nihil
2421 5848 2525 5890 non
2552 5833 2659 5906 egit
2690 5841 2747 5890 ut
2767 5833 2915 5891 illum
2934 5835 3002 5892 ab
3029 5834 3128 5894 hoc
3158 5837 3278 5893 vita:
3300 5853 3498 5910 genere
