3948 6404
512 372 580 430 δέ
1609 368 1666 419 5.
1697 366 1974 421 MANle
2011 365 2487 424 CHRYSOSTOMI
2532 371 2709 436 VITA,
3697 395 3761 452 9:5

512 497 814 554 averteret;
841 498 891 540 at
920 486 1009 541 ille
1039 485 1263 540 feliciter
1279 485 1469 552 emptis
1496 485 1564 537 ita
1595 484 1816 538 firmiter
1842 483 2099 540 haerebat.

514 591 570 636 ut
598 581 729 634 nihil
760 586 936 649 posset
957 592 1080 632 eum
1105 577 1214 631 alio
1236 575 1519 631 abducere.

589 669 787 725 Eodem
827 668 1041 723 circiter
1071 677 1313 736 tempore
1341 666 1585 722 emisisse
1629 667 1841 721 videtur
1866 666 2102 736 Chryso-

514 774 719 818 smmus
763 760 1081 830 opusculum
1121 758 1252 813 illud
1291 759 1539 826 elegans,
1583 757 1725 828 quod
1774 757 2100 822 inscribitur,

515 855 842 922 (Joinparatio
873 838 1028 922 Regis
1053 863 1100 906 et
1125 851 1365 905 Monac/ii
1393 849 1478 923 (Τ.
1507 851 1560 906 1.
1587 865 1634 901 c.
1659 850 1760 903 387
1780 850 1824 922 ).
1855 849 1950 904 Hic
1976 865 2104 904 vero

515 945 706 1015 probat
745 960 870 999 eum
908 945 998 1014 qni
1036 936 1387 1012 philosorhiae
1410 979 1430 1008 ,μ
1459 940 1510 996 id
1536 951 1618 996 eat
1644 942 1768 995 vita:
1796 941 2104 995 monasticae

513 1040 606 1094 dat
633 1053 887 1108 operam,
936 1050 1116 1106 regem
1142 1050 1266 1090 vere
1293 1033 1398 1088 dici
1428 1048 1621 1104 posse;
1662 1034 1770 1088 imo
1797 1044 1923 1102 rege
1943 1031 2102 1087 ditio-

513 1143 628 1184 rem
666 1139 723 1184 et
766 1129 1118 1198 potentiorem
1143 1134 1159 1193 ,'
1190 1128 1242 1182 in
1283 1125 1424 1180 bello
1455 1124 1731 1180 fortiorem
1755 1166 1771 1191 ,
1801 1125 2106 1180 hominibus

513 1220 856 1276 demerendis
882 1234 947 1275 ac
975 1218 1236 1274 beneficio
1262 1216 1518 1274 ornandis
1553 1217 1814 1287 aptiorem
1837 1257 1851 1282 ,
1880 1213 1933 1270 in
1958 1212 2103 1270 obitu

513 1313 830 1368 beatiorem.
2055 1387 2059 1391 ,

587 1403 654 1458 In
705 1403 945 1474 spelunca
987 1411 1078 1473 per
1121 1397 1376 1457 biennium
1418 1402 1645 1457 inclusus
1692 1411 1875 1454 manu.
1921 1430 1992 1440 -—
2047 1399 2102 1452 In

516 1496 786 1551 montibus
831 1505 885 1549 et
929 1495 988 1548 in
1029 1494 1389 1550 tabernaculis
1438 1491 1823 1548 monachorum
1870 1489 2104 1546 Joannes

516 1594 699 1640 noster
727 1599 826 1655 per
845 1584 1256 1654 quadriennium
1284 1585 1568 1640 asceticam
1593 1585 1703 1654 egit
1734 1584 1892 1637 vitam
1925 1582 1945 1654 (
1969 1581 2096 1634 Pal-

517 1674 625 1728 lad.
650 1692 703 1745 p.
733 1673 824 1746 Η)
849 1713 862 1737 .
916 1675 968 1729 in
1009 1674 1230 1744 jej'uniis
1253 1716 1270 1741 ,
1299 1675 1491 1745 vigiliis
1514 1714 1528 1737 ,
1557 1674 1887 1744 psalmorum
1917 1682 2099 1738 cantu,

516 1767 832 1835 exterisque
859 1765 1120 1834 ejusmodi
1145 1765 1416 1822 etercitiis
1445 1765 1588 1820 diem
1612 1775 1667 1820 et
1705 1772 1910 1834 partem
1934 1765 2104 1820 noctis

515 1858 804 1912 maximam
835 1859 1134 1927 transigens
1155 1897 1171 1924 ,
1204 1859 1320 1912 solo
1345 1872 1481 1927 pane
1505 1866 1561 1913 et
1587 1873 1746 1928 aqua,
1773 1857 1968 1912 additis
1996 1859 2102 1912 for-

515 1959 659 2004 tasse
689 1948 925 2004 oleribus
946 1950 1031 2004 vel
1051 1949 1427 2020 leguminibus,
1458 1951 1706 2004 victitans
1736 1967 1750 2005 ε
1783 1965 1954 2020 neque
1988 1959 2100 2004 tam

514 2052 702 2094 severa
739 2039 1016 2110 disciplina
1043 2049 1100 2096 et
1123 2040 1292 2097 victus
1335 2041 1544 2097 ratione
1579 2041 1856 2097 remissior
1884 2040 2104 2097 effectus

515 2142 598 2186 eSt
620 2173 635 2196 ,
685 2132 792 2187 imo
822 2149 950 2188 vero
977 2134 1249 2189 ardentior
1273 2133 1478 2200 evasit,
1519 2141 1575 2188 et
1602 2143 1721 2203 post
1740 2142 1972 2203 quatuor
1993 2132 2101 2186 ela-

516 2235 642 2290 psos
667 2236 838 2278 annos
864 2224 916 2278 in
947 2225 1259 2295 Speluncam
1290 2241 1352 2280 se
1377 2226 1528 2280 solus
1558 2224 1788 2279 inclusit.
1816 2221 1954 2291 Quid
1979 2238 2105 2278 vero

513 2315 634 2369 istic
661 2325 862 2384 ageret,
894 2328 1000 2370 non
1028 2327 1111 2374 est
1135 2315 1537 2388 disquirendum
1564 2360 1579 2384 ,
1615 2329 1790 2387 neque
1818 2332 1846 2370 a
1876 2317 2102 2385 scripto-

511 2405 660 2459 ribus
707 2416 996 2472 narratur,
1042 2417 1246 2462 certum
1299 2418 1475 2463 tamen
1521 2417 1604 2463 est
1649 2424 1770 2462 eum
1821 2406 1951 2462 nihil
1995 2421 2099 2462 non

511 2493 684 2564 egisse
710 2503 768 2549 ut
789 2506 1005 2550 carnem
1031 2497 1275 2552 demat-et
1311 2506 1366 2551 et
1407 2495 1518 2552 Deo
1555 2495 1877 2552 ferventiore
1903 2498 2098 2568 junge-
2143 2529 2151 2537 -

509 2595 659 2640 retur
680 2600 880 2640 amore.
911 2587 1011 2641 Per
1040 2588 1311 2642 biennium
1341 2596 1518 2642 autem
1550 2587 1670 2643 istic
1694 2589 1932 2643 inclusus
1958 2603 2099 2642 utan-

508 2675 598 2740 sit,
627 2676 894 2746 longiores
921 2677 1062 2733 haud
1079 2678 1238 2735 dubie
1261 2678 1502 2734 facturus
1519 2695 1718 2745 moras,
1750 2681 1849 2734 nisi
1874 2681 2098 2734 adversa

504 2749 812 2821 valetudine
850 2768 1101 2822 laborans
1124 2811 1140 2834 ,
1185 2784 1250 2822 ex
1299 2769 1550 2838 spelunca
1577 2779 1630 2824 et
1655 2786 1719 2824 ex
1747 2771 2017 2825 mamilius
2044 2772 2096 2826 in

509 2858 697 2911 urbem
749 2858 924 2912 redire
975 2846 1196 2912 coactus
1247 2868 1412 2914 esset.
1478 2859 1611 2913 illud
1658 2876 1788 2915 vero
1833 2861 2097 2918 accidisse

506 2945 726 2998 omnino
772 2946 980 3001 videtur
1025 2962 1166 3001 anno
1211 2947 1322 3018 jam
1373 2959 1614 3004 vertente
1662 2949 1766 3005 580
1796 2969 1809 3004 ε
1841 2951 1913 3004 ita
1951 2951 2095 3006 enim

507 3036 773 3090 constabit
795 3053 824 3090 a
848 3037 1002 3093 nobis
1021 3039 1312 3093 constituta
1331 3050 1629 3110 temporum
1650 3042 1785 3096 ratio
1805 3059 1820 3096 :
1841 3041 1886 3096 si
1903 3057 2096 3114 nempe

507 3127 593 3180 vel
628 3134 866 3183 vertente
892 3142 1031 3181 anno
1057 3128 1186 3194 574,
1208 3129 1290 3184 vel
1317 3129 1535 3186 ineunte
1555 3131 1681 3198 575,
1713 3129 1779 3185 ad
1801 3142 2012 3186 montes
2039 3143 2096 3187 et

507 3219 832 3274 monasteria
871 3234 929 3274 se
955 3220 1245 3275 contulerit
1261 3262 1278 3286 ,
1307 3221 1484 3292 ibique
1507 3237 1603 3279 sex
1628 3238 1799 3280 annos
1822 3233 1914 3280 aut
1938 3225 2094 3280 circi—

508 3320 588 3363 ter
616 3311 965 3381 transegerit,
994 3321 1052 3366 ut
1076 3312 1346 3368 Palladius
1371 3315 1554 3370 refert.

576 3401 736 3454 Annis
763 3401 889 3467 580,
919 3401 1042 3456 581.
1072 3403 1256 3458 Redua;
1274 3403 1480 3458 domum
1508 3406 1678 3460 scribit
1697 3407 1765 3460 ad
1781 3405 2084 3479 Stagiriunt.

507 3474 569 3543 Ῠ.
607 3491 657 3544 1.
690 3513 736 3550 c.
759 3495 881 3552 425.
913 3523 983 3532 —
998 3492 1187 3550 Redux
1212 3494 1428 3549 domum
1451 3505 1506 3551 et
1527 3496 1832 3554 inﬁrmitate
1849 3474 2090 3569 corporis

503 3583 754 3637 mborans
792 3585 1030 3640 inclusus
1073 3601 1291 3642 manere
1316 3588 1644 3658 cogebatur,
1692 3591 2087 3647 advenientium

499 3673 706 3728 visendi
743 3689 904 3728 causa
930 3676 1228 3731 amicorum
1254 3677 1536 3748 colloquiis
1567 3681 1805 3734 animum
1834 3697 2086 3738 recreans

498 3777 554 3819 et
581 3760 910 3837 argritudinis
939 3768 1276 3824 incommoda
1308 3771 1537 3826 leniens.
1581 3773 1748 3826 Paulo
1798 3782 1918 3844 post
1957 3775 2078 3830 red-

503 3859 637 3912 itum
665 3874 838 3923 suum,
864 3870 916 3914 et
945 3859 1181 3928 quidem,
1213 3860 1258 3914 si
1287 3861 1496 3916 Socrati
1524 3862 1655 3917 fides
1684 3863 1773 3931 sit,
1805 3872 2083 3934 postquam

496 3947 753 4004 diaconus
781 3964 811 4002 a
839 3949 1047 4004 Meletio
1075 3949 1351 4006 ordinatus
1389 3950 1584 4020 fuerat,
1613 3953 1779 4008 libros
1804 3954 1872 4009 ad
1903 3955 2079 4025 Stagi-

493 4037 632 4098 rium
659 4053 688 4092 a
715 4039 961 4095 daemone
1003 4052 1246 4097 vexatum
1271 4085 1290 4111 ,
1331 4053 1386 4099 et
1425 4045 1525 4098 sibi
1559 4054 1713 4100 antea
1740 4046 2078 4117 familiarem,

495 4128 710 4196 scripsit
755 4144 896 4185 anno
935 4132 1039 4187 580
1073 4142 1352 4201 vertente,
1394 4136 1476 4190 vel
1507 4135 1876 4193 58Lineunte.
1927 4139 2079 4207 Quod

489 4227 666 4273 autem
694 4219 747 4274 id
776 4219 973 4277 factum
1001 4225 1222 4279 sitcum
1245 4225 1396 4281 domi
1416 4237 1580 4296 esset,
1600 4237 1654 4283 et
1680 4230 1869 4299 capitis
1892 4231 2078 4287 dolore

489 4309 834 4378 corporisque
882 4311 1192 4370 infirmitate
1236 4315 1485 4372 detentus
1516 4319 1698 4390 egredi
1732 4335 1838 4374 non
1871 4332 2074 4392 posset,

491 4395 606 4462 ipse
631 4396 868 4452 declarat
896 4400 1045 4456 initio
1070 4404 1227 4474 primi
1267 4405 1387 4459 libri
1417 4406 1500 4461 his
1525 4410 1736 4464 Verbis:
1770 4411 2076 4480 Oportuerat

486 4499 578 4536 nos
605 4484 691 4536 tibi
714 4501 850 4537 nunc
873 4488 1048 4543 adesse
1069 4531 1084 4555 ,
1107 4501 1257 4558 atque
1285 4494 1337 4545 in
1361 4510 1701 4550 terumnarum
1727 4510 1929 4555 tuarum
1953 4520 2074 4557 con-

485 4575 696 4628 sortium
719 4577 933 4630 transire
950 4619 963 4643 ,
991 4595 1052 4632 ac
1071 4581 1232 4634 verbis
1256 4583 1568 4638 exhortando
1591 4627 1605 4650 ,
1643 4603 1794 4658 apere
1818 4591 2072 4659 jucunda,

489 4672 768 4736 cunctaque
792 4667 986 4736 reliqua
1014 4686 1106 4739 pro
1139 4669 1270 4724 uirili
1308 4683 1482 4726 nostra
1507 4686 1650 4745 parte
1685 4678 1950 4748 inferendo
1979 4683 2070 4736 ob;

482 4759 654 4826 sequia
675 4801 689 4826 ,
737 4769 929 4828 partem
958 4764 1181 4833 aliquam
1204 4765 1362 4819 lenire
1386 4770 1615 4823 maeroris
1643 4785 1663 4824 :
1693 4772 1929 4838 quoniam
1957 4790 2070 4828 vero

480 4857 527 4900 et
560 4850 786 4918 corporis
803 4851 938 4904 mala
963 4853 1193 4907 valetudo
1217 4897 1232 4920 ,
1263 4865 1309 4909 et
1334 4857 1556 4913 invectus
1584 4859 1637 4913 in
1668 4871 1820 4930 caput
1843 4873 2071 4917 nostrum

482 4937 662 5003 dolor,
711 4939 849 4993 danti
895 4957 987 4996 nos
1015 4955 1216 4998 manere
1255 4947 1628 5015 compulerunt,
1656 4950 1896 5021 nobisque
1940 4955 2069 5007 tanti

479 5029 610 5081 latri
639 5031 970 5086 ministerium
1003 5035 1316 5091 abstulerunt
1334 5056 1354 5103 ;
1393 5040 1509 5108 jam
1538 5042 1672 5110 quod
1717 5043 1964 5113 reliquum
1994 5056 2068 5100 est

481 5135 571 5188 pro
594 5121 937 5176 consolatione
962 5134 1048 5178 tua
1075 5136 1122 5180 et
1149 5143 1241 5195 pro
1272 5130 1485 5184 utilitate
1516 5142 1688 5184 nostra
1713 5175 1728 5199 ,
1771 5134 1866 5187 hoc
1900 5145 1954 5188 ut
1980 5141 2064 5206 [a-

481 5215 643 5266 cnltas
672 5217 844 5266 nostra
869 5214 996 5281 fere:
1016 5257 1029 5279 ,
1056 5216 1292 5272 inducere
1321 5235 1421 5272 non
1443 5223 1776 5292 negligemus.

555 5303 677 5356 "me
719 5303 869 5358 initio
907 5305 1068 5358 Verba
1109 5304 1326 5361 Joannis
1357 5309 1631 5365 attulimus
1655 5353 1670 5376 ,
1718 5313 1870 5382 qu‘eis
1897 5307 2061 5369 Tille-

481 5396 660 5446 montii
689 5396 974 5466 Objectioni
1023 5400 1444 5468 respondeam-us
1465 5444 1479 5466 ,
1511 5405 1600 5473 qui
1627 5407 1756 5459 dicit
1784 5423 1796 5460 :
1825 5407 2062 5465 Joannes-

481 5482 652 5532 un'tnizi
676 5487 789 5552 Quae
817 5488 883 5542 de
920 5484 1151 5559 Stagirio
1195 5492 1552 5546 narrabantur
1577 5534 1591 5558 ,
1644 5510 1701 5550 se
1731 5498 1945 5555 audisse
1975 5500 2060 5554 di-

480 5571 552 5623 cit
578 5588 590 5622 :
619 5572 662 5624 si
689 5590 817 5629 vero
849 5579 1144 5635 Antiochiae
1170 5577 1390 5646 fuisset,
1422 5585 1642 5640 vidisset
1669 5588 1810 5656 ipse,
1844 5607 1941 5647 nec
1967 5608 2060 5648 so-

482 5660 588 5713 lum
631 5663 812 5716 auditu
861 5671 1190 5738 percepisset
1235 5673 1305 5727 ab
1345 5674 1484 5728 aliis.
1531 5675 1684 5731 Unde
1733 5679 1894 5735 infert
1937 5693 2060 5740 tunc

482 5751 736 5807 Joannem
781 5754 830 5809 in
873 5757 1156 5817 solitudine
1187 5766 1268 5820 vel
1302 5767 1354 5822 in
1390 5766 1643 5838 spelunca
1665 5809 1680 5838 ,
1731 5787 1836 5827 non
1865 5775 2050 5831 Antio-

1609 5924 1621 5932 .
1636 5925 1753 5944 ,τινες
1780 5931 1807 5939 ..

2211 485 2347 541 dbia:
2377 486 2558 544 fuisse.
2591 487 2686 544 Cui
2715 491 3001 562 objeCtioni
3028 495 3262 555 Joannes
3283 516 3317 555 ε
3343 518 3595 576 principio
3617 514 3740 580 aptis

2211 577 2346 634 sime
2406 581 2682 650 respondit
2727 593 2785 638 ut
2829 594 2991 656 supra
3024 607 3036 641 :
3069 579 3207 646 unde
3255 594 3418 663 .iquet
3456 598 3598 655 illum
3635 577 3763 660 domi

2213 667 2520 724 infirmitate
2550 671 2882 730 laborantem
2918 677 3033 734 haec
3061 680 3366 751 scripsisse,
3396 696 3499 742 non
3530 700 3691 747 auwm
3717 699 3763 750 in

2209 759 2462 828 spelunca
2488 761 2791 832 degentem.

2281 848 2540 920 Stagirins
2563 853 2721 922 igitur
2740 855 2903 911 nobili
2926 857 3046 916 loco
3072 871 3248 931 natus,
3275 880 3307 918 a
3334 870 3530 926 teneris
3557 872 3606 928 in
3627 873 3764 931 Chri-

2211 941 2384 994 sriana
2411 940 2514 997 fide
2543 943 2822 1014 educatus,
2851 950 3112 1021 principio
3131 954 3344 1023 quidem
3372 963 3597 1018 terrenis
3621 960 3764 1023 rebus

2209 1029 2456 1087 addictus
2482 1041 2636 1098 erat;
2685 1036 2780 1091 sed
2819 1037 2970 1093 brevi
3015 1052 3202 1110 postea
3227 1045 3485 1106 abdicatis
3521 1052 3763 1112 facultati-

2211 1119 2309 1174 bus
2333 1123 2623 1194 mundique
2647 1125 2872 1196 deliciis,
2901 1131 3062 1188 vitam
3085 1139 3455 1209 monasticam,
3483 1143 3638 1201 invito
3657 1139 3765 1206 licet

2209 1211 2611 1285 reluctanteque
2658 1227 2844 1286 patre,
2898 1224 3174 1291 amplexus
3229 1237 3332 1284 est.
3403 1230 3559 1289 Initio
3611 1246 3762 1295 tamen

2210 1313 2316 1357 non
2367 1305 2439 1359 ita
2476 1305 2796 1378 diligenter,
2842 1321 2900 1367 ut
2954 1328 3049 1384 par
3098 1315 3323 1385 fuisset,
3365 1323 3460 1378 sed
3505 1327 3766 1386 oscitanter

2211 1401 2265 1448 et
2311 1395 2674 1466 perfunctorie
2717 1416 2805 1456 res
2846 1407 3102 1461 asceticas
3149 1411 3440 1478 tractabat,
3481 1421 3764 1490 generisque

2209 1487 2290 1540 sui
2335 1487 2522 1543 fiducia
2559 1489 2744 1558 fretus,
2774 1508 3055 1553 monentes
3078 1515 3137 1554 se
3164 1517 3306 1571 agre
3337 1505 3658 1566 admittebat.
3678 1487 3764 1568 fe-

2211 1593 2329 1632 rum
2357 1581 2712 1649 prospiciente
2738 1591 2972 1654 numine,
3000 1604 3066 1645 ne
3096 1603 3213 1660 post
3234 1607 3506 1663 peractum
3529 1609 3762 1660 tantarum

2207 1683 2371 1739 opum
2398 1673 2736 1742 sacrificium,
2766 1677 2934 1732 levius
2959 1683 3234 1750 praemium
3255 1685 3517 1757 Stagirius
3542 1693 3756 1762 referret,

2209 1775 2238 1812 a
2267 1759 2511 1817 daemone
2547 1767 2832 1837 corripitur
2873 1779 2927 1824 et
2967 1774 3302 1844 exagitator;
3347 1779 3420 1833 ita
3460 1791 3516 1837 ut
3540 1759 3763 1843 distortus

2209 1865 2400 1906 manus
2428 1850 2672 1921 vidisses,
2705 1867 2885 1914 torvos
2911 1861 3116 1929 oculos,
3143 1866 3252 1920 oris
3280 1882 3545 1938 spumam,
3567 1873 3761 1931 horren~

2211 1941 2332 1996 dam
2359 1952 2412 1996 et
2434 1944 2713 2002 confusam
2739 1964 2950 2020 vocem,
2977 1957 3224 2026 corporis
3249 1967 3563 2032 tremorem,
3583 1966 3760 2024 diutur-

2209 2049 2330 2089 nam
2377 2050 2569 2093 sensus
2619 2041 2977 2110 privationem
3023 2066 3036 2102 :
3080 2061 3142 2104 ac
3199 2055 3442 2121 repetitis
3491 2057 3761 2130 frequenter

2207 2126 2411 2182 vicibus
2461 2144 2628 2200 usque
2676 2133 2812 2190 adeo
2860 2147 3123 2210 vexatur,
3173 2152 3230 2197 ut
3271 2145 3324 2199 in
3358 2126 3657 2218 desperatas
3677 2156 3758 2210 sibi

2208 2227 2435 2274 mortem
2467 2223 2836 2280 consciscendi
2864 2229 3216 2299 cogitationes
3262 2236 3536 2294 interdum.
3555 2244 3752 2298 Veniret.

2207 2308 2342 2365 Hinc
2371 2327 2570 2369 mceror
2593 2326 2647 2370 et
2686 2319 2901 2375 tristitia
2932 2321 3137 2393 ingens.
3195 2326 3302 2383 Viae
3329 2344 3521 2388 omnes
3551 2334 3756 2404 placandi

2208 2401 2300 2456 Dei
2333 2411 2603 2461 tentantur
2623 2448 2640 2476 ,
2673 2409 2814 2464 nulla
2850 2413 3060 2482 proficit
3092 2433 3105 2470 :
3134 2429 3443 2476 sanctorum
3473 2401 3646 2492 preces
3678 2427 3756 2480 ad-

2209 2493 2483 2566 hibentur,
2510 2513 2610 2554 nec
2638 2503 2936 2559 vexationis
2965 2507 3084 2561 finis
3111 2508 3450 2578 impetratur.
3482 2514 3576 2571 Hic
3603 2525 3752 2572 tamen

2205 2601 2270 2640 ex
2326 2596 2404 2642 tot
2447 2592 2699 2647 terumnis
2753 2585 2956 2650 fruetus
3007 2600 3332 2668 percipitur,
3394 2614 3454 2658 ut
3507 2607 3592 2676 qui
3643 2607 3750 2662 olim

2203 2680 2496 2736 oscitanter
2539 2697 2599 2738 se
2639 2686 2902 2755 gerebat,
2945 2689 3057 2759 iam
3104 2691 3397 2750 ferventius
3429 2698 3510 2766 pia
3533 2697 3753 2754 exercitia

2201 2770 2395 2829 adiret.

2271 2863 2500 2919 Narratu
2541 2877 2724 2922 autem
2763 2868 3044 2942 Theophili
3074 2872 3322 2943 Ephesii,
3365 2879 3458 2949 qui
3487 2889 3540 2936 et
3564 2880 3755 2937 Joannis

2199 2961 2256 3007 et
2281 2953 2492 3025 Stagirii
2517 2957 2723 3013 amicus
2751 2969 2898 3029 erat,
2946 2973 3202 3020 evocatur
3229 2967 3297 3021 ad
3329 2975 3494 3026 tantae
3519 2972 3755 3026 calamita-

2201 3046 2269 3101 tis
2296 3046 2543 3104 solatium
2564 3047 2824 3119 Joannes,
2855 3053 3022 3122 ipsius
3051 3057 3256 3112 amicus
3288 3076 3302 3112 :
3334 3061 3569 3130 quicum
3595 3063 3753 3119 inorbo

2197 3136 2448 3193 detentus
2474 3180 2490 3206 ,
2530 3139 2693 3196 donto
2740 3143 3005 3201 excedere
3050 3162 3156 3201 non
3188 3149 3432 3220 Valeret,
3473 3162 3580 3209 tres
3619 3154 3755 3210 hosce

2197 3227 2364 3283 libros
2413 3229 2668 3300 scripsit,
2729 3235 2982 3291 lenienda
3033 3237 3207 3295 dolori
3261 3253 3589 3313 oppertunos
3627 3263 3639 3298 :
3680 3245 3752 3300 ubi

2194 3321 2442 3390 eXemplo
2458 3332 2766 3379 sanctorum
2781 3327 3056 3400 utriusque
3074 3329 3354 3389 Testamen
3362 3336 3400 3389 ti
3418 3338 3599 3406 probat
3613 3337 3751 3392 Deum

2194 3411 2275 3464 vel
2307 3412 2599 3470 carissimis
2617 3416 2719 3472 sibi
2741 3417 2866 3472 viris
2889 3422 3152 3477 atrociora
3179 3425 3298 3480 ideo
3319 3425 3602 3484 immisisse
3615 3427 3748 3492 mala,

2193 3511 2250 3555 ut
2266 3503 2464 3574 majora
2489 3508 2706 3575 praemia
2730 3509 3224 3585 splendidioresque
3239 3531 3474 3574 coronas
3491 3520 3742 3575 tribueret.

2192 3594 2441 3650 Animum
2472 3598 2547 3652 ait
2570 3600 2969 3659 calamitatibus
3010 3605 3266 3663 afflictum
3288 3652 3306 3677 ,
3346 3611 3630 3668 ferventius
3653 3612 3745 3666 Deo
3817 3673 3821 3677 ,

2189 3683 2486 3756 divinisque
2511 3689 2672 3744 rebus
2695 3689 2900 3748 bznrere
2928 3711 2942 3747 :
2975 3697 3209 3752 maculas
3232 3713 3424 3756 omnes
3444 3711 3498 3756 et
3525 3702 3641 3757 vitia
3662 3700 3745 3755 hac

2189 3779 2396 3832 ratione
2438 3779 2595 3835 citius
2639 3781 2916 3854 abster‘gi:
2965 3797 3021 3841 ut
3061 3786 3230 3857 ipsius
3271 3790 3488 3861 Stagirii
3531 3792 3747 3862 exemplo

2187 3867 2525 3936 comprobari
2551 3880 2799 3941 poterat,
2830 3875 2922 3946 qui
2947 3879 3227 3934 'oscitantia
3249 3923 3264 3949 ,
3296 3889 3534 3953 torpore,
3566 3894 3746 3939 tumore“

2186 3957 2509 4024 eliminatis,
2550 3961 2662 4030 jam
2711 3965 2852 4019 inter
2900 3965 3261 4026 ferventiores
3311 3973 3508 4030 Christi
3547 3978 3744 4031 athletas

2185 4048 2388 4118 primas
2431 4061 2655 4108 teneret.
2701 4056 3125 4131 Exemplumque
3168 4065 3320 4120 affert
3348 4067 3744 4139 DemOphilicn-

2180 4140 2394 4209 jusdam
2417 4143 2518 4198 sibi
2545 4147 2854 4204 amicissimi
2885 4153 2982 4207 viri
3003 4193 3018 4217 ,
3044 4154 3355 4212 Aristoxeni
3389 4168 3446 4215 et
3468 4161 3678 4225 aliorum
3697 4161 3741 4214 in

2182 4233 2520 4292 x’enodocbio
2562 4237 2870 4310 degentium
2896 4283 2912 4308 ,
2964 4247 3055 4315 qui
3097 4262 3220 4302 cum
3267 4252 3524 4320 patientia
3573 4259 3741 4323 magna

2181 4323 2313 4379 diris
2339 4328 2675 4385 vexabantur
2700 4333 2996 4392 doloribus.
3029 4337 3153 4395 litae
3181 4340 3270 4396 ille
3299 4341 3419 4400 fuse
3442 4355 3496 4400 et
3518 4347 3744 4416 ραιίιειίω

2181 4433 2276 4489 pro
2303 4435 2453 4476 more
2487 4436 2586 4478 suo
2627 4417 2994 4497 prosequitur,
3021 4438 3085 4486 ac
3109 4433 3329 4490 cuilibet
3355 4435 3604 4494 lenienda
3627 4453 3740 4494 mte-

2179 4511 2286 4564 rori
2308 4511 2606 4567 remedium
2631 4514 2787 4571 offert
2813 4518 3028 4589 legenti.

2246 4600 2480 4657 Joannes
2541 4619 2704 4671 vero,
2753 4609 2877 4677 qui,
2906 4625 3029 4666 cum
3084 4614 3312 4682 primum
3359 4618 3430 4673 ad
3481 4619 3737 4688 Stagirium

2178 4691 2370 4748 librum
2425 4696 2660 4751 scribere
2700 4701 2892 4770 erepit,
2945 4703 3117 4771 ipsum
3163 4706 3312 4764 adire
3359 4725 3467 4765 non
3515 4719 3737 4781 poterat;

2175 4783 2366 4838 morbo
2409 4795 2464 4839 ut
2509 4787 2730 4844 credere
2762 4801 2841 4846 est
2870 4793 3172 4862 relevatus,
3223 4797 3398 4868 ipsum
3444 4802 3571 4856 adiit
3609 4811 3737 4854 ante.

2173 4890 2331 4943 quam
2383 4875 2544 4933 hosce
2593 4880 2756 4936 libros
2807 4882 3142 4952 absolveret,
3182 4899 3240 4944 ut
3287 4892 3400 4961 ipse
3439 4908 3546 4948 non
3591 4891 3734 4948 semer

2173 4963 2426 5021 insinuat.
2480 4968 2631 5023 Domi
2677 4972 2866 5028 morbo
2911 4974 3158 5033 detentus
3213 4989 3368 5044 erat,
3396 4982 3607 5052 quando
3634 4981 3736 5050 plu-

2172 5058 2323 5113 rimis
2398 5062 2736 5118 narrantibus
2797 5066 3012 5136 Stagirii
3079 5071 3437 5128 calamitatem
3503 5073 3734 5136 edidicit,

2173 5158 2231 5202 ut
2281 5149 2394 5218 ipse
2443 5153 2556 5216 ait;
2595 5156 2990 5228 verisimileque
3049 5165 3151 5216 est
3185 5164 3360 5234 ipsum
3414 5166 3470 5220 in
3523 5166 3616 5221 bos
3661 5163 3734 5217 in-

2169 5238 2366 5294 cidisse
2432 5244 2681 5308 morbos,
2731 5249 2973 5316 corporis
3027 5252 3391 5322 aegritudinem
3458 5265 3515 5312 et
3571 5255 3735 5325 capitis

2169 5327 2410 5384 dolorem
2433 5372 2446 5394 ,
2477 5348 2598 5388 cum
2626 5336 2679 5390 in
2720 5338 2997 5407 Spelunca,
3027 5342 3116 5399 ubi
3155 5345 3425 5402 biennium
3459 5346 3696 5417 transegit
3715 5384 3730 5408 9

2169 5417 2343 5475 debile
2369 5436 2565 5494 corpus
2607 5441 2906 5487 maceraret
2927 5473 2943 5498 ,
2975 5443 3031 5488 et
3055 5436 3294 5494 animum
3314 5441 3580 5495 exercitiis
3604 5453 3732 5493 asce-

2169 5510 2289 5564 ticis
2317 5523 2573 5582 perpetuo
2600 5517 2865 5576 intentum
2901 5523 3184 5582 detineret.
3197 5529 3661 5603 Postquamauteni
3687 5526 3730 5580 vi

2169 5601 2340 5656 morbi
2374 5603 2425 5657 in
2451 5606 2636 5663 urbem
2663 5617 2717 5663 et
2737 5611 2952 5668 domum
3000 5631 3151 5672 suam
3191 5601 3364 5675 redire
3392 5631 3604 5676 coaetus
3639 5627 3726 5679 est.

2170 5693 2396 5748 necdum
2423 5712 2457 5750 a'
2483 5700 2670 5754 morbo
2701 5707 3139 5785 reet'catns,.h:ec
3164 5711 3230 5776 de
3255 5712 3478 5784 Stagirio
3507 5710 3724 5783 plurimis

2175 5785 2511 5842 narrantibus
2532 5790 2749 5848 audivit.
