3948 6486
332 381 395 438 97
1519 381 1708 437 NUNC
1750 381 2014 440 PRIMUM
2055 384 2446 450 summa“.
3546 401 3612 458 se

405 501 668 556 Diaccnus
701 502 969 555 ordinatur
998 516 1130 553 anno
1162 509 1376 552 vertente
1425 498 1528 552 580
1552 539 1567 564 ,
1607 499 1683 552 uel
1725 500 1924 553 ineunte

335 591 461 650 58L
488 620 559 633 --
590 592 682 646 Ait
725 591 1012 654 Socrates,
1065 604 1220 658 quem
1266 598 1556 657 sequuntur
1587 587 1926 643 ilermantius

335 684 530 752 aliique
563 696 783 746 omnes,
833 695 942 735 uno
985 687 1208 748 excepto
1254 679 1635 744 Tillemontio,
1665 678 1922 733 Joannem

331 773 442 843 jam
494 771 780 826 diaconum
845 771 1038 834 fuisse,
1089 769 1302 838 quando
1355 768 1421 823 ad
1463 767 1748 838 Stagiriunt
1793 769 1924 824 scri-

336 865 459 932 psit.
499 864 634 932 Quid
662 905 676 927 ,
718 863 761 916 si
807 861 1011 916 dicatur
1066 862 1212 915 illum
1257 859 1536 930 scripsisse
1583 861 1808 930 primum
1857 860 1922 914 ad

331 953 624 1024 Stagirium
647 954 871 1020 librum,
899 951 1112 1022 quando
1149 952 1338 1007 morbo
1381 951 1634 1006 detentus
1675 951 1926 1006 manebat

334 1044 479 1098 domi
506 1084 522 1109 ,
556 1043 798 1112 duosque
826 1043 961 1097 alios
998 1050 1278 1112 postquam
1317 1050 1588 1096 recreatus
1618 1057 1649 1096 a
1692 1042 1882 1096 morbo
1904 1082 1920 1107 ,

333 1135 591 1189 diaconus
619 1134 896 1188 ordinatus
919 1132 1132 1186 fuerat?
1159 1133 1348 1186 Verum
1379 1131 1495 1186 haec
1519 1132 1744 1186 salebris
1768 1133 1922 1201 plena

329 1237 458 1281 sunt
481 1269 498 1293 ,
533 1242 630 1281 nec
651 1231 826 1296 potest
853 1226 976 1294 quid
1015 1233 1161 1280 certo
1204 1225 1536 1294 pronuntiari
1567 1241 1585 1278 :
1629 1225 1699 1278 ita
1728 1237 1923 1294 nempe

333 1319 570 1374 breviter
589 1328 643 1373 et
670 1319 896 1373 obscure
919 1317 1034 1371 lucc
1059 1323 1346 1372 narrantur
1368 1333 1399 1371 a
1426 1316 1646 1372 Socrate
1671 1327 1725 1371 et
1746 1317 1920 1371 Palla~

331 1409 444 1464 dio.
475 1408 544 1466 Ut
573 1419 629 1463 ut
657 1423 746 1462 res
772 1416 854 1462 est
878 1447 894 1474 ,
921 1407 1196 1462 Ordinatus
1223 1407 1481 1462 diaconus
1517 1405 1617 1460 fuit
1657 1421 1688 1460 a
1711 1406 1922 1460 Meletio

332 1500 419 1553 vel
443 1513 587 1552 anno
612 1506 852 1552 vertente
871 1497 998 1563 580,
1023 1497 1102 1550 vel
1134 1497 1349 1552 ineunte
1377 1497 1473 1552 58i
1515 1513 1528 1550 :
1553 1511 1675 1550 nam
1707 1497 1920 1552 ineunte

331 1604 461 1645 vere
494 1589 731 1658 ejusdem
761 1591 883 1644 anni
906 1591 1004 1644 581
1038 1589 1280 1644 Melctius
1315 1589 1814 1659 Constantinopolin
1860 1604 1920 1645 se

325 1680 556 1735 contulit
580 1719 594 1744 ,
624 1679 803 1749 ibique
826 1679 968 1734 diem
995 1680 1207 1735 clausit.

406 1769 584 1824 Libros
631 1771 698 1823 ad
737 1769 950 1823 Viduam
992 1771 1241 1840 iuniorem
1290 1771 1478 1824 scribit.
1501 1795 1574 1811 -—
1597 1770 1762 1827 Paulo
1801 1783 1921 1843 post

325 1879 489 1934 quam
529 1863 784 1917 diaconus
813 1863 1018 1918 electus
1048 1861 1149 1916 fuit
1175 1862 1412 1919 Joannes
1444 1863 1601 1934 (Vide
1626 1863 1915 1936 'Mom'tum,

325 1966 368 2007 ι.
395 1957 447 2010 1.
477 1975 526 2012 c.
550 1953 705 2026 595),
725 1962 785 2008 ut
806 1969 870 2007 ex
898 1953 1011 2023 ipsa
1033 1953 1150 2024 ejus
1182 1954 1488 2009 narratione
1511 1955 1792 2026 diligenter
1820 1972 1918 2012 ex-

331 2046 538 2099 ulorata
585 2046 694 2113 jam
744 2057 842 2098 suo
887 2043 1006 2098 loco
1039 2044 1353 2110 statuimus,
1387 2044 1632 2100 videlicet
1669 2056 1915 2103 vertente

328 2151 470 2190 anno
509 2135 634 2202 380,
662 2136 745 2191 vel
790 2136 1005 2191 ineunte
1047 2137 1170 2202 581,
1205 2137 1370 2192 libros
1396 2137 1531 2193 duos
1575 2138 1642 2192 ad
1691 2139 1917 2196 Viduam

331 2228 608 2297 juniorem
651 2228 866 2293 emisit,
896 2229 994 2284 bac
1036 2229 1225 2285 ductus
1266 2231 1546 2287 occasione
1571 2272 1586 2298 ,
1617 2247 1775 2302 quam
1803 2233 1918 2304 ipse

318 2318 568 2388 pluribus
593 2320 852 2374 enuntiat.
879 2319 1168 2376 Therasius
1193 2362 1208 2388 ,
1246 2321 1329 2375 vir
1355 2322 1493 2376 inter
1519 2323 1800 2391 primarius
1833 2324 1914 2378 sui

327 2410 583 2480 temporis
611 2412 950 2480 conspicuus,
977 2427 1175 2482 genere
1202 2412 1646 2485 facultatibusque
1671 2415 1912 2486 insignis,

323 2519 485 2572 quem
516 2518 638 2573 spes
659 2513 778 2559 erat
806 2503 873 2558 ad
901 2504 1243 2573 praefecturas
1276 2514 1652 2575 perventurum
1680 2521 1819 2572 esse;
1848 2507 1914 2563 ad

323 2595 443 2648 haec
491 2593 787 2664 probitate,
820 2595 1080 2649 modestia
1101 2636 1116 2662 ,
1144 2595 1339 2665 pietate
1373 2604 1596 2651 ornatus
1617 2615 1630 2650 :
1655 2598 1706 2650 in
1745 2598 1916 2652 :etatis

323 2686 460 2740 ﬂore
504 2685 644 2738 diem
671 2685 805 2739 obiit
833 2695 1132 2740 extremum
1156 2726 1169 2751 ,
1202 2693 1482 2755 postquam
1514 2700 1684 2740 annos
1710 2694 1912 2740 tantum

319 2779 558 2848 quinque
597 2793 718 2832 cum
769 2792 934 2832 uxore
978 2786 1182 2846 egerat.
1225 2776 1395 2844 Quam
1442 2787 1500 2830 nt
1547 2777 1915 2832 consolaretur

322 2871 469 2925 hunc
492 2870 681 2924 librum
711 2869 880 2924 edidit
906 2869 1173 2925 Joannes:
1198 2877 1252 2924 et
1280 2870 1451 2939 primo
1474 2869 1566 2924 Dei
1591 2869 1911 2940 singularem

320 2977 450 3030 erga
481 2961 665 3016 viduas
694 2961 982 3016 exhibitam
1013 2975 1197 3015 curam
1226 2961 1295 3015 ob
1315 2961 1497 3016 oculos
1526 2961 1696 3030 ponit,
1723 2961 1913 3032 quibus

317 3058 488 3111 etiam
527 3056 627 3110 viri
679 3055 798 3111 loco
824 3070 943 3110 esse
971 3054 1180 3124 probat.
1209 3053 1342 3108 Hinc
1369 3053 1609 3109 honesta:
1645 3054 1913 3109 viduitatis

316 3146 633 3215 dignitatem
661 3162 724 3200 ex
755 3145 902 3200 Pauli
929 3144 1104 3199 verbis
1130 3144 1397 3208 celebrat,
1419 3160 1590 3214 neque
1619 3145 1909 3213 proborum

314 3239 472 3292 obitu
515 3237 852 3307 gaudendum
888 3253 1008 3292 esse
1047 3237 1400 3292 demonstrat.
1438 3238 1627 3292 Postea
1667 3238 1911 3294 humana!

319 3331 450 3384 vita:
479 3330 860 3386 volubilitatem
883 3339 940 3384 ut
965 3329 1211 3386 ostendat
1235 3372 1249 3396 ,
1283 3331 1584 3400 exemplum
1611 3330 1764 3385 affert
1780 3348 1911 3401 quo-

319 3421 568 3476 rumdam
600 3422 884 3492 insignium
921 3422 1185 3485 virorum,
1214 3421 1302 3490 qui
1333 3421 1398 3475 ad
1443 3420 1700 3490 majorem
1740 3424 1910 3478 evecti

316 3514 662 3584 dignitatem,
695 3513 953 3582 praecipiti
983 3512 1319 3581 violentaque
1343 3521 1514 3565 morte
1543 3511 1740 3568 sublati
1761 3521 1909 3570 sunt.

314 3602 431 3660 Nec
457 3605 520 3660 iis
544 3605 808 3660 beatiores
829 3618 950 3660 esse
972 3604 1046 3657 ait
1067 3601 1443 3672 imperatores,
1465 3601 1558 3657 sed
1582 3618 1687 3672 quo
1707 3603 1909 3673 majore

313 3697 531 3752 fortuna
564 3697 823 3750 tollantur
851 3695 905 3749 in
945 3694 1109 3750 altum
1131 3736 1145 3761 ,
1174 3708 1240 3749 eo
1263 3693 1510 3764 graviore
1535 3693 1685 3764 lapsu
1725 3709 1904 3749 ruere.

316 3786 455 3841 ilinc
483 3785 832 3854 imperatores
852 3785 934 3839 sui
956 3784 1211 3854 temporis
1231 3791 1513 3850 recenset,
1543 3784 1634 3852 qni
1662 3798 1760 3839 suo
1791 3799 1907 3840 azvo

315 3880 519 3934 misere
544 3879 848 3948 perierant;
879 3892 985 3931 non
1023 3875 1243 3947 prolatis
1270 3875 1607 3940 norn’sibus,
1633 3875 1728 3930 sed
1756 3876 1907 3931 invo-

316 3971 448 4026 lutis
472 3971 648 4026 verbis
668 4012 683 4038 ,
711 3985 829 4041 qua:
858 3983 957 4024 nos
986 3967 1368 4038 explicavimus
1410 3967 1463 4021 in
1493 3965 1712 4020 Monito.
1741 3965 1910 4022 Erant

313 4071 499 4117 autem
546 4062 903 4132 imperatores
947 4059 1024 4114 illi
1081 4073 1273 4114 novem
1315 4069 1572 4125 numero,
1603 4071 1670 4111 ex
1713 4056 1907 4127 quibus

313 4153 429 4208 duo
461 4161 662 4207 tantum
689 4150 960 4206 communi
1000 4157 1174 4204 morte
1195 4147 1390 4202 sublati
1421 4147 1635 4203 fuerant
1668 4165 1682 4201 :
1714 4162 1907 4203 novem

317 4245 399 4299 illi
435 4254 558 4298 sunt
583 4242 965 4298 Constantinus
1004 4247 1059 4296 et
1085 4249 1194 4295 tres
1221 4237 1311 4292 filii
1345 4237 1462 4306 ejus
1488 4237 1904 4307 Constantinus,

315 4336 668 4392 Constantius
695 4343 749 4389 et
787 4333 1068 4398 Constans,
1099 4329 1314 4394 Gallus,
1343 4327 1606 4393 Julianus,
1631 4327 1904 4396 Jovianus,

319 4428 724 4483 Valentinianus
759 4435 815 4480 et
843 4424 1054 4478 Valens.
1087 4421 1221 4476 Hinc
1251 4420 1440 4474 transit
1464 4417 1530 4472 ad
1561 4419 1824 4488 Augustas
1853 4427 1907 4474 et

315 4521 690 4591 Imperatrices
711 4562 726 4585 ,
753 4533 870 4589 quae
897 4515 1178 4570 infeliciter
1200 4513 1488 4583 perierant,
1513 4519 1567 4565 et
1593 4511 1903 4565 obscuriora

312 4613 524 4683 profert
549 4626 704 4681 ,quaa
746 4610 832 4662 vix
872 4607 936 4661 ad
985 4606 1260 4660 historiam
1313 4602 1466 4657 istius
1501 4601 1599 4656 σξνί
1643 4600 1904 4672 quadrare

313 4705 523 4777 possint
551 4723 565 4758 :
591 4719 708 4773 (pure
739 4716 837 4756 nos
874 4715 970 4770 pro
1008 4695 1258 4751 facultate
1291 4693 1678 4764 explicavimus
1708 4693 1761 4746 in
1801 4707 1900 4746 eo-

310 4797 440 4851 dem
473 4795 690 4848 Monito.

391 4886 543 4941 Hunc
579 4885 646 4939 ad
675 4884 901 4938 Viduam
938 4881 1204 4952 juniorem
1248 4878 1440 4933 librum
1488 4877 1728 4947 sequitur
1767 4877 1903 4934 alius

310 4979 454 5033 liber
491 4977 572 5032 vel
619 4977 865 5041 bomilia,
898 4989 1015 5044 quas
1051 4972 1211 5027 etiam
1259 4970 1326 5025 ad
1368 4969 1595 5024 Viduam
1635 4968 1901 5038 juniorem

314 5071 642 5127 inscribitur.
673 5069 869 5122 Verum
896 5067 980 5122 hic
1007 5079 1112 5120 non
1139 5063 1354 5118 viduam
1382 5078 1538 5116 unam
1555 5102 1570 5125 ,
1595 5061 1691 5117 sed
1715 5060 1904 5115 viduas

314 5176 508 5217 omnes
555 5161 811 5230 jouiores-
845 5157 1164 5226 alloquitur,
1210 5169 1342 5224 quas
1373 5153 1698 5210 cohortatur
1743 5159 1801 5206 ut
1848 5151 1903 5206 in

317 5257 577 5311 viduitate
615 5261 1000 5325 permaneant,
1045 5265 1150 5306 non
1206 5248 1346 5318 quod
1399 5246 1657 5300 secundas
1697 5245 1904 5313 nuptias

316 5348 570 5412 damnet,
601 5346 694 5400 sed
723 5344 866 5415 quod
893 5344 972 5398 sic
1000 5341 1278 5397 liberiores
1305 5346 1556 5393 maneant
1576 5377 1592 5402 ,
1625 5346 1683 5394 et
1703 5336 1904 5393 calcati

316 5453 520 5510 sponso
540 5437 758 5493 Christo
788 5451 846 5490 se
875 5435 1076 5490 arctius
1105 5432 1332 5502 jungere
1358 5429 1584 5500 possint.

392 5527 601 5581 Librum
647 5527 710 5580 de
761 5524 1060 5595 Virginitate
1087 5521 1277 5576 scribit.
1308 5545 1381 5560 -α-
1416 5518 1809 5588 Longissimum
1851 5529 1905 5574 et

317 5619 573 5673 eximium
600 5615 1014 5687 de'Virginitate
1038 5614 1254 5679 librum,
1289 5611 1377 5683 qui
1409 5610 1687 5680 plusquam
1709 5609 1776 5664 68
1806 5625 1901 5679 pa-

317 5710 471 5779 ginas
497 5707 700 5778 implet,
731 5706 982 5762 emisisse
1019 5704 1280 5759 Joannem
1313 5712 1558 5773 putamus
1608 5700 1902 5755 Antiocbize

319 5807 372 5856 et
408 5809 687 5871 antequam
715 5797 996 5870 presbyter
1039 5805 1200 5852 esset.
1235 5793 1387 5863 Quod
1422 5792 1565 5848 enim
1602 5791 1896 5849 Antiochia:

2036 505 2297 574 ediderit,
2329 509 2443 578 ipse
2492 513 2804 569 testificatur
2856 513 3070 570 bomilia
3117 516 3510 586 undevigesima
3557 519 3612 574 iu

2035 597 2209 665 Epist.
2238 601 2304 655 ad
2333 601 2638 658 Corinthios
2670 605 2751 658 his
2778 605 2953 660 verbis
2977 623 2991 655 :
3016 606 3078 662 Si
3104 617 3272 661 autem
3301 609 3612 676 prazterimns

2030 704 2092 740 ea
2115 703 2229 758 quae
2267 690 2482 745 dicenda
2521 703 2682 746 essent
2711 693 2773 747 de
2798 695 3085 765 virginitate
3107 737 3122 762 ,
3149 713 3294 750 nemo
3331 714 3420 752 nos
3449 699 3609 768 negli-

2029 777 2210 844 gentiae
2229 780 2453 838 damnet.
2481 782 2685 854 Integer
2714 787 2844 838 enim
2871 784 2991 840 liber
3018 787 3070 840 in
3092 787 3222 841 hunc
3245 788 3410 842 locum
3440 806 3475 842 α
3513 806 3608 844 no-

2029 866 2103 920 bis
2130 879 2202 921 est
2228 870 2390 926 editus
2413 888 2432 926 :
2455 883 2499 926 et
2523 885 2660 941 cum,
2687 891 2840 944 quam
2871 877 3122 944 potuimus
3160 879 3532 934 accuratissime
3563 889 3610 934 et

2028 955 2409 1027 diligentissime
2431 1000 2448 1027 ,
2475 962 2645 1015 omnia
2686 964 2793 1016 illic
2840 966 3121 1033 persequuti
3146 967 3303 1022 simus
3325 1009 3340 1034 ,
3371 984 3612 1037 superua-

2034 1061 2242 1101 canenm
2273 1065 2381 1102 esse
2407 1050 2646 1106 duximus
2672 1069 2731 1106 ea
2759 1071 2961 1107 rursum
2993 1055 3074 1108 hic
3112 1072 3378 1125 exponere.
3408 1057 3608 1112 Locum

2033 1152 2193 1205 porro
2221 1139 2394 1206 illum,
2422 1155 2580 1210 quem
2623 1141 2838 1196 bomilia
2875 1143 3272 1214 undevigesima
3314 1147 3368 1200 in
3404 1147 3611 1217 Episto-

2026 1229 2132 1283 lam
2161 1231 2185 1284 1
2217 1231 2282 1285 ad
2313 1231 2624 1287 Corinthios
2651 1233 2704 1287 in
2748 1244 3120 1304 argumentum
3175 1235 3277 1292 sibi
3322 1239 3568 1306 proponit
3591 1278 3607 1301 .

2024 1321 2251 1386 scilicet,
2272 1322 2476 1376 Bonum
2497 1333 2579 1378 est
2594 1322 2797 1377 homini
2811 1324 3089 1380 mulierem
3107 1341 3210 1380 non
3234 1335 3606 1396 tangere,ctc.,

2025 1412 2080 1466 in
2097 1412 2199 1468 hoc
2218 1412 2286 1468 de
2301 1413 2614 1484 Virginitate
2638 1416 2776 1471 libro
2797 1424 3054 1488 perpetuo
3071 1426 3250 1472 versat
3274 1427 3328 1472 et
3349 1418 3568 1474 discutit
3589 1437 3605 1485 ;

2025 1501 2095 1554 ita
2125 1510 2180 1556 ut
2210 1503 2434 1572 perinde
2459 1515 2666 1560 certum
2693 1505 2763 1561 sit
2784 1505 2926 1560 hunc
2961 1507 3030 1563 de
3065 1507 3383 1579 Virginitate
3417 1509 3610 1565 librum

2024 1592 2076 1646 in
2114 1593 2331 1649 bomilia
2381 1596 2469 1671 illa
2507 1598 2918 1653 commemorari
2952 1615 2966 1652 :
3016 1609 3071 1654 ut
3109 1610 3311 1654 certum
3341 1607 3463 1669 est,
3496 1602 3610 1672 ipso

2024 1692 2159 1739 teste
2181 1682 2572 1755 Chrysostomo
2591 1726 2607 1752 ,
2639 1697 2694 1741 et
2721 1687 2919 1743 fatente
2943 1689 3285 1744 Tillemontio
3306 1732 3321 1760 ,
3353 1690 3608 1748 Homilias

2021 1773 2075 1827 in
2099 1772 2390 1843 Epistulam
2415 1775 2440 1829 1
2466 1775 2532 1830 ad
2545 1774 2854 1831 Corinthios
2873 1779 3174 1835 Antiochia:
3193 1780 3400 1836 habitas
3421 1781 3605 1837 fuisse.

2093 1863 2289 1918 Verum
2315 1864 2375 1919 V.
2396 1864 2481 1921 Cl.
2509 1865 2882 1922 Tillemontius
2913 1876 3112 1923 tantam
3139 1869 3264 1925 huic
3291 1872 3607 1927 enervandze

2021 1957 2301 2011 sententiae
2353 1956 2724 2013 difficultatem
2774 1975 2834 2014 se
2880 1961 3146 2030 reperisse
3191 1971 3380 2032 putat,
3421 1972 3478 2017 ut
3517 1964 3604 2018 illa

2020 2047 2314 2112 abductus,
2363 2048 2621 2104 Joannem
2648 2050 2757 2119 jam
2797 2052 3104 2122 episcopum
3137 2063 3190 2108 et
3229 2054 3606 2110 Constantino-

2021 2137 2128 2206 poli
2160 2137 2356 2192 librum
2395 2138 2539 2194 hunc
2571 2140 2804 2196 edidisse
2853 2141 3143 2209 decernat,
3185 2145 3310 2214 quia
3361 2145 3608 2201 videlicet

2019 2227 2250 2299 quodam
2283 2229 2337 2284 in
2370 2229 2490 2286 loco
2542 2230 2633 2287 ille
2676 2232 2827 2302 quasi
2878 2233 3168 2304 episcopus
3213 2235 3466 2305 loquitur.
3497 2237 3602 2293 Sed

2018 2319 2376 2389 objectionem
2401 2321 2547 2376 illam
2574 2322 2912 2380 confotamus
2943 2325 2996 2380 in
3021 2324 3220 2381 lenito
3248 2326 3316 2382 ad
3359 2327 3499 2382 hunc
3543 2329 3604 2382 li-

2018 2408 2172 2465 brum
2215 2409 2279 2465 T.
2308 2411 2361 2466 1.
2390 2418 2442 2463 ο.
2471 2410 2570 2467 53f
2615 2412 2750 2468 :ubi
2791 2414 2936 2470 clare
2987 2415 3277 2485 probamus
3318 2415 3491 2487 ipsum
3549 2419 3601 2474 in

2018 2498 2137 2556 loco
2188 2499 2283 2555 illo
2311 2515 2379 2557 ex
2430 2500 2581 2557 Pauli
2647 2517 2877 2574 persona
2918 2504 3091 2576 loqui;
3119 2513 3176 2560 et
3229 2507 3426 2576 passim
3475 2509 3601 2563 alibi

2017 2590 2164 2648 illum
2192 2592 2563 2663 episcoporum
2585 2633 2601 2662 ,
2637 2595 3040 2666 conjugatornm
3067 2606 3120 2652 et
3155 2598 3384 2653 aliorum
3411 2614 3600 2668 perso-

2016 2699 2113 2739 nas
2139 2685 2215 2740 sic
2241 2698 2516 2741 assumere
2542 2690 2924 2757 comperimus.

2087 2774 2446 2832 indubitatum
2485 2775 2663 2848 itaque
2697 2786 2819 2842 est,
2849 2778 2966 2847 ipso
3007 2779 3335 2835 reclamante
3371 2779 3602 2851 Chryso-

2013 2876 2228 2933 stomo,
2258 2867 2453 2922 librum
2501 2867 2570 2922 de
2614 2866 2933 2939 Virginitate
2993 2869 3252 2924 emissum
3305 2870 3600 2926 Antiochia:

2015 2955 2199 3021 fuisse,
2225 2959 2298 3011 ita
2333 2965 2391 3012 ut
2428 2973 2492 3013 ex
2538 2959 2716 3014 verbis
2764 2958 2885 3028 ejus
2935 2959 3087 3030 argui
3136 2975 3298 3030 posse
3338 2960 3598 3028 videatur,

2015 3051 2187 3122 ipsum
2217 3061 2341 3109 tunc
2371 3054 2423 3108 in
2456 3054 2742 3109 multorum
2771 3068 2960 3108 manus
2987 3053 3294 3110 devenisse.
3323 3053 3441 3122 Quo
3466 3064 3601 3110 tem.

2015 3161 2144 3215 pore
2181 3155 2362 3200 autem
2411 3144 2561 3200 illum
2611 3147 2924 3215 scripserit,
2953 3162 3212 3216 nusquam
3256 3148 3595 3218 reperimus;

2019 3236 2370 3306 probabiliter
2408 3245 2586 3292 tamen
2617 3237 2724 3292 dici
2751 3251 2910 3306 posse
2937 3246 3082 3307 puto,
3113 3239 3286 3310 ipsum
3315 3249 3598 3310 antequam

2015 3326 2290 3397 presbyter
2319 3335 2464 3382 esset
2510 3327 2652 3382 hunc
2697 3326 2890 3382 librum
2923 3327 3300 3394 adornavisse,
3333 3343 3454 3384 cum
3482 3331 3599 3400 plus

2013 3416 2114 3471 sibi
2159 3418 2252 3472 otii
2292 3425 2457 3473 esset.
2497 3417 2782 3488 Postquam
2835 3418 2978 3472 enim
3018 3419 3298 3490 presbyter
3323 3420 3598 3476 ordinatus

2011 3505 2146 3574 fuit,
2175 3506 2528 3562 concionandi
2566 3508 2743 3564 officio
2767 3507 3194 3580 frequentissime
3234 3510 3553 3581 fungebatur
3578 3553 3592 3579 ,

2011 3607 2202 3654 utnon
2229 3608 2442 3655 vacaret
2482 3600 2583 3670 ipsi
2624 3609 2732 3656 tam
2774 3599 3018 3671 prolixos
3053 3601 3372 3658 concinnare
3410 3603 3593 3659 libros.

2013 3691 2261 3760 Alioquin
2289 3700 2467 3747 autem
2486 3731 2502 3756 ,
2533 3691 2581 3745 si
2612 3690 2892 3762 presbyter
2919 3691 3035 3747 bazc
3062 3692 3384 3763 scripsisset,
3415 3693 3466 3748 in
3492 3693 3593 3748 ho-

2015 3782 2188 3837 milias
2207 3823 2222 3850 ,
2250 3791 2310 3837 ut
2328 3782 2552 3838 credere
2573 3789 2676 3850 est,
2707 3790 2874 3836 totum
2907 3782 3267 3838 distribuissct
3290 3825 3306 3850 ,
3335 3792 3392 3836 ut
3425 3783 3595 3838 homi-

2010 3871 2110 3927 lias
2149 3871 2219 3927 de
2267 3871 2607 3938 Pmnitentia,
2658 3872 2727 3928 de
2776 3871 3332 3941 lncomprehensibili,
3377 3873 3445 3928 de
3493 3872 3595 3928 La-

2010 3978 2155 4027 zaro,
2181 3973 2289 4019 etc.

2080 4055 2161 4111 De
2213 4066 2386 4111 sancto
2459 4054 2658 4126 Babylo
2699 4055 2885 4110 librum
2943 4055 3135 4109 scribit.
3176 4083 3248 4096 -—-
3287 4053 3401 4108 Huc
3449 4054 3590 4109 refe-

2009 4147 2209 4224 rendus
2235 4147 2372 4203 liber
2411 4147 2503 4202 ille
2533 4147 2584 4200 in
2616 4154 2860 4201 sanctum
2882 4145 3136 4217 Babyl-am
3165 4145 3183 4215 (
3208 4143 3269 4198 Τ.
3298 4145 3352 4198 2.
3387 4157 3435 4197 c.
3457 4143 3588 4200 527.

2010 4235 2168 4310 553),
2186 4245 2374 4292 contra
2395 4235 2663 4292 Jolianum
2685 4244 2742 4290 et
2779 4244 2966 4290 contra
2997 4234 3268 4298 Gentiles,
3297 4247 3454 4302 quem
3481 4233 3594 4286 An-

2009 4326 2223 4383 tiochia:
2248 4325 2463 4395 scripsit
2487 4333 2542 4379 et
2563 4339 2630 4379 ex
2653 4323 2926 4377 memoriae
2949 4323 3100 4393 lapsu
3129 4317 3468 4376 Hermantius
3495 4335 3593 4389 pro

2009 4418 2225 4473 bomilia
2253 4416 2458 4472 habuit.
2486 4414 2764 4483 Temporis
2807 4422 2988 4467 notam
3021 4413 3107 4467 hic
3140 4411 3373 4466 Joannes
3408 4419 3592 4465 noster

2009 4511 2181 4576 all‘ert,
2209 4525 2331 4566 cum
2353 4509 2485 4563 dicit
2523 4509 2633 4577 jam
2677 4506 2992 4577 vigesimum
3049 4520 3244 4560 annum
3278 4505 3360 4574 agi
3389 4519 3453 4559 ex
3485 4517 3592 4574 quo

2007 4603 2249 4657 Julianus
2281 4602 2531 4672 Apostata
2555 4599 2810 4669 templum
2835 4596 3340 4668 Jerosolymitanum
3380 4602 3591 4650 restau-

2008 4710 2130 4750 rare
2175 4702 2398 4748 conatus
2439 4700 2541 4747 est.
2589 4689 2644 4745 id
2694 4705 2825 4744 vero
2879 4689 3102 4744 tentavit
3147 4687 3390 4743 Julianus
3447 4701 3589 4740 anno

2005 4785 2206 4842 Christi
2255 4783 2360 4840 562
2406 4801 2419 4836 :
2467 4781 2609 4836 unde
2655 4787 2967 4850 sequeretur
2991 4777 3250 4833 Joannem
3293 4792 3435 4830 anno
3487 4776 3592 4830 582

2009 4875 2154 4931 hunc
2178 4874 2469 4929 adornasse
2508 4871 2721 4925 librum.
2754 4868 2950 4923 Verum
2998 4869 3135 4923 solet
3171 4867 3259 4922 ille
3301 4882 3404 4919 non
3443 4874 3592 4919 tanto

2009 4965 2262 5034 scrupulo
2289 4965 2385 5018 has
2412 4977 2524 5017 sua:
2548 4962 2709 5016 etiam
2735 4960 2906 5015 aetatis
2935 4969 3089 5014 notas
3122 4971 3390 5028 apponere
3408 4994 3425 5021 ,
3454 4965 3511 5008 ut
3537 4955 3590 5010 in

2009 5057 2208 5112 Monito
2236 5054 2301 5110 ad
2329 5054 2468 5108 hunc
2499 5054 2691 5108 librum
2719 5050 2964 5121 pluribus
3009 5049 3386 5119 comprobatur
3415 5044 3502 5118 (Τ.
3533 5044 3589 5098 ‘2.

2011 5166 2065 5220 ρ.
2098 5145 2249 5212 525).
2285 5144 2397 5200 Hoc
2423 5157 2585 5198 unum
2616 5143 2732 5198 sine
2762 5140 2974 5197 errandi
3000 5139 3237 5212 periculo
3285 5138 3387 5192 dici
3435 5150 3592 5205 posse

2009 5237 2236 5302 videtur,
2266 5236 2412 5290 illum
2441 5225 2634 5302 nempe
2652 5247 2770 5287 cum
2798 5231 3052 5286 diaconus
3072 5237 3215 5285 esset
3234 5228 3373 5294 hunc
3400 5225 3612 5279 librum‘

2007 5330 2314 5400 scripsisse,
2341 5327 2410 5383 ab
2458 5340 2601 5382 anno
2641 5339 2834 5397 nempe
2874 5323 2972 5380 581
3027 5322 3094 5378 ad
3133 5321 3237 5378 585
3276 5328 3330 5374 et
3362 5319 3466 5373 586
3509 5315 3594 5372 in-

2007 5437 2111 5478 eun
2118 5433 2222 5478 tem
2231 5460 2247 5476 .

2079 5513 2464 5582 Argumentum
2495 5508 2612 5564 libri
2647 5519 2731 5563 est
2768 5503 2987 5560 historia
3016 5500 3254 5571 martyrii
3292 5499 3348 5555 S.
3378 5497 3593 5569 Babylze

2011 5603 2244 5674 episcopi
2289 5600 2606 5657 Antiocheui
2650 5594 3029 5654 declamatorio
3075 5606 3224 5647 more
3248 5630 3263 5656 ,
3303 5605 3476 5661 exque
3505 5604 3596 5642 ruu-

2012 5709 2162 5749 more
2197 5691 2331 5762 vulgi
2377 5691 2689 5760 plerumque
2729 5681 3012 5748 recensita,
3044 5681 3207 5750 tropis
3238 5680 3543 5736 redundans
3575 5694 3590 5730 :

2011 5787 2062 5843 in
2103 5803 2204 5857 qua
2259 5786 2534 5841 veritatem
2576 5793 2723 5849 saepe
2764 5774 3057 5834 desideres.
3101 5774 3235 5832 Nam
3286 5783 3344 5829 ut
3389 5782 3590 5828 certum
