3948 6458
388 364 457 421 99

388 476 636 533 existimo
661 469 719 530 S.
749 472 1000 544 Babylam
1037 485 1133 540 pro
1171 470 1385 526 Christo
1427 479 1630 524 caesum
1677 467 1868 530 fuisse;
1900 467 1972 517 ita

1442 359 1497 413 s
1537 355 1815 413 JOANNIS
1849 347 2325 410 cunvsos'ront
2356 353 2536 422 vm,

3573 366 3668 426 ιω

2088 464 2175 518 vel
2205 479 2327 520 eum
2354 465 2611 520 diaconus
2650 467 2933 524 ordinatus
2954 469 3082 538 fuit,
3109 473 3155 528 si
3193 473 3406 530 Socrati
3433 477 3506 532 sit
3539 477 3666 537 fides

388 582 557 638 genus
593 578 644 622 et
682 579 840 618 causa
884 562 1124 632 martyrii
1152 577 1218 616 ex
1261 561 1442 632 populi
1487 574 1702 614 rumore
1758 557 1975 628 potius,
2035 587 2041 592 -
2083 550 2326 608 habenda
2350 593 2368 620 ,
2395 555 2480 610 vel
2527 557 2689 625 paulo
2713 566 2840 613 ante
2876 575 3039 630 quam
3078 563 3420 623 ordinaretur
3443 582 3668 641 compo-

387 674 545 728 quam
597 673 662 711 ex
690 670 815 710 vera
858 669 1038 709 rerum
1081 662 1351 724 gestarum
1413 651 1634 706 historia
1695 665 1726 704 a
1769 648 1976 704 Joanne

385 748 613 818 proferri
657 761 761 800 non
819 745 1038 800 dubium
1091 752 1194 799 est.
1251 743 1382 812 Quis
1430 743 1606 826 enim,
1635 753 1848 811 quaeso,
1885 736 1974 826 ille

386 839 546 892 fuerit
591 837 953 891 Romanorum
992 833 1287 904 Imperator
1331 825 1691 896 Christianus,
1721 828 1813 899 qui
1842 825 1972 880 inita

383 946 508 986 cum
573 945 701 1000 rege
753 927 984 983 barbaro
1044 941 1214 997 pace,
1263 940 1326 980 ea
1394 922 1734 986 conditione,
1780 929 1840 974 ut
1905 917 1972 971 fl-

384 1023 510 1077 lium
541 1021 628 1076 ille
657 1020 756 1075 sibi
787 1018 1119 1074 educandum
1152 1016 1421 1083 traderet,
1452 1021 1728 1082 acceptum
1761 1025 1858 1080 pro
1888 1012 1972 1080 pi-

382 1125 548 1179 gnore
597 1110 741 1179 pacis
791 1108 955 1162 lilium
1005 1105 1286 1162 confestim
1329 1103 1675 1175 jugulaverit,
1709 1116 1878 1171 eaque
1902 1099 1972 1156 de

380 1215 542 1256 causa
590 1216 618 1254 a
667 1202 822 1256 beato
879 1198 1073 1270 Babyla
1115 1195 1370 1251 Ecclesiae
1411 1194 1556 1250 aditu
1611 1191 1968 1256 interclusus,

383 1293 635 1349 eumdem
657 1293 715 1347 S.
745 1291 1024 1362 praesulem
1047 1290 1098 1344 in
1120 1302 1390 1344 carcerem
1419 1285 1558 1342 trudi
1585 1293 1642 1341 et
1664 1284 1969 1340 obtruncari

384 1382 646 1452 jusserit?
671 1381 825 1437 Hunc
850 1379 1231 1450 imperatorem
1251 1377 1466 1448 quidam
1495 1377 1608 1432 sive
1633 1375 1967 1441 scholiastes,

383 1477 497 1530 sive
523 1475 770 1529 librarius
801 1472 932 1528 dicit
960 1485 1080 1526 esse
1129 1470 1510 1525 Numerianum
1539 1485 1552 1521 :
1580 1482 1686 1537 quo
1713 1465 1842 1536 quid
1882 1465 1967 1518 in-

385 1550 594 1635 eptius?
617 1565 748 1618 Nam
778 1564 859 1617 vel
881 1562 1243 1617 Christianum
1268 1560 1445 1615 dicere
1459 1557 1862 1624 Numerianum,
1885 1555 1967 1612 vel

379 1657 777 1712 interfectorem
808 1655 1084 1724 cujusdam
1115 1653 1204 1707 filii
1232 1653 1374 1722 regis
1403 1651 1749 1707 barbarorum
1770 1690 1785 1716 ,
1815 1663 1968 1719 aeque

381 1763 501 1802 eum
541 1762 665 1802 vera
712 1755 907 1816 pugnat
937 1744 1177 1798 historia.
1219 1742 1326 1797 Nec
1357 1742 1524 1812 magis
1557 1740 1794 1796 creditur
1819 1739 1967 1794 Actis

377 1838 692 1902 quibusdam
735 1852 765 1890 a
794 1834 1050 1890 Bollando
1078 1833 1236 1889 editis
1261 1832 1327 1887 ad
1362 1831 1433 1887 24
1451 1831 1710 1896 Januarii,
1735 1830 1824 1885 ubi
1853 1828 1966 1884 Nu-

378 1933 650 1984 merianns
681 1928 945 1983 idolorum
972 1927 1142 1982 cultor
1171 1925 1438 1980 inducitur
1474 1923 1530 1979 S.
1560 1922 1812 1992 Babylam
1847 1932 1966 1976 ten-

376 2030 495 2075 tans
540 2019 607 2074 ad
651 2019 975 2088 impietatem
1029 2031 1179 2094 suam
1230 2015 1483 2080 trahere,
1524 2015 1802 2084 ipsumque
1841 2027 1977 2078 cum.

375 2111 557 2179 pueris
577 2109 894 2180 quibusdam
924 2106 1161 2178 martyrii
1183 2105 1349 2176 gloria
1371 2105 1610 2159 afficiens
1638 2120 1650 2157 :
1679 2118 1800 2175 qua:
1820 2110 1966 2158 certe

375 2217 485 2254 non
515 2208 736 2269 possunt
759 2199 825 2254 ad
857 2199 1108 2269 Babylam
1141 2207 1384 2252 nostrum
1408 2193 1616 2251 referri.

381 2306 387 2311 '
448 2290 750 2346 Verisimile
788 2289 948 2359 igitur
976 2298 1060 2344 est
1110 2287 1196 2343 hic
1250 2287 1628 2356 imperatorem
1661 2285 1964 2356 Philippum

375 2382 810 2452 memorari,qui
857 2381 1066 2451 imperii
1121 2379 1403 2435 invadendi
1438 2393 1596 2434 causa
1643 2393 1783 2434 caeso
1826 2377 1963 2434 Gor-

373 2476 538 2530 diano
586 2476 858 2545 Augusto,
902 2484 1183 2543 postquam
1237 2489 1333 2542 per
1371 2481 1574 2527 tantum
1628 2471 1803 2527 scelus
1851 2472 1962 2526 voti

373 2581 597 2635 compos
646 2564 816 2621 factus
861 2565 1195 2620 Antiochiam
1225 2572 1485 2632 venerat,
1512 2561 1786 2618 Paschalis
1827 2571 1960 2617 tem-

377 2673 506 2726 pore
535 2657 601 2712 ad
632 2657 910 2713 ecclesiam
938 2697 952 2722 ,
982 2671 1198 2726 precum
1225 2655 1710 2727 mysteriorumque
1736 2665 1962 2709 consors

371 2748 600 2814 futurus,
626 2747 933 2802 accedebat.
974 2748 1091 2815 Quo
1128 2755 1404 2817 comperto
1450 2745 1507 2801 S.
1541 2746 1766 2817 Babylas
1805 2760 1959 2802 acce-

375 2837 590 2892 dentem
633 2836 1015 2906 Imperatorem
1059 2837 1289 2904 repulit,
1337 2836 1578 2891 ecclesiae
1611 2836 1757 2891 aditu
1787 2836 1960 2892 inter-

372 2929 544 2994 dixit,
572 2937 627 2982 ct
664 2927 1033 2996 ptenitentium
1075 2927 1193 2981 loco
1237 2941 1296 2982 se
1337 2927 1528 2982 sistere
1559 2927 1758 2996 jussit,
1786 2928 1960 2983 donec

371 3019 688 3091 paenitentia
713 3020 894 3073 ablqu
917 3019 1234 3089 expiatoque
1249 3020 1453 3075 scelere
1473 3055 1489 3086 ,
1525 3021 1591 3075 ad
1621 3021 1958 3076 communio-

373 3127 497 3165 nem
526 3111 776 3166 Ecclesiaz
803 3121 984 3180 postea
1029 3112 1375 3180 reciperetur.
1409 3111 1556 3168 lianc
1581 3128 1613 3167 a
1636 3114 1694 3168 S.
1726 3115 1959 3184 praesule

370 3203 662 3272 repulsam,
685 3213 836 3273 grato
851 3203 1030 3258 animo
1047 3204 1395 3274 modesteque
1419 3203 1603 3260 tulisse
1628 3203 1956 3276 Philippum,

368 3305 550 3350 narrat
579 3295 862 3363 Eusebius,
885 3296 1120 3368 itemque
1139 3297 1509 3367 paenitentiam
1536 3297 1711 3353 locum
1737 3297 1954 3365 adiisse;

367 3400 432 3439 ac
482 3395 622 3452 tum,
650 3394 996 3458 posteaquam
1022 3395 1129 3440 tam
1159 3400 1320 3455 grave
1345 3395 1622 3455 peceatum
1661 3389 1955 3444 secundum

368 3478 625 3535 Ecclesia:
669 3489 863 3534 statuta
911 3493 1008 3550 per
1054 3475 1444 3535 confessionem
1487 3477 1847 3549 deposuerat,
1900 3481 1953 3536 in

368 3567 662 3623 Eeclesiam
678 3568 970 3624 admissum
985 3566 1170 3625 fuisse.
1191 3564 1433 3626 Sub'htec
1445 3577 1647 3638 autem,
1660 3570 1954 3642 imperante

367 3661 532 3716 Decio
553 3701 568 3724 ,
596 3657 1017 3714 Christianorum
1050 3660 1233 3725 hoste,
1263 3660 1323 3716 S.
1364 3659 1592 3732 Babylas
1621 3661 1953 3732 proChr-isto

367 3751 607 3806 Cervices
626 3750 792 3805 dedit.
821 3750 974 3818 Quod
1008 3750 1078 3807 de
1122 3753 1436 3820 pmnitentia
1479 3753 1652 3824 deque
1691 3753 1954 3810 Christia-

370 3842 548 3896 hismo
596 3841 826 3912 Philippi
873 3841 940 3896 ab
969 3842 1202 3898 Eusebio
1227 3841 1457 3910 dicitur,
1495 3858 1600 3898 non
1643 3845 1795 3915 quasi
1829 3861 1952 3900 cer-

369 3943 503 3998 ttnn,
535 3930 626 3984 sed
659 3946 757 3985 ceu
791 3946 821 3984 a
864 3931 1177 4002 quibusdam
1207 3932 1274 3988 ab
1302 3947 1361 3987 se
1387 3933 1650 4002 auditum,
1681 3945 1949 4003 narratur,

366 4032 422 4076 et
445 4037 475 4075 a
505 4021 683 4075 multis
709 4030 928 4075 vocatur
956 4022 1007 4074 in
1034 4021 1274 4077 dubium.
1294 4021 1600 4078 Verisimile
1629 4039 1788 4092 porro
1832 4035 1914 4080 est
1933 4068 1948 4090 ,

367 4128 434 4166 ex
484 4111 699 4166 historia
748 4111 837 4166 illa
881 4112 1134 4168 Gordiani
1179 4128 1208 4167 a
1237 4113 1484 4184 Philippo
1527 4115 1676 4182 caesi,
1705 4130 1951 4172 manasse

371 4201 541 4266 illaut,
564 4217 723 4271 quam
745 4202 990 4272 superius
1018 4219 1085 4258 ex
1111 4203 1497 4276 Chrysostomo
1521 4207 1822 4271 retulimus;
1853 4207 1950 4263 sed

369 4293 440 4344 ita
480 4291 809 4362 deturpatam
847 4293 1306 4366 deformatamque
1342 4296 1395 4350 in
1432 4297 1680 4354 omnibus
1709 4297 1820 4354 fere
1865 4300 1949 4356 sui

371 4384 628 4451 partibus,
655 4394 711 4437 ut
735 4385 838 4439 alia
859 4387 1070 4454 penitus
1095 4401 1216 4441 esse
1241 4386 1504 4443 videatur.

440 4474 622 4542 Longe
670 4477 884 4529 saniora
937 4491 1058 4530 esse
1110 4478 1357 4530 videntur
1408 4495 1527 4546 qua:
1579 4479 1648 4535 de
1689 4481 1949 4553 Reliqniis

370 4564 428 4618 S.
466 4563 676 4632 Babylon
725 4579 790 4616 ex
831 4565 1087 4618 suburbio
1139 4566 1390 4634 Daphnes
1433 4566 1486 4620 in
1530 4569 1718 4624 urbem
1764 4573 1950 4625 Antio-

367 4655 542 4710 chiam
569 4655 836 4708 translatis
857 4656 1270 4727 Chrysostomus
1311 4669 1593 4726 recenset;
1625 4648 1842 4718 necnon
1881 4665 1949 4721 de

369 4745 567 4815 templo
585 4744 846 4815 Apollinis
871 4744 1127 4801 divinitus
1154 4747 1377 4804 fulmine
1406 4758 1546 4805 tacto
1566 4761 1618 4805 et
1647 4754 1946 4812 combusto.

367 4838 569 4891 llorum
609 4837 751 4890 enim
783 4852 888 4890 non
921 4838 1035 4906 ipse
1077 4839 1236 4893 modo
1264 4838 1677 4909 Chrysostomus
1706 4845 1949 4904 oculatus

367 4929 518 4984 testis
549 4939 663 4983 erat
684 4971 700 4994 ,
731 4927 823 4982 sed
851 4929 1009 4983 etiam
1036 4944 1225 4984 omnes
1254 4931 1371 5000 ejus
1399 4931 1704 5000 auditores,
1731 4951 1864 5005 quos
1896 4938 1946 4992 in

367 5020 586 5075 homilia
635 5029 758 5073 ante
793 5019 935 5073 hunc
985 5018 1176 5074 librum
1232 5023 1404 5092 posita
1448 5022 1753 5094 alloquitur.
1801 5026 1948 5082 illius

341 5114 505 5188 enim
528 5111 754 5182 prodigii
782 5126 903 5165 cum
936 5112 986 5165 in
1015 5111 1250 5178 homilia,
1276 5122 1384 5168 tum
1412 5113 1464 5169 in
1494 5115 1630 5171 libro
1654 5117 1723 5172 de
1749 5117 1946 5189 Babyla

366 5204 694 5259 mentionem
721 5202 968 5258 facitzin
996 5203 1132 5258 libro
1176 5214 1352 5258 antem
1397 5222 1508 5260 rem
1550 5207 1718 5262 fusius
1764 5224 1950 5278 prose-

368 5295 563 5361 quitur,
583 5303 638 5348 et
658 5293 912 5348 irridendi
939 5309 1096 5349 causa
1127 5295 1382 5365 sophista!
1403 5297 1609 5352 Libanii
1638 5300 1947 5356 monodiam

367 5395 462 5434 seu
505 5381 737 5438 lamenta
784 5385 1089 5439 minutatim
1136 5385 1340 5449 refert,
1369 5402 1488 5454 qua:
1538 5403 1784 5457 magnam
1827 5390 1946 5446 libri

369 5479 571 5536 partem
617 5483 881 5543 occupant
916 5516 931 5542 ,
972 5477 1125 5545 queis
1168 5475 1420 5529 Libanius
1470 5474 1712 5544 deplorat
1763 5495 1946 5534 casum

369 5556 520 5610 illum
550 5563 864 5627 stupendum
891 5604 906 5629 ,
934 5581 1039 5633 quo
1068 5564 1330 5634 Apollinis
1355 5566 1529 5635 magni
1558 5568 1813 5636 templum
1845 5572 1947 5627 im-

377 5649 541 5701 misso
565 5649 684 5718 igne
720 5653 1054 5709 combustum
1085 5655 1276 5709 fuerat.

445 5736 580 5791 Libri
605 5739 666 5793 de
689 5739 1085 5795 Saccrdotio.—-
1109 5746 1293 5801 Libros
1338 5746 1496 5801 etiam
1528 5745 1593 5802 de
1636 5747 1949 5806 Sacerdotis

2080 642 2206 696 suit.
2235 642 2349 712 Qua
2380 644 2449 698 de
2469 659 2532 700 re
2558 644 2671 715 jam
2698 649 2952 717 superius
2967 660 3146 707 actum
3173 653 3290 709 fuit.

2152 731 2209 784 ln
2236 732 2339 787 hoc
2359 734 2521 788 etiam
2545 735 2758 792 circiter
2800 745 3009 808 tempus
3033 739 3126 809 (Τ.
3146 742 3200 798 6.
3254 759 3306 797 c.
3329 744 3483 818 305)
3531 748 3669 805 reﬂe-

2077 822 2244 877 renda
2268 823 2480 880 videtur
2506 824 2766 896 Synopsis
2807 829 2897 883 illa
2937 829 3225 902 Scriptura:
3261 849 3431 891 sacrae
3451 877 3470 903 ,
3515 839 3668 908 cujus

2076 928 2323 984 magnam
2346 925 2550 984 partem
2572 918 2836 974 edidimus
2860 939 2873 974 :
2897 937 3004 976 non
3024 924 3168 978 enim
3184 925 3384 996 integra
3404 927 3474 981 ad
3492 941 3667 983 aevum

2078 1018 2248 1086 usque
2268 1015 2508 1061 nostrum
2532 1009 2790 1077 pervenit.
2814 1011 2961 1080 Opus
2985 1027 3105 1068 esse
3128 1017 3417 1084 genuinum
3443 1018 3666 1086 probati

2077 1093 2131 1147 in
2150 1083 2398 1150 'Diatriba
2422 1139 2438 1163 ,
2470 1096 2536 1151 ad
2562 1113 2722 1168 quam
2748 1099 3002 1156 lectorem
3026 1083 3302 1161 mittimus.
3325 1083 3466 1163 Sane
3497 1123 3667 1178 synoo

2075 1184 2194 1252 psin
2237 1184 2632 1257 Scripturarum
2668 1189 2948 1260 scripsisse
2985 1207 3106 1247 eum
3142 1196 3233 1264 qui
3269 1197 3468 1253 divinis
3496 1200 3669 1257 literis

2075 1273 2318 1330 addictus
2341 1318 2356 1340 ,
2407 1292 2593 1332 earum
2636 1278 2853 1354 lectioni
2893 1290 2949 1336 et
2987 1283 3316 1340 meditationi
3351 1300 3666 1358 perpetuam

2074 1363 2235 1418 dabat
2259 1377 2476 1435 cperam
2501 1409 2518 1434 ,
2547 1366 2701 1424 facile
2725 1370 2994 1426 credatur.
3020 1373 3142 1429 Alia
3163 1390 3291 1430 vero
3313 1390 3627 1448 argumenta
3645 1422 3666 1450 ,

2074 1469 2195 1524 quae
2224 1457 2276 1510 in
2310 1458 2542 1514 Diatriba
2567 1461 2844 1519 attulimus
2867 1507 2882 1531 ,
2911 1465 3028 1521 orbi
3061 1467 3298 1524 literario
3335 1473 3665 1542 exploranda

2073 1557 2129 1602 et
2154 1547 2219 1601 ad
2249 1549 2500 1604 trutinam
2528 1552 2883 1609 examinanda
2907 1556 3186 1612 mittimus.

2144 1637 2416 1710 Presbyter
2443 1641 2710 1698 ordinatur
2737 1661 2769 1698 a
2798 1645 3072 1701 Flaviano.
3109 1678 3182 1689 —
3213 1649 3448 1707 Joannes
3485 1653 3667 1724 itaque

2073 1737 2258 1784 noster
2286 1744 2381 1799 per
2404 1747 2574 1788 annos
2593 1734 2794 1805 aliquot
2821 1735 2942 1807 (an.
2968 1737 3105 1810 386)
3127 1739 3337 1796 diaconi
3368 1751 3476 1796 tam
3494 1743 3666 1814 probe

2071 1821 2284 1889 functus
2311 1823 2488 1897 ofﬁcio
2509 1867 2526 1893 ,
2559 1842 2680 1883 eum
2721 1827 2830 1898 jam
2861 1839 2938 1884 tot
2967 1831 3257 1902 specimina
3286 1833 3523 1890 dedisset
3544 1839 3664 1891 exi-

2071 1912 2193 1967 mite
2220 1913 2543 1983 eloquentiae
2566 1931 2686 1972 cum
2721 1919 2919 1988 pietate
2954 1922 3252 1992 conjunctae
3275 1964 3292 1992 ,
3333 1940 3363 1978 a
3408 1925 3662 1981 Flaviano

2071 2005 2325 2074 episcopo
2353 2006 2633 2078 presbyter
2652 2009 2930 2066 ordinatur
2957 2013 3119 2082 (Vide
3140 2014 3460 2071 Palladium.
3487 2035 3540 2087 ρ.
3569 2020 3663 2074 si.

2069 2093 2162 2150 42.
2191 2105 2239 2150 et
2263 2095 2606 2170 Tillemont.).
2657 2100 2888 2158 Noverat
2914 2105 3054 2160 enim
3083 2107 3172 2162 ille
3211 2107 3369 2164 Verbi
3396 2108 3491 2164 Dei
3521 2125 3662 2178 pra:-

2073 2199 2264 2241 conem
2321 2203 2593 2245 summum
2638 2190 2754 2248 fore
2789 2193 3050 2250 Joannem
3093 2207 3333 2254 nostrum
3361 2241 3378 2266 ,
3421 2198 3515 2271 qui
3560 2199 3662 2254 etsi

2068 2278 2414 2334 eoneionatus
2459 2295 2749 2352 numquam
2792 2282 3003 2353 fuerat,
3042 2286 3152 2356 jam
3194 2303 3261 2343 ex
3295 2290 3508 2362 scriptis
3547 2291 3662 2345 suis

2069 2367 2254 2424 talenti
2279 2369 2379 2424 sibi
2405 2371 2595 2426 crediti
2622 2373 2918 2430 uberrimas
2945 2376 3165 2432 dederat
3195 2381 3477 2449 primitias.
3503 2380 3662 2439 Ordi-

2068 2469 2226 2516 natus
2253 2469 2430 2516 autem
2455 2472 2538 2517 est
2560 2473 2686 2520 ante
2705 2465 3174 2539 Quadragesimam
3195 2473 3319 2527 anni
3343 2473 3446 2530 386
3468 2517 3484 2542 ,
3513 2486 3572 2530 ut
3590 2488 3658 2532 ex

2066 2550 2204 2608 infra
2253 2553 2493 2610 dicendis
2542 2557 2827 2614 constabit.
2868 2559 2980 2616 Nec
3019 2577 3170 2618 mora
3211 2582 3226 2619 :
3269 2573 3546 2636 postquam
3589 2569 3657 2624 ad

2065 2645 2399 2704 sacerdotale
2415 2650 2768 2707 ministerium
2787 2664 3090 2724 assumptus
3112 2656 3228 2725 fuit,
3250 2659 3317 2713 ad
3336 2662 3658 2716 concionan-

2068 2735 2122 2791 di
2149 2737 2384 2794 officium
2411 2740 2695 2809 deputatur
2719 2758 2750 2798 a
2779 2742 3030 2800 Flaviano
3063 2763 3076 2799 :
3113 2762 3219 2816 quo
3247 2759 3509 2818 praesente
3547 2752 3657 2820 pri-

2064 2843 2209 2883 mam
2235 2829 2509 2885 homiliam
2537 2831 2670 2887 dixit
2694 2874 2712 2900 ,
2739 2842 2935 2889 etcum
2959 2849 3167 2890 summa
3189 2838 3448 2894 modestia
3473 2841 3655 2895 animi-

2064 2936 2172 2991 que
2200 2922 2525 2980 dcmissione
2550 2939 2706 2980 orsus
2729 2934 2830 2980 est.
2861 2926 2930 2981 Se
2958 2941 3064 2982 non
3095 2929 3260 2984 semel
3286 2929 3656 2987 adolescentu-

2066 3013 2176 3068 lum
2198 3054 2214 3080 ,
2249 3025 2442 3080 vocat,
2473 3017 2574 3071 etsi
2601 3031 2738 3087 pene
2770 3017 3220 3088 quadragenarius
3255 3020 3364 3090 jam
3405 3031 3558 3090 emt;
3595 3038 3654 3079 se

2064 3115 2399 3174 peccatorem
2429 3106 2599 3174 dicit,
2644 3107 2897 3178 additque
2933 3109 3188 3165 Davidem
3213 3153 3229 3177 ,
3267 3113 3454 3167 cazlum
3480 3154 3496 3178 ,
3543 3125 3653 3169 ter-

2063 3210 2178 3250 ram
2202 3236 2217 3260 ,
2247 3196 2509 3252 elementa
2539 3199 2717 3253 omnia
2743 3240 2761 3266 ,
2791 3197 2932 3254 feras
2960 3198 3265 3271 bestiasque
3283 3243 3299 3270 ,
3329 3202 3572 3259 homines
3599 3213 3654 3260 et

1995 3288 2007 3299 “
2062 3290 2284 3360 angelos
2307 3289 2375 3345 ad
2406 3291 2572 3346 Deum
2603 3291 2925 3346 laudandum
2964 3302 3018 3348 et
3045 3293 3421 3350 celebrandum
3461 3312 3655 3365 provo-

2060 3395 2185 3436 care
2207 3420 2223 3448 ,
2259 3390 2568 3451 peccatores
2597 3397 2726 3438 vero
2763 3398 3076 3454 numquam.
3125 3385 3258 3440 Hine
3301 3387 3368 3441 ad
3413 3386 3651 3444 Flaviani

2061 3481 2187 3527 tunc
2215 3474 2493 3542 praesentis
2518 3473 2704 3529 laudes
2744 3489 2805 3530 se
2841 3477 3144 3542 convertit,
3188 3478 3368 3549 aitque
3409 3479 3556 3533 illum
3595 3481 3650 3536 in

2060 3574 2368 3634 sumptuosa
2385 3565 2546 3621 domo
2567 3566 2872 3632 educatum,
2893 3568 3002 3638 jam
3021 3582 3264 3637 asperam
3284 3579 3338 3625 et
3355 3571 3650 3640 squalidam

2059 3655 2236 3728 gregis
2264 3655 2348 3709 sui
2376 3655 2628 3724 pascendi
2657 3671 2817 3712 causa
2843 3657 3006 3717 vitam
3039 3673 3219 3729 agere.
3267 3661 3487 3717 Demutn
3533 3663 3650 3734 ejus

2057 3759 2456 3809 antecessorem
2485 3748 2731 3805 laudibus
2758 3751 2966 3805 extollit
2994 3750 3290 3807 Meletium.

2128 3839 2258 3894 Post
2287 3840 2425 3894 hanc
2450 3840 2677 3911 primam
2706 3839 3018 3898 concionem
3045 3841 3293 3910 opinatur
3315 3843 3396 3897 vir
3420 3844 3650 3914 sagacis-

2055 3930 2223 3985 simus
2243 3930 2614 3985 Tillemontius
2629 3930 2862 3986 habitam
2884 3931 3047 3987 fuisse
3068 3932 3340 3990 homiliam
3358 3933 3648 3993 secundam

2056 4021 2111 4076 in
2140 4020 2322 4077 Oziam
2349 4033 2403 4076 et
2430 4022 2480 4076 in
2508 4021 2834 4092 Seraphinos
2859 4064 2875 4091 ,
2906 4033 2962 4078 at
3002 4024 3206 4080 levibus
3240 4036 3512 4095 permotus
3551 4039 3647 4084 seu

2055 4112 2352 4167 rationibus
2376 4127 2471 4167 seu
2501 4114 2823 4182 conjecturis
2847 4155 2862 4180 ,
2892 4128 3024 4183 quas
3053 4117 3212 4171 etiam
3243 4118 3332 4173 ille
3355 4118 3647 4174 dubitando

2057 4201 2282 4270 profert.
2313 4201 2445 4255 Nam
2473 4211 2530 4255 ut
2556 4201 2610 4256 in
2639 4201 2838 4256 Monito
2881 4202 2966 4275 (T.
2995 4203 3050 4258 ϐ.
3087 4221 3133 4258 c.
3159 4205 3268 4277 95)
3297 4205 3363 4260 ad
3394 4207 3648 4263 Homilias

2055 4291 2124 4346 de
2147 4290 2460 4360 Seraphinis
2487 4293 2721 4348 diximus
2743 4335 2758 4356 ,
2793 4292 2910 4350 haac
2930 4294 3145 4349 homilia
3169 4297 3392 4364 proferri
3423 4313 3526 4352 non
3553 4314 3648 4367 po.

2058 4383 2158 4437 tuit
2179 4393 2305 4438 ante
2332 4397 2528 4437 annum
2557 4383 2665 4438 388
2689 4425 2704 4448 ,
2729 4392 2787 4438 ut
2813 4383 2864 4438 in
2896 4383 3096 4439 Monito
3120 4386 3308 4441 eodem
3335 4388 3610 4456 probatur.

2127 4472 2404 4530 Conciones
2429 4476 2484 4529 in
2512 4475 2764 4529 Genesim.
2795 4476 2942 4530 Anno
2970 4476 3096 4532 586.
3125 4506 3199 4518 --
3229 4478 3422 4533 Verum
3445 4481 3647 4550 optime

2059 4571 2309 4638 opinatur
2336 4567 2477 4622 idem
2497 4568 2866 4622 Tillemontius
2892 4569 2910 4639 (
2936 4568 3228 4624 Tillemont.
3260 4589 3314 4640 p.
3345 4572 3413 4627 42
3434 4572 3456 4640 )
3479 4615 3494 4638 ,
3523 4589 3644 4627 cum

2055 4658 2186 4713 dicit
2208 4668 2396 4726 putare
2425 4675 2485 4713 se
2511 4669 2634 4713 octo
2661 4659 2952 4715 Sermones
2983 4661 3032 4713 in
3057 4660 3304 4716 Genesim
3322 4702 3339 4728 ,
3361 4665 3450 4732 qui
3476 4662 3645 4718 Tomo

2053 4759 2246 4821 quarto
2265 4749 2518 4804 Homilias
2540 4751 2594 4804 in
2613 4749 2862 4805 Genesim
2889 4759 3185 4821 sequuntur
3226 4751 3312 4823 (Τ.
3339 4753 3391 4808 4.
3416 4771 3463 4809 c.
3481 4756 3578 4810 58l
3597 4754 3642 4824 ),

2059 4839 2270 4894 habitos
2313 4839 2477 4896 fuisse
2517 4842 2733 4896 ineunte
2776 4841 3191 4914 Quadragesima
3247 4843 3370 4899 anni
3415 4845 3540 4900 586.
3587 4844 3644 4899 Id

2055 4933 2198 4985 enim
2229 4932 2511 5001 perspicue
2539 4923 2776 4988 declarat
2802 4934 3219 5003 ('Ihrysostomus
3242 4977 3258 5002 ,
3295 4950 3416 4990 cum
3449 4950 3644 4990 secun-

2054 5020 2181 5075 dum
2214 5035 2517 5077 sermonem
2540 5022 2624 5077 his
2647 5024 2824 5080 verbis
2844 5025 3051 5079 orditur
3078 5043 3092 5078 :
3123 5024 3389 5096 Numquid
3414 5027 3642 5080 memini-

2053 5116 2144 5169 stis
2173 5119 2506 5182 questionnm
2528 5159 2543 5182 ,
2575 5133 2689 5188 qua:
2713 5135 2874 5189 nuper
2911 5120 3048 5173 vobis
3083 5120 3356 5190 propositte
3389 5119 3553 5174 sunt?
3579 5116 3643 5172 In

2055 5216 2250 5260 tantam
2276 5209 2410 5260 enim
2430 5210 2778 5280 arrogantiam
2805 5219 2855 5264 et
2896 5211 3164 5263 audaciam
3189 5228 3281 5265 nos
3309 5211 3602 5282 provexistis
3626 5251 3637 5277 ι

2055 5307 2112 5350 ut
2140 5297 2438 5367 quazstiones
2463 5300 2714 5368 intrepide
2730 5301 3088 5372 aggrediantur
3115 5319 3134 5357 .°
3163 5303 3264 5356 imo
3291 5318 3381 5355 nec
3400 5318 3646 5372 arrogan—

2057 5389 2142 5441 tia:
2164 5405 2253 5442 nec
2277 5389 2506 5445 audaciae
2527 5392 2580 5444 id
2609 5393 2810 5461 facinus
2828 5403 2921 5446 est.
2946 5391 3068 5446 Non
3091 5394 3224 5446 enim
3249 5392 3434 5446 uiribus
3463 5393 3643 5447 nostris

2053 5481 2362 5547 conﬁdentes
2386 5523 2400 5545 ,
2427 5482 2514 5536 sed
2563 5483 2845 5536 antistitum
2885 5484 3114 5553 precibus
3155 5499 3217 5537 ac
3259 5485 3435 5538 vestris
3474 5484 3643 5537 omnia

2059 5572 2421 5625 committentes
2463 5575 2529 5626 ad
2566 5573 2787 5626 stadium
2827 5589 2917 5627 nos
2962 5574 3295 5627 accinximus.
3346 5572 3448 5627 Hic
3497 5573 3642 5627 clare

2057 5663 2206 5717 vides
2232 5662 2668 5734 Cln-ysostomnm
2706 5665 2772 5718 ad
2815 5665 3042 5720 stadium
3074 5681 3133 5721 se
3156 5666 3521 5734 accingentem
3545 5702 3562 5731 ,
3589 5674 3639 5719 et

2059 5754 2482 5827 Quadrngrsimtc
2527 5771 2800 5813 sermones
2845 5757 3072 5828 primunt
3121 5757 3430 5826 ineuntem,
3478 5770 3637 5830 seque
