3948 6416
110 376 199 433 101

109 509 244 565 [nene
264 491 506 548 audaciae
536 493 868 548 incusantem
895 491 1034 562 quod
1071 506 1185 547 rem
1217 497 1416 545 tantam
1446 489 1702 561 aggrede-

105 596 295 642 retur:
325 600 446 654 quae
473 594 625 640 certe
668 583 846 638 omnia
886 582 1386 653 Quadragesimales
1427 597 1704 637 sermones

102 681 277 750 prima
316 677 437 731 vice
484 676 826 744 incipientem
867 674 1120 730 indicant.
1163 674 1279 729 Non
1319 675 1462 728 enim
1493 689 1553 729 ea
1578 671 1704 728 usus

97 782 184 826 est
212 767 461 824 ordiendi
502 769 712 824 ratione
745 783 883 822 anno
926 767 1239 836 insequente
1264 764 1386 831 587,
1421 779 1544 820 cum
1573 765 1702 821 Ser-

100 876 296 917 mones
325 861 394 915 de
431 859 634 915 Statuis
665 875 758 929 per
784 869 948 914 totam
986 857 1452 928 Quadragesimam
1495 857 1699 912 habuit.

101 955 290 1022 itaque
319 951 376 1005 hi
405 965 689 1005 sermones
719 950 835 1005 sine
875 950 1038 1006 dubio
1085 951 1356 1020 pertinent
1393 949 1460 1004 ad
1503 964 1702 1004 annum

99 1045 208 1100 $6
235 1087 251 1110 ,
282 1054 393 1115 quo
423 1044 640 1098 ineunte
669 1044 945 1114 presbyter
969 1043 1244 1097 ordinatus
1279 1042 1488 1106 fuerat,
1520 1051 1574 1096 et
1600 1056 1700 1096 an-

100 1137 184 1189 nis
213 1135 408 1190 saltem
438 1134 646 1190 duobus
675 1144 800 1189 ante
827 1150 985 1205 quam
1015 1133 1272 1189 Homilias
1312 1135 1380 1189 67
1427 1133 1480 1187 in
1523 1132 1701 1190 Gene-

101 1227 202 1282 sim
231 1268 246 1288 ,
279 1242 402 1297 quae
432 1226 483 1280 iu
510 1225 705 1281 eodem
735 1226 904 1280 Tomo
937 1225 1280 1296 praecedunt,
1311 1225 1572 1292 haberet,
1603 1223 1702 1279 hos

99 1331 385 1372 sermones
414 1316 662 1382 dixerat;
687 1316 773 1371 ubi
798 1316 1020 1387 plurima
1047 1316 1243 1386 passim
1265 1315 1659 1371 animadvertas
1681 1357 1699 1384 ,

99 1423 223 1478 qua:
254 1406 446 1462 iisdem
477 1422 620 1478 sape
650 1407 828 1462 verbis
858 1408 910 1461 in
941 1407 1175 1462 homiliis
1199 1407 1304 1462 illis
1326 1407 1698 1463 observantur.

172 1500 233 1554 in
255 1498 344 1554 his
366 1499 716 1555 coneionibus
733 1541 747 1564 ,
774 1499 984 1556 etiamsi
1012 1500 1152 1556 inter
1173 1498 1372 1569 primas
1391 1514 1522 1570 quas
1542 1498 1704 1569 Chry-

100 1600 377 1645 sostomus
417 1589 607 1646 habuit
651 1599 1041 1656 numerentur,
1090 1605 1196 1645 non
1247 1590 1406 1645 modo
1444 1592 1700 1660 eloquen-

97 1685 231 1736 tiam
256 1665 608 1747 ,'ubcrtatem
635 1682 686 1736 in
719 1681 945 1737 dicendo
969 1722 986 1749 ,
1030 1682 1256 1737 nitidum
1300 1698 1467 1753 genus
1509 1683 1701 1739 verbo-

100 1790 219 1829 rum
246 1816 262 1839 ,
309 1782 367 1829 et
411 1773 732 1829 inventionis
773 1775 1078 1829 felicitatem
1119 1775 1441 1840 admireris,
1487 1791 1606 1845 quae
1647 1776 1701 1830 in

100 1866 313 1922 exteris
357 1865 606 1919 omnibus
650 1865 767 1934 ejus
796 1865 1049 1934 operibus
1093 1865 1324 1929 elucent,
1368 1864 1455 1920 ubi
1502 1866 1700 1936 stylum

102 1972 317 2025 semper
341 1955 585 2010 videmus
609 1955 850 2026 populari
875 1956 1173 2011 assensioni
1195 1955 1656 2011 accommodatum
1681 1971 1698 2022 ;

106 2050 197 2104 sed
223 2050 390 2104 etiam
434 2047 829 2102 animadvertas
853 2058 1108 2118 quantum
1139 2047 1205 2103 ad
1233 2057 1701 2119 extemporaueam

107 2141 552 2196 declamationem
585 2154 798 2210 semper
817 2148 1156 2209 comparatus
1183 2139 1344 2195 fuerit
1370 2149 1547 2195 tantus
1573 2139 1703 2194 arti-

107 2236 190 2289 fex
215 2277 228 2299 ,
252 2243 309 2288 et
335 2248 494 2303 quam
523 2231 588 2286 ad
617 2215 1065 2302 rcs'quantumvis
1087 2233 1388 2302 inpinatas
1414 2235 1550 2304 stylo
1575 2249 1701 2303 per-

105 2324 410 2393 sequendas
443 2333 637 2392 prtesto
667 2323 841 2378 fuerit.
876 2324 986 2378 iloe
1018 2340 1125 2378 uno
1165 2340 1276 2379 rem
1308 2325 1551 2394 exemplo
1583 2340 1701 2393 per-

105 2419 294 2488 cipias.
325 2417 384 2497 _ln
427 2418 688 2472 Sermone
718 2425 909 2487 quarto
948 2433 1098 2472 num.
1138 2419 1170 2471 5
1195 2460 1210 2484 ,
1255 2432 1376 2472 cum
1414 2417 1702 2472 accedente

104 2520 263 2564 nocte
317 2510 551 2564 lucernze
614 2509 860 2564 ecclesite
920 2509 1378 2576 accenderentur,
1430 2509 1700 2564 auditores

104 2601 310 2655 aversis
338 2615 366 2652 a
390 2599 770 2654 concionatore
792 2599 960 2654 oculis
984 2641 999 2666 ,
1023 2598 1088 2654 ad
1115 2600 1361 2654 lucernas
1387 2613 1444 2654 se
1465 2613 1698 2654 conver-

107 2703 271 2747 tunt:
314 2693 442 2748 hinc
486 2693 574 2747 ille
621 2692 798 2747 statim
830 2708 1014 2748 eorum
1057 2693 1354 2747 socordiam
1400 2693 1614 2762 carpit,
1646 2701 1701 2749 et

102 2785 268 2839 multa
301 2783 446 2838 haud
477 2783 639 2839 dubie
684 2784 971 2853 imparatus
1000 2825 1014 2849 ,
1046 2784 1174 2838 dicit
1210 2785 1465 2854 praeclare
1489 2827 1505 2852 ,
1553 2799 1618 2839 ac
1655 2784 1700 2840 si

105 2892 219 2931 rem
246 2876 537 2931 meditatus
564 2877 919 2942 accessisset,
945 2875 1033 2946 qui
1063 2885 1236 2932 tamen
1266 2877 1381 2932 haec
1409 2877 1705 2948 praevidere

107 2969 254 3024 nullo
285 2967 451 3022 modo
482 2977 744 3039 potuerat.

176 3059 412 3114 Homilia
453 3061 508 3114 in
550 3059 612 3115 S.
662 3058 940 3114 Meletium.
963 3090 1034 3100 —
1061 3059 1173 3117 lloc
1213 3061 1424 3117 circiter
1462 3069 1704 3132 tempore

108 3154 388 3208 homiliam
420 3153 555 3207 dixit
582 3154 632 3206 in
660 3153 717 3209 S.
747 3154 1015 3210 Meletium
1045 3199 1059 3221 ,
1091 3170 1120 3208 a
1156 3170 1261 3225 quo
1303 3155 1416 3224 ipse
1455 3156 1624 3212 lector
1649 3164 1704 3213 et

104 3255 293 3315 postea
318 3245 582 3300 diaconus
604 3245 881 3301 ordinatus
909 3246 1100 3300 fuerat.
1129 3243 1361 3315 Tempus
1392 3247 1505 3315 ipse
1527 3246 1702 3319 Chry-

100 3346 377 3390 sostomus
399 3335 452 3389 in
474 3336 730 3408 concione
752 3335 956 3406 profert
981 3349 1100 3390 cum
1123 3335 1252 3391 diclt
1283 3355 1298 3392 :
1329 3337 1544 3402 Quintus
1570 3339 1704 3392 enim

99 3445 272 3482 annus
292 3429 408 3498 jam
446 3417 720 3498 p'rwteriit,
766 3443 828 3483 ex
863 3440 961 3500 quo
1001 3429 1087 3482 ille
1122 3429 1356 3498 migravit
1397 3428 1464 3481 ad
1503 3430 1702 3484 Iesum.

98 3519 252 3575 Obiit
288 3528 469 3573 autem
516 3519 761 3574 Meletius
790 3517 1247 3588 Constantiimpoli
1274 3560 1290 3586 ,
1325 3519 1414 3572 illo
1451 3530 1704 3576 evocatus

99 3612 170 3666 ab
220 3612 552 3680 lmperatore
599 3626 740 3664 anno
786 3611 884 3666 581
934 3613 1073 3666 circa
1120 3610 1279 3666 ﬁnem
1319 3608 1518 3665 mensis
1561 3609 1703 3665 Maii.

97 3703 476 3770 Quamobrem
522 3710 641 3771 post
686 3717 930 3756 mensem
979 3701 1174 3756 Maium
1213 3702 1336 3755 anni
1374 3701 1480 3756 586
1527 3700 1707 3756 habita

97 3794 272 3848 fuerit
314 3793 430 3848 haec
466 3793 683 3848 homilia
705 3835 718 3859 ,
747 3803 870 3848 ante
892 3809 1105 3863 capsam
1154 3792 1519 3864 Reliquiarum
1566 3793 1710 3864 ejus-

97 3887 232 3940 dem
259 3886 454 3940 sancti.
502 3885 617 3939 Non
647 3887 697 3939 in
725 3885 1087 3940 anniversaria
1115 3885 1291 3941 obitus
1330 3885 1416 3941 die
1456 3903 1473 3942 ;
1536 3900 1710 3956 neque

60 3962 63 3964 7
96 3979 255 4032 enim
283 3975 506 4032 dixisset
544 3977 959 4049 Chrysostomus
993 3978 1103 4046 jam
1150 3978 1473 4048 praeteriisse
1510 3993 1709 4032 annum

94 4071 356 4141 quintum
378 4087 392 4123 :
409 4069 500 4123 sed
517 4069 758 4124 fortassis
777 4070 830 4124 in
851 4069 938 4125 die
964 4070 1327 4124 translationis
1346 4069 1710 4139 Reliquiarum

95 4166 230 4233 ejus
268 4162 607 4217 Antiochiam
633 4206 649 4230 ,
679 4179 798 4232 quae
840 4164 1076 4218 incidere
1115 4163 1325 4218 videtur
1363 4163 1415 4217 in
1459 4161 1713 4216 duodeci-

96 4270 258 4310 mam
308 4253 626 4320 Februarii,
670 4270 774 4325 qua
821 4254 906 4310 die
954 4255 1330 4325 Martyrologia
1368 4253 1613 4309 Graecum
1659 4261 1714 4308 et

94 4348 420 4403 Romanum
467 4349 584 4410 ejus
629 4347 824 4403 festum
864 4349 1201 4403 annuntiant.
1249 4349 1348 4414 Qui
1390 4349 1628 4404 calculus
1667 4351 1712 4404 si

95 4447 260 4502 stet,
284 4447 343 4494 et
372 4439 416 4493 si
457 4439 834 4511 Martyrologia
874 4437 1016 4496 diem
1064 4440 1424 4496 translationis
1468 4450 1714 4496 accurate

94 4542 347 4598 notent,
377 4532 520 4602 quod
553 4543 728 4588 tamen
767 4547 921 4588 secus
960 4548 1065 4587 non
1108 4548 1230 4588 raro
1273 4533 1570 4603 contingit,
1601 4531 1716 4588 hac

93 4626 308 4681 concio
339 4623 514 4677 habita
546 4623 703 4678 fuerit
727 4622 1043 4679 duodecima
1087 4621 1363 4680 Februarii
1406 4624 1530 4679 anni
1570 4623 1672 4679 587
1698 4665 1713 4689 ,

92 4729 237 4791 post
263 4731 436 4772 annos
460 4717 693 4789 quinque
717 4726 772 4771 et
798 4726 922 4772 octo
958 4732 1081 4771 cum
1121 4716 1342 4772 dimidio
1381 4732 1614 4773 menses.
1647 4716 1718 4773 Ut

93 4819 156 4864 ut
197 4822 293 4862 res
321 4815 443 4871 est,
488 4818 695 4862 certum
739 4809 960 4862 omnino
1006 4805 1218 4864 videtur
1257 4807 1394 4863 hanc
1442 4808 1716 4863 homiliam

96 4897 520 4970 pronuntiatam
573 4899 777 4964 fuisse,
822 4898 910 4953 vel
965 4913 1108 4952 anno
1158 4897 1264 4963 586
1308 4907 1429 4968 post
1477 4914 1716 4954 mensem

94 4995 312 5050 Maium
344 5034 359 5058 ,
390 4993 474 5046 vel
505 4995 722 5047 ineunte
752 5007 894 5046 anno
933 4991 1058 5045 587.
1098 4989 1367 5046 Meletiqu
1404 5005 1533 5045 vero
1572 4999 1719 5046 tanto

93 5099 304 5141 ιιιιοιοε
337 5084 797 5155 prosequebantur
825 5083 1142 5138 Antiocheni
1169 5124 1185 5149 ,
1234 5089 1379 5138 tanta
1415 5082 1557 5154 apud
1600 5083 1721 5139 illos

94 5187 235 5236 erat
261 5175 380 5247 ejus
407 5175 639 5231 nominis
665 5174 805 5231 fama
830 5217 846 5242 ,
874 5184 934 5230 ut
961 5191 1148 5230 omnes
1175 5175 1287 5229 fere
1318 5175 1442 5229 filiis
1472 5175 1584 5231 suis
1613 5175 1722 5229 Me-

95 5270 231 5327 Ietii
267 5283 466 5323 nomen
496 5267 872 5338 imponerent,
919 5276 975 5322 et
1012 5267 1153 5321 illius
1197 5266 1482 5337 imaginem
1527 5267 1721 5336 ubique

96 5367 445 5436 pingerent,
503 5361 978 5430 imprimerentque
1027 5359 1082 5414 in
1130 5359 1382 5427 annulis,
1436 5359 1624 5429 sigillis
1666 5369 1722 5414 et

98 5454 319 5528 phialis
344 5495 359 5513 .
393 5453 660 5508 referente
683 5453 1092 5524 Chrysostomo.

183 5545 577 5602 Concionatori
601 5554 748 5600 tanto
769 5545 1062 5600 innumera:
1083 5559 1201 5599 sese
1221 5540 1513 5623 offerebant
1534 5541 1720 5596 orandi
1753 5575 1760 5582 -

105 5650 160 5694 ct
220 5636 486 5708 arguendi
534 5651 711 5692 causa
755 5645 810 5690 et
845 5635 1157 5690 occasiones
1200 5653 1213 5689 :
1267 5632 1721 5688 Autiochenorum

111 5733 417 5786 multorum
443 5727 690 5783 dissoluti
725 5743 903 5784 mores
925 5768 941 5794 ,
981 5737 1034 5781 et
1073 5726 1325 5781 eli‘reuata
1372 5723 1722 5794 quorumdam

114 5822 173 5879 in
203 5820 484 5894 peccando
511 5820 723 5878 licentia
749 5864 766 5889 ,
795 5835 952 5889 quam
979 5821 1029 5874 in
1061 5821 1196 5888 serie
1237 5818 1576 5874 homiliarum
1617 5816 1718 5875 fre-

1298 380 1484 437 NUNC
1523 342 1786 435 annum
1827 379 2227 473 ADQRNATA.‘

3301 387 3401 445 109.

1814 502 2044 561 quenter
2071 492 2254 561 impeti
2283 491 2581 550 videbimus
2610 510 2623 548 :
2654 495 3027 553 haereticorum
3067 499 3196 554 varii
3239 515 3401 571 gene-

1809 582 1884 636 ris
1909 623 1925 648 ,
1953 583 2294 654 maximeque
2321 586 2711 641 Anomoeorum
2737 629 2752 653 ,
2790 588 3079 659 depravata
3115 590 3359 648 doctrina
3382 634 3402 661 ,

1809 673 1897 742 qui
1926 674 2162 742 quotidie
2184 684 2370 730 contra
2394 677 2699 733 Catholicos
2723 679 3164 747 velilicabantur;
3194 681 3403 736 Judzeo-

1808 781 1926 820 rum
1957 781 2168 837 quoque
2195 769 2390 824 Christi
2419 770 2756 827 inimicorum
2783 789 2944 828 ausus
2971 816 2987 840 ,
3022 792 3156 845 quos
3184 777 3235 831 in
3265 793 3400 847 qua-

1808 856 1930 911 dam
1959 859 2145 913 saltem
2177 860 2370 915 rituum
2392 873 2540 931 parte
2563 865 2902 920 sectabantur
2921 867 3120 936 aliquot
3141 867 3373 923 Christia
3389 900 3404 908 -

1809 948 1883 1001 ni.
1916 948 1982 1030 Et.
2017 949 2307 1005 Anomoeos
2349 953 2562 1022 quidem
2602 953 2878 1010 adoriendi
2918 959 3247 1026 propositum
3290 959 3401 1029 jam

1808 1039 2013 1109 pridem
2037 1052 2380 1111 susceperat,
2406 1053 2566 1114 atque
2592 1046 2642 1099 in
2667 1046 2852 1115 primis
2872 1048 2982 1102 suis
3005 1048 3235 1105 homiliis
3257 1051 3402 1120 ipsos

1808 1132 2067 1202 impetere
2092 1149 2247 1191 orsus
2274 1146 2416 1191 esset
2439 1153 2454 1203 ;
2485 1138 2581 1192 sed
2603 1154 2725 1192 cum
2749 1140 2956 1195 videret
2985 1142 3104 1196 illos
3132 1143 3400 1198 coneioni-

1809 1225 1909 1280 bus
1937 1227 2195 1283 interesse
2221 1229 2330 1282 suis
2353 1269 2368 1295 ,
2399 1240 2454 1284 ct
2478 1245 2596 1285 eum
2628 1231 2901 1300 voluptate
2927 1248 3084 1289 aures
3122 1233 3222 1290 sibi
3262 1250 3401 1304 pra:-

1806 1315 1938 1373 bere
1961 1358 1976 1383 ,
2008 1333 2072 1372 ne
2091 1318 2319 1388 prwdam
2347 1321 2608 1392 abigeret,
2641 1323 2812 1392 inquit
2856 1324 2966 1391 ille,
2997 1336 3158 1395 utque
3189 1326 3398 1379 illorum

1807 1408 2013 1463 animas
2039 1409 2270 1465 irretiret
2291 1451 2306 1476 ,
2340 1412 2570 1483 linguam
2599 1413 2666 1468 ab
2691 1413 2996 1484 hujusmodi
3021 1417 3401 1472 certaminibus

1807 1498 2133 1568 aliquamdiu
2157 1501 2416 1556 coercuit.

1878 1591 2080 1664 Coepta:
2107 1603 2286 1648 autem
2315 1605 2439 1648 sunt
2460 1596 2748 1652 conciones
2777 1597 2882 1652 illa:
2903 1607 3088 1652 contra
3111 1598 3403 1654 Anomceos

1807 1692 1894 1734 aut
1923 1692 2165 1737 vertente
2203 1683 2346 1739 Julio
2379 1685 2504 1738 anni
2545 1685 2652 1744 586
2677 1727 2692 1751 ,
2735 1697 2827 1742 aut
2865 1688 3081 1743 ineunte
3121 1690 3397 1758 Augusto:

1806 1774 1896 1843 qui
1936 1774 2173 1828 calculus
2217 1783 2463 1830 constare
2504 1775 2922 1847 deprehenditur
2953 1793 3019 1832 ex
3057 1777 3121 1832 iis
3146 1793 3290 1851 .qua:
3333 1779 3403 1834 de

1808 1865 1980 1934 prima
2031 1876 2218 1922 contra
2262 1867 2477 1923 Judaeos
2531 1868 2751 1924 homilia
2798 1870 3047 1925 dicuntur
3097 1871 3150 1924 in
3201 1871 3404 1926 Monito

1809 1955 1830 2026 (
1858 1947 1986 2011 Vide
2010 1959 2064 2012 in
2091 1957 2289 2013 Manilo
2336 1969 2375 2013 t.
2406 1960 2459 2014 1.
2493 1974 2538 2011 c.
2564 1956 2909 2030 857—844)
2946 1961 3013 2015 ad
3054 1961 3172 2016 illas
3214 1973 3401 2017 contra

1808 2047 2022 2104 Judmos
2071 2049 2318 2106 homilias
2341 2093 2356 2116 ,
2411 2051 2500 2106 ubi
2537 2065 2604 2106 ex
2641 2051 2773 2120 ipsis
2811 2050 3183 2123 Chrysostomi
3224 2053 3404 2108 verbis

1807 2141 2047 2211 arguitur
2077 2143 2300 2210 primam
2328 2141 2561 2197 habitam
2590 2141 2756 2198 fuisse
2781 2158 2967 2198 mense
2992 2145 3232 2214 Augusto
3261 2143 3404 2212 ejus-

1808 2229 1930 2285 dem
1961 2233 2085 2287 anni
2116 2231 2243 2289 586.

1879 2321 2157 2378 Conciones
2199 2335 2377 2378 contra
2420 2323 2710 2380 Anomaeos.
2753 2354 2829 2366 —
2868 2324 2983 2379 Non
3026 2340 3129 2379 una
3170 2325 3310 2380 serie
3349 2331 3408 2380 cl.

1807 2415 2148 2470 continenter
2171 2416 2329 2471 dictze
2358 2417 2572 2472 fuerunt
2597 2416 2884 2472 conciones
2910 2417 3024 2470 ista)
3046 2425 3229 2471 contra
3260 2418 3406 2470 Ano-

1808 2520 2017 2571 mmos;
2069 2506 2163 2561 sed
2198 2508 2405 2561 illarum
2445 2523 2637 2562 cursus
2683 2508 3012 2576 interceptus
3054 2517 3135 2562 est
3175 2507 3274 2561 sub
3316 2507 3402 2560 in-

1807 2598 1983 2662 itium,
2012 2599 2225 2668 quando
2254 2600 2532 2670 ingruente
2572 2615 2699 2654 casu
2737 2609 2923 2652 contra
2965 2597 3179 2652 Judmos
3222 2600 3402 2652 disce-

1808 2689 2064 2761 ptandum
2090 2690 2207 2745 fuit.
2233 2692 2432 2746 Deinde
2459 2707 2584 2746 vero
2614 2700 2798 2745 contra
2828 2692 3118 2744 Anomceos
3139 2698 3192 2744 et
3218 2700 3402 2743 contra

1809 2784 2026 2842 Iudaeos
2046 2784 2266 2839 alternis
2287 2784 2489 2838 vicibus
2509 2793 2871 2838 concertatum
2895 2791 2999 2838 est.
3029 2783 3096 2834 At
3121 2781 3266 2836 vices
3288 2781 3405 2836 illas

1808 2875 1985 2932 metiri
2019 2891 2124 2929 non
2153 2890 2434 2945 possumus
2459 2874 2753 2929 intervallis
2778 2873 3096 2943 aequalibus.

1879 2967 1938 3024 In
1966 2969 2132 3038 prima
2165 2970 2341 3037 itaque
2377 2975 2562 3022 contra
2603 2968 2896 3020 Anomoeos
2937 2965 3194 3019 concione
3216 3003 3233 3030 ,
3257 2971 3408 3032 post-

1810 3070 1970 3130 quam
1999 3059 2228 3122 dixerat,
2263 3066 2320 3111 ut
2345 3057 2596 3122 vidimus,
2625 3071 2727 3126 qua
2754 3056 2822 3110 de
2849 3071 3007 3110 causa
3042 3054 3248 3124 pridem
3279 3069 3402 3108 sus-

1809 3161 2022 3220 ceptum
2062 3148 2341 3204 consilium
2375 3147 2496 3203 illos
2544 3146 2889 3216 impugnandi
2927 3146 3072 3200 aliud
3104 3147 3155 3200 in
3197 3154 3407 3215 tempus

1815 3240 2232 3304 transmisisset,
2275 3253 2465 3308 nempe
2489 3277 2506 3304 ,
2536 3245 2594 3291 ut
2617 3236 2888 3290 auditores
2918 3236 3006 3305 qui
3034 3235 3134 3289 sibi
3162 3234 3404 3290 benevoli

1811 3333 2128 3388 videbantur
2152 3373 2167 3399 ,
2201 3332 2472 3386 irretiret:
2504 3331 2717 3384 demum
2743 3326 3074 3381 hortantibus
3102 3325 3230 3396 ipsis
3260 3327 3410 3380 Ano-

1812 3424 1970 3478 moris
2008 3431 2064 3477 ut
2112 3423 2164 3476 in
2211 3435 2428 3476 arenam
2474 3417 2866 3483 descenderet,
2923 3416 3137 3471 illorum
3193 3430 3408 3471 errores

1813 3517 2073 3584 impetere
2116 3528 2270 3568 orsus
2313 3522 2436 3576 est,
2485 3509 2658 3564 amico
2703 3519 2880 3566 tamen
2924 3507 3146 3573 animo,
3190 3521 3296 3560 non
3349 3514 3409 3562 ut

1815 3607 2152 3663 adversarios
2183 3604 2402 3669 feriret,
2432 3603 2523 3657 sed
2555 3610 2610 3656 ut
2629 3600 2870 3670 jacentes
2896 3600 3146 3669 erigeret.

1888 3697 2192 3753 Secundam
2219 3705 2405 3750 contra
2446 3695 2739 3748 Auomceos
2781 3691 3055 3745 homiliam
3094 3688 3410 3758 interposito

1819 3792 2169 3861 plurimorum
2198 3788 2405 3843 dierum
2447 3786 2622 3857 Spatio
2657 3782 3038 3856 pronuntiavit.
3081 3781 3241 3836 Multa
3265 3781 3410 3836 enim

1815 3888 2256 3958 Chrysostomum
2283 3899 2312 3938 a
2340 3882 2608 3939 destinato
2631 3895 2789 3935 cursu
2816 3877 3258 3946 interpellarunt;
3283 3890 3416 3930 con-

1819 3990 1896 4035 tra
1924 3981 2140 4036 Judaeos
2172 3993 2364 4048 nempe
2387 3976 2566 4032 habita
2587 4017 2604 4043 ,
2632 3989 2802 4045 eaque
2829 3973 3115 4029 admodum
3161 3971 3415 4028 necessa-

1817 4075 1894 4129 ria
1922 4116 1935 4140 ,
1965 4071 2296 4128 cencertatio
2319 4115 2335 4138 ,
2367 4070 2435 4124 de
2474 4085 2575 4140 qua
2601 4109 2616 4133 ,
2648 4067 2733 4122 his
2768 4078 2952 4122 contra
3002 4068 3293 4120 Anommos
3329 4079 3415 4118 re-

1820 4165 2040 4220 censitis
2063 4206 2077 4228 ,
2104 4162 2344 4234 pluribus
2370 4173 2628 4229 agemus;
2659 4159 2876 4212 Patrum
2913 4156 3263 4226 quorumdam
3307 4155 3415 4224 spi-

1819 4257 2122 4326 ritualium(
2149 4255 2228 4309 sic
2255 4254 2347 4308 ille
2368 4251 2386 4323 )
2409 4253 2652 4305 adventus
2674 4291 2691 4317 ,
2718 4251 2785 4304 de
2815 4250 3006 4319 quibus
3026 4265 3124 4302 suo
3146 4248 3264 4300 loco
3291 4261 3414 4301 nar-

1820 4347 2045 4405 rabitur.
2079 4349 2299 4403 Demum
2329 4346 2431 4398 illis
2456 4343 2521 4398 ad
2565 4343 2682 4397 loca
2723 4356 2815 4396 sua
2866 4340 3094 4395 reversis
3119 4380 3132 4404 ,
3167 4348 3410 4393 sanctum

1823 4456 2120 4512 praeconem
2151 4451 2409 4506 excepere
2440 4433 2711 4490 memoria:
2735 4442 3027 4503 martyrum
3068 4429 3412 4499 frequentes;

1822 4534 2014 4604 quibus
2039 4531 2325 4588 celebratis
2355 4531 2714 4586 intermissam
2745 4536 2930 4583 contra
2960 4527 3252 4581 Anommos
3280 4541 3414 4581 con-

1823 4626 2173 4681 certationem
2205 4623 2440 4694 repetiit.

1895 4718 1951 4772 in
1983 4717 2137 4771 tertia
2160 4715 2299 4770 idem
2323 4721 2694 4784 argumentum
2721 4710 2782 4764 de
2806 4706 3418 4779 Incomprehensibilitate

1825 4806 1921 4862 Dci
1949 4818 2134 4863 contra
2167 4806 2500 4861 adversarios
2539 4803 2894 4873 prosequitur.
2935 4801 3046 4856 Sub
3085 4802 3246 4855 linem
3290 4813 3420 4853 vero

1826 4901 1881 4954 in
1925 4899 2197 4952 auditores
2243 4895 2506 4950 acerrime
2551 4892 2858 4957 invehitur,
2910 4891 3054 4960 quod
3117 4889 3416 4956 concione,

1827 5003 1985 5060 quam
2019 4989 2246 5043 libenter
2270 4985 2555 5040 audiebant
2577 5023 2594 5048 ,
2627 4983 2801 5038 soluta
2826 5023 2842 5046 ,
2872 4995 2993 5036 sese
3017 4982 3193 5036 statim
3219 4979 3420 5033 subdu-

1827 5087 2014 5136 cerent
2036 5121 2051 5146 ,
2084 5087 2139 5134 et
2171 5076 2337 5132 sacris
2380 5075 2648 5147 mysteriis
2668 5114 2684 5141 ,
2733 5088 2852 5146 qua:
2893 5073 3147 5130 continuo
3181 5070 3422 5125 celebra-

1827 5170 2022 5228 bantur
2046 5213 2060 5238 ,
2089 5185 2194 5224 non
2223 5168 2565 5224 interessent.

1903 5265 1958 5320 lu
1989 5271 2176 5334 quarta
2200 5304 2214 5326 ,
2249 5269 2368 5330 post
2392 5259 2576 5314 solitas
2611 5267 2795 5313 contra
2842 5257 3124 5312 haereticos
3165 5251 3423 5307 velitatio-

1830 5372 1968 5418 nes,
2017 5354 2176 5410 cmtui
2220 5352 2552 5423 gratulatur,
2598 5349 2740 5420 quod
2790 5350 3006 5404 monitis
3060 5347 3172 5402 suis
3215 5359 3422 5398 morem

1832 5448 2096 5519 gesserit,
2127 5459 2454 5516 pravumque
2493 5451 2616 5498 ante
2655 5456 2807 5496 sacra
2850 5438 3098 5512 mysteria
3135 5433 3423 5490 recedendi

1824 5523 2271 5594 consuetudinem
2300 5535 2556 5606 abiecerit
2583 5552 2594 5587 :
2625 5534 2768 5588 dolet
2798 5541 2974 5586 tamen
3000 5570 3014 5596 ,
3044 5527 3184 5598 quod
3213 5542 3421 5581 marsu-

1834 5632 2042 5702 piormn
2077 5639 2314 5683 sectores
2358 5627 2569 5699 quidam
2615 5623 2927 5678 concionem
2965 5619 3384 5674 interlurbarcnt
3413 5664 3425 5684 ,

1836 5732 2121 5794 monetque
2150 5738 2218 5778 ne
2243 5738 2431 5776 aurum
2472 5727 2819 5788 argentumve
2858 5716 2912 5768 in
2949 5713 3232 5784 marsupiis
3277 5716 3424 5773 deie-

1840 5827 1995 5886 rant,
2025 5815 2067 5872 si
2099 5816 2258 5871 velint
2286 5814 2444 5870 talem
2477 5820 2680 5884 pestem
2714 5807 2948 5876 abigere.
