3948 6406
560 345 662 400 103

630 458 684 510 lu
731 457 909 525 quinta
951 453 1166 509 demunt
1193 495 1208 522 ,
1261 454 1324 509 iis
1368 454 1599 509 breviter
1639 452 1979 517 retractatis,
2021 463 2143 519 uite

557 550 702 616 prius
729 547 935 600 dictarat
960 587 974 611 ,
1005 559 1138 598 nova
1177 543 1396 599 adhibet
1431 555 1617 600 contra
1654 545 1947 598 Anommos
1984 557 2142 608 argu-

558 648 754 693 menta.
783 637 842 692 In
871 638 953 690 his
981 652 1142 708 porro
1179 636 1527 697 concionibns
1563 636 1740 692 elucet
1774 633 2142 705 Cbrysostumi

557 745 662 784 non
689 729 859 782 solum
890 726 1192 798 eloquentia
1220 769 1235 794 ,
1268 727 1363 782 sed
1389 729 1547 785 etiam
1573 727 1654 784 vis
1678 735 2137 796 argumentorum.

555 819 663 874 Nec
691 818 868 874 minus
897 817 1250 888 δυειιὶεὶοιιάιιι
1280 828 1404 872 sunt
1433 817 1812 888 responsiones
1839 816 1905 871 ad
1934 814 2141 886 objrcta

557 909 929 964 htﬂl‘cticul'lllll
956 951 972 975 ,
1013 908 1204 978 quibus
1241 916 1596 979 asperguntur
1630 907 1788 961 etiam
1839 906 1980 960 sales
2008 944 2023 972 ,
2058 905 2144 974 qui

559 1000 870 1056 indicendo
899 1001 1092 1054 mirum
1134 1009 1390 1070 quantum
1431 1001 1661 1055 valeant.
1705 998 1779 1053 lta
1827 1007 1886 1052 ut
1932 997 2072 1052 haud
2114 1013 2142 1050 a

561 1104 688 1146 vero
706 1092 1032 1147 aberraverit
1054 1091 1096 1144 si
1118 1091 1238 1161 quis
1265 1089 1362 1145 has
1383 1090 1629 1145 homilias
1655 1091 1792 1145 inter
1817 1089 2146 1161 pratstautis-

557 1182 692 1236 sima
723 1183 888 1236 sancti
917 1182 1154 1238 doctoris
1179 1198 1339 1251 opera
1369 1183 1776 1253 computaverit.

630 1270 815 1326 Concio
853 1272 907 1326 in
946 1271 1008 1326 S.
1054 1271 1440 1342 Philogonium.
1500 1283 1539 1327 t.
1583 1272 1636 1326 1.
1678 1285 1725 1322 c.
1765 1270 1888 1325 7L7.
1922 1299 1992 1311 —-
2021 1271 2146 1326 Post

559 1363 797 1432 quintam
822 1405 838 1430 ,
870 1379 988 1432 quae
1017 1377 1202 1419 mense
1233 1361 1511 1418 Deccmbri
1537 1361 1558 1434 (
1585 1365 1648 1415 A.
1681 1361 1805 1416 586.
1834 1360 2073 1416 Decemb.
2097 1362 2141 1434 ),

561 1463 618 1507 ut
648 1453 933 1507 verisimile
960 1464 1041 1508 est
1066 1495 1081 1520 ,
1115 1454 1292 1508 habita
1320 1454 1414 1512 fuit
1436 1495 1452 1522 ,
1481 1453 1894 1524 Chrysostomus
1919 1453 1984 1507 ad
2011 1468 2145 1508 nova

559 1543 669 1598 tela
693 1553 875 1598 contra
900 1545 1191 1599 Anommos
1213 1543 1467 1598 vibranda
1497 1553 1708 1612 paratus
1730 1583 1748 1611 ,
1777 1553 1834 1598 ut
1859 1543 1972 1612 ipse
1995 1543 2142 1609 dicit,

559 1632 646 1686 die
676 1631 810 1687 festo
838 1631 895 1686 S.
937 1632 1234 1701 Philogonii
1277 1633 1514 1703 episc0pi
1557 1627 1880 1687 Antiocheni
1899 1665 1914 1698 ,
1960 1634 2051 1704 qui
2091 1634 2144 1688 in

557 1723 863 1792 vigesitnam
892 1723 1199 1778 Decembris
1222 1765 1237 1790 ,
1280 1725 1515 1794 quinque
1538 1723 1726 1779 diebus
1753 1734 1876 1780 ante
1905 1724 2144 1780 Natalem

557 1813 764 1868 Domini
789 1853 806 1881 ,
837 1813 1140 1880 incidebat,
1175 1813 1546 1885 interpellatus
1571 1814 1666 1869 iuit
1692 1857 1708 1881 ,
1734 1817 1956 1886 ejusque
1981 1831 2146 1887 pane-

554 1907 796 1978 gyricum
836 1905 1240 1978 pronuntiavit,
1284 1906 1461 1977 ipsum
1512 1914 1689 1961 tamen
1728 1922 1835 1961 non
1878 1907 2142 1972 absolvit,

558 1999 652 2053 sed
675 1999 902 2054 ttiaxima
926 1998 1179 2068 praeconii
1201 2009 1348 2068 parte
1371 1997 1628 2054 Flaviano
1650 1999 1935 2068 episcopo,
1958 1997 2144 2053 eadem

558 2088 645 2143 die
673 2090 1052 2143 concionatnro
1077 2129 1092 2154 ,
1121 2088 1304 2143 relicta
1329 2128 1344 2154 ,
1370 2089 1423 2142 in
1443 2089 1704 2143 orationis
1730 2087 1905 2143 medio
1928 2102 2143 2143 cursum

558 2179 841 2248 intercepit
867 2220 881 2242 ,
911 2189 967 2233 ut
993 2179 1246 2249 populum
1271 2179 1337 2234 ad
1365 2178 1610 2233 Natalem
1639 2178 1833 2234 Christi
1871 2179 1971 2234 rite
2006 2179 2146 2234 cele-

556 2272 821 2325 brandum
851 2271 1165 2326 hortaretur
1191 2312 1207 2338 ,
1235 2286 1298 2326 ac
1323 2281 1602 2342 postquam
1631 2271 1997 2341 peccatoribus
2028 2286 2143 2340 pre-

555 2362 792 2416 nitentitc
831 2362 1324 2434 resipiscentiazque
1365 2362 1584 2417 modum
1625 2364 1990 2434 praescripsit,
2018 2379 2142 2418 ora-

556 2453 756 2507 tionem
783 2452 1002 2507 claudit.
1137 2440 1146 2447 ’

623 2541 944 2611 Sequentetn
997 2543 1066 2599 de
1120 2542 1572 2599 Consubstantiali
1623 2544 1900 2599 homiliam
1957 2555 2142 2600 contra

553 2635 842 2690 Anommus
889 2633 1114 2702 habuit,
1171 2644 1230 2691 ut
1270 2636 1468 2690 indicat
1519 2635 1672 2706 ipse,
1723 2637 1904 2705 paucis
1954 2636 2145 2691 diebus

555 2739 833 2798 postquam
878 2729 944 2783 de
993 2729 1184 2784 eodem
1233 2739 1549 2798 argumento
1593 2730 1941 2784 concionatus
1989 2739 2140 2792 erat,

552 2820 768 2873 ineunte
795 2819 1042 2874 videlicet
1077 2835 1219 2873 anno
1258 2821 1404 2887 587,
1445 2827 1500 2873 et
1541 2828 1797 2890 quatttttm
1842 2820 2145 2890 conjectare

550 2913 710 2974 licet,
744 2913 925 2981 quinta
955 2910 1196 2966 Januarii
1224 2911 1348 2977 die,
1391 2927 1492 2982 qua
1535 2913 1804 2967 circenses
1847 2911 1955 2966 ludi
2003 2912 2144 2967 cele-

552 3002 863 3056 brabantur.
907 3002 996 3058 Sic
1033 3003 1176 3057 enim
1207 3003 1296 3058 ille
1324 3004 1638 3058 concionem
1680 3003 1907 3073 incipit:
1949 3001 2145 3057 Iterum

553 3093 797 3149 circenses
821 3135 835 3160 ,
865 3095 1047 3148 iterant
1074 3094 1218 3150 nobis
1245 3095 1541 3150 imminutus
1569 3105 1641 3148 est
1665 3104 1958 3150 conventus.

625 3187 715 3240 Die
737 3187 981 3256 sequenti
1021 3194 1076 3241 ut
1101 3184 1403 3242 confutaret
1428 3187 1741 3252 Anomteos,
1771 3188 1860 3258 qui
1900 3203 1964 3242 ex
2007 3187 2148 3258 peti-

549 3280 692 3334 tione
735 3279 966 3334 filiorum
1013 3277 1258 3335 Zebedaei
1306 3289 1361 3335 et
1393 3295 1458 3334 ex
1505 3280 1858 3350 responsione
1902 3279 2138 3347 Christi,

548 3373 737 3426 Sedere
777 3382 946 3425 autem
971 3371 1038 3425 ad
1063 3373 1321 3448 dexteram
1349 3373 1425 3426 vel
1451 3373 1713 3427 sinistram
1737 3389 1901 3426 meant
1927 3390 2030 3426 non
2067 3382 2142 3426 est

546 3478 711 3518 meum
738 3465 858 3516 dare
883 3465 1040 3530 vobis,
1069 3462 1409 3534 oppugnandi
1439 3479 1623 3518 ansam
1653 3465 1998 3535 arripicbant,
2021 3480 2139 3519 eam

549 3553 733 3607 habuit
761 3552 1032 3608 homiliam
1064 3568 1183 3623 qua:
1211 3561 1397 3607 octava
1429 3553 1758 3609 inscribitur.

619 3643 766 3698 llauc
803 3644 1114 3698 concionem
1154 3643 1394 3714 sequitur
1437 3645 1525 3699 illa
1570 3644 1638 3700 de
1681 3644 1887 3699 Lazaro
1933 3645 2139 3715 quatri-

545 3735 721 3787 duano
755 3732 842 3806 (Τ.
871 3749 908 3787 ι.
935 3751 982 3790 c.
1011 3736 1173 3805 779),
1208 3735 1259 3789 in
1291 3749 1395 3804 qua
1439 3736 1822 3790 Anomteornm
1853 3749 2140 3804 argumen-

545 3839 657 3880 tum
690 3842 755 3882 ex
783 3825 1003 3881 historia
1053 3826 1239 3881 Lazari
1266 3826 1605 3896 quatriduani
1649 3828 1872 3896 petitum
1901 3825 2141 3881 confuta~

546 3928 652 3970 tur.
685 3915 741 3972 In
787 3918 926 3971 hanc
952 3931 1078 3971 vero
1116 3915 1486 3988 illegitimitatis
1521 3917 1874 3987 susmcionem
1921 3917 2141 3988 injicere

543 4019 766 4063 conatus
813 4017 896 4062 est
942 4008 1156 4077 quidam
1208 4024 1479 4078 nuperos,
1526 4011 1617 4079 qui
1677 4024 1783 4063 non
1838 4007 2140 4064 adverterat

545 4100 684 4156 hnc
703 4101 770 4156 de
799 4103 999 4155 Lazaro
1029 4101 1379 4170 quatriduano
1408 4102 1706 4158 luculenter
1731 4103 2139 4158 commemorari

543 4194 596 4246 in
621 4195 859 4262 sequenti
888 4193 954 4247 de
978 4191 1172 4247 Christi
1197 4193 1463 4263 precibus,
1491 4195 1740 4265 quoniam
1771 4193 1886 4248 haec
1915 4191 2137 4247 bomilia

542 4285 594 4337 in
625 4284 858 4339 editione
893 4285 1158 4339 Saviliana
1202 4285 1358 4355 longo
1400 4285 1680 4340 intervallo
1717 4299 1748 4337 a
1775 4282 2018 4356 sequenti
2055 4297 2140 4337 se-

543 4384 722 4441 parata
753 4385 868 4428 erat
899 4393 911 4428 :
947 4391 1128 4429 verum
1160 4375 1275 4444 ejus
1302 4386 1610 4445 argumenta
1658 4377 1895 4442 pluribus
1943 4373 2138 4431 confu-

543 4463 770 4516 tavimus
801 4464 853 4516 in
881 4463 1080 4517 Μωιίιο
1109 4463 1176 4517 ad
1207 4463 1303 4516 has
1332 4463 1576 4517 bomilias
1605 4460 1710 4519 col.
1741 4459 1864 4522 779.

614 4553 794 4624 Altera
836 4553 902 4607 de
930 4551 1128 4607 Christi
1161 4554 1404 4622 precibus
1433 4556 1768 4608 continenter
1813 4565 1932 4626 post
1957 4557 2140 4612 Homi-

545 4641 668 4698 liam
697 4642 763 4698 de
790 4642 991 4698 Lazaro
1033 4643 1207 4698 habita
1238 4654 1338 4699 est.
1386 4643 1442 4698 In
1475 4645 1574 4700 hac
1611 4648 1822 4717 egregie
1858 4663 2137 4703 commou-

544 4743 742 4788 stratur
762 4733 958 4788 Christi
984 4747 1171 4804 preces
1196 4734 1261 4789 ad
1289 4737 1497 4790 l'atrem
1515 4735 1765 4804 directas,
1788 4753 1893 4792 non
1914 4739 2139 4808 probare

545 4831 694 4884 illum
739 4841 859 4884 esse
907 4827 1061 4882 Patre
1114 4827 1398 4883 minorem.
1445 4826 1737 4899 Utramque
1782 4848 1908 4886 vero
1958 4831 2140 4887 habuit

545 4924 762 4978 ineunte
790 4936 931 4975 anno
949 4921 1076 4988 387,
1103 4921 1265 4990 paulo
1296 4932 1415 4992 post
1439 4937 1596 4990 quam
1627 4921 1760 4978 alias
1789 4931 1973 4978 contra
1994 4925 2139 4978 Ano-

546 5028 716 5068 IIIQ‘OS
744 5012 972 5078 dixerat,
1002 5020 1057 5065 ut
1085 5009 1200 5081 ipse
1227 5009 1391 5066 refert
1419 5011 1472 5066 in
1501 5012 1754 5076 secunda,
1786 5029 1931 5067 num.
1962 5011 2015 5080 2,
2050 5015 2139 5070 ubi

544 5107 615 5159 ait
657 5120 717 5159 se
756 5120 936 5176 nuper,
967 5102 1035 5160 de
1079 5104 1244 5174 gloria
1292 5101 1558 5176 Unigeniti
1605 5104 1823 5162 dixisse.
1863 5104 1952 5161 Sic
1995 5109 2138 5163 enim

543 5195 832 5251 conciones
897 5194 968 5250 de
1035 5195 1560 5264 lncomprehensibili
1633 5211 1737 5250 non
1808 5196 1978 5252 semel
2046 5211 2141 5268 ap-

545 5293 725 5361 pellat.

621 5381 760 5436 Duas
785 5380 918 5435 alias
943 5387 1126 5435 contra
1169 5382 1460 5434 Anommos
1498 5379 1784 5434 conciones
1827 5379 1916 5434 ille
1957 5379 2142 5434 habuit

551 5471 1003 5540 rtpnstantinopoli
1036 5467 1120 5540 (Τ.
1157 5487 1193 5524 ι.
1226 5485 1274 5524 c.
1297 5468 1458 5539 795),
1496 5471 1582 5525 ubi
1615 5471 1705 5524 illa
1735 5471 1954 5527 liceresis
1991 5485 2142 5543 gras-

552 5559 788 5626 sabatur,
834 5571 890 5616 ut
928 5573 982 5617 et
1025 5561 1321 5616 Antiochia:
1351 5577 1364 5614 ε
1398 5560 1466 5616 de
1514 5561 1619 5615 illis
1656 5575 1834 5617 autem
1879 5577 1977 5618 suo
2025 5564 2141 5619 loco

552 5655 759 5713 agetur.

625 5735 899 5790 Conciones
926 5752 1094 5796 contra
1118 5742 1347 5805 Juda'os.
1366 5777 1372 5782 -
1393 5777 1412 5783 α
1444 5743 1788 5801 llomiliarum
1811 5761 1933 5803 vero
1955 5759 2138 5807 contra

1646 337 1704 392 S.
1745 328 2024 393 JOANNIS
2057 326 2534 391 UllBYSOSTOMl
2580 332 2759 392 νιτΑ.

3753 341 3867 400 108

2252 446 2468 504 .lndzeos
2495 447 2737 502 ordinem
2769 449 2820 502 in
2866 450 3016 518 prius
3042 447 3215 505 Editis
3259 452 3395 508 mire
3440 456 3817 525 perturbatum
3847 500 3862 522 ,

2252 535 2362 590 Deo
2387 535 2570 601 dante,
2599 552 2699 591 nec
2723 539 2839 592 sine
2871 538 3054 594 labore
3085 540 3414 597 restituimns
3441 541 3530 612 (Τ.
3565 560 3601 598 ι.
3621 562 3669 602 c.
3693 545 3802 600 837
3819 553 3861 614 ).

2249 627 2483 682 Primam
2511 627 2784 682 homiliam
2810 629 3014 693 habuit,
3039 640 3317 701 postquam
3347 635 3644 689 certamina
3666 648 3866 692 contra

2249 722 2542 775 Anommos
2579 735 2756 786 orsus,
2801 721 3074 792 primaque
3097 721 3208 792 jam
3250 723 3429 778 habita
3457 725 3742 791 concione,
3771 728 3864 780 in-

2248 811 2512 865 stantibus
2537 810 2844 866 Iudaeorum
2876 809 3043 878 feriis,
3085 815 3440 885 sceuopegiis,
3463 815 3707 886 jejuniis.
3739 817 3864 888 qui-

2251 900 2350 956 bus
2379 901 2667 956 Christiani
2697 902 2912 972 quidam
2941 903 3282 971 Antiocheni,
3315 907 3508 975 partim
3547 908 3868 976 spectandi,

2251 993 2443 1062 partim
2490 993 2652 1048 etiam
2686 1007 2784 1048 una
2832 995 3141 1052 celebrandi
3186 1006 3349 1068 atque
3371 998 3650 1069 jejunandi
3695 1016 3867 1056 causa

2251 1083 2510 1138 interesse
2553 1084 2840 1141 solebant:
2875 1087 2998 1143 huic
3050 1087 3141 1144 ille
3182 1089 3371 1145 morbo
3399 1099 3457 1144 ut
3501 1090 3868 1160 mederetur,

2250 1175 2663 1230 concertationis
2687 1185 2876 1232 contra
2899 1181 3189 1234 Anomteos
3217 1195 3432 1236 cursum
3456 1181 3773 1253 intercepit,
3803 1197 3868 1239 ac

2251 1265 2464 1321 Judaeos
2488 1267 2899 1341 ludam-nmque
2922 1285 3180 1341 sequaces
3203 1271 3422 1328 adortus
3445 1282 3548 1328 est.
3582 1274 3704 1341 Qua
3731 1290 3863 1330 vero

2251 1356 2380 1410 anni
2422 1366 2739 1428 tempestate
2765 1359 2880 1415 hzec
2921 1362 3229 1416 concionari
3257 1362 3504 1432 crepet-it,
3531 1364 3651 1434 ipse
3699 1365 3864 1434 paulo

2251 1457 2372 1518 post
2412 1449 2620 1504 initium
2660 1450 2894 1507 homilia:
2931 1453 3118 1523 prima:
3149 1453 3462 1510 testificatur
3502 1455 3589 1511 bis
3628 1457 3859 1514 verbis:

2252 1536 2422 1594 Feriw
2463 1539 2761 1596 miserorum
2784 1553 2934 1616 atque
2964 1561 3366 1600 cerumnosorum
3402 1544 3709 1601 Judteorum
3739 1565 3862 1602 con—

2251 1630 2406 1685 tinua:
2448 1641 2496 1686 et
2519 1632 2811 1703 frequentes
2841 1635 3053 1703 instant,
3087 1635 3237 1702 tuba,
3270 1640 3603 1710 scenopegite,
3624 1640 3855 1710 jejunio.

2251 1718 2348 1774 His
2375 1731 2590 1777 notatur
2619 1723 2761 1779 hanc
2778 1725 2940 1781 dubie
2966 1730 3168 1783 mensis
3185 1727 3345 1793 Tisri,
3368 1730 3485 1785 sive
3512 1728 3856 1800 September,

2251 1811 2404 1880 cujus
2444 1812 2658 1869 decimo
2700 1817 2887 1886 quinto
2926 1817 3014 1874 die
3056 1818 3343 1889 incipiebat
3381 1822 3730 1894 scenopegia,
3761 1837 3856 1878 seu

2252 1901 2446 1957 festum
2491 1904 3003 1980 Tabernaculorutn.
3047 1908 3146 1964 Illo
3201 1919 3382 1966 autem
3439 1927 3627 1967 mense
3675 1914 3860 1984 plures

2250 1995 2390 2065 apud
2415 1996 2630 2054 Jndteos
2653 2002 3010 2056 occurrebant
3032 2002 3150 2058 dies
3179 2002 3320 2068 festi,
3345 2020 3506 2075 quam
3535 2006 3588 2060 in
3614 2008 3859 2076 quolibet

2251 2087 2358 2141 alio
2383 2089 2542 2143 totius
2566 2089 2712 2157 anni,
2759 2100 2816 2145 ut
2840 2092 3024 2147 videas
3067 2093 3204 2163 apud
3234 2094 3571 2164 antorfum,
3617 2097 3856 2153 Leusde-

2252 2193 2379 2233 num
2406 2189 2460 2234 et
2486 2181 2639 2235 alios.
2669 2181 2822 2250 Quod
2848 2183 3008 2238 etiam
3039 2184 3234 2242 indicat
3263 2184 3705 2260 Chrysostotnus,
3733 2204 3854 2247 cum

2251 2269 2381 2324 dicit
2423 2273 2617 2325 assidui
2655 2283 2704 2327 et
2744 2275 2921 2330 crebri.
2973 2275 3120 2334 Hanc
3162 2279 3559 2336 solemnitatem
3603 2282 3853 2353 frequen-

2253 2363 2378 2416 tiam
2405 2363 2605 2432 aliquot
2631 2363 2820 2422 diebus
2856 2371 3204 2425 antevertisse
3241 2370 3712 2444 Chrysostomutn;
3745 2385 3852 2428 tum

2251 2456 2529 2524 praemissa
2557 2458 2718 2513 verba
2749 2459 3041 2527 declarant,
3086 2470 3197 2516 tum
3227 2477 3348 2517 mox
3395 2463 3674 2519 aﬂ‘erenda
3707 2466 3852 2520 testi-

2251 2547 2494 2603 ficantur.
2542 2549 2719 2618 Quare
2770 2566 2959 2608 mense
2998 2554 3236 2624 Augusto
3292 2557 3519 2625 primam
3570 2556 3850 2613 homiliam

2251 2639 2455 2694 dixisse
2480 2640 2706 2696 videtur.

2325 2729 2379 2785 ln
2412 2733 2510 2786 hac
2550 2749 2676 2788 vero
2707 2735 2945 2800 humilia,
2981 2737 3068 2792 ubi
3098 2736 3428 2794 Christianos
3465 2741 3584 2796 illos
3611 2741 3848 2798 insecta-

2252 2829 2357 2887 tur,
2389 2823 2476 2892 qni
2506 2824 2775 2894 religionis
2795 2841 2953 2881 causa
2978 2826 3286 2883 Judazornm
3311 2844 3462 2883 sacra
3487 2829 3678 2898 ferias,
3703 2833 3846 2888 cedes

2250 2912 2479 2977 adirent,
2511 2929 2624 2969 rem
2653 2914 2808 2970 aﬂ'ert
2859 2917 3202 2988 singularem,
3236 2921 3319 2974 cui
3365 2920 3456 2975 ille
3485 2921 3771 2990 interfuit,
3796 2933 3849 2980 et

2249 3018 2407 3074 quam
2439 3006 2845 3074 praetermittere
2881 3022 2988 3063 non
3015 3009 3158 3065 licet.
3202 3010 3484 3081 Postquam
3524 3014 3647 3068 tunc
3677 3015 3847 3069 Evam

2249 3097 2370 3166 gelii
2413 3095 2636 3152 Joannis
2663 3099 2823 3154 verba
2852 3099 3029 3156 attulit
3059 3099 3144 3172 (Τ.
3165 3115 3201 3155 t.
3223 3099 3605 3171 c.847.l.27),
3624 3106 3689 3161 Si
3715 3108 3845 3160 enim

2253 3185 2459 3241 Patrem
2487 3204 2653 3241 meum
2685 3191 2917 3255 nossetis,
2960 3202 3010 3246 et
3035 3209 3115 3246 me
3153 3195 3363 3248 nossetis
3389 3210 3409 3248 :
3432 3197 3592 3264 neque
3617 3213 3738 3250 uero
3769 3215 3844 3250 me

2249 3279 2425 3343 nostis,
2455 3295 2544 3332 nec
2574 3277 2784 3334 Patrem
2806 3296 2828 3344 ;
2856 3282 2927 3335 ita
2955 3283 3128 3354 pergit
3157 3301 3170 3338 :
3205 3282 3355 3350 Quod
3381 3287 3729 3342 testimonium
3754 3291 3846 3342 hoc

2249 3367 2352 3436 ﬁde
2383 3369 2584 3438 dignius
2625 3371 2920 3426 adducant?
2948 3372 3011 3428 Si
3053 3372 3262 3428 Patrem
3288 3392 3389 3430 non
3414 3386 3620 3440 norunt.
3649 3377 3846 3433 Filium

2247 3460 2626 3529 cruciﬁxerunt,
2667 3463 2891 3533 Spiritus
2919 3465 3168 3519 auxilium
3194 3468 3506 3537 repulerunt,
3535 3470 3652 3539 quis
3678 3471 3848 3525 locum

2247 3551 2393 3606 illum
2421 3570 2527 3608 esse
2553 3554 2839 3610 dwmonum
2868 3557 3196 3612 diversorium
3228 3559 3483 3630 aﬁirmare
3528 3578 3634 3615 non
3661 3563 3847 3617 ausit?

2248 3641 2370 3696 Non
2396 3642 2641 3698 adoretur
2665 3645 2731 3699 ibi
2772 3644 2932 3711 Deus,
2960 3646 3123 3712 absit;
3149 3650 3237 3703 sed
3279 3649 3584 3706 idololatria:
3608 3652 3847 3724 deinceps

2247 3735 2386 3788 locus
2425 3744 2497 3789 est
2523 3751 2542 3790 :
2571 3745 2618 3790 et
2645 3746 2812 3790 tamen
2857 3738 3013 3808 aliqui
3054 3739 3158 3794 illis
3185 3750 3441 3805 tamquam
3474 3744 3722 3797 sacrariis
3747 3746 3844 3798 ad-

2247 3828 2458 3882 luerent.
2501 3829 2664 3900 Atque
2692 3830 2799 3884 [nec
2828 3847 2930 3885 non
2956 3833 3256 3902 conjecturis
3296 3833 3546 3888 adductus
3572 3836 3714 3900 dico,
3759 3839 3847 3892 sed

2245 3921 2357 3990 ipsa
2383 3920 2588 3974 edoctus
2615 3923 2944 3992 experientia.
2986 3921 3126 3977 Nam
3153 3934 3269 3979 ante
3299 3925 3394 3979 hoc
3437 3927 3684 3993 triduum,
3721 3930 3848 3983 mitti

2245 4011 2452 4077 credite,
2497 4027 2598 4065 non
2629 4011 2872 4078 mentior,
2902 4023 3186 4068 matronam
3227 4014 3500 4085 quamdam
3528 4017 3801 4072 honestam
3829 4059 3844 4084 ,

2245 4103 2536 4174 ingenuam,
2586 4094 2863 4158 modestam
2889 4115 2938 4158 et
2974 4106 3174 4174 ﬁdelem
3201 4107 3321 4172 uidi,
3367 4124 3517 4176 quam
3545 4110 3703 4164 homo
3731 4113 3845 4176 qui-

2245 4195 2364 4248 dant
2399 4195 2649 4264 impurus,
2680 4196 2916 4266 Opinione
2942 4195 3260 4252 Christianus
3289 4199 3435 4268 (talia
3476 4201 3609 4254 enim
3639 4203 3843 4255 auden-

2246 4295 2365 4352 tem,
2395 4285 2643 4338 sincerunt
2687 4285 3030 4340 Christianum
3069 4305 3169 4342 non
3212 4288 3472 4362 dixerim),
3505 4289 3844 4346 Hebrazorunt

2243 4376 2405 4431 aedem
2432 4377 2622 4430 intrare
2643 4417 2656 4442 ,
2686 4377 2849 4447 ibique
2863 4378 3236 4449 jusjurandum
3264 4380 3325 4434 de
3353 4383 3562 4453 negotiis
3589 4384 3687 4436 sibi
3723 4402 3845 4438 con-

2243 4469 2446 4524 creditis
2485 4469 2607 4523 dare
2632 4469 2852 4540 cogebat.
2890 4469 2958 4526 Ut
3000 4488 3116 4526 vero
3152 4472 3244 4526 illa
3271 4489 3417 4540 opem
3440 4474 3776 4544 implorabat,
3800 4485 3845 4530 et

2243 4563 2344 4615 vim
2383 4561 2676 4614 sceleratam
2713 4561 2914 4615 amoliri
2956 4563 3186 4633 cupiebat
3208 4577 3226 4628 ,'
3251 4562 3346 4616 sibi
3372 4564 3532 4628 enim,
3563 4580 3682 4628 quia
3709 4567 3843 4619 divi-

2246 4672 2425 4709 norum
2467 4655 2816 4724 mysteriorum
2857 4669 3062 4708 consors
3106 4657 3241 4724 facta
3281 4665 3427 4721 esset,
3476 4655 3624 4709 illum
3671 4657 3844 4711 locum

2244 4745 2405 4811 adire,
2438 4747 2580 4814 nefas
2620 4761 2724 4798 esse
2763 4744 2969 4814 putabat
2996 4761 3015 4799 :
3044 4746 3277 4800 incensus
3305 4759 3397 4817 ego
3434 4746 3543 4801 zelo
3569 4757 3725 4814 atque
3762 4765 3848 4802 ar-

2245 4838 2368 4891 dens
2397 4836 2614 4898 surrexi,
2661 4852 2752 4890 nec
2789 4835 2931 4888 illam
2963 4835 3031 4888 ad
3057 4837 3519 4906 pmoricationem
3548 4837 3683 4891 (ra/ti
3728 4856 3846 4893 sunt

2246 4947 2448 5001 passus,
2479 4929 2739 5000 eripuiqué
2764 4929 2824 4982 ab
2846 4929 3019 5000 iniqua
3043 4929 3140 4983 ista
3165 4929 3483 4984 abductione.
3513 4929 3701 4984 Postea
3729 4949 3846 4986 eum

2245 5021 2332 5090 qui
2378 5030 2599 5074 traxerat
2661 5020 2839 5086 illam,
2882 5015 3265 5074 Cltristianusne
3309 5031 3471 5087 esset,
3512 5021 3687 5092 rogavi
3715 5038 3740 5079 :
3765 5022 3849 5076 cui

2247 5111 2500 5180 conﬁtenti
2525 5111 2740 5181 graviter
2775 5110 2952 5178 institi,
2987 5111 3270 5181 fatuitatem
3312 5113 3646 5182 exprobrans,
3673 5123 3848 5168 attre-

2249 5217 2481 5269 mamque
2506 5199 2828 5264 dementiam,
2871 5211 2918 5255 et
2945 5200 3102 5256 asinis
3125 5199 3273 5254 illum
3304 5212 3545 5272 prastare
3567 5205 3772 5273 negaui,
3804 5203 3850 5257 si

2247 5292 2501 5348 Christum
2526 5308 2580 5346 se
2596 5291 2812 5345 adorare
2839 5291 3101 5362 proﬁtens,
3130 5291 3196 5346 ad
3213 5291 3534 5357 Judceorum,
3563 5293 3652 5361 qui
3674 5295 3848 5364 ipsum

2249 5383 2635 5452 crnciﬁxissent,
2669 5382 2937 5451 speluncas
2961 5399 3260 5452 quamquam
3288 5385 3528 5440 traheret.
3547 5383 3848 5439 Producto-

2248 5491 2343 5543 qne
2369 5475 2568 5545 longius
2591 5491 2836 5539 sermone,
2870 5475 3087 5544 primunt
3104 5476 3287 5546 jurare
3310 5493 3519 5546 prorsus
3540 5495 3642 5532 non
3671 5479 3848 5542 licere,

2251 5583 2406 5636 neque
2451 5565 2520 5619 ad
2554 5566 2924 5637 jusjurandum
2961 5568 3246 5638 quempiam
3309 5570 3543 5635 incitare,
3589 5587 3657 5624 ea:
3698 5586 3849 5626 sacro

2254 5656 2530 5728 Erangelio
2581 5659 2730 5713 docui
2762 5659 3002 5727 :dcinde,
3055 5679 3158 5715 non
3205 5662 3406 5731 ﬁdelem
3454 5674 3501 5716 et
3548 5663 3849 5728 initiatum,

2251 5751 2371 5823 quin
2403 5768 2556 5822 neque
2587 5769 2696 5808 eum
2725 5754 2810 5826 qui
2855 5756 3080 5812 nondum
3121 5757 3185 5812 sit
3214 5757 3458 5826 initiatus,
3489 5757 3537 5811 in
3567 5757 3714 5812 istum
3756 5774 3846 5811 nso
