3948 6434
187 389 293 450 1οὸ

180 514 464 573 cessitatem
494 512 798 568 trahenatnt
833 511 1008 581 fuisse.
1037 506 1318 580 Postquam
1355 503 1446 561 diu
1473 504 1785 572 multumque

181 609 427 678 Mantus
451 607 682 660 animum
708 602 820 674 ejus
843 602 906 656 ab
927 615 1100 655 errore
1127 597 1380 669 Opinionis
1406 593 1632 664 liberaui,
1659 611 1786 650 εααο

177 707 296 754 sant
335 697 620 752 sciscitatus
646 711 780 761 sum,
809 707 901 748 cur
935 687 1146 748 ecclesia
1183 691 1363 746 relicta
1391 688 1460 743 ad
1483 687 1786 749 Iudaeorum

179 789 402 862 collegia
425 787 570 843 illam
595 786 824 842 traxerit.
854 785 920 838 At
943 785 1033 840 ille
1057 783 1243 840 multos
1261 783 1356 838 sibi
1379 781 1570 836 dixisse
1587 779 1786 850 inquie-

181 887 290 953 bat,
306 881 700 956 jusjurandum,
723 878 860 952 quod
879 879 948 934 ibi
973 878 1199 946 daretur,
1221 876 1384 948 magis
1405 872 1788 948 formidandum

177 987 312 1034 “esse.
362 977 442 1032 Ob
489 991 604 1046 quat
639 972 1042 1046 ingemiscebam,
1087 981 1134 1026 et
1176 972 1256 1026 ira
1296 969 1618 1036 incendebat,
1666 969 1785 1023 hinc

177 1079 364 1124 rursus
389 1067 640 1122 ridebam.
660 1063 880 1120 Cernetis
901 1063 1036 1120 enim
1063 1061 1256 1118 diaboli
1275 1059 1782 1133 astutiamingemui,

178 1162 320 1232 aliud
345 1159 632 1216 horninibus
661 1157 714 1212 id
743 1155 1045 1227 persuadere
1073 1163 1236 1226 posset
1262 1170 1283 1209 :
1307 1152 1628 1209 considerata
1668 1163 1784 1206 vero

179 1268 364 1306 eorum
401 1250 490 1322 qui
531 1247 905 1321 decipiebantur
925 1244 1180 1313 socordia,
1205 1243 1477 1310 excastdtti,
1507 1251 1558 1298 et
1577 1251 1782 1298 eorum-

180 1345 298 1399 deas
323 1351 522 1414 quasue
555 1349 684 1396 esset
716 1339 940 1395 anteistia
975 1350 1170 1394 mecum
1210 1345 1473 1409 reputans,
1503 1335 1614 1390 risi.
1645 1330 1786 1391 Risit

183 1437 348 1508 igitur
375 1435 488 1502 ille,
514 1435 644 1492 licet
667 1433 744 1490 rei
769 1432 1006 1504 gravitas
1029 1429 1295 1488 adimeret
1316 1429 1531 1501 iocandi
1561 1427 1786 1484 faculta-

184 1534 328 1595 tem;
357 1525 459 1586 sed
480 1528 636 1598 iocus
663 1525 752 1583 ille
775 1525 904 1582 nihil
935 1526 1004 1581 de
1026 1523 1286 1596 gravitate
1319 1522 1607 1602 decerpsit.

251 1621 562 1679 Secundam
593 1619 870 1676 homiliam
913 1617 1102 1674 decem
1127 1625 1222 1672 aut
1261 1616 1503 1687 pluribus
1527 1615 1726 1686 elapsis
1749 1625 1782 1670 a

185 1715 362 1786 prima
387 1711 580 1768 diebus
619 1709 822 1778 habuit,
865 1721 930 1764 ac
953 1708 1187 1779 quinque
1213 1706 1405 1764 diebus
1445 1715 1591 1773 ante,
1621 1718 1782 1777 quam

183 1799 499 1860 intimorum
537 1801 802 1872 jejunium
837 1798 1070 1866 adesset,
1099 1807 1159 1854 ut
1185 1797 1264 1853 sic
1291 1796 1408 1867 ipse
1431 1795 1670 1852 declarat
1697 1795 1783 1850 in-

186 1900 312 1955 itio:
337 1896 676 1968 "legitimum
700 1894 856 1966 igitur
882 1893 1111 1964 ipsorum
1133 1890 1392 1964 jejunium
1421 1897 1534 1959 post
1562 1888 1785 1960 quinque

187 1991 294 2046 dies
319 1989 560 2059 deinceps
579 1987 735 2041 instat
761 1999 782 2040 :
809 1993 862 2038 at
884 1999 978 2055 ego
1003 1991 1120 2036 ante
1138 1981 1308 2036 decem
1329 1979 1457 2046 dies,
1487 1978 1566 2035 vel
1588 1976 1782 2052 plures,

189 2079 586 2137 cohortatione»:
608 2078 678 2132 ad
699 2091 786 2132 eos
804 2074 976 2141 habui,
1003 2083 1060 2129 ut
1087 2073 1270 2144 fratres
1292 2080 1481 2128 vestros
1507 2069 1786 2142 prtemuni-

188 2183 315 2229 γαπ.
360 2173 442 2229 Ne
464 2187 598 2228 vero
621 2171 834 2227 dubites
861 2169 1000 2225 banc
1025 2169 1194 2240 ipsum
1225 2181 1367 2235 esse,
1403 2181 1564 2238 quam
1593 2180 1788 2222 secun-

189 2267 308 2321 dam
351 2274 540 2321 comta
576 2263 792 2320 Iudaeas
837 2261 1054 2328 imbuit,
1105 2261 1227 2316 vide
1287 2259 1558 2332 quomodo
1601 2259 1674 2315 ibi
1715 2258 1786 2316 de

187 2361 359 2434 prima
389 2361 636 2429 loquatur
678 2368 828 2412 num.
857 2343 932 2412 3:
964 2352 1086 2410 Non
1111 2354 1326 2409 audistis
1370 2352 1426 2406 in
1455 2353 1616 2424 priori
1657 2368 1782 2407 con-

184 2452 350 2518 rion»,
374 2466 528 2518 quam
569 2449 706 2503 ctare
734 2447 886 2520 fuerit
923 2447 1152 2500 oratione
1190 2443 1608 2510 demonstratum,
1645 2443 1785 2514 ipsas

184 2543 384 2596 animus
411 2539 732 2605 Judteorum,
762 2546 808 2592 et
853 2537 964 2592 loca
989 2535 1076 2590 ubi
1117 2545 1503 2607 congregantur,
1535 2550 1568 2588 a
1593 2533 1786 2588 dieme-

184 2635 331 2690 nibus
357 2632 578 2688 habitari
597 2631 624 2687 l‘
653 2630 709 2686 Id
733 2643 885 2692 vero.
911 2643 1105 2700 nempe
1145 2638 1198 2684 ct
1223 2627 1430 2682 animas
1453 2625 1781 2692 Judatorum,

181 2736 236 2782 et
275 2725 393 2780 loca
431 2723 744 2778 earumdem
769 2737 798 2776 a
825 2719 1163 2776 daemonibus
1197 2718 1445 2784 habitari,
1491 2719 1784 2789 conspicuo

182 2826 237 2872 et
261 2807 378 2872 fuse
407 2815 597 2886 prohat
619 2805 708 2870 ille
737 2811 954 2868 homilia
976 2812 1146 2884 prima
1174 2819 1360 2868 contra
1389 2809 1605 2866 induas
1632 2824 1777 2865 num.

181 2909 216 2966 6
247 2927 260 2962 :
290 2909 363 2964 ita
395 2915 455 2962 ut
479 2915 628 2962 certo
667 2903 866 2962 certius
894 2905 998 2970 sit,
1029 2903 1173 2960 illam
1202 2913 1324 2959 esse
1351 2910 1537 2958 eontra
1566 2902 1785 2959 Judazos

182 3003 433 3071 primam,
463 2999 601 3056 hanc
628 3013 758 3055 vero
786 2997 1098 3066 secundam,
1129 3013 1289 3069 quam
1318 2997 1562 3054 dolemus
1587 2997 1654 3054 ad
1685 3012 1784 3055 nos

182 3096 426 3150 mutilam
473 3093 797 3150 devenisse:
831 3093 962 3148 nihil
989 3101 1137 3148 certe
1173 3101 1282 3148 non
1329 3095 1535 3164 egimus
1574 3101 1634 3148 ut
1661 3103 1783 3148 eam

180 3197 381 3243 sartam
411 3195 468 3242 et
497 3195 689 3242 tectam
731 3183 1055 3254 ederemus;
1085 3183 1180 3241 sed
1209 3183 1404 3241 frustra
1446 3199 1660 3241 cessere
1686 3195 1782 3242 co-

180 3289 340 3337 natus
363 3293 576 3334 omnes.

251 3372 492 3430 Tertiam
525 3373 898 3428 incunctanter
928 3371 1205 3442 posuimus
1229 3361 1515 3428 llomiliam
1542 3387 1659 3428 eam
1687 3382 1781 3428 cu-

179 3461 264 3534 lus
291 3463 480 3519 titulus
517 3473 620 3528 est,
647 3449 716 3518 in
742 3475 826 3518 eos
863 3464 949 3534 qui
995 3465 1159 3534 primo
1202 3461 1408 3520 Pascha
1437 3465 1700 3537 jejunum,
1730 3465 1784 3520 id

179 3565 282 3618 est,
309 3563 500 3610 contra
524 3553 860 3610 Christianos
882 3553 1022 3621 illos,
1051 3555 1141 3626 qui
1183 3561 1307 3609 Cum
1337 3553 1540 3610 Pascha
1565 3555 1785 3611 Judaio-

179 3655 302 3700 rum
333 3645 538 3716 aliquot
563 3645 756 3702 diebus
783 3655 900 3714 post
935 3643 1137 3700 Pascha
1167 3645 1592 3702 Christianorum
1637 3635 1782 3704 cele-

179 3735 390 3800 bratur,
425 3735 478 3790 in
517 3733 780 3791 Paschate
803 3733 1230 3791 Christianorum
1253 3735 1518 3808 jejnnant,
1545 3747 1603 3792 ut
1641 3737 1782 3807 jeju-

179 3830 335 3882 nium
357 3841 526 3898 usque
552 3826 620 3883 ad
650 3827 851 3882 Pascha
875 3826 1180 3884 Judaaorum
1211 3833 1622 3901 proseQuantur.
1651 3825 1784 3884 Illud

180 3930 365 3975 autem
395 3935 534 3974 anno
563 3920 808 3990 sequenti
853 3910 1196 3990 587,'inquit
1223 3919 1660 3993 Chrysouomus,
1691 3936 1784 3975 aco

178 4011 420 4078 cidebat,
459 4021 640 4082 atque,
687 4018 745 4066 ut
787 4023 892 4066 tam
943 4025 1158 4082 pravam
1195 4013 1636 4068 consuetudinem
1685 4013 1785 4068 ab-

179 4105 354 4172 dicat,
395 4103 732 4159 llomiliarum
775 4111 959 4160 contra
1007 4104 1300 4160 Anommos
1343 4116 1398 4159 et
1423 4104 1490 4160 de
1519 4103 1784 4174 Unigeniti

177 4197 358 4268 gloria
384 4211 601 4251 cursum
625 4195 912 4267 intercipit,
945 4202 1001 4250 ut
1027 4195 1141 4266 ipse
1166 4195 1320 4250 initio
1347 4191 1582 4251 bomilize
1606 4195 1786 4251 det-la-

177 4295 264 4344 tat
295 4287 384 4342 his
407 4287 582 4344 verbis
611 4305 625 4342 :
653 4287 852 4343 Rursus
875 4289 1213 4342 necessarium
1240 4287 1497 4358 quoddam
1525 4299 1573 4344 et
1599 4305 1786 4358 urgens

179 4381 467 4453 negotium,
491 4397 662 4436 eorum
681 4397 794 4451 quae
820 4398 981 4452 nuper
1007 4380 1142 4436 dicta
1161 4390 1278 4436 sunt
1303 4382 1481 4436 seriem
1505 4381 1784 4435 interrum-

179 4490 337 4544 ραις,
353 4471 422 4526 ad
440 4489 494 4527 se
517 4473 790 4528 orationem
811 4473 1049 4540 traducit,
1065 4483 1110 4530 et
1127 4473 1415 4542 asusceptis
1444 4489 1558 4527 cum
1587 4471 1788 4526 lucreti-

178 4567 252 4624 a's
297 4565 652 4620 certaminibus
680 4582 772 4620 nos
799 4563 1020 4620 abducit.
1071 4563 1212 4620 Nam
1252 4581 1345 4619 nos
1371 4565 1574 4636 quidem
1613 4581 1788 4620 rursus

179 4659 243 4715 de
289 4655 550 4730 Uuigeniti
589 4657 756 4730 gloria
795 4657 864 4712 ad
903 4659 1166 4714 caritatem
1190 4666 1404 4714 uestram
1431 4656 1580 4714 verba
1623 4659 1790 4728 facere

181 4748 364 4824 parati
385 4765 602 4804 eramus.
633 4749 727 4806 llis
754 4765 914 4820 porro
939 4749 1176 4806 declarat
1203 4765 1260 4807 se
1285 4749 1395 4821 jam
1425 4750 1661 4806 secundo
1691 4749 1793 4806 llo-

179 4841 462 4897 miliarum
483 4846 668 4898 contra
695 4843 988 4899 Anotnmos
1007 4857 1220 4897 cursum
1250 4841 1613 4914 interpellare,
1645 4841 1788 4913 quod

182 4949 242 4990 se
277 4932 459 5003 primo
507 4932 702 4990 iecisse
732 4933 862 4989 dicit
903 4932 1055 4988 initio
1101 4933 1336 4990 humilia:
1376 4935 1561 5004 primae
1603 4943 1791 4992 centra

181 5023 430 5082 Judmos.
461 5024 671 5081 Etenim
700 5033 823 5082 cum
855 5025 1079 5097 primam
1120 5035 1309 5082 contra
1338 5027 1630 5084 Anommns
1668 5043 1762 5082 ora
1781 5059 1794 5068 -

185 5117 400 5171 tionem
444 5115 738 5182 habuisset,
782 5122 1001 5172 cursum
1044 5115 1236 5173 sistere
1277 5127 1496 5173 coactus
1534 5126 1636 5184 est,
1685 5133 1790 5172 non

186 5205 360 5262 modo
413 5217 469 5261 ut
507 5220 692 5262 contra
733 5205 950 5265 Iudaeos
997 5215 1352 5274 concertaret,
1404 5208 1546 5278 quod
1588 5209 1795 5265 duabus

189 5298 434 5356 homiliis
462 5299 743 5370 praestitit;
773 5299 869 5355 sed
893 5299 1055 5355 etiam
1083 5308 1142 5354 ut
1174 5299 1360 5356 Patres
1386 5299 1676 5372 spirituales
1701 5315 1792 5356 seu

189 5394 481 5463 episcopos
505 5393 730 5460 vicinos,
759 5393 853 5464 qui
898 5393 1236 5449 Antiochiam
1279 5402 1556 5461 venerant,
1585 5395 1798 5465 excipe-

193 5497 302 5550 ret,
333 5500 394 5541 ac
424 5495 606 5555 po<tca
632 5493 980 5542 occurrentes
999 5483 1194 5540 multas
1221 5491 1514 5558 martyrum
1543 5485 1798 5542 Solemni-

196 5586 340 5630 tatt-s
378 5575 696 5632 celebraret.
737 5573 854 5642 His,
881 5577 1122 5646 inquam,
1154 5577 1402 5634 omnibus
1433 5577 1798 5648 interpellatus

195 5677 283 5722 est
310 5679 338 5720 a
369 5677 545 5737 empta
573 5677 759 5734 contra
791 5671 1083 5722 Anotnmus
1115 5684 1322 5739 pugna;
1355 5669 1424 5722 ita
1456 5678 1513 5723 ut
1541 5685 1648 5724 non
1679 5687 1796 5724 mo-

201 5756 380 5812 dicum
412 5757 670 5828 temporis
701 5757 1038 5813 intervallum
1079 5757 1240 5813 fuerit
1285 5759 1508 5828 primam
1537 5758 1673 5814 inter
1703 5758 1789 5816 ὶιυε

206 5848 403 5904 milium
435 5859 621 5906 contra
647 5849 938 5908 Auentinus
963 5860 1018 5907 ct
1061 5849 1290 5907 tcrtiam.
1321 5849 1454 5908 Gutta
1482 5865 1657 5910 autem
1684 5853 1798 5926 pri-

1363 378 1548 444 NUNC
1584 382 1849 442 PRIMUM
1886 381 2280 440 ADORNATA.

3380 402 3481 458 £06

1892 517 2036 557 mam
2077 512 2263 558 contra
2301 501 2516 562 indutos
2556 504 2828 564 homiliam
2870 509 3119 568 habuerit
3145 529 3332 574 mense
3365 519 3484 575 Au-

1889 603 2046 665 gusto
2088 595 2216 650 anui
2260 595 2384 659 586,
2416 606 2475 652 ut
2513 614 2676 670 supra
2703 599 2970 670 diximus;
3015 605 3306 663 secundum
3353 625 3484 666 vero

1889 686 2117 745 ineunte
2141 688 2358 743 circiter
2383 686 2705 758 Septembri,
2737 691 2931 759 decent,
2957 696 3034 750 ait
3060 696 3170 763 ille,
3201 709 3292 752 aut
3316 703 3480 770 piari.

1889 777 1980 832 bus
2001 777 2176 834 diebus
2207 787 2324 848 post
2353 780 2604 854 primam,
2629 795 2879 855 magnam
2914 785 3249 856 Septembris
3273 803 3480 864 partem

1889 869 2242 942 insumpserit
2278 873 2332 929 in
2367 874 2699 945 excipiendis
2749 876 2854 932 illis
2871 878 3063 935 vicinis
3099 885 3386 955 episcopis,
3425 895 3480 944 et

1887 962 2224 1020 celebrandis
2278 976 2577 1038 martyrem
2637 969 3066 1028 soletnnitatibus
3087 1009 3102 1038 ,
3157 989 3480 1049 rursumque

1889 1053 2196 1125 Septembri
2234 1065 2464 1114 exeunte
2491 1071 2678 1116 mense
2707 1073 2936 1132 pugnam
2979 1076 3167 1121 contra
3191 1069 3486 1128 Anomusos

1888 1149 2264 1220 resumpserit,
2300 1165 2493 1221 quam,
2523 1153 2608 1208 vel
2635 1154 2872 1211 nomium
2901 1166 3096 1215 exacto
3134 1161 3438 1232 Septembri
3459 1199 3478 1228 ,

1889 1246 1974 1302 vel
1997 1246 2154 1303 initio
2165 1246 2412 1305 Octobris
2438 1251 2628 1308 iterum
2658 1260 3019 1324 prosequatur.
3039 1256 3130 1323 sit,
3155 1263 3398 1328 urgente,
3426 1267 3483 1312 ut

1889 1335 1980 1394 ille
2005 1340 2096 1406 ait,
2126 1341 2444 1398 necessitate
2471 1351 2732 1400 utcontra
2756 1345 2976 1402 tudini»
2999 1359 3187 1404 rursus
3209 1357 3478 1406 certamen

1889 1429 2128 1489 haberet.
2176 1434 2260 1488 An
2289 1447 2420 1492 vero
2465 1444 2585 1507 post
2627 1437 2917 1494 secumlam
2963 1447 3152 1494 contra
3195 1441 3484 1497 Anomocos

1887 1523 2226 1590 concionem,
2253 1524 2392 1582 hanc
2423 1528 2640 1583 tertiam
2665 1537 2856 1584 contra
2877 1527 3093 1585 Iudaeos
3121 1530 3384 1594 habuerit,
3415 1545 3484 1586 an

1887 1626 2012 1688 post
2035 1619 2246 1674 tertiam
2288 1621 2372 1677 vel
2422 1631 2550 1693 post
2595 1629 2860 1692 quartam,
2914 1619 2972 1678 id
3021 1623 3176 1693 plane
3223 1622 3484 1679 incertum

1889 1715 1994 1778 est,
2027 1725 2200 1784 neque
2223 1709 2325 1770 bac
2351 1709 2422 1771 de
2449 1727 2510 1770 re
2543 1713 2836 1786 quidquam
2864 1715 2999 1773 certi
3026 1716 3187 1772 statui
3213 1730 3373 1788 posse
3399 1717 3487 1772 vi-

1890 1790 2068 1858 detur.

1957 1892 2038 1950 Ne
2071 1903 2248 1950 autem
2278 1893 2420 1952 hanc
2461 1895 2674 1952 tertiam
2705 1905 2894 1953 contra
2917 1893 3134 1953 Iudaeos
3169 1898 3484 1954 concionem

1889 1983 1978 2040 diu
2007 1997 2128 2056 post
2156 1985 2530 2056 Septembrem
2557 1987 2928 2054 amandemus,
2960 1988 3249 2058 prohibere
3273 1988 3486 2045 videtur

1886 2069 2305 2146 Chrysostomus
2329 2065 2558 2132 Homiiia
2581 2077 2634 2132 in
2655 2077 2800 2134 diem
2823 2076 3062 2134 Natalem
3081 2077 3304 2146 Christi,
3325 2095 3486 2150 quam

1891 2166 2074 2223 habuit
2118 2183 2263 2224 anno
2306 2167 2430 2236 586,
2480 2169 2574 2226 die
2597 2171 2852 2242 vigesima
2897 2171 3082 2242 quinta
3131 2171 3484 2229 Decembris:

1888 2257 2114 2331 Tempus
2139 2270 2309 2314 autem
2349 2270 2454 2316 tum
2479 2272 2608 2328 erat,
2656 2262 2846 2333 inquit,
2880 2263 2998 2333 [esti
3025 2260 3488 2320 Tabernaculorunt

1889 2357 1938 2404 et
1955 2351 2143 2422 jejunii
2167 2369 2186 2408 :
2216 2352 2311 2406 hoc
2334 2351 2468 2408 enim
2501 2353 2599 2407 ilia
2636 2353 2788 2408 verba
2821 2353 2920 2408 sibi
2955 2356 3146 2420 natura,
3198 2355 3490 2414 llum'iliate

1889 2443 2096 2496 animas
2138 2451 2382 2507 vestras;
2429 2444 2584 2516 idque
2611 2461 2644 2499 a
2679 2445 2879 2502 Judazis
2912 2447 3051 2502 circa
3104 2449 3260 2517 finem
3303 2451 3489 2505 mensis

1891 2533 2137 2603 tios-picei,
2183 2535 2238 2588 id
2265 2545 2336 2589 est
2365 2534 2676 2606 Septembris
2695 2578 2709 2602 ,
2736 2537 2874 2608 quod
2899 2547 2949 2612 et
2975 2553 3062 2594 vos
3099 2541 3371 2606 tcstamini,
3402 2558 3488 2596 ce-

1889 2626 2194 2682 lebrabatur.
2249 2627 2394 2682 Tunc
2455 2629 2588 2684 enim
2631 2631 2816 2684 multos
2868 2631 3190 2702 pretiumque
3230 2649 3487 2689 sermones

1889 2731 2066 2774 contra
2087 2719 2300 2776 Juda'os
2323 2721 2645 2794 protulimus,
2667 2723 3015 2794 importunum
3043 2739 3216 2780 eorum
3227 2727 3484 2799 jejunium

1889 2824 2206 2869 accusantes.
2241 2813 2326 2870 Eo
2361 2815 2542 2887 igitur,
2587 2824 2642 2870 ut
2672 2828 2772 2872 nos
2815 2819 3212 2884 constituimus,
3245 2828 3490 2890 tempore

1889 2903 1988 2961 bas
2012 2915 2128 2962 tres
2153 2917 2340 2962 contra
2369 2905 2589 2964 indutos
2627 2907 2916 2965 conciones
2945 2907 3150 2965 habuit.
3195 2909 3378 2982 Neque
3409 2921 3489 2968 ta-

1888 3010 2014 3054 men
2053 2998 2125 3055 ita
2170 3009 2360 3055 mense
2398 2997 2700 3069 Septembri
2745 3000 2952 3056 habitas
2987 2997 3118 3056 dicit
3161 2997 3258 3057 has
3295 3004 3492 3059 multas

1888 3082 2232 3162 prolixasque
2275 3085 2546 3159 bomilias,
2594 3101 2653 3147 ut
2699 3087 2902 3149 nullam
2945 3103 3090 3163 ante,
3122 3095 3322 3150 nullam
3368 3099 3492 3166 post

1889 3183 2264 3254 Septembrem
2310 3179 2684 3254 pronuntiarit.
2713 3177 2848 3240 Nam
2891 3198 3020 3240 cum
3043 3185 3138 3250 ait,
3167 3183 3314 3240 Tunc
3353 3188 3488 3240 ριιὶηι

1888 3277 2078 3331 multos
2103 3276 2431 3347 protixosque
2454 3287 2712 3331 sermones
2739 3283 2918 3330 contra
2945 3269 3158 3332 Iudaeos
3199 3277 3488 3346 habuimus,

1890 3377 2101 3438 tempus
2126 3365 2342 3423 circiter
2383 3375 2622 3432 annotat,
2654 3379 2835 3438 neque
2873 3363 3122 3423 humilias
3151 3364 3271 3424 illas
3297 3383 3490 3426 omnes

1889 3475 2078 3518 mense
2126 3459 2430 3531 Septembri
2495 3457 2890 3516 circumscribit
2929 3475 2946 3514 :
2986 3469 3096 3516 non
3153 3462 3296 3518 enim
3349 3462 3490 3518 solet

1888 3547 2306 3624 Cbrysostomus
2337 3559 2487 3609 tanto
2513 3551 2765 3624 scrupulo
2795 3561 2953 3608 notas
2979 3562 3280 3624 temporum
3310 3553 3488 3608 consi-

1889 3659 2089 3718 gnare,
2139 3654 2202 3701 ut
2244 3645 2444 3716 passim
2487 3645 2915 3700 observavimus.
2967 3643 3102 3701 Cum
3143 3658 3274 3702 vero
3315 3645 3486 3714 dicit,

1891 3740 2076 3794 multos
2105 3739 2428 3809 protixosque
2452 3751 2737 3804 “sermones,
2785 3734 2885 3793 has
2917 3745 3026 3793 tres
3055 3737 3304 3794 homiiias
3350 3737 3492 3794 iudi-

1889 3842 2015 3887 care
2047 3831 2282 3894 videtur,
2329 3827 2599 3902 etiamque
2648 3827 2879 3887 fortasse
2920 3831 3076 3897 alias,
3122 3843 3243 3902 qua:
3293 3831 3490 3904 injuria

1893 3931 2192 3992 temporum
2241 3919 2651 3978 interclderint:
2684 3933 2876 3992 parum
2921 3923 3068 3978 enim
3107 3919 3305 3989 abfuit,
3361 3923 3490 3994 quin

1891 4011 2124 4068 secunda
2166 4011 2327 4067 etiam
2372 4009 2616 4066 bomilia-
2639 4010 2876 4081 perierit,
2907 4021 3096 4082 utpote
3130 4027 3250 4082 qua:
3296 4013 3352 4068 in
3383 4025 3491 4068 uno

1893 4104 2096 4159 tantum
2124 4099 2323 4158 Codice
2364 4115 2554 4174 magna
2603 4103 2686 4156 sui
2733 4112 2882 4174 parte
2931 4103 3118 4158 mutila
3159 4113 3367 4174 repertu
3398 4104 3488 4158 sit.

1893 4195 2006 4250 lmo
2029 4207 2158 4250 vero
2183 4203 2395 4249 certum
2429 4194 2639 4248 videtur
2665 4189 2866 4265 aliquot
2891 4207 2956 4249 ex
2989 4195 3052 4249 iis
3096 4209 3228 4265 quas
3256 4195 3342 4250 hic
3369 4209 3488 4251 mea

1895 4294 2068 4340 morat
2097 4285 2342 4340 llomilias
2370 4285 2703 4340 intercidisse
2730 4301 2746 4350 ;
2777 4293 2900 4339 nam
2931 4286 2984 4339 in
3007 4287 3112 4340 line
3141 4283 3311 4340 tertiae
3335 4285 3485 4342 dicit:

1897 4375 2340 4445 Quemadmodum
2369 4374 2841 4440 demonstravimus,
2871 4390 2988 4430 cum
3031 4376 3131 4430 hac
3155 4377 3220 4430 de
3246 4393 3302 4430 re
3345 4379 3492 4434 multi

1895 4468 2053 4522 habiti
2097 4467 2285 4540 fuerint
2313 4484 2346 4522 a
2373 4483 2454 4522 me
2495 4479 2790 4536 sermones;
2832 4476 2939 4522 non
2982 4467 3064 4522 sic
3104 4467 3400 4536 locuturus,
3445 4467 3492 4524 si

1893 4559 2029 4618 duos
2059 4568 2263 4618 tantum
2291 4560 2392 4618 hac
2431 4561 2500 4618 de
2544 4577 2604 4618 re
2631 4575 2910 4618 sermones
2938 4561 3351 4633 pronuntiasset.
3383 4561 3492 4619 Sed

1894 4665 2025 4712 care
2050 4664 2205 4726 putes
2233 4669 2354 4710 cum
2396 4649 2668 4710 Frontone
2717 4653 2928 4720 Ducam,
2975 4652 3224 4716 homilias
3259 4654 3496 4726 quinque

1896 4755 2183 4819 sequentes
2213 4747 2295 4802 his
2322 4745 2690 4818 Chrysostomi
2717 4746 2916 4811 verbis,
2943 4745 3130 4816 longos
3151 4747 3494 4819 prolixosque

1899 4851 2178 4897 sermones
2219 4839 2524 4911 significari.
2569 4837 2692 4896 Illas
2734 4839 2995 4912 siquidem
3040 4842 3327 4898 conciones
3366 4851 3496 4912 pros

1895 4931 2158 4990 nuntiavit
2205 4930 2296 4986 diu
2350 4939 2468 5002 post
2511 4931 2796 4986 llomiliam
2847 4931 2900 4986 in
2947 4927 3188 4989 Natalem
3245 4929 3497 5003 Domini,

1897 5037 2040 5080 anno
2067 5021 2175 5080 386
2218 5019 2450 5077 hibitam
2473 5065 2487 5089 ,
2519 5021 2663 5078 unde
2706 5033 2960 5094 excerpta
2993 5023 3079 5078 illa
3125 5023 3284 5080 verba
3329 5028 3458 5080 sunt

1903 5121 1960 5172 ..ι
2009 5131 2181 5183 mox,
2234 5127 2408 5186 neque
2469 5111 2646 5169 dubiis
2717 5113 3042 5188 argumentis
3103 5117 3280 5188 palam
3341 5115 3498 5172 facies

1900 5221 2038 5264 IDUS.

1971 5303 2168 5358 Contra
2197 5295 2338 5355 hunc
2367 5311 2604 5357 nostrum
2628 5301 2890 5359 calculum
2915 5299 3072 5358 dubia
3103 5301 3342 5376 quaedam
3368 5315 3498 5374 pros

1905 5393 2054 5464 ponit
2083 5387 2146 5448 ν.
2175 5391 2259 5448 Cl.
2286 5389 2660 5450 Tillemontius
2683 5436 2698 5460 ,
2730 5395 2873 5451 circa
2911 5403 3118 5464 tempus
3165 5405 3358 5464 nempe
3396 5409 3502 5465 quo

1905 5483 2121 5542 homilia
2153 5484 2306 5542 tertia
2337 5484 2514 5540 habita
2538 5483 2655 5540 fuit.
2682 5483 2786 5542 Sed
2810 5483 2884 5540 illi
2918 5491 3042 5555 apte
3061 5525 3076 5548 ,
3109 5485 3163 5539 ni
3193 5484 3344 5540 fallor
3369 5525 3384 5550 ,
3414 5497 3501 5542 rc-

1904 5575 2217 5650 spondimus
2241 5577 2294 5632 in
2320 5575 2520 5634 Monito
2543 5577 2612 5632 ad
2637 5573 2896 5632 llomilias
2927 5583 3112 5630 centra
3133 5572 3426 5632 Juduzos'l‘.
3455 5575 3502 5640 Ι,

1908 5683 1953 5721 c.
1978 5665 2085 5724 857
2119 5689 2132 5724 :
2163 5685 2271 5742 quo
2301 5669 2552 5726 lectorem
2575 5669 2914 5725 remittimus.
2941 5663 3122 5740 Longe
3147 5668 3503 5726 dil'liciliorcnl

1905 5761 2060 5818 altam
2105 5773 2277 5818 tnorct
2306 5763 2821 5833 qumstioncm,quae
2848 5775 3000 5820 suam
3050 5763 3246 5834 puriter
3296 5775 3350 5818 ct
3407 5781 3506 5818 no-

1911 5871 2072 5914 stram
2102 5857 2420 5914 sementium
2453 5855 2691 5926 impetat,
2721 5871 2784 5910 ex
2815 5855 2969 5914 titulo
2995 5873 3184 5927 nempe
3211 5855 3367 5927 hujus
3395 5865 3504 5912 tere
