3948 6440
502 386 605 444 1οἹ

500 503 586 558 tite
612 499 862 565 homilia},
894 496 982 569 qui
1007 495 1087 551 sic
1104 494 1285 561 habet,
1312 495 1365 549 in
1385 510 1470 549 eos
1509 497 1595 566 qui
1632 498 1796 566 primo
1839 496 2086 553 Paschate

491 592 748 661 jejunant.
766 586 917 654 Quod
941 594 1120 642 autem
1148 586 1250 641 hoc
1274 586 1392 655 ipso
1416 602 1556 642 anno
1576 587 1632 654 ii,
1663 590 1751 658 qui
1776 588 2083 645 Judteorum

495 678 756 735 calculum
809 677 864 733 in
917 675 1179 732 Paschate
1219 677 1599 746 sequebantur,
1650 676 1751 733 etsi
1795 678 2084 734 Christiani

494 777 670 834 erant,
700 768 816 837 ipso
838 766 1115 822 Paschalis
1134 765 1223 821 die
1251 765 1541 835 jejunaturt
1567 778 1766 834 essent,
1795 768 1874 823 sic
1898 766 2081 824 decla-

493 868 575 914 rat
598 857 1015 932 Cbrysostomus
1043 872 1188 912 num.
1216 857 1249 911 5
1279 873 1293 909 :
1321 854 1457 911 Ecce
1498 873 1711 927 namque
1739 860 1933 928 primus
1977 860 2084 915 dies

493 950 800 1020 Asymorum
838 949 935 1003 hoc
978 964 1114 1003 anno
1153 948 1209 1003 in
1255 946 1581 1003 Dominicam
1621 950 1754 1004 diem
1786 950 1982 1019 incidit,
2034 964 2084 1007 et

492 1043 698 1096 omnino
713 1058 911 1096 necesse
930 1051 1006 1096 est
1026 1049 1083 1095 ut
1111 1050 1214 1095 tota
1244 1040 1558 1096 hebdomade
1571 1043 1883 1113 jejunemus,
1901 1051 1949 1098 et
1964 1058 2083 1097 sum

490 1132 660 1200 passio
703 1131 998 1202 praterierit
1026 1141 1071 1185 et
1114 1147 1242 1185 crus:
1273 1131 1528 1186 advenerit
1555 1144 1603 1186 et
1629 1134 1927 1188 resurrectio
1947 1175 1965 1199 ,
1989 1151 2083 1189 nos

489 1223 657 1277 adhuc
674 1223 969 1295 jejunantes
992 1238 1302 1277 maneamus.
1329 1221 1400 1276 Et
1426 1239 1767 1293 sapenumero
1796 1225 1932 1279 istud
1947 1226 2081 1280 acci-

489 1314 588 1379 dit,
626 1323 681 1367 ut
728 1322 842 1385 post
883 1330 1103 1380 crucem,
1146 1324 1258 1383 post
1293 1315 1723 1381 resurrectionem,
1765 1316 2081 1372 hebdomada

489 1404 715 1457 nondum
739 1402 992 1471 absoluta,
1006 1405 1265 1475 jejunium
1282 1404 1616 1462 observemus.
1640 1406 1766 1462 Huic
1784 1416 1968 1461 contra
1985 1422 2080 1463 eos

489 1494 756 1557 dicuntur,
771 1495 861 1563 qui
880 1494 1142 1565 jejunium
1154 1494 1377 1552 Judaico
1397 1510 1545 1551 more
1560 1498 1862 1564 servabant,
1880 1499 2077 1568 quique

487 1584 771 1654 aliquando
796 1585 849 1639 in
874 1585 992 1655 ipso
1022 1585 1280 1642 Paschate
1301 1587 1633 1656 jejunabant,
1647 1589 1856 1658 quando
1876 1590 2079 1646 scilicet

485 1675 790 1729 Iudaeorum
811 1675 1045 1731 calculus
1065 1674 1265 1730 Pascha
1283 1678 1585 1747 assignabat
1614 1687 1731 1746 post
1747 1676 2077 1733 Christiano-

486 1783 601 1821 rum
626 1767 843 1821 Pascha.
872 1767 1021 1823 Tunc
1070 1769 1213 1822 enim
1242 1768 1523 1823 Christiani
1571 1770 1664 1833 illi,
1715 1771 1803 1840 qui
1853 1769 2074 1837 iudaice

483 1858 588 1911 ritu
614 1857 874 1927 jejunium
896 1858 1198 1926 servabant,
1228 1859 1319 1913 illo
1352 1860 1439 1915 die
1474 1859 1804 1930 jejunabant,
1831 1875 1938 1932 quo
1963 1877 2072 1915 cae-

483 1949 583 2005 teri
608 1949 897 2003 Christiani
921 1949 1124 2004 Pascha
1151 1951 1504 2006 celebrarent.

554 2041 711 2109 Atqui
738 2041 1031 2096 secundum
1058 2042 1262 2095 tabulas
1286 2042 1571 2098 Paschales
1589 2058 1730 2098 anno
1750 2045 1853 2099 587
1869 2044 2091 2100 Pascha.

485 2129 673 2184 incidit
700 2131 753 2185 in
776 2131 850 2186 25
881 2131 1098 2198 Aprilis,
1143 2147 1335 2199 nempe
1375 2148 1533 2202 quam
1570 2133 1868 2191 tardissime
1898 2143 2073 2205 potest

481 2237 764 2278 occurrere
787 2241 801 2276 :
835 2222 1105 2293 quomodo
1121 2239 1248 2295 ergo
1264 2224 1597 2294 judaizantes
1617 2227 1691 2281 illi
1711 2235 1952 2295 poterant
1968 2228 2072 2283 hoc

478 2329 624 2369 anno
672 2316 722 2368 in
774 2315 977 2370 Pascha
1023 2315 1300 2385 jejunare,
1349 2333 1470 2372 cum
1509 2317 1713 2373 Pascha
1764 2318 2068 2375 Judzeorum

484 2422 773 2476 numquam
826 2408 995 2476 possit
1032 2407 1170 2462 ultra
1221 2409 1527 2478 vigesimam
1579 2411 1819 2480 quintam
1872 2412 2069 2481 Aprilis

479 2500 798 2555 occurrere?
825 2495 1021 2555 Verum
1057 2500 1174 2557 bare
1196 2501 1477 2557 difﬁcultas
1506 2504 1829 2559 ccrtissimas
1858 2514 2067 2574 tempo-

481 2591 555 2645 ris
584 2601 736 2646 notas
786 2607 816 2647 a
852 2593 1005 2647 nobis
1045 2594 1361 2648 constitutas
1397 2606 1639 2650 evertere
1684 2596 1886 2666 nequit.
1931 2596 2064 2652 Nam

390 2728 397 2731 .
478 2694 655 2738 utrum
687 2699 900 2753 semper
919 2683 1235 2739 Antiocheni
1271 2684 1565 2741 invariabili
1604 2687 1720 2757 lege
1753 2686 2070 2742 Alexandri-

480 2788 667 2829 norum
695 2774 836 2829 circa
887 2773 1093 2829 Pascha
1141 2775 1348 2829 Domini
1390 2775 1651 2832 calculum
1685 2778 1891 2848 sequuti
1938 2780 2063 2845 sint,

477 2882 580 2920 non
610 2866 763 2921 nobis
792 2875 1122 2935 compertum
1150 2875 1234 2921 est
1257 2877 1444 2937 :atque
1468 2869 1676 2923 etiamsi
1701 2870 1911 2939 sequuti
1936 2870 2063 2938 sint,

471 2973 540 3012 an
567 2958 833 3012 affirmare
858 2972 1140 3027 possumus
1161 2974 1450 3031 numquam
1478 2974 1716 3016 errorem
1761 2961 1813 3015 in
1856 2962 2066 3017 calculo

471 3046 846 3100 intercidisse?
888 3048 1045 3101 Certe
1086 3047 1396 3118 Anonymus
1434 3048 1539 3110 ille,
1570 3052 1658 3120 qui
1683 3066 1958 3106 sermones
2013 3053 2063 3106 in

474 3137 675 3192 Pascha
702 3137 786 3193 Jo.
813 3138 1180 3210 Chrysostomi
1210 3140 1428 3195 nomine
1448 3140 1783 3211 edidit,quos
1810 3143 1861 3196 in
1891 3142 2062 3197 lucem

472 3229 748 3284 emisimus
778 3230 828 3283 in
858 3239 1048 3285 octavo
1077 3230 1247 3286 Tomo
1278 3230 1363 3303 (T.
1396 3232 1451 3287 8.
1482 3250 1527 3287 c.
1555 3231 1654 3287 9.61
1680 3232 1700 3304 )
1723 3274 1744 3299 ,
1768 3240 2065 3291 contrarias

469 3338 608 3377 circa
634 3322 945 3380 Paschalem
972 3324 1233 3380 calculum
1251 3324 1752 3394 sententiaseoipso
1768 3341 1931 3393 anno,
1958 3342 2064 3397 quo

468 3416 583 3483 ipse
611 3416 880 3470 homiliam
928 3431 1077 3471 suam
1123 3417 1176 3471 in
1220 3416 1391 3472 lucem
1439 3417 1608 3483 dedit,
1656 3418 1923 3474 exstitisse
1968 3419 2060 3473 ait.

469 3508 754 3577 Gregorius
776 3523 902 3564 vero
934 3508 1265 3564 Turonensis
1299 3507 1460 3579 (Vide
1501 3508 1708 3580 ibidem)
1737 3526 1839 3565 non
1893 3513 2061 3568 semel

465 3599 719 3653 observat
757 3601 1069 3654 varietatem
1117 3600 1258 3654 illam
1300 3600 1441 3654 circa
1467 3600 1609 3655 diem
1640 3600 1915 3657 Pascbatis
1956 3616 2053 3657 suo

469 3699 712 3760 tempore
751 3691 803 3745 in
834 3690 1061 3745 diversis
1100 3690 1410 3760 regionibus
1448 3692 1751 3763 contigisse.
1798 3674 2062 3749 Fateatur
2106 3684 2110 3688 “

465 3791 642 3836 autem
674 3782 772 3836 viri
802 3782 855 3837 in
884 3782 966 3837 bis
989 3781 1147 3837 rebus
1178 3783 1484 3853 peritissimi
1512 3799 1750 3839 errorem
1791 3784 2055 3842 interdum

462 3874 517 3930 in
546 3873 762 3929 calculis
799 3872 1105 3943 huiusmodi
1144 3873 1452 3944 contingere
1473 3915 1490 3939 ,
1519 3889 1619 3930 nec
1646 3876 1826 3931 multis
1864 3877 2059 3935 abhinc

463 3968 620 4022 annis
645 3967 933 4038 contigisse
956 4007 971 4031 ,
1002 3982 1175 4036 neque
1201 3975 1370 4022 tutum
1389 3982 1603 4038 semper
1622 3982 1741 4023 esse
1773 3979 1925 4024 notas
1951 3971 2056 4026 Pa-

465 4054 675 4111 schales
697 4056 814 4110 aliis
849 4056 991 4112 notis
1015 4064 1361 4126 anteponere.
1389 4056 1529 4112 Sane
1564 4064 1706 4113 tanta
1734 4058 1944 4114 videtur
1966 4075 2056 4115 eo-

460 4164 579 4203 rum
605 4163 724 4218 qua:
752 4162 912 4217 supra
934 4147 1168 4202 diximus
1187 4146 1428 4216 ﬁrmitas,
1460 4161 1519 4205 ut
1547 4149 1721 4217 potius
1747 4165 1813 4204 ex
1831 4166 2052 4220 compu-

461 4242 660 4295 tatione
685 4247 867 4294 nostra
889 4237 1147 4295 calculum
1165 4237 1477 4295 Paschalem
1499 4239 1782 4311 ejusmodi,
1799 4256 1957 4311 quam
1983 4258 2051 4298 ex

458 4314 664 4386 calculo
703 4331 945 4387 Paschali
990 4340 1179 4386 contra
1227 4332 1680 4402 computationem
1722 4332 1864 4388 illam
1895 4332 2054 4389 liceat

459 4420 772 4475 decernere.

531 4509 680 4562 Liber
701 4519 876 4563 contra
903 4506 1111 4564 Judazos
1132 4518 1279 4575 atque
1308 4509 1547 4565 Gentiles.
1571 4541 1646 4552 ——
1665 4512 1792 4568 Haec
1819 4513 1886 4570 de
1907 4515 2050 4584 prio-

460 4600 606 4654 ribus
633 4599 801 4653 tribus
838 4608 1024 4653 contra
1047 4597 1261 4654 Judzeos
1290 4600 1554 4668 bomiliis,
1584 4618 1703 4672 qua:
1747 4603 2047 4674 Septembri

471 4691 597 4745 anni
627 4689 731 4745 586
754 4686 950 4744 habitat:
1004 4699 1150 4758 sunt,
1174 4690 1313 4745 dicta
1350 4702 1526 4748 sunto.
1574 4697 1870 4766 Antequam
1920 4714 2047 4754 vero

458 4782 689 4853 quinque
714 4788 997 4850 sequentes
1015 4783 1398 4850 pronuntiaret,
1422 4784 1613 4840 librum
1635 4796 1819 4841 contra
1832 4786 2046 4845 Judmos

457 4885 614 4946 atque
636 4873 872 4929 Gentiles
891 4874 1067 4928 emisit
1088 4874 1473 4946 longissimum,
1493 4894 1665 4949 neque
1682 4880 1732 4934 in
1758 4884 2043 4938 conciones

456 4968 679 5023 divisum
712 4985 727 5021 :
756 4981 913 5037 quem
933 4981 1000 5019 an
1031 4981 1282 5037 umquam
1311 4969 1481 5037 palam
1499 4982 1550 5026 et
1573 4980 1834 5040 praesente
1848 4973 2043 5043 populo

457 5055 807 5127 pronuntiarit
847 5056 1106 5111 incertum
1148 5067 1247 5111 est.
1283 5057 1388 5113 Sed
1413 5068 1613 5113 certum
1636 5059 1846 5116 videtur
1879 5061 2041 5117 emis-

453 5166 571 5205 sum
602 5148 761 5203 fuisse
785 5146 979 5203 librum
997 5156 1120 5202 ante
1141 5147 1504 5219 Septembrem
1534 5153 1656 5207 anni
1683 5152 1818 5219 587,
1850 5154 2040 5223 utplu-

454 5247 597 5297 ribus
630 5244 683 5297 in
718 5242 920 5297 Monito
935 5251 1385 5297 commonstratur
1413 5243 1498 5313 (T.
1534 5245 1584 5298 l.
1609 5259 1656 5297 c.
1684 5242 1836 5317 811).

523 5333 581 5388 ln
607 5339 707 5391 hoc
729 5350 891 5406 opere
916 5336 1144 5406 plut-ima
1164 5335 1297 5390 scitu
1318 5335 1624 5406 dignissima
1647 5346 2029 5403 memorantur,

452 5444 569 5495 qua:
599 5444 705 5483 non
740 5428 865 5483 licet
903 5427 1118 5483 silentio
1164 5426 1588 5497 praetermittere.
1619 5426 1807 5496 Agitur
1850 5426 1938 5482 hic
1964 5426 2033 5482 de

454 5517 730 5573 divinitate
748 5519 964 5586 Christi,
991 5535 1147 5588 quam
1163 5517 1407 5573 Δηοῖ]ιωί
1429 5517 1621 5584 aliique
1641 5532 1826 5572 omnes
1850 5518 2032 5572 Ariani

455 5608 540 5661 vel
573 5609 848 5675 negabant,
877 5626 998 5664 cum
1033 5610 1274 5664 dicerent
1313 5607 1581 5663 Christum
1624 5607 1789 5661 Deum
1816 5607 2029 5678 quidem

456 5696 599 5758 esse,
631 5696 725 5750 scd
754 5714 857 5751 non
884 5715 1009 5755 vere
1035 5699 1234 5764 Deum;
1263 5697 1348 5755 vel
1373 5712 1466 5752 ore
1493 5706 1693 5750 tantum
1716 5704 1871 5751 tenus
1902 5714 2030 5752 con-

458 5784 759 5852 litcbantur,
804 5800 923 5840 cum
967 5788 1113 5841 illum
1155 5786 1462 5859 simpliciter
1514 5787 1678 5843 Deum
1727 5787 2025 5843 vocabant:

1593 382 1653 440 S.
1693 379 1969 440 JOANNIS
1998 378 2473 442 CHRYSOSTOMI
2516 387 2669 443 V’ITA
2690 431 2707 456 ,

3683 405 3785 462 {08

2198 499 2368 557 Judaei
2389 517 2517 558 vero
2547 513 2705 573 atque
2734 506 2957 575 gentiles
2986 507 3188 579 absque
3217 511 3324 566 ullo
3354 522 3783 584 temperamento

2192 594 2518 662 rejiciebant.
2541 595 2759 652 Orditur
2784 608 2964 655 autem
2984 600 3168 657 dicens
3191 619 3250 660 se
3270 604 3464 662 librum
3493 607 3636 666 hunc
3656 612 3782 668 bre-

2190 686 2337 740 viore
2377 686 2717 759 facilioreque
2757 692 2897 763 stylo
2943 694 3286 763 concinnare,
3334 701 3515 771 utqvel
3558 705 3780 762 ancilla-

2190 790 2328 840 rum,
2376 776 2676 844 viduarum,
2721 792 3032 848 nautarum,
3074 785 3423 856 agricolarum
3467 792 3648 861 captui
3689 811 3779 851 ae-

2187 866 2574 922 commodatior
2605 880 2769 926 esset.
2811 871 3179 931 Hinc'contra
3229 880 3457 948 gentiles
3498 883 3776 955 Evangelii

2186 956 2461 1012 veritatem
2484 958 2690 1028 probat,
2708 962 2850 1031 quod
2870 967 3296 1036 oppugnantibus
3317 970 3443 1026 licet
3466 974 3777 1034 nationibus

2187 1046 2466 1113 universis,
2493 1064 2590 1118 per
2613 1058 2781 1106 totum
2813 1053 2999 1110 orbem
3029 1060 3350 1127 pervaserit;
3384 1062 3454 1116 ita
3482 1072 3541 1118 ut
3561 1065 3615 1119 in
3644 1066 3777 1122 Per—

2184 1136 2301 1191 side
2338 1152 2569 1208 quoque,
2614 1140 2705 1197 ubi
2750 1140 3043 1213 martyrum
3095 1145 3283 1216 ingens
3333 1165 3593 1208 numerus
3632 1166 3772 1224 erat,

2182 1228 2487 1297 evangelica
2509 1230 2816 1298 prtedicatio
2851 1233 3087 1290 ﬂoreret.
3115 1236 3310 1294 Christi
3339 1239 3633 1300 adventum
3664 1262 3783 1303 non

2183 1316 2346 1372 modo
2374 1321 2785 1386 praenuntiatum
2823 1320 2987 1380 fuisse
3009 1326 3159 1392 dicit,
3199 1328 3294 1384 sed
3319 1331 3482 1387 etiam
3504 1333 3773 1393 adventus

2184 1408 2398 1464 modum
2420 1420 2474 1465 et
2488 1413 2722 1480 gentium
2742 1428 3061 1472 concursum
3072 1416 3140 1471 ad
3156 1418 3314 1473 tidem
3335 1422 3729 1493 suscipiendam
3750 1443 3765 1491 ;

2183 1500 2255 1554 ita
2283 1507 2340 1553 ut
2365 1500 2512 1556 orbis
2533 1502 2643 1572 jam
2671 1512 2811 1560 totus
2852 1504 2906 1560 in
2948 1505 3218 1567 Bethleem
3248 1509 3500 1578 conﬂuat,
3530 1523 3591 1567 ut
3613 1525 3767 1569 nata-

2180 1589 2307 1645 lium
2336 1580 2512 1645 locum
2538 1604 2838 1649 veneretur.
2880 1594 3094 1651 Judaeos
3118 1604 3296 1654 tamen
3323 1599 3499 1656 adhuc
3527 1603 3767 1672 ingratos

2179 1697 2416 1747 manere,
2450 1692 2508 1739 ut
2548 1685 2599 1739 in
2638 1685 2825 1741 multis
2857 1686 3145 1757 Scriptura":
3195 1689 3327 1744 locis
3353 1692 3762 1761 prandieebatur.

2178 1775 2514 1855 Sepulturarn
2542 1791 2754 1846 quoque
2782 1776 2978 1833 Christi
3015 1781 3423 1850 praenuntiatam
3448 1782 3618 1839 fuisse
3643 1801 3766 1855 pro-

2179 1864 2333 1919 batur
2356 1882 2369 1923 :
2397 1848 2604 1922 necnon
2629 1868 2914 1923 mittendos
2927 1848 3041 1924 fore
3061 1872 3320 1940 evangelii
3340 1848 3760 1945 Meteonem-qui

2180 1966 2347 2015 totum
2393 1966 2654 2014 terrarum
2696 1946 2879 2015 orbem
2919 1959 3198 2030 disciplina
3226 1960 3424 2017 Christi
3470 1965 3756 2034 replerent.

2178 2048 2480 2119 Probatque
2509 2050 2723 2123 Petrum
2752 2059 2809 2105 et
2845 2050 3068 2105 Paulum
3099 2053 3310 2123 regibus
3343 2061 3398 2108 et
3426 2052 3762 2124 Imperatori-

2177 2140 2275 2194 bus
2301 2141 2530 2211 majores
2558 2140 2986 2213 potentioresque
3030 2141 3223 2208 fuisse,
3268 2144 3353 2214 qui
3400 2144 3544 2214 leges
3574 2162 3757 2201 eorum

2174 2233 2579 2303 abrogaverim,
2622 2234 2775 2304 queis
2800 2232 3002 2290 Christi
3047 2245 3315 2305 pneccpta
3349 2237 3756 2295 substitue-runt.

2174 2320 2447 2377 Judaicum
2485 2323 2683 2378 cultura
2720 2323 3082 2394 abrogandam
3110 2322 3226 2379 fore
3264 2340 3295 2379 a
3324 2327 3601 2395 prophetis
3630 2344 3759 2397 pra:-

2177 2415 2472 2469 nuntiatum
2517 2413 2677 2469 fuisse
2706 2414 2929 2483 probat,
2977 2413 3315 2485 futurumque
3352 2417 3497 2472 orbis
3527 2420 3757 2474 universi

2168 2505 2451 2575 judicium.
2499 2506 2714 2560 Dcmum
2756 2504 2929 2560 crucis
2956 2504 3155 2560 Christi
3181 2508 3538 2575 prmstantiam
3568 2518 3627 2564 et
3660 2509 3753 2563 ho-

2175 2610 2360 2651 norem
2391 2595 2623 2663 pluribus
2652 2594 2869 2650 indicat.
2897 2594 3239 2663 Imperatores
3261 2598 3412 2662 enim,
3447 2598 3641 2667 inquit,
3664 2616 3754 2669 po-

2172 2691 2269 2743 sito
2291 2688 2593 2755 diademate,
2625 2704 2825 2742 crucem
2849 2689 3147 2757 suscipiunt,
3174 2687 3459 2759 symbolum
3487 2692 3665 2744 mortis
3692 2692 3756 2745 il-

2175 2781 2272 2836 lius
2293 2797 2312 2835 :
2332 2782 2385 2833 in
2416 2796 2645 2850 purpura
2676 2796 2828 2847 crux,
2864 2781 2917 2832 in
2944 2778 3227 2833 diademate
3253 2796 3378 2833 crux
3395 2821 3411 2844 ,
3451 2781 3504 2833 in
3529 2781 3757 2850 precibus

2171 2888 2317 2936 crux,
2348 2871 2401 2924 in
2429 2870 2582 2924 armis
2607 2884 2766 2934 crux;
2793 2879 2839 2922 et
2860 2868 3037 2939 ubique
3063 2879 3311 2923 terrarum
3329 2884 3456 2923 crus:
3474 2870 3592 2939 plus
3613 2887 3759 2939 quant

2172 2963 2251 3016 sol
2278 2961 2512 3032 refulget.
2545 2960 2722 3031 Pergit
2742 2974 2870 3015 vero
2900 2960 2967 3014 de
2987 2973 3144 3014 cruce
3173 2959 3430 3029 loquens;
3461 2960 3593 3015 dicit
3616 2961 3756 3030 prin-

2171 3055 2317 3124 cipes
2343 3063 2397 3109 et
2425 3053 2664 3107 subditos
2683 3094 2698 3117 ,
2744 3052 2992 3111 mulieres
3016 3060 3072 3105 et
3100 3052 3275 3119 viros,
3303 3051 3535 3122 virgines
3562 3064 3620 3108 et
3656 3070 3757 3109 nn-

2172 3156 2325 3215 ptas,
2357 3158 2545 3199 servos
2574 3153 2629 3198 et
2657 3144 2850 3198 liberos
2893 3143 3099 3212 signum
3139 3143 3314 3197 crucis
3351 3142 3617 3200 frontibus
3657 3146 3756 3199 im-

2169 3236 2420 3305 primere,
2450 3249 2514 3288 ac
2537 3234 2681 3287 virus
2706 3233 3061 3302 mulieresque
3086 3248 3226 3288 verre
3245 3235 3416 3289 crucis
3444 3237 3754 3304 particulam

2168 3340 2304 3379 auro
2328 3324 2584 3378 inclusam
2614 3337 2645 3376 a
2673 3323 2810 3377 collo
2838 3323 3181 3390 suspendere.
3224 3322 3554 3392 Demumque
3578 3333 3757 3381 narrat

2169 3416 2403 3477 Judmos,
2431 3415 2640 3471 favente
2664 3415 2763 3471 sibi
2792 3416 3132 3484 imperatore,
3163 3416 3252 3485 qui
3274 3430 3458 3472 omnes
3482 3417 3755 3487 impietate

2168 3507 2474 3579 superabat,
2507 3522 2698 3576 nempe
2723 3505 2932 3561 Juliano
2959 3508 3232 3577 Apostata,
3262 3507 3514 3578 templum
3543 3522 3753 3565 restau-

2169 3613 2289 3653 rare
2318 3596 2509 3651 frustra
2543 3598 2845 3651 tentavisse.

2237 3687 2481 3757 Quinque
2520 3703 2646 3743 vero
2682 3696 2968 3758 sequentes
3012 3697 3197 3744 contra
3242 3688 3455 3745 Judaeos
3504 3688 3758 3746 homiliss

2166 3779 2253 3834 diu
2283 3790 2401 3850 post
2429 3780 2785 3835 intermissam
2832 3790 3016 3835 contra
3041 3781 3260 3837 eosdem
3299 3783 3751 3838 concertationem

2166 3870 2372 3927 habitas
2417 3871 2576 3926 fuisse
2625 3871 2923 3927 subindicat
2973 3872 3086 3941 ipse
3131 3870 3546 3945 Cbrysostomus
3599 3875 3750 3929 initio

2163 3971 2395 4034 quarta},
2428 3963 2512 4018 bis
2538 3963 2751 4018 verbis:
2784 3963 2989 4019 Rursus
3004 3963 3230 4035 infelices
3258 3966 3337 4019 illi
3362 3966 3749 4037 mortaliumque

2163 4053 2430 4106 miserrimi
2447 4050 2619 4108 Judaei
2636 4054 2925 4125 jejunaturi
2952 4063 3070 4109 sunt
3091 4073 3111 4109 :
3138 4072 3313 4109 rursus
3337 4054 3524 4110 Christi
3542 4073 3748 4127 gregem

2161 4144 2449 4198 muniamus
2487 4159 2684 4197 necesse
2720 4153 2812 4198 est.
2860 4144 2974 4200 Sed
3012 4156 3196 4214 aperte
3242 4144 3480 4200 declarat
3528 4146 3749 4206 homilia

2160 4244 2309 4290 sexta
2351 4250 2499 4290 num.
2541 4235 2612 4290 6:
2661 4234 2799 4303 Quid
2843 4247 3008 4290 autem
3051 4237 3229 4308 loquor
3271 4236 3332 4290 de
3379 4237 3745 4304 prtcdonibas.’

2159 4331 2384 4398 profecto
2425 4328 2561 4382 scitis
2589 4343 2760 4382 omnes
2799 4344 2860 4382 ac
2888 4328 3215 4395 meministis,
3243 4327 3442 4399 quando
3471 4328 3614 4399 apud
3653 4345 3743 4386 nos

2155 4417 2383 4473 scelerati
2401 4417 2605 4491 quidam
2626 4428 2670 4472 et
2701 4417 3090 4488 prwstigiatores
3112 4428 3305 4473 statuas
3325 4418 3568 4489 principis
3595 4419 3735 4489 deje-

2157 4519 2347 4571 cerunt,
2379 4527 2476 4579 quo
2507 4519 2652 4580 pacto
2678 4526 2778 4564 non
2807 4509 2885 4565 illi
2908 4519 3123 4574 tantum,
3146 4510 3234 4581 qui
3258 4510 3455 4578 [acinus
3478 4510 3594 4563 ausi
3622 4511 3738 4579 fue-

2156 4613 2269 4654 rant
2289 4640 2307 4666 ,
2334 4599 2424 4654 sed
2447 4609 2687 4671 quotquot
2711 4599 3007 4669 simpliciter
3041 4610 3323 4669 pra'sentes
3346 4600 3598 4668 conspecti
3624 4603 3741 4670 fue-

2155 4704 2307 4761 rant,
2352 4694 2587 4763 quoniam
2618 4694 2911 4747 ridebantur
2949 4693 3051 4747 illis
3093 4693 3354 4757 assentiri,
3400 4693 3455 4746 in
3483 4692 3739 4762 judicium

2152 4785 2379 4854 abrepti,
2407 4783 2655 4855 simulque
2679 4800 2794 4838 cum
2825 4784 2926 4838 illis
2953 4783 3154 4837 abducti
3172 4825 3187 4848 ,
3230 4792 3447 4837 extremo
3483 4782 3738 4853 supplicio

2150 4885 2267 4929 sunt
2288 4873 2473 4941 a/j'ecti.
2501 4874 2595 4928 llic
2615 4882 2959 4930 memoratam
2975 4874 3216 4929 videmus
3237 4873 3376 4927 illam
3401 4872 3734 4942 tragoediam,

2153 4982 2272 5037 qum
2302 4981 2396 5036 per
2438 4974 2601 5021 totam
2632 4966 3098 5036 Quadragesimam
3128 4965 3253 5020 anni
3297 4964 3422 5028 587,
3454 4964 3736 5018 occasione

2148 5058 2476 5125 deiecturum
2507 5064 2802 5113 statuarum
2819 5100 2832 5123 ,
2859 5057 3154 5112 Antiochia:
3175 5057 3478 5127 spectaculo
3504 5054 3601 5110 fuit
3619 5095 3636 5119 ,
3664 5054 3732 5108 de

2146 5166 2250 5221 qua
2276 5150 2509 5218 pluribus
2530 5166 2627 5205 suo
2651 5149 2785 5206 loco.
2815 5150 2938 5205 ilice
2960 5164 3119 5219 porro
3139 5157 3287 5206 sexta
3312 5148 3529 5203 homilia
3552 5148 3730 5203 habita

2145 5251 2226 5296 est
2254 5243 2367 5313 ipso
2390 5241 2583 5318 jejuuii
2612 5241 2915 5298 Judteorum
2945 5241 3030 5297 die
3050 5283 3065 5307 ,
3094 5240 3289 5311 ut'ipse
3316 5238 3729 5311 Chrysostomus

2145 5333 2273 5388 dicit
2301 5337 2357 5389 in
2385 5334 2527 5389 line:
2557 5343 2743 5405 quarta
2772 5333 2960 5389 decem
2985 5333 3196 5389 circiter
3229 5332 3416 5388 diebus
3440 5340 3563 5387 ante
3588 5332 3728 5402 jeju-

2144 5425 2328 5482 nium:
2359 5428 2541 5497 quinta
2564 5426 2904 5490 intermedio,
2930 5434 2986 5480 ut
3003 5441 3069 5481 ex
3094 5424 3333 5480 ordiendi
3356 5423 3515 5479 modo
3540 5423 3725 5493 Squet,

2147 5525 2388 5587 tempore
2412 5535 2425 5571 :
2451 5518 2696 5588 septima,
2719 5516 2952 5572 nondum
2975 5516 3217 5572 absoluto
3231 5514 3537 5570 Judzcorum
3560 5516 3728 5569 festo:

2142 5617 2329 5663 octava
2350 5649 2363 5673 ,
2410 5621 2529 5678 post
2553 5608 2813 5679 jejunium
2853 5617 2906 5663 et
2935 5608 3160 5672 festum;
3190 5605 3262 5661 ita
3309 5615 3365 5660 ut
3394 5621 3458 5661 ex
3499 5606 3732 5676 Chryso-

2145 5697 2303 5752 stomi
2334 5699 2508 5753 verbis
2531 5698 2678 5753 clare
2702 5697 2985 5768 Colligatur
3006 5713 3126 5752 cum
3159 5697 3330 5750 minus
3356 5710 3514 5765 quam
3547 5692 3729 5764 viginti

2142 5771 2353 5843 dicruni
2377 5791 2545 5860 spatio
2581 5788 2813 5860 quinque
2845 5799 3139 5859 postremas
3171 5796 3353 5843 contra
3382 5784 3596 5842 Judzcos
3620 5784 3717 5841 hoc
