3948 6412
181 347 281 405 109

180 459 354 516 milias
388 472 576 514 mense
616 455 913 527 Septembri
951 455 1261 512 absolvisse.
1301 456 1409 512 llac
1447 457 1514 513 de
1544 474 1601 512 re
1625 458 1765 511 dim-

176 550 351 605 cultas
378 548 526 603 nulla
567 547 798 603 suboriri
828 556 1020 616 potest.
1056 547 1240 602 Utrum
1269 558 1446 603 autem
1473 564 1612 603 anno
1638 550 1764 616 587,

176 643 371 700 eodem
415 650 726 697 recurrente
763 640 999 709 jejunio,
1043 638 1191 710 cujus
1220 655 1379 695 causa
1417 652 1525 695 tres
1569 641 1772 709 priores

176 732 428 786 homilias
466 745 608 784 anno
647 730 889 800 proximo
912 728 1196 793 habuerat,
1244 729 1342 785 has
1375 730 1609 800 quinque
1634 746 1767 785 cono

176 822 367 876 ciones
396 820 837 891 pronuntiaverit,
867 819 965 875 etsi
992 835 1096 873 non
1124 819 1343 888 perinde
1367 829 1571 875 certum
1601 820 1768 875 habe-

178 920 286 974 tur,
313 911 537 965 omnino
566 921 744 965 tamen
764 909 1035 979 probabile
1062 918 1172 965 est.
1199 910 1259 964 ln
1289 909 1475 965 harum
1499 922 1643 965 certe
1666 910 1769 964 ho-

176 1002 448 1054 miliarum
469 1000 699 1055 decursu
721 1009 1014 1071 martyrum
1034 1001 1318 1054 memorias
1336 1014 1622 1055 occurrere
1641 1000 1771 1055 dicit

175 1102 398 1147 sanctus
442 1090 650 1157 doctor,
682 1088 1129 1160 quemadmodum
1168 1098 1223 1145 et
1265 1090 1316 1143 in
1358 1090 1624 1160 prioribus
1666 1090 1772 1145 illis

175 1181 531 1238 cencionibus
552 1180 680 1235 anni
710 1180 816 1236 586
841 1198 857 1235 :
886 1195 1018 1250 quas
1044 1195 1228 1235 mense
1255 1180 1553 1250 Septembri
1584 1195 1643 1235 se
1671 1180 1770 1234 ha-

177 1272 362 1326 buisse
390 1270 725 1326 testiﬁcatur.
774 1268 1098 1340 Videturque
1140 1268 1551 1340 Cbrysostomus
1589 1269 1771 1325 .ludai-

174 1379 295 1419 cum
329 1363 599 1429 morbum,
632 1361 1051 1416 Christianorum
1072 1362 1427 1432 quorumdam
1455 1363 1648 1417 animis
1675 1362 1769 1417 ad-

176 1456 279 1510 huc
318 1454 650 1520 hmrentcm,
681 1452 1067 1508 cui.medicam
1116 1468 1333 1508 manum
1362 1468 1503 1508 anno
1540 1453 1645 1509 586
1671 1453 1768 1507 ad-

175 1554 447 1611 moverat,
495 1559 636 1599 anuo
678 1543 839 1599 etiam
870 1543 1169 1614 insequenti
1212 1543 1423 1614 penitus
1456 1558 1645 1598 curare
1668 1556 1767 1597 vo-

176 1638 384 1693 luisse:
418 1637 698 1706 ipsumque
724 1634 957 1690 homilize
990 1644 1192 1704 quarta:
1227 1634 1539 1697 exordium,
1571 1633 1771 1687 Rursus

175 1729 354 1783 Judaei
370 1727 657 1799 jejunaturi
679 1736 830 1790 sunt,
862 1725 1106 1782 eamdem
1135 1726 1379 1796 proxime
1405 1735 1768 1781 recurrentem

176 1819 302 1875 anni
323 1827 691 1888 tempestatem
719 1831 939 1888 prorsus
964 1816 1264 1888 significare
1290 1816 1527 1871 videtur.

248 1912 386 1981 Quae
410 1920 597 1966 contra
623 1911 914 1965 Auommos
943 1919 998 1966 et
1020 1921 1206 1966 contra
1231 1909 1448 1966 Judzeos
1473 1909 1627 1964 annis
1663 1908 1769 1964 586

178 2012 232 2059 et
255 2004 367 2058 587
410 2002 573 2067 dixit,
623 2010 677 2056 et
709 2000 921 2072 quidem
952 2016 1058 2056 non
1100 2002 1267 2057 semel
1305 2000 1529 2056 alternis
1564 1999 1770 2055 vicibus

181 2093 458 2149 interdum
485 2090 553 2147 de
586 2106 713 2155 uno,
745 2090 1007 2147 interdum
1034 2091 1103 2147 de
1127 2092 1233 2147 alio
1258 2099 1600 2162 argumento,
1636 2104 1768 2145 con-

182 2184 418 2237 tinenter
461 2188 515 2235 et
555 2195 660 2235 una
700 2181 840 2236 serie
882 2180 1195 2248 referenda,
1244 2196 1345 2236 nec
1386 2179 1768 2249 intercipienda

182 2270 471 2336 duximus,
517 2271 693 2327 missis
734 2272 854 2328 aliis
901 2272 1097 2328 diversi
1150 2272 1448 2343 argumenti
1492 2269 1765 2339 homiliis,

184 2379 317 2433 quas
344 2379 439 2435 per
464 2364 590 2419 illud
624 2365 880 2436 temporis
913 2366 1139 2434 spatium
1162 2365 1228 2419 ad
1259 2362 1512 2435 populum
1546 2362 1764 2431 habuit,

182 2470 253 2509 ne
279 2456 392 2519 rei,
422 2471 539 2526 qua:
566 2455 806 2525 ejusdem
834 2457 1128 2527 argumenti
1164 2465 1281 2510 erat
1300 2495 1317 2522 ,
1357 2469 1569 2510 cursum
1598 2454 1767 2510 inter-

184 2545 523 2614 pellaremus.
553 2545 909 2612 Quamobrem
933 2545 1222 2616 repetenda
1254 2554 1381 2600 sunt
1404 2560 1466 2601 ea
1485 2586 1500 2610 ,
1528 2560 1646 2614 qua:
1674 2559 1769 2612 per

184 2636 315 2689 illud
360 2637 612 2707 temporis
656 2636 995 2692 interstitium
1043 2637 1318 2701 tractavit,
1362 2651 1586 2705 quorum
1634 2650 1768 2690 non-

183 2726 327 2780 nulla
362 2742 468 2781 non
497 2727 754 2796 minoris,
801 2726 909 2782 imo
954 2726 1175 2796 majoris
1216 2724 1472 2781 momenti
1514 2739 1634 2781 esse
1672 2739 1766 2794 pu-

185 2825 387 2871 tantur.

256 2908 487 2964 Homilia
520 2908 583 2964 de
616 2910 967 2965 Anathemale.
996 2938 1070 2951 —
1094 2908 1273 2965 Primo
1316 2917 1495 2964 autem
1537 2906 1766 2963 occurri:

182 3001 411 3057 Homilia
449 3000 517 3056 de
545 3000 931 3067 Auathemate,
970 3016 1128 3071 quam
1174 3008 1294 3070 post
1334 3000 1540 3055 tertiam
1579 3008 1765 3071 contra

179 3094 474 3148 Anommos
498 3108 556 3148 se
578 3092 1027 3163 pronuntiavisse,
1057 3107 1157 3146 nec
1180 3092 1407 3146 obscure
1439 3089 1676 3146 declarat
1713 3090 1764 3143 in

181 3184 467 3254 principio,
498 3194 556 3238 ut
578 3184 630 3238 in
651 3183 849 3238 Monito
874 3183 1208 3251 probavimus
1231 3181 1321 3253 (T.
1348 3183 1398 3237 l.
1426 3197 1473 3234 c.
1502 3179 1599 3235 941
1625 3182 1677 3250 );
1709 3189 1767 3236 ιιι

180 3291 377 3353 nempe
404 3276 619 3338 sedaret
657 3277 982 3338 simultatem
1028 3276 1299 3337 subortam
1325 3275 1454 3337 olim
1495 3274 1632 3336 inter
1657 3273 1767 3337 Me-

181 3373 414 3428 letianos
439 3381 493 3429 et
515 3373 851 3430 Paulinianos
879 3384 1132 3445 utrosque
1160 3372 1482 3442 Catholicos,
1512 3389 1631 3444 quae
1659 3373 1768 3429 dis-

177 3464 370 3520 cordia
395 3464 495 3520 sub
519 3464 797 3532 Flaviano,
822 3473 877 3521 et
900 3465 967 3520 ad
993 3465 1207 3539 longum
1235 3474 1416 3535 postea
1437 3474 1644 3535 tempus
1672 3480 1768 3520 ex-

181 3563 351 3609 tracta
380 3563 483 3611 est.
531 3555 634 3611 Sed
664 3555 731 3611 ad
757 3555 973 3611 lectoris
1009 3542 1357 3612 commodum.
1388 3571 1476 3613 res
1515 3557 1584 3612 ab
1612 3557 1767 3613 initio

177 3646 389 3701 dissidii
415 3647 703 3718 repetenda
732 3656 834 3702 est.

250 3738 562 3795 Eustathius
587 3730 976 3806 Aniiochenus,
1004 3740 1087 3795 vir
1109 3750 1322 3796 sanctus
1347 3748 1401 3795 et
1422 3739 1729 3796 Catholicus
1745 3782 1763 3809 ,

176 3832 414 3902 ideoque
443 3832 653 3888 Arianis
687 3833 891 3887 invisus
910 3874 926 3899 ,
954 3832 1188 3902 ipsorum
1217 3847 1377 3902 opera
1402 3840 1457 3887 et
1484 3832 1766 3889 calumniis

172 3922 459 3990 depositus
481 3922 534 3978 in
577 3922 933 3992 exsiliumque
961 3932 1111 3977 actus
1151 3921 1357 3988 fuerat,
1386 3938 1526 3978 anno
1553 3923 1767 3979 circiter

181 4013 318 4075 330;
346 4014 401 4067 in
429 4014 649 4087 ejusque
675 4015 846 4069 locum
875 4012 1189 4070 substitutus
1212 4013 1380 4070 fuerat
1399 4015 1534 4070 alius
1558 4015 1765 4085 episco-

182 4118 286 4175 pus
340 4106 566 4162 Arianus
602 4122 617 4159 :
667 4106 1025 4177 deincepsque
1072 4106 1378 4161 continuata
1424 4106 1765 4162 successione

174 4195 425 4263 ejusdem
455 4204 614 4251 sectae
650 4196 883 4266 episcopi
908 4196 1292 4251 Antiochenam
1319 4204 1536 4252 tenuere
1557 4196 1762 4263 sedem,

177 4287 472 4342 (Iadmlicis
516 4287 723 4343 interim
774 4304 897 4344 cum
948 4287 1302 4344 Eustathiano
1342 4286 1487 4341 clero
1532 4288 1758 4343 seorsim

173 4377 442 4433 collectas
478 4378 789 4449 agentibus,
831 4379 1003 4435 donec
1041 4378 1220 4433 Ariani
1263 4376 1563 4445 Meletium,
1604 4393 1765 4446 quem

174 4469 378 4525 harresi
404 4483 514 4524 suae
534 4470 796 4526 addictum
826 4470 1102 4541 putabant,
1132 4470 1184 4525 in
1213 4472 1519 4541 episcopum
1550 4471 1771 4535 ordina-_

175 4569 330 4614 runt.
364 4559 761 4629 Peropportune
794 4575 922 4616 vero
943 4560 1136 4616 cecidit
1175 4569 1233 4616 ut
1257 4560 1369 4630 ipse
1398 4575 1502 4614 non
1529 4558 1766 4615 Catholi-

176 4664 280 4705 cus
308 4648 498 4715 modo,
527 4650 619 4705 sed
646 4651 805 4705 etiam
830 4639 900 4705 ex
930 4650 1329 4706 ferventioribus
1365 4649 1655 4704 Catholicis
1680 4662 1767 4704 es-

173 4750 285 4797 set.
316 4742 384 4795 At
410 4756 531 4795 cum
562 4751 740 4811 postea
764 4743 1147 4813 comperissent
1173 4742 1343 4812 ipsum
1369 4740 1655 4796 Catholicae
1685 4741 1763 4796 rei

179 4831 449 4886 vindicem
471 4872 487 4897 ,
516 4832 828 4904 Arianisque
865 4832 1125 4888 infensum
1154 4847 1274 4889 esse
1292 4873 1305 4896 ,
1346 4831 1518 4887 virum
1547 4832 1599 4887 in
1625 4831 1767 4887 exsi-

180 4923 313 4977 lium
356 4922 482 4992 pelli
524 4932 744 4988 curaut,
786 4924 842 4978 in
871 4923 1092 4994 ejusque
1130 4924 1304 4979 locum
1336 4923 1587 4978 Euzoium
1613 4913 1766 4980 Aria-

177 5028 311 5067 nnm
337 5013 682 5068 substituunt.
711 5014 862 5070 Tunc
889 5030 1019 5070 vero
1057 5023 1166 5071 tres
1203 5014 1256 5070 in
1299 5022 1477 5084 partes
1513 5013 1765 5069 distracta

176 5102 375 5156 civitas
405 5100 537 5157 fuit:
569 5105 735 5173 prima
760 5111 877 5160 erat
903 5104 1368 5160 Eustatbiauorum
1390 5146 1404 5169 ,
1431 5104 1544 5159 sive
1577 5118 1763 5159 eorum

177 5190 277 5260 qui
309 5193 368 5245 S.
400 5192 676 5249 Eustathio
702 5194 896 5250 addicti
934 5205 1113 5261 erant,
1153 5194 1348 5265 quique
1387 5194 1579 5249 Meletii
1618 5208 1766 5249 com-

178 5281 492 5337 munioncm
515 5323 530 5349 ,
560 5283 700 5353 quod
744 5283 811 5339 ab
837 5285 1048 5339 Arianis
1077 5285 1128 5339 in
1156 5285 1459 5354 episcopum
1490 5292 1766 5352 cooptatus

180 5370 408 5435 fuisset,
442 5374 791 5443 respuebant;
823 5374 1056 5430 secunda
1095 5373 1492 5429 Meletianornm
1514 5414 1529 5440 ,
1563 5374 1767 5428 scilicet

178 5459 607 5530 Catholicorum,
639 5465 727 5533 qui
753 5464 1025 5520 Meletium
1045 5507 1060 5531 ,
1094 5465 1196 5520 etsi
1224 5465 1291 5519 ab
1317 5464 1527 5519 Arianis
1553 5465 1767 5518 ordinas

178 5559 297 5603 tum
320 5592 336 5613 ,
364 5560 543 5621 utpote
568 5553 903 5607 Catholicum
934 5555 1431 5624 sanctissimumque
1454 5554 1624 5607 virum
1642 5594 1655 5618 ,
1683 5567 1767 5607 se-

178 5640 516 5710 quebantur:
549 5645 702 5699 tertia
733 5644 1084 5707 Arianorum,
1128 5644 1216 5714 qui
1256 5659 1375 5698 cum
1408 5643 1608 5696 Euzoio
1638 5657 1766 5696 eon-

180 5739 374 5787 ventus
399 5734 644 5805 agebant.
677 5732 944 5789 Haetcnus
964 5743 1137 5790 tamen
1166 5732 1376 5790 nonnisi
1400 5733 1505 5788 duo
1527 5732 1760 5803 episcopi

1324 406 1327 411 ,
1368 345 1546 402 NUNC
1588 343 1843 403 PRIMUM
1883 339 2275 404 ADOBNATA.

3366 348 3460 403 iltl

1871 460 2166 514 Antiochia:
2191 469 2363 524 erant,
2398 461 2645 515 nimirum
2667 477 2730 516 ex
2759 473 2905 532 parte
2931 458 3323 520 Catlaolicorum
3355 464 3460 518 Me-

1873 549 2061 612 letius;
2106 566 2171 603 ex
2213 549 2532 605 Arianorum
2559 567 2686 606 vero
2714 564 2861 621 parte
2892 553 3160 611 Euzoius:
3187 570 3309 609 nam
3354 555 3461 607 Eu-

1871 640 2121 694 stathiani
2163 654 2283 694 cum
2326 639 2547 695 Paulino
2586 642 2898 714 presbytero
2943 644 3168 699 seorsim
3206 646 3458 700 collectas

1876 731 2125 801 agebant.

1941 819 2296 887 Quamobrem
2337 821 2659 878 Athanasius
2706 822 2760 877 in
2805 821 3020 894 Synodo
3063 824 3448 891 Alexandrina,

1868 924 2011 964 anno
2030 910 2155 976 362,
2185 912 2309 965 totis
2345 912 2543 966 viribus
2569 912 2831 966 nitebatur
2858 924 2913 965 ut
2937 913 3265 970 Eustathiani
3292 915 3440 971 Mele-

1873 1000 2028 1054 tianis
2038 1001 2407 1071 jungerentur,
2426 1016 2715 1072 omnesque
2730 1001 2987 1060 Catholici
3005 1018 3166 1057 unum
3187 1004 3448 1059 Meletium

1872 1090 2178 1159 episcopum
2203 1102 2581 1161 agnoscerent,
2610 1092 2676 1146 ad
2697 1106 2921 1162 eamque
2949 1108 3062 1146 rem
3095 1093 3293 1163 legatos
3318 1094 3452 1148 duos

1868 1180 2156 1237 Eusebium
2188 1183 2576 1238 Vercellensem
2601 1194 2649 1239 et
2684 1185 2951 1239 Asterium
2983 1185 3263 1254 episcopos
3286 1200 3316 1240 a
3346 1184 3448 1255 Sy-

1873 1271 2016 1325 nodo
2041 1272 2397 1328 Alexandrina
2417 1274 2552 1328 mitti
2579 1275 2802 1329 curavit.
2834 1274 3026 1330 Verum
3057 1274 3289 1340 interim,
3319 1274 3443 1328 dum

1869 1361 2027 1432 legati
2057 1362 2158 1417 iter
2171 1374 2408 1435 agerent,
2434 1364 2643 1420 Lucifer
2660 1363 2990 1419 Calaritanus
3015 1364 3153 1434 pium
3178 1365 3448 1418 Athanasii

1869 1452 2352 1524 Alexandriamque
2377 1454 2578 1526 Synodi
2604 1455 2889 1509 consilium
2926 1453 3329 1518 interturbavit,
3361 1454 3451 1522 qui

1868 1544 2145 1600 Paulinum
2190 1546 2243 1598 in
2282 1546 2589 1615 episcopum
2633 1545 2842 1614 allegit;
2873 1544 2941 1598 ita
2971 1552 3030 1598 ut
3063 1554 3171 1598 tres
3193 1543 3301 1613 jam
3333 1543 3453 1612 cpi.

1867 1637 2015 1707 scopi
2041 1637 2337 1692 Antiochiae
2362 1645 2564 1703 essent,
2590 1636 2697 1691 duo
2722 1634 3011 1699 Catholici,
3041 1644 3095 1691 et
3116 1651 3253 1689 unus
3294 1635 3449 1689 Aria-

1868 1743 1989 1782 nus.
2017 1728 2095 1783 Ex
2125 1729 2229 1783 hoc
2255 1735 2433 1783 autem
2455 1726 2847 1782 Catholicorum
2874 1725 3114 1792 dissidio,
3135 1724 3274 1797 quod
3298 1724 3451 1779 annis

1865 1818 2003 1874 bene
2030 1819 2211 1873 multis
2240 1818 2507 1887 perstitit,
2538 1817 2832 1871 innumera:
2870 1817 2999 1871 rixa:
3028 1815 3259 1870 suborta:
3287 1825 3410 1869 sunt
3428 1848 3450 1879 ,

1868 1909 2228 1975 contumeliae,
2253 1908 2497 1972 dicteria,
2522 1906 2823 1972 maledicta,
2855 1906 3046 1978 quibus
3068 1919 3126 1960 se
3152 1915 3335 1959 mutuo
3363 1903 3448 1957 di-

1868 2002 2040 2055 versis
2063 1999 2258 2054 addicti
2288 1998 2530 2068 partibus
2553 1997 2877 2062 lacerabant,
2904 1996 3066 2051 rebus
3094 1995 3263 2066 palam
3294 1995 3450 2049 exul-

1869 2093 2082 2149 ceratis.
2110 2092 2362 2148 Paulinus
2390 2107 2518 2146 vero
2544 2090 2595 2144 in
2623 2090 2930 2159 episcOpnm
2953 2088 3189 2142 adlectus
3217 2086 3447 2140 Alexan-

1867 2182 2037 2243 drina:
2099 2181 2318 2253 Synodo
2385 2179 2740 2250 subscripsit,
2800 2179 2852 2233 in
2909 2192 3015 2248 qua
3082 2175 3440 2246 Apollinarius

1867 2272 2219 2337 Laodicenus,
2251 2272 2340 2342 qui
2371 2286 2438 2327 eo
2466 2268 2759 2325 m0nachos
2787 2281 3033 2325 oratores
3056 2283 3181 2322 suos
3208 2268 3445 2332 miserat,

1868 2372 1928 2418 ut
1954 2361 2341 2432 professionem
2386 2361 2509 2417 ﬁdei
2554 2377 2664 2417 suze
2702 2362 2754 2415 in
2785 2370 2924 2417 cmtu
2963 2360 3176 2415 Patrum
3225 2359 3447 2427 darent,

1868 2452 1939 2508 ita
1968 2462 2143 2507 tamen
2169 2463 2226 2507 ut
2254 2466 2465 2507 errores
2492 2467 2618 2506 suos
2643 2450 2866 2507 subdole
2894 2451 3204 2517 reticereut,
3230 2450 3280 2504 in
3302 2465 3448 2505 com-

1868 2544 2177 2598 munionem
2205 2541 2524 2596 admittitur.
2558 2541 2811 2596 Paulinus
2839 2550 3015 2595 autem
3044 2556 3185 2595 anno
3214 2540 3317 2595 56%
3356 2556 3447 2595 or-

1867 2638 2103 2703 dinatus,
2134 2649 2275 2689 anno
2303 2632 2426 2699 588,
2452 2633 2534 2689 vel
2557 2633 2681 2701 589,
2707 2632 2861 2686 linem
2885 2631 3091 2686 vivendi
3120 2629 3262 2685 fecit.
3289 2631 3445 2700 Apol-

1812 2736 1825 2748 °
1867 2727 2091 2783 linarius
2146 2741 2313 2789 vero,
2375 2726 2465 2794 qui
2528 2732 2650 2795 post
2702 2722 2973 2794 Synodum
3028 2721 3444 2776 Alexandrinam

1868 2832 2079 2875 errores
2109 2831 2234 2870 suos
2260 2811 2544 2885 spargebat
2580 2822 2635 2869 ut
2658 2822 2782 2872 ante
2802 2854 2818 2881 ,
2849 2813 2916 2867 ab
2943 2811 3231 2866 Athanasio
3257 2810 3448 2865 confu-

1870 2916 2010 2961 tatus
2034 2905 2131 2960 fuit
2158 2916 2212 2959 ut
2241 2905 2543 2960 haereticus.

1941 2998 2065 3053 Haec
2107 2994 2475 3066 prmmittenda
2520 3004 2704 3061 erant,
2750 3002 2809 3047 ut
2850 2992 3212 3063 Chrysostomi
3257 3005 3448 3060 scopus

1866 3100 1921 3146 ct
1951 3089 2088 3144 dicta
2126 3087 2570 3157 intelligerentur.
2602 3085 2868 3141 Meletiani
2898 3100 3024 3154 ergo
3050 3083 3345 3148 Catholici,
3378 3083 3447 3138 de

1866 3181 2023 3251 vulgo
2071 3181 2295 3258 loquor,
2345 3175 2708 3241 Eustathinttis
2756 3175 2969 3246 infensi,
3001 3174 3124 3227 hinc
3169 3174 3443 3227 maledicta

1868 3279 2169 3353 proferendi
2200 3278 2534 3333 occasionem
2562 3273 2847 3344 captabant
2865 3313 2879 3335 ,
2907 3264 3044 3341 quod
3087 3263 3336 3323 Paulinus
3362 3267 3443 3323 et-

1865 3372 1986 3428 dem
2016 3370 2389 3425 Alexandrina:
2408 3364 2625 3438 Synodo
2653 3363 3073 3432 subscripsisset,
3097 3361 3179 3415 cui
3206 3361 3441 3415 subscri-

1867 3470 2047 3533 pserat
2097 3460 2255 3515 etiam
2321 3458 2682 3530 Apollinarius
2754 3453 3108 3510 lueresiarcha
3136 3495 3151 3518 ,
3219 3452 3445 3519 ideoque

1867 3554 2253 3624 Apollinarium
2276 3551 2481 3607 Paulini
2508 3549 2817 3619 magistrum
2844 3544 3178 3601 dictitabant.
3205 3542 3445 3614 Chrysoc

1865 3654 2072 3701 stomus
2097 3659 2224 3699 vero
2261 3642 2351 3712 qui
2395 3656 2536 3712 aegre
2582 3636 2871 3694 admodum
2908 3635 3120 3691 videbat
3153 3634 3442 3689 Ecclesiam

1869 3732 2255 3789 Antiochenam
2277 3732 2347 3786 ita
2369 3729 2669 3793 discissam,
2698 3735 2755 3782 ut
2781 3725 3035 3782 Catholici
3063 3724 3115 3796 in
3139 3722 3442 3778 Catholicos

1868 3836 1974 3881 tam
2005 3824 2257 3880 atrociter
2284 3823 2620 3893 insurgerent
2640 3861 2654 3883 ,
2684 3818 2954 3873 auditores
2981 3830 3107 3871 suos
3135 3815 3256 3869 talia
3286 3827 3445 3867 ausus

1865 3931 2055 3988 aspere
2084 3914 2278 3987 excipit
2306 3931 2319 3968 :
2350 3912 2455 3969 Sed
2478 3911 2600 3982 quid
2625 3910 2797 3963 dicunt
2820 3908 2920 3974 illi,
2951 3907 3139 3976 inquit,
3162 3904 3231 3958 ad
3247 3918 3442 3957 omnem

1866 4008 2113 4062 malitiam
2143 4003 2402 4058 audaces?
2432 4002 2726 4066 Haereticus,
2753 4000 2915 4065 aiunt,
2945 3997 3030 4051 ille
3053 4000 3217 4069 factus
3244 4002 3336 4054 est.
3363 3993 3444 4046 iu-

1867 4097 2175 4152 habitanlem
2220 4095 2365 4148 habet
2408 4092 2692 4154 diabolum,
2743 4097 2789 4143 et
2831 4089 3050 4159 loquitur
3084 4095 3256 4140 contra
3285 4085 3442 4137 Deum

1866 4188 2158 4258 nequitiam,
2190 4184 2471 4253 multosque
2497 4181 2704 4235 suadela
2729 4193 2953 4247 vanaque
2990 4176 3194 4245 fallacia
3232 4174 3284 4227 in
3324 4189 3444 4243 pro-

1866 4277 2085 4348 fundum
2112 4273 2252 4328 exitii
2277 4270 2515 4336 abducit;
2539 4270 2748 4337 ideoque
2787 4283 2819 4320 a
2862 4265 3097 4319 Patribus
3130 4264 3314 4337 cjectus
3338 4272 3441 4325 est,

1866 4368 2086 4422 maxime
2109 4364 2261 4433 hujus
2288 4361 2545 4433 magister,
2585 4357 2669 4428 qui
2700 4366 2894 4427 partem
2919 4353 3161 4412 Ecclesia:
3197 4350 3442 4405 abscidit:

1864 4459 1938 4514 sic
1966 4464 2056 4511 aut
2086 4454 2361 4509 Paulinum
2386 4458 2472 4505 aut
2502 4447 2873 4521 Apollinarium
2898 4445 3177 4515 designant.

1938 4547 2064 4602 litec
2083 4544 2240 4601 refert
2264 4542 2675 4613 Cbrysostomus
2697 4548 2752 4592 ut
2776 4537 2842 4591 ab
2864 4533 3130 4590 incondita
3158 4532 3307 4586 turba
3334 4545 3439 4584 non

1866 4640 1939 4694 ita
1961 4643 2206 4693 accurate
2233 4634 2584 4690 dicebantur:
2612 4639 2667 4687 et
2693 4629 2816 4701 quia
2848 4643 2951 4682 non
2973 4641 3095 4681 raro
3122 4625 3322 4695 plebeia
3346 4623 3443 4677 hu-

1862 4729 2093 4803 jusmodi
2124 4725 2363 4782 convicia
2394 4734 2448 4778 et
2472 4723 2612 4777 dicta
2646 4719 2982 4791 peregrinum
3027 4716 3268 4771 sonantia
3316 4728 3439 4766 ora-

1867 4818 1997 4878 tioni
2024 4820 2476 4882 intermiscentur,
2500 4814 2613 4869 tunc
2648 4812 2834 4868 concio
2861 4809 3042 4865 multis
3081 4809 3134 4862 in
3175 4806 3306 4863 locis
3333 4821 3438 4860 non

1866 4911 1981 4982 pari
2005 4920 2164 4980 atque
2189 4914 2397 4962 etatem:
2425 4900 2687 4973 elegantia
2713 4899 2856 4955 dicta
2882 4898 3112 4954 videtur.
3143 4895 3294 4951 lianc
3316 4908 3439 4948 cum

1866 5001 2097 5058 Baronio
2124 5006 2179 5055 et
2206 4995 2534 5060 l‘lermantio,
2561 4999 2800 5048 vertente
2825 5004 2967 5045 anno
2991 4987 3096 5046 586
3118 4986 3312 5041 dictam
3340 4999 3440 5051 pu-

1867 5103 2079 5158 tamus,
2127 5103 2320 5159 resque
2354 5087 2571 5141 omnino
2612 5090 2757 5138 certa
2804 5080 3032 5137 videtur.
3073 5074 3446 5133 Tillemontius

1871 5195 2048 5240 tamen
2075 5198 2140 5238 ex
2167 5181 2306 5235 male
2325 5178 2486 5233 allato
2509 5183 2563 5230 et
2589 5174 2858 5230 intellecto
2874 5173 3032 5243 hujus
3048 5170 3281 5225 homilia:
3302 5167 3441 5230 loco,

1870 5284 2019 5345 putat
2045 5288 2161 5328 eam
2192 5270 2423 5325 habitam
2468 5267 2627 5322 fuisse
2657 5274 2775 5335 p05!
2802 5262 3007 5319 Paulini
3037 5270 3292 5321 mortem,
3324 5265 3443 5323 post

1870 5381 2066 5419 annum
2094 5363 2295 5417 scilicet
2322 5359 2447 5416 588.
2476 5357 2609 5413 Vide
2640 5357 2891 5412 Monitum
2922 5350 3183 5414 nostrum,
3205 5348 3291 5403 ubi
3313 5359 3441 5400 seu-

1873 5457 2033 5511 tentia
2064 5455 2179 5523 ejus
2208 5452 2522 5516 clarissime,
2554 5450 2605 5503 ni
2634 5449 2807 5512 fallor,
2838 5445 3157 5501 confutatur.

1944 5545 2009 5599 In
2037 5544 2217 5598 Natali
2243 5542 2431 5597 Christi
2450 5540 2716 5595 coucia.—
2730 5537 2972 5604 Quinque
2998 5531 3183 5586 diebus
3210 5536 3327 5599 post
3353 5528 3446 5587 ha-

1874 5639 2034 5691 bitam
2066 5636 2115 5689 in
2156 5634 2213 5690 S.
2244 5631 2609 5701 Philogonium
2657 5626 2921 5679 homiliam
2945 5664 2959 5686 ,
2991 5620 3039 5675 id
3068 5629 3151 5676 est
3185 5618 3446 5690 vigesima.

1869 5729 2049 5800 quinta
2081 5724 2420 5791 Decembris,
2446 5731 2501 5775 ut
2533 5721 2644 5789 ipse
2669 5715 3077 5786 Cbrysostomus
3116 5710 3443 5777 testiﬁcatur,
