3948 6406
485 472 654 537 prima
684 467 795 520 vice
823 464 888 518 de
917 463 1002 517 die
1026 459 1195 515 Natali
1219 457 1412 514 Clu'i~ti
1443 459 1784 515 Conciunatus
1804 465 1882 508 est
1906 451 1991 523 (T.
2008 452 2064 514 2.

487 569 532 606 c.
565 553 692 608 551.
713 551 748 604 ι.
767 552 879 622 24).
899 548 1031 605 Cum
1054 551 1200 606 enim
1238 549 1464 605 nondum
1499 550 1724 603 decimus
1745 564 1910 601 annus
1928 558 2074 608 esset,

485 642 661 712 inquit
689 643 797 708 ille,
828 659 892 696 ea:
915 659 1016 713 quo
1043 641 1151 697 dies
1175 641 1265 696 ille
1293 641 1646 696 Antiochenis
1687 641 1976 694 inualuerat
2012 637 2080 695 ab

485 733 794 794 Occidente,
826 730 918 785 ubi
947 730 1014 786 ab
1042 727 1261 790 exordio
1293 727 1381 781 illa
1409 725 1496 780 die
1534 723 1833 780 celebratus
1863 721 2067 787 luerat,

486 825 823 882 Antiochiam
863 822 1103 885 delatus;
1134 819 1284 874 multi
1317 818 1456 873 diem
1501 817 1693 871 festum
1739 812 2070 884 huiusmodi,

487 918 636 989 quasi
663 932 861 972 novum
891 930 955 969 ac
983 921 1226 970 recenter
1256 910 1526 965 inductum
1553 907 1953 970 detrectabant;
1982 905 2074 959 alii

489 1019 667 1063 tamen
711 1021 905 1077 magno
953 1018 1175 1064 numero
1216 1003 1445 1057 libenter
1489 997 1883 1058 admittebant:
1914 1011 2076 1070 quam

488 1101 928 1170 disceptationem
953 1109 1007 1152 ut
1027 1097 1227 1166 sopiret
1253 1093 1688 1165 Chrysostomus,
1713 1090 1801 1153 ubi
1823 1092 2074 1160 primum,

489 1201 771 1262 postquam
817 1190 1096 1261 presbyter
1137 1187 1410 1242 ordinatus
1463 1187 1668 1250 luerat,
1716 1184 1949 1239 occurrit
1991 1183 2078 1236 illa

490 1283 798 1347 celebritas,
836 1283 972 1336 hanc
1001 1279 1273 1337 homiliam
1306 1277 1508 1339 habuit,
1537 1283 1598 1330 ut
1625 1274 1898 1328 subortam
1933 1273 2077 1327 litem

495 1375 730 1439 tolleret,
755 1380 808 1425 et
836 1370 976 1429 diem
1008 1370 1249 1426 Natalem
1274 1366 1471 1423 Christi
1502 1367 1556 1420 in
1582 1365 1893 1434 vigesimani
1919 1364 2078 1434 quin-

495 1475 603 1519 tam
635 1463 943 1519 Decembris
985 1461 1218 1515 incidere
1245 1459 1424 1514 multis
1453 1458 1780 1528 argumentis
1812 1455 2078 1525 probaret,

499 1557 681 1611 Primo
722 1556 798 1611 ait
837 1554 974 1612 hanc
1013 1568 1191 1608 veram
1219 1567 1338 1607 esse
1365 1551 1684 1606 sententiam
1713 1549 1795 1603 vel
1820 1548 1940 1602 inde
1961 1563 2084 1616 pro-

499 1648 746 1702 babiliter
769 1647 918 1715 argui
941 1687 954 1710 ,
983 1645 1123 1721 quod
1156 1658 1557 1713 quaquaversus
1583 1641 1891 1696 denuntiata
1915 1681 1929 1704 ,
1959 1653 2081 1693 cum

499 1748 642 1793 tanta
672 1739 946 1792 celeritate
973 1737 1041 1790 ab
1076 1734 1323 1791 omnibus
1360 1743 1605 1802 suscepta
1652 1732 1834 1794 fuerit.
1881 1731 2084 1786 Deinde

496 1835 573 1888 ait
597 1832 686 1885 illa
712 1832 798 1886 die
823 1830 890 1884 ab
914 1829 1138 1888 exordio
1165 1844 1258 1898 per
1281 1836 1446 1882 totum
1475 1825 1819 1881 Occidentem
1843 1824 2085 1879 celebra-

496 1931 612 1977 tum
655 1921 816 1976 fuisse
843 1920 1041 1975 Christi
1081 1927 1295 1984 ortum,
1325 1918 1660 1988 maximeque
1701 1915 1906 1970 Romm.
1953 1915 2085 1969 Cum

496 2023 680 2069 autem
710 2026 904 2066 census
931 2009 1147 2082 Cyrenii
1169 2009 1322 2083 jussu
1350 2009 1570 2078 Augusti
1610 2008 1779 2060 laetus
1803 2049 1817 2069 ,
1852 2007 1903 2060 in
1933 2005 2087 2060 tabu-

500 2103 675 2175 lisque
717 2103 1055 2172 descriptus,
1101 2116 1266 2173 penes
1305 2101 1574 2154 Romanos
1619 2099 1936 2165 haberetur;
1965 2099 2090 2161 hinc
2134 2136 2140 2142 -

501 2209 682 2248 verum
716 2207 1135 2265 germanumque
1173 2191 1372 2246 Natalis
1400 2190 1595 2246 Christi
1638 2190 1778 2245 diem
1821 2190 2091 2246 Romanos

503 2285 766 2345 hausisse.
803 2283 956 2342 Aliud
982 2298 1190 2353 quoque
1231 2290 1600 2352 argumentum
1633 2290 1906 2335 mutuatur
1931 2296 1996 2335 ex
2025 2294 2092 2336 eo

503 2375 590 2430 die
610 2417 625 2442 ,
653 2391 760 2448 quo
792 2374 1064 2448 ingressus
1089 2383 1172 2428 est
1199 2374 1250 2428 in
1283 2374 1537 2442 templum
1578 2371 1897 2438 Zacharias,
1931 2387 2090 2443 quem

505 2465 620 2538 ipse
645 2482 911 2524 summum
953 2464 1258 2540 pontiﬁcem
1289 2473 1441 2536 putat
1471 2481 1484 2518 :
1519 2465 1641 2519 inde
1672 2479 1800 2519 vero
1825 2464 2092 2520 calculum

445 2577 451 2583 ·
505 2559 685 2623 ducit,
730 2569 791 2618 ut
834 2559 1019 2630 probet
1063 2560 1113 2613 in
1146 2559 1454 2630 vigesimam
1499 2555 1736 2630 quintam
1779 2556 2094 2616 Decembris

507 2651 744 2713 incidere
774 2652 914 2713 diem
941 2652 1182 2710 Natalem
1215 2654 1445 2708 Domini.
1470 2652 1581 2708 Hac
1607 2667 1733 2706 vero
1765 2649 1831 2706 de
1859 2667 1917 2706 re
1943 2652 2093 2721 plura

507 2745 824 2817 protulimus
853 2745 905 2799 in
935 2745 1134 2802 Manilo
1163 2745 1224 2800 Τ.
1253 2746 1310 2810 2,
1336 2760 1385 2804 c.
1405 2745 1509 2800 547
1529 2785 1543 2810 ,
1576 2742 1665 2797 ubi
1693 2742 1813 2797 vide
1841 2743 1935 2796 sis.

578 2836 765 2894 Conciu
781 2835 1150 2890 alia.—Erant
1177 2835 1475 2891 Antiochiae.
1501 2834 1716 2904 quidam
1737 2833 1804 2888 de
1821 2843 1964 2889 recta
1996 2832 2097 2893 ﬁde

509 2943 616 2990 non
648 2927 816 2998 probe
841 2929 1157 2992 sentientes,
1189 2929 1278 2997 qui
1309 2925 1412 2981 hoc
1439 2925 1585 2980 Pauli
1610 2923 1812 2979 dictum
1841 2925 1892 2978 in
1915 2925 2098 2980 Eccle-

510 3019 589 3075 sia
646 3019 841 3074 lectum
881 3018 900 3089 (
925 3016 983 3072 Τ.
1023 3019 1076 3074 '5.
1123 3035 1172 3070 ε.
1217 3018 1312 3074 5η
1341 3019 1398 3090 ),
1449 3017 1568 3078 Sive
1608 3033 1698 3086 per
1748 3017 2096 3084 occasionem,

508 3111 611 3167 sive
639 3127 730 3182 per
754 3112 1008 3165 veritatem
1033 3108 1264 3173 Christus
1290 3110 1639 3173 annuntietur,
1668 3117 1714 3163 et
1751 3111 1802 3164 in
1842 3111 1937 3166 hoc
1966 3127 2099 3182 gau-

511 3205 626 3270 deo,
671 3205 744 3260 ita
789 3219 953 3276 prave
993 3203 1501 3276 interpretabantur,
1546 3212 1606 3257 ut
1649 3202 1927 3269 dicerent,
1973 3203 2100 3257 dum

508 3295 756 3351 Christus
779 3273 1205 3358 annuntiaretur,
1237 3273 1422 3364 p.aruu|
1451 3292 1713 3350 interesse
1743 3309 1809 3346 an
1848 3293 2099 3356 hmretica

511 3401 580 3441 an
622 3402 746 3442 vera
794 3385 1042 3456 dogmata
1071 3394 1276 3440 essent.
1307 3385 1421 3438 lloc
1449 3385 1644 3440 erroris
1676 3394 1978 3453 portentum
2005 3383 2102 3440 de-

514 3480 666 3552 pellit
708 3478 1162 3547 Chrysostomus,
1213 3476 1560 3546 pluribusque
1613 3475 1944 3530 demonstrat
1998 3491 2102 3530 non

514 3583 635 3624 eam
661 3583 782 3622 esse
806 3567 954 3624 Pauli
979 3574 1233 3620 mentem.
1261 3564 1367 3624 Sed
1395 3582 1461 3619 ex
1483 3581 1608 3619 vera
1637 3582 1811 3619 rerum
1836 3575 2105 3636 gestarum

518 3661 740 3717 historia
764 3659 912 3715 Pauli
940 3657 1259 3714 sententiam
1303 3657 1441 3710 hanc
1479 3671 1600 3711 esse
1640 3655 1956 3718 conﬁrmat:
1984 3671 2107 3718 cum

517 3755 665 3815 Pauli
710 3753 910 3810 inimici
951 3751 1167 3826 quidam
1197 3765 1318 3806 eum
1355 3749 1584 3804 vinculis
1607 3750 1957 3804 constrictum
1984 3765 2106 3804 cer-

519 3855 745 3914 nerent,
793 3857 850 3901 ut
893 3845 1161 3907 Neronem
1209 3844 1376 3914 magis
1420 3843 1472 3897 in
1507 3858 1632 3902 eum
1686 3853 2106 3914 eanperarent,

520 3939 793 4009 ipsiusque
839 3937 1129 4007 perniciem
1190 3936 1529 4002 molirentur,
1584 3949 1764 3990 veram
1819 3949 2110 4017 sonumque

449 4029 458 4038 ’
521 4029 684 4087 tidem
715 4029 838 4084 ideo
866 4027 1245 4100 prmdicabant,
1293 4036 1352 4081 ut
1392 4034 1552 4081 aucto
1596 4025 1979 4097 discipulorum
2008 4045 2110 4083 nu-

523 4136 674 4180 mero
704 4132 961 4192 tyrannus
987 4119 1077 4178 ille
1109 4119 1162 4174 in
1187 4119 1408 4179 Paulum
1434 4119 1639 4174 catenis
1660 4131 1911 4176 onustum
1945 4122 2114 4191 niagis

523 4215 800 4286 magisque
823 4213 1058 4270 smviret.
1084 4211 1197 4267 llac
1223 4227 1351 4268 vero
1381 4211 1446 4268 ,ιθ
1470 4227 1628 4268 eausa
1652 4254 1668 4280 ,
1694 4213 1768 4267 ait
1794 4212 2115 4285 Chrysosto-

526 4321 666 4372 mus,
691 4305 885 4360 Paulus
911 4304 1040 4360 dicit
1068 4321 1080 4360 :
1109 4303 1229 4360 Sive
1245 4320 1337 4376 per
1360 4305 1705 4371 occasionem,
1736 4305 1838 4361 sive
1870 4322 1962 4376 per
1986 4305 2117 4366 veri-

526 4403 677 4448 tatem
719 4392 948 4449 Christus
986 4394 1335 4458 annuntietur,
1382 4403 1428 4447 et
1469 4394 1522 4447 in
1563 4394 1659 4447 hoc
1696 4394 1912 4465 gaudeo.
1953 4393 2114 4450 Multa

528 4482 745 4554 pra'lert
775 4481 890 4536 hare
924 4482 1142 4536 homilia
1169 4483 1220 4535 in
1251 4480 1514 4551 principio
1536 4481 1603 4535 de
1640 4482 1957 4548 humilitate,
1984 4495 2036 4538 et
2063 4484 2116 4538 in

531 4573 639 4628 ﬁne
667 4573 734 4626 de
777 4571 1004 4628 utilitate
1035 4572 1455 4640 necessitateque
1498 4571 1837 4640 precationis.
1875 4574 2116 4630 Habitum

529 4673 710 4719 autem
756 4663 921 4718 fuisse
965 4672 1086 4732 post
1121 4661 1266 4717 .diem
1297 4661 1535 4718 Natalem
1559 4661 1755 4718 Christi
1785 4665 1983 4720 ultimis
2012 4665 2118 4722 De-

529 4755 765 4812 cembris
785 4754 975 4810 diebus
996 4754 1122 4811 anni
1154 4753 1289 4820 586,
1323 4749 1386 4808 ex
1431 4753 1562 4824 ipsis
1590 4753 1958 4828 Chrysostomi
2000 4773 2119 4812 ver-

531 4847 618 4903 bis
660 4845 933 4918 arguitur,
964 4854 1020 4901 ut
1044 4844 1227 4902 videas
1270 4845 1323 4902 in
1354 4845 1554 4900 Monito
1581 4845 1643 4901 Τ.
1677 4847 1731 4914 3,
1768 4864 1819 4900 c.
1849 4847 1955 4902 309
1983 4865 1996 4902 :
2028 4849 2118 4904 ubi

531 4955 643 4994 rem
663 4979 679 5006 ,
707 4938 752 4994 si
779 4953 885 4992 non
928 4939 1156 4998 eiuniuo
1179 4950 1386 4995 certam
1405 4979 1421 5005 ,
1457 4938 1744 4996 admodum
1769 4939 2117 5008 verisimilem

531 5030 1093 5089 cnmmonstravimus.

603 5124 790 5179 Concio
819 5125 872 5178 in
900 5122 1244 5194 Epiphaniam
1266 5133 1312 5179 et
1337 5124 1474 5180 alim.
1497 5125 1644 5180 —ln
1672 5123 1759 5180 die
1789 5137 1965 5182 autem
1994 5124 2120 5194 Epi-

533 5216 744 5287 phania:
773 5215 1013 5286 sequenti
1047 5214 1215 5287 (Anno
1240 5217 1389 5286 587),
1426 5226 1486 5272 ut
1516 5217 1735 5271 oniniuo
1773 5217 2121 5286 probabiliter

533 5308 887 5370 existimatur,
919 5304 988 5361 de
1010 5305 1282 5376 Baptismo
1323 5315 1378 5360 et
1418 5306 1710 5377 Epiphania
1748 5305 1946 5362 Christi
1990 5321 2121 5361 con-

535 5396 743 5451 cionem
771 5394 956 5450 habuit
985 5392 1070 5466 (T.
1097 5394 1154 5450 2.
1175 5411 1222 5449 c.
1255 5393 1384 5463 565)
1409 5393 1530 5448 :ubi
1558 5405 1838 5464 postquam
1867 5396 2118 5466 populum

539 5485 605 5539 ad
633 5486 923 5542 Ecclesiam
949 5485 1383 5556 frequentandam
1416 5486 1660 5541 hortatus
1687 5496 1789 5553 est,
1821 5488 1890 5542 do
1917 5487 2116 5556 duplici

539 5574 831 5643 epiphania
859 5579 999 5645 agit;
1030 5577 1098 5632 de
1127 5576 1217 5631 illa
1254 5590 1451 5646 nempe
1475 5591 1577 5645 qua
1621 5579 1790 5646 magis
1816 5595 1881 5633 ex
1911 5579 2119 5633 oriente

539 5665 875 5720 venientibus
917 5669 1182 5735 apparuit,
1222 5668 1396 5738 deque
1432 5676 1724 5736 postrema,
1767 5684 1868 5737 qua
1910 5670 1962 5723 in
1988 5682 2120 5722 con-

537 5756 897 5814 summatione
915 5759 1094 5810 sa‘culi
1123 5775 1241 5814 cum
1272 5758 1440 5832 gloria
1474 5767 1529 5814 et
1557 5759 1840 5828 splendore
1868 5770 2120 5815 venturus

1877 6398 2124 6406 vn...-__¥
2144 6401 2170 6404 .-

1549 344 1603 399 8.
1645 339 1922 397 JOANNIS
1956 336 2426 393 CIIRYSOSTOMX
2470 339 2648 406 VITA,

3674 338 3772 395 ita

2179 464 2282 510 est.
2324 455 2632 508 Miracnlum
2677 453 2871 509 deinde
2913 454 3056 508 circa
3095 467 3285 524 aquam
3311 452 3564 524 baptismi
3604 468 3773 508 ermo-

2180 547 2305 610 tiat;
2353 561 2476 600 nam
2521 560 2641 599 cum
2690 558 2877 598 versus
2921 543 3153 600 mediam
3197 554 3432 608 noctem,
3471 561 3593 616 qua:
3625 547 3767 600 diem

2182 636 2495 707 Epiphania:
2523 635 2892 706 pra-cedebat,
2921 635 3115 706 singuli
3146 635 3214 694 de
3243 651 3378 706 aqua
3409 636 3497 692 illa
3525 637 3772 706 baptismi

2179 728 2364 784 latices
2406 743 2585 782 secum
2613 735 2980 797 asportarent,
3012 741 3148 796 aqua
3189 726 3274 780 illa
3314 741 3420 782 non
3462 742 3777 793 corrumpe-

2181 818 2357 884 batur,
2384 816 2478 872 sed
2509 817 2716 886 integro
2745 831 2888 870 anno
2909 857 2925 882 ,
2959 817 3087 886 quin
3115 825 3170 870 et
3203 817 3420 871 biennio
3455 827 3511 870 et
3542 819 3776 881 triennio

2181 911 2487 980 incorrupta
2515 911 2782 965 manebat.
2807 910 2975 965 Docet
2997 909 3191 966 deinde
3211 909 3336 980 quid
3357 910 3566 965 intersit
3585 910 3776 968 diserir

2181 1001 2342 1056 minis
2367 1001 2506 1056 inter
2537 1001 2799 1070 baptisma
2823 1000 3129 1056 Iudaeorum
3151 1042 3166 1066 ,
3192 1001 3454 1069 baptisma
3474 1001 3699 1055 Joannis
3723 1013 3774 1061 et

2183 1093 2444 1162 baptisma
2493 1091 2711 1147 Christi.
2758 1091 2894 1148 Hinc
2940 1092 3170 1160 explicat
3213 1091 3483 1162 quomodo
3529 1091 3777 1147 Christus

2185 1184 2486 1257 impleverit
2518 1199 2732 1240 omnem
2759 1183 3057 1253 justitiam;
3083 1183 3296 1245 denum
3329 1183 3574 1238 hortatur
3605 1199 3775 1254 pepu-

2184 1275 2317 1339 lum,
2346 1285 2404 1330 ut
2427 1289 2617 1346 magna
2646 1289 2767 1329 cum
2798 1275 3096 1330 reverentia
3125 1273 3190 1330 ad
3220 1274 3491 1329 tremenda
3523 1275 3776 1346 mysteria

2185 1367 2425 1430 accedat,

2257 1460 2584 1517 Concionem
2627 1459 2695 1516 de
2740 1459 3012 1531 Baptismo
3051 1459 3247 1516 Christi
3291 1461 3369 1517 sic
3407 1476 3562 1516 orsus
3610 1461 3779 1526 fuerat

2185 1549 2600 1620 Chrysostomus
2632 1567 2644 1603 :
2681 1548 2867 1605 Omnes
2894 1567 2980 1605 ros
2999 1551 3050 1604 in
3076 1550 3250 1606 hetitia
3275 1553 3445 1615 hodie,
3476 1569 3567 1622 ego
3593 1569 3710 1607 vero
3733 1555 3779 1614 ῑη

2188 1657 2401 1695 πρωί-ονε
2427 1658 2539 1694 sum
2564 1641 2724 1696 solus.
2753 1639 2892 1696 Nam
2919 1658 3034 1696 cum
3059 1643 3113 1696 in
3150 1643 3245 1697 hoc
3281 1645 3546 1716 spirituale
3574 1647 3780 1715 pelagus

2189 1731 2363 1785 oculos
2408 1748 2544 1786 meos
2587 1742 2819 1786 converto
2840 1773 2855 1795 ,
2901 1743 2947 1786 et
2993 1733 3261 1788 immensas
3305 1733 3549 1789 Ecclesia!
3585 1737 3781 1790 divitias

2190 1823 2529 1892 complector;
2556 1840 2616 1876 ac
2645 1823 2824 1877 deinde
2845 1824 3101 1895 perpendo
3138 1828 3280 1896 fore,
3320 1835 3373 1879 ut
3408 1843 3523 1879 cum
3565 1828 3781 1895 primunt

2191 1913 2485 1968 solemnitas
2513 1915 2610 1968 ista
2637 1916 2956 1986 praeterierit,
2982 1916 3246 1971 multitudo
3267 1934 3444 1974 rursus
3463 1917 3564 1971 ista
3593 1920 3782 1972 resiliat

2191 2018 2254 2057 ac
2282 2004 2506 2058 discedat
2533 2021 2552 2058 :
2581 2006 2781 2059 crucior
2805 2014 2854 2059 et
2883 2007 3040 2060 animi
3069 2006 3243 2061 dolore
3276 2023 3455 2078 angor,
3483 2009 3640 2076 quod,
3673 2027 3782 2061 cum

2195 2103 2298 2149 tam
2325 2097 2512 2150 nmltos
2543 2097 2724 2152 liberos
2745 2098 2993 2168 pepererit
3022 2097 3268 2164 Ecclesia,
3292 2116 3394 2153 non
3419 2098 3525 2153 illis
3544 2100 3717 2154 itidem
3734 2101 3782 2158 in

2195 2187 2409 2259 singulis
2438 2189 2660 2243 collectis
2683 2231 2698 2254 ,
2745 2191 2833 2244 sed
2861 2191 2913 2243 in
2941 2191 3080 2260 festis
3105 2192 3421 2246 solummodo
3461 2194 3567 2262 frui
3608 2195 3780 2264 posit.

2195 2276 2347 2344 Quod
2378 2293 2538 2347 porro
2559 2278 2829 2334 metuebat
2849 2280 2937 2335 ille
2960 2280 3048 2336 die
3074 2283 3314 2352 sequenti
3344 2285 3570 2353 septima
3593 2284 3785 2340 Jal'lllﬂ?

2197 2369 2262 2424 rii
2292 2369 2490 2424 accidit
2518 2369 2690 2439 (Anno
2711 2371 2862 2442 587).
2886 2370 3020 2428 Cum
3050 2373 3191 2427 enim
3221 2372 3290 2430 de
3317 2375 3374 2426 S.
3407 2374 3642 2428 Lueiano
3662 2391 3786 2429 conv

2197 2461 2406 2516 cionem
2435 2459 2653 2518 haberet
2686 2459 2770 2536 (T.
2800 2461 2858 2516 2.
2887 2478 2934 2515 c.
2967 2463 3124 2533 519),
3148 2464 3258 2534 jam
3289 2480 3394 2519 non
3423 2465 3564 2519 illam
3600 2466 3778 2538 populi

2199 2551 2554 2622 frequentiam
2577 2552 2768 2608 adesse
2786 2553 2940 2620 vidit,
2955 2553 3050 2608 sed
3074 2553 3229 2624 longe
3251 2556 3478 2611 rariores
3497 2557 3781 2625 auditores;

2144 2716 2150 2721 _
2199 2645 2547 2716 quamobrem
2574 2645 2652 2700 sic
2682 2645 2770 2700 ille
2799 2645 3005 2703 orditur
3034 2663 3048 2701 :
3079 2645 3230 2712 Quod
3255 2646 3487 2700 hesterno
3526 2647 3608 2700 die.
3632 2648 3782 2717 perti-

2200 2736 2479 2792 mescebam
2520 2737 2710 2804 evenit,
2739 2745 2787 2791 et
2825 2736 2894 2790 ad
2935 2733 3171 2804 eﬂ’ectum
3202 2739 3316 2808 jam
3355 2737 3654 2804 perductum
3684 2749 3786 2805 est;

2203 2844 2383 2897 nempe
2406 2827 2491 2880 ubi
2519 2827 2701 2897 festum
2726 2828 2988 2898 praeteriit,
3010 2827 3164 2880 simul
3181 2828 3330 2880 etiam
3352 2829 3624 2880 multitudo
3649 2831 3788 2882 nobis

2203 2919 2472 2984 abscessit,
2520 2919 2785 2989 minorque
2821 2920 2964 2972 nobis
2993 2928 3147 2972 cretus
3182 2918 3350 2988 factus
3384 2928 3475 2974 est.
3506 2919 3643 2974 Hinc
3674 2921 3786 2974 luce

2204 3011 2401 3066 clarius
2430 3011 2839 3066 commonstrari
2877 3010 3088 3065 videtur
3117 3010 3256 3066 hanc
3279 3009 3334 3066 S.
3359 3011 3575 3066 Luciani
3625 3028 3785 3082 pane-

2204 3105 2356 3178 gyrin
2388 3105 2780 3174 pronuntiatam
2810 3102 2973 3158 fuisse
2989 3103 3078 3159 die
3103 3102 3449 3172 Epiphaniam
3478 3105 3788 3173 insequente

2207 3207 2264 3254 et
2290 3195 2479 3252 eodem
2507 3212 2646 3250 anno
2667 3195 2792 3250 587.
2817 3194 3080 3250 Lucianus
3105 3203 3280 3250 autem
3303 3195 3585 3267 presbyter
3607 3197 3790 3250 Antio—

2207 3287 2450 3350 chenus,
2500 3288 2672 3357 inquit
2706 3285 3150 3358 Chrysosmmus,
3199 3285 3336 3341 fame
3377 3296 3432 3342 et
3473 3287 3791 3344 cruciatibus

2209 3380 2395 3437 multis
2423 3379 2623 3435 Christi
2648 3394 2844 3434 nomen
2875 3379 3106 3449 gloriose
3128 3377 3403 3433 confessus
3436 3389 3537 3433 est.
3567 3378 3621 3433 Id
3653 3380 3790 3433 accil-

2209 3474 2288 3528 dit
2313 3489 2454 3528 anno
2481 3473 2615 3540 511,
2649 3472 2733 3526 vel
2775 3471 2911 3538 διε,
2955 3472 3006 3524 in
3046 3473 3459 3540 persequutione
3503 3469 3788 3524 Maximini.

2209 3565 2642 3638 Martyrologium
2673 3565 2972 3620 Romanum
3003 3563 3069 3618 ad
3098 3561 3238 3616 diem
3279 3563 3311 3617 7
3346 3560 3581 3616 Januarii
3607 3561 3665 3616 S.
3694 3560 3793 3615 ιιι·

2212 3659 2351 3714 ciani
2379 3657 2696 3729 martyrium
2723 3656 3022 3711 annuntiat.
3049 3655 3204 3708 llunc
3227 3654 3409 3709 Ariani
3437 3668 3650 3708 suarum
3680 3669 3794 3724 par.-

2213 3751 2344 3808 tium
2372 3747 2533 3809 fuisse
2560 3747 2971 3810 mentiebantur,
2999 3747 3250 3815 quoniam
3281 3761 3349 3801 ex
3374 3745 3650 3815 discipulis
3682 3746 3792 3817 ejus

2214 3841 2430 3912 quidam
2474 3854 2534 3895 se
2580 3839 2632 3894 in
2678 3839 2994 3893 Arianorum
3043 3845 3218 3892 castra
3267 3837 3654 3905 coniecerant:
3694 3839 3796 3895 imo

2216 3933 2332 4003 ipse
2375 3931 2534 3987 Arius
2580 3935 2815 4002 itemque
2863 3929 3127 3984 Eusebius
3164 3928 3616 3997 Nicomediensis,
3658 3930 3797 3984 illius

2217 4033 2380 4082 sectati
2405 4024 2780 4095 primipilarcs.
2806 4022 3024 4077 Luciani
3053 4021 3300 4091 discipuli
3333 4021 3538 4076 fuerant
3557 4063 3571 4087 ,
3601 4032 3658 4078 et
3685 4036 3798 4075 sese

2215 4114 2625 4172 Collucianistas
2643 4113 2924 4173 vocabant.
2956 4111 3148 4166 Verum
3175 4111 3247 4176 illi
3269 4126 3299 4170 a
3319 4111 3534 4177 Luciani
3561 4111 3798 4165 doctrina

2219 4216 2274 4263 et
2305 4223 2332 4260 τι
2364 4206 2624 4261 catholica
2663 4205 2768 4261 ﬁde
2809 4205 3164 4261 desciverant.
3199 4204 3307 4258 Hac
3336 4204 3401 4259 de
3429 4219 3488 4259 re
3516 4219 3648 4259 vero
3677 4204 3800 4258 nihil

2221 4299 2273 4352 in
2305 4297 2676 4370 Chrysostomi
2707 4295 2961 4367 panegyri
2991 4295 3049 4350 S.
3072 4295 3289 4350 Luciani
3331 4294 3516 4349 fertur.

2295 4391 2408 4445 lloc
2450 4389 2668 4443 ineunte
2697 4403 2839 4442 anno
2869 4388 2972 4442 357
2999 4388 3348 4442 concionatus
3389 4397 3471 4440 est
3507 4385 3565 4442 S.
3596 4386 3800 4441 doctor.

2221 4483 2299 4537 Ex
2347 4481 2578 4536 homiliis
2623 4495 2780 4549 porro
2829 4480 2964 4545 illis,
2995 4493 3128 4548 quas
3165 4487 3293 4538 ante
3334 4477 3801 4550 Quadragesintam

2222 4573 2461 4644 ejusdem
2489 4572 2612 4626 anni
2636 4571 2702 4626 ad
2726 4571 2977 4641 pOpulum
3006 4570 3210 4636 habuit,
3234 4569 3376 4623 illam
3400 4569 3670 4639 ponimus,
3693 4586 3806 4640 qum.

2225 4667 2292 4721 de
2318 4664 2735 4725 Resurreetione
2771 4671 3103 4718 mortuorum
3134 4661 3460 4725 inscribitur,
3509 4662 3627 4730 ipso
3672 4662 3807 4715 indi-

2224 4765 2380 4812 cante
2408 4755 2560 4810 nobis
2585 4754 2967 4825 Chrysostomo
2989 4796 3004 4820 ,
3037 4753 3126 4824 qui
3148 4753 3381 4807 siciliam
3403 4752 3611 4806 orditur
3644 4753 3733 4820 (T.
3753 4753 3805 4806 2.

2237 4859 2284 4898 c.
2311 4845 2414 4912 417
2451 4865 2465 4900 :
2498 4845 2578 4900 De
2605 4847 2724 4916 ﬁdet
2747 4856 2932 4900 nostra!
2951 4844 3289 4916 dogmatibus,
3316 4845 3473 4914 deque
3490 4844 3658 4916 gloria
3687 4843 3809 4899 Uni-

2225 4937 2382 5010 geniti
2407 4935 2534 4998 Filii
2562 4935 2662 4992 Dei
2690 4947 2807 4992 ante
2839 4938 2979 5007 apud
3019 4953 3104 4991 vos
3138 4937 3494 5002 disseruimus,
3523 4936 3811 4989 obturantes

2225 5045 2399 5083 eorum
2424 5045 2535 5093 ora,
2562 5029 2648 5098 qui
2677 5029 2891 5099 gloriam
2918 5028 2997 5085 illi
3023 5027 3312 5094 detrahunt,
3345 5037 3390 5080 et
3414 5044 3448 5080 a
3467 5025 3704 5080 Genitore
3725 5042 3811 5079 suo

2227 5121 2450 5174 alienum
2475 5121 2674 5175 dicunt.
2707 5121 3004 5176 Couciones
3025 5134 3153 5174 vero
3178 5127 3362 5173 contra
3387 5119 3705 5182 Anommos,
3728 5118 3813 5185 qui

2229 5214 2447 5286 gloriam
2476 5212 2741 5282 Unigeuiti
2774 5211 3094 5267 labefactare
3137 5210 3424 5274 curabant,
3457 5209 3548 5263 hic
3575 5223 3813 5262 comme-

2229 5317 2423 5370 morat,
2449 5321 2583 5374 quas
2611 5305 2826 5359 ineunte
2855 5319 2998 5358 anno
3019 5305 3120 5359 587
3147 5302 3400 5366 absolvit,
3429 5309 3485 5353 ut
3526 5300 3579 5352 in
3618 5297 3817 5357 Monito

2229 5396 2294 5449 ad
2323 5396 2539 5453 easdem
2571 5395 2932 5466 probavimus.
2961 5394 3097 5450 Hinc
3117 5407 3242 5449 vero
3266 5392 3505 5462 arguitur
3526 5389 3668 5442 hanc
3688 5402 3814 5442 con-

2227 5487 2435 5542 cionem
2463 5487 2564 5542 sub
2590 5486 2794 5542 initium
2834 5487 2958 5541 anni
2998 5486 3101 5542 387
3132 5484 3364 5540 Iarbitam
3390 5481 3583 5547 luisse,
3612 5488 3671 5534 (ιι
3700 5477 3818 5550 ιιιή-

2231 5577 2351 5633 dem
2380 5587 2503 5633 ante
2525 5577 3023 5650 Quadragesimam,
3052 5591 3211 5650 quam
3243 5583 3406 5628 totam
3438 5574 3489 5628 in
3520 5570 3818 5642 deploran-

2230 5669 2313 5722 dis
2338 5670 2788 5724 Antiocnennrum
2813 5677 2934 5738 post
2961 5681 3178 5722 eversas
3205 5673 3408 5727 statuas
3427 5659 3816 5719 calamitatibus

2233 5765 2582 5833 consumpsit.
