3948 6414
60 370 65 373 “
129 360 210 417 ιη
306 386 317 395 ·
1298 354 1485 414 Νι]Νο
1520 354 1787 414 PRIMUM
1828 356 2223 416 ADORNATA.

177 473 410 543 llujusre
453 485 621 543 porro
662 470 937 533 roncionis
973 479 1345 541 argumentum
1389 471 1443 526 in
1480 471 1702 527 exordio

123 563 287 625 statuit
308 563 367 621 S.
390 563 613 623 Doctor.
632 561 825 634 Agitur
839 562 906 617 de
923 561 1319 621 resurrectione
1342 572 1696 625 mortuorum,

121 656 256 726 cujus
298 654 582 710 veritatem
632 653 829 724 passim
872 652 1065 713 asserit
1100 670 1113 707 :
1150 659 1481 709 mortuorum
1523 662 1701 707 autem

122 748 570 809 resurrectionem
598 747 862 804 innumeri
883 745 1147 824 negabant
1169 745 1537 820 Chrysostomi
1564 762 1700 802 aevo.

115 840 453 910 Prosequitur
495 846 682 908 postea
728 837 796 894 de
839 838 1164 897 instituenda
1205 837 1501 896 secundum
1530 840 1700 897 Deum

113 933 237 997 vita,
267 931 339 987 de
360 930 646 997 adeundis,
672 945 935 1002 perpensa
964 931 1165 1001 priamii
1195 930 1590 1002 magnitudine,
1620 932 1701 989 la-

111 1023 327 1081 boribus
366 1039 381 1079 :
427 1022 740 1081 nonnullam
794 1021 1055 1080 bonorum
1107 1037 1332 1093 Operum
1398 1022 1705 1080 mercedem

107 1115 266 1170 etiam
295 1114 352 1170 in
375 1113 475 1171 hac
497 1114 599 1168 vita
626 1113 808 1180 tribui,
832 1111 978 1168 Pauli
1001 1114 1257 1185 exemplo
1285 1112 1558 1183 probatur.

172 1202 322 1261 Inter
348 1219 433 1269 ea,
460 1219 583 1276 qtae
604 1203 828 1260 Joannis
864 1202 1236 1276 Chrysostomi
1268 1214 1514 1275 tempore
1561 1205 1703 1261 acci-

106 1297 303 1354 derunt
325 1337 342 1360 ,
372 1295 505 1351 nihil
536 1294 938 1353 memorabilius
964 1295 1052 1352 illa
1075 1293 1532 1353 Antiochenorum
1564 1294 1707 1352 sedi.

104 1389 271 1453 tione,
300 1402 408 1459 qua
436 1387 660 1457 deiectis
681 1387 968 1447 Theodosii
990 1386 1335 1458 Imperatoris
1358 1398 1414 1445 et
1438 1387 1706 1447 Flaccilla!

100 1480 221 1550 eius
268 1480 456 1535 uxoris
488 1477 723 1546 'statuis,
769 1479 1065 1552 iisdemque
1108 1495 1205 1550 per
1244 1480 1432 1537 urbem
1460 1481 1702 1551 raptatis,

101 1571 472 1628 Theodosium
499 1572 568 1626 ita
594 1580 999 1642 eanperarunt,
1033 1579 1092 1627 ut
1111 1571 1181 1627 de
1203 1571 1337 1627 urbe
1358 1570 1587 1629 delenda
1614 1585 1706 1626 eo.

101 1663 372 1733 gitaverit.
416 1662 545 1718 llaec
586 1661 682 1718 fuit
723 1661 1112 1734 Chrysostomo
1152 1672 1342 1719 nostro
1383 1662 1450 1717 ad
1487 1661 1705 1717 concio-

102 1754 266 1810 nandi
296 1754 608 1810 facultatem
638 1754 995 1811 exercendam
1025 1754 1200 1826 ampla
1228 1755 1500 1810 materies.
1525 1754 1706 1810 Antio

101 1845 295 1901 ahenis
341 1844 539 1915 quippe
582 1844 724 1900 inter
762 1858 913 1916 spem
953 1853 1009 1901 et
1045 1854 1246 1903 metum
1288 1843 1702 1910 ﬂuctuantibus,

102 1936 230 1992 dum
243 1937 511 2009 repentini
526 1952 684 1994 casus
704 1952 895 1993 novam
918 1938 1449 2010 inexspectatamque
1467 1936 1706 2008 quotidie

107 2028 192 2083 vel
231 2028 489 2098 sperandi
519 2028 604 2083 vel
637 2027 861 2083 timendi
889 2042 1109 2087 causam
1137 2026 1396 2083 oﬂ’erreut
1416 2068 1434 2093 ,
1463 2026 1702 2097 impara-

108 2128 190 2175 tus
217 2118 336 2175 fere
357 2133 579 2189 semper
602 2118 1038 2191 Chrysostomus,
1064 2128 1227 2189 prout
1246 2132 1335 2174 res
1360 2131 1488 2174 sese
1506 2116 1709 2175 dabant

106 2210 305 2282 stylum
336 2219 550 2266 vertere
577 2218 817 2278 coactus,
844 2224 989 2282 saepe
1015 2225 1081 2267 cx
1109 2218 1372 2280 tempore,
1396 2209 1515 2271 illas
1537 2208 1708 2266 admi-

107 2301 317 2357 ratione
343 2300 534 2372 dignas
576 2302 867 2357 conciones
912 2301 1290 2371 pronuntiabat
1322 2305 1343 2372 ί
1373 2298 1616 2357 Humilia
1638 2301 1709 2354 ad

107 2391 483 2459 Antiocheam,
533 2400 573 2446 ι.
618 2391 674 2449 2.
731 2392 947 2465 initio);
998 2391 1161 2448 modo
1200 2400 1262 2447 ut
1304 2391 1359 2447 in
1402 2390 1709 2449 calamitate

106 2490 416 2537 versantem
465 2482 720 2553 populum
771 2482 1159 2547 consolaretur,
1208 2480 1371 2537 modo
1410 2488 1474 2536 ut
1511 2480 1709 2536 fractos

106 2575 331 2646 periculi
372 2574 738 2647 magnitudine
765 2576 973 2631 animos
999 2575 1347 2631 conﬁrmaret
1373 2592 1387 2630 :
1410 2582 1521 2631 tum
1565 2589 1708 2642 prtu-

105 2667 263 2737 cipue
294 2673 356 2721 ut
377 2665 667 2723 occasione
701 2666 1096 2725 imminentium
1121 2666 1386 2725 malorum
1413 2663 1707 2722 Antioche-

106 2776 206 2816 nos
266 2759 340 2815 ad
400 2758 529 2817 vitia
575 2759 893 2832 corrigenda
935 2768 992 2815 et
1040 2774 1221 2814 mores
1268 2754 1667 2828 componendus
1689 2797 1706 2823 ,

105 2852 447 2923 eluendaque
485 2853 689 2909 scelera
708 2894 726 2920 ,
771 2868 895 2922 qum
922 2861 1124 2907 tantam
1155 2851 1248 2906 Dei
1274 2850 1414 2907 iram
1442 2850 1708 2906 accende-

110 2954 249 3013 rant,
275 2945 605 3001 monitorum
631 2944 929 3015 frequentia
953 2943 1246 3001 deduceret
1271 2962 1284 3000 :
1312 2943 1404 3015 qui
1430 2954 1578 2999 certe
1609 2957 1708 2997 co-

114 3047 264 3092 natos
287 3037 677 3110 Chrysostomo
704 3037 870 3094 cessit
907 3053 976 3093 ex
1004 3045 1132 3093 voto
1150 3078 1166 3105 ,
1195 3044 1254 3093 ut
1288 3037 1380 3092 ille
1405 3035 1600 3092 alicubi
1631 3033 1710 3093 fa-

116 3137 273 3183 tetur.

179 3221 513 3278 Antiocheam
543 3221 807 3276 seditionis
835 3221 1070 3277 historia.
1095 3251 1169 3263 --
1192 3220 1380 3276 Tantm
1406 3235 1534 3277 vero
1561 3219 1707 3285 sodi-

110 3313 272 3367 tionis
307 3327 470 3368 causa
498 3312 626 3380 fuit,
659 3321 795 3369 teste
839 3312 1058 3368 Zosimo
1082 3311 1310 3386 (Zosim.
1340 3313 1380 3367 ι.
1411 3314 1476 3383 4)
1499 3353 1516 3380 ,
1545 3312 1713 3369 nimia

114 3406 439 3461 tributorum
466 3447 483 3470 ,
528 3421 648 3477 qum
688 3406 925 3477 quotidie
954 3406 1393 3476 excogitabantur
1414 3447 1430 3469 ,
1459 3406 1707 3470 exactio,

113 3500 226 3553 sive
252 3512 352 3568 pro
376 3497 693 3555 celebritate
735 3499 907 3570 quinti
931 3499 1049 3555 initi
1091 3498 1161 3554 ab
1203 3494 1434 3553 Arcadio
1468 3498 1595 3552 anni
1643 3512 1710 3552 ex

114 3605 224 3662 quo
272 3590 548 3662 Augustus
572 3592 946 3662 promulgatus
997 3591 1208 3657 fuerat,
1239 3600 1294 3647 et
1340 3590 1535 3649 decimi
1586 3590 1713 3645 anui

114 3681 407 3739 Theodosii
437 3681 807 3753 Imperatoris,
831 3683 921 3753 qui
950 3697 1094 3739 anno
1119 3682 1219 3739 581
1253 3682 1572 3753 incipiebat,
1600 3681 1715 3737 sive

113 3788 216 3843 pro
241 3784 501 3844 apparatu
530 3774 658 3831 belli
681 3783 867 3831 contra
916 3774 1204 3836 Maximum
1233 3784 1559 3847 tyrannum,
1599 3774 1716 3829 sive

115 3878 218 3937 pro
242 3863 367 3920 aliis
393 3864 618 3936 publicis
662 3865 1092 3921 necessitatibus.
1126 3865 1333 3921 Tributi
1377 3879 1546 3921 onere
1595 3879 1717 3935 per-

110 3954 251 4010 culsi
279 3955 599 4013 Antiocheni
637 3957 783 4012 cives
816 3955 1134 4014 Praefectum
1179 3956 1414 4024 adeunt,
1446 3957 1482 4013 ii
1511 3956 1718 4015 scilicet

110 4046 207 4117 qui
233 4045 538 4102 urbanioris
578 4055 721 4103 nottn
745 4056 898 4103 erant
923 4066 938 4112 ;
969 4058 1025 4102 et
1062 4047 1418 4119 lacrymantes
1443 4086 1460 4112 ,
1489 4046 1717 4118 vectigal

109 4136 379 4194 indictum
405 4138 628 4193 nimium
653 4146 969 4209 queruntur,
998 4139 1201 4210 Deique
1228 4153 1384 4209 opem
1412 4138 1714 4207 implorant.

113 4229 329 4286 Deinde
358 4244 492 4291 vero
516 4230 1065 4288 circumforaneorum
1095 4241 1149 4287 et
1184 4237 1493 4286 exterarum
1546 4229 1719 4285 humi.

110 4337 248 4377 num
277 4337 350 4378 ex
391 4321 575 4378 infima
618 4322 775 4394 plebe
833 4323 987 4379 turba
1013 4363 1030 4389 ,
1061 4323 1347 4378 commotis
1383 4321 1580 4379 animis
1603 4362 1620 4390 ,
1662 4323 1718 4379 in

109 4413 363 4469 facinora
404 4422 714 4486 erumpunt.
743 4413 924 4470 Primo
963 4416 1015 4471 in
1071 4413 1289 4486 publico
1319 4414 1514 4475 balneo
1538 4414 1718 4470 munia

110 4504 391 4575 Susdeque
438 4513 685 4576 ponunt:
734 4504 858 4562 hinc
901 4505 1144 4563 Praefecti
1213 4507 1432 4564 domum
1479 4506 1717 4576 adeunt,

111 4595 396 4651 cancellos
435 4596 734 4667 januasqne
763 4596 1050 4662 invadunt;
1074 4597 1270 4666 vixque
1310 4598 1571 4665 coerciti,
1615 4599 1721 4654 alio

110 4688 362 4749 furorem
394 4698 731 4751 convertunt.
762 4689 1109 4761 depictasque
1132 4689 1516 4762 [inpensarum
1548 4690 1721 4746 tabel-

113 4781 198 4836 las
229 4781 500 4852 lapidibus
524 4782 790 4854 impetum
809 4824 826 4851 ,
859 4783 1061 4840 findant
1082 4790 1136 4839 et
1160 4783 1483 4845 labefactant
1506 4803 1522 4840 :
1546 4784 1722 4855 ipsos-

113 4886 227 4942 que
247 4874 830 4944 Augustosmaledictis
855 4885 910 4932 et
931 4875 1188 4932 conviciis
1215 4885 1481 4932 onerant:
1505 4876 1723 4935 demum

116 4965 475 5038 Imperatoris
524 4966 817 5027 Theodosii
860 4968 1235 5040 Flaccillazque
1260 4968 1378 5038 ejus
1405 4969 1587 5025 uxoris
1611 4971 1721 5040 jam

113 5059 398 5116 defuncta!
419 5070 621 5118 statuas
634 5061 914 5132 deiiciuut,
939 5070 993 5118 et
1019 5076 1117 5133 per
1144 5061 1292 5117 vicos
1318 5062 1464 5117 urbis
1486 5072 1721 5133 raptant.

114 5152 355 5223 Jamque
391 5152 549 5222 ‘plura
603 5153 805 5211 inferre
854 5154 1052 5210 damna
1100 5162 1420 5224 eruperant,
1456 5168 1578 5208 cum
1625 5155 1727 5209 int-

114 5248 291 5302 missa
323 5262 355 5300 a
390 5247 651 5304 Przefecto
678 5248 1074 5318 sagittariorum
1107 5262 1266 5303 manu
1287 5289 1301 5313 ,
1326 5246 1537 5317 depulsi
1575 5256 1720 5303 sunt.

113 5339 214 5395 Sic
238 5340 507 5396 exstincta
546 5341 832 5409 seditione,
866 5341 1035 5397 furori
1064 5341 1224 5396 timor
1242 5339 1534 5406 successit;
1563 5348 1725 5411 atque

114 5430 460 5487 imminentis
488 5447 664 5505 pruna:
693 5432 1025 5503 exspectatio
1058 5432 1271 5487 onerosi
1298 5430 1530 5502 impositi
1559 5430 1723 5485 vecti-

114 5524 260 5594 galis
290 5523 620 5580 oblivionem
677 5524 904 5579 induxit.
943 5523 1083 5590 Quid
1128 5522 1254 5579 hinc
1296 5523 1368 5578 sit
1415 5534 1722 5591 consequu-

115 5627 232 5671 tum
251 5658 267 5681 ,
294 5614 434 5671 infra
456 5616 762 5671 narrabitur
789 5615 843 5671 in
874 5616 1189 5672 recensione
1209 5615 1584 5679 homiliarum;
1612 5614 1722 5684 iam

112 5708 183 5764 de
209 5721 361 5763 anno
392 5707 677 5765 seditionis
698 5747 715 5775 ,
741 5723 847 5779 quo
899 5707 985 5763 h:c
1019 5716 1145 5763 sunt
1199 5707 1392 5764 habitae
1441 5705 1674 5761 humilia:
1699 5746 1716 5774 ,

113 5800 314 5872 aliquid
341 5799 652 5860 dicendum.

3299 376 3400 439 Ηᾶ

1886 472 2042 567 Missa
2071 472 2394 530 Theodoreti
2424 485 2479 533 et
2511 478 2789 539 Sozomeni
2819 488 3122 546 narratione
3141 531 3157 557 ,
3199 507 3267 550 ex
3295 510 3399 567 qua

1812 574 1934 633 post
1959 565 2156 622 bellant
2179 576 2365 624 contra
2391 571 2678 628 Maximum
2702 578 2897 635 seditio
2925 581 3071 638 istmc
3096 592 3152 640 et
3176 565 3398 645 concio-

1812 671 1956 711 nesa
1993 656 2379 730 Chrysostomo
2408 660 2603 719 habita:
2630 664 2866 726 locanda:
2915 683 3096 729 essent
3116 716 3133 741 ,
3163 692 3230 734 ex
3260 681 3401 739 notis

1813 741 2070 811 temporis
2087 741 2254 816 longe
2278 746 2600 805 certioribus
2625 759 2752 809 ante
2794 752 2990 810 bellum
3018 768 3202 814 contra
3228 761 3399 819 Maxi-

1814 850 1959 889 mum
2013 834 2130 892 haec
2156 837 2419 896 accidisse
2464 841 2579 911 iam
2623 844 2916 914 probarunt
2963 850 3063 907 viri
3119 851 3260 908 docti
3282 896 3300 920 ,
3346 864 3398 913 et

1813 928 2051 997 pluribus
2074 931 2309 988 asseruit
2354 932 2722 993 Tillemontius
2748 939 2802 999 in
2848 949 2974 996 nota
3020 941 3090 996 27
3128 945 3195 1000 ad
3225 946 3396 1003 Vitam

1811 1018 2098 1079 Theodosii
2140 1021 2502 1094 Imperatoris.
2537 1026 2931 1087 Validissimum
2962 1047 3120 1102 porro
3142 1035 3394 1094 adversus

1813 1109 1957 1164 illam
2010 1112 2241 1180 priorem
2283 1116 2603 1177 sententiam
2653 1122 2864 1180 eruitur
2904 1135 3275 1194 argumentum
3333 1144 3399 1185 ex

1812 1200 1942 1271 ipsis
1971 1200 2341 1275 Chrysostomi
2371 1207 2551 1266 verbis
2578 1226 2593 1263 :
2626 1225 2749 1266 nam
2780 1211 3007 1269 llonnlia
3052 1215 3170 1271 XVI
3200 1257 3218 1284 ,
3250 1234 3399 1277 nunt.

1810 1292 1847 1352 2
1875 1333 1893 1361 ,
1923 1294 2240 1354 testiﬁcatur
2284 1297 2429 1355 hunc
2463 1314 2661 1357 annum
2692 1304 2985 1361 secundum
3013 1321 3134 1365 esse
3155 1350 3174 1375 ,
3203 1327 3271 1367 ex
3296 1326 3399 1381 quo

1812 1384 2118 1477 concinnari
2144 1398 2402 1457 cmperat.
2433 1389 2610 1461 Capit
2634 1403 2811 1448 autem
2842 1410 2963 1453 cum
3009 1399 3287 1470 presbyter
3313 1416 3402 1456 or-

1812 1475 2026 1533 dinatos
2075 1478 2209 1547 fuit,
2237 1495 2380 1537 anno
2405 1483 2625 1541 ineunte
2651 1486 2757 1544 386
2783 1505 2797 1543 :
2826 1491 3174 1558 quamobrem
3205 1493 3258 1548 in
3297 1508 3400 1547 an-

1812 1582 1938 1625 num
1984 1568 2090 1625 387
2138 1572 2254 1627 haec
2301 1574 2619 1633 conferenda
2667 1587 2813 1635 sunt.
2862 1580 3128 1637 Baronius
3178 1590 3397 1649 tamen,

1810 1654 2061 1714 Petavius
2086 1668 2141 1714 et
2186 1661 2446 1720 Ilenricus
2493 1665 2738 1723 Valesius
2789 1669 2842 1725 in
2893 1686 3091 1727 annum
3139 1673 3245 1730 388
3286 1673 3402 1729 haec

1810 1749 2138 1820 coniiciunt:
2173 1753 2400 1826 ideoque
2430 1757 2572 1814 hunc
2591 1760 2856 1815 calculum
2884 1773 3128 1833 ponunt,
3156 1766 3279 1835 quia
3310 1768 3401 1822 illo

1810 1858 1953 1901 anno
1972 1845 2262 1915 incipiebat
2289 1847 2532 1907 decimus
2562 1850 2770 1922 imperti
2816 1853 3126 1921 Theodosii,
3153 1856 3221 1912 ad
3247 1859 3403 1927 cuius

1811 1934 2176 1992 celebritatem
2205 1937 2478 1994 inductum
2509 1939 2607 1995 fuit
2651 1943 2907 1997 tributum
2938 1959 3101 2016 supra
3131 1962 3400 2002 memora-

1813 2035 1944 2081 tum.
1972 2027 2128 2095 Quod
2170 2037 2350 2086 autem
2380 2045 2445 2086 ex
2477 2030 2699 2090 Libanio
2725 2033 2948 2090 alfertur
2969 2036 3038 2091 ad
3076 2036 3219 2096 illam
3247 2047 3408 2097 tuo"

1811 2118 1932 2179 dum
1953 2121 2297 2185 sententiam,
2327 2121 2635 2179 intricatum
2657 2124 2878 2180 omnino
2903 2135 3005 2194 est,
3031 2135 3088 2183 et
3113 2128 3181 2183 ad
3203 2138 3405 2185 utram-

1812 2212 1893 2271 vis
1918 2212 2224 2282 opinionem
2254 2222 2433 2284 potest
2456 2215 2787 2287 detorqueri.
2809 2218 3105 2276 Certiorem
3136 2236 3297 2292 porro
3319 2223 3404 2279 his

1812 2304 2064 2363 omnibus
2103 2313 2284 2361 notam
2316 2306 2555 2365 eruimus
2596 2325 2665 2365 ex
2716 2324 2782 2366 eo
2810 2351 2827 2377 ,
2874 2311 3016 2381 quod
3068 2310 3404 2372 Theodosius

1814 2395 2111 2466 [inperator
2169 2398 2474 2455 certissime
2530 2401 2996 2474 Constantinopoli
3042 2404 3262 2475 degeret
3310 2424 3405 2477 per

1814 2488 2042 2545 hiemem
2058 2499 2113 2545 et
2131 2489 2603 2561 Quadragesimam
2623 2495 2745 2549 anni
2768 2495 2873 2551 387
2900 2515 2912 2550 :
2946 2511 3055 2567 quo
3078 2499 3240 2555 etiam
3261 2515 3405 2555 anno

1812 2579 2129 2641 seditionem
2150 2580 2439 2652 contigisse
2462 2592 2704 2650 oportet:
2722 2599 2845 2639 nam
2873 2595 3110 2657 tempore
3129 2590 3406 2646 seditionis

1810 2669 2270 2742 Constantinopoli
2308 2680 2425 2729 erat
2453 2690 2469 2738 ;
2497 2689 2640 2730 anno
2663 2684 2841 2731 autem
2869 2680 3111 2749 sequenti
3150 2681 3251 2734 hac
3292 2681 3405 2750 ipsa

1815 2771 2134 2834 tempestate
2198 2763 2594 2821 Thessalonicae
2664 2769 2979 2824 versabatur
3050 2770 3404 2828 Theodosius.

1813 2854 1968 2922 Quod
1988 2856 2238 2925 obiicitur
2252 2872 2384 2916 vero
2410 2872 2477 2917 ex
2493 2857 2853 2916 celebratione
2874 2862 2999 2915 anni
3014 2861 3205 2917 decimi
3234 2864 3407 2919 Theo-

1814 2948 1950 3009 dosii
1969 2990 1984 3014 ,
2010 2950 2102 3020 qui
2129 2964 2273 3007 anno
2300 2950 2407 3006 388
2428 2951 2715 3021 incipiebat
2743 2970 2758 3017 ;
2791 2952 2923 3008 illud
2943 2995 2960 3021 ,
3007 2954 3221 3025 Inquam
3255 2958 3405 3011 nihili

1814 3050 1919 3107 est,
1968 3056 2092 3097 cum
2119 3052 2325 3097 certum
2356 3042 2427 3097 sit
2468 3057 2535 3099 ex
2590 3043 2738 3098 fastis
2771 3043 2922 3099 ldatii
2969 3054 3026 3100 et
3070 3046 3407 3114 Marcellini,

1816 3133 1989 3203 ipsum
2016 3134 2140 3188 anni
2171 3133 2365 3188 decimi
2395 3133 2604 3203 imperii
2638 3135 2723 3190 sui
2742 3134 3105 3192 celebritatem
3133 3152 3238 3192 uno
3268 3152 3410 3192 anno

1818 3225 2151 3293 praevertisse
2177 3264 2196 3289 ,
2241 3232 2299 3282 ut
2339 3239 2461 3283 eum
2509 3223 2617 3282 lilio
2665 3239 2765 3283 sua
2788 3226 3018 3281 Arcadio
3046 3267 3061 3292 ,
3086 3228 3181 3297 ῳὶ
3209 3242 3407 3284 annum

1814 3317 2060 3388 quintum
2116 3317 2323 3386 imperii
2378 3331 2522 3372 anno
2567 3317 2670 3372 387
2728 3318 2923 3383 inibat,
2962 3332 3069 3374 una
3141 3318 3409 3375 decimum

1816 3424 1970 3465 Suum
2039 3410 2375 3477 celebraret,
2445 3408 2893 3481 quemadmodum
2953 3420 3009 3467 et
3066 3412 3412 3469 Maximianus

1818 3500 2140 3565 Herculius,
2195 3516 2318 3557 cum
2360 3516 2557 3557 annum
2605 3501 2869 3557 decimum
2913 3510 3159 3558 octavum
3207 3512 3410 3560 tantum

1819 3592 2027 3664 imperii
2055 3592 2136 3648 sui
2180 3601 2404 3665 ageret,
2457 3608 2560 3648 una
2588 3608 2709 3651 cum
2737 3593 3100 3660 Diocletiano,
3130 3597 3219 3667 qui
3262 3597 3406 3668 vige-

1818 3684 2014 3740 simum
2057 3684 2620 3755 agcbat,vigcsimum
2650 3693 2706 3740 et
2754 3684 2868 3754 ipse
2918 3685 3233 3742 celebrarat.
3271 3688 3412 3744 Nihil

1820 3774 1999 3846 itaque
2027 3773 2152 3830 hinc
2193 3785 2371 3845 potest
2398 3785 2585 3834 contra
2615 3776 2875 3831 calculum
2905 3785 3144 3832 nostrum
3186 3778 3368 3835 inferri
3394 3821 3410 3848 ,

1822 3876 1876 3925 ut
1907 3868 2110 3938 optime
2136 3868 2327 3939 probat
2355 3868 2748 3929 Tillemontius.

1891 3958 2075 4028 Longe
2098 3960 2310 4030 gravior
2338 3958 2622 4019 difﬁcultas
2650 3960 2846 4031 opponi
2874 3970 3058 4033 posset
3096 3977 3162 4018 ex
3211 3962 3416 4018 calculo

1822 4049 2068 4107 Paschali
2108 4051 2260 4108 istius
2304 4051 2429 4111 anni
2467 4052 2595 4118 387,
2631 4067 2737 4118 quo
2760 4051 3054 4110 secundum
3085 4053 3291 4116 tabulas
3317 4054 3420 4110 Pag-

1821 4141 2038 4200 schales
2058 4143 2262 4198 Pascha
2287 4142 2555 4198 incidebat
2574 4143 2629 4201 in
2654 4143 2795 4198 diem
2814 4142 2887 4198 ‘35
2913 4144 3139 4215 Aprilis;
3168 4153 3222 4199 et
3238 4154 3415 4202 tamen

1822 4233 2027 4295 Pascha
2047 4233 2352 4290 Judzeorum
2385 4234 2488 4289 hoc
2516 4247 2660 4289 anno
2681 4233 3069 4300 celebrabatur,
3094 4242 3229 4289 teste
3254 4233 3415 4306 Chry-

1822 4333 2062 4381 sostomo
2082 4366 2098 4394 ,
2129 4325 2331 4394 aliquot
2357 4323 2547 4380 diebus
2574 4334 2689 4394 post
2728 4322 2930 4379 Pascha
2971 4323 3414 4381 Christianorum.

1823 4416 1979 4487 Quod
2017 4431 2148 4473 vero
2192 4415 2361 4473 Judaei
2408 4423 2531 4486 post
2575 4415 2887 4487 vigesimum
2929 4416 3169 4487 quintam
3219 4416 3419 4489 Aprilis

1825 4508 2029 4565 Pascha
2067 4500 2433 4574 celchrarint,
2462 4508 2516 4563 id
2543 4509 2728 4579 utique
2769 4522 3056 4578 numquam
3100 4510 3417 4581 contingere

1825 4602 2019 4673 potuit.
2047 4600 2410 4670 Quamobrem
2435 4642 2451 4669 ,
2479 4607 2541 4656 ut
2569 4600 2811 4671 pluribus
2835 4615 2995 4670 supra
3024 4599 3290 4669 diximus,
3321 4618 3419 4657 va-

1826 4694 2072 4753 rietatem
2096 4693 2149 4748 in
2166 4693 2379 4749 calculo
2391 4692 2637 4749 Paschali
2652 4691 2950 4748 Antiochiae
2965 4707 3109 4748 anno
3132 4693 3238 4751 387
3256 4694 3423 4752 fuisse

1828 4784 2119 4855 putandum
2151 4794 2274 4840 est:
2317 4798 2439 4855 quis
2467 4783 2753 4839 varietates
2778 4794 2885 4838 tam
2929 4782 3236 4855 frequenter
3274 4794 3419 4841 acci—

1826 4875 2055 4943 derunt,
2091 4885 2151 4931 ut
2196 4874 2394 4931 ibidem
2433 4873 2695 4941 dicimus,
2721 4882 2779 4929 ut
2816 4872 2905 4930 hic
2948 4874 3110 4930 etiam
3163 4875 3421 4934 accidisse

1830 4970 2021 5023 mirum
2054 4982 2162 5023 non
2191 4967 2280 5021 sit.

1901 5061 2269 5116 Tillemontins
2312 5066 2492 5115 tamen
2544 5056 2636 5128 qui
2701 5056 3067 5113 difﬁcultatem
3115 5055 3420 5127 huiusmodi

1830 5150 1883 5204 in
1911 5151 2052 5205 notis
2075 5150 2143 5204 ad
2168 5149 2343 5205 Vitam
2382 5147 2774 5219 Chrysostomi,
2810 5148 2898 5203 ubi
2929 5149 3106 5218 agitur
3133 5146 3200 5203 de
3233 5147 3414 5201 Homi-

1832 5242 1919 5297 liis
1942 5252 2132 5297 contra
2157 5241 2395 5308 Judmos,
2432 5238 2812 5296 animadvertit
2836 5246 2891 5296 et
2925 5239 3190 5303 excussit,
3220 5237 3420 5293 nullam

1830 5335 1947 5403 ejus
2003 5334 2334 5390 mentionem
2378 5333 2505 5388 fecit
2533 5332 2586 5387 in
2627 5332 2771 5387 notis
2819 5330 2888 5387 ad
2919 5330 3096 5386 Vitam
3133 5326 3421 5384 Theodosii

1830 5424 2173 5496 imperatoris
2220 5441 2235 5479 :
2290 5424 2379 5480 ubi
2445 5422 2696 5480 humilius
2734 5422 2895 5478 hasce
2945 5417 3313 5491 Chrysostomi
3356 5417 3424 5474 ad

1833 5518 2084 5589 pupulum
2111 5517 2502 5574 Antiochenam
2532 5517 2604 5572 ita
2630 5515 2876 5583 ordinat,
2904 5529 2967 5569 ac
3003 5514 3047 5568 si
3079 5510 3282 5567 Pascha
3310 5554 3324 5578 ,
3366 5524 3421 5567 ut

1831 5612 2009 5667 ferunt
2038 5609 2324 5665 Paschales
2346 5608 2558 5675 tabulas,
2585 5605 2831 5661 inciderit
2860 5605 2911 5659 in
2927 5603 3237 5674 vigesimum
3269 5604 3425 5673 quiu-

1834 5713 1940 5760 tam
1981 5703 2198 5774 Aprilis.
2226 5703 2457 5758 Primam
2487 5701 2646 5773 igitur
2676 5697 2947 5752 homiliam
2983 5696 3141 5767 paulo
3169 5707 3294 5752 ante
3336 5712 3422 5751 sc—

1836 5795 2089 5851 ditionem
2114 5793 2252 5849 locat
2285 5812 2297 5847 :
2329 5791 2643 5848 seditionem
2685 5802 2810 5843 vero
2856 5789 3110 5861 vigesima
3142 5797 3288 5845 sexta
3320 5788 3424 5842 Far-
