3948 6410
548 380 691 437 115.

548 489 746 545 bruarii
770 529 786 552 ,
817 486 998 541 decem
1046 482 1234 539 diebus
1281 487 1405 536 ante
1438 474 1903 548 Quadragesimam
1929 516 1944 541 ,
2001 489 2121 544 quae

549 578 843 634 Antiochiae
893 573 1179 644 incipiebat
1222 571 1351 626 l‘eria
1384 567 1612 624 secunda
1659 565 2123 636 Quinquagesimze

549 676 764 732 nostrte,
785 667 875 721 illo
892 680 1032 720 anno
1056 666 1109 718 in
1126 662 1161 718 8
1186 662 1351 716 Martii
1373 659 1615 716 cadente.
1635 656 1932 713 Secundam
1951 656 2124 710 homi-

548 758 670 812 liam
697 755 779 811 vel
828 754 958 811 feria
995 754 1174 824 quinta
1203 753 1287 807 vel
1330 750 1550 806 sabbato
1593 757 1718 802 ante
1765 746 2122 815 Quadragesi-

545 864 685 904 ntam
715 850 750 904 6
776 848 969 913 Martii,
998 857 1185 902 octavo
1232 855 1351 917 post
1399 844 1714 901 seditionem
1748 842 1853 897 die.
1885 840 2121 895 Tertiam

549 939 820 993 Dominica
842 946 1095 1007 sequente
1110 938 1142 991 7
1164 936 1331 989 Martii
1358 935 1441 990 vel
1463 935 1694 990 circiter.
1719 931 1973 1002 Quartam
1992 929 2124 985 feria

545 1029 779 1084 secunda
804 1028 1043 1098 sequenti
1069 1028 1102 1083 8
1124 1026 1313 1082 Martii.
1338 1028 1583 1095 Quintam
1613 1025 1742 1080 feria
1769 1023 1921 1079 tertia
1941 1022 1976 1078 9
2000 1021 2127 1077 Mar-

548 1119 627 1175 tii.
659 1119 874 1174 Sextam
904 1118 1030 1174 feria
1069 1127 1252 1188 quarta
1278 1119 1523 1182 circiter,
1550 1130 1646 1172 seu
1692 1115 1759 1171 10
1806 1113 1998 1169 Martii.
2027 1112 2125 1167 Se-

549 1212 767 1282 ptimam
795 1210 925 1266 feria
953 1211 1133 1281 quinta
1165 1212 1225 1265 11
1275 1210 1466 1264 Martii.
1496 1208 1747 1264 Octavam
1797 1205 1927 1261 feria
1975 1215 2123 1259 sexta

550 1301 620 1357 12
652 1302 842 1356 Martii.
872 1300 1074 1356 Nonam
1123 1301 1251 1355 feria
1284 1299 1515 1355 secunda
1543 1297 2125 1355 hebdomadte-secun-

548 1392 632 1448 dte
654 1392 1079 1462 Quadragesimae
1109 1393 1172 1446 15
1201 1391 1392 1445 Martii.
1416 1391 1683 1445 Decimam
1724 1389 1905 1458 paucis
1929 1385 2125 1456 elapsis

550 1492 732 1552 postea
760 1483 968 1538 diebus.
996 1481 1338 1538 Undecimam
1366 1490 1546 1552 utpote
1575 1479 1973 1549 transpositam.
1992 1475 2125 1533 feria

475 1605 479 1609 ~
548 1573 777 1628 secunda
795 1582 996 1643 quarta:
1021 1571 1367 1628 hebdomadis
1394 1567 1907 1640 Quadragesimze29
1931 1567 2121 1622 Martii.

552 1663 928 1719 Duodecimam
984 1663 1113 1718 feria
1141 1664 1292 1718 tertia
1346 1671 1601 1732 sequente
1630 1663 1701 1717 30
1738 1661 1930 1716 Martii.
1967 1660 2125 1715 Deci-

548 1768 689 1808 mam
720 1754 928 1808 tertiam
960 1752 1089 1808 feria
1130 1762 1315 1823 quarta
1347 1760 1606 1822 sequente
1652 1752 1712 1805 5t
1749 1751 1943 1805 Martii.
1976 1750 2126 1805 Deci-

547 1860 689 1909 mam
725 1854 966 1915 quartam
1005 1845 1162 1915 paulo
1210 1854 1329 1914 post
1369 1860 1484 1899 eam
1528 1858 1646 1914 quae
1683 1843 1889 1898 decima
1937 1850 2124 1896 octava

547 1944 877 2003 numeratur,
904 1952 1127 2006 qumque
1154 1936 1333 1989 habita
1359 1936 1457 1989 fuit
1488 1933 1758 1989 Dominica
1787 1932 1968 2002 quinta
1992 1931 2128 1999 Qua-

546 2025 862 2094 dragesimte
901 2026 935 2081 5
962 2026 1177 2096 Aprilis.
1211 2024 1477 2079 Decimam
1511 2024 1749 2094 quintam
1791 2021 2014 2077 sabbato
2041 2035 2128 2076 se-

546 2118 738 2173 cundae
765 2116 1108 2173 hebdomadis
1152 2110 1621 2186 Quadragesimte,
1675 2129 1767 2170 seu
1815 2113 1889 2170 20
1931 2114 2123 2169 Martii.

551 2210 821 2264 Decimam
867 2216 1071 2263 sextam
1106 2208 1374 2262 Dominica
1407 2209 1559 2262 tertia
1601 2205 2031 2275 Quadragesimte
2056 2205 2121 2259 21

547 2297 741 2356 Martii.
771 2297 1039 2352 Decimam
1088 2297 1367 2366 septimam
1399 2297 1541 2350 circa
1573 2296 1730 2350 linem
1760 2304 1964 2365 quarta:
1993 2293 2129 2349 heb-

546 2387 790 2444 domadis
812 2388 1260 2459 Quadragesimte.
1289 2388 1556 2443 Decimam
1581 2395 1821 2442 octavam
1855 2386 2126 2441 Dominica

545 2478 731 2545 quinta
770 2478 1198 2549 Quadragesima:
1244 2477 1283 2534 Β
1310 2479 1507 2549 Aprilis
1559 2478 1644 2533 vel
1695 2478 1930 2533 circiter.
1973 2476 2123 2532 Deci-

541 2584 689 2627 mam
717 2585 911 2626 nonam
944 2579 1062 2640 post
1082 2569 1343 2625 decimam
1369 2580 1610 2641 quartam
1643 2570 1702 2624 11
1730 2570 1945 2625 circiter
1971 2569 2130 2639 Apri-

547 2665 635 2719 lis.
668 2661 989 2732 Vigesimam
1018 2661 1106 2717 die
1152 2662 1423 2718 Paschatis
1461 2662 1533 2718 25
1555 2662 1772 2732 Aprilis.
1801 2661 2127 2733 Vigesimam

547 2753 773 2822 primam
813 2752 1003 2808 eodem
1030 2753 1244 2808 circiter
1273 2762 1512 2828 tempore
1537 2768 1643 2824 quo
1686 2753 1995 2824 vigesimam
2032 2768 2126 2810 se-

547 2843 776 2899 cundam
815 2853 1124 2913 sequentem
1149 2884 1164 2909 ,
1191 2858 1308 2912 qua:
1338 2843 1515 2898 habita
1561 2854 1643 2899 est
1676 2844 1804 2899 feria
1832 2855 1982 2900 sexta
2008 2857 2129 2915 post

550 2932 881 2989 Dmniuicam
925 2932 1196 2991 Passionis
1244 2932 1314 2988 16
1369 2934 1586 3005 Aprilis.
1627 2933 1715 2991 Sic
1762 2937 2127 3006 perturbatum

552 3022 805 3077 harumce
852 3022 1188 3078 homiliarum
1242 3024 1485 3081 ordinem
1533 3040 1740 3080 summa
1787 3028 2128 3084 accuratione

550 3114 834 3170 restituere
886 3124 1109 3170 conatur
1149 3115 1549 3185 Tillemontius,
1580 3119 1698 3184 cui,
1746 3127 1805 3172 ut
1848 3119 1903 3173 in
1944 3119 2128 3177 multis

547 3203 935 3275 adstipulamur
956 3247 973 3271 ,
1001 3206 1056 3260 in
1103 3205 1220 3261 aliis
1248 3222 1545 3278 repugnare
1586 3208 1843 3279 cogimur.
1870 3209 2127 3266 Ordinem

548 3312 712 3367 porro
754 3297 1089 3357 homiliarum
1114 3303 1326 3372 qualem
1363 3304 1454 3361 ille
1476 3302 1698 3374 statuit,
1744 3306 1832 3363 hic
1855 3322 1964 3362 uno
1991 3321 2125 3364 con-

547 3396 736 3458 specta
761 3402 1227 3461 repraesentamus.

552 3540 733 3593 Tillem.
868 3548 1045 3595 Fronto
1066 3552 1189 3595 Duc.
1335 3548 1346 3611 Ι
1373 3548 1554 3603 ﬁdem.
1679 3558 1856 3604 Fronto
1882 3561 2004 3611 Duc.

610 3628 632 3688 1
886 3630 1037 3679 Prima
1335 3628 1345 3688 Ι
1428 3631 1490 3680 12
1701 3636 1892 3684 Decima
1925 3643 2067 3688 sexta

609 3687 643 3736 2
884 3690 1102 3740 Secunda
1335 3687 1346 3744 I
1427 3694 1488 3742 i3
1701 3696 1954 3744 Undecima

608 3749 643 3797 3
884 3753 1046 3802 Tertia
1332 3749 1346 3809 Ι
1428 3755 1489 3803 14
1699 3757 1985 3809 Duodecim

605 3810 639 3885 ξ
882 3819 1052 3885 quarta
1333 3810 1345 3885 Ι
1428 3817 1489 3885 lg
1700 3819 1890 3885 Decima
1923 3821 2068 3873 tertia

605 3871 640 3943 εξ
885 3877 1052 3943 Quinta
1333 3871 1344 3943 |
1428 3877 1488 3943 lg
1704 3879 1894 3943 Decima
1918 3871 2127 3943 septima

603 3932 639 4006 ἓ
881 3941 1026 4006 sexta
1333 3932 1344 4006 Ι
1427 3939 1486 4006 1!
1699 3942 1889 4006 Decima
1901 3932 2066 3993 octav-

602 3993 638 4066 Ζ
880 3996 1089 4066 S_eptima
1333 3993 1343 4066 Ι
1427 4000 1487 4066 l§
1701 4002 1892 4066 Decima
1912 4013 2084 4066 quarta

604 4052 638 4117 8
879 4052 1055 4107 octava
1333 4052 1342 4117 I
1427 4060 1488 4110 19
1700 4064 1894 4117 Decima
1930 4052 2053 4113 bona

603 4115 665 4185 ῼΑ
880 4123 1007 4185 μοηῇ
1331 4115 1341 4185 Ι
1423 4121 1486 4185 ἓο
1700 4115 1937 4185 vigesima
1951 4139 2125 4177 secuti.

877 4180 1070 4250 pt-cima
1152 4243 1164 4250 _
1208 4249 1212 4250 γ
1331 4174 1341 4250 Ι
1424 4182 1484 4250 21
1700 4174 1940 4250 νὶξτθδῇηιει

603 4237 659 4287 11
877 4242 1249 4308 Decimaquiuta
1330 4237 1341 4284 Ι
1423 4242 1486 4293 22
1700 4237 1940 4306 Vtﬁesima

612 4382 909 4454 Antequam
934 4402 1062 4443 vero
1087 4387 1157 4444 de
1185 4388 1405 4458 singulis
1433 4389 1663 4448 homiliis
1686 4392 2031 4464 disseramus,
2061 4412 2127 4453 ac

538 4470 610 4525 de
636 4472 891 4542 cujusque
920 4483 1030 4529 tum
1072 4475 1262 4532 ordine
1299 4487 1410 4533 tum
1451 4492 1761 4550 argumento
1790 4500 1955 4555 pauca
1980 4487 2126 4543 dicae

542 4574 684 4623 mus,
712 4575 744 4615 e
768 4577 828 4617 re
848 4562 1005 4617 fuerit
1023 4573 1302 4629 annotare,
1326 4582 1390 4620 ex
1416 4567 1568 4623 titulo
1587 4569 1837 4641 humilia},
1858 4590 1977 4645 quae
1996 4577 2123 4634 olim

544 4651 796 4722 vigesima
824 4657 1076 4722 secunda,
1100 4656 1213 4725 jam
1243 4672 1371 4712 vero
1395 4659 1647 4728 vigesima
1676 4677 2002 4734 numeratur,
2031 4671 2122 4740 qui

542 4741 725 4796 titulus
753 4743 804 4796 in
820 4742 971 4798 Notis
985 4743 1270 4802 Frontonis
1287 4755 1341 4803 et
1366 4748 1418 4804 in
1433 4748 1559 4805 Mss.
1577 4754 1776 4813 nostris
1791 4754 1966 4823 docet,
1985 4756 2124 4815 hanc

541 4833 812 4889 homiliam
844 4837 1234 4905 pronuntiatam
1268 4839 1429 4895 luisse
1451 4840 1636 4901 decem
1661 4843 1848 4901 diebus
1870 4857 1996 4904 ante
2023 4849 2125 4905 Pa-

538 4926 667 4981 scha
696 4944 709 4980 :
741 4928 972 4998 itemque
998 4944 1064 4985 ex
1090 4929 1175 4985 bis
1203 4932 1378 4988 verbis
1403 4941 1527 4989 ante
1550 4935 1709 4991 tinem
1737 4939 1987 5006 homilize,
2007 4942 2123 5012 jam

536 5019 873 5088 quadraginta
898 5020 1005 5089 dies
1028 5023 1404 5093 praua-ierunt,
1426 5027 1592 5096 probe
1617 5029 2011 5087 'I‘illemontium
2040 5034 2120 5088 in-

537 5106 707 5175 ferre,
740 5107 1205 5180 Quadragesimam
1234 5115 1370 5184 apud
1422 5119 1772 5176 tntiochenos
1796 5137 1861 5176 ex
1891 5137 2119 5179 consue-

534 5200 721 5256 tudine
749 5203 977 5273 cmpisse
1002 5202 1138 5258 feria
1164 5207 1397 5262 secunda
1428 5218 1546 5277 post
1573 5210 2074 5283 Quinquagesimam
2098 5231 2115 5280 ;

432 5344 440 5350 .
534 5303 843 5363 septemque
865 5291 1283 5350 hebdomadibus
1311 5297 1449 5367 apud
1478 5299 1594 5354 illos
1623 5310 1782 5356 totam
1810 5303 2118 5374 Quadrage-

531 5381 723 5437 simam
769 5382 997 5453 persolvi
1043 5387 1387 5445 consuevisse
1427 5405 1441 5442 :
1479 5389 1701 5461 jureque
1745 5393 2117 5453 Tillemontius

533 5468 669 5525 hanc
694 5472 965 5529 homiliam
992 5475 1044 5531 in
1072 5475 1260 5532 feriam
1282 5487 1488 5535 sextam
1511 5479 1853 5540 hebdomadis
1877 5486 2114 5542 ultimam

531 5557 960 5630 Quadragesimae
1004 5565 1390 5622 hebdomadam
1437 5575 1811 5638 pmurrentis
1851 5575 2059 5633 confert
2094 5592 2111 5632 :

1607 365 1665 423 S.
1702 362 1978 422 103Nle
1998 358 2473 419 CIlRYSOS’l‘OMl
2503 357 2685 424 VI'I'A,

3710 354 3813 410 116

2234 486 2353 525 mus
2375 468 2865 538 Quadragesimam,
2893 479 3013 536 quae
3040 463 3243 534 aliquot
3268 461 3323 518 in
3351 462 3613 520 Ecclesiis
3640 463 3818 521 limiti-

2229 563 2327 618 bus
2346 563 2505 616 variis
2525 560 2924 629 circumscripta
2944 566 3081 625 erat,
3103 571 3200 627 per
3220 567 3428 628 septem
3453 556 3820 617 hebdomadas

2229 653 2524 709 Antiochiae
2549 653 2883 707 observatam
2910 648 3094 704 fuisse.

2299 746 2430 801 Cum
2469 759 2626 814 porro
2664 742 2971 798 memoratis
3008 755 3168 812 supra
3193 741 3261 797 de
3287 742 3464 796 causis
3487 783 3503 807 ,
3534 740 3819 798 Paschales

2230 836 2435 892 tabulas
2458 834 2764 899 hodiernas,
2793 848 2911 904 quae
2938 832 3138 887 Pascha
3159 832 3284 887 anni
3305 831 3408 887 587
3430 832 3482 886 in
3507 831 3823 902 vigesimam

2228 928 2465 1000 quintam
2489 925 2789 991 conferunt,
2814 940 2917 979 non
2942 932 3180 979 servatas
3203 923 3392 978 saltem
3417 922 3521 976 hoc
3544 936 3693 976 anno
3715 927 3824 976 Au-

2230 1018 2441 1081 ιίοςιιὶω
2466 1018 2628 1073 fuisse
2655 1030 2752 1083 pro
2776 1025 2924 1071 certo
2949 1015 3267 1079 habeamus;
3293 1029 3524 1084 cumque
3549 1014 3710 1069 nobis
3730 1029 3823 1068 ex-

2229 1110 2492 1181 ploratum
2523 1120 2628 1163 non
2656 1107 2727 1161 sit
2750 1120 2851 1175 qua
2871 1106 2959 1161 die
2979 1120 3119 1159 anno
3139 1106 3245 1160 387
3264 1104 3584 1159 Antiocheni
3614 1101 3821 1159 Pascha

2228 1198 2626 1263 celebraverint,
2656 1210 2685 1250 a
2711 1196 2799 1251 die
2824 1196 3024 1251 mensis
3049 1195 3101 1249 in
3133 1194 3447 1249 recensione
3476 1194 3821 1249 homiliarum

2229 1287 2697 1346 commemorando
2733 1286 3151 1350 abstinebimus;
3181 1284 3275 1341 sed
3315 1284 3677 1339 indicabimus
3707 1295 3823 1338 tan-

2230 1391 2342 1436 tum
2363 1422 2378 1449 ,
2407 1379 2620 1451 quando
2646 1378 2698 1434 id
2727 1377 2937 1444 licebit,
2963 1391 3067 1447 qua
3091 1376 3179 1432 die
3207 1374 3557 1432 hebdomadis
3582 1375 3819 1431 humilia:

2229 1472 2385 1528 dictae
2409 1471 2622 1526 iuerint.

2303 1559 2544 1615 Homilite
2564 1559 2628 1613 de
2652 1558 2868 1614 Statuis.
2895 1587 2958 1599 —
2978 1557 3155 1612 Prima
3187 1556 3365 1629 itaque
3393 1556 3615 1613 bomilia
3642 1555 3814 1611 habita

2228 1659 2312 1707 est
2337 1650 2522 1722 paucis
2543 1658 2666 1704 ante
2692 1648 3009 1704 seditionem
3034 1647 3420 1703 Antiochenam
3434 1647 3633 1703 diebus
3654 1645 3817 1720 (Auno

2229 1742 2376 1813 387),
2403 1751 2462 1795 ut
2484 1756 2552 1796 ex
2578 1740 2662 1796 his
2691 1740 2941 1796 secundae
2967 1738 3198 1794 homiliae
3218 1754 3366 1793 num.
3389 1740 3425 1794 5
3467 1739 3649 1793 verbis
3677 1739 3817 1792 enti-

2228 1842 2317 1890 tur
2346 1852 2360 1889 :
2391 1833 2618 1905 Longam
2645 1849 2808 1903 nuper
2831 1832 2971 1901 apud
2996 1832 3255 1887 caritatem
3289 1841 3506 1886 vestram
3539 1830 3816 1885 orationem

2228 1926 2517 1990 extendi,...
2540 1934 2589 1979 et
2607 1924 2835 1979 laborum
2852 1923 3127 1977 maculent
3145 1922 3381 1992 accepi...
3407 1921 3536 1988 Qut:
3553 1935 3675 1975 uero
3693 1936 3818 1973 nur-

2229 2032 2309 2071 ces
2338 2014 2489 2071 erat?
2525 2013 2750 2070 Civitatis
2784 2012 3208 2085 blasphematores
3246 2013 3425 2082 patrare
3442 2053 3457 2078 ,
3488 2021 3539 2066 et
3572 2011 3817 2081 castigare
3872 2070 3877 2074 ,

2230 2106 2394 2163 Deum
2427 2106 2728 2161 contumelia
2760 2104 3030 2176 efficientes
3047 2145 3063 2169 ,
3094 2113 3143 2158 et
3169 2103 3388 2173 furiosos
3410 2102 3666 2157 cohibere.
3698 2102 3816 2157 lia):

2230 2198 2415 2270 procul
2443 2196 2606 2253 dubio
2639 2203 2884 2268 spectant
2907 2195 2974 2250 ad
3002 2194 3226 2265 primam
3256 2192 3529 2248 homiliam
3549 2233 3565 2256 ,
3593 2207 3815 2262 eamque

2230 2289 2615 2359 longissimam,
2639 2287 2707 2342 de
2730 2295 3035 2342 sanctorum
3060 2283 3334 2350 arumnis,
3355 2283 3529 2353 deque
3573 2283 3671 2338 Dei
3697 2297 3813 2354 pro-

2231 2380 2465 2436 videntia
2491 2394 2618 2450 erga
2642 2378 2842 2434 electos
2868 2391 3016 2440 suos.
3037 2376 3127 2447 qui
3154 2376 3209 2431 in
3237 2375 3336 2431 hac
3359 2377 3462 2430 vita
3487 2377 3812 2441 cruciantur,

2229 2480 2286 2528 et
2307 2471 2562 2526 adversus
2594 2484 2690 2525 eos
2720 2469 2809 2540 qui
2849 2467 3160 2539 blaspheme
3190 2467 3330 2522 dicta
3359 2466 3411 2525 in
3441 2466 3612 2521 Deum
3643 2465 3817 2536 prate-

2230 2564 2417 2621 rebant
2445 2581 2459 2617 :
2490 2563 2579 2619 ubi
2607 2561 2822 2618 demum
2859 2561 2975 2615 haec
2997 2560 3280 2615 observata
3316 2568 3463 2615 certe
3491 2558 3656 2628 digna
3694 2574 3815 2627 pro-

2232 2655 2336 2711 fert
2364 2672 2378 2707 :
2408 2653 2515 2710 Sed
2553 2664 2814 2724 postquam
2855 2653 2919 2707 de
2953 2650 3266 2722 blasphemia
3310 2653 3452 2706 nobis
3489 2650 3643 2704 verba
3684 2655 3819 2721 facta

2231 2744 2364 2801 nunc
2386 2754 2522 2812 sunt,
2550 2761 2707 2799 unum
2731 2760 2764 2799 a
2789 2744 2925 2799 vobis
2951 2744 3180 2800 omnibus
3205 2756 3370 2814 petere
3394 2744 3507 2798 volo
3531 2744 3820 2798 retributio-

2231 2853 2345 2892 nem
2370 2853 2463 2909 pro
2489 2838 2730 2892 concione
2753 2838 2849 2890 hac
2871 2846 3021 2907 atque
3045 2852 3290 2901 sermone,
3317 2845 3374 2889 ut
3403 2836 3456 2889 in
3492 2836 3693 2889 ciuitate
3710 2838 3819 2889 bla-

2234 2930 2551 2997 sphemantes
2575 2929 2699 2982 mihi
2722 2928 2992 2999 castigetis.
3015 2927 3077 2982 Si
3099 2944 3396 2999 quemquam
3413 2927 3463 2980 in
3481 2927 3608 2981 bicio
3632 2937 3679 2981 et
3706 2932 3821 2998 [οη

2230 3021 2284 3075 in
2312 3020 2475 3075 Deum
2499 3020 2928 3090 blasphentantem
2952 3019 3194 3084 audieris,
3220 3018 3419 3083 accede,
3443 3019 3668 3088 increpa,
3702 3027 3749 3072 et
3776 3019 3822 3072 si

2230 3113 2431 3167 uerbera
2454 3112 2683 3183 inﬂigere
2706 3120 2955 3182 oporteat,
2981 3128 3043 3165 ne
3066 3127 3297 3173 recuses;
3324 3111 3480 3179 ipsius
3502 3112 3684 3181 faciem
3710 3112 3821 3165 ala-

2231 3222 2300 3278 pa
2334 3214 2556 3277 percute,
2588 3214 2787 3258 contere
2813 3220 2869 3258 os
2893 3204 3072 3274 ipsius,
3105 3204 3422 3274 percussione
3447 3219 3654 3256 manum
3679 3212 3819 3256 luant

2231 3299 2509 3368 sanctiﬁca.
2550 3295 2651 3364 Qui
2688 3310 2817 3351 sane
2856 3295 3152 3366 corrigendi
3197 3295 3384 3350 modus
3418 3309 3524 3349 non
3563 3303 3713 3350 esset
3752 3294 3816 3349 ad

2232 3404 2386 3446 usum
2415 3388 2731 3445 hodiernum
2759 3387 3208 3443 accommodatus.

2300 3481 2598 3538 Secundam
2630 3480 2899 3536 homiliam
2925 3477 3134 3535 confert
3151 3478 3521 3534 Tillemontius
3546 3478 3631 3533 vel
3663 3481 3717 3532 in
3745 3480 3820 3533 le-

2230 3574 2366 3630 riam
2394 3575 2629 3644 quintam
2654 3575 2737 3629 vel
2768 3574 2820 3627 in
2849 3573 3123 3628 sabbatum
3155 3582 3276 3627 ante
3303 3572 3771 3641 Quadragesimam
3798 3591 3813 3625 :

2232 3666 2397 3721 tutius
2423 3681 2552 3720 vero
2579 3665 2784 3720 dicatur
2807 3664 2890 3718 his
2916 3664 3130 3719 circiter
3151 3663 3338 3719 diebus
3370 3663 3600 3717 habitam
3630 3662 3811 3728 fuisse,

2231 3767 2433 3826 septem
2457 3756 2678 3823 exactis,
2709 3768 2767 3811 ut
2801 3756 2912 3826 ipse
2937 3755 3351 3826 Chrysostomus
3374 3754 3467 3819 ait,
3496 3770 3527 3807 a
3554 3754 3815 3809 seditione

2230 3848 2439 3914 diebus,
2471 3848 2663 3917 quibus
2687 3862 2748 3903 se
2775 3847 3002 3902 tacuisse
3029 3847 3178 3912 dicit,
3208 3847 3348 3917 quod
3375 3847 3570 3916 ingenti
3598 3837 3814 3901 calatui-

2234 3947 2340 3993 tate
2358 3979 2374 4003 ,
2400 3946 2455 3992 et
2483 3938 2700 4008 periculi
2732 3937 3090 4006 magnitudine
3115 3938 3433 3992 consternati
3460 3937 3775 3992 Autiocbeni
3792 3977 3811 4004 ,

2231 4045 2336 4084 non
2373 4038 2552 4085 essent
2589 4029 2869 4086 audiendis
2909 4029 3251 4086 concionibus
3289 4029 3483 4085 idonei.
3512 4028 3596 4084 0b
3631 4031 3812 4100 negle-

2229 4131 2368 4177 ctam
2407 4136 2569 4191 porro
2609 4121 2828 4176 fratrum
2873 4120 3348 4191 blasphemantium
3385 4120 3809 4175 emendationem

2230 4210 2347 4267 btec
2373 4211 2507 4267 mala
2536 4211 2786 4267 divinitus
2814 4212 2942 4267 dicit
2984 4213 3240 4267 immissa.
3271 4212 3502 4279 Quorum
3532 4220 3812 4281 postquam

2229 4301 2513 4370 imaginem
2541 4303 2811 4372 eleganter
2834 4302 3135 4373 descripsit,
3166 4302 3235 4358 de
3258 4301 3473 4367 divitiis,
3503 4301 3572 4356 de
3600 4301 3811 4357 divitia-

2227 4406 2346 4447 rum
2373 4407 2492 4459 usu,
2519 4391 2689 4463 deque
2709 4392 3049 4463 eleemosyna
3074 4400 3131 4446 et
3151 4392 3216 4448 de
3242 4400 3549 4462 paupertate
3573 4392 3813 4462 pluribus

2226 4485 2590 4550 concionatus,
2617 4486 2910 4539 orationem
2935 4484 3152 4540 claudit.

2298 4575 2477 4631 Tertia
2506 4576 2724 4632 homilia
2747 4576 3034 4632 secundum
3058 4592 3092 4632 e
3114 4575 3336 4646 vestigio
3359 4576 3599 4646 sequitur
3627 4594 3641 4631 :
3672 4579 3809 4631 illam

2226 4681 2354 4724 vero
2407 4668 2639 4724 habitam
2694 4677 2938 4738 putamus
2989 4682 3109 4722 cum
3159 4667 3496 4723 Tilletnontio
3539 4667 3810 4722 Doniinica

2225 4760 2706 4831 Quinquagesimte,
2736 4768 2795 4814 ut
2821 4758 3081 4815 hodierno
3116 4773 3265 4815 more
3295 4759 3592 4828 loquamur.
3627 4759 3813 4830 Agitur

2225 4850 2293 4907 de
2320 4849 2644 4919 profectione
2683 4850 2916 4907 Flaviani
2943 4850 3260 4905 Antioeheni
3286 4850 3521 4921 episcopi
3546 4847 3810 4905 Constan-

2227 4939 2483 5009 tin0polin
2527 4939 2594 4995 ad
2641 4940 3017 5010 Imperatorem
3066 4940 3378 5008 placandum
3412 4956 3427 4995 :
3458 4951 3512 4995 et
3551 4942 3629 4995 rei
3677 4940 3812 4997 bene

2222 5031 2470 5100 gerenda:
2494 5044 2591 5098 spe
2615 5032 2866 5101 pupulum
2894 5030 3200 5086 consolatur
3225 5029 3661 5101 Chrysostamus.
3689 5031 3807 5086 Plu-

2222 5121 2371 5177 ribus
2398 5120 2594 5176 deinde
2633 5131 3012 5177 commonstrat
3041 5122 3261 5191 jejunii,
3292 5123 3391 5177 nisi
3417 5139 3449 5178 a
3478 5124 3607 5179 vitio
3640 5126 3809 5180 absti-

2222 5221 2448 5278 neatur,
2495 5215 2774 5269 utilitatem
2819 5229 2940 5270 esse
2979 5214 3202 5270 nullam.
3243 5216 3528 5285 Postquam
3576 5233 3710 5273 vero
3744 5217 3810 5273 de

2220 5303 2548 5361 detractione
2576 5304 2786 5359 vitanda
2816 5319 2980 5373 pauca
3007 5304 3249 5370 dixerat,
3275 5306 3635 5361 calamitatem
3674 5325 3796 5378 pra:-

2219 5403 2427 5450 sentem
2446 5394 2710 5465 deplorat,
2732 5405 2787 5450 et
2804 5396 3172 5451 intolerantius
3191 5398 3433 5452 saevitum
3454 5413 3576 5454 esse
3593 5410 3806 5455 narrat:

2221 5483 2295 5538 Hi
2316 5485 2517 5551 quidem
2542 5488 2699 5557 ferro,
2724 5486 2914 5557 inquit,
2945 5486 3022 5540 illi
3049 5487 3184 5557 igne,
3211 5487 3418 5555 quidam
3444 5489 3612 5545 bestiis
3633 5490 3811 5543 traditi

2220 5576 2471 5644 perierunt
2493 5617 2510 5643 ,
2541 5592 2643 5631 non
2680 5577 2775 5631 viri
2813 5586 3009 5631 tantum
3032 5616 3050 5642 ,
3083 5578 3172 5639 sed
3214 5587 3262 5631 et
3302 5580 3465 5648 pueri.
3503 5578 3616 5633 Nec
3643 5583 3805 5635 trtatis

529 5657 645 5741 erat
673 5648 868 5741 quippe
900 5653 990 5708 illa
1018 5655 1135 5711 dies
1159 5665 1213 5711 et
1239 5656 1639 5727 quadragesima
1666 5661 1735 5716 ab
1760 5662 2008 5719 inchoato
2031 5665 2114 5735 je-
2214 5668 2575 5733 immaturitas,
2604 5684 2695 5722 nec
2724 5668 2899 5737 populi
2925 5669 3190 5735 tumultus,
3219 5686 3307 5729 nec
3334 5673 3472 5739 quod
3497 5676 3674 5741 furore
3693 5674 3805 5725 aia.

522 5736 677 5805 junio
703 5746 756 5793 et
782 5736 983 5796 decima
1019 5754 1143 5801 ante
1169 5745 1391 5805 Pascha.
1419 5746 1553 5806 Hinc
1591 5765 1687 5822 pro
1712 5763 1918 5810 asserto
1942 5755 2106 5813 habe-

2219 5758 2380 5814 bolico
2406 5759 2582 5829 perciti
2615 5760 2821 5831 quidam
2850 5760 2957 5815 lucc
2995 5762 3237 5831 fecerint,
3267 5779 3356 5822 nec
3381 5764 3515 5835 quid
3543 5765 3801 5838 vectigalis
