3948 6426
221 417 318 474 H7
1381 413 1561 477 NUNC
1602 419 1802 478 PRIML’

1912 418 2292 477 ADORNATA.

215 529 412 588 exactio
435 527 766 587 intolerabilis
785 539 929 596 esset,
953 547 1053 584 non
1079 539 1368 600 paupertas,
1393 549 1493 585 nou
1513 533 1646 602 quod
1669 547 1805 585 cont-

217 643 366 680 inuae
393 636 653 696 peceatum
679 625 861 696 fuerit,
891 641 992 678 non
1021 626 1153 695 quod
1189 627 1509 696 promiserint
1537 643 1804 697 numquam

215 733 269 772 se
294 718 521 788 amplius
548 715 671 770 talia
699 730 937 781 ausuros,
966 730 1066 768 non
1094 714 1238 768 aliud
1265 715 1526 785 quidpiam
1549 716 1688 785 ipsos
1709 717 1806 768 eri-

218 809 329 878 puit
345 808 472 875 ,'sed
484 809 671 880 absque
694 806 839 860 venia
862 805 929 859 ad
944 806 1234 860 barathrum
1251 805 1647 872 adducebantur,
1667 807 1803 860 mili-

218 897 352 952 tibus
377 898 630 967 utrimque
653 898 786 967 ipsos
813 896 1120 966 urgentibus,
1149 906 1195 949 et
1223 896 1590 949 observantibus
1610 912 1671 948 ne
1693 895 1806 964 quis

216 1006 302 1044 eos
326 991 560 1057 eriperet.
585 987 652 1041 Et
673 987 1005 1058 sequebantur
1027 995 1230 1049 matres,
1259 985 1436 1056 procul
1454 983 1653 1055 quidem
1672 984 1806 1052 ﬁlios

215 1082 582 1152 conspicientes
608 1080 883 1134 abstractos
901 1119 917 1144 ,
943 1076 1031 1131 sed
1055 1076 1117 1130 de
1139 1077 1422 1130 calamitate
1447 1077 1678 1147 conqueri
1705 1087 1804 1129 non

216 1173 466 1226 audentes
499 1187 518 1226 :
546 1169 783 1237 aﬁ‘ectunt
807 1170 937 1222 enim
962 1167 1181 1220 uincebat
1219 1166 1437 1236 formido
1457 1206 1470 1231 ,
1503 1177 1547 1219 et
1573 1175 1806 1218 naturam

218 1265 492 1333 superabat
522 1271 700 1316 metus.
742 1260 866 1314 llaec
901 1259 1074 1313 omnia
1118 1259 1254 1312 illata
1299 1267 1422 1312 sunt
1464 1256 1806 1311 Antiocbeuis

222 1354 359 1409 mala
388 1370 417 1406 a
450 1351 740 1414 Prtefectis,
767 1364 859 1404 seu
884 1347 1294 1418 magistratibus,
1323 1353 1604 1415 antequam
1629 1345 1806 1399 Theu-

219 1443 405 1498 dosius
436 1441 505 1496 de
533 1441 792 1496 seditione
820 1439 1104 1508 quidquam
1131 1437 1400 1502 audisset,
1428 1447 1484 1490 ut
1507 1437 1580 1490 ait
1611 1435 1803 1489 ibidem

218 1533 659 1604 Chrysostomus.
706 1530 1010 1585 Orationem
1059 1541 1218 1598 porro
1255 1527 1452 1582 claudit
1490 1538 1713 1581 monens
1748 1534 1806 1580 ut

219 1632 251 1678 a
268 1623 621 1686 detractione,
641 1622 708 1676 ab
729 1620 1012 1675 inimicitiis
1031 1629 1088 1675 et
1105 1635 1135 1672 a
1151 1619 1464 1689 iuramentis
1483 1617 1802 1672 abstineant.

291 1713 524 1767 llomilia
563 1723 747 1782 quarta
771 1753 786 1778 ,
822 1727 940 1781 qtae
973 1709 1104 1764 feria
1129 1708 1360 1763 secunda
1390 1717 1510 1777 post
1533 1707 1804 1776 Quinqua-

219 1804 504 1875 gesimam,
534 1813 590 1858 ut
619 1803 848 1868 videtur,
875 1801 1050 1855 habita
1077 1799 1192 1864 fuit,
1221 1815 1338 1870 quae
1363 1799 1475 1854 dies
1500 1806 1615 1854 erat
1637 1798 1804 1867 prima

219 1894 689 1965 Quadragesimm;
723 1893 805 1947 illa
833 1893 1044 1962 inquam
1070 1890 1256 1944 concio
1275 1931 1290 1955 ,
1329 1889 1464 1944 bona
1495 1905 1561 1943 ex
1589 1889 1806 1943 calami-

221 1991 331 2040 tate
361 1995 511 2054 parta
535 1983 808 2048 describit,
835 1989 1064 2036 mutatos
1084 1981 1212 2035 dicit
1235 1987 1288 2035 et
1312 1995 1341 2034 a
1369 1979 1604 2050 pristinis
1631 1979 1804 2048 pravis

219 2077 466 2132 moribus
499 2073 745 2129 reductos
779 2073 1158 2128 Autiuchenos.
1201 2073 1258 2128 ln
1303 2072 1407 2127 ﬁne
1447 2087 1572 2127 vero
1599 2087 1660 2126 ea
1692 2071 1802 2140 ipsa

219 2167 458 2228 munita,
490 2180 608 2232 quae
637 2164 690 2218 in
721 2164 1037 2234 praecedenti
1067 2180 1124 2218 se
1147 2163 1358 2219 dedisse
1386 2171 1798 2224 commemorat,

220 2256 416 2310 iterum
447 2255 674 2324 repetit,
706 2254 955 2308 nimirum
991 2255 1058 2309 de
1091 2254 1320 2308 vitandis
1357 2252 1802 2320 detractionibus,

218 2346 513 2400 inimicitiis
533 2357 581 2400 et
604 2345 918 2416 iuramentis
944 2365 958 2400 :
980 2361 1042 2399 ac
1066 2360 1122 2399 se
1145 2361 1240 2414 per
1265 2345 1398 2399 hanc
1422 2344 1803 2400 hebdomadam

218 2437 290 2493 de
314 2437 630 2506 iuramentis
657 2435 919 2490 dicturum
949 2451 1068 2490 esse.
1096 2437 1428 2506 prtenuntiat.

292 2528 521 2582 Humilia
551 2529 730 2597 quinta
761 2528 846 2582 die
887 2528 1160 2598 sequenti,
1194 2537 1254 2582 ut
1287 2529 1401 2597 ipse
1428 2528 1532 2590 ait,
1564 2539 1804 2597 pronun-

218 2621 350 2674 tiata
379 2619 508 2684 fuit,
539 2634 732 2689 nempe
769 2617 897 2673 feria
926 2619 1102 2674 tertia.
1130 2618 1185 2672 in
1218 2619 1305 2672 illa
1333 2632 1662 2672 atrutnnusos
1690 2618 1803 2670 An-

218 2712 501 2767 tiochenos
543 2727 640 2781 pro
679 2728 828 2767 more
865 2713 1172 2768 consolatur
1205 2711 1615 2784 Chrysostomus
1652 2721 1707 2767 et
1736 2711 1802 2766 ad

216 2804 412 2858 mortis
442 2804 604 2873 ipsius
645 2813 1007 2874 contemptum
1034 2803 1361 2858 cohortatur.
1402 2804 1458 2858 ln
1492 2805 1596 2859 line
1625 2812 1800 2858 autem

217 2892 286 2946 de
309 2892 627 2960 iuramentis
651 2893 875 2946 vitandis
900 2893 1006 2962 agit
1031 2908 1180 2946 num.
1213 2893 1264 2957 7,
1293 2907 1354 2946 ac
1391 2893 1804 2962 prazcedentium

216 2983 664 3052 sequentiumque
693 2983 1026 3038 homiliarum
1063 2985 1294 3054 aliquem
1335 2983 1534 3040 inducit
1561 2985 1802 3040 ordinem

217 3071 304 3130 his
333 3074 510 3130 verbis
537 3093 551 3130 :
580 3074 812 3129 Primum
838 3077 993 3146 igitur
1019 3077 1240 3130 auditori
1263 3078 1669 3146 persuadeamus,
1690 3088 1744 3131 ut
1771 3093 1804 3133 a

213 3166 620 3238 iuramentorum
649 3168 775 3237 fuga
804 3172 1127 3220 mutationem
1154 3167 1366 3236 incipiat
1393 3183 1410 3221 :
1437 3167 1526 3221 etsi
1550 3169 1684 3220 enim
1709 3185 1804 3222 nu-

217 3258 516 3310 diustertius
553 3257 648 3310 hac
685 3257 748 3311 de
773 3274 828 3312 re
854 3258 990 3312 vobis
1027 3258 1259 3328 loquutus
1283 3275 1422 3325 sum,
1455 3274 1611 3328 neque
1638 3267 1804 3312 tamen

217 3347 371 3401 hodie
395 3347 654 3416 desistam,
685 3363 842 3418 neque
868 3365 1000 3414 cras,
1032 3365 1190 3420 neque
1217 3349 1468 3420 perendie,
1498 3351 1670 3404 eadem
1695 3367 1803 3404 mo-

216 3451 356 3492 nere.

288 3528 516 3583 llumilia
547 3538 714 3595 sexta,
744 3529 870 3585 feria
901 3539 1086 3600 quarta
1124 3531 1310 3600 primm
1335 3526 1686 3586 hebdomadis
1709 3530 1804 3584 ha-

216 3619 352 3685 bita,
389 3619 807 3674 consolationem
846 3619 1056 3674 afﬂictis
1097 3620 1362 3690 impertit,
1391 3621 1584 3675 bonam
1625 3637 1801 3676 rerum

218 3711 566 3767 mutationem
602 3727 818 3781 Sperare
843 3712 994 3782 iubet
1023 3730 1035 3766 :
1064 3727 1242 3766 moras
1268 3713 1466 3766 nuntiis
1485 3753 1499 3778 ,
1527 3713 1616 3782 qui
1655 3712 1802 3768 sedi-

217 3804 419 3856 tionem
467 3803 850 3858 Antiochenam
899 3804 1208 3873 Imperatori
1252 3804 1515 3858 narraturi
1553 3811 1738 3868 erant,
1770 3819 1800 3858 a

219 3893 336 3948 Deo
362 3893 622 3948 immissas
649 3893 796 3961 dicit,
827 3903 982 3963 atque
1008 3893 1130 3949 inde
1153 3903 1300 3966 spem
1327 3894 1520 3948 bonam
1545 3894 1803 3948 auditori-

217 3985 321 4040 bus
343 3984 508 4048 aliert,
535 3995 588 4042 et
615 3987 681 4042 de
703 3987 852 4040 venia
879 4002 906 4039 a
933 3985 1184 4041 Flaviano
1204 3987 1454 4056 episc0po
1475 3985 1801 4057 impetranda

217 4073 465 4130 ﬁduciam
499 4077 692 4131 habere
728 4077 898 4146 iubet.
930 4077 1212 4147 Postquam
1249 4093 1372 4131 vero
1397 4077 1463 4132 de
1499 4087 1669 4133 morte
1696 4091 1800 4132 non

219 4167 453 4222 timenda
491 4167 780 4234 disseruit,
811 4167 1067 4222 adversus
1091 4167 1390 4238 iuramenta
1419 4182 1514 4238 pro
1541 4183 1692 4224 more
1718 4167 1800 4222 lo-

215 4262 417 4329 (ptitur.

289 4347 517 4403 Humilia
543 4347 768 4418 septima
799 4347 884 4404 die
912 4347 1184 4418 sequenti,
1217 4356 1275 4402 ut
1300 4348 1478 4402 multis
1501 4361 1564 4402 ex
1591 4347 1722 4401 locis
1749 4356 1804 4404 et

210 4438 364 4494 netis
404 4437 662 4508 liquidum
703 4447 824 4506 est,
871 4439 1046 4493 habita
1080 4457 1091 4492 :
1128 4439 1325 4493 Etenim
1363 4439 1590 4506 quintam
1632 4439 1797 4506 diem,

213 4530 393 4600 inquit
416 4527 846 4600 Chrysostomus,
875 4530 1070 4600 agimus
1095 4539 1308 4584 uestram
1331 4529 1644 4582 consolantes
1670 4531 1802 4582 eari-

212 4629 392 4674 tatem.
421 4619 613 4686 Quinta
641 4635 801 4690 porro
830 4619 946 4674 dies
973 4619 1088 4674 haec
1112 4629 1420 4674 numeratur
1447 4620 1746 4686 incipiendo
1769 4633 1802 4674 α

217 4712 523 4778 Dominiea,
556 4711 624 4766 ita
657 4722 714 4766 ut
741 4711 810 4766 de
833 4713 1015 4782 quinta
1045 4711 1392 4768 hebdomadis
1419 4712 1506 4767 die
1531 4712 1795 4783 loquatur.

216 4802 408 4870 Agitur
447 4801 530 4856 hic
571 4801 638 4856 de
683 4801 866 4872 primis
897 4802 1166 4856 Geneseos
1194 4803 1370 4858 verbis
1399 4821 1410 4855 :
1444 4803 1512 4858 In"
1545 4804 1792 4874 princinio

215 4891 337 4962 fecit
382 4890 516 4946 Deus
549 4893 726 4946 caelum
768 4903 816 4948 et
858 4903 1083 4957 terram;
1119 4893 1418 4964 diciturque
1463 4895 1660 4959 Deum,
1694 4910 1800 4950 non

215 4982 380 5036 modo
409 4998 527 5036 cum
557 4982 840 5048 benefacit,
878 4984 973 5040 sed
1001 4986 1160 5040 etiam
1186 5001 1304 5040 cum
1335 4987 1572 5057 castigat,
1605 4987 1802 5044 bonum

213 5089 362 5138 esse,
385 5083 441 5130 et
458 5075 757 5146 iuramenta
784 5076 997 5132 vitanda
1026 5093 1144 5134 esse
1171 5093 1268 5148 pro
1297 5094 1444 5133 more
1468 5079 1614 5134 dicit.

287 5164 573 5221 llomiliam
593 5175 834 5222 octavam
859 5177 1006 5238 putat
1026 5168 1396 5224 Tillemontius
1413 5169 1498 5225 die
1521 5171 1800 5241 septimam

215 5249 490 5312 humilium
518 5268 804 5328 sequente,
836 5259 888 5314 id
917 5269 1026 5326 est,
1057 5259 1186 5315 feria
1216 5270 1362 5314 sexta
1393 5260 1586 5317 dictam
1616 5262 1797 5319 fuisse.

217 5349 418 5405 Verum
446 5351 704 5406 reclamat
723 5351 1166 5424 Chrysostomns,
1193 5353 1280 5424 qui
1317 5353 1628 5408 testificatur
1652 5355 1804 5410 initio

213 5453 278 5496 se
306 5457 468 5510 nuper
487 5483 502 5508 ,
529 5457 636 5498 non
667 5452 843 5498 autem
873 5443 1010 5511 fieri,
1040 5445 1090 5500 in
1127 5445 1254 5500 illud
1275 5487 1290 5514 ,
1319 5444 1386 5499 In
1413 5446 1660 5517 principio
1687 5449 1802 5518 fecit

213 5531 360 5588 Deus
383 5535 561 5589 etclam
587 5544 637 5589 et
661 5545 863 5602 terram,
887 5539 1046 5593 verba
1078 5539 1288 5606 fecisse,
1313 5540 1454 5610 quod
1477 5539 1617 5596 haud
1642 5542 1802 5596 dubie

214 5625 283 5680 ad
314 5623 584 5681 homiliam
629 5628 908 5698 septimam
939 5631 1186 5700 pertinet.
1219 5631 1316 5686 Est
1343 5633 1502 5703 igitur
1529 5631 1580 5686 in
1609 5633 1802 5688 sabba-

216 5724 333 5770 tum
354 5716 676 5772 conferenda
697 5734 710 5781 ;
733 5719 872 5788 quod
893 5725 1051 5775 etiam
1079 5720 1232 5775 nobis
1258 5721 1483 5776 suadent
1507 5722 1622 5778 haec
1639 5723 1800 5777 verba

211 5807 395 5864 statim
433 5817 559 5882 post
599 5808 832 5870 initium,
865 5813 932 5864 ad
977 5813 1122 5866 ﬁnem
1161 5813 1302 5868 nobis
1342 5816 1472 5870 venit
1509 5815 1798 5871 hebdomas.

524 5924 801 5986 Peraea.
849 5925 965 5987 Gn.
1013 5926 1266 5990 XLVH.

3381 404 3488 476 ηε

1910 533 2292 600 Argumentum
2322 519 2549 586 humilia:
2579 527 2848 586 mutuatur
2870 517 2937 588 ab
2962 514 3044 586 his
3069 522 3272 586 verbis:
3304 527 3491 584 Demn—

1909 617 2112 676 bulabat
2149 621 2287 676 Deus
2325 623 2378 676 in
2417 622 2653 692 paradiso
2679 623 2732 676 in
2767 623 3002 689 meridie,
3031 621 3262 692 dicitque
3301 620 3492 693 impios

1909 728 2122 783 semper
2146 714 2363 783 pavidus
2383 725 2436 768 et
2459 713 2830 769 formidolosus
2850 729 2988 778 esse,
3016 714 3134 783 pios
3154 721 3330 768 autem
3361 713 3494 767 ttulit-

1909 804 1989 856 cia
2029 804 2232 872 plenos.
2271 803 2493 858 Demum
2534 818 2631 874 pro
2664 803 3044 860 consuetudine
3075 803 3144 858 de
3176 802 3496 872 iuramentis

1910 893 2136 948 vitandis
2163 895 2304 964 agit,
2345 905 2660 964 scutumque
2680 893 2790 964 iam
2820 893 2960 948 diem
3001 907 3118 949 esse
3155 893 3260 962 ait,
3293 905 3399 964 quo
3426 891 3495 947 de

1909 985 2166 1039 servanda
2197 984 2496 1053 huiusmodi
2527 984 2642 1053 lege
2666 983 2970 1038 admoneat.

1979 1067 2262 1130 llomiliam
2286 1090 2478 1131 nonam
2500 1076 2552 1130 in
2577 1074 2760 1130 feriam
2786 1073 3072 1130 secundam
3096 1075 3342 1130 secundm
3362 1072 3496 1128 lteb-

1910 1165 2150 1220 dumadis
2170 1165 2596 1236 Quadragesimac
2618 1165 2960 1234 probabiliter
2979 1165 3193 1234 coniicit
3211 1151 3497 1219 Tillemon-

1911 1257 2034 1311 tius.
2059 1255 2167 1311 llac
2193 1257 2258 1310 de
2285 1272 2342 1310 re
2367 1271 2494 1311 vero
2519 1257 2661 1310 nulla
2683 1265 2955 1325 comparet
2979 1265 3122 1320 nota,
3145 1267 3250 1326 qua
3272 1255 3357 1311 vel
3375 1261 3494 1310 ce‘r-

1911 1355 2020 1399 tum
2050 1345 2138 1402 vel
2161 1346 2448 1401 verisimile
2475 1346 2743 1417 quidpiam
2783 1354 3094 1400 statuamus.
3128 1345 3313 1401 Habita
3341 1347 3489 1399 certe

1911 1435 2008 1489 fuit
2037 1435 2153 1490 htee
2180 1437 2367 1490 concio
2395 1445 2514 1506 post
2539 1436 2810 1492 silentium
2837 1435 2920 1490 vel
2947 1435 3102 1490 unius
3138 1435 3224 1490 vel
3261 1433 3492 1504 plurium

1909 1526 2148 1593 dierum,
2184 1537 2242 1581 ut
2283 1528 2434 1582 initio
2477 1527 2674 1582 diserte
2711 1527 2785 1581 ait
2821 1526 3271 1598 Chrysostumus,
3308 1537 3495 1582 contra

1909 1633 2068 1688 quam
2094 1619 2342 1687 Opinatur
2379 1619 2777 1684 Tillemontius,
2805 1619 3042 1690 quicum
3070 1627 3310 1673 octavam
3337 1619 3389 1672 in
3421 1618 3496 1679 re,

1909 1709 2041 1762 riam
2071 1715 2275 1763 sextam
2298 1710 2578 1779 conjiciat,
2607 1715 2662 1764 et
2687 1723 2882 1764 nonam
2913 1710 2965 1763 in
2995 1709 3177 1764 feriam
3205 1708 3493 1764 secundum

1911 1797 2260 1854 hebdomadis
2293 1800 2596 1870 sequentis,
2637 1800 2711 1854 ait
2747 1801 2798 1854 in
2836 1799 2955 1854 Vita
2987 1799 3353 1872 Chrysostomi
3389 1804 3494 1856 art.

1911 1889 1999 1955 15,
2029 1889 2367 1958 interpositas
2395 1889 2598 1945 sabbati
2623 1897 2678 1945 et
2706 1889 2992 1944 Dominicte
3017 1889 3132 1944 dies
3161 1889 3326 1944 fuisse
3351 1888 3496 1944 hartd

1910 1979 2070 2034 dubie
2089 1978 2455 2050 Chrysostoml
2475 1979 2820 2035 cuucionibus
2842 1979 3136 2049 insignitas,
3153 1995 3271 2051 qua:
3289 1980 3498 2035 concio:

1912 2086 2005 2125 nes
2025 2069 2133 2139 iam
2155 2070 2366 2124 amissas
2388 2069 2600 2124 fuerint.
2631 2070 2885 2140 Pupulum
2907 2069 3084 2124 autem
3105 2068 3494 2124 Antiochenam

1912 2163 2092 2218 htttdat
2127 2163 2279 2218 initio
2303 2201 2318 2229 ,
2348 2161 2486 2232 quod
2516 2162 2732 2217 monitis
2757 2163 2868 2218 suis
2894 2162 3325 2230 obtemperantes
3347 2159 3497 2216 audi-

1912 2265 2054 2311 tores
2078 2255 2146 2310 de
2179 2254 2436 2324 abigende
2471 2253 2896 2324 iuramentorum
2925 2252 3308 2308 consuetudine
3337 2265 3494 2306 cura-

1910 2355 2047 2402 rent.
2078 2346 2134 2399 lu
2167 2347 2281 2401 hazc
2312 2347 2438 2400 item
2469 2345 2628 2399 verba
2648 2387 2663 2411 ,
2694 2344 2818 2400 Caéli
2842 2353 3079 2398 en‘arrant
3112 2341 3329 2416 gloriam
3368 2343 3494 2409 Dei,

1908 2438 2073 2492 multa
2099 2437 2246 2504 dicit,
2277 2451 2340 2492 ac
2369 2436 2459 2491 Dei
2490 2437 2870 2505 providentiam
2899 2437 2950 2492 in
2976 2451 3150 2491 rerum
3175 2428 3498 2490 naturalium"

1910 2526 2097 2581 ordine
2129 2536 2288 2595 atque
2329 2534 2592 2580 concentu
2632 2525 2886 2595 praedicat
2915 2543 2929 2579 :
2956 2525 3276 2596 (lentumque
3314 2529 3498 2580 monet

1911 2624 1968 2672 ut
1995 2632 2024 2670 a
2049 2616 2367 2686 iuramentis
2395 2615 2744 2671 abstineatur.

1983 2711 2204 2765 llomilia
2231 2710 2436 2766 decima
2466 2724 2570 2764 non
2603 2709 2690 2765 die
2729 2719 2923 2764 nonam
2963 2709 3275 2779 insequente
3315 2707 3494 2761 habita

1911 2803 2026 2870 fuit,
2055 2805 2180 2859 licet
2205 2803 2343 2858 idem
2377 2811 2725 2872 prosequatur
2750 2811 3120 2872 argumentum
3151 2808 3206 2854 ut
3233 2807 3366 2853 Voce
3393 2812 3495 2851 nu-

1911 2911 2019 2968 per,
2047 2895 2324 2949 indicatur.
2355 2893 2697 2949 Auditoribus
2725 2899 2899 2947 autem
2927 2890 3222 2960 gratulatur
3255 2888 3494 2960 Clrrysoa’

1909 2998 2146 3054 stomus,
2185 2987 2330 3058 quod
2367 2987 2584 3040 munitis
2622 2987 2732 3042 suis
2773 2983 3274 3054 obtemperaveriut.
3314 2981 3497 3052 Longe

1911 3079 2099 3134 melius
2119 3093 2237 3132 esse
2261 3079 2334 3132 ait
2361 3078 2579 3132 verbum
2605 3077 2808 3141 audire,
2831 3089 2989 3147 quam
3013 3075 3276 3145 ieiunare.
3302 3071 3498 3128 Probat

1908 3171 2101 3226 deinde
2120 3170 2374 3225 mundum
2399 3169 2514 3224 sine
2535 3167 2628 3223 Dei
2651 3168 2977 3238 providentia
3004 3168 3145 3221 stare
3169 3180 3274 3220 non
3298 3163 3497 3236 posse:

1909 3260 2206 3329 desinitque
2231 3259 2443 3314 demum
2470 3257 2800 3314 cohortando
2827 3265 2883 3310 ut
2905 3257 3209 3326 iuramenta
3241 3255 3492 3309 vitentur.

1979 3351 2261 3406 llomiliam
2293 3349 2625 3404 undecimam
2669 3356 2816 3418 putat
2854 3338 3226 3401 Tillemontius
3260 3343 3498 3398 habitam

1909 3439 2072 3497 fuisse
2099 3449 2220 3511 pust
2245 3455 2385 3507 eam,
2416 3455 2533 3510 qua:
2561 3439 2764 3494 decima
2791 3439 2973 3508 quinta
3001 3437 3307 3493 inscribitur
3334 3435 3492 3499 infra,

1907 3545 2114 3588 necnon
2144 3540 2264 3600 post
2291 3539 2598 3601 sequentem
2623 3528 2881 3584 decimam
2911 3538 3135 3582 sextam.
3169 3527 3281 3582 Hoc
3310 3535 3488 3581 autem

1907 3625 2186 3681 ratiocinio
2213 3624 2401 3677 nititur
2427 3623 2515 3677 ille
2540 3637 2554 3674 :
2581 3621 2639 3676 In
2669 3635 2728 3676 ea
2753 3663 2766 3685 ,
2791 3619 2960 3690 inquit
2979 3662 2993 3685 ,
3021 3618 3234 3674 humilia
3262 3618 3329 3673 de
3352 3617 3500 3690 perii

1907 3717 2043 3772 culis
2081 3723 2136 3771 et
2176 3715 2457 3780 ternmuis,
2489 3713 2683 3784 quibus
2719 3711 2827 3782 iam
2871 3711 3046 3766 functa
3083 3711 3270 3765 civitas
3309 3709 3496 3764 Antio-

1910 3809 2077 3864 chena
2106 3818 2254 3874 erat,-
2280 3807 2473 3876 ag'ilur,
2506 3821 2624 3876 qua:
2659 3813 2777 3875 post
2806 3805 3090 3859 adventum
3121 3801 3414 3858 llellcbichi
3441 3809 3496 3856 et

1911 3899 2128 3955 Ctesarii
2168 3898 2426 3952 accidisse
2453 3897 2720 3951 videntur.
2756 3896 2844 3949 llle
2873 3903 3052 3949 autem
3081 3893 3338 3949 adventus
3368 3891 3496 3946 Hel-

1907 3989 2101 4046 lebichi
2129 3998 2183 4044 et
2207 3986 2421 4043 (ΣτρεπῙί
2451 3988 2502 4041 in
2529 3987 2750 4042 decimae
2785 3987 3024 4055 septima:
3054 3983 3287 4040 humilia:
3317 3983 3491 4048 titulo,

1908 4083 2064 4153 longe
2094 4091 2208 4152 pust
2236 4080 2601 4145 undecimam,
2631 4077 2699 4132 de
2728 4093 2830 4147 qua
2860 4092 3000 4132 nunc
3027 4075 3263 4147 agimus,
3292 4089 3494 4130 memo-

1907 4185 2074 4228 ratur.
2114 4173 2225 4228 lloc
2263 4171 2422 4226 fultus
2447 4178 2762 4239 argumento
2800 4167 3174 4223 Tillemontius
3198 4181 3303 4221 non
3333 4164 3494 4220 modo

1907 4265 2167 4319 decimam
2209 4263 2478 4331 quintam,
2517 4259 2610 4314 sed
2650 4260 2809 4313 etiam
2839 4257 3099 4312 decimam
3128 4265 3333 4312 sextam
3369 4265 3492 4310 ante

1905 4355 2241 4411 undecimam
2262 4352 2538 4407 locandam
2557 4365 2676 4406 esse
2696 4359 2862 4422 putat.
2889 4350 2955 4406 A‘t
2979 4360 3327 4420 prmterquam
3349 4349 3491 4420 quod

1908 4463 2092 4504 omnes
2117 4460 2336 4517 prorsus
2361 4442 2700 4512 Manuscripti
2726 4441 2970 4497 eumdem
2999 4455 3153 4512 quem
3181 4438 3321 4495 Editi
3347 4438 3494 4495 ordi-

1909 4555 2028 4594 nem
2051 4546 2265 4594 servant
2289 4556 2303 4592 :
2322 4552 2384 4593 ea
2405 4536 2582 4591 omnia
2605 4551 2722 4606 quae
2746 4543 2870 4590 tunc
2891 4534 3146 4603 temporis
3159 4533 3490 4599 acciderunt,

1906 4631 2098 4686 bonam
2123 4628 2386 4684 interdum
2413 4641 2582 4698 spem,
2612 4625 2864 4696 pericula,
2894 4625 3136 4692 timores,
3159 4623 3350 4690 minus,
3373 4639 3493 4694 qua:

1906 4719 2044 4776 bene
2078 4719 2243 4774 multa
2279 4721 2332 4774 in
2376 4719 2488 4788 pari
2521 4731 2654 4772 casu
2689 4729 2900 4786 semper
2933 4715 3244 4785 contingere
3279 4715 3494 4781 solent,

1907 4825 2013 4868 non
2034 4819 2117 4866 sat
2140 4818 2384 4866 accurate
2413 4809 2676 4874 novimus,
2710 4817 2768 4862 ut
2793 4821 2858 4862 ex
2889 4806 3191 4876 huiusmodi
3211 4806 3490 4860 ratiocinio

1907 4905 2106 4974 aliquid
2133 4904 2186 4959 in
2221 4903 2407 4959 ordine
2444 4901 2758 4957 mutandum
2785 4915 2846 4954 ea
2875 4899 2943 4954 de
2967 4905 3126 4954 causa
3153 4913 3488 4955 censeamus.

1907 4996 2070 5051 Multa
2106 4994 2240 5050 dixit
2276 4993 2718 5065 Cbrysu‘stomus,
2758 4989 3004 5060 forteque
3035 4989 3190 5060 longe
3227 4989 3376 5058 plura
3409 4997 3490 5042 ta-

1907 5089 2041 5144 cuit.
2069 5085 2425 5155 Quamobrem
2453 5083 2626 5138 donec
2651 5080 2774 5152 quid
2800 5081 3004 5136 certius
3027 5088 3284 5150 emergat,
3313 5078 3492 5148 prisco

1906 5177 2079 5233 ordini
2106 5175 2354 5232 standum
2383 5182 2648 5242 putamus.
2675 5171 2730 5225 ln
2757 5171 2856 5226 hac
2882 5170 3042 5240 igitur
3067 5170 3281 5224 humilia
3316 5169 3490 5238 primo

1907 5269 2102 5341 gratias
2141 5268 2250 5338 agit
2284 5267 2697 5336 Chrysostomus
2717 5300 2735 5328 ,
2766 5262 2915 5332 quod
2935 5260 3120 5316 ciVitas
3147 5261 3215 5315 ab
3250 5257 3488 5313 immisso

1909 5367 2116 5417 terrore
2142 5359 2516 5428 respiraverit;
2547 5371 2614 5412 ex
2642 5355 2850 5426 iniectis
2872 5354 3066 5424 quippe
3097 5350 3486 5420 suspicionibus

1907 5453 2174 5524 perterriti
2201 5449 2572 5523 quamplurimi
2600 5449 2911 5518 aufugerunt
2933 5462 2946 5497 :
2975 5442 3077 5498 lroc
3099 5441 3415 5496 calamitatis
3433 5453 3488 5496 ct

1904 5543 2128 5599 terroris
2152 5550 2414 5612 tempore,
2437 5543 2637 5611 aliquot
2661 5540 2848 5594 diebus
2871 5533 3031 5588 tacuit
3048 5532 3482 5604 Chrysustomus,

1906 5645 1964 5690 ut
1991 5635 2106 5704 ipse
2132 5633 2222 5688 ait.
2258 5633 2405 5688 lianc
2431 5645 2558 5688 vero
2583 5628 2852 5684 humilium
2877 5625 3090 5694 coniicit
3117 5625 3484 5682 Tillemontius

1909 5727 1964 5781 in
1993 5725 2175 5780 feriam
2203 5723 2488 5780 secundam
2522 5726 2725 5792 quartae
2753 5713 3100 5772 hebdomadis
3128 5715 3484 5786 Quadragesi-

1911 5834 2030 5878 mae.
2059 5818 2346 5880 etquidem
2373 5815 2590 5876 optime.
2617 5820 2675 5866 ut
2701 5805 2767 5864 ad
2793 5803 3064 5862 homiliam
3089 5807 3348 5864 decimam
3373 5813 3483 5862 ter-

3051 5919 3132 5982 ω,
