  <div class='ocr_page' id='page_1' title='image "/cluster/home/n/w/nwhite01/storage/ocr_20150623/47:no.1:pt.1/coo.31924054869460/157.png"; bbox 0 0 3948 6402; ppageno 0'>
   <div class='ocr_carea' id='block_1_1' title="bbox 445 434 545 491">
    <p class='ocr_par' dir='ltr' id='par_1_1' title="bbox 445 434 545 491">
     <span class='ocr_line' id='line_1_1' title="bbox 445 434 545 491; baseline -0.04 0"><span class='ocrx_word' id='word_1_1' title='bbox 445 434 545 491; x_wconf 76' lang='grc'><strong>119</strong></span> 
     </span>
    </p>
   </div>
   <div class='ocr_carea' id='block_1_2' title="bbox 446 524 2023 609">
    <p class='ocr_par' dir='ltr' id='par_1_2' title="bbox 446 524 2023 609">
     <span class='ocr_line' id='line_1_2' title="bbox 446 524 2023 609; baseline -0.017 -6"><span class='ocrx_word' id='word_1_2' title='bbox 446 548 569 603; x_wconf 88' lang='lat' dir='ltr'><strong>tiam</strong></span> <span class='ocrx_word' id='word_1_3' title='bbox 597 546 855 599; x_wconf 82' lang='lat' dir='ltr'><strong>dicemus.</strong></span> <span class='ocrx_word' id='word_1_4' title='bbox 887 537 1073 609; x_wconf 83' lang='lat' dir='ltr'><strong>Agitur</strong></span> <span class='ocrx_word' id='word_1_5' title='bbox 1099 530 1364 605; x_wconf 77' lang='lat' dir='ltr'><strong>prazcipue</strong></span> <span class='ocrx_word' id='word_1_6' title='bbox 1390 546 1442 584; x_wconf 79' lang='lat' dir='ltr'><strong>In</strong></span> <span class='ocrx_word' id='word_1_7' title='bbox 1465 529 1564 582; x_wconf 85' lang='lat' dir='ltr'><strong>hac</strong></span> <span class='ocrx_word' id='word_1_8' title='bbox 1588 526 1806 581; x_wconf 82' lang='lat' dir='ltr'><strong>bomilia</strong></span> <span class='ocrx_word' id='word_1_9' title='bbox 1838 525 1904 579; x_wconf 83' lang='lat' dir='ltr'><strong>de</strong></span> <span class='ocrx_word' id='word_1_10' title='bbox 1931 524 2023 577; x_wconf 86' lang='lat' dir='ltr'><strong>Dei</strong></span> 
     </span>
    </p>
   </div>
   <div class='ocr_carea' id='block_1_3' title="bbox 444 614 1993 707">
    <p class='ocr_par' dir='ltr' id='par_1_3' title="bbox 444 614 1993 707">
     <span class='ocr_line' id='line_1_3' title="bbox 444 614 1993 707; baseline -0.015 -15"><span class='ocrx_word' id='word_1_11' title='bbox 444 636 698 707; x_wconf 72' lang='lat' dir='ltr'><strong>sapientia</strong></span> <span class='ocrx_word' id='word_1_12' title='bbox 737 635 792 687; x_wconf 93' lang='lat' dir='ltr'><strong>in</strong></span> <span class='ocrx_word' id='word_1_13' title='bbox 830 628 1060 685; x_wconf 87' lang='lat' dir='ltr'><strong>hominis</strong></span> <span class='ocrx_word' id='word_1_14' title='bbox 1089 622 1463 681; x_wconf 77' lang='lat' dir='ltr'><strong>constitutione</strong></span> <span class='ocrx_word' id='word_1_15' title='bbox 1484 662 1498 688; x_wconf 96' lang='lat'><strong>,</strong></span> <span class='ocrx_word' id='word_1_16' title='bbox 1537 629 1591 674; x_wconf 91' lang='lat' dir='ltr'><strong>et</strong></span> <span class='ocrx_word' id='word_1_17' title='bbox 1619 618 1669 672; x_wconf 89' lang='lat' dir='ltr'><strong>in</strong></span> <span class='ocrx_word' id='word_1_18' title='bbox 1712 618 1814 671; x_wconf 88' lang='lat' dir='ltr'><strong>line</strong></span> <span class='ocrx_word' id='word_1_19' title='bbox 1844 617 1909 670; x_wconf 87' lang='lat' dir='ltr'><strong>de</strong></span> <span class='ocrx_word' id='word_1_20' title='bbox 1943 614 1993 669; x_wconf 85' lang='lat' dir='ltr'><strong>vi</strong></span> 
     </span>
    </p>
   </div>
   <div class='ocr_carea' id='block_1_4' title="bbox 445 726 944 794">
    <p class='ocr_par' dir='ltr' id='par_1_4' title="bbox 445 726 944 794">
     <span class='ocr_line' id='line_1_4' title="bbox 445 726 944 794; baseline -0.016 -13"><span class='ocrx_word' id='word_1_21' title='bbox 445 727 602 782; x_wconf 87' lang='lat' dir='ltr'><strong>tando</strong></span> <span class='ocrx_word' id='word_1_22' title='bbox 622 726 944 794; x_wconf 89' lang='lat' dir='ltr'><strong>juramento.</strong></span> 
     </span>
    </p>
   </div>
   <div class='ocr_carea' id='block_1_5' title="bbox 513 798 2025 873">
    <p class='ocr_par' dir='ltr' id='par_1_5' title="bbox 513 798 2025 873">
     <span class='ocr_line' id='line_1_5' title="bbox 513 798 2025 873; baseline -0.014 0"><span class='ocrx_word' id='word_1_23' title='bbox 513 816 892 873; x_wconf 89' lang='lat' dir='ltr'><strong>Duodecimam</strong></span> <span class='ocrx_word' id='word_1_24' title='bbox 923 821 1051 868; x_wconf 84' lang='lat' dir='ltr'><strong>ttem</strong></span> <span class='ocrx_word' id='word_1_25' title='bbox 1079 818 1132 866; x_wconf 89' lang='lat' dir='ltr'><strong>et</strong></span> <span class='ocrx_word' id='word_1_26' title='bbox 1159 809 1418 865; x_wconf 77' lang='lat' dir='ltr'><strong>decimam</strong></span> <span class='ocrx_word' id='word_1_27' title='bbox 1455 803 1660 860; x_wconf 88' lang='lat' dir='ltr'><strong>tertiam</strong></span> <span class='ocrx_word' id='word_1_28' title='bbox 1683 844 1695 867; x_wconf 85' lang='lat'><strong>,</strong></span> <span class='ocrx_word' id='word_1_29' title='bbox 1727 810 1848 872; x_wconf 89' lang='lat' dir='ltr'><strong>post</strong></span> <span class='ocrx_word' id='word_1_30' title='bbox 1880 798 2025 854; x_wconf 87' lang='lat' dir='ltr'><strong>deci-</strong></span> 
     </span>
    </p>
   </div>
   <div class='ocr_carea' id='block_1_6' title="bbox 444 892 2026 977">
    <p class='ocr_par' dir='ltr' id='par_1_6' title="bbox 444 892 2026 977">
     <span class='ocr_line' id='line_1_6' title="bbox 444 892 2026 977; baseline -0.014 -14"><span class='ocrx_word' id='word_1_31' title='bbox 444 924 581 963; x_wconf 90' lang='lat' dir='ltr'><strong>mam</strong></span> <span class='ocrx_word' id='word_1_32' title='bbox 610 905 850 977; x_wconf 82' lang='lat' dir='ltr'><strong>quintam</strong></span> <span class='ocrx_word' id='word_1_33' title='bbox 876 912 931 958; x_wconf 83' lang='lat' dir='ltr'><strong>et</strong></span> <span class='ocrx_word' id='word_1_34' title='bbox 963 900 1221 956; x_wconf 85' lang='lat' dir='ltr'><strong>decimam</strong></span> <span class='ocrx_word' id='word_1_35' title='bbox 1253 905 1487 959; x_wconf 83' lang='lat' dir='ltr'><strong>sextam,</strong></span> <span class='ocrx_word' id='word_1_36' title='bbox 1519 892 1704 947; x_wconf 88' lang='lat' dir='ltr'><strong>eadem</strong></span> <span class='ocrx_word' id='word_1_37' title='bbox 1737 904 1838 961; x_wconf 89' lang='lat' dir='ltr'><strong>qua</strong></span> <span class='ocrx_word' id='word_1_38' title='bbox 1865 904 2026 958; x_wconf 86' lang='lat' dir='ltr'><strong>supra</strong></span> 
     </span>
    </p>
   </div>
   <div class='ocr_carea' id='block_1_7' title="bbox 442 980 2026 1065">
    <p class='ocr_par' dir='ltr' id='par_1_7' title="bbox 442 980 2026 1065">
     <span class='ocr_line' id='line_1_7' title="bbox 442 980 2026 1065; baseline -0.011 -13"><span class='ocrx_word' id='word_1_39' title='bbox 442 1001 509 1053; x_wconf 88' lang='lat' dir='ltr'><strong>de</strong></span> <span class='ocrx_word' id='word_1_40' title='bbox 537 1013 696 1054; x_wconf 88' lang='lat' dir='ltr'><strong>causa</strong></span> <span class='ocrx_word' id='word_1_41' title='bbox 723 994 897 1065; x_wconf 79' lang='lat' dir='ltr'><strong>rejiett</strong></span> <span class='ocrx_word' id='word_1_42' title='bbox 917 991 1306 1049; x_wconf 87' lang='lat' dir='ltr'><strong>Tillemontius.</strong></span> <span class='ocrx_word' id='word_1_43' title='bbox 1336 989 1404 1043; x_wconf 89' lang='lat' dir='ltr'><strong>At</strong></span> <span class='ocrx_word' id='word_1_44' title='bbox 1432 985 1616 1041; x_wconf 90' lang='lat' dir='ltr'><strong>nescio</strong></span> <span class='ocrx_word' id='word_1_45' title='bbox 1639 998 1745 1054; x_wconf 87' lang='lat' dir='ltr'><strong>quo</strong></span> <span class='ocrx_word' id='word_1_46' title='bbox 1771 989 1923 1052; x_wconf 89' lang='lat' dir='ltr'><strong>pacto</strong></span> <span class='ocrx_word' id='word_1_47' title='bbox 1946 980 2026 1035; x_wconf 93' lang='lat' dir='ltr'><strong>in-</strong></span> 
     </span>
    </p>
   </div>
   <div class='ocr_carea' id='block_1_8' title="bbox 444 1070 2028 1158">
    <p class='ocr_par' dir='ltr' id='par_1_8' title="bbox 444 1070 2028 1158">
     <span class='ocr_line' id='line_1_8' title="bbox 444 1070 2028 1158; baseline -0.011 -17"><span class='ocrx_word' id='word_1_48' title='bbox 444 1088 647 1158; x_wconf 88' lang='lat' dir='ltr'><strong>telligat</strong></span> <span class='ocrx_word' id='word_1_49' title='bbox 673 1086 801 1141; x_wconf 91' lang='lat' dir='ltr'><strong>illud</strong></span> <span class='ocrx_word' id='word_1_50' title='bbox 835 1085 886 1139; x_wconf 92' lang='lat' dir='ltr'><strong>in</strong></span> <span class='ocrx_word' id='word_1_51' title='bbox 914 1084 1013 1137; x_wconf 83' lang='lat' dir='ltr'><strong>hac</strong></span> <span class='ocrx_word' id='word_1_52' title='bbox 1046 1081 1260 1136; x_wconf 86' lang='lat' dir='ltr'><strong>bomilia</strong></span> <span class='ocrx_word' id='word_1_53' title='bbox 1286 1073 1598 1134; x_wconf 89' lang='lat' dir='ltr'><strong>duodecima</strong></span> <span class='ocrx_word' id='word_1_54' title='bbox 1628 1090 1774 1129; x_wconf 92' lang='lat' dir='ltr'><strong>num.</strong></span> <span class='ocrx_word' id='word_1_55' title='bbox 1807 1074 1834 1128; x_wconf 77' lang='lat'><strong>1</strong></span> <span class='ocrx_word' id='word_1_56' title='bbox 1869 1092 1881 1126; x_wconf 90' lang='lat'>:</span> <span class='ocrx_word' id='word_1_57' title='bbox 1912 1070 2028 1125; x_wconf 86' lang='lat' dir='ltr'><strong>Tri-</strong></span> 
     </span>
    </p>
   </div>
   <div class='ocr_carea' id='block_1_9' title="bbox 444 1163 2027 1248">
    <p class='ocr_par' dir='ltr' id='par_1_9' title="bbox 444 1163 2027 1248">
     <span class='ocr_line' id='line_1_9' title="bbox 444 1163 2027 1248; baseline -0.011 -15"><span class='ocrx_word' id='word_1_58' title='bbox 444 1180 533 1233; x_wconf 86' lang='lat' dir='ltr'><strong>bus</strong></span> <span class='ocrx_word' id='word_1_59' title='bbox 556 1179 708 1248; x_wconf 80' lang='lat' dir='ltr'><strong>igitur</strong></span> <span class='ocrx_word' id='word_1_60' title='bbox 730 1174 994 1246; x_wconf 76' lang='lat' dir='ltr'><strong>prazteritis</strong></span> <span class='ocrx_word' id='word_1_61' title='bbox 1015 1172 1186 1226; x_wconf 82' lang='lat' dir='ltr'><strong>diebus</strong></span> <span class='ocrx_word' id='word_1_62' title='bbox 1208 1187 1363 1223; x_wconf 86' lang='lat' dir='ltr'><strong>unum</strong></span> <span class='ocrx_word' id='word_1_63' title='bbox 1386 1165 1685 1238; x_wconf 87' lang='lat' dir='ltr'><strong>cegnitionis</strong></span> <span class='ocrx_word' id='word_1_64' title='bbox 1703 1163 1801 1218; x_wconf 89' lang='lat' dir='ltr'><strong>Dei</strong></span> <span class='ocrx_word' id='word_1_65' title='bbox 1821 1163 2027 1217; x_wconf 87' lang='lat' dir='ltr'><strong>modum</strong></span> 
     </span>
    </p>
   </div>
   <div class='ocr_carea' id='block_1_10' title="bbox 446 1254 2029 1337">
    <p class='ocr_par' dir='ltr' id='par_1_10' title="bbox 446 1254 2029 1337">
     <span class='ocr_line' id='line_1_10' title="bbox 446 1254 2029 1337; baseline -0.011 -13"><span class='ocrx_word' id='word_1_66' title='bbox 446 1270 812 1337; x_wconf 68' lang='lat' dir='ltr'><strong>qurerebamus,</strong></span> <span class='ocrx_word' id='word_1_67' title='bbox 844 1266 1106 1334; x_wconf 84' lang='lat' dir='ltr'><strong>ipsumque</strong></span> <span class='ocrx_word' id='word_1_68' title='bbox 1139 1262 1192 1315; x_wconf 89' lang='lat' dir='ltr'><strong>in</strong></span> <span class='ocrx_word' id='word_1_69' title='bbox 1220 1261 1371 1330; x_wconf 81' lang='lat' dir='ltr'><strong>finem</strong></span> <span class='ocrx_word' id='word_1_70' title='bbox 1409 1257 1708 1311; x_wconf 69' lang='lat' dir='ltr'><strong>deduximus</strong></span> <span class='ocrx_word' id='word_1_71' title='bbox 1729 1296 1743 1321; x_wconf 91' lang='lat'><strong>,</strong></span> <span class='ocrx_word' id='word_1_72' title='bbox 1780 1254 2029 1322; x_wconf 84' lang='lat' dir='ltr'><strong>interpre-</strong></span> 
     </span>
    </p>
   </div>
   <div class='ocr_carea' id='block_1_11' title="bbox 445 1346 2028 1432">
    <p class='ocr_par' dir='ltr' id='par_1_11' title="bbox 445 1346 2028 1432">
     <span class='ocr_line' id='line_1_11' title="bbox 445 1346 2028 1432; baseline -0.01 -17"><span class='ocrx_word' id='word_1_73' title='bbox 445 1371 605 1416; x_wconf 86' lang='lat' dir='ltr'><strong>tantes</strong></span> <span class='ocrx_word' id='word_1_74' title='bbox 628 1359 880 1432; x_wconf 87' lang='lat' dir='ltr'><strong>quomodo</strong></span> <span class='ocrx_word' id='word_1_75' title='bbox 901 1355 1029 1412; x_wconf 77' lang='lat' dir='ltr'><strong>Caeli</strong></span> <span class='ocrx_word' id='word_1_76' title='bbox 1054 1361 1305 1411; x_wconf 91' lang='lat' dir='ltr'><strong>enarrant</strong></span> <span class='ocrx_word' id='word_1_77' title='bbox 1322 1351 1545 1423; x_wconf 83' lang='lat' dir='ltr'><strong>gloriam</strong></span> <span class='ocrx_word' id='word_1_78' title='bbox 1573 1347 1702 1414; x_wconf 88' lang='lat' dir='ltr'><strong>Dei;</strong></span> <span class='ocrx_word' id='word_1_79' title='bbox 1729 1357 1775 1401; x_wconf 87' lang='lat' dir='ltr'><strong>et</strong></span> <span class='ocrx_word' id='word_1_80' title='bbox 1795 1347 1941 1418; x_wconf 83' lang='lat' dir='ltr'><strong>quale</strong></span> <span class='ocrx_word' id='word_1_81' title='bbox 1964 1346 2028 1399; x_wconf 81' lang='lat' dir='ltr'><strong>sit</strong></span> 
     </span>
    </p>
   </div>
   <div class='ocr_carea' id='block_1_12' title="bbox 447 1438 2029 1516">
    <p class='ocr_par' dir='ltr' id='par_1_12' title="bbox 447 1438 2029 1516">
     <span class='ocr_line' id='line_1_12' title="bbox 447 1438 2029 1516; baseline -0.011 -9"><span class='ocrx_word' id='word_1_82' title='bbox 447 1453 602 1509; x_wconf 83' lang='lat' dir='ltr'><strong>Pauli</strong></span> <span class='ocrx_word' id='word_1_83' title='bbox 629 1455 817 1506; x_wconf 83' lang='lat' dir='ltr'><strong>dictum</strong></span> <span class='ocrx_word' id='word_1_84' title='bbox 837 1493 850 1516; x_wconf 92' lang='lat'><strong>,</strong></span> <span class='ocrx_word' id='word_1_85' title='bbox 882 1447 1169 1504; x_wconf 84' lang='lat' dir='ltr'><strong>Invisibilia</strong></span> <span class='ocrx_word' id='word_1_86' title='bbox 1200 1446 1367 1514; x_wconf 90' lang='lat' dir='ltr'><strong>ipsius</strong></span> <span class='ocrx_word' id='word_1_87' title='bbox 1393 1458 1421 1497; x_wconf 91' lang='lat' dir='ltr'><strong>a</strong></span> <span class='ocrx_word' id='word_1_88' title='bbox 1451 1449 1697 1497; x_wconf 83' lang='lat' dir='ltr'><strong>creatura</strong></span> <span class='ocrx_word' id='word_1_89' title='bbox 1724 1438 1904 1493; x_wconf 92' lang='lat' dir='ltr'><strong>mundi</strong></span> <span class='ocrx_word' id='word_1_90' title='bbox 1935 1450 2029 1504; x_wconf 85' lang='lat' dir='ltr'><strong>per</strong></span> 
     </span>
    </p>
   </div>
   <div class='ocr_carea' id='block_1_13' title="bbox 445 1529 2030 1616">
    <p class='ocr_par' dir='ltr' id='par_1_13' title="bbox 445 1529 2030 1616">
     <span class='ocr_line' id='line_1_13' title="bbox 445 1529 2030 1616; baseline -0.011 -15"><span class='ocrx_word' id='word_1_91' title='bbox 445 1562 506 1600; x_wconf 88' lang='lat' dir='ltr'><strong>ea</strong></span> <span class='ocrx_word' id='word_1_92' title='bbox 528 1587 542 1613; x_wconf 94' lang='lat'><strong>,</strong></span> <span class='ocrx_word' id='word_1_93' title='bbox 570 1561 688 1616; x_wconf 74' lang='lat' dir='ltr'><strong>qua:</strong></span> <span class='ocrx_word' id='word_1_94' title='bbox 719 1544 854 1599; x_wconf 87' lang='lat' dir='ltr'><strong>facta</strong></span> <span class='ocrx_word' id='word_1_95' title='bbox 888 1550 1042 1607; x_wconf 91' lang='lat' dir='ltr'><strong>sunt,</strong></span> <span class='ocrx_word' id='word_1_96' title='bbox 1085 1533 1353 1595; x_wconf 89' lang='lat' dir='ltr'><strong>intellecta</strong></span> <span class='ocrx_word' id='word_1_97' title='bbox 1391 1533 1790 1605; x_wconf 88' lang='lat' dir='ltr'><strong>conspiciuntur</strong></span> <span class='ocrx_word' id='word_1_98' title='bbox 1817 1549 1831 1586; x_wconf 90' lang='lat'><strong>:</strong></span> <span class='ocrx_word' id='word_1_99' title='bbox 1863 1540 1909 1584; x_wconf 87' lang='lat' dir='ltr'><strong>et</strong></span> <span class='ocrx_word' id='word_1_100' title='bbox 1940 1529 2030 1584; x_wconf 85' lang='lat' dir='ltr'><strong>de-</strong></span> 
     </span>
    </p>
   </div>
   <div class='ocr_carea' id='block_1_14' title="bbox 445 1624 2028 1705">
    <p class='ocr_par' dir='ltr' id='par_1_14' title="bbox 445 1624 2028 1705">
     <span class='ocr_line' id='line_1_14' title="bbox 445 1624 2028 1705; baseline -0.011 -13"><span class='ocrx_word' id='word_1_101' title='bbox 445 1638 827 1694; x_wconf 76' lang='lat' dir='ltr'><strong>monstravimus</strong></span> <span class='ocrx_word' id='word_1_102' title='bbox 866 1633 1115 1705; x_wconf 87' lang='lat' dir='ltr'><strong>quomodo</strong></span> <span class='ocrx_word' id='word_1_103' title='bbox 1149 1648 1179 1684; x_wconf 91' lang='lat' dir='ltr'><strong>a</strong></span> <span class='ocrx_word' id='word_1_104' title='bbox 1207 1638 1436 1685; x_wconf 83' lang='lat' dir='ltr'><strong>creatura</strong></span> <span class='ocrx_word' id='word_1_105' title='bbox 1470 1627 1673 1690; x_wconf 85' lang='lat' dir='ltr'><strong>mundi,</strong></span> <span class='ocrx_word' id='word_1_106' title='bbox 1705 1634 1751 1680; x_wconf 89' lang='lat' dir='ltr'><strong>et</strong></span> <span class='ocrx_word' id='word_1_107' title='bbox 1780 1624 2028 1693; x_wconf 86' lang='lat' dir='ltr'><strong>quomodo</strong></span> 
     </span>
    </p>
   </div>
   <div class='ocr_carea' id='block_1_15' title="bbox 446 1710 2031 1802">
    <p class='ocr_par' dir='ltr' id='par_1_15' title="bbox 446 1710 2031 1802">
     <span class='ocr_line' id='line_1_15' title="bbox 446 1710 2031 1802; baseline -0.013 -16"><span class='ocrx_word' id='word_1_108' title='bbox 446 1748 533 1802; x_wconf 85' lang='lat' dir='ltr'><strong>per</strong></span> <span class='ocrx_word' id='word_1_109' title='bbox 554 1729 730 1785; x_wconf 73' lang='lat' dir='ltr'><strong>emtum</strong></span> <span class='ocrx_word' id='word_1_110' title='bbox 756 1736 801 1782; x_wconf 89' lang='lat' dir='ltr'><strong>et</strong></span> <span class='ocrx_word' id='word_1_111' title='bbox 831 1738 1013 1781; x_wconf 86' lang='lat' dir='ltr'><strong>terram</strong></span> <span class='ocrx_word' id='word_1_112' title='bbox 1037 1733 1081 1778; x_wconf 87' lang='lat' dir='ltr'><strong>et</strong></span> <span class='ocrx_word' id='word_1_113' title='bbox 1105 1739 1245 1777; x_wconf 87' lang='lat' dir='ltr'><strong>mare</strong></span> <span class='ocrx_word' id='word_1_114' title='bbox 1271 1720 1480 1776; x_wconf 88' lang='lat' dir='ltr'><strong>Creator</strong></span> <span class='ocrx_word' id='word_1_115' title='bbox 1506 1717 1833 1789; x_wconf 83' lang='lat' dir='ltr'><strong>gloriﬁcetur.</strong></span> <span class='ocrx_word' id='word_1_116' title='bbox 1865 1710 2031 1768; x_wconf 79' lang='lat' dir='ltr'><strong>Hodie</strong></span> 
     </span>
    </p>
   </div>
   <div class='ocr_carea' id='block_1_16' title="bbox 443 1804 2028 1888">
    <p class='ocr_par' dir='ltr' id='par_1_16' title="bbox 443 1804 2028 1888">
     <span class='ocr_line' id='line_1_16' title="bbox 443 1804 2028 1888; baseline -0.009 -12"><span class='ocrx_word' id='word_1_117' title='bbox 443 1838 588 1888; x_wconf 82' lang='lat' dir='ltr'><strong>vero,</strong></span> <span class='ocrx_word' id='word_1_118' title='bbox 616 1829 720 1877; x_wconf 85' lang='lat' dir='ltr'><strong>etc.</strong></span> <span class='ocrx_word' id='word_1_119' title='bbox 752 1819 850 1875; x_wconf 86' lang='lat' dir='ltr'><strong>Hic</strong></span> <span class='ocrx_word' id='word_1_120' title='bbox 886 1818 1082 1874; x_wconf 87' lang='lat' dir='ltr'><strong>seriem</strong></span> <span class='ocrx_word' id='word_1_121' title='bbox 1112 1815 1269 1871; x_wconf 90' lang='lat' dir='ltr'><strong>trium</strong></span> <span class='ocrx_word' id='word_1_122' title='bbox 1307 1812 1641 1868; x_wconf 87' lang='lat' dir='ltr'><strong>bomiliarum</strong></span> <span class='ocrx_word' id='word_1_123' title='bbox 1663 1850 1678 1876; x_wconf 89' lang='lat'><strong>,</strong></span> <span class='ocrx_word' id='word_1_124' title='bbox 1706 1823 1814 1879; x_wconf 90' lang='lat' dir='ltr'><strong>quo</strong></span> <span class='ocrx_word' id='word_1_125' title='bbox 1841 1804 2028 1862; x_wconf 89' lang='lat' dir='ltr'><strong>ordine</strong></span> 
     </span>
    </p>
   </div>
   <div class='ocr_carea' id='block_1_17' title="bbox 446 1903 2025 1972">
    <p class='ocr_par' dir='ltr' id='par_1_17' title="bbox 446 1903 2025 1972">
     <span class='ocr_line' id='line_1_17' title="bbox 446 1903 2025 1972; baseline -0.008 -6"><span class='ocrx_word' id='word_1_126' title='bbox 446 1912 641 1967; x_wconf 82' lang='lat' dir='ltr'><strong>habitae</strong></span> <span class='ocrx_word' id='word_1_127' title='bbox 663 1910 872 1966; x_wconf 75' lang='lat' dir='ltr'><strong>fuerant</strong></span> <span class='ocrx_word' id='word_1_128' title='bbox 890 1919 1013 1965; x_wconf 88' lang='lat' dir='ltr'><strong>ante</strong></span> <span class='ocrx_word' id='word_1_129' title='bbox 1032 1907 1397 1963; x_wconf 84' lang='lat' dir='ltr'><strong>duodecimam</strong></span> <span class='ocrx_word' id='word_1_130' title='bbox 1419 1903 1573 1959; x_wconf 80' lang='lat' dir='ltr'><strong>affert</strong></span> <span class='ocrx_word' id='word_1_131' title='bbox 1591 1903 2025 1972; x_wconf 86' lang='lat' dir='ltr'><strong>Chrysostomus,</strong></span> 
     </span>
    </p>
   </div>
   <div class='ocr_carea' id='block_1_18' title="bbox 446 1990 2030 2071">
    <p class='ocr_par' dir='ltr' id='par_1_18' title="bbox 446 1990 2030 2071">
     <span class='ocr_line' id='line_1_18' title="bbox 446 1990 2030 2071; baseline -0.008 -14"><span class='ocrx_word' id='word_1_132' title='bbox 446 2017 637 2071; x_wconf 86' lang='lat' dir='ltr'><strong>nempe</strong></span> <span class='ocrx_word' id='word_1_133' title='bbox 667 2016 851 2065; x_wconf 86' lang='lat' dir='ltr'><strong>nonae,</strong></span> <span class='ocrx_word' id='word_1_134' title='bbox 877 1999 1097 2055; x_wconf 68' lang='lat' dir='ltr'><strong>decima:</strong></span> <span class='ocrx_word' id='word_1_135' title='bbox 1135 2006 1189 2054; x_wconf 90' lang='lat' dir='ltr'><strong>et</strong></span> <span class='ocrx_word' id='word_1_136' title='bbox 1226 1996 1537 2052; x_wconf 81' lang='lat' dir='ltr'><strong>undecimae.</strong></span> <span class='ocrx_word' id='word_1_137' title='bbox 1566 1993 1623 2047; x_wconf 88' lang='lat' dir='ltr'><strong>In</strong></span> <span class='ocrx_word' id='word_1_138' title='bbox 1654 2007 1791 2047; x_wconf 90' lang='lat' dir='ltr'><strong>nona</strong></span> <span class='ocrx_word' id='word_1_139' title='bbox 1819 2008 1967 2046; x_wconf 91' lang='lat' dir='ltr'><strong>num.</strong></span> <span class='ocrx_word' id='word_1_140' title='bbox 1994 1990 2030 2044; x_wconf 75' lang='grc'>2</span> 
     </span>
    </p>
   </div>
   <div class='ocr_carea' id='block_1_19' title="bbox 445 2078 2031 2162">
    <p class='ocr_par' dir='ltr' id='par_1_19' title="bbox 445 2078 2031 2162">
     <span class='ocr_line' id='line_1_19' title="bbox 445 2078 2031 2162; baseline -0.006 -17"><span class='ocrx_word' id='word_1_141' title='bbox 445 2100 815 2162; x_wconf 80' lang='lat' dir='ltr'><strong>argumentum</strong></span> <span class='ocrx_word' id='word_1_142' title='bbox 838 2090 1094 2145; x_wconf 91' lang='lat' dir='ltr'><strong>orationis</strong></span> <span class='ocrx_word' id='word_1_143' title='bbox 1122 2087 1269 2157; x_wconf 93' lang='lat' dir='ltr'><strong>ponit</strong></span> <span class='ocrx_word' id='word_1_144' title='bbox 1293 2086 1394 2141; x_wconf 92' lang='lat' dir='ltr'><strong>hoc</strong></span> <span class='ocrx_word' id='word_1_145' title='bbox 1418 2085 1567 2139; x_wconf 87' lang='lat' dir='ltr'><strong>Pauli</strong></span> <span class='ocrx_word' id='word_1_146' title='bbox 1594 2083 1816 2150; x_wconf 89' lang='lat' dir='ltr'><strong>dictum,</strong></span> <span class='ocrx_word' id='word_1_147' title='bbox 1845 2078 2031 2136; x_wconf 84' lang='lat' dir='ltr'><strong>Invisi-</strong></span> 
     </span>
    </p>
   </div>
   <div class='ocr_carea' id='block_1_20' title="bbox 447 2169 2031 2252">
    <p class='ocr_par' dir='ltr' id='par_1_20' title="bbox 447 2169 2031 2252">
     <span class='ocr_line' id='line_1_20' title="bbox 447 2169 2031 2252; baseline -0.004 -18"><span class='ocrx_word' id='word_1_148' title='bbox 447 2182 567 2236; x_wconf 84' lang='lat' dir='ltr'><strong>bilia</strong></span> <span class='ocrx_word' id='word_1_149' title='bbox 595 2181 773 2252; x_wconf 86' lang='lat' dir='ltr'><strong>ipsius,</strong></span> <span class='ocrx_word' id='word_1_150' title='bbox 804 2189 909 2236; x_wconf 89' lang='lat' dir='ltr'><strong>etc.</strong></span> <span class='ocrx_word' id='word_1_151' title='bbox 933 2198 947 2245; x_wconf 90' lang='lat'><strong>;</strong></span> <span class='ocrx_word' id='word_1_152' title='bbox 988 2179 1223 2248; x_wconf 89' lang='lat' dir='ltr'><strong>illudque</strong></span> <span class='ocrx_word' id='word_1_153' title='bbox 1258 2177 1611 2239; x_wconf 82' lang='lat' dir='ltr'><strong>Psalmorum,</strong></span> <span class='ocrx_word' id='word_1_154' title='bbox 1639 2169 1763 2229; x_wconf 67' lang='lat' dir='ltr'><strong>Ca&#39;li</strong></span> <span class='ocrx_word' id='word_1_155' title='bbox 1792 2184 2031 2228; x_wconf 85' lang='lat' dir='ltr'><strong>enarrant</strong></span> 
     </span>
    </p>
   </div>
   <div class='ocr_carea' id='block_1_21' title="bbox 447 2266 2030 2343">
    <p class='ocr_par' dir='ltr' id='par_1_21' title="bbox 447 2266 2030 2343">
     <span class='ocr_line' id='line_1_21' title="bbox 447 2266 2030 2343; baseline -0.005 -16"><span class='ocrx_word' id='word_1_156' title='bbox 447 2273 660 2343; x_wconf 84' lang='lat' dir='ltr'><strong>gloriam</strong></span> <span class='ocrx_word' id='word_1_157' title='bbox 687 2271 798 2326; x_wconf 88' lang='lat' dir='ltr'><strong>Dei.</strong></span> <span class='ocrx_word' id='word_1_158' title='bbox 828 2270 884 2325; x_wconf 90' lang='lat' dir='ltr'><strong>ln</strong></span> <span class='ocrx_word' id='word_1_159' title='bbox 912 2270 1115 2326; x_wconf 90' lang='lat' dir='ltr'><strong>decima</strong></span> <span class='ocrx_word' id='word_1_160' title='bbox 1148 2270 1273 2324; x_wconf 90' lang='lat' dir='ltr'><strong>item</strong></span> <span class='ocrx_word' id='word_1_161' title='bbox 1301 2283 1446 2322; x_wconf 91' lang='lat' dir='ltr'><strong>num.</strong></span> <span class='ocrx_word' id='word_1_162' title='bbox 1480 2267 1516 2321; x_wconf 74' lang='lat'><strong>2</strong></span> <span class='ocrx_word' id='word_1_163' title='bbox 1539 2281 1597 2321; x_wconf 90' lang='lat' dir='ltr'><strong>se</strong></span> <span class='ocrx_word' id='word_1_164' title='bbox 1621 2266 1722 2321; x_wconf 90' lang='lat' dir='ltr'><strong>hoe</strong></span> <span class='ocrx_word' id='word_1_165' title='bbox 1747 2266 1917 2335; x_wconf 90' lang='lat' dir='ltr'><strong>ipsum</strong></span> <span class='ocrx_word' id='word_1_166' title='bbox 1944 2279 2030 2319; x_wconf 91' lang='lat' dir='ltr'><strong>ar-</strong></span> 
     </span>
    </p>
   </div>
   <div class='ocr_carea' id='block_1_22' title="bbox 446 2359 2031 2434">
    <p class='ocr_par' dir='ltr' id='par_1_22' title="bbox 446 2359 2031 2434">
     <span class='ocr_line' id='line_1_22' title="bbox 446 2359 2031 2434; baseline -0.004 -16"><span class='ocrx_word' id='word_1_167' title='bbox 446 2372 754 2434; x_wconf 89' lang='lat' dir='ltr'><strong>gumentum</strong></span> <span class='ocrx_word' id='word_1_168' title='bbox 800 2362 1046 2432; x_wconf 84' lang='lat' dir='ltr'><strong>persequi</strong></span> <span class='ocrx_word' id='word_1_169' title='bbox 1084 2361 1323 2416; x_wconf 88' lang='lat' dir='ltr'><strong>declarat</strong></span> <span class='ocrx_word' id='word_1_170' title='bbox 1357 2377 1371 2413; x_wconf 89' lang='lat'><strong>:</strong></span> <span class='ocrx_word' id='word_1_171' title='bbox 1405 2359 1457 2413; x_wconf 91' lang='lat' dir='ltr'><strong>in</strong></span> <span class='ocrx_word' id='word_1_172' title='bbox 1500 2359 1781 2413; x_wconf 86' lang='lat' dir='ltr'><strong>undecima</strong></span> <span class='ocrx_word' id='word_1_173' title='bbox 1820 2372 2031 2426; x_wconf 89' lang='lat' dir='ltr'><strong>quoque</strong></span> 
     </span>
    </p>
   </div>
   <div class='ocr_carea' id='block_1_23' title="bbox 445 2449 2030 2523">
    <p class='ocr_par' dir='ltr' id='par_1_23' title="bbox 445 2449 2030 2523">
     <span class='ocr_line' id='line_1_23' title="bbox 445 2449 2030 2523; baseline -0.005 -13"><span class='ocrx_word' id='word_1_174' title='bbox 445 2470 595 2510; x_wconf 89' lang='lat' dir='ltr'><strong>num.</strong></span> <span class='ocrx_word' id='word_1_175' title='bbox 620 2454 654 2508; x_wconf 77' lang='grc'>2</span> <span class='ocrx_word' id='word_1_176' title='bbox 678 2469 736 2510; x_wconf 89' lang='lat' dir='ltr'><strong>se</strong></span> <span class='ocrx_word' id='word_1_177' title='bbox 763 2454 937 2510; x_wconf 87' lang='lat' dir='ltr'><strong>eidem</strong></span> <span class='ocrx_word' id='word_1_178' title='bbox 962 2461 1273 2523; x_wconf 88' lang='lat' dir='ltr'><strong>argumento</strong></span> <span class='ocrx_word' id='word_1_179' title='bbox 1295 2451 1541 2506; x_wconf 85' lang='lat' dir='ltr'><strong>insistere</strong></span> <span class='ocrx_word' id='word_1_180' title='bbox 1565 2449 1896 2505; x_wconf 77' lang='lat' dir='ltr'><strong>testificatur.</strong></span> <span class='ocrx_word' id='word_1_181' title='bbox 1921 2455 2030 2502; x_wconf 85' lang='lat' dir='ltr'><strong>An-</strong></span> 
     </span>
    </p>
   </div>
   <div class='ocr_carea' id='block_1_24' title="bbox 447 2538 2029 2619">
    <p class='ocr_par' dir='ltr' id='par_1_24' title="bbox 447 2538 2029 2619">
     <span class='ocr_line' id='line_1_24' title="bbox 447 2538 2029 2619; baseline -0.004 -19"><span class='ocrx_word' id='word_1_182' title='bbox 447 2562 551 2601; x_wconf 94' lang='lat' dir='ltr'><strong>non</strong></span> <span class='ocrx_word' id='word_1_183' title='bbox 579 2546 942 2619; x_wconf 78' lang='lat' dir='ltr'><strong>Cltrysostomi</strong></span> <span class='ocrx_word' id='word_1_184' title='bbox 973 2545 1126 2600; x_wconf 90' lang='lat' dir='ltr'><strong>dictis</strong></span> <span class='ocrx_word' id='word_1_185' title='bbox 1154 2538 1259 2598; x_wconf 91' lang='lat' dir='ltr'><strong>vim</strong></span> <span class='ocrx_word' id='word_1_186' title='bbox 1300 2541 1462 2597; x_wconf 82' lang='lat' dir='ltr'><strong>infert</strong></span> <span class='ocrx_word' id='word_1_187' title='bbox 1489 2540 1878 2607; x_wconf 84' lang='lat' dir='ltr'><strong>Tillemontius,</strong></span> <span class='ocrx_word' id='word_1_188' title='bbox 1907 2554 2029 2594; x_wconf 90' lang='lat' dir='ltr'><strong>cum</strong></span> 
     </span>
    </p>
   </div>
   <div class='ocr_carea' id='block_1_25' title="bbox 445 2632 2028 2693">
    <p class='ocr_par' dir='ltr' id='par_1_25' title="bbox 445 2632 2028 2693">
     <span class='ocr_line' id='line_1_25' title="bbox 445 2632 2028 2693; baseline -0.005 0"><span class='ocrx_word' id='word_1_189' title='bbox 445 2638 705 2693; x_wconf 87' lang='lat' dir='ltr'><strong>decimam</strong></span> <span class='ocrx_word' id='word_1_190' title='bbox 738 2638 873 2692; x_wconf 90' lang='lat' dir='ltr'><strong>inter</strong></span> <span class='ocrx_word' id='word_1_191' title='bbox 902 2645 957 2692; x_wconf 94' lang='lat' dir='ltr'><strong>ct</strong></span> <span class='ocrx_word' id='word_1_192' title='bbox 985 2636 1317 2691; x_wconf 85' lang='lat' dir='ltr'><strong>undecimam</strong></span> <span class='ocrx_word' id='word_1_193' title='bbox 1357 2633 1469 2688; x_wconf 83' lang='lat' dir='ltr'><strong>vult</strong></span> <span class='ocrx_word' id='word_1_194' title='bbox 1498 2632 1738 2688; x_wconf 85' lang='lat' dir='ltr'><strong>interseri</strong></span> <span class='ocrx_word' id='word_1_195' title='bbox 1769 2632 2028 2686; x_wconf 83' lang='lat' dir='ltr'><strong>decimam</strong></span> 
     </span>
    </p>
   </div>
   <div class='ocr_carea' id='block_1_26' title="bbox 444 2722 2032 2802">
    <p class='ocr_par' dir='ltr' id='par_1_26' title="bbox 444 2722 2032 2802">
     <span class='ocr_line' id='line_1_26' title="bbox 444 2722 2032 2802; baseline -0.006 -17"><span class='ocrx_word' id='word_1_196' title='bbox 444 2732 680 2802; x_wconf 86' lang='lat' dir='ltr'><strong>quintam</strong></span> <span class='ocrx_word' id='word_1_197' title='bbox 716 2738 772 2785; x_wconf 89' lang='lat' dir='ltr'><strong>et</strong></span> <span class='ocrx_word' id='word_1_198' title='bbox 807 2729 1067 2785; x_wconf 89' lang='lat' dir='ltr'><strong>decimam</strong></span> <span class='ocrx_word' id='word_1_199' title='bbox 1099 2727 1345 2784; x_wconf 85' lang='lat' dir='ltr'><strong>sextam?</strong></span> <span class='ocrx_word' id='word_1_200' title='bbox 1371 2725 1425 2781; x_wconf 93' lang='lat' dir='ltr'><strong>ld</strong></span> <span class='ocrx_word' id='word_1_201' title='bbox 1455 2733 1629 2778; x_wconf 87' lang='lat' dir='ltr'><strong>autem</strong></span> <span class='ocrx_word' id='word_1_202' title='bbox 1663 2724 1750 2778; x_wconf 92' lang='lat' dir='ltr'><strong>ille</strong></span> <span class='ocrx_word' id='word_1_203' title='bbox 1776 2722 2032 2777; x_wconf 79' lang='lat' dir='ltr'><strong>subdubi—</strong></span> 
     </span>
    </p>
   </div>
   <div class='ocr_carea' id='block_1_27' title="bbox 446 2814 2029 2891">
    <p class='ocr_par' dir='ltr' id='par_1_27' title="bbox 446 2814 2029 2891">
     <span class='ocr_line' id='line_1_27' title="bbox 446 2814 2029 2891; baseline -0.006 -13"><span class='ocrx_word' id='word_1_204' title='bbox 446 2824 608 2878; x_wconf 92' lang='lat' dir='ltr'><strong>tando</strong></span> <span class='ocrx_word' id='word_1_205' title='bbox 630 2831 833 2877; x_wconf 89' lang='lat' dir='ltr'><strong>tantum</strong></span> <span class='ocrx_word' id='word_1_206' title='bbox 855 2822 1101 2891; x_wconf 89' lang='lat' dir='ltr'><strong>proponit</strong></span> <span class='ocrx_word' id='word_1_207' title='bbox 1126 2822 1177 2874; x_wconf 92' lang='lat' dir='ltr'><strong>in</strong></span> <span class='ocrx_word' id='word_1_208' title='bbox 1206 2829 1329 2873; x_wconf 91' lang='lat' dir='ltr'><strong>nota</strong></span> <span class='ocrx_word' id='word_1_209' title='bbox 1357 2818 1425 2873; x_wconf 73' lang='lat'><strong>29</strong></span> <span class='ocrx_word' id='word_1_210' title='bbox 1452 2816 1519 2871; x_wconf 91' lang='lat' dir='ltr'><strong>ad</strong></span> <span class='ocrx_word' id='word_1_211' title='bbox 1548 2816 1718 2870; x_wconf 80' lang='lat' dir='ltr'><strong>Vitam</strong></span> <span class='ocrx_word' id='word_1_212' title='bbox 1744 2814 2029 2870; x_wconf 90' lang='lat' dir='ltr'><strong>Theodosii</strong></span> 
     </span>
    </p>
   </div>
   <div class='ocr_carea' id='block_1_28' title="bbox 446 2906 2029 2983">
    <p class='ocr_par' dir='ltr' id='par_1_28' title="bbox 446 2906 2029 2983">
     <span class='ocr_line' id='line_1_28' title="bbox 446 2906 2029 2983; baseline -0.008 -15"><span class='ocrx_word' id='word_1_213' title='bbox 446 2913 809 2983; x_wconf 88' lang='lat' dir='ltr'><strong>Imperatoris,</strong></span> <span class='ocrx_word' id='word_1_214' title='bbox 838 2928 892 2966; x_wconf 92' lang='lat' dir='ltr'><strong>n.</strong></span> <span class='ocrx_word' id='word_1_215' title='bbox 922 2911 1010 2975; x_wconf 77' lang='lat' dir='ltr'><strong>i0,</strong></span> <span class='ocrx_word' id='word_1_216' title='bbox 1040 2910 1101 2964; x_wconf 78' lang='grc' dir='ltr'>Η</span> <span class='ocrx_word' id='word_1_217' title='bbox 1128 2917 1181 2963; x_wconf 89' lang='lat' dir='ltr'><strong>et</strong></span> <span class='ocrx_word' id='word_1_218' title='bbox 1206 2923 1379 2978; x_wconf 85' lang='lat' dir='ltr'><strong>scqq.,</strong></span> <span class='ocrx_word' id='word_1_219' title='bbox 1407 2906 1700 2975; x_wconf 74' lang='lat' dir='ltr'><strong>fateturque</strong></span> <span class='ocrx_word' id='word_1_220' title='bbox 1726 2920 1845 2959; x_wconf 90' lang='lat' dir='ltr'><strong>cum</strong></span> <span class='ocrx_word' id='word_1_221' title='bbox 1872 2920 2029 2975; x_wconf 87' lang='lat' dir='ltr'><strong>quem</strong></span> 
     </span>
    </p>
   </div>
   <div class='ocr_carea' id='block_1_29' title="bbox 448 2995 2027 3069">
    <p class='ocr_par' dir='ltr' id='par_1_29' title="bbox 448 2995 2027 3069">
     <span class='ocr_line' id='line_1_29' title="bbox 448 2995 2027 3069; baseline -0.005 -13"><span class='ocrx_word' id='word_1_222' title='bbox 448 3017 546 3056; x_wconf 89' lang='lat' dir='ltr'><strong>nos</strong></span> <span class='ocrx_word' id='word_1_223' title='bbox 572 3001 850 3057; x_wconf 89' lang='lat' dir='ltr'><strong>statuimus</strong></span> <span class='ocrx_word' id='word_1_224' title='bbox 875 3000 1116 3055; x_wconf 88' lang='lat' dir='ltr'><strong>ordinem</strong></span> <span class='ocrx_word' id='word_1_225' title='bbox 1145 2999 1290 3055; x_wconf 90' lang='lat' dir='ltr'><strong>clare</strong></span> <span class='ocrx_word' id='word_1_226' title='bbox 1312 3014 1340 3052; x_wconf 90' lang='lat' dir='ltr'><strong>a</strong></span> <span class='ocrx_word' id='word_1_227' title='bbox 1361 2997 1741 3069; x_wconf 80' lang='lat' dir='ltr'><strong>Chrysostomo</strong></span> <span class='ocrx_word' id='word_1_228' title='bbox 1767 2995 1987 3050; x_wconf 88' lang='lat' dir='ltr'><strong>indicari</strong></span> <span class='ocrx_word' id='word_1_229' title='bbox 2014 3014 2027 3049; x_wconf 92' lang='lat'>:</span> 
     </span>
    </p>
   </div>
   <div class='ocr_carea' id='block_1_30' title="bbox 448 3085 2032 3162">
    <p class='ocr_par' dir='ltr' id='par_1_30' title="bbox 448 3085 2032 3162">
     <span class='ocr_line' id='line_1_30' title="bbox 448 3085 2032 3162; baseline -0.004 -15"><span class='ocrx_word' id='word_1_230' title='bbox 448 3092 539 3147; x_wconf 87' lang='lat' dir='ltr'><strong>sed</strong></span> <span class='ocrx_word' id='word_1_231' title='bbox 567 3093 747 3148; x_wconf 90' lang='lat' dir='ltr'><strong>nescio</strong></span> <span class='ocrx_word' id='word_1_232' title='bbox 769 3108 873 3162; x_wconf 91' lang='lat' dir='ltr'><strong>quo</strong></span> <span class='ocrx_word' id='word_1_233' title='bbox 894 3101 1047 3162; x_wconf 89' lang='lat' dir='ltr'><strong>pacto</strong></span> <span class='ocrx_word' id='word_1_234' title='bbox 1072 3091 1139 3145; x_wconf 91' lang='lat' dir='ltr'><strong>ab</strong></span> <span class='ocrx_word' id='word_1_235' title='bbox 1164 3090 1353 3145; x_wconf 88' lang='lat' dir='ltr'><strong>eodem</strong></span> <span class='ocrx_word' id='word_1_236' title='bbox 1373 3089 1486 3158; x_wconf 87' lang='lat' dir='ltr'><strong>ipso</strong></span> <span class='ocrx_word' id='word_1_237' title='bbox 1503 3088 1689 3143; x_wconf 91' lang='lat' dir='ltr'><strong>ordine</strong></span> <span class='ocrx_word' id='word_1_238' title='bbox 1716 3097 1897 3157; x_wconf 90' lang='lat' dir='ltr'><strong>postea</strong></span> <span class='ocrx_word' id='word_1_239' title='bbox 1923 3085 2032 3141; x_wconf 87' lang='lat' dir='ltr'><strong>dis-</strong></span> 
     </span>
    </p>
   </div>
   <div class='ocr_carea' id='block_1_31' title="bbox 447 3178 2032 3252">
    <p class='ocr_par' dir='ltr' id='par_1_31' title="bbox 447 3178 2032 3252">
     <span class='ocr_line' id='line_1_31' title="bbox 447 3178 2032 3252; baseline -0.003 -14"><span class='ocrx_word' id='word_1_240' title='bbox 447 3183 618 3238; x_wconf 89' lang='lat' dir='ltr'><strong>cedat.</strong></span> <span class='ocrx_word' id='word_1_241' title='bbox 645 3182 905 3239; x_wconf 82' lang='lat' dir='ltr'><strong>Ceterum</strong></span> <span class='ocrx_word' id='word_1_242' title='bbox 941 3198 1061 3238; x_wconf 91' lang='lat' dir='ltr'><strong>cum</strong></span> <span class='ocrx_word' id='word_1_243' title='bbox 1088 3181 1218 3236; x_wconf 92' lang='lat' dir='ltr'><strong>dicit</strong></span> <span class='ocrx_word' id='word_1_244' title='bbox 1258 3179 1691 3252; x_wconf 85' lang='lat' dir='ltr'><strong>Chrysostomus,</strong></span> <span class='ocrx_word' id='word_1_245' title='bbox 1719 3178 1876 3233; x_wconf 85' lang='lat' dir='ltr'><strong>tribus</strong></span> <span class='ocrx_word' id='word_1_246' title='bbox 1902 3195 2032 3249; x_wconf 79' lang='lat' dir='ltr'><strong>pra:-</strong></span> 
     </span>
    </p>
   </div>
   <div class='ocr_carea' id='block_1_32' title="bbox 449 3269 2033 3343">
    <p class='ocr_par' dir='ltr' id='par_1_32' title="bbox 449 3269 2033 3343">
     <span class='ocr_line' id='line_1_32' title="bbox 449 3269 2033 3343; baseline -0.002 -15"><span class='ocrx_word' id='word_1_247' title='bbox 449 3275 604 3328; x_wconf 85' lang='lat' dir='ltr'><strong>teritis</strong></span> <span class='ocrx_word' id='word_1_248' title='bbox 629 3275 820 3339; x_wconf 82' lang='lat' dir='ltr'><strong>diebus,</strong></span> <span class='ocrx_word' id='word_1_249' title='bbox 849 3289 955 3329; x_wconf 92' lang='lat' dir='ltr'><strong>non</strong></span> <span class='ocrx_word' id='word_1_250' title='bbox 984 3272 1294 3343; x_wconf 79' lang='lat' dir='ltr'><strong>intelligitur</strong></span> <span class='ocrx_word' id='word_1_251' title='bbox 1318 3271 1385 3327; x_wconf 93' lang='lat' dir='ltr'><strong>de</strong></span> <span class='ocrx_word' id='word_1_252' title='bbox 1416 3271 1585 3326; x_wconf 90' lang='lat' dir='ltr'><strong>tribus</strong></span> <span class='ocrx_word' id='word_1_253' title='bbox 1616 3272 1899 3341; x_wconf 88' lang='lat' dir='ltr'><strong>postremis</strong></span> <span class='ocrx_word' id='word_1_254' title='bbox 1920 3269 2033 3325; x_wconf 90' lang='lat' dir='ltr'><strong>die-</strong></span> 
     </span>
    </p>
   </div>
   <div class='ocr_carea' id='block_1_33' title="bbox 447 3363 2031 3435">
    <p class='ocr_par' dir='ltr' id='par_1_33' title="bbox 447 3363 2031 3435">
     <span class='ocr_line' id='line_1_33' title="bbox 447 3363 2031 3435; baseline -0.003 -14"><span class='ocrx_word' id='word_1_255' title='bbox 447 3366 547 3422; x_wconf 94' lang='lat' dir='ltr'><strong>bus</strong></span> <span class='ocrx_word' id='word_1_256' title='bbox 578 3367 629 3420; x_wconf 92' lang='lat' dir='ltr'><strong>in</strong></span> <span class='ocrx_word' id='word_1_257' title='bbox 665 3365 854 3435; x_wconf 88' lang='lat' dir='ltr'><strong>quibus</strong></span> <span class='ocrx_word' id='word_1_258' title='bbox 893 3365 1095 3420; x_wconf 86' lang='lat' dir='ltr'><strong>scilicet</strong></span> <span class='ocrx_word' id='word_1_259' title='bbox 1132 3365 1477 3420; x_wconf 84' lang='lat' dir='ltr'><strong>concinnatus</strong></span> <span class='ocrx_word' id='word_1_260' title='bbox 1506 3374 1639 3418; x_wconf 88' lang='lat' dir='ltr'><strong>erat.</strong></span> <span class='ocrx_word' id='word_1_261' title='bbox 1669 3364 1724 3417; x_wconf 88' lang='lat' dir='ltr'><strong>In</strong></span> <span class='ocrx_word' id='word_1_262' title='bbox 1761 3363 1863 3419; x_wconf 89' lang='lat' dir='ltr'><strong>hac</strong></span> <span class='ocrx_word' id='word_1_263' title='bbox 1904 3365 2031 3418; x_wconf 88' lang='lat' dir='ltr'><strong>item</strong></span> 
     </span>
    </p>
   </div>
   <div class='ocr_carea' id='block_1_34' title="bbox 448 3454 2032 3526">
    <p class='ocr_par' dir='ltr' id='par_1_34' title="bbox 448 3454 2032 3526">
     <span class='ocr_line' id='line_1_34' title="bbox 448 3454 2032 3526; baseline -0.001 -15"><span class='ocrx_word' id='word_1_264' title='bbox 448 3458 662 3512; x_wconf 87' lang='lat' dir='ltr'><strong>bomilia</strong></span> <span class='ocrx_word' id='word_1_265' title='bbox 692 3456 1026 3523; x_wconf 89' lang='lat' dir='ltr'><strong>duodecima,</strong></span> <span class='ocrx_word' id='word_1_266' title='bbox 1049 3471 1168 3526; x_wconf 68' lang='lat' dir='ltr'><strong>quae</strong></span> <span class='ocrx_word' id='word_1_267' title='bbox 1195 3456 1370 3511; x_wconf 87' lang='lat' dir='ltr'><strong>habita</strong></span> <span class='ocrx_word' id='word_1_268' title='bbox 1399 3465 1479 3510; x_wconf 89' lang='lat' dir='ltr'><strong>cst</strong></span> <span class='ocrx_word' id='word_1_269' title='bbox 1506 3454 1634 3511; x_wconf 84' lang='lat' dir='ltr'><strong>feria</strong></span> <span class='ocrx_word' id='word_1_270' title='bbox 1659 3456 1811 3510; x_wconf 88' lang='lat' dir='ltr'><strong>tertia</strong></span> <span class='ocrx_word' id='word_1_271' title='bbox 1831 3465 2032 3525; x_wconf 71' lang='lat' dir='ltr'><strong>quarta:</strong></span> 
     </span>
    </p>
   </div>
   <div class='ocr_carea' id='block_1_35' title="bbox 450 3546 2030 3618">
    <p class='ocr_par' dir='ltr' id='par_1_35' title="bbox 450 3546 2030 3618">
     <span class='ocr_line' id='line_1_35' title="bbox 450 3546 2030 3618; baseline 0.001 -17"><span class='ocrx_word' id='word_1_272' title='bbox 450 3547 797 3603; x_wconf 84' lang='lat' dir='ltr'><strong>hebdomadis</strong></span> <span class='ocrx_word' id='word_1_273' title='bbox 821 3547 1282 3618; x_wconf 67' lang='lat' dir='ltr'><strong>Quadragesiman,</strong></span> <span class='ocrx_word' id='word_1_274' title='bbox 1312 3546 1485 3603; x_wconf 88' lang='lat' dir='ltr'><strong>eidem</strong></span> <span class='ocrx_word' id='word_1_275' title='bbox 1516 3546 1714 3602; x_wconf 89' lang='lat' dir='ltr'><strong>insistit</strong></span> <span class='ocrx_word' id='word_1_276' title='bbox 1750 3547 2030 3618; x_wconf 86' lang='lat' dir='ltr'><strong>hypothesi</strong></span> 
     </span>
    </p>
   </div>
   <div class='ocr_carea' id='block_1_36' title="bbox 449 3635 2034 3708">
    <p class='ocr_par' dir='ltr' id='par_1_36' title="bbox 449 3635 2034 3708">
     <span class='ocr_line' id='line_1_36' title="bbox 449 3635 2034 3708; baseline -0.001 -15"><span class='ocrx_word' id='word_1_277' title='bbox 449 3637 517 3693; x_wconf 89' lang='lat' dir='ltr'><strong>de</strong></span> <span class='ocrx_word' id='word_1_278' title='bbox 543 3637 801 3708; x_wconf 87' lang='lat' dir='ltr'><strong>sapientia</strong></span> <span class='ocrx_word' id='word_1_279' title='bbox 824 3636 917 3692; x_wconf 89' lang='lat' dir='ltr'><strong>Dei</strong></span> <span class='ocrx_word' id='word_1_280' title='bbox 938 3637 988 3691; x_wconf 92' lang='lat' dir='ltr'><strong>in</strong></span> <span class='ocrx_word' id='word_1_281' title='bbox 1012 3635 1192 3691; x_wconf 90' lang='lat' dir='ltr'><strong>mundi</strong></span> <span class='ocrx_word' id='word_1_282' title='bbox 1214 3636 1425 3705; x_wconf 83' lang='lat' dir='ltr'><strong>Opiﬁcio</strong></span> <span class='ocrx_word' id='word_1_283' title='bbox 1449 3653 1462 3689; x_wconf 90' lang='lat'><strong>:</strong></span> <span class='ocrx_word' id='word_1_284' title='bbox 1488 3644 1669 3705; x_wconf 87' lang='lat' dir='ltr'><strong>postea</strong></span> <span class='ocrx_word' id='word_1_285' title='bbox 1697 3637 1803 3706; x_wconf 82' lang='lat' dir='ltr'><strong>agit</strong></span> <span class='ocrx_word' id='word_1_286' title='bbox 1828 3636 1895 3689; x_wconf 91' lang='lat' dir='ltr'><strong>de</strong></span> <span class='ocrx_word' id='word_1_287' title='bbox 1914 3636 2034 3705; x_wconf 90' lang='lat' dir='ltr'><strong>jure</strong></span> 
     </span>
    </p>
   </div>
   <div class='ocr_carea' id='block_1_37' title="bbox 452 3723 2033 3796">
    <p class='ocr_par' dir='ltr' id='par_1_37' title="bbox 452 3723 2033 3796">
     <span class='ocr_line' id='line_1_37' title="bbox 452 3723 2033 3796; baseline 0.001 -16"><span class='ocrx_word' id='word_1_288' title='bbox 452 3726 697 3793; x_wconf 87' lang='lat' dir='ltr'><strong>naturali,</strong></span> <span class='ocrx_word' id='word_1_289' title='bbox 724 3727 877 3796; x_wconf 88' lang='lat' dir='ltr'><strong>cujus</strong></span> <span class='ocrx_word' id='word_1_290' title='bbox 902 3724 1259 3795; x_wconf 79' lang='lat' dir='ltr'><strong>cognitionem</strong></span> <span class='ocrx_word' id='word_1_291' title='bbox 1290 3725 1432 3780; x_wconf 90' lang='lat' dir='ltr'><strong>Deus</strong></span> <span class='ocrx_word' id='word_1_292' title='bbox 1457 3723 1656 3779; x_wconf 86' lang='lat' dir='ltr'><strong>homini</strong></span> <span class='ocrx_word' id='word_1_293' title='bbox 1688 3723 1910 3792; x_wconf 90' lang='lat' dir='ltr'><strong>indidit,</strong></span> <span class='ocrx_word' id='word_1_294' title='bbox 1939 3725 2033 3781; x_wconf 81' lang='lat' dir='ltr'><strong>de-</strong></span> 
     </span>
    </p>
   </div>
   <div class='ocr_carea' id='block_1_38' title="bbox 450 3815 1141 3888">
    <p class='ocr_par' dir='ltr' id='par_1_38' title="bbox 450 3815 1141 3888">
     <span class='ocr_line' id='line_1_38' title="bbox 450 3815 1141 3888; baseline 0.003 -21"><span class='ocrx_word' id='word_1_295' title='bbox 450 3832 554 3888; x_wconf 82' lang='lat' dir='ltr'><strong>quo</strong></span> <span class='ocrx_word' id='word_1_296' title='bbox 574 3818 877 3887; x_wconf 72' lang='lat' dir='ltr'><strong>iuramento</strong></span> <span class='ocrx_word' id='word_1_297' title='bbox 903 3815 1141 3871; x_wconf 86' lang='lat' dir='ltr'><strong>vitando.</strong></span> 
     </span>
    </p>
   </div>
   <div class='ocr_carea' id='block_1_39' title="bbox 526 3904 2035 3978">
    <p class='ocr_par' dir='ltr' id='par_1_39' title="bbox 526 3904 2035 3978">
     <span class='ocr_line' id='line_1_39' title="bbox 526 3904 2035 3978; baseline 0.003 -17"><span class='ocrx_word' id='word_1_298' title='bbox 526 3909 789 3963; x_wconf 90' lang='lat' dir='ltr'><strong>Decimam</strong></span> <span class='ocrx_word' id='word_1_299' title='bbox 818 3909 1029 3963; x_wconf 88' lang='lat' dir='ltr'><strong>tertiam</strong></span> <span class='ocrx_word' id='word_1_300' title='bbox 1054 3907 1324 3961; x_wconf 88' lang='lat' dir='ltr'><strong>bomiliam</strong></span> <span class='ocrx_word' id='word_1_301' title='bbox 1346 3907 1478 3963; x_wconf 81' lang='lat' dir='ltr'><strong>dixit</strong></span> <span class='ocrx_word' id='word_1_302' title='bbox 1502 3904 1760 3978; x_wconf 86' lang='lat' dir='ltr'><strong>postridie</strong></span> <span class='ocrx_word' id='word_1_303' title='bbox 1781 3906 2035 3965; x_wconf 89' lang='lat' dir='ltr'><strong>duodeci—</strong></span> 
     </span>
    </p>
   </div>
   <div class='ocr_carea' id='block_1_40' title="bbox 452 3999 2035 4072">
    <p class='ocr_par' dir='ltr' id='par_1_40' title="bbox 452 3999 2035 4072">
     <span class='ocr_line' id='line_1_40' title="bbox 452 3999 2035 4072; baseline 0.001 -18"><span class='ocrx_word' id='word_1_304' title='bbox 452 4015 615 4055; x_wconf 87' lang='lat' dir='ltr'><strong>mam.</strong></span> <span class='ocrx_word' id='word_1_305' title='bbox 645 4000 914 4071; x_wconf 87' lang='lat' dir='ltr'><strong>Principio</strong></span> <span class='ocrx_word' id='word_1_306' title='bbox 941 4000 1138 4070; x_wconf 77' lang='lat' dir='ltr'><strong>gratias</strong></span> <span class='ocrx_word' id='word_1_307' title='bbox 1166 4001 1273 4072; x_wconf 80' lang='lat' dir='ltr'><strong>agit</strong></span> <span class='ocrx_word' id='word_1_308' title='bbox 1298 4000 1406 4057; x_wconf 91' lang='lat' dir='ltr'><strong>Deo</strong></span> <span class='ocrx_word' id='word_1_309' title='bbox 1436 3999 1501 4057; x_wconf 90' lang='lat' dir='ltr'><strong>de</strong></span> <span class='ocrx_word' id='word_1_310' title='bbox 1528 4009 1725 4055; x_wconf 91' lang='lat' dir='ltr'><strong>mutata</strong></span> <span class='ocrx_word' id='word_1_311' title='bbox 1754 4017 1930 4056; x_wconf 91' lang='lat' dir='ltr'><strong>rerum</strong></span> <span class='ocrx_word' id='word_1_312' title='bbox 1962 4002 2035 4056; x_wconf 85' lang='lat' dir='ltr'><strong>fa-</strong></span> 
     </span>
    </p>
   </div>
   <div class='ocr_carea' id='block_1_41' title="bbox 451 4092 2031 4165">
    <p class='ocr_par' dir='ltr' id='par_1_41' title="bbox 451 4092 2031 4165">
     <span class='ocr_line' id='line_1_41' title="bbox 451 4092 2031 4165; baseline 0.001 -19"><span class='ocrx_word' id='word_1_313' title='bbox 451 4093 555 4161; x_wconf 88' lang='lat' dir='ltr'><strong>cie,</strong></span> <span class='ocrx_word' id='word_1_314' title='bbox 583 4092 754 4165; x_wconf 87' lang='lat' dir='ltr'><strong>deque</strong></span> <span class='ocrx_word' id='word_1_315' title='bbox 780 4092 988 4148; x_wconf 89' lang='lat' dir='ltr'><strong>sublato</strong></span> <span class='ocrx_word' id='word_1_316' title='bbox 1008 4100 1173 4156; x_wconf 84' lang='lat' dir='ltr'><strong>metu,</strong></span> <span class='ocrx_word' id='word_1_317' title='bbox 1197 4093 1284 4163; x_wconf 90' lang='lat' dir='ltr'><strong>qui</strong></span> <span class='ocrx_word' id='word_1_318' title='bbox 1306 4102 1481 4149; x_wconf 83' lang='lat' dir='ltr'><strong>tantus</strong></span> <span class='ocrx_word' id='word_1_319' title='bbox 1510 4093 1697 4159; x_wconf 86' lang='lat' dir='ltr'><strong>fuerat,</strong></span> <span class='ocrx_word' id='word_1_320' title='bbox 1717 4103 1771 4147; x_wconf 86' lang='lat' dir='ltr'><strong>ut</strong></span> <span class='ocrx_word' id='word_1_321' title='bbox 1798 4094 2031 4160; x_wconf 83' lang='lat' dir='ltr'><strong>civitatis,</strong></span> 
     </span>
    </p>
   </div>
   <div class='ocr_carea' id='block_1_42' title="bbox 451 4183 2036 4255">
    <p class='ocr_par' dir='ltr' id='par_1_42' title="bbox 451 4183 2036 4255">
     <span class='ocr_line' id='line_1_42' title="bbox 451 4183 2036 4255; baseline -0.001 -16"><span class='ocrx_word' id='word_1_322' title='bbox 451 4183 640 4253; x_wconf 73' lang='lat' dir='ltr'><strong>inquit,</strong></span> <span class='ocrx_word' id='word_1_323' title='bbox 668 4185 832 4255; x_wconf 85' lang='lat' dir='ltr'><strong>major</strong></span> <span class='ocrx_word' id='word_1_324' title='bbox 855 4200 973 4254; x_wconf 84' lang='lat' dir='ltr'><strong>pars</strong></span> <span class='ocrx_word' id='word_1_325' title='bbox 1002 4200 1108 4254; x_wconf 73' lang='lat' dir='ltr'><strong>prae</strong></span> <span class='ocrx_word' id='word_1_326' title='bbox 1137 4185 1312 4238; x_wconf 87' lang='lat' dir='ltr'><strong>timore</strong></span> <span class='ocrx_word' id='word_1_327' title='bbox 1337 4193 1383 4239; x_wconf 89' lang='lat' dir='ltr'><strong>et</strong></span> <span class='ocrx_word' id='word_1_328' title='bbox 1411 4184 1796 4239; x_wconf 86' lang='lat' dir='ltr'><strong>comminatione</strong></span> <span class='ocrx_word' id='word_1_329' title='bbox 1819 4183 1912 4239; x_wconf 86' lang='lat' dir='ltr'><strong>illa</strong></span> <span class='ocrx_word' id='word_1_330' title='bbox 1931 4228 1945 4248; x_wconf 87' lang='lat'><strong>,</strong></span> <span class='ocrx_word' id='word_1_331' title='bbox 1968 4184 2036 4238; x_wconf 85' lang='lat' dir='ltr'><strong>ad</strong></span> 
     </span>
    </p>
   </div>
   <div class='ocr_carea' id='block_1_43' title="bbox 451 4274 2035 4345">
    <p class='ocr_par' dir='ltr' id='par_1_43' title="bbox 451 4274 2035 4345">
     <span class='ocr_line' id='line_1_43' title="bbox 451 4274 2035 4345; baseline 0.002 -17"><span class='ocrx_word' id='word_1_332' title='bbox 451 4274 647 4329; x_wconf 85' lang='lat' dir='ltr'><strong>deserta</strong></span> <span class='ocrx_word' id='word_1_333' title='bbox 676 4285 721 4330; x_wconf 85' lang='lat' dir='ltr'><strong>et</strong></span> <span class='ocrx_word' id='word_1_334' title='bbox 743 4276 912 4345; x_wconf 75' lang='lat' dir='ltr'><strong>fauces</strong></span> <span class='ocrx_word' id='word_1_335' title='bbox 933 4277 1177 4331; x_wconf 85' lang='lat' dir='ltr'><strong>montium</strong></span> <span class='ocrx_word' id='word_1_336' title='bbox 1201 4318 1216 4343; x_wconf 90' lang='lat'><strong>,</strong></span> <span class='ocrx_word' id='word_1_337' title='bbox 1249 4287 1294 4330; x_wconf 89' lang='lat' dir='ltr'><strong>et</strong></span> <span class='ocrx_word' id='word_1_338' title='bbox 1323 4276 1520 4331; x_wconf 84' lang='lat' dir='ltr'><strong>occulta</strong></span> <span class='ocrx_word' id='word_1_339' title='bbox 1547 4277 1771 4331; x_wconf 83' lang='lat' dir='ltr'><strong>locorum</strong></span> <span class='ocrx_word' id='word_1_340' title='bbox 1798 4278 2035 4331; x_wconf 87' lang='lat' dir='ltr'><strong>transmi-</strong></span> 
     </span>
    </p>
   </div>
   <div class='ocr_carea' id='block_1_44' title="bbox 451 4366 2037 4435">
    <p class='ocr_par' dir='ltr' id='par_1_44' title="bbox 451 4366 2037 4435">
     <span class='ocr_line' id='line_1_44' title="bbox 451 4366 2037 4435; baseline 0.004 -18"><span class='ocrx_word' id='word_1_341' title='bbox 451 4368 685 4435; x_wconf 84' lang='lat' dir='ltr'><strong>graverit.</strong></span> <span class='ocrx_word' id='word_1_342' title='bbox 717 4366 848 4421; x_wconf 85' lang='lat' dir='ltr'><strong>Hinc</strong></span> <span class='ocrx_word' id='word_1_343' title='bbox 873 4367 939 4422; x_wconf 88' lang='lat' dir='ltr'><strong>de</strong></span> <span class='ocrx_word' id='word_1_344' title='bbox 961 4368 1142 4422; x_wconf 87' lang='lat' dir='ltr'><strong>multis</strong></span> <span class='ocrx_word' id='word_1_345' title='bbox 1171 4368 1234 4421; x_wconf 88' lang='lat' dir='ltr'><strong>ad</strong></span> <span class='ocrx_word' id='word_1_346' title='bbox 1268 4367 1492 4422; x_wconf 87' lang='lat' dir='ltr'><strong>tribunal</strong></span> <span class='ocrx_word' id='word_1_347' title='bbox 1519 4367 1789 4430; x_wconf 85' lang='lat' dir='ltr'><strong>adductis.</strong></span> <span class='ocrx_word' id='word_1_348' title='bbox 1820 4368 1886 4424; x_wconf 89' lang='lat' dir='ltr'><strong>de</strong></span> <span class='ocrx_word' id='word_1_349' title='bbox 1910 4368 2037 4424; x_wconf 89' lang='lat' dir='ltr'><strong>hor-</strong></span> 
     </span>
    </p>
   </div>
   <div class='ocr_carea' id='block_1_45' title="bbox 455 4454 2036 4527">
    <p class='ocr_par' dir='ltr' id='par_1_45' title="bbox 455 4454 2036 4527">
     <span class='ocr_line' id='line_1_45' title="bbox 455 4454 2036 4527; baseline 0.005 -19"><span class='ocrx_word' id='word_1_350' title='bbox 455 4454 591 4508; x_wconf 89' lang='lat' dir='ltr'><strong>ribili</strong></span> <span class='ocrx_word' id='word_1_351' title='bbox 620 4455 796 4509; x_wconf 88' lang='lat' dir='ltr'><strong>habita</strong></span> <span class='ocrx_word' id='word_1_352' title='bbox 832 4456 1110 4510; x_wconf 87' lang='lat' dir='ltr'><strong>verberum</strong></span> <span class='ocrx_word' id='word_1_353' title='bbox 1155 4464 1209 4511; x_wconf 91' lang='lat' dir='ltr'><strong>et</strong></span> <span class='ocrx_word' id='word_1_354' title='bbox 1252 4455 1575 4525; x_wconf 80' lang='lat' dir='ltr'><strong>ﬂagellorum</strong></span> <span class='ocrx_word' id='word_1_355' title='bbox 1606 4459 1901 4527; x_wconf 81' lang='lat' dir='ltr'><strong>quaestione</strong></span> <span class='ocrx_word' id='word_1_356' title='bbox 1922 4502 1935 4523; x_wconf 94' lang='lat'><strong>,</strong></span> <span class='ocrx_word' id='word_1_357' title='bbox 1969 4459 2036 4515; x_wconf 87' lang='lat' dir='ltr'><strong>de</strong></span> 
     </span>
    </p>
   </div>
   <div class='ocr_carea' id='block_1_46' title="bbox 454 4547 2038 4621">
    <p class='ocr_par' dir='ltr' id='par_1_46' title="bbox 454 4547 2038 4621">
     <span class='ocr_line' id='line_1_46' title="bbox 454 4547 2038 4621; baseline 0.004 -21"><span class='ocrx_word' id='word_1_358' title='bbox 454 4547 572 4600; x_wconf 82' lang='lat' dir='ltr'><strong>aliis</strong></span> <span class='ocrx_word' id='word_1_359' title='bbox 596 4547 660 4602; x_wconf 90' lang='lat' dir='ltr'><strong>ad</strong></span> <span class='ocrx_word' id='word_1_360' title='bbox 686 4547 1000 4616; x_wconf 85' lang='lat' dir='ltr'><strong>supplicium</strong></span> <span class='ocrx_word' id='word_1_361' title='bbox 1027 4548 1267 4614; x_wconf 88' lang='lat' dir='ltr'><strong>raptatis,</strong></span> <span class='ocrx_word' id='word_1_362' title='bbox 1290 4547 1357 4602; x_wconf 92' lang='lat' dir='ltr'><strong>de</strong></span> <span class='ocrx_word' id='word_1_363' title='bbox 1378 4555 1547 4603; x_wconf 86' lang='lat' dir='ltr'><strong>matre</strong></span> <span class='ocrx_word' id='word_1_364' title='bbox 1571 4556 1622 4603; x_wconf 89' lang='lat' dir='ltr'><strong>et</strong></span> <span class='ocrx_word' id='word_1_365' title='bbox 1646 4563 1832 4605; x_wconf 91' lang='lat' dir='ltr'><strong>sorore</strong></span> <span class='ocrx_word' id='word_1_366' title='bbox 1859 4551 2038 4621; x_wconf 82' lang='lat' dir='ltr'><strong>cujus—</strong></span> 
     </span>
    </p>
   </div>
   <div class='ocr_carea' id='block_1_47' title="bbox 455 4635 2038 4711">
    <p class='ocr_par' dir='ltr' id='par_1_47' title="bbox 455 4635 2038 4711">
     <span class='ocr_line' id='line_1_47' title="bbox 455 4635 2038 4711; baseline 0.004 -22"><span class='ocrx_word' id='word_1_367' title='bbox 455 4635 600 4711; x_wconf 87' lang='lat' dir='ltr'><strong>dam,</strong></span> <span class='ocrx_word' id='word_1_368' title='bbox 623 4636 690 4691; x_wconf 91' lang='lat' dir='ltr'><strong>de</strong></span> <span class='ocrx_word' id='word_1_369' title='bbox 716 4650 821 4706; x_wconf 90' lang='lat' dir='ltr'><strong>quo</strong></span> <span class='ocrx_word' id='word_1_370' title='bbox 862 4637 1003 4690; x_wconf 90' lang='lat' dir='ltr'><strong>intus</strong></span> <span class='ocrx_word' id='word_1_371' title='bbox 1026 4636 1375 4707; x_wconf 77' lang='lat' dir='ltr'><strong>indicabatur,</strong></span> <span class='ocrx_word' id='word_1_372' title='bbox 1403 4637 1470 4691; x_wconf 93' lang='lat' dir='ltr'><strong>ad</strong></span> <span class='ocrx_word' id='word_1_373' title='bbox 1499 4637 1813 4693; x_wconf 86' lang='lat' dir='ltr'><strong>vestibulum</strong></span> <span class='ocrx_word' id='word_1_374' title='bbox 1841 4640 1892 4694; x_wconf 91' lang='lat' dir='ltr'><strong>in</strong></span> <span class='ocrx_word' id='word_1_375' title='bbox 1922 4642 2038 4710; x_wconf 87' lang='lat' dir='ltr'><strong>pul-</strong></span> 
     </span>
    </p>
   </div>
   <div class='ocr_carea' id='block_1_48' title="bbox 455 4725 2034 4801">
    <p class='ocr_par' dir='ltr' id='par_1_48' title="bbox 455 4725 2034 4801">
     <span class='ocr_line' id='line_1_48' title="bbox 455 4725 2034 4801; baseline 0.004 -22"><span class='ocrx_word' id='word_1_376' title='bbox 455 4741 580 4781; x_wconf 83' lang='lat' dir='ltr'><strong>vere</strong></span> <span class='ocrx_word' id='word_1_377' title='bbox 602 4725 868 4801; x_wconf 78' lang='lat' dir='ltr'><strong>volutatis.</strong></span> <span class='ocrx_word' id='word_1_378' title='bbox 898 4725 1021 4781; x_wconf 69' lang='lat' dir='ltr'><strong>llaec</strong></span> <span class='ocrx_word' id='word_1_379' title='bbox 1048 4725 1312 4796; x_wconf 88' lang='lat' dir='ltr'><strong>pathetice</strong></span> <span class='ocrx_word' id='word_1_380' title='bbox 1332 4727 1584 4782; x_wconf 87' lang='lat' dir='ltr'><strong>describit</strong></span> <span class='ocrx_word' id='word_1_381' title='bbox 1602 4727 2034 4800; x_wconf 87' lang='lat' dir='ltr'><strong>Chrysostomus,</strong></span> 
     </span>
    </p>
   </div>
   <div class='ocr_carea' id='block_1_49' title="bbox 454 4816 2033 4888">
    <p class='ocr_par' dir='ltr' id='par_1_49' title="bbox 454 4816 2033 4888">
     <span class='ocr_line' id='line_1_49' title="bbox 454 4816 2033 4888; baseline 0.003 -18"><span class='ocrx_word' id='word_1_382' title='bbox 454 4834 573 4888; x_wconf 75' lang='lat' dir='ltr'><strong>qum</strong></span> <span class='ocrx_word' id='word_1_383' title='bbox 597 4818 778 4888; x_wconf 89' lang='lat' dir='ltr'><strong>paucis</strong></span> <span class='ocrx_word' id='word_1_384' title='bbox 800 4826 924 4872; x_wconf 86' lang='lat' dir='ltr'><strong>ante</strong></span> <span class='ocrx_word' id='word_1_385' title='bbox 946 4816 1151 4883; x_wconf 88' lang='lat' dir='ltr'><strong>diebus,</strong></span> <span class='ocrx_word' id='word_1_386' title='bbox 1175 4817 1376 4872; x_wconf 87' lang='lat' dir='ltr'><strong>scilicet</strong></span> <span class='ocrx_word' id='word_1_387' title='bbox 1394 4828 1677 4888; x_wconf 88' lang='lat' dir='ltr'><strong>antequam</strong></span> <span class='ocrx_word' id='word_1_388' title='bbox 1701 4819 2033 4875; x_wconf 90' lang='lat' dir='ltr'><strong>undecimam</strong></span> 
     </span>
    </p>
   </div>
   <div class='ocr_carea' id='block_1_50' title="bbox 452 4909 2038 4981">
    <p class='ocr_par' dir='ltr' id='par_1_50' title="bbox 452 4909 2038 4981">
     <span class='ocr_line' id='line_1_50' title="bbox 452 4909 2038 4981; baseline 0 -15"><span class='ocrx_word' id='word_1_389' title='bbox 452 4913 767 4966; x_wconf 85' lang='lat' dir='ltr'><strong>concionem</strong></span> <span class='ocrx_word' id='word_1_390' title='bbox 794 4909 1015 4967; x_wconf 78' lang='lat' dir='ltr'><strong>haberet</strong></span> <span class='ocrx_word' id='word_1_391' title='bbox 1036 4952 1051 4978; x_wconf 93' lang='lat'><strong>,</strong></span> <span class='ocrx_word' id='word_1_392' title='bbox 1082 4919 1230 4981; x_wconf 80' lang='lat' dir='ltr'><strong>gesta</strong></span> <span class='ocrx_word' id='word_1_393' title='bbox 1257 4910 1484 4967; x_wconf 83' lang='lat' dir='ltr'><strong>fuerant.</strong></span> <span class='ocrx_word' id='word_1_394' title='bbox 1515 4912 1641 4967; x_wconf 69' lang='lat' dir='ltr'><strong>Hmc</strong></span> <span class='ocrx_word' id='word_1_395' title='bbox 1665 4920 1840 4968; x_wconf 87' lang='lat' dir='ltr'><strong>autem</strong></span> <span class='ocrx_word' id='word_1_396' title='bbox 1869 4911 2038 4966; x_wconf 86' lang='lat' dir='ltr'><strong>homi-</strong></span> 
     </span>
    </p>
   </div>
   <div class='ocr_carea' id='block_1_51' title="bbox 455 5000 2038 5072">
    <p class='ocr_par' dir='ltr' id='par_1_51' title="bbox 455 5000 2038 5072">
     <span class='ocr_line' id='line_1_51' title="bbox 455 5000 2038 5072; baseline 0.001 -16"><span class='ocrx_word' id='word_1_397' title='bbox 455 5002 523 5057; x_wconf 90' lang='lat' dir='ltr'><strong>lia</strong></span> <span class='ocrx_word' id='word_1_398' title='bbox 566 5000 744 5057; x_wconf 82' lang='lat' dir='ltr'><strong>habita</strong></span> <span class='ocrx_word' id='word_1_399' title='bbox 782 5002 944 5057; x_wconf 80' lang='lat' dir='ltr'><strong>fuisse</strong></span> <span class='ocrx_word' id='word_1_400' title='bbox 984 5003 1201 5057; x_wconf 90' lang='lat' dir='ltr'><strong>omnino</strong></span> <span class='ocrx_word' id='word_1_401' title='bbox 1228 5002 1433 5057; x_wconf 86' lang='lat' dir='ltr'><strong>videtur</strong></span> <span class='ocrx_word' id='word_1_402' title='bbox 1461 5001 1589 5057; x_wconf 88' lang='lat' dir='ltr'><strong>feria</strong></span> <span class='ocrx_word' id='word_1_403' title='bbox 1623 5012 1807 5072; x_wconf 88' lang='lat' dir='ltr'><strong>quarta</strong></span> <span class='ocrx_word' id='word_1_404' title='bbox 1834 5001 2038 5057; x_wconf 86' lang='lat' dir='ltr'><strong>hebdo-</strong></span> 
     </span>
    </p>
   </div>
   <div class='ocr_carea' id='block_1_52' title="bbox 456 5094 2037 5165">
    <p class='ocr_par' dir='ltr' id='par_1_52' title="bbox 456 5094 2037 5165">
     <span class='ocr_line' id='line_1_52' title="bbox 456 5094 2037 5165; baseline -0.001 -15"><span class='ocrx_word' id='word_1_405' title='bbox 456 5094 631 5151; x_wconf 88' lang='lat' dir='ltr'><strong>madis</strong></span> <span class='ocrx_word' id='word_1_406' title='bbox 657 5105 860 5164; x_wconf 83' lang='lat' dir='ltr'><strong>quartae</strong></span> <span class='ocrx_word' id='word_1_407' title='bbox 887 5094 1335 5165; x_wconf 70' lang='lat' dir='ltr'><strong>Quadragesimas.</strong></span> <span class='ocrx_word' id='word_1_408' title='bbox 1374 5094 1670 5150; x_wconf 73' lang='lat' dir='ltr'><strong>Prtemissis</strong></span> <span class='ocrx_word' id='word_1_409' title='bbox 1693 5104 1872 5149; x_wconf 85' lang='lat' dir='ltr'><strong>autem</strong></span> <span class='ocrx_word' id='word_1_410' title='bbox 1899 5094 2037 5149; x_wconf 89' lang='lat' dir='ltr'><strong>bene</strong></span> 
     </span>
    </p>
   </div>
   <div class='ocr_carea' id='block_1_53' title="bbox 456 5185 2037 5257">
    <p class='ocr_par' dir='ltr' id='par_1_53' title="bbox 456 5185 2037 5257">
     <span class='ocr_line' id='line_1_53' title="bbox 456 5185 2037 5257; baseline 0 -15"><span class='ocrx_word' id='word_1_411' title='bbox 456 5188 638 5242; x_wconf 89' lang='lat' dir='ltr'><strong>multis</strong></span> <span class='ocrx_word' id='word_1_412' title='bbox 675 5186 743 5242; x_wconf 91' lang='lat' dir='ltr'><strong>de</strong></span> <span class='ocrx_word' id='word_1_413' title='bbox 781 5186 1083 5240; x_wconf 88' lang='lat' dir='ltr'><strong>calamitate</strong></span> <span class='ocrx_word' id='word_1_414' title='bbox 1124 5185 1454 5242; x_wconf 87' lang='lat' dir='ltr'><strong>Antiochena</strong></span> <span class='ocrx_word' id='word_1_415' title='bbox 1478 5227 1493 5251; x_wconf 92' lang='lat'><strong>,</strong></span> <span class='ocrx_word' id='word_1_416' title='bbox 1535 5186 1601 5240; x_wconf 91' lang='lat' dir='ltr'><strong>ad</strong></span> <span class='ocrx_word' id='word_1_417' title='bbox 1648 5186 1928 5257; x_wconf 88' lang='lat' dir='ltr'><strong>pristinum</strong></span> <span class='ocrx_word' id='word_1_418' title='bbox 1970 5187 2037 5242; x_wconf 90' lang='lat' dir='ltr'><strong>de</strong></span> 
     </span>
    </p>
   </div>
   <div class='ocr_carea' id='block_1_54' title="bbox 460 5277 2033 5349">
    <p class='ocr_par' dir='ltr' id='par_1_54' title="bbox 460 5277 2033 5349">
     <span class='ocr_line' id='line_1_54' title="bbox 460 5277 2033 5349; baseline 0 -18"><span class='ocrx_word' id='word_1_419' title='bbox 460 5279 688 5336; x_wconf 83' lang='lat' dir='ltr'><strong>hominis</strong></span> <span class='ocrx_word' id='word_1_420' title='bbox 717 5279 931 5348; x_wconf 83' lang='lat' dir='ltr'><strong>opiﬁcio</strong></span> <span class='ocrx_word' id='word_1_421' title='bbox 971 5287 1340 5349; x_wconf 83' lang='lat' dir='ltr'><strong>argumentum</strong></span> <span class='ocrx_word' id='word_1_422' title='bbox 1386 5277 1703 5346; x_wconf 90' lang='lat' dir='ltr'><strong>descendit,</strong></span> <span class='ocrx_word' id='word_1_423' title='bbox 1744 5287 1798 5333; x_wconf 89' lang='lat' dir='ltr'><strong>et</strong></span> <span class='ocrx_word' id='word_1_424' title='bbox 1837 5279 2033 5332; x_wconf 90' lang='lat' dir='ltr'><strong>cohor-</strong></span> 
     </span>
    </p>
   </div>
   <div class='ocr_carea' id='block_1_55' title="bbox 460 5369 2038 5441">
    <p class='ocr_par' dir='ltr' id='par_1_55' title="bbox 460 5369 2038 5441">
     <span class='ocr_line' id='line_1_55' title="bbox 460 5369 2038 5441; baseline 0.001 -18"><span class='ocrx_word' id='word_1_425' title='bbox 460 5371 621 5426; x_wconf 89' lang='lat' dir='ltr'><strong>tando</strong></span> <span class='ocrx_word' id='word_1_426' title='bbox 645 5371 714 5427; x_wconf 90' lang='lat' dir='ltr'><strong>de</strong></span> <span class='ocrx_word' id='word_1_427' title='bbox 743 5386 892 5427; x_wconf 91' lang='lat' dir='ltr'><strong>more</strong></span> <span class='ocrx_word' id='word_1_428' title='bbox 920 5370 985 5425; x_wconf 90' lang='lat' dir='ltr'><strong>ad</strong></span> <span class='ocrx_word' id='word_1_429' title='bbox 1010 5370 1311 5441; x_wconf 72' lang='lat' dir='ltr'><strong>iuramenta</strong></span> <span class='ocrx_word' id='word_1_430' title='bbox 1331 5369 1546 5424; x_wconf 88' lang='lat' dir='ltr'><strong>vitanda</strong></span> <span class='ocrx_word' id='word_1_431' title='bbox 1573 5369 1867 5425; x_wconf 89' lang='lat' dir='ltr'><strong>orationem</strong></span> <span class='ocrx_word' id='word_1_432' title='bbox 1892 5371 2038 5426; x_wconf 82' lang='lat' dir='ltr'><strong>clau-</strong></span> 
     </span>
    </p>
   </div>
   <div class='ocr_carea' id='block_1_56' title="bbox 460 5458 558 5511">
    <p class='ocr_par' dir='ltr' id='par_1_56' title="bbox 460 5458 558 5511">
     <span class='ocr_line' id='line_1_56' title="bbox 460 5458 558 5511; baseline 0 0"><span class='ocrx_word' id='word_1_433' title='bbox 460 5458 558 5511; x_wconf 84' lang='lat' dir='ltr'><strong>dit.</strong></span> 
     </span>
    </p>
   </div>
   <div class='ocr_carea' id='block_1_57' title="bbox 534 5547 2039 5622">
    <p class='ocr_par' dir='ltr' id='par_1_57' title="bbox 534 5547 2039 5622">
     <span class='ocr_line' id='line_1_57' title="bbox 534 5547 2039 5622; baseline 0.003 -23"><span class='ocrx_word' id='word_1_434' title='bbox 534 5547 802 5603; x_wconf 88' lang='lat' dir='ltr'><strong>Decimam</strong></span> <span class='ocrx_word' id='word_1_435' title='bbox 862 5561 1102 5622; x_wconf 86' lang='lat' dir='ltr'><strong>quartam</strong></span> <span class='ocrx_word' id='word_1_436' title='bbox 1151 5551 1523 5620; x_wconf 79' lang='lat' dir='ltr'><strong>Tillemontius</strong></span> <span class='ocrx_word' id='word_1_437' title='bbox 1561 5548 1838 5604; x_wconf 87' lang='lat' dir='ltr'><strong>locandam</strong></span> <span class='ocrx_word' id='word_1_438' title='bbox 1890 5559 2039 5620; x_wconf 91' lang='lat' dir='ltr'><strong>putat</strong></span> 
     </span>
    </p>
   </div>
   <div class='ocr_carea' id='block_1_58' title="bbox 463 5636 2040 5709">
    <p class='ocr_par' dir='ltr' id='par_1_58' title="bbox 463 5636 2040 5709">
     <span class='ocr_line' id='line_1_58' title="bbox 463 5636 2040 5709; baseline 0.003 -20"><span class='ocrx_word' id='word_1_439' title='bbox 463 5645 585 5703; x_wconf 87' lang='lat' dir='ltr'><strong>post</strong></span> <span class='ocrx_word' id='word_1_440' title='bbox 610 5636 865 5691; x_wconf 87' lang='lat' dir='ltr'><strong>decimam</strong></span> <span class='ocrx_word' id='word_1_441' title='bbox 897 5650 1134 5696; x_wconf 81' lang='lat' dir='ltr'><strong>octavam</strong></span> <span class='ocrx_word' id='word_1_442' title='bbox 1157 5683 1173 5708; x_wconf 88' lang='lat'><strong>,</strong></span> <span class='ocrx_word' id='word_1_443' title='bbox 1217 5644 1316 5695; x_wconf 87' lang='lat' dir='ltr'><strong>hac</strong></span> <span class='ocrx_word' id='word_1_444' title='bbox 1354 5648 1625 5709; x_wconf 89' lang='lat' dir='ltr'><strong>permotus</strong></span> <span class='ocrx_word' id='word_1_445' title='bbox 1673 5640 1879 5694; x_wconf 88' lang='lat' dir='ltr'><strong>ratione</strong></span> <span class='ocrx_word' id='word_1_446' title='bbox 1909 5658 1920 5693; x_wconf 89' lang='lat'>:</span> <span class='ocrx_word' id='word_1_447' title='bbox 1953 5640 2040 5694; x_wconf 79' lang='lat' dir='ltr'><strong>ln—</strong></span> 
     </span>
    </p>
   </div>
   <div class='ocr_carea' id='block_1_59' title="bbox 466 5723 2038 5800">
    <p class='ocr_par' dir='ltr' id='par_1_59' title="bbox 466 5723 2038 5800">
     <span class='ocr_line' id='line_1_59' title="bbox 466 5723 2038 5800; baseline 0.006 -26"><span class='ocrx_word' id='word_1_448' title='bbox 466 5723 560 5776; x_wconf 87' lang='lat' dir='ltr'><strong>itio</strong></span> <span class='ocrx_word' id='word_1_449' title='bbox 585 5724 658 5777; x_wconf 89' lang='lat' dir='ltr'><strong>ait</strong></span> <span class='ocrx_word' id='word_1_450' title='bbox 681 5723 1109 5795; x_wconf 80' lang='lat' dir='ltr'><strong>Chrysostomus,</strong></span> <span class='ocrx_word' id='word_1_451' title='bbox 1144 5730 1265 5783; x_wconf 87' lang='lat' dir='ltr'><strong>Non</strong></span> <span class='ocrx_word' id='word_1_452' title='bbox 1291 5745 1471 5800; x_wconf 84' lang='lat' dir='ltr'><strong>parum</strong></span> <span class='ocrx_word' id='word_1_453' title='bbox 1499 5729 1744 5781; x_wconf 82' lang='lat' dir='ltr'><strong>civitatem</strong></span> <span class='ocrx_word' id='word_1_454' title='bbox 1765 5730 1905 5783; x_wconf 82' lang='lat' dir='ltr'><strong>nobis</strong></span> <span class='ocrx_word' id='word_1_455' title='bbox 1931 5730 2038 5784; x_wconf 85' lang='lat' dir='ltr'><strong>heri</strong></span> 
     </span>
    </p>
   </div>
   <div class='ocr_carea' id='block_1_60' title="bbox 468 5811 2034 5888">
    <p class='ocr_par' dir='ltr' id='par_1_60' title="bbox 468 5811 2034 5888">
     <span class='ocr_line' id='line_1_60' title="bbox 468 5811 2034 5888; baseline 0.004 -24"><span class='ocrx_word' id='word_1_456' title='bbox 468 5811 698 5866; x_wconf 71' lang='lat' dir='ltr'><strong>dmbolus</strong></span> <span class='ocrx_word' id='word_1_457' title='bbox 729 5830 771 5882; x_wconf 82' lang='grc' dir='ltr'>ρι</span> <span class='ocrx_word' id='word_1_458' title='bbox 791 5814 1044 5883; x_wconf 69' lang='lat' dir='ltr'><strong>rturbat‘it,</strong></span> <span class='ocrx_word' id='word_1_459' title='bbox 1073 5819 1161 5872; x_wconf 79' lang='lat' dir='ltr'><strong>sed</strong></span> <span class='ocrx_word' id='word_1_460' title='bbox 1184 5827 1232 5872; x_wconf 85' lang='lat' dir='ltr'><strong>et</strong></span> <span class='ocrx_word' id='word_1_461' title='bbox 1260 5819 1391 5873; x_wconf 78' lang='lat' dir='ltr'><strong>Deus</strong></span> <span class='ocrx_word' id='word_1_462' title='bbox 1418 5833 1509 5873; x_wconf 89' lang='lat' dir='ltr'><strong>nos</strong></span> <span class='ocrx_word' id='word_1_463' title='bbox 1528 5818 1703 5871; x_wconf 83' lang='lat' dir='ltr'><strong>iterum</strong></span> <span class='ocrx_word' id='word_1_464' title='bbox 1727 5834 1825 5872; x_wconf 87' lang='lat' dir='ltr'><strong>non</strong></span> <span class='ocrx_word' id='word_1_465' title='bbox 1858 5835 2034 5888; x_wconf 82' lang='lat' dir='ltr'><strong>parum</strong></span> 
     </span>
    </p>
   </div>
   <div class='ocr_carea' id='block_1_61' title="bbox 1517 406 3718 473">
    <p class='ocr_par' dir='ltr' id='par_1_61' title="bbox 1517 406 3718 473">
     <span class='ocr_line' id='line_1_61' title="bbox 1517 406 3718 473; baseline -0.003 -4"><span class='ocrx_word' id='word_1_466' title='bbox 1517 414 1572 469; x_wconf 88' lang='lat' dir='ltr'><strong>S.</strong></span> <span class='ocrx_word' id='word_1_467' title='bbox 1615 410 1890 467; x_wconf 69' lang='lat' dir='ltr'><strong>JOANNIS</strong></span> <span class='ocrx_word' id='word_1_468' title='bbox 1930 407 2396 465; x_wconf 80' lang='lat' dir='ltr'><strong>CIIRYSOSTOMI</strong></span> <span class='ocrx_word' id='word_1_469' title='bbox 2439 406 2617 473; x_wconf 76' lang='lat' dir='ltr'><strong>Vl&#39;l&#39;A,</strong></span> <span class='ocrx_word' id='word_1_470' title='bbox 3622 413 3718 472; x_wconf 71' lang='lat'><strong>[20</strong></span> 
     </span>
    </p>
   </div>
   <div class='ocr_carea' id='block_1_62' title="bbox 2134 520 3719 590">
    <p class='ocr_par' dir='ltr' id='par_1_62' title="bbox 2134 520 3719 590">
     <span class='ocr_line' id='line_1_62' title="bbox 2134 520 3719 590; baseline 0.006 -16"><span class='ocrx_word' id='word_1_471' title='bbox 2134 521 2423 575; x_wconf 85' lang='lat' dir='ltr'><strong>consolatus</strong></span> <span class='ocrx_word' id='word_1_472' title='bbox 2445 530 2534 575; x_wconf 84' lang='lat' dir='ltr'><strong>est.</strong></span> <span class='ocrx_word' id='word_1_473' title='bbox 2558 520 2684 575; x_wconf 62' lang='lat' dir='ltr'><strong>Haec</strong></span> <span class='ocrx_word' id='word_1_474' title='bbox 2707 520 2886 585; x_wconf 80' lang='lat' dir='ltr'><strong>verba,</strong></span> <span class='ocrx_word' id='word_1_475' title='bbox 2916 522 3083 590; x_wconf 90' lang='lat' dir='ltr'><strong>inquit</strong></span> <span class='ocrx_word' id='word_1_476' title='bbox 3115 521 3203 576; x_wconf 89' lang='lat' dir='ltr'><strong>illc</strong></span> <span class='ocrx_word' id='word_1_477' title='bbox 3226 563 3241 587; x_wconf 95' lang='lat'><strong>,</strong></span> <span class='ocrx_word' id='word_1_478' title='bbox 3274 522 3563 581; x_wconf 79' lang='lat' dir='ltr'><strong>adventum</strong></span> <span class='ocrx_word' id='word_1_479' title='bbox 3594 526 3719 583; x_wconf 90' lang='lat' dir='ltr'><strong>llel-</strong></span> 
     </span>
    </p>
   </div>
   <div class='ocr_carea' id='block_1_63' title="bbox 2135 610 3718 690">
    <p class='ocr_par' dir='ltr' id='par_1_63' title="bbox 2135 610 3718 690">
     <span class='ocr_line' id='line_1_63' title="bbox 2135 610 3718 690; baseline 0.006 -27"><span class='ocrx_word' id='word_1_480' title='bbox 2135 610 2350 677; x_wconf 79' lang='lat' dir='ltr'><strong>lebiclti,</strong></span> <span class='ocrx_word' id='word_1_481' title='bbox 2378 621 2432 665; x_wconf 91' lang='lat' dir='ltr'><strong>et</strong></span> <span class='ocrx_word' id='word_1_482' title='bbox 2462 612 2700 665; x_wconf 91' lang='lat' dir='ltr'><strong>nuntium</strong></span> <span class='ocrx_word' id='word_1_483' title='bbox 2719 612 2827 680; x_wconf 86' lang='lat' dir='ltr'><strong>jam</strong></span> <span class='ocrx_word' id='word_1_484' title='bbox 2850 610 3309 683; x_wconf 84' lang='lat' dir='ltr'><strong>Constantinopoli</strong></span> <span class='ocrx_word' id='word_1_485' title='bbox 3334 615 3527 673; x_wconf 84' lang='lat' dir='ltr'><strong>adesse</strong></span> <span class='ocrx_word' id='word_1_486' title='bbox 3552 619 3718 690; x_wconf 88' lang='lat' dir='ltr'><strong>signi-</strong></span> 
     </span>
    </p>
   </div>
   <div class='ocr_carea' id='block_1_64' title="bbox 2133 700 3720 778">
    <p class='ocr_par' dir='ltr' id='par_1_64' title="bbox 2133 700 3720 778">
     <span class='ocr_line' id='line_1_64' title="bbox 2133 700 3720 778; baseline 0.005 -24"><span class='ocrx_word' id='word_1_487' title='bbox 2133 700 2310 755; x_wconf 78' lang='lat' dir='ltr'><strong>ﬁcant.</strong></span> <span class='ocrx_word' id='word_1_488' title='bbox 2342 700 2537 754; x_wconf 78' lang='lat' dir='ltr'><strong>Verum</strong></span> <span class='ocrx_word' id='word_1_489' title='bbox 2577 700 2693 756; x_wconf 75' lang='lat' dir='ltr'><strong>hmc</strong></span> <span class='ocrx_word' id='word_1_490' title='bbox 2732 701 3042 757; x_wconf 83' lang='lat' dir='ltr'><strong>hariolando</strong></span> <span class='ocrx_word' id='word_1_491' title='bbox 3082 702 3347 759; x_wconf 90' lang='lat' dir='ltr'><strong>dicuntur.</strong></span> <span class='ocrx_word' id='word_1_492' title='bbox 3379 705 3523 772; x_wconf 87' lang='lat' dir='ltr'><strong>Quot</strong></span> <span class='ocrx_word' id='word_1_493' title='bbox 3547 711 3720 778; x_wconf 80' lang='lat' dir='ltr'><strong>suspi-</strong></span> 
     </span>
    </p>
   </div>
   <div class='ocr_carea' id='block_1_65' title="bbox 2131 793 3717 864">
    <p class='ocr_par' dir='ltr' id='par_1_65' title="bbox 2131 793 3717 864">
     <span class='ocr_line' id='line_1_65' title="bbox 2131 793 3717 864; baseline 0.006 -18"><span class='ocrx_word' id='word_1_494' title='bbox 2131 793 2315 847; x_wconf 88' lang='lat' dir='ltr'><strong>ciones</strong></span> <span class='ocrx_word' id='word_1_495' title='bbox 2339 800 2393 846; x_wconf 89' lang='lat' dir='ltr'><strong>et</strong></span> <span class='ocrx_word' id='word_1_496' title='bbox 2423 802 2655 847; x_wconf 91' lang='lat' dir='ltr'><strong>terrores</strong></span> <span class='ocrx_word' id='word_1_497' title='bbox 2694 793 2962 848; x_wconf 89' lang='lat' dir='ltr'><strong>immissos</strong></span> <span class='ocrx_word' id='word_1_498' title='bbox 2990 803 3140 863; x_wconf 89' lang='lat' dir='ltr'><strong>putas</strong></span> <span class='ocrx_word' id='word_1_499' title='bbox 3172 796 3521 853; x_wconf 81' lang='lat' dir='ltr'><strong>Antiocheuis</strong></span> <span class='ocrx_word' id='word_1_500' title='bbox 3546 842 3563 864; x_wconf 90' lang='lat'><strong>,</strong></span> <span class='ocrx_word' id='word_1_501' title='bbox 3594 799 3717 855; x_wconf 89' lang='lat' dir='ltr'><strong>dum</strong></span> 
     </span>
    </p>
   </div>
   <div class='ocr_carea' id='block_1_66' title="bbox 2130 883 3720 954">
    <p class='ocr_par' dir='ltr' id='par_1_66' title="bbox 2130 883 3720 954">
     <span class='ocr_line' id='line_1_66' title="bbox 2130 883 3720 954; baseline 0.007 -18"><span class='ocrx_word' id='word_1_502' title='bbox 2130 884 2293 937; x_wconf 92' lang='lat' dir='ltr'><strong>animi</strong></span> <span class='ocrx_word' id='word_1_503' title='bbox 2322 883 2634 953; x_wconf 87' lang='lat' dir='ltr'><strong>penderent,</strong></span> <span class='ocrx_word' id='word_1_504' title='bbox 2657 893 2710 938; x_wconf 88' lang='lat' dir='ltr'><strong>et</strong></span> <span class='ocrx_word' id='word_1_505' title='bbox 2730 899 2981 954; x_wconf 89' lang='lat' dir='ltr'><strong>quorsum</strong></span> <span class='ocrx_word' id='word_1_506' title='bbox 3007 894 3111 939; x_wconf 94' lang='lat' dir='ltr'><strong>tam</strong></span> <span class='ocrx_word' id='word_1_507' title='bbox 3134 885 3362 943; x_wconf 87' lang='lat' dir='ltr'><strong>infausta</strong></span> <span class='ocrx_word' id='word_1_508' title='bbox 3387 904 3475 945; x_wconf 89' lang='lat' dir='ltr'><strong>res</strong></span> <span class='ocrx_word' id='word_1_509' title='bbox 3495 904 3720 947; x_wconf 79' lang='lat' dir='ltr'><strong>erasum</strong></span> 
     </span>
    </p>
   </div>
   <div class='ocr_carea' id='block_1_67' title="bbox 2131 975 3722 1045">
    <p class='ocr_par' dir='ltr' id='par_1_67' title="bbox 2131 975 3722 1045">
     <span class='ocr_line' id='line_1_67' title="bbox 2131 975 3722 1045; baseline 0.008 -16"><span class='ocrx_word' id='word_1_510' title='bbox 2131 984 2274 1031; x_wconf 88' lang='lat' dir='ltr'><strong>esset</strong></span> <span class='ocrx_word' id='word_1_511' title='bbox 2318 975 2657 1045; x_wconf 87' lang='lat' dir='ltr'><strong>ignorarent?</strong></span> <span class='ocrx_word' id='word_1_512' title='bbox 2693 975 2769 1031; x_wconf 90' lang='lat' dir='ltr'><strong>De</strong></span> <span class='ocrx_word' id='word_1_513' title='bbox 2798 977 2862 1032; x_wconf 88' lang='lat' dir='ltr'><strong>iis</strong></span> <span class='ocrx_word' id='word_1_514' title='bbox 2890 992 3019 1032; x_wconf 87' lang='lat' dir='ltr'><strong>vero</strong></span> <span class='ocrx_word' id='word_1_515' title='bbox 3059 979 3353 1036; x_wconf 85' lang='lat' dir='ltr'><strong>terroribus</strong></span> <span class='ocrx_word' id='word_1_516' title='bbox 3390 984 3722 1041; x_wconf 80' lang='lat' dir='ltr'><strong>rumoribus-</strong></span> 
     </span>
    </p>
   </div>
   <div class='ocr_carea' id='block_1_68' title="bbox 2132 1066 3718 1142">
    <p class='ocr_par' dir='ltr' id='par_1_68' title="bbox 2132 1066 3718 1142">
     <span class='ocr_line' id='line_1_68' title="bbox 2132 1066 3718 1142; baseline 0.009 -23"><span class='ocrx_word' id='word_1_517' title='bbox 2132 1080 2236 1136; x_wconf 91' lang='lat' dir='ltr'><strong>qne</strong></span> <span class='ocrx_word' id='word_1_518' title='bbox 2283 1066 2584 1122; x_wconf 84' lang='lat' dir='ltr'><strong>ratiocinari</strong></span> <span class='ocrx_word' id='word_1_519' title='bbox 2622 1068 2889 1138; x_wconf 92' lang='lat' dir='ltr'><strong>quomodo</strong></span> <span class='ocrx_word' id='word_1_520' title='bbox 2914 1084 3217 1140; x_wconf 87' lang='lat' dir='ltr'><strong>possumus,</strong></span> <span class='ocrx_word' id='word_1_521' title='bbox 3248 1074 3336 1142; x_wconf 90' lang='lat' dir='ltr'><strong>qui</strong></span> <span class='ocrx_word' id='word_1_522' title='bbox 3366 1090 3552 1131; x_wconf 88' lang='lat' dir='ltr'><strong>eorum</strong></span> <span class='ocrx_word' id='word_1_523' title='bbox 3580 1077 3718 1134; x_wconf 85' lang='lat' dir='ltr'><strong>haud</strong></span> 
     </span>
    </p>
   </div>
   <div class='ocr_carea' id='block_1_69' title="bbox 2132 1160 3693 1241">
    <p class='ocr_par' dir='ltr' id='par_1_69' title="bbox 2132 1160 3693 1241">
     <span class='ocr_line' id='line_1_69' title="bbox 2132 1160 3693 1241; baseline 0.01 -28"><span class='ocrx_word' id='word_1_524' title='bbox 2132 1160 2295 1215; x_wconf 90' lang='lat' dir='ltr'><strong>dubie</strong></span> <span class='ocrx_word' id='word_1_525' title='bbox 2333 1161 2617 1215; x_wconf 80' lang='lat' dir='ltr'><strong>maximam</strong></span> <span class='ocrx_word' id='word_1_526' title='bbox 2649 1170 2851 1232; x_wconf 89' lang='lat' dir='ltr'><strong>partem</strong></span> <span class='ocrx_word' id='word_1_527' title='bbox 2897 1163 3235 1233; x_wconf 89' lang='lat' dir='ltr'><strong>ignoramus;</strong></span> <span class='ocrx_word' id='word_1_528' title='bbox 3264 1176 3318 1223; x_wconf 90' lang='lat' dir='ltr'><strong>et</strong></span> <span class='ocrx_word' id='word_1_529' title='bbox 3344 1171 3388 1224; x_wconf 89' lang='lat' dir='ltr'><strong>si</strong></span> <span class='ocrx_word' id='word_1_530' title='bbox 3430 1187 3533 1241; x_wconf 89' lang='lat' dir='ltr'><strong>qua</strong></span> <span class='ocrx_word' id='word_1_531' title='bbox 3573 1176 3693 1229; x_wconf 82' lang='lat' dir='ltr'><strong>novi</strong></span> 
     </span>
    </p>
   </div>
   <div class='ocr_carea' id='block_1_70' title="bbox 2132 1251 3719 1333">
    <p class='ocr_par' dir='ltr' id='par_1_70' title="bbox 2132 1251 3719 1333">
     <span class='ocr_line' id='line_1_70' title="bbox 2132 1251 3719 1333; baseline 0.009 -28"><span class='ocrx_word' id='word_1_532' title='bbox 2132 1266 2272 1318; x_wconf 90' lang='lat' dir='ltr'><strong>mus,</strong></span> <span class='ocrx_word' id='word_1_533' title='bbox 2301 1251 2371 1305; x_wconf 92' lang='lat' dir='ltr'><strong>ita</strong></span> <span class='ocrx_word' id='word_1_534' title='bbox 2397 1254 2707 1323; x_wconf 90' lang='lat' dir='ltr'><strong>plerumque</strong></span> <span class='ocrx_word' id='word_1_535' title='bbox 2736 1254 3113 1326; x_wconf 90' lang='lat' dir='ltr'><strong>intelligimus,</strong></span> <span class='ocrx_word' id='word_1_536' title='bbox 3154 1266 3212 1312; x_wconf 93' lang='lat' dir='ltr'><strong>ut</strong></span> <span class='ocrx_word' id='word_1_537' title='bbox 3247 1260 3337 1314; x_wconf 85' lang='lat' dir='ltr'><strong>vix</strong></span> <span class='ocrx_word' id='word_1_538' title='bbox 3373 1262 3498 1317; x_wconf 91' lang='lat' dir='ltr'><strong>inde</strong></span> <span class='ocrx_word' id='word_1_539' title='bbox 3525 1278 3719 1333; x_wconf 88' lang='lat' dir='ltr'><strong>quam-</strong></span> 
     </span>
    </p>
   </div>
   <div class='ocr_carea' id='block_1_71' title="bbox 2134 1345 3723 1416">
    <p class='ocr_par' dir='ltr' id='par_1_71' title="bbox 2134 1345 3723 1416">
     <span class='ocr_line' id='line_1_71' title="bbox 2134 1345 3723 1416; baseline 0.011 -21"><span class='ocrx_word' id='word_1_540' title='bbox 2134 1346 2273 1412; x_wconf 86' lang='lat' dir='ltr'><strong>piam</strong></span> <span class='ocrx_word' id='word_1_541' title='bbox 2300 1351 2479 1397; x_wconf 88' lang='lat' dir='ltr'><strong>notam</strong></span> <span class='ocrx_word' id='word_1_542' title='bbox 2509 1345 2770 1414; x_wconf 83' lang='lat' dir='ltr'><strong>expiscari</strong></span> <span class='ocrx_word' id='word_1_543' title='bbox 2802 1348 3112 1416; x_wconf 86' lang='lat' dir='ltr'><strong>possimus?</strong></span> <span class='ocrx_word' id='word_1_544' title='bbox 3149 1347 3274 1406; x_wconf 64' lang='lat' dir='ltr'><strong>Haec</strong></span> <span class='ocrx_word' id='word_1_545' title='bbox 3300 1352 3523 1409; x_wconf 89' lang='lat' dir='ltr'><strong>bomilia</strong></span> <span class='ocrx_word' id='word_1_546' title='bbox 3555 1356 3723 1413; x_wconf 85' lang='lat' dir='ltr'><strong>ferme</strong></span> 
     </span>
    </p>
   </div>
   <div class='ocr_carea' id='block_1_72' title="bbox 2134 1436 3026 1507">
    <p class='ocr_par' dir='ltr' id='par_1_72' title="bbox 2134 1436 3026 1507">
     <span class='ocr_line' id='line_1_72' title="bbox 2134 1436 3026 1507; baseline 0.006 -19"><span class='ocrx_word' id='word_1_547' title='bbox 2134 1442 2242 1488; x_wconf 93' lang='lat' dir='ltr'><strong>tota</strong></span> <span class='ocrx_word' id='word_1_548' title='bbox 2268 1446 2351 1489; x_wconf 90' lang='lat' dir='ltr'><strong>est</strong></span> <span class='ocrx_word' id='word_1_549' title='bbox 2375 1436 2443 1491; x_wconf 89' lang='lat' dir='ltr'><strong>de</strong></span> <span class='ocrx_word' id='word_1_550' title='bbox 2468 1436 2684 1492; x_wconf 90' lang='lat' dir='ltr'><strong>vitando</strong></span> <span class='ocrx_word' id='word_1_551' title='bbox 2704 1438 3026 1507; x_wconf 70' lang='lat' dir='ltr'><strong>iuramento.</strong></span> 
     </span>
    </p>
   </div>
   <div class='ocr_carea' id='block_1_73' title="bbox 2206 1526 3721 1597">
    <p class='ocr_par' dir='ltr' id='par_1_73' title="bbox 2206 1526 3721 1597">
     <span class='ocr_line' id='line_1_73' title="bbox 2206 1526 3721 1597; baseline 0.01 -18"><span class='ocrx_word' id='word_1_552' title='bbox 2206 1526 2472 1580; x_wconf 88' lang='lat' dir='ltr'><strong>Decimam</strong></span> <span class='ocrx_word' id='word_1_553' title='bbox 2500 1528 2735 1597; x_wconf 88' lang='lat' dir='ltr'><strong>quintam</strong></span> <span class='ocrx_word' id='word_1_554' title='bbox 2765 1528 3039 1585; x_wconf 81' lang='lat' dir='ltr'><strong>ltomiliam</strong></span> <span class='ocrx_word' id='word_1_555' title='bbox 3070 1532 3181 1588; x_wconf 92' lang='lat' dir='ltr'><strong>vult</strong></span> <span class='ocrx_word' id='word_1_556' title='bbox 3216 1532 3599 1593; x_wconf 86' lang='lat' dir='ltr'><strong>Tillemontius</strong></span> <span class='ocrx_word' id='word_1_557' title='bbox 3631 1540 3721 1593; x_wconf 84' lang='lat' dir='ltr'><strong>ha-</strong></span> 
     </span>
    </p>
   </div>
   <div class='ocr_carea' id='block_1_74' title="bbox 2133 1616 3718 1695">
    <p class='ocr_par' dir='ltr' id='par_1_74' title="bbox 2133 1616 3718 1695">
     <span class='ocr_line' id='line_1_74' title="bbox 2133 1616 3718 1695; baseline 0.008 -23"><span class='ocrx_word' id='word_1_558' title='bbox 2133 1617 2294 1672; x_wconf 90' lang='lat' dir='ltr'><strong>bitam</strong></span> <span class='ocrx_word' id='word_1_559' title='bbox 2332 1616 2495 1673; x_wconf 90' lang='lat' dir='ltr'><strong>fuisse</strong></span> <span class='ocrx_word' id='word_1_560' title='bbox 2534 1619 2675 1674; x_wconf 91' lang='lat' dir='ltr'><strong>inter</strong></span> <span class='ocrx_word' id='word_1_561' title='bbox 2712 1620 2972 1676; x_wconf 89' lang='lat' dir='ltr'><strong>decimam</strong></span> <span class='ocrx_word' id='word_1_562' title='bbox 3008 1632 3062 1678; x_wconf 91' lang='lat' dir='ltr'><strong>et</strong></span> <span class='ocrx_word' id='word_1_563' title='bbox 3103 1624 3474 1695; x_wconf 90' lang='lat' dir='ltr'><strong>undecimam,</strong></span> <span class='ocrx_word' id='word_1_564' title='bbox 3511 1639 3622 1684; x_wconf 90' lang='lat' dir='ltr'><strong>tum</strong></span> <span class='ocrx_word' id='word_1_565' title='bbox 3654 1632 3718 1686; x_wconf 88' lang='lat' dir='ltr'><strong>ob</strong></span> 
     </span>
    </p>
   </div>
   <div class='ocr_carea' id='block_1_75' title="bbox 2132 1710 3717 1790">
    <p class='ocr_par' dir='ltr' id='par_1_75' title="bbox 2132 1710 3717 1790">
     <span class='ocr_line' id='line_1_75' title="bbox 2132 1710 3717 1790; baseline 0.009 -29"><span class='ocrx_word' id='word_1_566' title='bbox 2132 1722 2319 1762; x_wconf 90' lang='lat' dir='ltr'><strong>causas</strong></span> <span class='ocrx_word' id='word_1_567' title='bbox 2356 1723 2515 1779; x_wconf 91' lang='lat' dir='ltr'><strong>supra</strong></span> <span class='ocrx_word' id='word_1_568' title='bbox 2560 1710 2627 1764; x_wconf 89' lang='lat' dir='ltr'><strong>ad</strong></span> <span class='ocrx_word' id='word_1_569' title='bbox 2669 1711 3005 1767; x_wconf 89' lang='lat' dir='ltr'><strong>undecimam</strong></span> <span class='ocrx_word' id='word_1_570' title='bbox 3046 1726 3369 1772; x_wconf 78' lang='lat' dir='ltr'><strong>memoratas</strong></span> <span class='ocrx_word' id='word_1_571' title='bbox 3394 1759 3410 1784; x_wconf 89' lang='lat'><strong>,</strong></span> <span class='ocrx_word' id='word_1_572' title='bbox 3452 1728 3565 1773; x_wconf 91' lang='lat' dir='ltr'><strong>tum</strong></span> <span class='ocrx_word' id='word_1_573' title='bbox 3598 1722 3717 1790; x_wconf 85' lang='lat' dir='ltr'><strong>quia</strong></span> 
     </span>
    </p>
   </div>
   <div class='ocr_carea' id='block_1_76' title="bbox 2133 1797 3717 1876">
    <p class='ocr_par' dir='ltr' id='par_1_76' title="bbox 2133 1797 3717 1876">
     <span class='ocr_line' id='line_1_76' title="bbox 2133 1797 3717 1876; baseline 0.007 -23"><span class='ocrx_word' id='word_1_574' title='bbox 2133 1797 2543 1870; x_wconf 81' lang='lat' dir='ltr'><strong>Chrysostomus</strong></span> <span class='ocrx_word' id='word_1_575' title='bbox 2579 1802 2656 1856; x_wconf 93' lang='lat' dir='ltr'><strong>sic</strong></span> <span class='ocrx_word' id='word_1_576' title='bbox 2705 1802 2866 1858; x_wconf 84' lang='lat' dir='ltr'><strong>habet</strong></span> <span class='ocrx_word' id='word_1_577' title='bbox 2890 1804 3040 1867; x_wconf 80' lang='lat' dir='ltr'><strong>initio</strong></span> <span class='ocrx_word' id='word_1_578' title='bbox 3067 1824 3080 1860; x_wconf 92' lang='lat'>:</span> <span class='ocrx_word' id='word_1_579' title='bbox 3109 1805 3382 1876; x_wconf 81' lang='lat' dir='ltr'><strong>Oportebat</strong></span> <span class='ocrx_word' id='word_1_580' title='bbox 3420 1818 3467 1863; x_wconf 90' lang='lat' dir='ltr'><strong>et</strong></span> <span class='ocrx_word' id='word_1_581' title='bbox 3496 1811 3646 1864; x_wconf 86' lang='lat' dir='ltr'><strong>hodie</strong></span> <span class='ocrx_word' id='word_1_582' title='bbox 3673 1824 3717 1865; x_wconf 88' lang='lat' dir='ltr'><strong>et</strong></span> 
     </span>
    </p>
   </div>
   <div class='ocr_carea' id='block_1_77' title="bbox 2133 1890 3718 1966">
    <p class='ocr_par' dir='ltr' id='par_1_77' title="bbox 2133 1890 3718 1966">
     <span class='ocr_line' id='line_1_77' title="bbox 2133 1890 3718 1966; baseline 0.009 -23"><span class='ocrx_word' id='word_1_583' title='bbox 2133 1890 2391 1958; x_wconf 70' lang='lat' dir='ltr'><strong>superiore</strong></span> <span class='ocrx_word' id='word_1_584' title='bbox 2429 1891 2635 1947; x_wconf 84' lang='lat' dir='ltr'><strong>sabbato</strong></span> <span class='ocrx_word' id='word_1_585' title='bbox 2666 1893 2727 1947; x_wconf 85' lang='lat' dir='ltr'><strong>de</strong></span> <span class='ocrx_word' id='word_1_586' title='bbox 2755 1895 2953 1966; x_wconf 69' lang='lat' dir='ltr'><strong>jtjunio</strong></span> <span class='ocrx_word' id='word_1_587' title='bbox 2982 1912 3177 1953; x_wconf 86' lang='lat' dir='ltr'><strong>movere</strong></span> <span class='ocrx_word' id='word_1_588' title='bbox 3199 1916 3497 1956; x_wconf 80' lang='lat' dir='ltr'><strong>sermonem.</strong></span> <span class='ocrx_word' id='word_1_589' title='bbox 3529 1902 3628 1958; x_wconf 83' lang='lat' dir='ltr'><strong>Ubi</strong></span> <span class='ocrx_word' id='word_1_590' title='bbox 3658 1905 3718 1958; x_wconf 90' lang='lat' dir='ltr'><strong>il-</strong></span> 
     </span>
    </p>
   </div>
   <div class='ocr_carea' id='block_1_78' title="bbox 2135 1980 3718 2061">
    <p class='ocr_par' dir='ltr' id='par_1_78' title="bbox 2135 1980 3718 2061">
     <span class='ocr_line' id='line_1_78' title="bbox 2135 1980 3718 2061; baseline 0.01 -27"><span class='ocrx_word' id='word_1_591' title='bbox 2135 1980 2224 2036; x_wconf 91' lang='lat' dir='ltr'><strong>lud</strong></span> <span class='ocrx_word' id='word_1_592' title='bbox 2248 2023 2263 2048; x_wconf 94' lang='lat'><strong>,</strong></span> <span class='ocrx_word' id='word_1_593' title='bbox 2304 1984 2563 2051; x_wconf 79' lang='lat' dir='ltr'><strong>superiore</strong></span> <span class='ocrx_word' id='word_1_594' title='bbox 2586 2026 2602 2052; x_wconf 93' lang='lat'><strong>,</strong></span> <span class='ocrx_word' id='word_1_595' title='bbox 2630 1987 2780 2056; x_wconf 91' lang='lat' dir='ltr'><strong>quasi</strong></span> <span class='ocrx_word' id='word_1_596' title='bbox 2807 1998 2949 2043; x_wconf 87' lang='lat' dir='ltr'><strong>esset</strong></span> <span class='ocrx_word' id='word_1_597' title='bbox 2986 1989 3149 2059; x_wconf 85' lang='lat' dir='ltr'><strong>primo</strong></span> <span class='ocrx_word' id='word_1_598' title='bbox 3186 1990 3253 2046; x_wconf 91' lang='lat' dir='ltr'><strong>de</strong></span> <span class='ocrx_word' id='word_1_599' title='bbox 3288 1993 3462 2061; x_wconf 89' lang='lat' dir='ltr'><strong>primo</strong></span> <span class='ocrx_word' id='word_1_600' title='bbox 3498 1995 3718 2050; x_wconf 86' lang='lat' dir='ltr'><strong>sabbato</strong></span> 
     </span>
    </p>
   </div>
   <div class='ocr_carea' id='block_1_79' title="bbox 2133 2074 3715 2156">
    <p class='ocr_par' dir='ltr' id='par_1_79' title="bbox 2133 2074 3715 2156">
     <span class='ocr_line' id='line_1_79' title="bbox 2133 2074 3715 2156; baseline 0.009 -28"><span class='ocrx_word' id='word_1_601' title='bbox 2133 2074 2595 2148; x_wconf 79' lang='lat' dir='ltr'><strong>Quadragcsimzn,</strong></span> <span class='ocrx_word' id='word_1_602' title='bbox 2626 2079 3018 2137; x_wconf 89' lang='lat' dir='ltr'><strong>subdubitando</strong></span> <span class='ocrx_word' id='word_1_603' title='bbox 3057 2090 3231 2138; x_wconf 89' lang='lat' dir='ltr'><strong>tamen</strong></span> <span class='ocrx_word' id='word_1_604' title='bbox 3252 2126 3268 2151; x_wconf 94' lang='lat'><strong>,</strong></span> <span class='ocrx_word' id='word_1_605' title='bbox 3308 2084 3592 2156; x_wconf 85' lang='lat' dir='ltr'><strong>intelligit;</strong></span> <span class='ocrx_word' id='word_1_606' title='bbox 3624 2090 3715 2143; x_wconf 86' lang='lat' dir='ltr'><strong>sed</strong></span> 
     </span>
    </p>
   </div>
   <div class='ocr_carea' id='block_1_80' title="bbox 2136 2171 3753 2245">
    <p class='ocr_par' dir='ltr' id='par_1_80' title="bbox 2136 2171 3753 2245">
     <span class='ocr_line' id='line_1_80' title="bbox 2136 2171 3753 2245; baseline 0.007 -23"><span class='ocrx_word' id='word_1_607' title='bbox 2136 2184 2254 2236; x_wconf 88' lang='lat' dir='ltr'><strong>nos,</strong></span> <span class='ocrx_word' id='word_1_608' title='bbox 2289 2179 2341 2223; x_wconf 89' lang='lat' dir='ltr'><strong>nt</strong></span> <span class='ocrx_word' id='word_1_609' title='bbox 2370 2179 2424 2225; x_wconf 90' lang='lat' dir='ltr'><strong>et</strong></span> <span class='ocrx_word' id='word_1_610' title='bbox 2451 2171 2754 2227; x_wconf 89' lang='lat' dir='ltr'><strong>Bcrnardns</strong></span> <span class='ocrx_word' id='word_1_611' title='bbox 2781 2171 3082 2240; x_wconf 80' lang='lat' dir='ltr'><strong>Brixianus,</strong></span> <span class='ocrx_word' id='word_1_612' title='bbox 3113 2174 3181 2231; x_wconf 89' lang='lat' dir='ltr'><strong>de</strong></span> <span class='ocrx_word' id='word_1_613' title='bbox 3206 2177 3485 2245; x_wconf 88' lang='lat' dir='ltr'><strong>superiore</strong></span> <span class='ocrx_word' id='word_1_614' title='bbox 3512 2179 3627 2234; x_wconf 88' lang='lat' dir='ltr'><strong>sive</strong></span> <span class='ocrx_word' id='word_1_615' title='bbox 3653 2181 3716 2234; x_wconf 90' lang='lat' dir='ltr'><strong>de</strong></span> <span class='ocrx_word' id='word_1_616' title='bbox 3746 2218 3753 2221; x_wconf 86' lang='grc'><strong>-</strong></span> 
     </span>
    </p>
   </div>
   <div class='ocr_carea' id='block_1_81' title="bbox 2135 2261 3716 2339">
    <p class='ocr_par' dir='ltr' id='par_1_81' title="bbox 2135 2261 3716 2339">
     <span class='ocr_line' id='line_1_81' title="bbox 2135 2261 3716 2339; baseline 0.009 -26"><span class='ocrx_word' id='word_1_617' title='bbox 2135 2261 2469 2330; x_wconf 62' lang='lat' dir='ltr'><strong>praecedente</strong></span> <span class='ocrx_word' id='word_1_618' title='bbox 2496 2261 2859 2333; x_wconf 86' lang='lat' dir='ltr'><strong>intelligimus,</strong></span> <span class='ocrx_word' id='word_1_619' title='bbox 2892 2272 3049 2336; x_wconf 91' lang='lat' dir='ltr'><strong>atque</strong></span> <span class='ocrx_word' id='word_1_620' title='bbox 3074 2263 3146 2320; x_wconf 92' lang='lat' dir='ltr'><strong>ita</strong></span> <span class='ocrx_word' id='word_1_621' title='bbox 3172 2268 3574 2339; x_wconf 80' lang='lat' dir='ltr'><strong>intelligendum</strong></span> <span class='ocrx_word' id='word_1_622' title='bbox 3601 2288 3716 2327; x_wconf 86' lang='lat' dir='ltr'><strong>esse</strong></span> 
     </span>
    </p>
   </div>
   <div class='ocr_carea' id='block_1_82' title="bbox 2133 2352 3713 2434">
    <p class='ocr_par' dir='ltr' id='par_1_82' title="bbox 2133 2352 3713 2434">
     <span class='ocr_line' id='line_1_82' title="bbox 2133 2352 3713 2434; baseline 0.006 -28"><span class='ocrx_word' id='word_1_623' title='bbox 2133 2352 2398 2423; x_wconf 82' lang='lat' dir='ltr'><strong>exemplis</strong></span> <span class='ocrx_word' id='word_1_624' title='bbox 2440 2355 2821 2424; x_wconf 90' lang='lat' dir='ltr'><strong>comprobatur</strong></span> <span class='ocrx_word' id='word_1_625' title='bbox 2854 2374 2867 2409; x_wconf 91' lang='lat'><strong>:</strong></span> <span class='ocrx_word' id='word_1_626' title='bbox 2908 2354 3212 2429; x_wconf 87' lang='lat' dir='ltr'><strong>nullamque</strong></span> <span class='ocrx_word' id='word_1_627' title='bbox 3253 2360 3412 2414; x_wconf 91' lang='lat' dir='ltr'><strong>aliam</strong></span> <span class='ocrx_word' id='word_1_628' title='bbox 3450 2362 3713 2434; x_wconf 87' lang='lat' dir='ltr'><strong>interponi</strong></span> 
     </span>
    </p>
   </div>
   <div class='ocr_carea' id='block_1_83' title="bbox 2135 2444 3717 2523">
    <p class='ocr_par' dir='ltr' id='par_1_83' title="bbox 2135 2444 3717 2523">
     <span class='ocr_line' id='line_1_83' title="bbox 2135 2444 3717 2523; baseline 0.008 -26"><span class='ocrx_word' id='word_1_629' title='bbox 2135 2458 2291 2514; x_wconf 89' lang='lat' dir='ltr'><strong>posse</strong></span> <span class='ocrx_word' id='word_1_630' title='bbox 2320 2444 2591 2499; x_wconf 86' lang='lat' dir='ltr'><strong>bomiliam</strong></span> <span class='ocrx_word' id='word_1_631' title='bbox 2619 2446 2757 2501; x_wconf 91' lang='lat' dir='ltr'><strong>inter</strong></span> <span class='ocrx_word' id='word_1_632' title='bbox 2777 2446 3036 2503; x_wconf 89' lang='lat' dir='ltr'><strong>decimam</strong></span> <span class='ocrx_word' id='word_1_633' title='bbox 3062 2459 3113 2504; x_wconf 85' lang='lat' dir='ltr'><strong>et</strong></span> <span class='ocrx_word' id='word_1_634' title='bbox 3134 2450 3471 2507; x_wconf 87' lang='lat' dir='ltr'><strong>undecimam</strong></span> <span class='ocrx_word' id='word_1_635' title='bbox 3495 2453 3609 2523; x_wconf 88' lang='lat' dir='ltr'><strong>jam</strong></span> <span class='ocrx_word' id='word_1_636' title='bbox 3631 2471 3717 2510; x_wconf 84' lang='lat' dir='ltr'><strong>su-</strong></span> 
     </span>
    </p>
   </div>
   <div class='ocr_carea' id='block_1_84' title="bbox 2135 2537 3716 2615">
    <p class='ocr_par' dir='ltr' id='par_1_84' title="bbox 2135 2537 3716 2615">
     <span class='ocr_line' id='line_1_84' title="bbox 2135 2537 3716 2615; baseline 0.006 -23"><span class='ocrx_word' id='word_1_637' title='bbox 2135 2537 2315 2607; x_wconf 87' lang='lat' dir='ltr'><strong>perius</strong></span> <span class='ocrx_word' id='word_1_638' title='bbox 2354 2538 2714 2607; x_wconf 84' lang='lat' dir='ltr'><strong>probavimus.</strong></span> <span class='ocrx_word' id='word_1_639' title='bbox 2746 2539 3038 2597; x_wconf 89' lang='lat' dir='ltr'><strong>Occasione</strong></span> <span class='ocrx_word' id='word_1_640' title='bbox 3069 2553 3241 2598; x_wconf 89' lang='lat' dir='ltr'><strong>metus</strong></span> <span class='ocrx_word' id='word_1_641' title='bbox 3265 2560 3371 2615; x_wconf 89' lang='lat' dir='ltr'><strong>quo</strong></span> <span class='ocrx_word' id='word_1_642' title='bbox 3399 2545 3578 2601; x_wconf 69' lang='lat' dir='ltr'><strong>allecti</strong></span> <span class='ocrx_word' id='word_1_643' title='bbox 3610 2550 3716 2602; x_wconf 86' lang='lat' dir='ltr'><strong>An-</strong></span> 
     </span>
    </p>
   </div>
   <div class='ocr_carea' id='block_1_85' title="bbox 2134 2626 3714 2697">
    <p class='ocr_par' dir='ltr' id='par_1_85' title="bbox 2134 2626 3714 2697">
     <span class='ocr_line' id='line_1_85' title="bbox 2134 2626 3714 2697; baseline 0.007 -16"><span class='ocrx_word' id='word_1_644' title='bbox 2134 2626 2366 2683; x_wconf 84' lang='lat' dir='ltr'><strong>tiocheni</strong></span> <span class='ocrx_word' id='word_1_645' title='bbox 2395 2638 2549 2683; x_wconf 88' lang='lat' dir='ltr'><strong>erant</strong></span> <span class='ocrx_word' id='word_1_646' title='bbox 2571 2670 2587 2697; x_wconf 92' lang='lat'><strong>,</strong></span> <span class='ocrx_word' id='word_1_647' title='bbox 2621 2626 2787 2684; x_wconf 87' lang='lat' dir='ltr'><strong>multa</strong></span> <span class='ocrx_word' id='word_1_648' title='bbox 2830 2631 2961 2685; x_wconf 87' lang='lat' dir='ltr'><strong>dicit</strong></span> <span class='ocrx_word' id='word_1_649' title='bbox 3004 2631 3072 2689; x_wconf 88' lang='lat' dir='ltr'><strong>de</strong></span> <span class='ocrx_word' id='word_1_650' title='bbox 3113 2631 3256 2689; x_wconf 88' lang='lat' dir='ltr'><strong>bono</strong></span> <span class='ocrx_word' id='word_1_651' title='bbox 3286 2633 3493 2691; x_wconf 89' lang='lat' dir='ltr'><strong>timoris</strong></span> <span class='ocrx_word' id='word_1_652' title='bbox 3527 2655 3540 2692; x_wconf 93' lang='lat'><strong>:</strong></span> <span class='ocrx_word' id='word_1_653' title='bbox 3572 2648 3627 2692; x_wconf 91' lang='lat' dir='ltr'><strong>et</strong></span> <span class='ocrx_word' id='word_1_654' title='bbox 3665 2638 3714 2692; x_wconf 91' lang='lat' dir='ltr'><strong>in</strong></span> 
     </span>
    </p>
   </div>
   <div class='ocr_carea' id='block_1_86' title="bbox 2134 2717 3714 2799">
    <p class='ocr_par' dir='ltr' id='par_1_86' title="bbox 2134 2717 3714 2799">
     <span class='ocr_line' id='line_1_86' title="bbox 2134 2717 3714 2799; baseline 0.008 -28"><span class='ocrx_word' id='word_1_655' title='bbox 2134 2717 2240 2771; x_wconf 82' lang='lat' dir='ltr'><strong>line</strong></span> <span class='ocrx_word' id='word_1_656' title='bbox 2262 2726 2446 2773; x_wconf 88' lang='lat' dir='ltr'><strong>contra</strong></span> <span class='ocrx_word' id='word_1_657' title='bbox 2471 2718 2713 2789; x_wconf 79' lang='lat' dir='ltr'><strong>iurandi,</strong></span> <span class='ocrx_word' id='word_1_658' title='bbox 2741 2722 2808 2776; x_wconf 88' lang='lat' dir='ltr'><strong>ab</strong></span> <span class='ocrx_word' id='word_1_659' title='bbox 2833 2721 3056 2793; x_wconf 89' lang='lat' dir='ltr'><strong>aliisque</strong></span> <span class='ocrx_word' id='word_1_660' title='bbox 3080 2723 3443 2794; x_wconf 84' lang='lat' dir='ltr'><strong>juramentum</strong></span> <span class='ocrx_word' id='word_1_661' title='bbox 3470 2728 3714 2799; x_wconf 87' lang='lat' dir='ltr'><strong>exigendi</strong></span> 
     </span>
    </p>
   </div>
   <div class='ocr_carea' id='block_1_87' title="bbox 2133 2811 2959 2868">
    <p class='ocr_par' dir='ltr' id='par_1_87' title="bbox 2133 2811 2959 2868">
     <span class='ocr_line' id='line_1_87' title="bbox 2133 2811 2959 2868; baseline 0.001 -2"><span class='ocrx_word' id='word_1_662' title='bbox 2133 2811 2572 2867; x_wconf 89' lang='lat' dir='ltr'><strong>consuetudinem</strong></span> <span class='ocrx_word' id='word_1_663' title='bbox 2599 2812 2959 2868; x_wconf 89' lang='lat' dir='ltr'><strong>concionatur.</strong></span> 
     </span>
    </p>
   </div>
   <div class='ocr_carea' id='block_1_88' title="bbox 2206 2902 3715 2981">
    <p class='ocr_par' dir='ltr' id='par_1_88' title="bbox 2206 2902 3715 2981">
     <span class='ocr_line' id='line_1_88' title="bbox 2206 2902 3715 2981; baseline 0.005 -24"><span class='ocrx_word' id='word_1_664' title='bbox 2206 2902 2421 2957; x_wconf 91' lang='lat' dir='ltr'><strong>Decima</strong></span> <span class='ocrx_word' id='word_1_665' title='bbox 2449 2916 2597 2959; x_wconf 84' lang='lat' dir='ltr'><strong>sexta</strong></span> <span class='ocrx_word' id='word_1_666' title='bbox 2628 2913 2749 2960; x_wconf 91' lang='lat' dir='ltr'><strong>tunc</strong></span> <span class='ocrx_word' id='word_1_667' title='bbox 2779 2904 2956 2961; x_wconf 87' lang='lat' dir='ltr'><strong>habita</strong></span> <span class='ocrx_word' id='word_1_668' title='bbox 2984 2904 3102 2974; x_wconf 86' lang='lat' dir='ltr'><strong>fuit,</strong></span> <span class='ocrx_word' id='word_1_669' title='bbox 3125 2922 3244 2964; x_wconf 88' lang='lat' dir='ltr'><strong>cum</strong></span> <span class='ocrx_word' id='word_1_670' title='bbox 3272 2922 3460 2979; x_wconf 90' lang='lat' dir='ltr'><strong>sparso</strong></span> <span class='ocrx_word' id='word_1_671' title='bbox 3484 2910 3715 2981; x_wconf 89' lang='lat' dir='ltr'><strong>quodam</strong></span> 
     </span>
    </p>
   </div>
   <div class='ocr_carea' id='block_1_89' title="bbox 2134 2990 3716 3069">
    <p class='ocr_par' dir='ltr' id='par_1_89' title="bbox 2134 2990 3716 3069">
     <span class='ocr_line' id='line_1_89' title="bbox 2134 2990 3716 3069; baseline 0.006 -23"><span class='ocrx_word' id='word_1_672' title='bbox 2134 2990 2270 3047; x_wconf 84' lang='lat' dir='ltr'><strong>falso</strong></span> <span class='ocrx_word' id='word_1_673' title='bbox 2294 2991 2483 3047; x_wconf 73' lang='lat' dir='ltr'><strong>futurte</strong></span> <span class='ocrx_word' id='word_1_674' title='bbox 2510 2992 2862 3063; x_wconf 86' lang='lat' dir='ltr'><strong>populationis</strong></span> <span class='ocrx_word' id='word_1_675' title='bbox 2888 3012 3122 3063; x_wconf 90' lang='lat' dir='ltr'><strong>rumore,</strong></span> <span class='ocrx_word' id='word_1_676' title='bbox 3152 2998 3220 3053; x_wconf 91' lang='lat' dir='ltr'><strong>de</strong></span> <span class='ocrx_word' id='word_1_677' title='bbox 3244 2999 3365 3069; x_wconf 85' lang='lat' dir='ltr'><strong>fuga</strong></span> <span class='ocrx_word' id='word_1_678' title='bbox 3388 3003 3716 3069; x_wconf 88' lang='lat' dir='ltr'><strong>capessenda</strong></span> 
     </span>
    </p>
   </div>
   <div class='ocr_carea' id='block_1_90' title="bbox 2135 3083 3718 3146">
    <p class='ocr_par' dir='ltr' id='par_1_90' title="bbox 2135 3083 3718 3146">
     <span class='ocr_line' id='line_1_90' title="bbox 2135 3083 3718 3146; baseline 0.006 -10"><span class='ocrx_word' id='word_1_679' title='bbox 2135 3097 2323 3138; x_wconf 90' lang='lat' dir='ltr'><strong>omnes</strong></span> <span class='ocrx_word' id='word_1_680' title='bbox 2345 3083 2728 3140; x_wconf 85' lang='lat' dir='ltr'><strong>deliberabant.</strong></span> <span class='ocrx_word' id='word_1_681' title='bbox 2756 3086 2903 3140; x_wconf 81' lang='lat' dir='ltr'><strong>Hanc</strong></span> <span class='ocrx_word' id='word_1_682' title='bbox 2925 3087 3084 3141; x_wconf 87' lang='lat' dir='ltr'><strong>etiam</strong></span> <span class='ocrx_word' id='word_1_683' title='bbox 3110 3088 3226 3144; x_wconf 91' lang='lat' dir='ltr'><strong>loco</strong></span> <span class='ocrx_word' id='word_1_684' title='bbox 3253 3104 3465 3145; x_wconf 88' lang='lat' dir='ltr'><strong>movere</strong></span> <span class='ocrx_word' id='word_1_685' title='bbox 3494 3101 3718 3146; x_wconf 88' lang='lat' dir='ltr'><strong>conatur</strong></span> 
     </span>
    </p>
   </div>
   <div class='ocr_carea' id='block_1_91' title="bbox 2134 3173 3716 3250">
    <p class='ocr_par' dir='ltr' id='par_1_91' title="bbox 2134 3173 3716 3250">
     <span class='ocr_line' id='line_1_91' title="bbox 2134 3173 3716 3250; baseline 0.004 -19"><span class='ocrx_word' id='word_1_686' title='bbox 2134 3173 2525 3245; x_wconf 90' lang='lat' dir='ltr'><strong>Tillemontius,</strong></span> <span class='ocrx_word' id='word_1_687' title='bbox 2542 3186 2597 3233; x_wconf 90' lang='lat' dir='ltr'><strong>et</strong></span> <span class='ocrx_word' id='word_1_688' title='bbox 2624 3177 2761 3233; x_wconf 90' lang='lat' dir='ltr'><strong>inter</strong></span> <span class='ocrx_word' id='word_1_689' title='bbox 2778 3175 3038 3234; x_wconf 86' lang='lat' dir='ltr'><strong>decimam</strong></span> <span class='ocrx_word' id='word_1_690' title='bbox 3064 3188 3119 3233; x_wconf 92' lang='lat' dir='ltr'><strong>et</strong></span> <span class='ocrx_word' id='word_1_691' title='bbox 3140 3179 3470 3235; x_wconf 89' lang='lat' dir='ltr'><strong>undecimam</strong></span> <span class='ocrx_word' id='word_1_692' title='bbox 3498 3183 3614 3237; x_wconf 90' lang='lat' dir='ltr'><strong>loca</strong></span> <span class='ocrx_word' id='word_1_693' title='bbox 3625 3200 3716 3250; x_wconf 90' lang='lat' dir='ltr'><strong>re;</strong></span> 
     </span>
    </p>
   </div>
   <div class='ocr_carea' id='block_1_92' title="bbox 2134 3266 3721 3337">
    <p class='ocr_par' dir='ltr' id='par_1_92' title="bbox 2134 3266 3721 3337">
     <span class='ocr_line' id='line_1_92' title="bbox 2134 3266 3721 3337; baseline 0.006 -16"><span class='ocrx_word' id='word_1_694' title='bbox 2134 3266 2277 3337; x_wconf 88' lang='lat' dir='ltr'><strong>quod</strong></span> <span class='ocrx_word' id='word_1_695' title='bbox 2307 3276 2506 3333; x_wconf 90' lang='lat' dir='ltr'><strong>tamen,</strong></span> <span class='ocrx_word' id='word_1_696' title='bbox 2540 3275 2600 3323; x_wconf 91' lang='lat' dir='ltr'><strong>ut</strong></span> <span class='ocrx_word' id='word_1_697' title='bbox 2628 3267 2693 3323; x_wconf 90' lang='lat' dir='ltr'><strong>ad</strong></span> <span class='ocrx_word' id='word_1_698' title='bbox 2723 3267 3090 3324; x_wconf 88' lang='lat' dir='ltr'><strong>duodecimam</strong></span> <span class='ocrx_word' id='word_1_699' title='bbox 3112 3270 3361 3336; x_wconf 84' lang='lat' dir='ltr'><strong>diximus,</strong></span> <span class='ocrx_word' id='word_1_700' title='bbox 3387 3271 3595 3328; x_wconf 88' lang='lat' dir='ltr'><strong>admitti</strong></span> <span class='ocrx_word' id='word_1_701' title='bbox 3627 3291 3721 3330; x_wconf 90' lang='lat' dir='ltr'><strong>ne—</strong></span> 
     </span>
    </p>
   </div>
   <div class='ocr_carea' id='block_1_93' title="bbox 2136 3354 3721 3431">
    <p class='ocr_par' dir='ltr' id='par_1_93' title="bbox 2136 3354 3721 3431">
     <span class='ocr_line' id='line_1_93' title="bbox 2136 3354 3721 3431; baseline 0.006 -21"><span class='ocrx_word' id='word_1_702' title='bbox 2136 3358 2268 3427; x_wconf 92' lang='lat' dir='ltr'><strong>quit.</strong></span> <span class='ocrx_word' id='word_1_703' title='bbox 2301 3356 2395 3413; x_wconf 85' lang='lat' dir='ltr'><strong>His</strong></span> <span class='ocrx_word' id='word_1_704' title='bbox 2426 3373 2585 3428; x_wconf 89' lang='lat' dir='ltr'><strong>porro</strong></span> <span class='ocrx_word' id='word_1_705' title='bbox 2615 3358 2800 3413; x_wconf 91' lang='lat' dir='ltr'><strong>nititur</strong></span> <span class='ocrx_word' id='word_1_706' title='bbox 2824 3354 3192 3431; x_wconf 83' lang='lat' dir='ltr'><strong>Chrysostomi</strong></span> <span class='ocrx_word' id='word_1_707' title='bbox 3225 3363 3401 3418; x_wconf 79' lang='lat' dir='ltr'><strong>verbis</strong></span> <span class='ocrx_word' id='word_1_708' title='bbox 3430 3359 3721 3419; x_wconf 86' lang='lat' dir='ltr'><strong>Tillemon-</strong></span> 
     </span>
    </p>
   </div>
   <div class='ocr_carea' id='block_1_94' title="bbox 2137 3449 3720 3525">
    <p class='ocr_par' dir='ltr' id='par_1_94' title="bbox 2137 3449 3720 3525">
     <span class='ocr_line' id='line_1_94' title="bbox 2137 3449 3720 3525; baseline 0.005 -22"><span class='ocrx_word' id='word_1_709' title='bbox 2137 3449 2241 3503; x_wconf 88' lang='lat' dir='ltr'><strong>tius</strong></span> <span class='ocrx_word' id='word_1_710' title='bbox 2273 3451 2379 3504; x_wconf 86' lang='lat' dir='ltr'><strong>:ait</strong></span> <span class='ocrx_word' id='word_1_711' title='bbox 2399 3450 2455 3504; x_wconf 89' lang='lat' dir='ltr'><strong>S.</strong></span> <span class='ocrx_word' id='word_1_712' title='bbox 2485 3449 2672 3506; x_wconf 86' lang='lat' dir='ltr'><strong>doctor</strong></span> <span class='ocrx_word' id='word_1_713' title='bbox 2699 3467 2753 3506; x_wconf 83' lang='grc' dir='ltr'><strong>η.</strong></span> <span class='ocrx_word' id='word_1_714' title='bbox 2788 3450 2840 3518; x_wconf 81' lang='grc' dir='ltr'><strong>ϐ,</strong></span> <span class='ocrx_word' id='word_1_715' title='bbox 2874 3451 3163 3506; x_wconf 82' lang='lat' dir='ltr'><strong>Secundam</strong></span> <span class='ocrx_word' id='word_1_716' title='bbox 3181 3454 3367 3524; x_wconf 82' lang='lat' dir='ltr'><strong>jejunii</strong></span> <span class='ocrx_word' id='word_1_717' title='bbox 3382 3457 3720 3525; x_wconf 80' lang='lat' dir='ltr'><strong>septimanam</strong></span> 
     </span>
    </p>
   </div>
   <div class='ocr_carea' id='block_1_95' title="bbox 2138 3540 3721 3616">
    <p class='ocr_par' dir='ltr' id='par_1_95' title="bbox 2138 3540 3721 3616">
     <span class='ocr_line' id='line_1_95' title="bbox 2138 3540 3721 3616; baseline 0.007 -23"><span class='ocrx_word' id='word_1_718' title='bbox 2138 3540 2514 3608; x_wconf 80' lang='lat' dir='ltr'><strong>prteterivimus.</strong></span> <span class='ocrx_word' id='word_1_719' title='bbox 2525 3542 2664 3597; x_wconf 86' lang='lat' dir='ltr'><strong>Duas</strong></span> <span class='ocrx_word' id='word_1_720' title='bbox 2676 3557 2801 3613; x_wconf 84' lang='lat' dir='ltr'><strong>ergo</strong></span> <span class='ocrx_word' id='word_1_721' title='bbox 2815 3550 3015 3597; x_wconf 89' lang='lat' dir='ltr'><strong>tantum</strong></span> <span class='ocrx_word' id='word_1_722' title='bbox 3029 3542 3387 3599; x_wconf 85' lang='lat' dir='ltr'><strong>hebdomadas</strong></span> <span class='ocrx_word' id='word_1_723' title='bbox 3400 3549 3721 3616; x_wconf 57' lang='lat' dir='ltr'><strong>praeteriisse</strong></span> 
     </span>
    </p>
   </div>
   <div class='ocr_carea' id='block_1_96' title="bbox 2136 3632 3723 3706">
    <p class='ocr_par' dir='ltr' id='par_1_96' title="bbox 2136 3632 3723 3706">
     <span class='ocr_line' id='line_1_96' title="bbox 2136 3632 3723 3706; baseline 0.005 -19"><span class='ocrx_word' id='word_1_724' title='bbox 2136 3632 2285 3702; x_wconf 88' lang='lat' dir='ltr'><strong>dicit,</strong></span> <span class='ocrx_word' id='word_1_725' title='bbox 2318 3632 2458 3703; x_wconf 90' lang='lat' dir='ltr'><strong>quod</strong></span> <span class='ocrx_word' id='word_1_726' title='bbox 2488 3633 2696 3689; x_wconf 88' lang='lat' dir='ltr'><strong>admitti</strong></span> <span class='ocrx_word' id='word_1_727' title='bbox 2740 3650 2848 3690; x_wconf 92' lang='lat' dir='ltr'><strong>non</strong></span> <span class='ocrx_word' id='word_1_728' title='bbox 2896 3651 3053 3706; x_wconf 88' lang='lat' dir='ltr'><strong>posse</strong></span> <span class='ocrx_word' id='word_1_729' title='bbox 3083 3637 3346 3701; x_wconf 91' lang='lat' dir='ltr'><strong>videatur,</strong></span> <span class='ocrx_word' id='word_1_730' title='bbox 3377 3639 3421 3693; x_wconf 88' lang='lat' dir='ltr'><strong>si</strong></span> <span class='ocrx_word' id='word_1_731' title='bbox 3459 3638 3643 3695; x_wconf 89' lang='lat' dir='ltr'><strong>locum</strong></span> <span class='ocrx_word' id='word_1_732' title='bbox 3670 3650 3723 3696; x_wconf 92' lang='lat' dir='ltr'><strong>et</strong></span> 
     </span>
    </p>
   </div>
   <div class='ocr_carea' id='block_1_97' title="bbox 2138 3726 3719 3787">
    <p class='ocr_par' dir='ltr' id='par_1_97' title="bbox 2138 3726 3719 3787">
     <span class='ocr_line' id='line_1_97' title="bbox 2138 3726 3719 3787; baseline 0.006 -9"><span class='ocrx_word' id='word_1_733' title='bbox 2138 3740 2418 3780; x_wconf 85' lang='lat' dir='ltr'><strong>numerum</strong></span> <span class='ocrx_word' id='word_1_734' title='bbox 2467 3740 2621 3781; x_wconf 90' lang='lat' dir='ltr'><strong>suum</strong></span> <span class='ocrx_word' id='word_1_735' title='bbox 2662 3726 2747 3782; x_wconf 91' lang='lat' dir='ltr'><strong>illa</strong></span> <span class='ocrx_word' id='word_1_736' title='bbox 2778 3735 2993 3783; x_wconf 84' lang='lat' dir='ltr'><strong>teneat:</strong></span> <span class='ocrx_word' id='word_1_737' title='bbox 3028 3728 3150 3784; x_wconf 88' lang='lat' dir='ltr'><strong>ideo</strong></span> <span class='ocrx_word' id='word_1_738' title='bbox 3173 3727 3546 3787; x_wconf 88' lang='lat' dir='ltr'><strong>Tillemontius</strong></span> <span class='ocrx_word' id='word_1_739' title='bbox 3575 3732 3719 3787; x_wconf 87' lang='lat' dir='ltr'><strong>illam</strong></span> 
     </span>
    </p>
   </div>
   <div class='ocr_carea' id='block_1_98' title="bbox 2136 3813 3723 3886">
    <p class='ocr_par' dir='ltr' id='par_1_98' title="bbox 2136 3813 3723 3886">
     <span class='ocr_line' id='line_1_98' title="bbox 2136 3813 3723 3886; baseline 0.005 -16"><span class='ocrx_word' id='word_1_740' title='bbox 2136 3815 2256 3870; x_wconf 90' lang='lat' dir='ltr'><strong>loco</strong></span> <span class='ocrx_word' id='word_1_741' title='bbox 2283 3813 2596 3870; x_wconf 84' lang='lat' dir='ltr'><strong>movendam</strong></span> <span class='ocrx_word' id='word_1_742' title='bbox 2619 3831 2741 3872; x_wconf 89' lang='lat' dir='ltr'><strong>esse</strong></span> <span class='ocrx_word' id='word_1_743' title='bbox 2770 3825 2919 3886; x_wconf 90' lang='lat' dir='ltr'><strong>putat</strong></span> <span class='ocrx_word' id='word_1_744' title='bbox 2945 3827 2999 3873; x_wconf 93' lang='lat' dir='ltr'><strong>et</strong></span> <span class='ocrx_word' id='word_1_745' title='bbox 3024 3817 3161 3873; x_wconf 91' lang='lat' dir='ltr'><strong>inter</strong></span> <span class='ocrx_word' id='word_1_746' title='bbox 3184 3819 3443 3875; x_wconf 90' lang='lat' dir='ltr'><strong>decimam</strong></span> <span class='ocrx_word' id='word_1_747' title='bbox 3470 3832 3525 3876; x_wconf 90' lang='lat' dir='ltr'><strong>et</strong></span> <span class='ocrx_word' id='word_1_748' title='bbox 3554 3822 3723 3878; x_wconf 82' lang='lat' dir='ltr'><strong>unde-</strong></span> 
     </span>
    </p>
   </div>
   <div class='ocr_carea' id='block_1_99' title="bbox 2138 3904 3718 3978">
    <p class='ocr_par' dir='ltr' id='par_1_99' title="bbox 2138 3904 3718 3978">
     <span class='ocr_line' id='line_1_99' title="bbox 2138 3904 3718 3978; baseline 0.006 -18"><span class='ocrx_word' id='word_1_749' title='bbox 2138 3908 2351 3961; x_wconf 90' lang='lat' dir='ltr'><strong>cimam.</strong></span> <span class='ocrx_word' id='word_1_750' title='bbox 2378 3904 2494 3961; x_wconf 88' lang='lat' dir='ltr'><strong>Non</strong></span> <span class='ocrx_word' id='word_1_751' title='bbox 2524 3922 2680 3978; x_wconf 88' lang='lat' dir='ltr'><strong>posse</strong></span> <span class='ocrx_word' id='word_1_752' title='bbox 2709 3908 2853 3962; x_wconf 91' lang='lat' dir='ltr'><strong>illam</strong></span> <span class='ocrx_word' id='word_1_753' title='bbox 2877 3908 3014 3964; x_wconf 88' lang='lat' dir='ltr'><strong>inter</strong></span> <span class='ocrx_word' id='word_1_754' title='bbox 3032 3910 3290 3966; x_wconf 87' lang='lat' dir='ltr'><strong>decimam</strong></span> <span class='ocrx_word' id='word_1_755' title='bbox 3313 3920 3366 3967; x_wconf 90' lang='lat' dir='ltr'><strong>et</strong></span> <span class='ocrx_word' id='word_1_756' title='bbox 3383 3912 3718 3970; x_wconf 88' lang='lat' dir='ltr'><strong>undecimam</strong></span> 
     </span>
    </p>
   </div>
   <div class='ocr_carea' id='block_1_100' title="bbox 2139 3998 3717 4071">
    <p class='ocr_par' dir='ltr' id='par_1_100' title="bbox 2139 3998 3717 4071">
     <span class='ocr_line' id='line_1_100' title="bbox 2139 3998 3717 4071; baseline 0.004 -20"><span class='ocrx_word' id='word_1_757' title='bbox 2139 3998 2359 4067; x_wconf 90' lang='lat' dir='ltr'><strong>reponi,</strong></span> <span class='ocrx_word' id='word_1_758' title='bbox 2387 3998 2496 4067; x_wconf 85' lang='lat' dir='ltr'><strong>jam</strong></span> <span class='ocrx_word' id='word_1_759' title='bbox 2525 4000 2767 4069; x_wconf 89' lang='lat' dir='ltr'><strong>superius</strong></span> <span class='ocrx_word' id='word_1_760' title='bbox 2796 3998 3073 4069; x_wconf 90' lang='lat' dir='ltr'><strong>probatum</strong></span> <span class='ocrx_word' id='word_1_761' title='bbox 3100 4009 3202 4055; x_wconf 88' lang='lat' dir='ltr'><strong>est.</strong></span> <span class='ocrx_word' id='word_1_762' title='bbox 3228 4000 3344 4055; x_wconf 87' lang='lat' dir='ltr'><strong>Non</strong></span> <span class='ocrx_word' id='word_1_763' title='bbox 3372 4016 3530 4071; x_wconf 89' lang='lat' dir='ltr'><strong>posse</strong></span> <span class='ocrx_word' id='word_1_764' title='bbox 3558 4005 3717 4058; x_wconf 85' lang='lat' dir='ltr'><strong>etiam</strong></span> 
     </span>
    </p>
   </div>
   <div class='ocr_carea' id='block_1_101' title="bbox 2141 4088 3719 4150">
    <p class='ocr_par' dir='ltr' id='par_1_101' title="bbox 2141 4088 3719 4150">
     <span class='ocr_line' id='line_1_101' title="bbox 2141 4088 3719 4150; baseline 0.004 -8"><span class='ocrx_word' id='word_1_765' title='bbox 2141 4089 2242 4144; x_wconf 92' lang='lat' dir='ltr'><strong>hoc</strong></span> <span class='ocrx_word' id='word_1_766' title='bbox 2282 4091 2333 4144; x_wconf 92' lang='lat' dir='ltr'><strong>in</strong></span> <span class='ocrx_word' id='word_1_767' title='bbox 2369 4088 2488 4145; x_wconf 92' lang='lat' dir='ltr'><strong>loco</strong></span> <span class='ocrx_word' id='word_1_768' title='bbox 2525 4099 2579 4145; x_wconf 90' lang='lat' dir='ltr'><strong>et</strong></span> <span class='ocrx_word' id='word_1_769' title='bbox 2613 4106 2837 4145; x_wconf 90' lang='lat' dir='ltr'><strong>numero</strong></span> <span class='ocrx_word' id='word_1_770' title='bbox 2875 4092 3168 4148; x_wconf 89' lang='lat' dir='ltr'><strong>consistere</strong></span> <span class='ocrx_word' id='word_1_771' title='bbox 3208 4093 3426 4148; x_wconf 88' lang='lat' dir='ltr'><strong>omnino</strong></span> <span class='ocrx_word' id='word_1_772' title='bbox 3462 4094 3719 4150; x_wconf 84' lang='lat' dir='ltr'><strong>videtur:</strong></span> 
     </span>
    </p>
   </div>
   <div class='ocr_carea' id='block_1_102' title="bbox 2140 4178 3719 4253">
    <p class='ocr_par' dir='ltr' id='par_1_102' title="bbox 2140 4178 3719 4253">
     <span class='ocr_line' id='line_1_102' title="bbox 2140 4178 3719 4253; baseline 0.004 -20"><span class='ocrx_word' id='word_1_773' title='bbox 2140 4195 2261 4233; x_wconf 90' lang='lat' dir='ltr'><strong>nam</strong></span> <span class='ocrx_word' id='word_1_774' title='bbox 2292 4178 2336 4233; x_wconf 88' lang='lat' dir='ltr'><strong>si</strong></span> <span class='ocrx_word' id='word_1_775' title='bbox 2360 4189 2478 4249; x_wconf 89' lang='lat' dir='ltr'><strong>post</strong></span> <span class='ocrx_word' id='word_1_776' title='bbox 2503 4179 2992 4251; x_wconf 88' lang='lat' dir='ltr'><strong>secundamjejunii</strong></span> <span class='ocrx_word' id='word_1_777' title='bbox 3013 4182 3360 4251; x_wconf 79' lang='lat' dir='ltr'><strong>septimanam</strong></span> <span class='ocrx_word' id='word_1_778' title='bbox 3390 4183 3570 4238; x_wconf 90' lang='lat' dir='ltr'><strong>habita</strong></span> <span class='ocrx_word' id='word_1_779' title='bbox 3603 4186 3719 4253; x_wconf 90' lang='lat' dir='ltr'><strong>fuit,</strong></span> 
     </span>
    </p>
   </div>
   <div class='ocr_carea' id='block_1_103' title="bbox 2140 4270 3725 4343">
    <p class='ocr_par' dir='ltr' id='par_1_103' title="bbox 2140 4270 3725 4343">
     <span class='ocr_line' id='line_1_103' title="bbox 2140 4270 3725 4343; baseline 0.003 -17"><span class='ocrx_word' id='word_1_780' title='bbox 2140 4270 2398 4327; x_wconf 89' lang='lat' dir='ltr'><strong>decimam</strong></span> <span class='ocrx_word' id='word_1_781' title='bbox 2443 4273 2647 4327; x_wconf 89' lang='lat' dir='ltr'><strong>tertiam</strong></span> <span class='ocrx_word' id='word_1_782' title='bbox 2685 4280 2741 4327; x_wconf 92' lang='lat' dir='ltr'><strong>et</strong></span> <span class='ocrx_word' id='word_1_783' title='bbox 2779 4282 3058 4342; x_wconf 87' lang='lat' dir='ltr'><strong>sequentes</strong></span> <span class='ocrx_word' id='word_1_784' title='bbox 3091 4274 3379 4343; x_wconf 62' lang='lat' dir='ltr'><strong>praecessit.</strong></span> <span class='ocrx_word' id='word_1_785' title='bbox 3422 4273 3551 4330; x_wconf 60' lang='lat' dir='ltr'><strong>Huic</strong></span> <span class='ocrx_word' id='word_1_786' title='bbox 3580 4286 3725 4331; x_wconf 90' lang='lat' dir='ltr'><strong>certe</strong></span> 
     </span>
    </p>
   </div>
   <div class='ocr_carea' id='block_1_104' title="bbox 2140 4363 3722 4434">
    <p class='ocr_par' dir='ltr' id='par_1_104' title="bbox 2140 4363 3722 4434">
     <span class='ocr_line' id='line_1_104' title="bbox 2140 4363 3722 4434; baseline 0.003 -16"><span class='ocrx_word' id='word_1_787' title='bbox 2140 4363 2363 4419; x_wconf 89' lang='lat' dir='ltr'><strong>salebris</strong></span> <span class='ocrx_word' id='word_1_788' title='bbox 2396 4372 2519 4418; x_wconf 92' lang='lat' dir='ltr'><strong>sunt</strong></span> <span class='ocrx_word' id='word_1_789' title='bbox 2559 4363 2711 4433; x_wconf 90' lang='lat' dir='ltr'><strong>plena</strong></span> <span class='ocrx_word' id='word_1_790' title='bbox 2751 4380 2764 4417; x_wconf 93' lang='lat'>:</span> <span class='ocrx_word' id='word_1_791' title='bbox 2801 4371 3121 4434; x_wconf 89' lang='lat' dir='ltr'><strong>quapropter</strong></span> <span class='ocrx_word' id='word_1_792' title='bbox 3160 4380 3276 4420; x_wconf 90' lang='lat' dir='ltr'><strong>rem</strong></span> <span class='ocrx_word' id='word_1_793' title='bbox 3304 4364 3517 4421; x_wconf 88' lang='lat' dir='ltr'><strong>dubiam</strong></span> <span class='ocrx_word' id='word_1_794' title='bbox 3557 4368 3722 4423; x_wconf 85' lang='lat' dir='ltr'><strong>relin-</strong></span> 
     </span>
    </p>
   </div>
   <div class='ocr_carea' id='block_1_105' title="bbox 2140 4453 3725 4525">
    <p class='ocr_par' dir='ltr' id='par_1_105' title="bbox 2140 4453 3725 4525">
     <span class='ocr_line' id='line_1_105' title="bbox 2140 4453 3725 4525; baseline 0.004 -17"><span class='ocrx_word' id='word_1_795' title='bbox 2140 4470 2305 4525; x_wconf 89' lang='lat' dir='ltr'><strong>quere</strong></span> <span class='ocrx_word' id='word_1_796' title='bbox 2334 4455 2504 4510; x_wconf 90' lang='lat' dir='ltr'><strong>visum</strong></span> <span class='ocrx_word' id='word_1_797' title='bbox 2532 4462 2631 4509; x_wconf 88' lang='lat' dir='ltr'><strong>est.</strong></span> <span class='ocrx_word' id='word_1_798' title='bbox 2665 4453 2800 4520; x_wconf 87' lang='lat' dir='ltr'><strong>Quid</strong></span> <span class='ocrx_word' id='word_1_799' title='bbox 2841 4455 2884 4508; x_wconf 90' lang='lat' dir='ltr'><strong>si</strong></span> <span class='ocrx_word' id='word_1_800' title='bbox 2915 4453 3204 4510; x_wconf 86' lang='lat' dir='ltr'><strong>dixerimus</strong></span> <span class='ocrx_word' id='word_1_801' title='bbox 3233 4470 3466 4512; x_wconf 85' lang='lat' dir='ltr'><strong>errorem</strong></span> <span class='ocrx_word' id='word_1_802' title='bbox 3497 4456 3725 4514; x_wconf 83' lang='lat' dir='ltr'><strong>fortasse</strong></span> 
     </span>
    </p>
   </div>
   <div class='ocr_carea' id='block_1_106' title="bbox 2142 4543 3724 4616">
    <p class='ocr_par' dir='ltr' id='par_1_106' title="bbox 2142 4543 3724 4616">
     <span class='ocr_line' id='line_1_106' title="bbox 2142 4543 3724 4616; baseline 0.003 -18"><span class='ocrx_word' id='word_1_803' title='bbox 2142 4545 2194 4599; x_wconf 92' lang='lat' dir='ltr'><strong>in</strong></span> <span class='ocrx_word' id='word_1_804' title='bbox 2217 4543 2359 4599; x_wconf 87' lang='lat' dir='ltr'><strong>hunc</strong></span> <span class='ocrx_word' id='word_1_805' title='bbox 2377 4544 2551 4600; x_wconf 91' lang='lat' dir='ltr'><strong>locum</strong></span> <span class='ocrx_word' id='word_1_806' title='bbox 2582 4545 2845 4599; x_wconf 88' lang='lat' dir='ltr'><strong>invectum</strong></span> <span class='ocrx_word' id='word_1_807' title='bbox 2866 4559 2987 4600; x_wconf 88' lang='lat' dir='ltr'><strong>esse</strong></span> <span class='ocrx_word' id='word_1_808' title='bbox 3012 4558 3042 4599; x_wconf 92' lang='lat' dir='ltr'><strong>a</strong></span> <span class='ocrx_word' id='word_1_809' title='bbox 3064 4545 3255 4611; x_wconf 90' lang='lat' dir='ltr'><strong>scriba,</strong></span> <span class='ocrx_word' id='word_1_810' title='bbox 3281 4545 3367 4616; x_wconf 91' lang='lat' dir='ltr'><strong>qui</strong></span> <span class='ocrx_word' id='word_1_811' title='bbox 3398 4546 3604 4601; x_wconf 89' lang='lat' dir='ltr'><strong>literam</strong></span> <span class='ocrx_word' id='word_1_812' title='bbox 3628 4565 3724 4603; x_wconf 88' lang='lat' dir='ltr'><strong>nu-</strong></span> 
     </span>
    </p>
   </div>
   <div class='ocr_carea' id='block_1_107' title="bbox 2141 4636 3722 4706">
    <p class='ocr_par' dir='ltr' id='par_1_107' title="bbox 2141 4636 3722 4706">
     <span class='ocr_line' id='line_1_107' title="bbox 2141 4636 3722 4706; baseline 0.002 -16"><span class='ocrx_word' id='word_1_813' title='bbox 2141 4636 2393 4692; x_wconf 90' lang='lat' dir='ltr'><strong>meralem</strong></span> <span class='ocrx_word' id='word_1_814' title='bbox 2413 4660 2441 4703; x_wconf 76' lang='grc' dir='ltr'>γ</span> <span class='ocrx_word' id='word_1_815' title='bbox 2466 4652 2562 4706; x_wconf 90' lang='lat' dir='ltr'><strong>pro</strong></span> <span class='ocrx_word' id='word_1_816' title='bbox 2583 4636 2733 4692; x_wconf 89' lang='lat' dir='ltr'><strong>tertia</strong></span> <span class='ocrx_word' id='word_1_817' title='bbox 2758 4636 2982 4705; x_wconf 89' lang='lat' dir='ltr'><strong>positam</strong></span> <span class='ocrx_word' id='word_1_818' title='bbox 3005 4637 3055 4691; x_wconf 90' lang='lat' dir='ltr'><strong>in</strong></span> <span class='ocrx_word' id='word_1_819' title='bbox 3077 4646 3123 4701; x_wconf 84' lang='lat'><strong>6,</strong></span> <span class='ocrx_word' id='word_1_820' title='bbox 3154 4636 3205 4691; x_wconf 92' lang='lat' dir='ltr'><strong>id</strong></span> <span class='ocrx_word' id='word_1_821' title='bbox 3232 4639 3392 4693; x_wconf 89' lang='lat' dir='ltr'><strong>estin</strong></span> <span class='ocrx_word' id='word_1_822' title='bbox 3412 4639 3722 4703; x_wconf 87' lang='lat' dir='ltr'><strong>secundam,</strong></span> 
     </span>
    </p>
   </div>
   <div class='ocr_carea' id='block_1_108' title="bbox 2141 4726 3727 4799">
    <p class='ocr_par' dir='ltr' id='par_1_108' title="bbox 2141 4726 3727 4799">
     <span class='ocr_line' id='line_1_108' title="bbox 2141 4726 3727 4799; baseline 0.001 -17"><span class='ocrx_word' id='word_1_823' title='bbox 2141 4728 2462 4782; x_wconf 87' lang='lat' dir='ltr'><strong>mutaverit?</strong></span> <span class='ocrx_word' id='word_1_824' title='bbox 2503 4726 2560 4782; x_wconf 91' lang='lat' dir='ltr'><strong>ln</strong></span> <span class='ocrx_word' id='word_1_825' title='bbox 2599 4727 2700 4783; x_wconf 89' lang='lat' dir='ltr'><strong>hac</strong></span> <span class='ocrx_word' id='word_1_826' title='bbox 2728 4727 2984 4783; x_wconf 91' lang='lat' dir='ltr'><strong>concione</strong></span> <span class='ocrx_word' id='word_1_827' title='bbox 3012 4728 3300 4797; x_wconf 60' lang='lat' dir='ltr'><strong>praemissis</strong></span> <span class='ocrx_word' id='word_1_828' title='bbox 3323 4728 3636 4799; x_wconf 89' lang='lat' dir='ltr'><strong>quibusdam</strong></span> <span class='ocrx_word' id='word_1_829' title='bbox 3660 4730 3727 4784; x_wconf 91' lang='lat' dir='ltr'><strong>de</strong></span> 
     </span>
    </p>
   </div>
   <div class='ocr_carea' id='block_1_109' title="bbox 2137 4817 3721 4889">
    <p class='ocr_par' dir='ltr' id='par_1_109' title="bbox 2137 4817 3721 4889">
     <span class='ocr_line' id='line_1_109' title="bbox 2137 4817 3721 4889; baseline 0.002 -18"><span class='ocrx_word' id='word_1_830' title='bbox 2137 4818 2423 4873; x_wconf 76' lang='lat' dir='ltr'><strong>timiditate</strong></span> <span class='ocrx_word' id='word_1_831' title='bbox 2450 4817 2901 4873; x_wconf 83' lang='lat' dir='ltr'><strong>Antiochenorum</strong></span> <span class='ocrx_word' id='word_1_832' title='bbox 2921 4858 2936 4884; x_wconf 95' lang='lat'><strong>,</strong></span> <span class='ocrx_word' id='word_1_833' title='bbox 2965 4817 3136 4889; x_wconf 88' lang='lat' dir='ltr'><strong>deque</strong></span> <span class='ocrx_word' id='word_1_834' title='bbox 3158 4818 3465 4888; x_wconf 85' lang='lat' dir='ltr'><strong>juramento</strong></span> <span class='ocrx_word' id='word_1_835' title='bbox 3484 4820 3721 4883; x_wconf 84' lang='lat' dir='ltr'><strong>vitando,</strong></span> 
     </span>
    </p>
   </div>
   <div class='ocr_carea' id='block_1_110' title="bbox 2141 4910 3725 4983">
    <p class='ocr_par' dir='ltr' id='par_1_110' title="bbox 2141 4910 3725 4983">
     <span class='ocr_line' id='line_1_110' title="bbox 2141 4910 3725 4983; baseline 0.003 -19"><span class='ocrx_word' id='word_1_836' title='bbox 2141 4919 2510 4981; x_wconf 88' lang='lat' dir='ltr'><strong>argumentum</strong></span> <span class='ocrx_word' id='word_1_837' title='bbox 2540 4910 2775 4965; x_wconf 66' lang='lat' dir='ltr'><strong>homilire</strong></span> <span class='ocrx_word' id='word_1_838' title='bbox 2803 4918 3075 4965; x_wconf 91' lang='lat' dir='ltr'><strong>mutuatur</strong></span> <span class='ocrx_word' id='word_1_839' title='bbox 3099 4913 3510 4983; x_wconf 84' lang='lat' dir='ltr'><strong>Cbrysostomus</strong></span> <span class='ocrx_word' id='word_1_840' title='bbox 3539 4928 3604 4968; x_wconf 86' lang='lat' dir='ltr'><strong>ex</strong></span> <span class='ocrx_word' id='word_1_841' title='bbox 3642 4912 3725 4968; x_wconf 90' lang='lat' dir='ltr'><strong>his</strong></span> 
     </span>
    </p>
   </div>
   <div class='ocr_carea' id='block_1_111' title="bbox 2143 5001 3726 5060">
    <p class='ocr_par' dir='ltr' id='par_1_111' title="bbox 2143 5001 3726 5060">
     <span class='ocr_line' id='line_1_111' title="bbox 2143 5001 3726 5060; baseline 0.003 -5"><span class='ocrx_word' id='word_1_842' title='bbox 2143 5001 2289 5056; x_wconf 87' lang='lat' dir='ltr'><strong>Pauli</strong></span> <span class='ocrx_word' id='word_1_843' title='bbox 2317 5003 2492 5057; x_wconf 88' lang='lat' dir='ltr'><strong>verbis</strong></span> <span class='ocrx_word' id='word_1_844' title='bbox 2522 5021 2534 5055; x_wconf 87' lang='lat'><strong>:</strong></span> <span class='ocrx_word' id='word_1_845' title='bbox 2570 5001 2766 5057; x_wconf 81' lang='lat' dir='ltr'><strong>Paulus</strong></span> <span class='ocrx_word' id='word_1_846' title='bbox 2792 5003 2983 5057; x_wconf 78' lang='lat' dir='ltr'><strong>uinctus</strong></span> <span class='ocrx_word' id='word_1_847' title='bbox 3000 5003 3126 5058; x_wconf 71' lang='lat' dir='ltr'><strong>Iesu</strong></span> <span class='ocrx_word' id='word_1_848' title='bbox 3150 5002 3337 5059; x_wconf 80' lang='lat' dir='ltr'><strong>Christi</strong></span> <span class='ocrx_word' id='word_1_849' title='bbox 3361 5014 3406 5059; x_wconf 89' lang='lat' dir='ltr'><strong>et</strong></span> <span class='ocrx_word' id='word_1_850' title='bbox 3430 5002 3726 5060; x_wconf 70' lang='lat' dir='ltr'><strong>Timotheus</strong></span> 
     </span>
    </p>
   </div>
   <div class='ocr_carea' id='block_1_112' title="bbox 2143 5094 3724 5165">
    <p class='ocr_par' dir='ltr' id='par_1_112' title="bbox 2143 5094 3724 5165">
     <span class='ocr_line' id='line_1_112' title="bbox 2143 5094 3724 5165; baseline 0.003 -19"><span class='ocrx_word' id='word_1_851' title='bbox 2143 5096 2334 5164; x_wconf 82' lang='lat' dir='ltr'><strong>frater,</strong></span> <span class='ocrx_word' id='word_1_852' title='bbox 2379 5094 2706 5164; x_wconf 85' lang='lat' dir='ltr'><strong>Paulumque</strong></span> <span class='ocrx_word' id='word_1_853' title='bbox 2740 5095 3107 5165; x_wconf 86' lang='lat' dir='ltr'><strong>gloriosiorem</strong></span> <span class='ocrx_word' id='word_1_854' title='bbox 3142 5110 3205 5151; x_wconf 90' lang='lat' dir='ltr'><strong>ex</strong></span> <span class='ocrx_word' id='word_1_855' title='bbox 3243 5096 3467 5152; x_wconf 91' lang='lat' dir='ltr'><strong>vinculis</strong></span> <span class='ocrx_word' id='word_1_856' title='bbox 3499 5097 3724 5152; x_wconf 86' lang='lat' dir='ltr'><strong>demon-</strong></span> 
     </span>
    </p>
   </div>
   <div class='ocr_carea' id='block_1_113' title="bbox 2141 5187 3222 5255">
    <p class='ocr_par' dir='ltr' id='par_1_113' title="bbox 2141 5187 3222 5255">
     <span class='ocr_line' id='line_1_113' title="bbox 2141 5187 3222 5255; baseline 0.002 -16"><span class='ocrx_word' id='word_1_857' title='bbox 2141 5194 2296 5252; x_wconf 88' lang='lat' dir='ltr'><strong>strat,</strong></span> <span class='ocrx_word' id='word_1_858' title='bbox 2325 5200 2483 5255; x_wconf 90' lang='lat' dir='ltr'><strong>quam</strong></span> <span class='ocrx_word' id='word_1_859' title='bbox 2514 5202 2578 5241; x_wconf 85' lang='lat' dir='ltr'><strong>ex</strong></span> <span class='ocrx_word' id='word_1_860' title='bbox 2610 5187 2801 5241; x_wconf 90' lang='lat' dir='ltr'><strong>virtute</strong></span> <span class='ocrx_word' id='word_1_861' title='bbox 2826 5187 3222 5242; x_wconf 89' lang='lat' dir='ltr'><strong>miraculorum.</strong></span> 
     </span>
    </p>
   </div>
   <div class='ocr_carea' id='block_1_114' title="bbox 2216 5274 3729 5348">
    <p class='ocr_par' dir='ltr' id='par_1_114' title="bbox 2216 5274 3729 5348">
     <span class='ocr_line' id='line_1_114' title="bbox 2216 5274 3729 5348; baseline 0.003 -19"><span class='ocrx_word' id='word_1_862' title='bbox 2216 5274 2429 5330; x_wconf 90' lang='lat' dir='ltr'><strong>Decima</strong></span> <span class='ocrx_word' id='word_1_863' title='bbox 2473 5276 2700 5346; x_wconf 90' lang='lat' dir='ltr'><strong>septima</strong></span> <span class='ocrx_word' id='word_1_864' title='bbox 2745 5276 2921 5332; x_wconf 89' lang='lat' dir='ltr'><strong>habita</strong></span> <span class='ocrx_word' id='word_1_865' title='bbox 2952 5287 3035 5332; x_wconf 91' lang='lat' dir='ltr'><strong>est</strong></span> <span class='ocrx_word' id='word_1_866' title='bbox 3072 5287 3347 5348; x_wconf 90' lang='lat' dir='ltr'><strong>postquam</strong></span> <span class='ocrx_word' id='word_1_867' title='bbox 3384 5277 3729 5334; x_wconf 83' lang='lat' dir='ltr'><strong>Hellebichus</strong></span> 
     </span>
    </p>
   </div>
   <div class='ocr_carea' id='block_1_115' title="bbox 2141 5367 3727 5442">
    <p class='ocr_par' dir='ltr' id='par_1_115' title="bbox 2141 5367 3727 5442">
     <span class='ocr_line' id='line_1_115' title="bbox 2141 5367 3727 5442; baseline 0 -17"><span class='ocrx_word' id='word_1_868' title='bbox 2141 5368 2389 5440; x_wconf 82' lang='lat' dir='ltr'><strong>Magister</strong></span> <span class='ocrx_word' id='word_1_869' title='bbox 2413 5369 2640 5424; x_wconf 86' lang='lat' dir='ltr'><strong>militum</strong></span> <span class='ocrx_word' id='word_1_870' title='bbox 2667 5378 2721 5425; x_wconf 90' lang='lat' dir='ltr'><strong>et</strong></span> <span class='ocrx_word' id='word_1_871' title='bbox 2747 5367 3009 5426; x_wconf 65' lang='lat' dir='ltr'><strong>Caesarius</strong></span> <span class='ocrx_word' id='word_1_872' title='bbox 3034 5371 3281 5442; x_wconf 88' lang='lat' dir='ltr'><strong>Magister</strong></span> <span class='ocrx_word' id='word_1_873' title='bbox 3307 5370 3375 5425; x_wconf 88' lang='lat' dir='ltr'><strong>ab</strong></span> <span class='ocrx_word' id='word_1_874' title='bbox 3400 5370 3727 5440; x_wconf 86' lang='lat' dir='ltr'><strong>lmpcratore</strong></span> 
     </span>
    </p>
   </div>
   <div class='ocr_carea' id='block_1_116' title="bbox 2142 5460 3728 5530">
    <p class='ocr_par' dir='ltr' id='par_1_116' title="bbox 2142 5460 3728 5530">
     <span class='ocr_line' id='line_1_116' title="bbox 2142 5460 3728 5530; baseline 0.002 -17"><span class='ocrx_word' id='word_1_875' title='bbox 2142 5460 2291 5514; x_wconf 89' lang='lat' dir='ltr'><strong>missi</strong></span> <span class='ocrx_word' id='word_1_876' title='bbox 2322 5460 2670 5530; x_wconf 87' lang='lat' dir='ltr'><strong>perquisitum</strong></span> <span class='ocrx_word' id='word_1_877' title='bbox 2697 5460 2765 5516; x_wconf 93' lang='lat' dir='ltr'><strong>de</strong></span> <span class='ocrx_word' id='word_1_878' title='bbox 2793 5460 3055 5516; x_wconf 89' lang='lat' dir='ltr'><strong>seditione</strong></span> <span class='ocrx_word' id='word_1_879' title='bbox 3075 5503 3090 5529; x_wconf 91' lang='lat'><strong>,</strong></span> <span class='ocrx_word' id='word_1_880' title='bbox 3122 5460 3458 5515; x_wconf 85' lang='lat' dir='ltr'><strong>Antiochiam</strong></span> <span class='ocrx_word' id='word_1_881' title='bbox 3494 5460 3728 5516; x_wconf 89' lang='lat' dir='ltr'><strong>advene-</strong></span> 
     </span>
    </p>
   </div>
   <div class='ocr_carea' id='block_1_117' title="bbox 2143 5550 3725 5623">
    <p class='ocr_par' dir='ltr' id='par_1_117' title="bbox 2143 5550 3725 5623">
     <span class='ocr_line' id='line_1_117' title="bbox 2143 5550 3725 5623; baseline 0.003 -20"><span class='ocrx_word' id='word_1_882' title='bbox 2143 5558 2281 5604; x_wconf 90' lang='lat' dir='ltr'><strong>rant.</strong></span> <span class='ocrx_word' id='word_1_883' title='bbox 2314 5550 2651 5607; x_wconf 87' lang='lat' dir='ltr'><strong>Hellebichus</strong></span> <span class='ocrx_word' id='word_1_884' title='bbox 2676 5552 2760 5608; x_wconf 90' lang='lat' dir='ltr'><strong>hic</strong></span> <span class='ocrx_word' id='word_1_885' title='bbox 2779 5594 2795 5621; x_wconf 90' lang='lat'><strong>,</strong></span> <span class='ocrx_word' id='word_1_886' title='bbox 2824 5552 3072 5623; x_wconf 87' lang='lat' dir='ltr'><strong>Magister</strong></span> <span class='ocrx_word' id='word_1_887' title='bbox 3094 5554 3329 5620; x_wconf 90' lang='lat' dir='ltr'><strong>equitum</strong></span> <span class='ocrx_word' id='word_1_888' title='bbox 3358 5552 3725 5623; x_wconf 89' lang='lat' dir='ltr'><strong>peditumque,</strong></span> 
     </span>
    </p>
   </div>
   <div class='ocr_carea' id='block_1_118' title="bbox 2142 5639 3729 5713">
    <p class='ocr_par' dir='ltr' id='par_1_118' title="bbox 2142 5639 3729 5713">
     <span class='ocr_line' id='line_1_118' title="bbox 2142 5639 3729 5713; baseline 0.004 -21"><span class='ocrx_word' id='word_1_889' title='bbox 2142 5639 2266 5693; x_wconf 88' lang='lat' dir='ltr'><strong>alibi</strong></span> <span class='ocrx_word' id='word_1_890' title='bbox 2310 5650 2634 5696; x_wconf 90' lang='lat' dir='ltr'><strong>memoratus</strong></span> <span class='ocrx_word' id='word_1_891' title='bbox 2671 5644 2941 5710; x_wconf 90' lang='lat' dir='ltr'><strong>occurrit,</strong></span> <span class='ocrx_word' id='word_1_892' title='bbox 2984 5652 3040 5698; x_wconf 90' lang='lat' dir='ltr'><strong>et</strong></span> <span class='ocrx_word' id='word_1_893' title='bbox 3076 5643 3293 5712; x_wconf 71' lang='lat' dir='ltr'><strong>justitiaa</strong></span> <span class='ocrx_word' id='word_1_894' title='bbox 3329 5643 3729 5713; x_wconf 66' lang='lat' dir='ltr'><strong>clementiaeque</strong></span> 
     </span>
    </p>
   </div>
   <div class='ocr_carea' id='block_1_119' title="bbox 2144 5728 3728 5803">
    <p class='ocr_par' dir='ltr' id='par_1_119' title="bbox 2144 5728 3728 5803">
     <span class='ocr_line' id='line_1_119' title="bbox 2144 5728 3728 5803; baseline 0.001 -22"><span class='ocrx_word' id='word_1_895' title='bbox 2144 5728 2295 5784; x_wconf 89' lang='lat' dir='ltr'><strong>laude</strong></span> <span class='ocrx_word' id='word_1_896' title='bbox 2324 5730 2549 5786; x_wconf 86' lang='lat' dir='ltr'><strong>celebris</strong></span> <span class='ocrx_word' id='word_1_897' title='bbox 2571 5742 2686 5787; x_wconf 89' lang='lat' dir='ltr'><strong>erat</strong></span> <span class='ocrx_word' id='word_1_898' title='bbox 2713 5774 2726 5786; x_wconf 92' lang='lat'><strong>.</strong></span> <span class='ocrx_word' id='word_1_899' title='bbox 2755 5731 3016 5788; x_wconf 79' lang='lat' dir='ltr'><strong>Caesarius</strong></span> <span class='ocrx_word' id='word_1_900' title='bbox 3041 5734 3223 5797; x_wconf 85' lang='lat' dir='ltr'><strong>etiam,</strong></span> <span class='ocrx_word' id='word_1_901' title='bbox 3255 5732 3501 5803; x_wconf 77' lang='lat' dir='ltr'><strong>Magister</strong></span> <span class='ocrx_word' id='word_1_902' title='bbox 3526 5733 3728 5787; x_wconf 81' lang='lat' dir='ltr'><strong>ofﬁcio-</strong></span> 
     </span>
    </p>
   </div>
   <div class='ocr_carea' id='block_1_120' title="bbox 2144 5820 3725 5895">
    <p class='ocr_par' dir='ltr' id='par_1_120' title="bbox 2144 5820 3725 5895">
     <span class='ocr_line' id='line_1_120' title="bbox 2144 5820 3725 5895; baseline 0.004 -22"><span class='ocrx_word' id='word_1_903' title='bbox 2144 5835 2262 5874; x_wconf 87' lang='lat' dir='ltr'><strong>rum</strong></span> <span class='ocrx_word' id='word_1_904' title='bbox 2290 5820 2414 5875; x_wconf 89' lang='lat' dir='ltr'><strong>alibi</strong></span> <span class='ocrx_word' id='word_1_905' title='bbox 2440 5821 2631 5891; x_wconf 84' lang='lat' dir='ltr'><strong>dictus,</strong></span> <span class='ocrx_word' id='word_1_906' title='bbox 2666 5824 2778 5895; x_wconf 87' lang='lat' dir='ltr'><strong>pari</strong></span> <span class='ocrx_word' id='word_1_907' title='bbox 2803 5822 3067 5895; x_wconf 88' lang='lat' dir='ltr'><strong>gaudebat</strong></span> <span class='ocrx_word' id='word_1_908' title='bbox 3094 5822 3373 5895; x_wconf 88' lang='lat' dir='ltr'><strong>probitatis</strong></span> <span class='ocrx_word' id='word_1_909' title='bbox 3403 5824 3566 5879; x_wconf 83' lang='lat' dir='ltr'><strong>fama.</strong></span> <span class='ocrx_word' id='word_1_910' title='bbox 3594 5821 3725 5879; x_wconf 73' lang='grc' dir='ltr'><strong>Ρω-</strong></span> 
     </span>
    </p>
   </div>
  </div>
