3948 6448
265 412 355 467 iii
1438 409 1621 470 NUNC
1658 406 1916 465 PRIMUM
1955 407 2350 464 ADORNATA.

262 521 502 578 nuntiata
524 532 706 581 autem
733 524 834 580 fuit
853 523 969 580 haec
988 522 1203 579 humilia
1228 538 1351 581 cum
1380 523 1696 581 Antiocheni
1726 539 1863 595 pene

259 629 289 670 a
315 624 460 669 metu
486 614 645 671 liberi
675 624 874 673 essent.
906 616 1207 684 Innumero,
1231 618 1303 672 ait
1324 617 1413 672 ille
1431 633 1578 673 num.
1604 616 1661 686 2,
1685 634 1863 685 exspe-

257 707 507 760 ctavimus
534 707 710 773 mala;
735 708 960 761 onmium
979 708 1246 779 facultates
1267 709 1519 779 direptum
1547 709 1632 774 iri,
1665 694 1863 763 habita-

256 797 375 851 cuia
404 814 522 850 cum
548 798 890 853 habitantibus
918 798 1257 854 comburenda
1283 841 1297 866 ,
1327 800 1576 853 civitatem
1607 794 1670 853 de
1698 799 1861 853 medio

257 890 541 944 tollendam
569 891 707 959 orbe,
736 900 783 946 et
803 892 961 962 ipsius
984 892 1223 961 reliquias
1242 909 1412 947 omnes
1440 877 1708 965 perituras,
1741 908 1862 946 ara-

257 991 393 1033 trum
420 981 584 1051 ipsius
608 991 794 1036 terram
820 984 1134 1038 sulcaturum
1160 1000 1283 1038 esse.
1311 981 1415 1039 Sed
1435 1000 1547 1038 ecce
1562 985 1669 1038 hth
1691 984 1862 1038 omnia

256 1071 394 1124 intra
412 1073 839 1143 exspectationem
856 1083 1051 1128 tantum
1067 1084 1330 1142 steterunt,
1350 1085 1395 1129 et
1415 1076 1468 1130 in
1483 1092 1609 1146 opus
1625 1092 1725 1130 non
1742 1093 1863 1147 pro—

256 1172 537 1217 cesserunt.
572 1163 684 1219 Sub
705 1165 817 1219 haec
844 1173 1023 1220 narrat
1048 1165 1317 1236 quomodo
1339 1167 1585 1222 monachi
1612 1182 1678 1222 ex
1702 1182 1860 1222 mon-

258 1252 404 1308 tibus
433 1255 773 1310 Antiochiam
804 1256 1214 1326 descenderint,
1243 1266 1303 1312 ut
1325 1259 1533 1328 judices
1565 1259 1857 1329 placarent,

258 1341 388 1397 dum
422 1345 636 1399 interim
660 1346 960 1417 philosophi
990 1363 1177 1403 omnes
1217 1349 1389 1405 Graeci
1422 1350 1609 1406 urbem
1638 1350 1859 1407 desere-

259 1447 419 1493 rent:
449 1454 558 1508 quo
598 1448 751 1509 pacto
781 1442 941 1496 etiam
980 1445 1288 1500 sacerdotes
1322 1444 1373 1500 in
1415 1447 1640 1516 gratiam
1680 1447 1858 1521 pppult

258 1539 488 1585 strenue
518 1546 629 1586 rem
655 1534 919 1603 gesserint
948 1552 963 1588 :
989 1549 1175 1604 ptenas
1204 1536 1620 1607 ablmperatore
1640 1536 1857 1592 demum

258 1622 526 1693 irrogatas
547 1666 562 1691 ,
596 1623 742 1681 leves
772 1625 1180 1698 tolerabilesque
1202 1643 1341 1695 esse,
1370 1644 1542 1699 neque
1568 1628 1857 1685 dolendum

260 1714 307 1769 si
337 1716 653 1771 orchestram
680 1727 727 1771 et
753 1718 932 1773 balnea
961 1721 1266 1786 occluserit,
1296 1736 1359 1776 ac
1386 1723 1745 1793 metr0poleos
1773 1723 1857 1778 di-

260 1806 519 1876 gnitatem
546 1808 614 1863 ab
641 1810 771 1864 urbe
797 1811 1096 1866 Antiochia:
1126 1814 1422 1869 sustulerit.
1456 1814 1648 1871 Veram
1671 1815 1861 1871 Antio-

258 1898 398 1952 chiae
417 1899 732 1969 dignitatem
760 1916 903 1969 esse,
938 1902 1080 1973 quod
1105 1903 1157 1957 in
1185 1919 1245 1959 ea
1268 1903 1511 1975 discipuli
1529 1905 1726 1961 Christi
1746 1907 1856 1977 pri-

259 2006 409 2046 mum
439 1991 726 2047 Christiani
750 1994 855 2048 sint
876 1995 1066 2061 vocati,
1091 2004 1145 2051 et
1160 1996 1304 2066 quod
1322 1998 1639 2053 Antiocheni
1660 2000 1860 2056 sanctis

258 2082 727 2152 Jerosolymitanis
747 2086 885 2138 fame
905 2085 1270 2140 laborantibus
1290 2102 1446 2157 opem
1477 2089 1695 2144 tulerint
1715 2107 1728 2143 :
1752 2105 1859 2145 non

262 2173 681 2243 magnitudinem
702 2218 716 2243 ,
763 2174 859 2230 sed
890 2177 1141 2246 pietatem
1176 2176 1335 2233 urbes
1363 2193 1642 2235 exornare.
1671 2180 1727 2235 In
1753 2181 1862 2237 ﬁne

260 2277 440 2320 autem
467 2265 613 2334 dicit,
637 2269 769 2323 alios
786 2268 959 2324 adhuc
978 2270 1031 2324 in
1054 2285 1268 2326 carcere
1294 2270 1512 2341 degere,
1535 2273 1670 2328 alios
1693 2273 1744 2329 in
1768 2289 1861 2330 ex-

261 2358 440 2412 silium
484 2360 770 2416 mittendos
817 2377 956 2417 esse.
1001 2361 1150 2418 lianc
1180 2362 1457 2418 homiliam
1485 2364 1858 2422 Tillemontius

258 2451 472 2507 confert
498 2454 549 2507 in
593 2454 979 2510 hebdomadem
1010 2465 1253 2525 quartam
1281 2455 1709 2527 Quadragesimm
1740 2469 1860 2528 post

260 2534 451 2592 feriam
478 2549 743 2607 quartam,
774 2540 869 2595 sed
898 2556 962 2595 ex
990 2540 1295 2610 conjectura
1325 2551 1548 2595 tantum.
1583 2541 1856 2613 Metropo-

258 2628 378 2683 leos
432 2645 562 2684 vero
620 2631 850 2700 dignitas
895 2632 1150 2687 translata
1202 2633 1296 2687 fuit
1338 2618 1618 2689 Antiochia
1669 2635 1860 2691 Laodic-

257 2732 434 2787 ceam,
457 2719 724 2777 referente
750 2722 1088 2779 Theodoreto
1116 2725 1151 2777 l.
1182 2724 1235 2791 5,
1265 2738 1315 2778 e.
1347 2725 1435 2780 l9.

332 2810 549 2865 Decima
577 2823 761 2867 octava
794 2813 1011 2869 homilia
1042 2824 1162 2885 post
1189 2814 1468 2870 dimidium
1495 2816 1685 2887 jejuuii
1715 2817 1858 2873 dicta

258 2901 381 2967 fuit,
412 2914 468 2957 ut
494 2905 567 2958 ait
597 2905 747 2960 initio
770 2905 1203 2978 Chrysostomus.
1240 2906 1395 2962 Putat
1416 2922 1548 2964 vero
1567 2908 1859 2966 Tillemon-

259 2997 366 3050 tius
393 2996 534 3051 illam
568 2999 619 3052 in
647 2999 975 3054 Dominicam
1007 3003 1242 3071 quintam
1270 3000 1707 3072 Quadragesimae
1734 3018 1860 3073 pro-

256 3085 509 3143 babiliter
527 3089 716 3158 conjici
740 3105 916 3159 posse.
947 3091 1135 3160 Agitur
1164 3106 1324 3161 porro
1349 3092 1418 3147 de
1438 3108 1563 3147 vera
1580 3093 1857 3164 jejunandi

255 3181 469 3235 ratione
489 3222 502 3245 ,
535 3180 601 3236 de
623 3182 924 3237 divitiarum
949 3190 1259 3252 contemptu
1276 3225 1290 3247 ,
1318 3183 1387 3239 de
1421 3184 1635 3240 tristitia
1661 3201 1856 3241 secum

256 3273 385 3327 dum
421 3275 609 3340 Deum,
639 3284 743 3330 etc.

332 3366 603 3421 Hactenus
644 3369 696 3422 in
732 3366 1075 3423 homiliarum
1116 3383 1342 3425 numero
1369 3376 1423 3425 et
1453 3368 1641 3425 ordine
1672 3368 1857 3426 Savilii

192 3480 195 3483 λ
254 3466 314 3512 et
352 3456 641 3515 Frontonis
694 3460 868 3515 Ducaci
911 3461 1184 3516 Editiones
1228 3471 1486 3531 sequutus
1532 3477 1695 3530 sum;
1747 3463 1856 3518 imo

256 3551 421 3605 etiam
450 3549 711 3606 decimam
744 3568 938 3607 nonam
961 3554 1298 3610 continenter
1321 3555 1496 3625 posui,
1525 3554 1856 3610 Tillemontii

256 3645 497 3713 opinioni
527 3646 913 3717 adstipulatus,
947 3649 1033 3718 qui
1066 3649 1206 3704 inter
1227 3648 1730 3720 Quadragesimales
1756 3649 1854 3704 de-

255 3735 453 3790 cimam
494 3753 688 3792 nonam
732 3747 787 3793 et
826 3739 940 3808 ipse
981 3740 1185 3808 putavit
1222 3741 1631 3797 accensendam.
1658 3741 1853 3797 Verum

255 3836 443 3897 postea
473 3830 720 3884 secundis
746 3831 889 3885 curis
914 3832 1148 3901 comperi
1175 3830 1318 3885 illam
1346 3831 1438 3887 diu
1467 3840 1591 3903 post
1616 3832 1819 3887 Pascha
1839 3872 1854 3898 ,

259 3919 535 3975 Dominica
578 3936 769 3992 nempe
797 3931 922 3977 ante
959 3923 1345 3979 Ascensionem
1372 3923 1580 3979 Domini
1610 3924 1848 3980 habitam

259 4010 461 4079 fuisse,
501 4023 561 4068 ut
596 4016 757 4070 etiam
799 4015 851 4069 in
892 4015 1045 4070 titulo
1085 4014 1251 4070 fertur
1275 4058 1290 4085 ,
1339 4030 1534 4085 nempe
1577 4015 1854 4072 Dominica

256 4117 344 4167 τῆς
372 4111 713 4174 ἕπισωςςμένης
741 4148 757 4171 ,
798 4121 920 4178 qua!
948 4107 1279 4162 Dominicam
1310 4108 1549 4177 quintam
1592 4118 1714 4178 pOSl.
1754 4108 1857 4164 Pa-

255 4196 411 4263 scha,
436 4197 548 4252 sive
575 4198 903 4253 Dominicam
925 4206 1051 4255 ante
1077 4199 1464 4254 Ascensionem
1491 4199 1774 4270 significat,
1800 4208 1859 4256 ut

256 4289 334 4344 ait
358 4289 466 4344 Leo
487 4290 730 4345 Allatius.
750 4289 856 4346 Sed
882 4305 944 4345 ea
970 4291 1039 4346 de
1064 4305 1123 4345 re
1149 4289 1283 4345 infra
1312 4290 1570 4361 pluribus.
1597 4290 1728 4347 Cum
1757 4294 1859 4348 ita-

256 4397 366 4452 que
392 4382 483 4436 illa
512 4382 650 4438 inter
677 4383 936 4438 llomilias
958 4383 1027 4438 de
1050 4382 1272 4451 Statuis,
1303 4382 1388 4437 vel
1412 4382 1858 4454 Quadragesima-

258 4474 340 4530 les
366 4477 629 4531 reccnseri
656 4491 760 4531 non
780 4476 995 4543 debeat,
1019 4476 1227 4531 decima
1257 4489 1397 4530 nona
1418 4475 1521 4530 erit
1546 4476 1667 4544 illa,
1697 4489 1856 4545 quam

257 4582 362 4622 nos
380 4568 689 4637 vigesimam
713 4583 1083 4638 posueramus,
1101 4582 1327 4639 quaeque
1347 4567 1400 4622 ln
1422 4568 1672 4623 Editione
1687 4568 1861 4622 Frons

259 4660 404 4716 tonis
434 4659 609 4714 Βυρωί
638 4662 896 4730 vigesima
922 4659 1158 4715 secunda
1187 4668 1530 4727 numeratur,
1571 4658 1859 4730 habitaque

258 4753 362 4807 fuit
380 4795 394 4820 ,
429 4760 565 4809 teste
599 4751 987 4825 Chrysostomo
1010 4793 1024 4818 ,
1056 4751 1243 4807 decem
1270 4752 1458 4808 diebus
1484 4758 1607 4806 ante
1629 4750 1856 4806 Pascha.

261 4842 359 4898 Illa
387 4858 516 4899 vero
534 4886 547 4910 ,
576 4858 737 4915 quam
765 4842 970 4899 Fronto
1004 4843 1229 4898 Ducmus
1256 4844 1564 4915 vigesimam
1595 4857 1855 4899 numera-

260 4944 453 5002 verat,
483 4943 539 4991 et
566 4951 665 4992 nos
696 4937 1006 5007 vigesimam
1035 4936 1260 5005 primam
1292 4936 1566 5006 posuimus
1586 4976 1602 5002 ,
1633 4936 1743 5005 jam
1777 4935 1858 4989 via

260 5030 468 5101 gesima
482 5033 603 5101 erit,
618 5033 830 5106 dempta
846 5046 1038 5100 nempe
1066 5031 1152 5086 illa
1178 5029 1359 5084 habita
1392 5031 1447 5085 in
1476 5029 1753 5084 Dominica
1774 5044 1861 5091 τῆς

258 5126 641 5190 ἕπωωξομένης,
673 5123 741 5177 de
778 5137 881 5196 qua
921 5136 1022 5177 suo
1051 5121 1170 5177 loco
1196 5131 1401 5192 agetur.
1447 5121 1571 5175 "me
1593 5135 1758 5192 porro
1782 5121 1862 5175 vi-

260 5212 468 5284 gesima
490 5223 570 5269 est
593 5213 778 5269 ultima
799 5212 866 5268 de
885 5212 1109 5269 Statuis.
1137 5211 1329 5283 Itaque
1342 5205 1451 5281 jam
1473 5212 1658 5282 viginti
1687 5211 1861 5265 solum

265 5305 529 5361 Homilias
551 5306 618 5360 de
642 5305 841 5362 Statuis
862 5314 1147 5362 recensere
1167 5315 1400 5375 oportet,
1425 5306 1547 5375 quia
1568 5304 1678 5369 illa,
1702 5318 1861 5374 quam

262 5412 369 5452 nos
396 5397 655 5453 decimam
683 5414 879 5453 nonam
907 5399 1200 5468 posuimus,
1233 5397 1337 5452 alio
1365 5395 1732 5452 transferenda
1758 5405 1861 5462 est,

264 5500 323 5544 et
352 5485 596 5555 homilia,
628 5504 787 5560 quam
817 5487 1127 5560 vigesimum
1158 5488 1384 5560 primam
1416 5487 1618 5543 Fronto
1638 5488 1864 5542 Ducmus

263 5590 556 5652 posuerat,
584 5590 669 5638 est
692 5580 991 5637 catechesis
1016 5590 1164 5638 extra
1192 5581 1387 5636 seriem
1416 5578 1768 5635 Homiliarum
1799 5577 1867 5634 de

262 5669 472 5729 Statuis
501 5671 770 5743 ponenda,
799 5683 857 5727 ut
879 5673 1000 5729 loco
1029 5687 1127 5728 suo
1149 5672 1409 5728 dicemus.

343 5764 401 5823 in
440 5767 696 5843 vigesima
736 5764 975 5831 homilia,
1008 5778 1167 5836 quam
1212 5779 1310 5820 nos
1335 5764 1447 5833 jam
1473 5762 1734 5819 decimam
1771 5777 1869 5823 no-

273 5867 403 5913 nam
426 5870 802 5922 numeramus,
820 5856 874 5912 in
893 5856 1048 5914 titulo
1063 5857 1178 5914 hac
1196 5855 1470 5931 adduntur
1495 5859 1550 5917 in
1575 5854 1867 5916 Manuscri-

3464 421 3566 480 I22

1968 523 2073 595 ptis
2104 523 2422 595 quibusdam
2457 545 2469 579 :
2510 527 2653 583 Dicta
2678 539 2755 609 est
2776 528 2946 587 decem
2973 533 3147 590 diebus
3182 545 3298 593 ante
3334 551 3564 596 sanctam

1969 623 2015 669 et
2037 616 2283 686 viviﬁcant
2309 617 2520 673 Domini
2539 622 2698 675 nostri
2721 619 2777 674 Ι.
2798 622 2856 683 C.
2891 610 3320 685 Resurrectionem
3347 648 3409 686 ea:
3429 650 3565 687 mor-

1970 708 2068 762 tuis
2093 723 2111 761 :
2136 708 2277 779 quod
2327 711 2529 779 optime
2569 711 2794 782 quadrat
2835 715 2900 769 ad
2934 716 3130 774 dictum
3163 707 3291 777 illud
3321 722 3564 797 Chryse-

1967 800 2127 854 stomi
2169 801 2329 867 paulo
2369 811 2494 858 ante
2540 798 2699 859 finem
2746 805 2982 863 humilia:
3013 827 3025 863 :
3062 811 3413 885 Quadraginta
3457 817 3564 873 dies

1968 891 2336 961 prazterierunt.
2362 885 2550 950 Habita
2574 910 2703 967 ergo
2725 892 2884 954 fuerit
2912 899 3025 955 htec
3045 905 3230 961 concio
3259 905 3390 962 feria
3413 919 3563 965 sexta

1966 986 2088 1052 post
2105 984 2454 1052 Dominicam,
2470 998 2628 1058 quam
2647 979 2920 1047 Passionis
2939 1007 3209 1049 vocamus.
3226 996 3350 1053 Haec
3367 1000 3565 1071 quippe

1966 1073 2080 1130 dies
2097 1084 2212 1131 erat
2229 1077 2654 1149 quadragesima,
2676 1081 2777 1138 inci
2785 1082 2978 1153 piendo
2997 1101 3027 1140 a
3048 1084 3178 1141 feria
3195 1091 3427 1146 secunda
3446 1102 3567 1161 post

1966 1163 2497 1238 Quinquagesimam,
2528 1186 2648 1242 qua:
2691 1181 2809 1228 erat
2846 1174 3054 1230 initium
3083 1176 3516 1250 Quadragesimre
3549 1200 3562 1236 :

1965 1266 2078 1314 erat
2107 1258 2232 1313 item
2258 1259 2466 1315 decima
2493 1270 2617 1318 ante
2642 1263 2843 1321 Pascha
2865 1266 3085 1341 ,_ipsum
3113 1268 3391 1325 Paschatis
3420 1271 3562 1328 diem

1965 1350 2386 1404 annumerando.
2412 1351 2507 1406 Est
2532 1361 2709 1409 autem
2738 1354 2853 1411 haec
2878 1355 3095 1413 homilia
3119 1358 3287 1416 ferme
3309 1370 3416 1417 tota
3437 1378 3567 1419 con~

1968 1446 2047 1493 tra
2089 1441 2413 1497 simultatem
2456 1451 2511 1499 et
2555 1443 2864 1514 injuriaram
2892 1450 3247 1519 memoriam,
3290 1460 3345 1507 et
3379 1452 3431 1507 in
3461 1454 3565 1510 line

1964 1543 2063 1597 pro
2090 1545 2239 1586 more
2267 1532 2425 1588 solito
2451 1544 2637 1590 contra
2668 1535 2987 1605 iuramenta.

2039 1622 2306 1706 Vigesima
2337 1626 2505 1695 prima
2538 1614 2776 1696 homilia,
2808 1645 2968 1701 quam
2993 1631 3094 1688 nos
3121 1633 3429 1704 vigesimam
3462 1652 3563 1691 nu-

1965 1713 2274 1770 merandum
2304 1725 2553 1786 putamus
2573 1760 2587 1785 ,
2626 1730 2707 1774 est
2747 1721 2933 1776 ultima
2962 1723 3028 1779 de
3057 1723 3278 1781 Statuis.
3308 1727 3428 1796 Ipso
3455 1728 3563 1783 Re.

1965 1805 2310 1861 surrectionis
2354 1807 2442 1862 die
2485 1808 2665 1864 habita
2707 1812 2965 1880 probatur
3006 1828 3072 1868 ex
3116 1815 3179 1869 iis
3208 1831 3329 1885 qua:
3354 1818 3454 1873 sub
3482 1819 3563 1873 in-

1965 1892 2116 1951 Itium
2169 1898 2437 1965 dicuntur,
2486 1911 2539 1956 et
2582 1910 2705 1971 post
2742 1903 2971 1958 reditum
3022 1905 3259 1961 Flaviani
3302 1909 3559 1979 episcopi.

1965 1987 2146 2043 Primo
2185 1988 2367 2044 laudat
2407 1990 2722 2046 Flavianum
2747 1993 2927 2062 ,quod
2957 2008 3144 2050 sorore
3182 1996 3371 2053 morbo
3411 1998 3564 2071 labo-

1965 2090 2149 2149 rante,
2177 2083 2244 2138 de
2269 2084 2528 2139 extremis
2554 2082 2892 2155 periclitante
2910 2128 2925 2152 ,
2954 2096 3009 2142 et
3033 2088 3252 2144 fratrem
3284 2105 3351 2145 ne
3376 2107 3434 2147 se
3463 2092 3561 2147 de-

1965 2181 2173 2227 sereret
2216 2182 2441 2243 rogante
2464 2215 2479 2241 ,
2512 2175 2692 2230 omnia
2725 2185 2900 2230 tamen
2942 2178 3031 2233 ille
3066 2178 3432 2247 posdrabuerit
3457 2221 3476 2249 ,
3506 2193 3565 2238 ut

1966 2263 2285 2333 periclitanti
2314 2263 2467 2335 gregi
2492 2264 2844 2335 prospiceret.
2868 2250 3061 2322 Narrat
3085 2269 3355 2338 quomodo
3386 2269 3558 2340 Impe-

1964 2364 2198 2409 ratorem
2228 2353 2423 2411 adierit
2448 2363 2502 2410 et
2533 2356 2585 2412 in
2613 2366 2959 2425 conspectum
2987 2356 3104 2428 ejus
3131 2357 3415 2424 adductus,
3445 2369 3560 2415 sta-

1965 2444 2059 2500 tim
2080 2446 2350 2518 Iacrymis,
2368 2446 2513 2501 l-uctu
2536 2454 2588 2503 et
2615 2447 2831 2503 silentio
2848 2449 2952 2503 vim
2974 2449 3176 2504 doloris
3196 2453 3520 2521 expresserit
3543 2471 3558 2509 :

1964 2535 2266 2606 deindeque
2295 2536 2488 2593 leniter
2512 2536 2758 2592 hortante
2785 2538 3111 2607 lmperatore
3134 2543 3431 2598 orationem
3458 2543 3526 2599 ha
3543 2575 3562 2588 -

1962 2627 2143 2685 buerit
2168 2668 2183 2696 ,
2214 2643 2372 2700 quam
2415 2628 2831 2701 Chrysostomus
2874 2629 2940 2684 ad
2980 2631 3199 2686 verbum
3244 2634 3405 2690 refert
3441 2645 3563 2704 apte

1963 2720 2312 2789 compositam
2339 2719 2406 2775 ad
2433 2720 2793 2776 Theodosium
2827 2721 3150 2791 placandum
3180 2740 3193 2776 :
3223 2723 3559 2780 Theodosius

1963 2827 2094 2867 vero
2132 2812 2196 2867 ad
2243 2813 2665 2869 misericordiam
2712 2823 3048 2882 commotus,
3092 2814 3208 2871 haec
3252 2816 3560 2873 Christiano

1964 2904 2215 2977 Principe
2253 2905 2409 2977 digna
2453 2908 2670 2977 protulit
2701 2909 2869 2963 verba
2896 2924 2909 2961 :
2943 2907 3080 2974 Quid
3100 2924 3335 2979 magnum
3363 2912 3455 2963 erit
3475 2951 3488 2974 ,
3518 2911 3563 2964 si

1964 2998 2271 3064 hominibus,
2300 2999 2387 3067 qui
2411 3015 2507 3053 nos
2531 3000 2844 3054 contumeliis
2868 2997 3161 3067 a/fecerunt,
3182 3000 3312 3053 iram
3333 3002 3560 3055 remittu-

1963 3106 2106 3156 mus,
2138 3106 2252 3144 cum
2278 3106 2369 3144 nos
2399 3090 2498 3161 ipsi
2526 3091 2753 3146 homines
2783 3093 2939 3146 simus
2961 3108 2982 3157 ;
3010 3092 3213 3164 quando
3242 3094 3421 3146 mundi
3446 3092 3558 3147 1)οα

1962 3183 2129 3237 minus
2154 3182 2207 3236 in
2237 3193 2425 3236 terram
2451 3182 2755 3237 descendens
2774 3225 2787 3249 ,
2832 3199 2893 3235 ac
2927 3194 3134 3253 propter
3169 3201 3261 3238 nos
3301 3184 3451 3238 homo
3478 3187 3560 3254 {ao

1961 3287 2090 3341 ctus,
2116 3285 2159 3330 et
2180 3292 2210 3328 α
2233 3276 2471 3345 beneﬁcio
2492 3273 2686 3342 aﬂ'ectis
2711 3275 3004 3344 cruciﬁxus,
3032 3293 3123 3346 pro
3142 3276 3558 3347 cruciﬁgentibus

1961 3386 2016 3425 se
2036 3368 2249 3425 Patrem
2274 3370 2434 3423 oravit
2459 3370 2630 3424 dicens
2651 3385 2669 3424 :
2690 3368 2907 3440 Ignosce
2932 3369 3073 3435 illis;
3103 3387 3205 3424 non
3230 3371 3363 3424 enim
3390 3371 3557 3425 sciunt

1961 3463 2084 3535 quid
2107 3464 2324 3533 faciunt.
2352 3461 2486 3518 Cum
2517 3470 2700 3518 autem
2743 3461 3027 3517 Flavianus
3061 3461 3263 3517 Pascha
3294 3476 3417 3517 cum
3448 3460 3556 3516 lm-

1962 3564 2217 3625 peratore
2254 3553 2529 3609 celebrare
2553 3552 2747 3620 vellet,
2778 3552 2989 3623 reponit
3015 3551 3350 3609 Theodosius
3378 3570 3391 3606 :
3424 3551 3559 3607 Novi

1962 3645 2422 3701 Antiochenorum
2448 3643 2658 3699 animos
2686 3643 3056 3707 conturbatos,
3084 3652 3139 3697 et
3157 3643 3353 3699 multas
3371 3657 3557 3713 super-

1962 3736 2432 3798 esse.calamitatis
2467 3734 2743 3806 reliquias.
2768 3734 2863 3788 Abi
2891 3743 2936 3788 et
2961 3734 3239 3789 consolare.
3275 3733 3338 3789 Si
3377 3736 3559 3805 guber-

1963 3841 2192 3885 notorem
2230 3829 2445 3884 viderint
2466 3871 2482 3895 ,
2518 3844 2609 3883 nec
2649 3829 2917 3900 prateritar
2950 3829 3336 3881 reminiscentur
3368 3836 3559 3897 tempe.

1962 3924 2128 3988 statis,
2151 3923 2238 3977 sed
2266 3923 2432 3993 ipsum
2456 3921 2677 3976 tristium
2703 3919 2997 3973 memoriam
3030 3917 3281 3973 delebant.
3310 3916 3436 3972 [iam
3464 3917 3557 3972 ubi

1963 4014 2315 4072 Antiochenis
2344 4014 2582 4069 nuntiata
2615 4011 2783 4077 fuere,
2811 4009 3006 4082 gaudio
3033 4008 3234 4081 perfusi
3265 4007 3436 4064 forum
3465 4024 3557 4064 co-

1963 4114 2249 4171 ronarunt,
2274 4106 2523 4160 lucernas
2549 4102 2912 4158 accenderunt
2932 4144 2948 4168 ,
2980 4109 3035 4157 et
3062 4111 3189 4156 ante
3214 4098 3455 4155 officinas
3482 4101 3559 4154 Ie-

1962 4199 2238 4253 etisternia
2267 4210 2518 4267 posuere.
2551 4194 2650 4249 Hie
2679 4193 2893 4249 tandem
2933 4192 3030 4248 fuit
3053 4191 3403 4249 Antiochense
3418 4190 3558 4246 sedi-

1964 4292 2127 4346 tionis
2153 4291 2346 4346 exitus.

2034 4384 2152 4440 Jam
2179 4383 2251 4439 ad
2273 4380 2549 4454 sequentia
2572 4380 2869 4445 veniamus,
2891 4393 3008 4451 qua:
3032 4384 3153 4447 post
3168 4376 3308 4432 diem
3330 4374 3562 4431 Pascha-

1965 4477 2032 4533 tis
2058 4475 2381 4548 subsequuta
2412 4485 2536 4529 sunt
2565 4493 2579 4529 :
2611 4475 2664 4529 in
2690 4473 2842 4545 queis
2871 4487 2937 4527 ex
2971 4471 3222 4526 diuturna
3248 4468 3562 4523 tractatione

1966 4585 2073 4625 non
2103 4584 2272 4639 pauca
2318 4574 2444 4623 sunt
2467 4581 2630 4637 ,quaa
2664 4564 2869 4636 pridem
2910 4561 3204 4618 secundum
3230 4560 3561 4616 Tillemontii

1967 4662 2289 4719 sententiam
2316 4671 2675 4717 statueramus
2700 4701 2715 4724 ,
2747 4671 2972 4729 qtueque
2990 4655 3103 4726 jam
3130 4652 3382 4710 mutanda
3409 4652 3563 4708 nobis

1966 4764 2109 4810 sunt.
2140 4754 2361 4823 Eorum,
2378 4768 2498 4824 quae
2520 4760 2640 4823 post
2666 4751 2810 4807 diem
2832 4748 3108 4805 Paschalis
3130 4747 3289 4818 hujus
3312 4746 3435 4800 anni
3460 4747 3563 4802 587

1967 4847 2295 4916 subsequuta'
2337 4854 2505 4911 sunt,
2549 4843 2684 4899 ordo
2724 4843 2889 4913 probe
2920 4841 3215 4912 percipitur
3240 4856 3307 4895 ex
3346 4838 3415 4894 iis
3443 4851 3565 4908 qua:

1969 4937 2231 4994 Sermone
2276 4935 2448 5007 primo
2473 4935 2541 4990 de
2580 4935 2734 4989 Anna
2767 4941 2951 4988 narrat
2985 4932 3422 5004 Chrysostomus.
3465 4927 3567 4982 Vos

1968 5030 2103 5084 enim
2127 5029 2365 5101 fortasse,
2396 5028 2588 5099 inquit,
2612 5043 2785 5080 eorum
2810 5026 2953 5081 obliti
2981 5026 3121 5092 estis,
3144 5041 3202 5079 eo
3223 5024 3359 5095 quod
3379 5022 3566 5077 multos

1968 5121 2161 5175 interea
2197 5135 2451 5175 sermones
2475 5160 2490 5185 ,
2522 5129 2568 5174 et
2608 5119 2672 5173 de
2713 5118 2829 5173 aliis
2877 5117 3025 5172 rebus
3075 5133 3168 5171 nos
3222 5116 3563 5170 habuerimus.

1972 5212 2112 5267 Nam
2141 5226 2338 5266 reverso
2366 5227 2397 5264 α
2429 5210 2704 5282 longinqua
2733 5209 3136 5281 peregrinatione
3164 5205 3326 5260 Patre
3351 5214 3522 5259 nostro
3547 5244 3563 5266 ,

1971 5304 2307 5358 necessarium
2331 5302 2429 5372 fuit
2458 5302 2630 5356 omnia
2658 5316 3069 5365 commemorare,
3098 5313 3213 5369 qua:
3234 5294 3566 5351 in'Comitatu

1971 5396 2301 5451 acciderant:
2331 5411 2392 5449 ac
2418 5394 2600 5448 deinde
2622 5410 2738 5447 cum
2767 5393 3036 5463 gentilibus
3063 5391 3352 5459 disputare,
3384 5395 3443 5441 ut
3475 5386 3569 5443 hos

1971 5489 2019 5542 vi
2049 5487 2351 5542 calamitatis
2388 5487 2457 5540 ad
2493 5486 2751 5540 meliorem
2780 5488 2980 5555 frugem
3008 5488 3263 5534 revocatos
3285 5519 3301 5546 ,
3332 5478 3455 5548 qui,
3478 5477 3571 5531 de-

1973 5589 2106 5634 serto
2139 5578 2404 5650 gentilium
2430 5592 2620 5643 errore,
2650 5590 2758 5630 sese
2779 5575 2847 5628 ad
2871 5589 2963 5629 nos
2987 5568 3306 5625 contulerant
3331 5612 3345 5636 ,
3379 5585 3472 5641 pro
3496 5568 3569 5624 vi-

1973 5672 2059 5727 rili
2083 5672 2518 5743 conﬁrmaremus,
2552 5685 2611 5723 ac
2639 5669 2947 5733 duceremus,
2976 5665 3181 5728 quantis
3208 5663 3422 5719 tenebris
3447 5662 3570 5716 libe-

1974 5765 2115 5835 rati,
2143 5764 2213 5819 ad
2242 5773 2437 5819 tantam
2471 5758 2694 5816 veritatis
2731 5758 2896 5813 lucem
2934 5757 3290 5812 accurrissent.
3322 5752 3449 5809 Post
3477 5751 3573 5806 illa

1975 5873 2181 5915 rursum
2207 5856 2379 5912 multis
2402 5852 2583 5909 diebus
2601 5859 2883 5922 martyrum
2908 5850 3179 5924 festivitate
3193 5848 3339 5922 potiti
3358 5860 3531 5902 sumus
3549 5859 3571 5899 .·
