3948 6422
423 420 525 476 ηδ

421 548 581 601 neque
619 529 829 600 tempori
861 531 1153 585 conveniens
1185 530 1359 600 fuisset
1386 546 1468 585 eos
1491 572 1507 600 ,
1538 530 1623 605 qui
1660 531 1711 585 in
1752 528 1995 599 sepulcris

419 631 699 690 martyrum
728 627 1062 687 versarentur,
1093 636 1268 674 earum
1304 620 1515 675 laudum
1554 636 1666 691 quis
1693 617 1998 690 martyribus

419 709 656 763 debentur
683 718 903 764 exsortes
930 709 1204 764 discedere.
1242 709 1494 768 Successit
1531 711 1610 764 his
1642 711 1711 763 ad
1746 710 1998 764 abstinen-

426 800 541 853 dum
581 817 614 853 a
643 801 948 870 juramentis
1000 801 1302 856 exhortatio.
1357 802 1483 857 Cum
1530 802 1663 856 enim
1701 810 1857 855 totam
1909 817 1997 854 ru-

420 890 660 944 sticorum
709 891 964 945 nationem
1016 891 1069 945 in
1114 890 1284 945 urbem
1330 893 1608 963 ingressam
1660 908 1996 958 cerneremus,

424 980 514 1033 hos
565 979 656 1034 illo
697 996 729 1034 a
776 980 919 1035 nobis
964 981 1232 1036 instructos
1271 983 1450 1036 uiatico
1489 982 1774 1039 censuimus
1824 983 1998 1037 dimit-

423 1070 619 1125 tendos.

498 1157 739 1214 Homilies
776 1167 887 1229 post
922 1159 1126 1216 Pascha
1174 1162 1340 1217 dictte.
1390 1192 1462 1204 —
1511 1162 1761 1229 Reverso,
1810 1163 1998 1234 inquit,

425 1263 489 1301 ex
545 1249 820 1319 longinqua
857 1252 1254 1323 peregrinatione
1294 1252 1454 1307 Patre
1497 1263 1667 1308 nostro
1691 1295 1707 1319 ,
1765 1270 2000 1308 necessa-

426 1337 561 1390 rium
619 1340 717 1409 fuit
771 1341 942 1393 omnia
995 1356 1437 1409 eommemorare,_
1471 1358 1585 1414 quae
1625 1343 1680 1397 in
1750 1342 2001 1398 Comitum

425 1429 731 1511 acciderant.
758 1431 851 1486 llic
871 1431 1013 1487 haud
1032 1432 1191 1488 dubie
1219 1434 1663 1490 notatHomiliam
1689 1436 2000 1507 vigesimum

427 1520 651 1589 primam
701 1523 766 1576 ad
823 1524 1082 1594 Populum
1120 1526 1511 1583 Antiochenum
1553 1527 1615 1582 T.
1644 1527 1714 1595 2,
1752 1544 1799 1581 c.
1852 1528 1945 1582 2U
1984 1545 1998 1581 :

427 1624 585 1679 quam
607 1611 910 1682 vigesimum
940 1618 1322 1670 numerandum
1349 1632 1470 1672 esse
1498 1618 1656 1673 modo
1672 1618 1999 1685 dicebamus,

424 1699 481 1752 in
507 1714 608 1769 qua
624 1703 797 1770 agitur
808 1701 874 1758 de
890 1703 1059 1757 reditu
1084 1703 1317 1759 Flaviani
1342 1706 1597 1775 episcopi,
1616 1706 1787 1777 deque
1814 1722 2003 1763 recon-

426 1789 601 1844 ciliata
618 1790 901 1847 Theodosii
931 1791 1273 1863 Imperatoris
1286 1811 1407 1851 cum
1439 1798 1782 1854 Antiochenis
1809 1800 2000 1870 gratia,

423 1893 543 1948 quae
569 1881 754 1934 concio
776 1882 825 1936 in
852 1882 938 1937 die
952 1880 1225 1940 Paschalis
1243 1884 1421 1940 habita
1443 1886 1630 1943 fuerat.
1644 1888 1827 1960 Pergit
1841 1889 2005 1963 Chry-

424 1971 790 2024 sostomus:Ac
810 1972 991 2026 deinde
1005 1990 1119 2027 cum
1131 1977 1399 2045 gentilibus
1415 1977 1674 2049 disputare
1689 1982 1928 2051 oportuit,
1950 1991 2005 2035 ut

429 2060 520 2113 hos
546 2062 594 2114 ui
634 2061 939 2117 calamitatis
978 2065 1046 2119 ad
1074 2067 1326 2120 meliorem
1355 2070 1553 2141 frugem
1591 2081 1864 2139 revocatos,
1895 2075 2000 2143 qui,

428 2150 623 2206 deserto
646 2154 911 2222 gentilium
933 2170 1118 2221 errore,
1137 2172 1243 2210 sese
1268 2159 1336 2211 ad
1352 2175 1442 2213 nos
1464 2162 1802 2230 contulerant,
1821 2180 1912 2232 pro
1931 2165 2005 2217 ui-

426 2241 513 2295 rili
542 2243 976 2311 conﬁrmaremus,
1014 2248 1216 2316 quantis
1240 2250 1455 2305 tenebris
1480 2251 1677 2307 liberati
1699 2255 1769 2308 ad
1811 2264 2005 2310 tantam

430 2328 592 2385 lucem
642 2333 864 2388 ueritatis
890 2337 1236 2392 occurrissent.
1284 2339 1487 2411 Nempe
1516 2341 1704 2399 diebus
1746 2354 1866 2415 post
1901 2345 2002 2401 Pa-

427 2421 661 2477 schalem
682 2424 1071 2482 solemnitatem
1097 2432 1439 2499 sequentibus
1461 2435 1684 2504 gentiles
1712 2437 1832 2493 illos
1869 2452 1969 2493 con
1984 2470 2001 2481 -

430 2510 647 2569 ﬁrmare
689 2514 919 2583 studuit,
965 2518 1053 2588 qui
1079 2533 1145 2575 ex
1183 2521 1482 2579 calamitate
1508 2525 1850 2582 Antiochenis
1896 2537 2001 2584 tam

426 2603 709 2670 gentilibus
734 2621 890 2675 quam
918 2605 1230 2665 Christianis
1260 2612 1329 2666 ob
1356 2627 1576 2668 eversas
1604 2624 1806 2672 statuas
1832 2619 1999 2687 illata,

427 2692 497 2747 ad
525 2694 799 2751 meliorem
829 2696 1034 2768 frugem
1060 2702 1317 2769 revocati,
1359 2703 1425 2758 ad
1455 2705 1812 2762 Christianam
1843 2710 2000 2766 fidem

426 2795 763 2840 accesserant
791 2804 806 2839 :
838 2802 904 2840 an
931 2798 1106 2844 autem
1134 2806 1259 2859 una,
1291 2808 1359 2846 an
1389 2794 1627 2863 pluribus
1656 2799 2003 2858 concionibus

426 2875 482 2929 id
527 2878 713 2945 egerit,
756 2877 1015 2933 incertum
1057 2889 1179 2945 est;
1224 2882 1318 2937 sed
1348 2883 1460 2939 sive
1494 2901 1652 2940 unam
1682 2888 1796 2944 sive
1826 2891 2003 2962 plures

427 2967 692 3035 habuerit,
720 2970 895 3025 omnia
924 2972 1220 3028 amisimus.
1251 2974 1445 3029 Verum
1478 2975 1615 3033 hanc
1637 2978 1901 3049 jacturam
1925 2992 1999 3036 ut-

426 3072 656 3128 cumque
681 3061 842 3116 sarcit
868 3061 1279 3133 Chrysostomus
1303 3105 1318 3129 ,
1348 3066 1437 3136 qui
1461 3081 1523 3122 ea
1545 3083 1663 3139 quae
1685 3070 1751 3125 ad
1779 3072 2002 3141 gentiles

425 3146 633 3203 dixerat
659 3151 708 3205 in
726 3150 827 3207 hac
852 3152 1069 3208 homilia
1096 3169 1194 3210 nec
1221 3157 1405 3226 paucis
1433 3158 1609 3213 verbis
1629 3162 1840 3232 repetit.
1864 3162 2003 3218 Sub-

422 3236 596 3310 jungit
623 3255 749 3297 vero
772 3241 831 3297 S.
860 3242 1046 3299 doctor
1070 3246 1255 3301 istbazc
1288 3265 1302 3301 :
1355 3245 1477 3302 Post
1511 3249 1603 3303 illa
1626 3267 1832 3305 rursum
1877 3254 2003 3307 mut.

427 3330 493 3384 tis
508 3331 684 3385 diebus
704 3342 995 3388 sanctorum
1022 3337 1288 3407 festivitate
1312 3339 1462 3404 potiti
1483 3356 1678 3407 sumus,
1705 3358 1863 3413 neque
1877 3352 2004 3397 tem-

426 3420 540 3490 peri
567 3422 862 3477 conueniens
889 3424 1065 3493 fuisset
1091 3441 1174 3479 eos
1198 3465 1213 3492 ,
1242 3426 1331 3495 qui
1354 3428 1408 3480 in
1445 3430 1693 3498 sepulcris
1722 3441 2003 3502 martyrum

424 3519 737 3564 uersarentur
754 3550 771 3577 ,
799 3527 970 3566 eorum
1015 3513 1225 3567 laudum
1271 3530 1385 3585 quin
1430 3519 1734 3589 martyribus
1763 3520 2004 3575 debentur

429 3610 650 3655 exsortes
690 3601 960 3657 discedere.
987 3602 1241 3659 Successit
1268 3607 1347 3661 his
1373 3607 1443 3660 ad
1476 3609 1829 3664 abstinendum
1855 3628 1887 3665 a
1905 3612 1998 3680 ju-

426 3692 666 3745 ramentis
689 3692 967 3748 cohortatio
992 3709 1012 3749 .'
1038 3711 1151 3749 cum
1177 3698 1310 3750 enim
1329 3707 1487 3755 totam
1510 3700 1815 3754 rusticorum
1837 3702 2004 3755 natio-

427 3796 541 3833 nem
572 3782 627 3836 in
673 3781 845 3837 urbem
882 3785 1161 3857 ingressam
1197 3803 1536 3856 cerneremus,
1566 3790 1658 3845 Iros
1680 3790 1771 3846 illo
1799 3808 1832 3845 a
1859 3792 2002 3847 nobis

428 3870 695 3927 instructos
718 3874 897 3929 uiatico
922 3878 1207 3932 censuimus
1236 3880 1584 3934 dimittendos.

501 3963 701 4021 Eadem
728 3981 887 4035 porro
913 3969 1045 4038 ipsa,
1074 3986 1195 4040 quae
1222 3972 1290 4027 de
1312 3982 1602 4044 martyrum
1631 3973 2006 4032 feativitatibus

431 4053 646 4111 humilia
677 4058 845 4126 prima
870 4059 939 4114 dc
966 4061 1118 4117 Anna
1159 4062 1342 4131 refert,
1373 4066 1424 4118 in
1448 4064 1679 4121 Homilia
1705 4056 1917 4138 quoque
1945 4070 1999 4123 in

431 4146 700 4203 Dominica
742 4165 826 4213 τῆς
846 4156 1187 4222 tacueram-mg
1228 4166 1491 4224 recenset,
1518 4157 1618 4212 etsi
1666 4159 1878 4229 paulum
1917 4159 2001 4214 di-

433 4251 588 4291 verso
615 4240 862 4295 narrandi
892 4242 1073 4310 modo,
1104 4254 1397 4315 martyrum
1428 4261 1620 4317 nempe
1635 4248 2004 4306 solemnitates

430 4329 610 4384 multis
649 4330 837 4388 diebus
868 4334 1186 4400 celebratas,
1234 4343 1291 4391 et
1324 4337 1644 4394 rusticorum
1689 4340 1999 4410 adventum,

427 4419 620 4489 quibus
642 4420 729 4474 ille
752 4422 1097 4480 concionatus
1113 4431 1213 4479 est.
1240 4425 1434 4483 Verum
1452 4426 1541 4483 hic
1563 4429 1637 4484 ait
1659 4431 1752 4487 ille
1770 4446 1850 4497 se,
1872 4433 2003 4488 dum

428 4516 724 4579 martyrum
755 4508 887 4565 festa
915 4512 1315 4569 celebrarentur
1335 4555 1353 4583 ,
1383 4516 1690 4573 inﬁrmitate
1726 4519 2005 4579 detentum

428 4599 573 4655 domi
603 4601 884 4669 mansisse,
914 4618 1088 4674 neque
1114 4612 1403 4677 martyrum
1429 4606 1802 4667 festivitatibus
1834 4613 2005 4669 inter-

428 4688 621 4769 fuisse.
661 4689 816 4748 Unde
853 4692 1014 4751 infert
1050 4694 1423 4753 Tillemon-tius
1450 4698 1586 4757 duas
1615 4700 1778 4758 fuisse
1803 4714 2006 4776 marty-

431 4796 553 4837 rum
595 4780 910 4840 festivitates
948 4802 963 4839 :
993 4795 1050 4842 et
1085 4794 1365 4858 utramque
1398 4791 1554 4862 longe
1585 4792 1725 4851 serie
1768 4794 2008 4866 duosque

432 4872 758 4930 rusticorum
781 4875 1038 4933 adventus
1057 4894 1073 4945 ;
1090 4887 1252 4949 atque
1278 4894 1528 4938 sermone
1552 4883 1727 4953 primo
1745 4883 1813 4941 de
1827 4886 2003 4955 Anna,

433 4966 502 5022 de
529 4967 594 5024 iis
620 4976 915 5041 martyrum
941 4969 1337 5040 festivitatibus,
1363 4973 1536 5044 deque
1564 4977 1883 5034 rusticorum
1907 4980 2006 5035 ad—

434 5063 616 5124 ventu,
633 5049 750 5129 qum
779 5060 836 5114 in
849 5059 1264 5118 hebdomadibus
1287 5072 1410 5133 post
1436 5064 1639 5122 Pascha
1657 5067 1965 5125 acciderunt
1988 5088 2003 5126 :

436 5148 491 5204 in
520 5147 735 5205 humilia
759 5159 940 5207 autem
969 5151 1147 5207 habita
1173 5152 1228 5208 in
1260 5153 1530 5231 Dominica
1568 5174 1652 5221 τῆς
1667 5164 2008 5230 (nummum,

438 5239 504 5295 de
529 5248 821 5313 martyrum
848 5240 1067 5300 festiset
1091 5243 1160 5299 de
1181 5245 1502 5304 rusticorum
1527 5248 1759 5307 adventu
1782 5254 1889 5323 agi,
1915 5256 2009 5324 qui

438 5329 491 5383 in
544 5329 962 5404 Quadragesima
1011 5335 1367 5406 contigerunt.
1406 5337 1523 5394 Non
1577 5342 2009 5402 animadvertens

437 5417 876 5490 Chrysostomum
901 5423 1082 5481 dicere
1107 5426 1163 5481 in
1185 5426 1372 5483 eadem
1398 5428 1635 5500 homilia,
1660 5432 1847 5490 ducem
1893 5450 2009 5491 om-

436 5507 586 5565 nium
630 5512 833 5570 scilicet
874 5514 1208 5587 Flavianum,
1251 5518 1306 5574 in
1346 5519 1493 5576 hisce
1527 5535 1623 5591 per
1651 5522 1835 5580 urbem
1877 5529 2012 5584 actis

438 5605 734 5666 martyrum
775 5603 1203 5675 celebritatibus,
1248 5609 1502 5680 populum
1550 5611 2009 5674 circumduxisse:

443 5688 586 5776 atqui
620 5691 888 5759 quomodo
923 5698 1095 5764 potuit
1118 5707 1357 5768 tempore
1384 5700 1814 5771 Quadragesimm
1838 5720 2011 5776 popu-

438 5775 556 5835 lum
606 5780 991 5839 Antiochenum
1029 5790 1206 5843 multis
1235 5788 1421 5846 diebus
1458 5791 1855 5850 circumducere
1877 5775 2008 5869 ,qui

1477 421 1531 476 S.
1576 416 1851 475 JOANNIS
1890 415 2363 473 CHRYSOSTOMI
2404 415 2584 484 VITA,

3580 409 3685 463 194

2108 543 2202 598 per
2258 535 2425 581 totum
2478 523 2906 593 Quadragesima:
2959 529 3168 590 tempus
3222 516 3684 586 Constantinopoli

2104 625 2345 673 versatus
2386 615 2490 670 sit?
2539 615 2703 668 Miror
2746 612 2860 668 haec
2898 624 3004 665 non
3044 607 3486 663 animadvertisse
3514 606 3679 661 Tilleo

2103 708 2383 775 montium,
2425 720 2602 776 neque
2652 705 2754 758 alia
2800 702 2966 757 multa
3000 702 3201 757 absona
3231 715 3349 771 quae
3377 715 3445 755 ex
3483 698 3684 769 duplici

2105 798 2193 852 illa
2232 797 2485 853 festorum
2512 797 2674 863 serie,
2705 794 2900 866 duplici
2932 794 3058 850 item
3086 792 3411 848 rusticorum
3449 790 3684 846 adventu

2104 889 2463 959 sequebantur
2507 888 2833 958 percepisse.
2880 885 3065 957 Neque
3092 883 3325 939 difﬁteor
3363 882 3562 953 aliquid
3590 897 3682 937 su-

2103 992 2324 1055 peresse
2352 978 2711 1043 difﬁcultatis;
2736 976 2829 1032 sed
2854 976 2975 1043 quia
3016 976 3081 1030 iis
3103 974 3352 1030 omnibus
3381 987 3500 1043 quae
3523 971 3684 1042 objici

2104 1076 2371 1137 potnant,
2420 1068 2472 1122 in
2530 1067 2636 1122 ﬁne
2689 1065 3019 1122 Przefationis
3062 1065 3128 1120 ad
3178 1072 3424 1135 quartum
3455 1062 3682 1118 Tomum

2105 1157 2315 1214 abunde
2355 1158 2727 1223 satisfecimus,
2755 1171 2821 1212 eo
2871 1156 3127 1213 lectorem
3168 1154 3449 1222 mittimus,
3478 1162 3538 1209 ut
3564 1167 3684 1210 sus-

2111 1255 2317 1316 ceptam
2336 1247 2611 1303 historiam
2642 1261 3045 1317 persequamur.

2180 1337 2307 1392 Post
2330 1336 2533 1391 Pascha
2556 1336 2715 1407 igitur
2742 1336 2966 1406 gentiles
2993 1334 3133 1402 illos,
3161 1333 3250 1405 qui
3275 1332 3403 1388 dum
3430 1331 3682 1387 Theodo-

2106 1426 2219 1482 sius
2244 1426 2298 1482 in
2321 1427 2704 1493 Antiochenos,
2734 1426 2824 1496 qui
2850 1433 3051 1481 statuas
3076 1438 3202 1479 suas
3219 1423 3547 1494 dejecerant,
3570 1437 3679 1478 sa:-

2107 1518 2279 1585 viret,
2325 1518 2599 1588 majorque
2642 1516 2919 1573 calamitas
2959 1524 3384 1587 exspectaretur,
3416 1514 3485 1569 ad
3528 1513 3686 1569 Chri-

2110 1608 2334 1663 stianam
2364 1608 2523 1663 ﬁdem
2545 1615 2902 1674 accesserant,
2929 1605 3340 1675 Chrysostomus
3368 1605 3424 1658 in
3442 1614 3686 1674 suscepta

2107 1712 2234 1753 vera
2248 1698 2505 1768 religione
2529 1700 2846 1754 confirmare
2869 1696 3070 1752 studuit
3091 1714 3107 1754 :
3125 1692 3318 1752 deinde
3335 1710 3463 1751 vero
3488 1695 3684 1749 solem-

2108 1790 2301 1844 nitates
2329 1798 2624 1861 martyrum
2651 1804 2750 1859 per
2772 1787 2968 1843 multos
2993 1787 3109 1842 dies
3132 1788 3185 1841 in
3214 1786 3375 1841 variis
3402 1784 3547 1839 urbis
3565 1799 3685 1853 par-

2113 1879 2251 1936 tibus
2275 1876 2556 1934 celebratae
2579 1888 2722 1945 sunt,
2749 1878 3003 1934 Flaviano
3028 1878 3283 1949 episcopo
3307 1875 3559 1947 populum
3576 1876 3683 1929 cir-

2108 1970 2478 2038 cumducente,
2507 1970 2638 2025 dum
2681 1969 2894 2025 interim
2922 1967 3337 2041 Chrysostomus
3374 1966 3561 2022 morbo
3589 1964 3685 2021 de-

2111 2069 2286 2117 tentus
2326 2060 2471 2116 domi
2514 2060 2850 2126 consisteret,
2892 2060 2986 2115 sed
3025 2069 3206 2114 mente
3245 2066 3304 2113 et
3343 2057 3524 2112 animo
3562 2071 3683 2111 cum

2112 2152 2264 2222 plebe
2290 2151 2358 2207 ad
2387 2150 2561 2207 ofﬁcia
2589 2150 2910 2222 martyribus
2934 2149 3202 2207 reddenda
3228 2157 3533 2205 occurreret
3554 2165 3570 2215 ;
3592 2146 3682 2203 de-

2110 2257 2359 2311 mumque
2404 2241 2816 2297 adventantibus
2853 2241 3065 2297 rusticis
3102 2256 3134 2297 e
3158 2241 3330 2296 vicina
3360 2241 3563 2298 circum
3593 2260 3685 2301 re-

2109 2334 2266 2405 gione
2306 2334 2577 2390 Dominica
2607 2343 2733 2389 ante
2762 2334 3166 2398 Ascensionem,
3195 2348 3315 2403 qua:
3343 2335 3685 2403 ἐπισωζομνικ

2114 2425 2439 2491 inscribitur,
2470 2426 2783 2481 concionem
2816 2424 3034 2492 habuit,
3064 2426 3150 2480 ubi
3175 2434 3454 2495 postquam
3498 2425 3569 2481 de
3593 2443 3682 2483 ru-

2109 2515 2259 2570 sticis
2279 2516 2370 2585 qui
2400 2524 2690 2586 prementes
2717 2524 2888 2580 erant,
2916 2530 3021 2569 non
3053 2529 3215 2585 pauca
3243 2514 3468 2583 dixerat,
3495 2525 3684 2573 contra

2103 2606 2403 2676 juramenta
2445 2621 2542 2677 pro
2567 2621 2716 2662 more
2745 2621 2843 2660 suo
2872 2607 3126 2676 loquutus
3156 2614 3259 2661 est.
3288 2607 3435 2662 Inter
3458 2609 3684 2665 rusticos

2108 2706 2286 2752 autem
2315 2697 2435 2752 illos
2463 2698 2758 2769 presbyteri
2788 2697 3002 2768 quidam
3025 2706 3197 2764 erant,
3229 2698 3319 2767 qui
3347 2706 3545 2754 terram
3563 2715 3680 2755 ara-

2106 2787 2234 2842 bant
2254 2795 2308 2842 et
2331 2796 2522 2842 caetera
2548 2789 2763 2844 rustica:
2790 2790 2912 2844 vitte
2938 2790 3117 2843 munia
3145 2789 3489 2859 praestabant,
3520 2801 3684 2862 atque

2107 2878 2471 2948 apostolorum
2497 2894 2646 2935 more
2674 2879 2870 2935 victum
2893 2880 2994 2935 sibi
3020 2880 3678 2952 parabatttquuotidiauo

2107 2969 2312 3026 labore.

2181 3062 2422 3118 Homilies
2445 3062 2507 3118 de
2525 3063 2692 3117 Anna.
2709 3063 2968 3119 --Paucis
2984 3063 3171 3119 diebus
3191 3071 3310 3134 post
3341 3063 3479 3119 hanc
3504 3063 3678 3120 boari-

2109 3152 2231 3207 liam
2257 3154 2473 3223 elapsis,
2501 3154 2568 3208 de
2594 3155 2745 3209 Anna
2768 3164 2937 3211 matre
2960 3154 3224 3210 Samuelis
3250 3154 3553 3210 concionari
3575 3170 3683 3211 cce-

2108 3243 2184 3314 pit
2211 3243 2297 3313 (T.
2316 3244 2369 3299 4.
2410 3261 2457 3297 c.
2481 3241 2636 3314 651).
2668 3243 2901 3299 Primam
2927 3260 3057 3300 vero
3084 3244 3354 3300 homiliam
3382 3246 3586 3301 orditur
3602 3246 3683 3301 di-

2107 3347 2255 3398 cens,
2288 3334 2597 3388 memoriam
2628 3333 3059 3405 Quadragesimte
3088 3349 3208 3390 eum
3235 3334 3427 3391 affectu
3444 3344 3498 3392 et
3519 3335 3679 3393 futuri

2103 3424 2291 3494 jejunii
2311 3424 2580 3481 desiderio
2605 3440 2819 3494 semper
2832 3440 2953 3482 esse
2980 3426 3316 3483 servandam.
3340 3425 3475 3482 Hinc
3490 3438 3686 3497 quanta

2100 3512 2248 3571 bona
2274 3531 2340 3571 ex
2361 3515 2570 3586 jejunio
2592 3516 2835 3573 oriantur
2851 3528 3085 3575 enarrat.
3115 3517 3190 3572 lta
3218 3533 3379 3587 porro
3395 3517 3462 3574 de
3474 3519 3686 3588 jejunio

2108 3606 2535 3677 Quadragesimae
2566 3607 2818 3678 loquitur,
2850 3618 2910 3663 ut
2935 3608 3183 3665 crederes
3223 3610 3402 3664 statim
3437 3609 3567 3665 illud
3593 3610 3675 3665 vel

2110 3696 2362 3759 hesterno
2407 3697 2494 3751 vel
2522 3698 2777 3766 proximis
2811 3697 3000 3754 diebus
3040 3697 3281 3753 desiisse.
3318 3696 3421 3755 Sed
3475 3706 3682 3769 postca,

2108 3803 2230 3844 cum
2276 3789 2511 3858 loquitur
2534 3790 2602 3845 de
2641 3790 2706 3852 iis
2734 3806 2854 3860 quae
2897 3798 3017 3860 post
3063 3789 3532 3861 Quadragesimam
3563 3806 3686 3847 eve-

2110 3888 2321 3945 nerant,
2367 3879 2521 3935 facile
2561 3880 2859 3937 advertitur
2896 3896 3002 3935 non
3030 3895 3218 3952 parum
3247 3881 3402 3952 spatii
3430 3881 3688 3936 interces-

2109 3971 2336 4037 sisse,et
2365 3970 2590 4040 plurima
2616 3980 2830 4042 peracta
2855 3970 3022 4027 fuisse
3052 3989 3065 4028 :
3097 3986 3292 4042 nempe
3318 3971 3691 4041 disputationes

2108 4075 2206 4116 seu
2235 4060 2497 4130 colloquia
2526 4076 2647 4117 cum
2670 4063 2977 4132 gentilibus,
3001 4077 3123 4133 quas
3148 4062 3559 4135 Chrysostomus
3583 4063 3685 4117 ba-

2108 4153 2223 4209 buit
2243 4192 2261 4220 ,
2283 4162 2341 4208 ut
2370 4154 2489 4208 illos
2513 4155 2829 4210 calamitatis
2859 4164 3099 4227 tempore
3116 4154 3183 4211 ad
3204 4152 3561 4209 Christianam
3587 4169 3681 4210 re-

2109 4244 2356 4315 ligionem
2378 4258 2686 4311 conversos,
2718 4245 2772 4300 in
2800 4244 2909 4301 ﬁde
2936 4245 3279 4301 conﬁrmaret
3302 4244 3527 4300 :deinde
3549 4243 3687 4301 festa

2110 4343 2404 4407 martyrum
2425 4351 2542 4405 quae
2573 4336 2753 4391 multis
2772 4335 2960 4391 diebus
2983 4336 3037 4390 in
3063 4335 3395 4391 Antiochena
3424 4335 3558 4392 urbe
3586 4349 3681 4390 ce-

2109 4427 2311 4487 lebrata
2355 4427 2567 4484 fuerunt
2596 4445 2609 4481 :
2650 4427 2971 4499 demumque
2998 4429 3320 4483 rusticorum
3347 4429 3605 4484 adventus
3633 4437 3688 4485 et

2109 4520 2406 4577 cohortatio
2426 4520 2530 4576 illis
2558 4521 2693 4576 laeta
2722 4521 2775 4576 in
2800 4521 3075 4577 Dominica
3099 4536 3183 4583 τῆς
3208 4527 3570 4589 ἐπισωςομένης.

2184 4612 2386 4669 Deinde
2427 4628 2609 4685 neque.
2631 4620 2736 4667 tam
2765 4611 2915 4668 brevi
2941 4612 3262 4681 compendio
3285 4613 3448 4667 refert
3473 4610 3691 4667 concio-

2111 4721 2233 4761 nem
2251 4706 2414 4771 illam,
2432 4721 2592 4776 quam
2608 4720 2726 4777 cum
2744 4707 2945 4763 Graecis
2956 4720 3050 4761 seu
3066 4706 3313 4776 gentibus
3329 4707 3429 4762 illis
3444 4704 3510 4761 ad
3531 4704 3693 4761 ﬁdem

2109 4797 2383 4853 conversis
2409 4796 2683 4853 habuerat.
2715 4796 2773 4852 In
2813 4811 2875 4853 ea
2897 4796 3168 4852 concionis
3196 4795 3390 4852 habita:
3412 4797 3553 4851 serie
3575 4796 3690 4851 lues

2112 4885 2318 4951 effatur,
2347 4901 2487 4957 qum,
2514 4886 2560 4941 si
2588 4901 2693 4941 non
2723 4900 2955 4957 semper,
2985 4886 3300 4958 plerumque
3333 4886 3519 4940 saltem
3562 4900 3691 4941 vera

2115 4993 2235 5035 esse
2263 4980 2622 5049 comperimus
2646 5018 2661 5046 ,
2693 4979 2837 5051 quod
2868 4994 3061 5049 nempe
3096 4979 3248 5035 liberi
3278 4978 3484 5034 arbitrii
3523 4977 3692 5049 major

2113 5072 2195 5127 vis
2216 5070 2307 5136 sit,
2334 5085 2497 5142 quam
2519 5078 2745 5125 naturas.
2772 5069 2999 5127 Demum
3026 5070 3100 5125 ait
3128 5069 3437 5125 mulieribus
3461 5068 3692 5123 maxime

2114 5170 2419 5231 competere
2427 5159 2795 5217 educationem
2808 5159 3094 5216 liberorum
3103 5201 3117 5227 ,
3132 5158 3291 5230 idque
3304 5159 3492 5230 probat
3502 5172 3689 5213 exem‘

2096 5251 2205 5322 'plo
2228 5252 2397 5307 Annae
2421 5250 2608 5305 matris
2627 5250 2911 5317 Samuelis,
2940 5250 3123 5333 sicque
3146 5248 3358 5305 demum
3385 5248 3452 5302 ad
3471 5261 3689 5319 scopum

2117 5345 2265 5400 venit
2287 5352 2344 5399 et
2369 5342 2436 5398 ad
2455 5343 2727 5399 concionis
2745 5350 3138 5413 argumentum.
3167 5341 3336 5396 Anna:
3363 5339 3614 5395 virtutem
3639 5346 3692 5394 et

2119 5436 2303 5493 laudes
2321 5435 2594 5506 praedicat,
2615 5437 2808 5492 seriem
2835 5450 2898 5490 ex
2926 5449 3075 5490 sacra
3102 5433 3375 5504 Scriptura
3402 5441 3687 5487 mutuatus.

2119 5525 2268 5582 Hanc
2289 5542 2450 5597 porro
2478 5525 2789 5582 concionem
2822 5523 3007 5581 habuit
3040 5523 3120 5578 vel
3152 5530 3274 5579 ante
3313 5523 3690 5578 Ascensionem

2119 5615 2276 5686 hujus
2306 5617 2428 5671 anni
2456 5626 2575 5685 post
2607 5615 2937 5671 Dominicam
2967 5614 3227 5687 quintam,
3257 5614 3338 5668 vel
3361 5611 3692 5684 aliquotdie-

2120 5707 2218 5762 bus
2243 5715 2369 5763 ante
2396 5707 2770 5769 Pentecosten.

2196 5798 2500 5855 Secundum
2539 5814 2841 5864 sermonem
2877 5799 2930 5859 in
2978 5797 3190 5861 Annam
3228 5797 3414 5872 paucis
3442 5787 3565 5873 post
3588 5795 3695 5869 pri-
