3948 6416
275 360 376 418 ηδ

272 490 415 530 mum
446 473 641 531 diebus
668 472 1054 545 pronuntiavit,
1085 470 1387 542 etquidem,
1415 478 1472 525 ut
1505 467 1725 525 credere
1750 474 1850 532 est,

272 575 396 620 ante
423 565 806 620 Pentecosteu.
829 563 1009 620 Primo
1033 569 1211 616 autem
1242 559 1431 630 probat.
1454 560 1663 615 Annam
1690 567 1746 614 et
1766 572 1858 627 pa-

272 667 410 713 trem
443 657 609 713 simul
652 666 708 712 et
747 666 971 711 matrem
999 654 1262 712 Samuelis
1292 652 1397 709 dici
1429 667 1604 723 posse,
1637 650 1857 720 ejusque

272 748 540 817 duplicem
568 747 821 801 virtutem
852 745 1105 810 celebrat,
1137 757 1328 813 nempe
1366 743 1419 796 in
1445 740 1692 811 precibus
1719 739 1856 794 assi-

271 840 556 906 duitatem,
586 848 642 894 et
665 838 828 894 animi
853 838 1199 909 vigilantiam,
1222 836 1414 907 quibus
1434 833 1627 890 deinde
1649 833 1855 888 tertiam

271 930 442 998 addit,
471 944 665 1001 nempe
690 928 1055 985 conviciorum
1084 926 1422 983 tolerantiam
1458 933 1513 982 et
1548 931 1856 979 mansuetu-

270 1024 451 1078 dinem
473 1062 489 1089 ,
517 1020 848 1091 carptimque
883 1019 1014 1076 dicit
1052 1018 1378 1091 precandum
1421 1031 1543 1073 esse
1571 1023 1855 1087 antequam

268 1115 337 1170 ad
363 1127 606 1169 mensam
635 1112 938 1168 accedatur.

341 1205 581 1261 Tertium
602 1245 615 1270 ,
643 1218 802 1274 quem
830 1211 953 1258 ante
993 1201 1341 1259 Pentecosteu
1366 1200 1530 1268 dixit,
1567 1199 1774 1257 orditur
1824 1215 1852 1258 a

270 1296 526 1369 lacrymis
548 1297 747 1362 Annae;
779 1296 958 1366 aitque
982 1295 1337 1366 lacrymarum
1375 1295 1599 1350 imbrem
1634 1295 1854 1364 irrigare

269 1389 508 1459 plantam
528 1388 869 1457 precationis;
888 1388 960 1441 ita
988 1396 1044 1441 ut
1060 1386 1262 1441 fructus
1278 1394 1333 1441 et
1353 1386 1580 1442 celerior
1603 1393 1659 1440 et
1684 1385 1855 1453 major

270 1479 571 1550 proveniat.
598 1480 806 1532 Annam
832 1477 885 1532 in
920 1479 1223 1548 exemplum
1250 1477 1534 1547 proponit,
1563 1491 1668 1547 quo
1697 1485 1853 1546 pacto

267 1572 423 1626 liberi
454 1571 561 1626 sint
602 1569 884 1626 educandi.
917 1570 1047 1625 Cum
1085 1579 1263 1626 autem
1306 1571 1394 1625 illa
1418 1570 1719 1626 Samuelem
1744 1585 1852 1624 arae

266 1676 437 1717 sacrae
465 1661 628 1716 cultui
670 1661 962 1727 addixerit,
993 1660 1107 1732 ejus
1150 1660 1472 1715 sacrificium
1516 1659 1850 1714 sacerdotum

266 1754 465 1808 oblatis
489 1753 676 1808 hostiis
699 1760 1058 1823 comparatur.
1092 1753 1313 1808 Demum
1339 1751 1616 1822 disciplina
1647 1751 1848 1806 cmlesti

271 1843 591 1899 imbuendus
610 1844 844 1927 juvenes.
862 1857 983 1899 esse
1010 1843 1159 1899 dicit.

335 1936 573 2003 Quartus
592 1977 607 2003 ,
637 1951 796 2006 quem
826 1936 891 1991 de
918 1935 1069 1991 Anna
1095 1935 1311 2000 habuit,
1342 1949 1520 1990 sermo
1548 1933 1848 2001 intercidit,

264 2037 323 2083 ut
348 2028 617 2097 colligitur
645 2043 712 2082 ex
750 2028 814 2082 iis
855 2043 972 2096 qua:
1012 2029 1065 2082 in
1096 2028 1282 2097 quinto
1311 2041 1593 2095 sermone,
1624 2026 1715 2096 qui
1739 2025 1851 2096 jam

265 2126 486 2187 quartus
525 2117 617 2173 illo
669 2120 866 2173 amisso
904 2118 1245 2184 inscribitur,
1286 2116 1538 2172 dicuntur
1577 2131 1724 2171 num.
1771 2117 1849 2172 δε

265 2224 461 2280 nempe
504 2210 556 2263 in
607 2209 925 2279 prmcedenti
950 2223 1198 2264 sermone
1240 2209 1505 2279 explicata
1535 2209 1702 2264 fuisse
1733 2207 1850 2263 hare

264 2295 426 2349 verba
461 2295 650 2349 cantici
695 2297 860 2349 Anum
909 2311 922 2348 :
965 2293 1328 2363 Con/innatum
1355 2305 1427 2348 est
1465 2310 1553 2347 cor
1591 2309 1757 2347 meum
1795 2294 1850 2346 in

271 2386 498 2441 Domino
517 2428 533 2453 ,
559 2395 665 2442 etc.
701 2404 716 2441 :
744 2401 969 2456 quorum
995 2386 1365 2457 interpretatio
1392 2401 1499 2440 non
1545 2384 1770 2441 habetur
1795 2384 1846 2438 in

264 2496 330 2534 eo
358 2479 449 2548 qui
482 2478 667 2533 tertius
690 2486 792 2533 est.

334 2570 565 2637 Quintus
584 2611 600 2637 ,
631 2569 723 2640 qui
750 2583 893 2623 nunc
921 2577 1141 2639 quartus
1170 2567 1224 2623 in
1254 2567 1406 2622 titulo
1435 2565 1602 2622 fertur
1620 2606 1635 2631 ,
1666 2564 1734 2619 ab
1752 2579 1847 2619 au-

263 2662 502 2718 ditorum
553 2662 820 2732 paucitate
848 2662 1067 2732 incipit,
1113 2670 1167 2716 et
1207 2662 1327 2731 quia
1371 2661 1498 2716 circi
1550 2659 1847 2729 spectacula

270 2754 486 2809 solitam
510 2752 861 2824 frequentiam
883 2752 1243 2819 abstulerant,
1272 2760 1457 2807 contra
1499 2752 1653 2806 ludos
1689 2765 1849 2821 eque-

264 2854 429 2912 stres,
452 2859 653 2914 eosque
675 2844 765 2916 qui
784 2844 878 2900 illo
904 2844 1222 2916 properandi
1247 2859 1409 2900 causa
1438 2844 1717 2899 ecclesiam
1756 2842 1850 2898 de-

262 2926 510 2994 sererent
531 2979 546 3003 ,
578 2937 744 2992 multa
784 2952 884 3008 pro
912 2953 1062 2992 more
1100 2952 1199 2992 suo
1229 2936 1518 3007 profundit.
1558 2937 1632 2991 De
1660 2949 1847 3005 preca-

263 3030 412 3085 tione
427 3028 643 3084 demum
667 3029 796 3100 agit,
823 3028 1002 3099 aitque
1031 3027 1328 3084 orationem
1349 3042 1471 3082 cum
1504 3026 1696 3081 aﬂ‘ectu
1722 3040 1848 3082 con-

260 3122 500 3191 junctam
562 3136 683 3177 esse
727 3121 964 3187 debere,
1013 3136 1336 3193 omnemque
1397 3121 1571 3175 locum
1620 3135 1740 3175 esse
1780 3118 1848 3173 ad

261 3214 525 3270 orandum
549 3224 928 3284 opportunum.
957 3214 1186 3287 Quartus
1229 3221 1284 3271 et
1311 3213 1527 3284 quintus
1557 3220 1683 3266 ante
1711 3210 1848 3267 Pen-

263 3315 504 3360 tecosteu
524 3304 656 3360 dicti
687 3303 856 3361 fuere.

331 3398 564 3463 Sextus,
595 3398 685 3468 qui
718 3414 858 3454 nunc
884 3397 1101 3470 quintus
1126 3396 1433 3455 inscribitur
1455 3438 1470 3463 ,
1508 3404 1627 3465 post
1654 3395 1846 3451 festum

264 3489 614 3545 Pentecostes
669 3488 883 3544 habitus
932 3488 1064 3556 l‘uit,
1118 3497 1177 3543 ut
1221 3497 1343 3558 post
1384 3487 1591 3542 initium
1632 3486 1845 3541 dicitur.

262 3579 531 3649 Principio
557 3579 813 3635 adversus
842 3594 936 3635 eos
977 3579 1241 3651 loquitur,
1267 3579 1354 3649 qui
1386 3580 1441 3633 in
1475 3577 1668 3633 diebus
1697 3575 1848 3632 festis

262 3677 317 3724 et
343 3670 770 3727 solemnitatibus
819 3679 1025 3729 tantum
1067 3671 1348 3726 ecclesiam
1392 3668 1842 3740 frequentabant:

262 3761 459 3818 deinde
487 3763 718 3834 explicat
742 3764 872 3834 quid
896 3765 967 3819 sit
995 3764 1110 3819 dies
1136 3763 1332 3831 festus,
1364 3778 1428 3819 ac
1465 3767 1532 3818 de
1568 3764 1726 3818 Anna
1751 3777 1849 3832 pro

262 3870 416 3911 more
441 3855 695 3927 loquitur.
728 3858 857 3913 Item
886 3859 995 3929 agit
1031 3855 1289 3914 adversus
1318 3873 1442 3924 eos,
1474 3857 1565 3928 qui
1605 3857 1851 3913 incusant

261 3951 499 4005 divinam
521 3952 910 4022 providentiam
937 3993 951 4018 ,
983 3966 1050 4008 eo
1077 3952 1219 4022 quod
1263 3952 1316 4007 in
1344 3954 1445 4006 hac
1482 3952 1588 4005 vita
1633 3948 1849 4021 quidam

260 4042 374 4097 sint
394 4042 614 4109 divites,
648 4044 862 4114 quidam
887 4046 1170 4115 pauperes.
1200 4045 1438 4114 Denique
1472 4044 1546 4098 ait
1570 4053 1849 4113 pauperta-

262 4144 373 4189 tem
402 4135 739 4189 utilissimam
761 4149 900 4203 esse,
922 4151 983 4191 ac
1005 4136 1123 4205 plus
1150 4135 1437 4204 voluptatis
1462 4142 1620 4204 atque
1646 4135 1842 4189 securi-

263 4224 391 4280 tatis
413 4225 629 4292 habere,
654 4240 812 4296 quam
838 4226 1035 4281 divitiae
1059 4225 1321 4291 habeant,
1353 4224 1705 4280 demonstrat.

338 4315 584 4372 Homiliar
601 4318 1098 4374 alim—Hominum
1123 4318 1387 4373 Debitoris
1409 4318 1597 4373 decem
1617 4318 1844 4372 millium

261 4410 588 4465 talentorum
618 4409 722 4465 hoc
745 4426 887 4466 anno
914 4426 973 4468 se
997 4410 1246 4467 habuisse
1275 4419 1661 4466 commemorat
1683 4410 1850 4481 Chry-

258 4509 534 4557 sostomus
569 4501 657 4569 (Τ.
688 4503 743 4557 5.
768 4499 966 4576 c.17),
996 4518 1116 4558 cum
1156 4504 1230 4557 ait
1253 4517 1401 4557 num.
1433 4503 1459 4557 ι
1497 4519 1511 4556 :
1542 4501 1655 4556 Nos
1683 4510 1852 4556 autem

258 4607 425 4646 unam
462 4592 703 4647 chordam
728 4594 1037 4664 pulsavimus
1059 4611 1149 4665 per
1174 4603 1330 4648 totam
1364 4593 1847 4664 Quadragerimam,

258 4684 392 4738 dum
414 4683 573 4754 legem
599 4685 736 4740 vobis
755 4686 819 4740 de
833 4688 1124 4757 iuramento
1149 4687 1498 4750 recitavimus;
1521 4696 1567 4740 et
1594 4685 1688 4739 Dei
1721 4702 1845 4756 gra-

259 4776 341 4829 tia
370 4774 600 4841 eiectum
647 4785 755 4843 est,
783 4787 841 4830 ut
867 4777 1108 4849 pleraque
1147 4794 1179 4831 a
1205 4779 1348 4832 nobis
1372 4795 1463 4832 ora
1502 4778 1560 4830 in
1592 4778 1688 4831 hac
1731 4778 1853 4849 legis

262 4864 492 4922 melodia
522 4867 597 4921 ita
623 4868 851 4921 instituta
889 4868 1022 4931 sint,
1067 4876 1123 4921 ut
1156 4867 1369 4938 depulsa
1399 4884 1554 4937 prava
1582 4877 1853 4921 consuetu-

266 4958 428 5022 dine,
454 4972 547 5026 pro
573 4974 632 5011 eo
657 4958 795 5029 quod
814 4966 930 5012 ante
947 4956 1113 5011 Deum
1144 4957 1394 5029 jurabant
1411 4997 1425 5024 ,
1454 4959 1567 5028 jam
1593 4957 1723 5012 nihil
1756 4957 1855 5012 nisi

262 5045 397 5113 Est,
418 5056 464 5100 et
486 5045 607 5101 Non
625 5057 699 5102 est
716 5090 731 5115 ,
758 5058 804 5102 et
830 5045 988 5103 Crede
1012 5048 1169 5114 mihi,
1196 5048 1250 5102 in
1270 5047 1446 5119 lingua
1474 5063 1566 5101 sua
1590 5047 1856 5116 circumfe-

261 5145 416 5203 rant,
444 5135 594 5207 idque
617 5139 671 5192 in
691 5139 829 5193 omni
862 5138 1142 5208 colloquio,
1184 5147 1289 5193 etc.
1320 5138 1506 5208 Itaque
1553 5147 1703 5193 certo
1731 5153 1855 5193 cer-

265 5232 379 5283 tius
404 5237 486 5283 est
510 5228 681 5299 ipsum
702 5230 840 5285 hanc
867 5231 1179 5286 concionem
1214 5229 1466 5284 habuisse
1492 5227 1681 5284 eodem
1715 5243 1857 5284 anno

264 5332 384 5390 quo
412 5317 669 5376 Homilias
696 5321 748 5374 in
787 5320 1003 5376 Statuas
1029 5319 1317 5386 habuerat;
1350 5334 1525 5389 neque
1563 5320 1740 5374 minus
1763 5335 1832 5375 ex

268 5412 540 5479 ploratum
559 5419 644 5467 est
670 5413 842 5483 ipsum
869 5413 1007 5467 hanc
1029 5413 1252 5482 primam
1276 5411 1526 5468 habuisse
1545 5411 1858 5467 concionem

269 5510 554 5570 postquam
583 5518 649 5558 ex
677 5503 868 5557 morbo
913 5504 1294 5568 convaluerat,
1327 5511 1385 5557 ut
1419 5517 1486 5557 ex
1514 5501 1702 5572 primis
1730 5517 1858 5556 con-

266 5592 444 5647 cionis
466 5591 645 5648 verbis
669 5593 928 5663 arguitur.
984 5593 1143 5660 Quasi
1162 5610 1225 5648 ea:
1253 5593 1528 5663 longinqua
1561 5592 1856 5662 peregrina-

268 5684 412 5736 tione
430 5726 445 5749 ,
473 5683 672 5754 inquit,
714 5684 781 5737 ad
809 5699 896 5738 vos
920 5698 1144 5739 reversus
1172 5700 1329 5739 essem
1349 5725 1364 5750 ,
1400 5685 1474 5738 ita
1505 5699 1586 5737 me
1606 5682 1756 5737 hodie
1779 5687 1859 5753 af-

273 5774 461 5835 fectum
483 5777 639 5830 sentio
667 5789 691 5841 ;
716 5791 830 5829 cum
867 5775 997 5830 enim
1026 5777 1219 5831 nullum
1252 5777 1528 5832 anticorum
1549 5777 1857 5832 consortium

1449 356 1629 414 NUNC
1669 352 1935 412 PRIMUM
1974 353 2365 413 ADORNATA.

3445 371 3549 429 {26

1968 481 2077 521 esse
2118 476 2310 537 potest,
2355 470 2503 526 nihil.
2539 476 2788 530 commodi
2846 476 2999 545 affert
3050 495 3221 536 eorum
3258 487 3546 553 prasentia.

1971 557 2306 624 Quamobrem
2335 578 2428 616 nos
2446 565 2534 635 qui
2558 566 2698 621 domi
2720 571 3074 640 versabantur,
3103 590 3314 646 peregre
3347 590 3549 634 versan-

1966 651 2097 705 tibus
2117 652 2247 707 nihil
2274 654 2371 708 hac
2394 656 2450 710 in
2478 667 2621 729 parte
2653 661 2901 730 feliciores
2939 666 3129 737 fuimus
3158 684 3178 722 :
3202 670 3442 725 nimirum
3464 689 3547 743 qut

1963 745 2226 813 superiore
2249 755 2474 818 tempore
2496 751 2642 805 nulla
2672 751 2926 809 vobiscum
2961 758 3213 829 colloquia
3238 761 3420 817 habere
3451 780 3539 835 po-

1965 836 2153 890 tuimus
2178 851 2197 891 :
2222 839 2312 891 sed
2336 840 2509 895 danda
2534 852 2608 896 est
2641 845 2786 899 venia
2804 886 2822 911 ,
2870 861 2986 901 cum
3010 848 3141 903 illud
3184 867 3288 906 non
3314 852 3509 907 inertia:
3531 896 3547 922 ,

1964 927 2052 981 sed
2066 928 2377 998 inﬁrmitatis
2395 933 2651 990 silentium
2671 937 2841 1007 fuerit.
2866 938 3082 995 Certum
3104 939 3279 1013 itaque
3304 952 3387 999 est
3413 944 3549 1000 hanc

1963 1017 2191 1088 primam
2217 1020 2488 1078 homiliam
2518 1023 2766 1084 habuisse
2789 1026 3235 1100 Chrysostomum
3263 1042 3544 1105 postquam

1962 1106 2031 1160 ab
2079 1109 2397 1178 .rgritudine
2445 1116 2812 1172 convaluerat.
2861 1118 2978 1175 Jam
3023 1122 3276 1191 quaeritur
3303 1139 3546 1193 quamam

1962 1198 2223 1268 aegritudo
2251 1220 2266 1256 :
2297 1219 2424 1260 num
2478 1206 2570 1262 illa
2621 1223 2724 1280 qua
2768 1210 3045 1269 laborabat
3086 1214 3214 1269 dum
3253 1225 3544 1288 martyrum

1961 1289 2330 1349 solemnitates
2355 1310 2453 1364 per
2478 1297 2663 1355 urbem
2694 1301 3117 1372 celebrarentur,
3164 1306 3231 1362 de
3260 1323 3363 1379 qua
3389 1322 3547 1379 supe~

1964 1381 2096 1435 rius.
2144 1383 2203 1440 Si
2231 1384 2301 1445 de
2337 1387 2428 1442 illa
2471 1388 2832 1462 intelligatur,
2864 1393 3004 1455 hanc
3040 1406 3188 1453 certe
3230 1399 3543 1456 concionem

1960 1470 2207 1531 habuerit
2230 1486 2516 1550 antequam
2549 1480 2838 1540 llomiliam
2870 1487 2923 1541 in
2953 1486 3232 1544 Dominica
3260 1505 3344 1552 τῆς
3366 1496 3543 1547 ἐπισω-

1957 1572 2151 1631 ζομενης
2165 1577 2217 1621 et
2230 1566 2488 1625 Homilias
2503 1571 2570 1627 de
2583 1574 2621 1627 A
2631 1590 2735 1633 nua
2753 1576 3289 1647 prmdicaretNerum
3302 1582 3435 1638 adeo
3448 1583 3546 1640 fre-

1956 1662 2181 1721 quenter
2197 1655 2608 1730 Chrysostomus
2630 1664 3026 1722 inﬁrmitatibus
3044 1670 3319 1740 corporeis
3339 1670 3545 1729 detine-

1958 1741 2130 1810 batur,
2159 1755 2336 1803 utnon
2363 1750 2632 1818 possimus
2652 1753 2704 1808 id
2728 1756 2878 1823 quasi
2899 1766 3103 1813 certum
3129 1768 3363 1821 statuere
3382 1779 3397 1817 :
3414 1777 3546 1833 qua-

1957 1848 2015 1889 re
2040 1835 2095 1889 iu
2123 1837 2327 1894 incerto
2354 1856 2440 1897 res
2463 1852 2678 1899 maneat
2700 1854 2929 1915 oportet.
2956 1848 3014 1903 ln
3044 1848 3144 1905 hac
3168 1866 3298 1907 vero
3320 1852 3538 1909 homilia

1956 1924 2009 1978 id
2035 1928 2299 1998 prmeipue
2326 1932 2552 1999 probare
2578 1935 2785 2003 nititur,
2814 1939 2958 1997 omni
2983 1950 3203 2009 peccato
3218 1941 3538 2003 deteriorem

1956 2030 2077 2072 esse
2101 2019 2416 2088 iujuriarum
2443 2026 2893 2083 recordationem.

2028 2109 2176 2165 lianc
2216 2115 2571 2185 continenter,
2612 2127 2674 2173 ut
2708 2120 2941 2190 videtur,
2987 2133 3224 2196 sequuta:
3262 2137 3387 2183 sunt
3433 2138 3546 2187 tres

1956 2202 2200 2259 llomiliae
2227 2204 2296 2261 de
2335 2207 2532 2265 Davide
2576 2218 2629 2265 et
2656 2210 2817 2268 Saﬁle
2857 2210 2946 2284 (Τ.
2987 2216 3041 2270 Δ.
3088 2232 3135 2272 c.
3166 2214 3271 2270 675
3294 2218 3336 2289 ).
3367 2219 3543 2291 Argu-

1955 2305 2194 2353 mentum
2218 2299 2362 2355 enim
2403 2302 2545 2372 quod
2588 2303 2642 2357 in
2689 2303 2914 2360 Homilia
2956 2306 3024 2362 de
3066 2307 3314 2366 Debitore
3355 2311 3541 2368 decem

1955 2389 2176 2443 millium
2202 2390 2524 2449 talentorum
2549 2404 2805 2464 coeperat,
2828 2411 3020 2466 nempe
3040 2398 3107 2452 de
3127 2399 3437 2469 iujuriarum
3460 2417 3544 2459 re~

1953 2480 2266 2537 cordatione
2307 2482 2645 2553 depellenda,
2680 2487 2733 2541 in
2764 2489 2912 2544 hisce
2957 2491 3125 2546 tribus
3166 2491 3397 2549 homiliis
3437 2511 3540 2551 una

1956 2571 2120 2639 serie,
2151 2574 2398 2642 exemplo
2420 2575 2638 2631 Davidis
2666 2592 2815 2644 usus,
2842 2586 3059 2635 strenue
3094 2584 3447 2653 persequitur,
3489 2595 3544 2642 et

1953 2661 2167 2731 quidem
2193 2664 2328 2719 adeo
2354 2668 2599 2735 pot/retice
2625 2678 2682 2725 ut
2724 2669 3027 2726 auditorum
3056 2673 3319 2746 lacrymas
3346 2692 3540 2739 excus-

1953 2752 2121 2819 serit,
2162 2759 2323 2825 atque
2367 2765 2427 2811 ut
2460 2758 2641 2814 videre
2679 2767 2761 2816 est
2787 2802 2803 2830 ,
2843 2762 3206 2819 Antiochenos
3236 2766 3302 2820 ad
3341 2782 3543 2841 praece-

1953 2851 2099 2912 ptum
2129 2844 2289 2913 illud,
2326 2846 2539 2919 Diligite
2562 2850 2792 2907 inimicos
2829 2863 3048 2918 vestros,
3092 2854 3416 2925 implendum
3445 2859 3542 2918 ad-

1952 2930 2200 3003 duxerit;
2232 2946 2287 2991 ut
2315 2938 2367 2991 in
2390 2938 2803 3011 Quadragesima
2835 2944 3104 3013 prteterita
3130 2945 3318 3000 eodem
3342 2961 3372 2999 a
3397 2947 3544 3016 jura-

1952 3029 2168 3098 mentis,
2196 3031 2389 3100 quibus
2416 3032 2701 3088 admodum
2733 3037 2929 3091 assueti
2953 3044 3127 3105 erant,
3159 3048 3434 3099 evocarat.

2026 3118 2084 3176 In
2112 3131 2347 3176 mentem
2369 3122 2497 3177 mihi
2525 3124 2702 3179 subito
2726 3127 2870 3180 venit
2894 3127 3185 3183 verisimile
3214 3129 3361 3183 nullo
3387 3131 3545 3186 modo

1953 3225 2072 3267 esse
2099 3228 2260 3282 posse
2295 3213 2735 3286 Chrysostomum
2769 3217 3053 3273 Bomiliam
3096 3219 3164 3275 de
3206 3221 3454 3276 Debitore
3492 3232 3544 3278 et

1951 3308 2061 3361 tres
2090 3313 2375 3374 sequentes
2413 3306 2660 3363 habuisse
2685 3317 2807 3379 post
2844 3309 3214 3378 aegritudinem
3257 3311 3402 3366 illam
3442 3328 3544 3383 qua

1956 3404 2075 3462 post
2100 3395 2304 3451 Pascha
2326 3398 2450 3452 anni
2479 3400 2582 3454 587
2607 3399 2857 3455 detentus
2884 3401 3002 3467 fuit,
3027 3401 3153 3456 dum
3183 3403 3313 3457 festa
3341 3415 3505 3476 mart)
3524 3436 3544 3447 -

1954 3500 2072 3539 rum
2099 3486 2283 3541 multis
2329 3488 2519 3543 diebus
2558 3503 2655 3559 per
2691 3490 2877 3545 urbem
2921 3489 3259 3547 Antiochiam
3300 3493 3543 3549 celebra-

1953 3585 2137 3632 rentur
2163 3594 2177 3631 :
2209 3578 2265 3633 l°
2293 3579 2417 3650 quia
2444 3588 2565 3649 post
2590 3581 2735 3637 illam
2765 3580 3008 3637 Paschali
3050 3592 3289 3652 tempore
3319 3580 3544 3640 inﬁrmi-

1955 3676 2118 3724 tatem
2170 3670 2339 3739 prima
2393 3670 2581 3726 concio
2624 3670 2726 3726 fuit
2779 3672 2887 3739 illa,
2947 3687 3106 3742 quam
3161 3674 3215 3728 in
3269 3673 3543 3731 Dominica

1952 3765 2297 3829 δπισωζομένης
2320 3761 2506 3817 videre
2551 3770 2653 3829 est,
2699 3771 2761 3818 ut
2805 3763 3002 3819 ibidem
3052 3764 3203 3819 initio
3252 3765 3464 3831 dicitur,
3490 3776 3546 3821 et

1953 3853 2141 3907 concio
2165 3852 2233 3909 de
2253 3853 2501 3910 Debitore
2528 3855 2699 3925 prima
2739 3870 2952 3926 quoque
2979 3864 3063 3910 est
3083 3896 3099 3924 ,
3127 3856 3221 3911 sed
3249 3866 3365 3927 post
3391 3859 3548 3927 aegri.

1956 3945 2192 3999 tudinem
2234 3943 2374 4000 haud
2404 3946 2564 4002 dubie
2604 3946 2786 4006 aliam.
2827 3947 2886 4002 2⁸
2928 3948 3060 4017 Quia
3096 3949 3144 4003 si
3200 3947 3434 4004 homilia:
3474 3948 3544 4006 de

1956 4036 2204 4092 Debitore
2233 4047 2287 4093 et
2326 4046 2435 4094 tres
2472 4047 2758 4108 sequentes
2804 4049 3044 4111 tempore
3081 4040 3324 4096 Paschali
3353 4040 3545 4096 habita:

1953 4129 2180 4187 fuissent
2201 4141 2326 4187 ante
2347 4132 2632 4187 Homiliam
2675 4150 2760 4195 τῆς
2798 4140 3141 4202 επισωζομὲνης
3181 4142 3236 4190 et
3274 4135 3342 4189 de
3368 4137 3541 4201 Anna,

1953 4222 2007 4275 in
2032 4222 2115 4276 his
2146 4222 2281 4277 haud
2313 4223 2471 4277 dubie
2496 4231 2806 4278 memoratae
2839 4223 3086 4290 fuissent,
3122 4233 3180 4278 ut
3202 4224 3321 4278 alia:
3348 4238 3377 4277 a
3406 4234 3542 4280 tem-

1954 4326 2084 4383 pore
2107 4312 2383 4369 Paschatis
2412 4313 2567 4368 dictas
2588 4322 2900 4368 memoratas
2924 4322 3068 4370 sunt.
3093 4315 3339 4385 Alioquin
3367 4325 3543 4371 autem

1955 4407 2243 4463 verisimile
2280 4421 2385 4461 non
2433 4415 2517 4462 est
2543 4405 2791 4461 homilias
2826 4407 2943 4461 illas
2990 4416 3220 4477 quatuor
3258 4408 3341 4463 vel
3379 4410 3548 4464 conti-

1955 4510 2147 4553 nenter
2173 4506 2299 4553 aute
2324 4497 2675 4553 Pentecosteu
2704 4500 2790 4553 vel
2809 4499 3034 4554 alternis
3059 4498 3266 4554 vicibus
3295 4514 3416 4554 cum
3446 4500 3547 4554 ho-

1955 4590 2116 4647 miliis
2143 4591 2212 4646 de
2238 4594 2392 4646 Anna
2419 4591 2629 4646 habitas
2655 4589 2838 4646 fuisse.
2866 4592 3204 4663 Quapropter
3232 4603 3359 4662 puto
3380 4592 3549 4663 Chry-

1956 4690 2274 4749 sostomum,
2315 4682 2406 4753 qui
2435 4682 2866 4753 frequentissime
2893 4682 3081 4738 morbo
3107 4683 3401 4747 laborabat,
3431 4695 3551 4754 post

1958 4775 2307 4830 Pentecosteu
2342 4774 2527 4845 ignoto
2554 4774 2709 4829 nobis
2751 4788 2939 4830 mense
2984 4775 3303 4845 aegritudine
3334 4782 3547 4843 captum

1958 4864 2146 4932 fuisse,
2179 4874 2233 4920 et
2257 4865 2346 4919 ubi
2388 4864 2676 4930 convaluit,
2712 4864 2937 4934 primam
2966 4865 3240 4919 homiliam
3270 4864 3418 4918 illam
3452 4863 3549 4917 ha-

1957 4955 2140 5011 buisse
2177 4954 2245 5010 de
2281 4953 2523 5010 debitore
2559 4953 2746 5009 decem
2784 4954 3010 5009 millium
3055 4955 3410 5019 talentorum,
3460 4951 3548 5007 ubi

1959 5054 2143 5100 contra
2172 5045 2486 5115 iujuriarum
2516 5043 2945 5100 recordationem
2968 5045 3316 5099 concionatus
3337 5051 3439 5099 est.

2033 5137 2090 5192 ln
2118 5136 2291 5207 prima
2336 5136 2404 5192 de
2454 5136 2656 5192 Davide
2701 5136 2924 5192 homilia
2967 5136 3036 5192 de
3084 5135 3367 5192 tolerantia
3418 5133 3546 5202 agit,

1960 5236 2015 5283 et
2050 5228 2190 5298 quod
2225 5236 2469 5298 oporteat
2513 5228 2743 5283 inimicis
2776 5240 3021 5299 parcere,
3062 5240 3166 5284 nec
3205 5226 3274 5283 de
3299 5223 3548 5295 quopiam

1961 5320 2101 5374 male
2128 5319 2292 5389 loqui.

2034 5412 2092 5466 lu
2119 5411 2351 5467 secunda
2393 5411 2583 5482 probat
2621 5427 2729 5468 non
2768 5412 2941 5468 modo'
2975 5410 3225 5467 virtutem
3273 5420 3551 5475 exercere,

1965 5503 2060 5558 sed
2089 5503 2251 5558 etiam
2284 5504 2480 5559 virtute
2505 5504 2756 5574 praeditos
2795 5500 3033 5565 laudare,
3064 5514 3172 5553 non
3198 5512 3389 5568 parum
3409 5497 3553 5552 utili-

1965 5595 2089 5651 tatis
2117 5594 2310 5650 afferre
2340 5613 2354 5652 :
2383 5595 2632 5666 quodque
2661 5592 2825 5650 David
2847 5578 3267 5662 magnificentius
3294 5598 3554 5659 tropaeum

1963 5684 2195 5740 erexerit
2214 5685 2480 5754 parcendo
2507 5685 2678 5750 Sai'tli,
2701 5698 2860 5753 quam
2883 5689 3149 5753 prostrato
3168 5680 3405 5750 Goliatb,
3435 5694 3552 5735 ma-

1964 5775 2151 5847 gis-que
2178 5775 2278 5830 sibi
2310 5774 2567 5846 profuerit
2592 5788 2748 5844 quam
2781 5772 2953 5829 Sauli.
