3948 6424
477 364 575 422 1⁸21

540 481 600 533 In
627 476 799 541 tertia,
829 473 916 528 uhi
953 469 1081 526 vidit
1118 466 1313 524 multos
1350 481 1415 521 ex
1446 465 1510 519 iis
1533 464 1742 529 adesse,
1768 464 1855 533 qui
1879 476 2046 530 nuper

469 579 527 627 ut
557 564 832 623 theatralia
870 560 1171 633 spectacula
1202 557 1418 613 adirent
1460 570 1703 609 conciom
1734 569 1839 606 non
1879 553 2044 606 inter-

467 660 694 720 fuerant,
717 654 848 709 dixit
873 669 938 708 ex
974 648 1273 721 hujusmodi
1313 645 1699 717 spectatoribus
1727 641 1922 697 multos
1947 639 2043 695 ad-

465 749 663 803 ulteros
686 744 820 811 ﬁeri,
847 743 1077 811 hincque
1102 738 1240 794 bella
1267 745 1323 791 et
1348 735 1716 791 contentiones
1741 731 1907 786 nasci.
1937 729 2046 784 Ad-

458 840 541 895 dit
564 853 690 894 vero
720 835 969 891 Davidem
1016 847 1137 888 eum
1183 829 1342 887 Ssﬁle
1383 842 1543 882 omne
1586 824 1851 896 patientiae
1876 836 2044 893 genus

461 941 744 997 superasse
768 944 780 980 :
813 925 1116 992 clauditque
1134 921 1314 975 dicetis
1336 919 1575 988 rapinam
1602 916 1861 986 patienter
1882 914 2038 979 ferre,

461 1032 567 1073 non
625 1017 886 1075 minorem
939 1015 1189 1072 virtutem
1241 1023 1382 1076 esse,
1441 1022 1598 1074 quam
1647 1005 2039 1074 elecmosynam

458 1125 703 1181 erogare.

529 1202 709 1258 Mense
733 1208 909 1255 autem
936 1195 1233 1268 Septembri
1263 1193 1388 1248 anni
1415 1192 1518 1249 387
1539 1191 1651 1262 jam
1684 1190 1871 1245 initam
1905 1202 2038 1242 con-

459 1302 539 1349 tra
559 1292 772 1348 Judznos
792 1290 1238 1353 concertationem
1267 1284 1354 1356 (Τ.
1382 1286 1433 1339 1.
1457 1303 1502 1341 c.
1529 1286 1625 1341 87l
1643 1281 1688 1353 ),
1717 1296 1875 1351 quam
1898 1295 2040 1334 anno

459 1384 704 1453 proximo
731 1381 836 1438 386
876 1395 1058 1436 mense
1081 1378 1293 1434 circiter
1317 1374 1619 1444 Septembri
1647 1380 1883 1442 ceperat
1900 1412 1917 1440 ,
1946 1386 2038 1426 ea-

457 1473 582 1528 dem
616 1480 931 1542 tempestate
956 1471 1262 1539 resumpsit.
1290 1467 1345 1523 ld
1375 1468 1463 1522 ille
1489 1466 1638 1520 initio
1667 1475 1886 1534 quartae,
1922 1478 2039 1533 qua:

457 1565 647 1625 harum
689 1564 1038 1633 posteriorum
1066 1562 1235 1631 prima
1273 1570 1388 1620 est,
1433 1560 1511 1615 sic
1536 1557 1811 1613 enuntiat:
1844 1555 2039 1609 Rursus

454 1653 535 1707 illi
557 1653 781 1724 infelices
808 1652 1190 1720 mortaliumque
1215 1650 1438 1703 omnium
1462 1646 1730 1700 miserrimi
1763 1644 1933 1699 Judaei
1952 1646 2040 1715 je-

452 1745 682 1819 junaluri
703 1752 862 1797 sunt:
888 1757 1062 1800 rursus
1088 1740 1275 1797 Christi
1303 1755 1501 1810 gregem
1532 1738 1817 1792 muniamus
1843 1752 2040 1790 necesse

452 1844 555 1900 est;
596 1834 821 1904 ideoque
847 1848 906 1888 se
931 1832 1115 1893 decem
1159 1830 1349 1887 diebus
1377 1838 1661 1900 antequam
1702 1828 1871 1884 Judaei
1897 1827 2037 1897 jeju-

455 1931 645 1983 uarent
668 1922 785 1985 haec
823 1922 1023 1989 monita
1051 1921 1264 1977 dedisse
1301 1922 1409 1987 ait,
1448 1921 1572 1990 quia
1609 1919 1761 1973 multi
1785 1933 1851 1973 ex
1879 1932 2039 1987 grege

452 2029 571 2077 suo.
603 2012 831 2085 quadam
860 2012 1241 2082 superstitione
1267 2011 1431 2076 moti,
1459 2025 1579 2065 cum
1608 2008 1806 2065 Judtcis
1826 2008 2036 2078 jejuna-

452 2107 601 2162 bant.
647 2106 843 2174 Aitque
881 2104 1051 2175 primo
1089 2101 1394 2159 Iudaeorum
1434 2099 1563 2154 illud
1601 2099 1857 2169 jejunium
1896 2098 2039 2168 quod

452 2208 639 2257 contra
665 2198 993 2253 voluntatem
1037 2195 1131 2251 Dei
1175 2194 1359 2260 fieret,
1390 2192 1609 2264 impium
1639 2200 1696 2246 et
1723 2191 2039 2246 sceleratum

451 2305 609 2344 esse:
639 2289 863 2361 ideoque
902 2289 1023 2343 illos
1063 2286 1131 2342 ab
1168 2285 1273 2342 hoc
1305 2284 1525 2341 Judaico
1551 2292 1799 2353 suscepto
1834 2282 2040 2353 jejunio

453 2384 676 2451 avertit,
717 2391 770 2441 et
815 2384 868 2436 in
910 2379 1180 2438 concionis
1211 2379 1315 2433 ﬁne
1341 2378 1477 2433 alios
1504 2377 1595 2448 qui
1630 2375 1698 2431 ab
1738 2373 2039 2445 hujusmodi

451 2474 673 2533 Iudaico
693 2472 900 2542 jejunio
942 2471 1269 2528 abstinerent
1310 2470 1441 2527 hort'
1469 2475 1572 2533 tur,
1614 2476 1673 2521 ut
1700 2466 1889 2521 fratres
1913 2480 2039 2520 suos

451 2572 682 2623 avocent
705 2564 773 2618 ab
793 2563 1095 2634 hujusmodi
1112 2562 1349 2633 jejuniis,
1371 2577 1492 2632 qua:
1513 2559 1856 2617 theatralibus
1877 2559 2037 2614 etiam

452 2656 766 2726 spectaculis
792 2655 946 2725 longe
971 2655 1151 2725 pejora
1180 2663 1382 2710 essent.

521 2744 769 2812 Quintam
789 2744 1063 2798 homiliam
1083 2743 1291 2799 orditur
1309 2743 1377 2798 ab
1397 2743 1698 2798 auditorum
1720 2740 2035 2812 frequentia,

452 2850 608 2906 quam
638 2836 797 2890 solito
823 2835 1079 2904 majorem
1106 2848 1225 2889 esse
1250 2833 1462 2904 gaudet,
1495 2841 1550 2888 et
1574 2833 1852 2902 pristinum
1880 2847 2038 2902 argu-

453 2936 691 2987 mentum
717 2924 994 2980 ardentius
1032 2924 1287 2993 suscipit,
1327 2940 1390 2979 ac
1421 2924 1641 2979 Judaica
1680 2926 1860 2979 omnia
1889 2940 2041 2994 pror-

453 3031 543 3071 sus
573 3016 823 3086 abrogata
854 3031 973 3072 esse
1003 3017 1327 3087 pronuntiat.
1360 3015 1639 3087 Templum
1670 3032 1797 3071 vero
1822 3017 2042 3073 ieroso-

454 3108 768 3178 lymitanum
799 3124 1086 3180 numquam
1111 3124 1232 3164 esse
1259 3109 1663 3165 restauraudum
1693 3109 1904 3178 probat,
1931 3125 2036 3163 non

452 3217 516 3259 ex
544 3200 741 3255 Christi
770 3201 960 3267 modo,
1003 3200 1098 3257 sed
1129 3217 1195 3257 ex
1241 3201 1617 3273 prophetarum
1660 3201 1821 3257 etiam
1851 3202 2039 3272 praedi-

452 3292 736 3349 ctionibus.
767 3292 935 3363 Leges
961 3294 1383 3349 Christianorum
1410 3294 1745 3349 solummodo
1775 3295 1826 3348 in
1852 3310 2040 3364 perpe-

453 3396 600 3441 tuum
625 3387 915 3443 servandas
941 3401 1059 3443 esse
1075 3428 1090 3452 ,
1118 3396 1342 3443 exteras
1371 3401 1558 3441 omnes
1583 3387 1930 3442 obsolevisse.
1963 3388 2038 3442 De

449 3477 752 3536 Iudaeorum
784 3487 965 3548 postea
997 3478 1229 3546 pernicie
1255 3477 1492 3548 pluribus
1516 3478 1643 3548 agit,
1678 3479 2038 3548 ultionemque

452 3568 545 3622 Dei
583 3568 649 3623 de
680 3568 782 3623 illis
823 3577 1087 3637 sumptam
1128 3567 1243 3622 fuse
1265 3569 1617 3639 persequitur.
1650 3569 1883 3624 Danielis
1910 3586 2038 3624 vero

453 3658 763 3728 prephetias
788 3660 1087 3713 minutatim
1110 3659 1360 3728 explicat,
1387 3659 1813 3729 peculiaremque
1842 3675 2039 3715 sermo-

454 3764 575 3803 nem
616 3749 683 3805 de
713 3748 1132 3805 hebdomadibus
1172 3750 1406 3805 Danielis
1441 3750 1687 3805 instituit.
1731 3750 2037 3807 Judaiorum

452 3847 513 3893 ut
544 3841 800 3915 templum
831 3838 1174 3895 restituerent
1211 3851 1432 3897 conatus
1473 3850 1853 3895 commemorat
1877 3882 1891 3905 ,
1938 3843 2038 3897 sub

453 3929 719 3988 Hadriano
752 3929 1075 3999 imperatore
1097 3971 1111 3997 ,
1161 3930 1260 3986 sub
1303 3931 1686 3993 Constantino.
1719 3932 2039 4002 domumque

450 4020 553 4075 sub
579 4020 788 4076 Juliano
833 4024 1117 4091 Apostata,
1168 4025 1267 4093 qui'
1304 4024 1433 4093 ipsis
1477 4023 1717 4088 favebat;
1764 4034 1818 4078 et
1862 4033 2035 4080 tamen

451 4112 631 4175 omnia
655 4111 757 4168 illis
780 4112 973 4175 frustra
1004 4130 1239 4175 cessere.
1269 4116 1493 4173 Demum
1525 4127 1803 4187 postquam
1831 4118 2038 4175 dixerat

449 4202 757 4259 Malachiam
796 4203 1108 4275 prophetam
1137 4206 1497 4264 Christianum
1535 4210 1735 4265 cultum
1762 4211 2038 4281 pnesigni-

451 4293 711 4362 ﬁcavisse,
743 4297 940 4353 claudit
981 4300 1333 4368 concionem,
1362 4303 1569 4357 caeteris
1609 4303 1841 4358 homiliis
1870 4303 2034 4374 duplo

450 4385 636 4440 saltem
667 4387 996 4457 longiorem;
1043 4392 1113 4445 ita
1143 4401 1200 4447 ut
1238 4393 1399 4447 etiam
1426 4408 1494 4447 ex
1525 4394 1711 4450 orandi
1741 4395 1932 4451 ardore
1956 4407 2036 4449 at-

451 4495 555 4548 que
584 4481 885 4548 prolixitate
909 4486 1220 4540 raucitatem
1251 4487 1609 4542 contraheret.

523 4570 703 4639 Neque
732 4580 908 4628 tamen
949 4573 1037 4627 ille
1074 4576 1152 4629 sic
1190 4574 1395 4629 destitit
1434 4592 1464 4630 a
1501 4577 1899 4644 coneionando,
1940 4582 2034 4637 sed

451 4656 708 4726 postridie
733 4675 922 4717 raucus
947 4663 1174 4717 oratoris
1210 4678 1402 4719 munus
1437 4667 1706 4735 suscepit,
1739 4677 1793 4722 et
1829 4680 2033 4725 sextam

451 4748 722 4803 homiliam
748 4748 884 4805 dixit
908 4763 1170 4820 pncsente
1213 4753 1467 4815 Flaviano
1493 4756 1742 4826 episeopo
1764 4767 1818 4812 et
1845 4774 2034 4830 magna

448 4841 628 4911 populi
659 4840 981 4913 frequentia.
1013 4847 1187 4914 Atque
1215 4847 1283 4901 de
1324 4848 1504 4917 templi
1531 4849 1892 4907 destructione
1935 4854 2034 4907 sub

451 4929 780 5002 Vespasiano
805 4933 1033 5002 primum
1063 4936 1316 5006 loquitur,
1349 4947 1403 4993 et
1424 4941 1650 4995 oratoris
1676 4945 1844 5012 magis
1873 4960 2030 5013 quam

447 5023 709 5076 annalium
748 5025 1008 5095 scriptoris
1037 5042 1229 5081 munus
1256 5044 1510 5085 exercens
1531 5070 1546 5096 ,
1575 5030 1704 5086 dicit
1725 5032 1835 5101 jam
1880 5035 2034 5102 quiu-

447 5116 802 5183 gentesimum
828 5133 1024 5173 almum
1062 5119 1145 5190 agi
1179 5135 1248 5175 ex
1272 5136 1379 5190 quo
1407 5123 1662 5193 templum
1686 5123 2034 5196 Jerosolymi-

448 5214 633 5261 tonum
661 5206 988 5263 destructum
1027 5207 1233 5275 fuerat;
1277 5212 1399 5267 licet
1438 5229 1544 5271 non
1590 5214 1710 5283 plus
1734 5231 1891 5287 quam
1923 5228 2031 5272 tre-

448 5300 589 5353 centi
616 5299 805 5355 decem
832 5311 886 5357 et
908 5311 1029 5357 octo
1048 5303 1175 5357 anni
1201 5304 1270 5359 ab
1295 5304 1501 5360 excidio
1527 5306 1620 5359 illo
1640 5307 1802 5376 elapsi
1828 5317 2029 5363 essent.

453 5386 644 5444 Verum
675 5391 814 5447 solet
842 5393 1258 5467 Chrysostomus
1303 5397 1355 5451 in
1400 5398 1751 5455 concionibus
1795 5401 1903 5457 suis
1936 5400 2031 5455 has

451 5482 745 5543 temporum
792 5484 1028 5540 rationes
1065 5495 1119 5539 et
1147 5487 1553 5556 supputationes
1590 5501 1775 5556 parum
1806 5504 2028 5555 curare,

453 5574 508 5649 ut
545 5567 668 5621 alibi
705 5572 1069 5631 observamus.
1119 5576 1253 5631 llinc
1287 5591 1417 5630 vero
1449 5592 1668 5648 sc0pum
1709 5594 2032 5649 persequens

455 5648 511 5709 5.
548 5653 749 5725 doctor,
789 5660 920 5714 dicit
956 5674 1011 5727 et
1058 5664 1247 5733 probat
1293 5680 1479 5720 necem
1524 5666 1722 5722 Christi
1768 5648 2029 5725 malorum

458 5751 664 5798 causam
692 5746 891 5802 luds-is
916 5749 1103 5821 fuisse,
1144 5755 1318 5827 aitque
1356 5756 1519 5815 Deum
1556 5756 1819 5829 indignius
1845 5761 2028 5819 tulisse

1532 351 1590 408 S.
1631 348 1912 408 JOANNIS
1946 346 2421 407 CIIRYSOSTOMI
2465 351 2642 418 VITA,

3632 364 3733 422 ηε

2157 462 2354 518 Christi
2385 480 2591 531 necem,
2621 480 2777 535 quam
2805 466 2954 522 vituli
2984 469 3369 527 adorationem.
3400 473 3482 529 Ex
3515 478 3735 546 prophe-

2155 553 2220 606 tis
2248 553 2426 608 denuo
2454 554 2642 625 probat
2677 553 2908 610 futuram
2941 557 3247 616 Iudaeorum
3280 565 3727 632 reprobationem.

2154 641 2354 697 Deinde
2389 654 2583 713 quanta
2612 646 2681 699 sit
2706 647 2987 701 sacerdotii
3023 648 3251 720 dignitas
3275 652 3646 721 demonstrat,
3678 666 3733 712 et

2151 748 2291 789 nunc
2318 735 2629 805 abrogatum
2655 752 2774 793 esse
2797 739 2936 808 apud
2959 739 3170 796 Judacos
3196 744 3554 799 sacerdotium
3586 748 3734 802 evin-

2147 825 2252 892 cit,
2279 825 2629 896 observatque
2655 826 2818 883 libros
2843 838 3059 885 sanctos
3087 847 3194 886 non
3238 842 3475 889 sanctam
3518 836 3730 892 efﬁcere

2146 928 2488 988 synagogam,
2515 918 2751 988 nihilque
2781 934 2885 974 non
2914 921 3023 990 agit
3052 931 3106 977 ut
3136 923 3405 981 auditores
3431 941 3561 982 suos
3587 942 3731 982 aver-

2147 1016 2224 1062 tat
2250 1023 2280 1060 a
2305 1023 2589 1078 synagogas
2617 1019 2672 1063 et
2697 1009 2842 1063 aditu
2866 1020 2919 1064 et
2948 1012 3260 1070 imitatione.

2217 1098 2449 1169 ldipsum
2475 1110 2843 1169 argumentum
2872 1103 3206 1173 persequitur
3231 1106 3282 1160 in
3323 1107 3552 1177 septima
3598 1124 3727 1164 con-

2144 1194 2298 1247 cione
2327 1193 2619 1262 probatque
2642 1192 2890 1249 Judaieos
2915 1193 3049 1250 ritus
3072 1196 3354 1267 abrogatos
3378 1215 3520 1267 esse,
3548 1216 3727 1257 sacer-

2143 1282 2296 1337 dotes
2323 1282 2461 1352 apud
2491 1282 2699 1338 ludzeos
2739 1297 2859 1339 csse
2902 1299 3007 1340 non
3048 1302 3239 1356 posse,
3280 1290 3605 1362 unicumque
3633 1308 3724 1347 sae

2145 1375 2403 1430 criﬁcium
2430 1390 2548 1431 esse
2577 1391 2673 1446 per
2700 1390 2893 1447 corpus
2919 1376 3152 1445 Christi;
3176 1395 3238 1434 ac
3263 1381 3430 1451 legem
3461 1384 3723 1440 sublatam

2145 1467 2336 1533 fuisse,
2367 1483 2474 1522 non
2500 1467 2569 1523 ob
2594 1476 2807 1538 peccata
2845 1468 3147 1524 Judzeorum
3168 1513 3183 1538 ,
3215 1472 3308 1526 sed
3341 1472 3482 1542 quod
3522 1475 3722 1544 imper-

2143 1558 2277 1612 lecta
2317 1566 2480 1613 esset.
2513 1559 2733 1613 Demum
2774 1559 2839 1614 ad
2888 1558 3325 1616 Melchisedecum
3358 1563 3539 1629 venit,
3570 1566 3722 1630 cujus

2143 1648 2428 1703 sacerdotii
2459 1649 2767 1719 dignitatem
2798 1649 3054 1715 celebrat,
3092 1660 3147 1705 et
3167 1667 3232 1705 ex
3254 1651 3508 1721 propheta
3536 1655 3722 1723 probat

2143 1738 2498 1793 sacerdotium
2523 1739 2652 1794 illud
2674 1747 2968 1795 extremum
3007 1755 3157 1806 esse,
3186 1757 3357 1811 exque
3390 1743 3537 1797 Pauli
3568 1744 3720 1799 dictis

2142 1828 2411 1883 Christum
2452 1844 2570 1885 esse
2611 1844 2794 1886 verum
2838 1830 2988 1885 illum
3038 1835 3371 1887 sacerdotem
3420 1850 3489 1889 ex
3535 1836 3719 1892 ordine

2142 1918 2533 1974 Melchisedeci.
2568 1919 2678 1975 llac
2709 1930 2839 1975 vero
2867 1921 2920 1975 in
2944 1937 3003 1976 re
3027 1921 3227 1977 diutius
3263 1922 3595 1992 immoratur,
3631 1926 3720 1982 de-

2142 2023 2395 2078 mumquc
2423 2008 2651 2077 claudit,
2681 2010 2951 2067 auditores
2988 2012 3274 2068 eohortans
3301 2022 3357 2067 ut
3378 2013 3572 2072 fratres
3596 2032 3718 2072 suos

2142 2115 2173 2155 a
2202 2099 2437 2155 Judaicis
2461 2100 2927 2158 observationibus
2950 2111 3227 2167 avertant,
3254 2112 3310 2160 et
3333 2104 3400 2159 ad
3427 2121 3608 2161 veram
3635 2124 3717 2161 re-

2142 2191 2339 2245 ducant
2361 2191 2523 2245 viam.
2555 2189 2773 2261 PrOpter
2795 2193 2890 2245 hoc
2911 2193 3063 2260 enim,
3094 2194 3279 2264 inquit,
3309 2212 3399 2251 nos
3424 2206 3619 2251 tantum
3640 2200 3716 2252 la-

2142 2280 2309 2334 borem
2337 2282 2655 2351 suscipimus,
2689 2298 2845 2353 neque
2868 2294 2923 2336 ut
2952 2284 3185 2353 plausum
3211 2287 3570 2359 strepitumque
3592 2292 3718 2360 refe-

2142 2389 2332 2438 ramus,
2362 2375 2452 2428 sed
2479 2384 2535 2427 ut
2558 2375 2757 2430 avulsas
2781 2375 2850 2428 ad
2889 2376 3017 2430 viam
3046 2377 3265 2432 ueritatis
3293 2379 3614 2435 reducamus.

2211 2464 2463 2520 Octavam
2517 2462 2701 2521 habuit
2761 2476 3038 2539 postquam
3099 2469 3356 2540 jejunium
3415 2473 3715 2530 Judaeorum

2142 2560 2446 2621 transierat,
2481 2557 2618 2627 quod
2645 2557 2905 2628 jejunium
2927 2558 3239 2616 ebrietatem
3263 2576 3382 2618 esse
3401 2563 3549 2619 dicit.
3579 2565 3709 2620 Rur-

2141 2661 2367 2718 sumque
2400 2648 2671 2704 auditorcs
2706 2648 2968 2716 hortatur,
3013 2659 3071 2704 ut
3100 2650 3321 2707 fratrum
3360 2656 3713 2711 emendationi

2140 2745 2195 2794 et
2219 2739 2377 2794 saluti
2396 2740 2675 2795 consulant
2708 2749 2761 2797 et
2784 2741 3072 2812 advigilent
3103 2758 3117 2796 :
3149 2757 3248 2798 nec
3276 2744 3435 2800 modo
3458 2754 3581 2802 ante
3604 2762 3713 2816 pec-

2142 2840 2337 2897 catum,
2369 2832 2463 2887 sed
2493 2834 2650 2889 etiam
2680 2846 2796 2907 post
2820 2850 3091 2907 peccatum
3113 2854 3299 2894 manus
3325 2840 3429 2895 illis
3455 2842 3714 2912 porrigen-

2143 2923 2237 2978 das
2276 2937 2395 2979 esse
2423 2925 2580 2993 dicit,
2625 2937 2681 2980 ut
2720 2928 2856 2983 Deus
2895 2928 3026 2983 fecit
3071 2930 3293 2984 Adamo.
3340 2931 3563 2987 Peccata
3591 2948 3711 2987 vero

2144 3015 2368 3071 fratrum
2413 3018 2764 3087 corrigenda,
2807 3037 2911 3075 non
2949 3021 3242 3091 evulganda
3275 3037 3415 3078 esse.
3454 3023 3712 3091 Quoniam

2142 3117 2318 3162 autem
2352 3107 2520 3163 Judzei
2550 3123 2608 3164 se
2632 3111 2870 3167 medicos
2902 3127 3021 3167 esse
3048 3111 3293 3167 dicebant
3313 3154 3326 3175 ,
3357 3122 3515 3188 atque
3540 3115 3713 3169 incan-

2144 3199 2425 3255 tationibus
2463 3215 2529 3255 ac
2579 3200 2912 3272 ligaminibus
2940 3202 3004 3285 ad
3052 3202 3315 3257 curandos
3353 3206 3569 3259 morbos
3606 3213 3713 3259 ute-

2141 3290 2353 3356 bantur,
2378 3300 2565 3347 contra
2592 3307 2684 3347 eos
2724 3293 2813 3363 qui
2844 3293 2907 3347 ad
2946 3294 3078 3348 tales
3112 3293 3349 3350 medicos
3373 3295 3714 3365 confugerent

2142 3383 2366 3454 insurgit
2389 3383 2833 3456 Chrysostomus,
2863 3387 3042 3458 aitque
3081 3387 3215 3441 mala
3246 3388 3419 3456 potius
3456 3390 3715 3458 patienter

2143 3476 2381 3542 ferenda,
2404 3493 2561 3547 quam
2594 3478 2727 3533 tales
2751 3478 3079 3534 adhibendas
3106 3479 3410 3535 curationes
3431 3522 3443 3545 ,
3475 3490 3634 3550 atque
3652 3482 3714 3535 ad

2143 3568 2308 3622 Deum
2335 3577 2389 3622 et
2417 3568 2482 3622 ad
2512 3578 2726 3624 sanctos
2753 3580 3015 3642 martyres
3042 3585 3161 3627 esse
3185 3570 3629 3641 confugiendum,
3656 3587 3714 3627 ac

2140 3660 2291 3729 signo
2312 3660 2484 3713 crucis
2505 3660 2757 3714 utendum

2212 3750 2340 3804 Alite
2373 3751 2656 3805 conciones.
2678 3781 2750 3791 —
2774 3751 2883 3807 lloe
2909 3761 3146 3822 tempore
3184 3753 3360 3808 habita
3394 3754 3491 3808 fuit
3528 3756 3712 3809 concio

2143 3839 2228 3894 illa
2271 3840 2321 3893 in
2367 3840 2632 3894 Psalmum
2674 3842 2735 3895 41
2770 3840 2868 3911 (Τ.
2901 3843 2954 3898 5.
2990 3860 3038 3897 c.
3070 3842 3231 3910 155),
3282 3845 3714 3911 Quemadmodum

2140 3931 2387 3986 desiderat
2402 3948 2594 4000 cervus,
2609 3942 2734 3999 ete.,
2755 3943 2810 3987 ut
2827 3933 2839 3987 i
2846 3949 2938 4004 pse
2953 3934 3359 4006 Chrysostomus
3375 3953 3472 3992 nec
3492 3936 3715 3992 obscure

2142 4022 2340 4077 indicat
2367 4022 2517 4076 initio
2541 4022 2625 4077 his
2645 4023 2822 4079 verbis
2847 4043 2860 4077 :
2904 4024 3002 4079 Vos
3023 4026 3242 4096 quidem,
3272 4027 3475 4097 inquit,
3508 4044 3601 4082 nos
3625 4044 3716 4081 nu-

2143 4130 2232 4183 per
2256 4113 2642 4168 admirabamini
2659 4158 2673 4180 ,
2705 4116 2905 4185 quando
2948 4116 3093 4169 verba
3120 4118 3328 4187 fecimus
3362 4118 3424 4170 de
3450 4116 3715 4172 Melchise-

2140 4204 2261 4258 deco
2281 4247 2296 4271 ,
2329 4216 2533 4274 propter
2561 4222 2731 4258 eorum
2759 4222 2870 4275 qua:
2892 4206 3027 4259 dicta
3058 4218 3173 4261 sunt
3199 4208 3558 4278 longitudinem
3580 4227 3599 4265 :
3627 4229 3717 4282 ego

2140 4306 2307 4350 autem
2349 4312 2434 4349 vos
2459 4296 2749 4350 admirabar
2787 4307 2991 4367 propter
3018 4309 3231 4352 vestram
3269 4300 3322 4353 in
3363 4301 3616 4354 audiendo
3643 4311 3716 4354 at-

2141 4389 2409 4443 tentionem
2435 4395 2483 4442 et
2507 4389 2823 4457 sapientiam,
2856 4399 2902 4442 et
2925 4390 3060 4457 quod
3078 4406 3191 4443 cum
3216 4390 3463 4460 prolixior
3490 4408 3543 4445 se
3570 4393 3713 4446 obtu-

2141 4480 2275 4533 lisset
2314 4478 2507 4545 oratio,
2552 4495 2643 4531 nos
2682 4481 2749 4530 ad
2778 4478 2930 4546 ﬁnem
2965 4495 3119 4549 usque
3157 4481 3446 4550 consequuti
3472 4482 3609 4535 estis.
3656 4483 3715 4537 Et

2140 4570 2453 4641 quihusdam
2487 4570 2812 4638 interpositis
2838 4588 2852 4624 :
2894 4570 3322 4635 Quemadmodum
3348 4588 3465 4643 ergo
3494 4584 3615 4626 tunc
3641 4573 3716 4627 di-

2140 4661 2330 4728 cebam,
2358 4661 2492 4730 quod
2515 4661 2635 4713 dum
2657 4660 2764 4730 lupi
2788 4677 2989 4730 gregem
3018 4661 3276 4728 inuadunt,
3300 4663 3475 4715 relicta
3508 4664 3678 4732 ﬁstula
3694 4704 3712 4729 ,

2139 4755 2352 4826 fundam
2394 4755 2446 4808 in
2487 4770 2693 4807 manum
2722 4761 2923 4806 sumunt
2966 4763 3237 4823 pastores:
3275 4755 3345 4807 ita
3385 4771 3554 4819 nunc,
3599 4756 3715 4808 dum

2142 4849 2267 4917 festa
2295 4845 2594 4899 Iudaeorum
2631 4845 3011 4914 prceterierunt,
3042 4845 3127 4916 qui
3162 4854 3277 4899 sunt
3312 4848 3548 4916 quibusve
3586 4848 3715 4916 lupis

2138 4937 2481 5001 immaniores,
2508 4936 2685 4990 relicta
2704 4952 2880 4989 rursus
2899 4935 3081 5005 funda,
3104 4936 3366 4990 redeamus
3386 4937 3454 4990 ad
3471 4938 3712 5006 ﬁstulam.

2140 5027 2272 5082 lline
2298 5026 2445 5081 vides
2472 5027 2609 5080 hanc
2631 5025 2682 5079 in
2718 5026 2760 5081 P
2792 5026 2986 5079 almum
3011 5026 3074 5080 41
3104 5026 3375 5081 homiliam
3406 5036 3531 5083 tunc
3570 5028 3717 5084 habi-

2139 5127 2245 5172 tam
2279 5117 2461 5181 iuisse,
2494 5132 2614 5171 cum
2643 5132 2813 5184 nuper
2843 5115 2907 5171 de
2950 5115 3334 5172 Melchisedeco
3374 5118 3534 5172 multa
3564 5118 3716 5173 dixis»

2137 5218 2253 5275 set,
2304 5216 2357 5264 et
2400 5206 2642 5262 homilias
2687 5216 2871 5263 contra
2920 5206 3132 5262 Judacos
3174 5206 3507 5263 absolvisset.
3555 5209 3714 5264 Multa

2138 5312 2313 5356 autem
2336 5300 2403 5357 de
2429 5300 2813 5355 Melchisedeco
2834 5300 2966 5353 dixit
2988 5300 3040 5353 in
3064 5299 3279 5353 homilia
3300 5310 3485 5355 contra
3506 5300 3718 5356 ludat-os

2139 5394 2401 5463 septima,
2433 5408 2552 5462 quae
2590 5400 2670 5447 est
2719 5391 3007 5460 penultima
3048 5391 3187 5444 illius
3212 5392 3529 5460 argumenti.
3565 5391 3713 5460 Quod

2137 5501 2267 5540 vero
2311 5483 2379 5539 de
2420 5491 2634 5553 pastore
2676 5482 2835 5545 dicit,
2867 5480 3185 5535 adveniente
3229 5481 3354 5550 lupo
3393 5480 3609 5536 fundam
3639 5499 3715 5537 su-

2139 5586 2344 5642 mente,
2388 5578 2439 5628 in
2472 5583 2657 5643 quarta
2699 5572 2945 5638 habetur,
2974 5572 3061 5626 ubi
3103 5572 3252 5625 initio
3289 5575 3506 5628 secundi
3534 5587 3714 5629 contra

2136 5668 2348 5725 JttdtBOS
2373 5668 2500 5724 belli
2537 5669 2614 5721 sic
2637 5668 2912 5721 classiemn
2939 5681 3133 5720 canere
3160 5665 3371 5721 videtur
3403 5663 3716 5738 Chrysosto-

2143 5777 2299 5823 mus:
2335 5760 2531 5824 Rursus
2556 5759 2780 5828 infelices
2821 5757 2898 5813 illi
2940 5756 3324 5827 mortaliumque
3364 5760 3588 5812 omnium
3619 5761 3709 5813 mi-
