  <div class='ocr_page' id='page_1' title='image "/cluster/home/n/w/nwhite01/storage/ocr_20150623/47:no.1:pt.1/coo.31924054869460/162.png"; bbox 0 0 3948 6438; ppageno 0'>
   <div class='ocr_carea' id='block_1_1' title="bbox 297 354 392 410">
    <p class='ocr_par' dir='ltr' id='par_1_1' title="bbox 297 354 392 410">
     <span class='ocr_line' id='line_1_1' title="bbox 297 354 392 410; baseline 0 0"><span class='ocrx_word' id='word_1_1' title='bbox 297 354 392 410; x_wconf 71' lang='lat' dir='ltr'><strong><em>H9</em></strong></span> 
     </span>
    </p>
   </div>
   <div class='ocr_carea' id='block_1_2' title="bbox 297 464 1889 538">
    <p class='ocr_par' dir='ltr' id='par_1_2' title="bbox 297 464 1889 538">
     <span class='ocr_line' id='line_1_2' title="bbox 297 464 1889 538; baseline -0.003 -18"><span class='ocrx_word' id='word_1_2' title='bbox 297 465 492 520; x_wconf 76' lang='lat' dir='ltr'><strong><em>seri-tuti</em></strong></span> <span class='ocrx_word' id='word_1_3' title='bbox 527 464 706 522; x_wconf 63' lang='lat' dir='ltr'><strong><em>Judaei</em></strong></span> <span class='ocrx_word' id='word_1_4' title='bbox 739 466 1026 538; x_wconf 80' lang='lat' dir='ltr'><strong><em>jeiunaturi</em></strong></span> <span class='ocrx_word' id='word_1_5' title='bbox 1069 475 1223 522; x_wconf 88' lang='lat' dir='ltr'><strong><em>sunt:</em></strong></span> <span class='ocrx_word' id='word_1_6' title='bbox 1251 482 1430 522; x_wconf 81' lang='lat' dir='ltr'><strong><em>rursus</em></strong></span> <span class='ocrx_word' id='word_1_7' title='bbox 1463 465 1652 532; x_wconf 77' lang='lat' dir='ltr'><strong><em>Christi</em></strong></span> <span class='ocrx_word' id='word_1_8' title='bbox 1691 479 1889 536; x_wconf 78' lang='lat' dir='ltr'><strong><em>gregem</em></strong></span> 
     </span>
    </p>
   </div>
   <div class='ocr_carea' id='block_1_3' title="bbox 299 557 1890 630">
    <p class='ocr_par' dir='ltr' id='par_1_3' title="bbox 299 557 1890 630">
     <span class='ocr_line' id='line_1_3' title="bbox 299 557 1890 630; baseline 0 -20"><span class='ocrx_word' id='word_1_9' title='bbox 299 557 589 612; x_wconf 72' lang='lat' dir='ltr'><strong><em>muniamus</em></strong></span> <span class='ocrx_word' id='word_1_10' title='bbox 636 574 838 613; x_wconf 77' lang='lat' dir='ltr'><strong><em>necesse</em></strong></span> <span class='ocrx_word' id='word_1_11' title='bbox 899 567 988 614; x_wconf 89' lang='lat' dir='ltr'><strong><em>est.</em></strong></span> <span class='ocrx_word' id='word_1_12' title='bbox 1052 557 1468 630; x_wconf 73' lang='lat' dir='ltr'><strong><em>Quandoquidem</em></strong></span> <span class='ocrx_word' id='word_1_13' title='bbox 1527 567 1574 612; x_wconf 91' lang='lat' dir='ltr'><strong><em>et</em></strong></span> <span class='ocrx_word' id='word_1_14' title='bbox 1631 566 1856 624; x_wconf 77' lang='lat' dir='ltr'><strong><em>pastores</em></strong></span> <span class='ocrx_word' id='word_1_15' title='bbox 1875 597 1890 623; x_wconf 93' lang='lat'><strong><em>,</em></strong></span> 
     </span>
    </p>
   </div>
   <div class='ocr_carea' id='block_1_4' title="bbox 300 649 1895 720">
    <p class='ocr_par' dir='ltr' id='par_1_4' title="bbox 300 649 1895 720">
     <span class='ocr_line' id='line_1_4' title="bbox 300 649 1895 720; baseline 0 -18"><span class='ocrx_word' id='word_1_16' title='bbox 300 650 542 720; x_wconf 81' lang='lat' dir='ltr'><strong><em>quamdiu</em></strong></span> <span class='ocrx_word' id='word_1_17' title='bbox 581 650 738 704; x_wconf 70' lang='lat' dir='ltr'><strong><em>noxia</em></strong></span> <span class='ocrx_word' id='word_1_18' title='bbox 773 650 927 704; x_wconf 88' lang='lat' dir='ltr'><strong><em>bestia</em></strong></span> <span class='ocrx_word' id='word_1_19' title='bbox 949 651 1158 704; x_wconf 85' lang='lat' dir='ltr'><strong><em>molesta</em></strong></span> <span class='ocrx_word' id='word_1_20' title='bbox 1188 667 1288 704; x_wconf 89' lang='lat' dir='ltr'><strong><em>non</em></strong></span> <span class='ocrx_word' id='word_1_21' title='bbox 1323 659 1430 716; x_wconf 88' lang='lat' dir='ltr'><strong><em>est,</em></strong></span> <span class='ocrx_word' id='word_1_22' title='bbox 1475 650 1568 704; x_wconf 90' lang='lat' dir='ltr'><strong><em>sub</em></strong></span> <span class='ocrx_word' id='word_1_23' title='bbox 1604 649 1771 704; x_wconf 86' lang='lat' dir='ltr'><strong><em>ilicem</em></strong></span> <span class='ocrx_word' id='word_1_24' title='bbox 1805 656 1895 702; x_wconf 87' lang='lat' dir='ltr'><strong><em>aut</em></strong></span> 
     </span>
    </p>
   </div>
   <div class='ocr_carea' id='block_1_5' title="bbox 303 737 1896 810">
    <p class='ocr_par' dir='ltr' id='par_1_5' title="bbox 303 737 1896 810">
     <span class='ocr_line' id='line_1_5' title="bbox 303 737 1896 810; baseline 0.003 -19"><span class='ocrx_word' id='word_1_25' title='bbox 303 737 552 810; x_wconf 81' lang='lat' dir='ltr'><strong><em>populum</em></strong></span> <span class='ocrx_word' id='word_1_26' title='bbox 593 741 844 810; x_wconf 78' lang='lat' dir='ltr'><strong><em>porrecti,</em></strong></span> <span class='ocrx_word' id='word_1_27' title='bbox 877 741 1050 809; x_wconf 82' lang='lat' dir='ltr'><strong><em>ﬁstula</em></strong></span> <span class='ocrx_word' id='word_1_28' title='bbox 1082 749 1303 808; x_wconf 87' lang='lat' dir='ltr'><strong><em>canunt,</em></strong></span> <span class='ocrx_word' id='word_1_29' title='bbox 1343 742 1562 796; x_wconf 82' lang='lat' dir='ltr'><strong><em>sinentes</em></strong></span> <span class='ocrx_word' id='word_1_30' title='bbox 1591 755 1702 795; x_wconf 77' lang='lat' dir='ltr'><strong><em>oves</em></strong></span> <span class='ocrx_word' id='word_1_31' title='bbox 1743 739 1896 796; x_wconf 77' lang='lat' dir='ltr'><strong><em>libere</em></strong></span> 
     </span>
    </p>
   </div>
   <div class='ocr_carea' id='block_1_6' title="bbox 303 831 1895 902">
    <p class='ocr_par' dir='ltr' id='par_1_6' title="bbox 303 831 1895 902">
     <span class='ocr_line' id='line_1_6' title="bbox 303 831 1895 902; baseline 0.001 -19"><span class='ocrx_word' id='word_1_32' title='bbox 303 847 395 901; x_wconf 81' lang='lat' dir='ltr'><strong><em>pro</em></strong></span> <span class='ocrx_word' id='word_1_33' title='bbox 428 847 521 885; x_wconf 84' lang='lat' dir='ltr'><strong><em>suo</em></strong></span> <span class='ocrx_word' id='word_1_34' title='bbox 545 832 794 886; x_wconf 86' lang='lat' dir='ltr'><strong><em>arbitratu</em></strong></span> <span class='ocrx_word' id='word_1_35' title='bbox 824 848 1028 902; x_wconf 84' lang='lat' dir='ltr'><strong><em>pascere</em></strong></span> <span class='ocrx_word' id='word_1_36' title='bbox 1050 848 1068 885; x_wconf 92' lang='lat'><strong><em>:</em></strong></span> <span class='ocrx_word' id='word_1_37' title='bbox 1094 849 1264 887; x_wconf 88' lang='lat' dir='ltr'><strong><em>verum</em></strong></span> <span class='ocrx_word' id='word_1_38' title='bbox 1289 832 1443 888; x_wconf 86' lang='lat' dir='ltr'><strong><em>simul</em></strong></span> <span class='ocrx_word' id='word_1_39' title='bbox 1480 841 1631 902; x_wconf 86' lang='lat' dir='ltr'><strong><em>atque</em></strong></span> <span class='ocrx_word' id='word_1_40' title='bbox 1651 831 1895 886; x_wconf 72' lang='lat' dir='ltr'><strong><em>senserint</em></strong></span> 
     </span>
    </p>
   </div>
   <div class='ocr_carea' id='block_1_7' title="bbox 302 919 1895 992">
    <p class='ocr_par' dir='ltr' id='par_1_7' title="bbox 302 919 1895 992">
     <span class='ocr_line' id='line_1_7' title="bbox 302 919 1895 992; baseline 0.001 -19"><span class='ocrx_word' id='word_1_41' title='bbox 302 921 541 975; x_wconf 83' lang='lat' dir='ltr'><strong><em>alicunde</em></strong></span> <span class='ocrx_word' id='word_1_42' title='bbox 577 919 814 992; x_wconf 85' lang='lat' dir='ltr'><strong><em>luporum</em></strong></span> <span class='ocrx_word' id='word_1_43' title='bbox 855 921 1194 977; x_wconf 87' lang='lat' dir='ltr'><strong><em>incursionem</em></strong></span> <span class='ocrx_word' id='word_1_44' title='bbox 1233 923 1525 988; x_wconf 81' lang='lat' dir='ltr'><strong><em>imminere,</em></strong></span> <span class='ocrx_word' id='word_1_45' title='bbox 1559 937 1677 975; x_wconf 74' lang='lat' dir='ltr'><strong><em>mea:</em></strong></span> <span class='ocrx_word' id='word_1_46' title='bbox 1701 920 1895 991; x_wconf 81' lang='lat' dir='ltr'><strong><em>objecta</em></strong></span> 
     </span>
    </p>
   </div>
   <div class='ocr_carea' id='block_1_8' title="bbox 303 1013 1894 1087">
    <p class='ocr_par' dir='ltr' id='par_1_8' title="bbox 303 1013 1894 1087">
     <span class='ocr_line' id='line_1_8' title="bbox 303 1013 1894 1087; baseline -0.001 -19"><span class='ocrx_word' id='word_1_47' title='bbox 303 1013 478 1083; x_wconf 75' lang='lat' dir='ltr'><strong><em>ﬁstula</em></strong></span> <span class='ocrx_word' id='word_1_48' title='bbox 501 1015 717 1085; x_wconf 81' lang='lat' dir='ltr'><strong><em>fundam</em></strong></span> <span class='ocrx_word' id='word_1_49' title='bbox 743 1017 1018 1087; x_wconf 84' lang='lat' dir='ltr'><strong><em>arripiunt,</em></strong></span> <span class='ocrx_word' id='word_1_50' title='bbox 1049 1025 1096 1070; x_wconf 87' lang='lat' dir='ltr'><strong><em>et</em></strong></span> <span class='ocrx_word' id='word_1_51' title='bbox 1120 1017 1300 1071; x_wconf 88' lang='lat' dir='ltr'><strong><em>emisso</em></strong></span> <span class='ocrx_word' id='word_1_52' title='bbox 1326 1017 1522 1070; x_wconf 87' lang='lat' dir='ltr'><strong><em>calamo</em></strong></span> <span class='ocrx_word' id='word_1_53' title='bbox 1543 1057 1558 1083; x_wconf 89' lang='lat'><strong><em>,</em></strong></span> <span class='ocrx_word' id='word_1_54' title='bbox 1591 1017 1808 1086; x_wconf 72' lang='lat' dir='ltr'><strong><em>fustibus</em></strong></span> <span class='ocrx_word' id='word_1_55' title='bbox 1845 1021 1894 1068; x_wconf 87' lang='lat' dir='ltr'><strong><em>et</em></strong></span> 
     </span>
    </p>
   </div>
   <div class='ocr_carea' id='block_1_9' title="bbox 302 1104 1892 1177">
    <p class='ocr_par' dir='ltr' id='par_1_9' title="bbox 302 1104 1892 1177">
     <span class='ocr_line' id='line_1_9' title="bbox 302 1104 1892 1177; baseline -0.001 -19"><span class='ocrx_word' id='word_1_56' title='bbox 302 1104 442 1159; x_wconf 70' lang='lat' dir='ltr'><strong><em>saxis</em></strong></span> <span class='ocrx_word' id='word_1_57' title='bbox 468 1105 734 1158; x_wconf 85' lang='lat' dir='ltr'><strong><em>obarmant</em></strong></span> <span class='ocrx_word' id='word_1_58' title='bbox 760 1121 897 1172; x_wconf 87' lang='lat' dir='ltr'><strong><em>sese,</em></strong></span> <span class='ocrx_word' id='word_1_59' title='bbox 938 1122 1128 1177; x_wconf 82' lang='lat' dir='ltr'><strong><em>proque</em></strong></span> <span class='ocrx_word' id='word_1_60' title='bbox 1165 1107 1285 1160; x_wconf 79' lang='lat' dir='ltr'><strong><em>ovili</em></strong></span> <span class='ocrx_word' id='word_1_61' title='bbox 1313 1106 1668 1172; x_wconf 69' lang='lat' dir='ltr'><strong><em>consistentes,</em></strong></span> <span class='ocrx_word' id='word_1_62' title='bbox 1709 1121 1892 1176; x_wconf 85' lang='lat' dir='ltr'><strong><em>magno</em></strong></span> 
     </span>
    </p>
   </div>
   <div class='ocr_carea' id='block_1_10' title="bbox 303 1197 1892 1270">
    <p class='ocr_par' dir='ltr' id='par_1_10' title="bbox 303 1197 1892 1270">
     <span class='ocr_line' id='line_1_10' title="bbox 303 1197 1892 1270; baseline -0.001 -19"><span class='ocrx_word' id='word_1_63' title='bbox 303 1198 527 1253; x_wconf 87' lang='lat' dir='ltr'><strong><em>clamore</em></strong></span> <span class='ocrx_word' id='word_1_64' title='bbox 550 1199 836 1270; x_wconf 77' lang='lat' dir='ltr'><strong><em>ingentique</em></strong></span> <span class='ocrx_word' id='word_1_65' title='bbox 862 1199 1064 1256; x_wconf 86' lang='lat' dir='ltr'><strong><em>ululatu</em></strong></span> <span class='ocrx_word' id='word_1_66' title='bbox 1093 1199 1441 1270; x_wconf 76' lang='lat' dir='ltr'><strong><em>vociferantes,</em></strong></span> <span class='ocrx_word' id='word_1_67' title='bbox 1475 1199 1759 1268; x_wconf 79' lang='lat' dir='ltr'><strong><em>frequenter</em></strong></span> <span class='ocrx_word' id='word_1_68' title='bbox 1780 1197 1892 1266; x_wconf 86' lang='lat' dir='ltr'><strong><em>ipso</em></strong></span> 
     </span>
    </p>
   </div>
   <div class='ocr_carea' id='block_1_11' title="bbox 301 1287 1892 1360">
    <p class='ocr_par' dir='ltr' id='par_1_11' title="bbox 301 1287 1892 1360">
     <span class='ocr_line' id='line_1_11' title="bbox 301 1287 1892 1360; baseline 0 -18"><span class='ocrx_word' id='word_1_69' title='bbox 301 1287 530 1344; x_wconf 85' lang='lat' dir='ltr'><strong><em>clamore</em></strong></span> <span class='ocrx_word' id='word_1_70' title='bbox 561 1293 756 1360; x_wconf 82' lang='lat' dir='ltr'><strong><em>feram,</em></strong></span> <span class='ocrx_word' id='word_1_71' title='bbox 803 1289 1098 1360; x_wconf 75' lang='lat' dir='ltr'><strong><em>priusquam</em></strong></span> <span class='ocrx_word' id='word_1_72' title='bbox 1121 1289 1404 1360; x_wconf 84' lang='lat' dir='ltr'><strong><em>irrumpat,</em></strong></span> <span class='ocrx_word' id='word_1_73' title='bbox 1435 1289 1662 1360; x_wconf 81' lang='lat' dir='ltr'><strong><em>abigunt.</em></strong></span> <span class='ocrx_word' id='word_1_74' title='bbox 1707 1288 1892 1357; x_wconf 83' lang='lat' dir='ltr'><strong><em>Itaque</em></strong></span> 
     </span>
    </p>
   </div>
   <div class='ocr_carea' id='block_1_12' title="bbox 303 1379 1892 1452">
    <p class='ocr_par' dir='ltr' id='par_1_12' title="bbox 303 1379 1892 1452">
     <span class='ocr_line' id='line_1_12' title="bbox 303 1379 1892 1452; baseline 0 -17"><span class='ocrx_word' id='word_1_75' title='bbox 303 1389 428 1451; x_wconf 86' lang='lat' dir='ltr'><strong><em>post</em></strong></span> <span class='ocrx_word' id='word_1_76' title='bbox 468 1379 842 1450; x_wconf 77' lang='lat' dir='ltr'><strong><em>Septembrem</em></strong></span> <span class='ocrx_word' id='word_1_77' title='bbox 881 1381 1007 1436; x_wconf 90' lang='lat' dir='ltr'><strong><em>anni</em></strong></span> <span class='ocrx_word' id='word_1_78' title='bbox 1033 1381 1158 1449; x_wconf 77' lang='lat'><strong><em>587,</em></strong></span> <span class='ocrx_word' id='word_1_79' title='bbox 1192 1391 1470 1452; x_wconf 83' lang='lat' dir='ltr'><strong><em>postquam</em></strong></span> <span class='ocrx_word' id='word_1_80' title='bbox 1501 1382 1745 1438; x_wconf 86' lang='lat' dir='ltr'><strong><em>homilias</em></strong></span> <span class='ocrx_word' id='word_1_81' title='bbox 1775 1381 1892 1435; x_wconf 91' lang='lat' dir='ltr'><strong><em>illas</em></strong></span> 
     </span>
    </p>
   </div>
   <div class='ocr_carea' id='block_1_13' title="bbox 302 1471 1888 1542">
    <p class='ocr_par' dir='ltr' id='par_1_13' title="bbox 302 1471 1888 1542">
     <span class='ocr_line' id='line_1_13' title="bbox 302 1471 1888 1542; baseline -0.002 -16"><span class='ocrx_word' id='word_1_82' title='bbox 302 1471 542 1542; x_wconf 84' lang='lat' dir='ltr'><strong><em>quinque</em></strong></span> <span class='ocrx_word' id='word_1_83' title='bbox 563 1481 746 1526; x_wconf 86' lang='lat' dir='ltr'><strong><em>contra</em></strong></span> <span class='ocrx_word' id='word_1_84' title='bbox 770 1471 984 1527; x_wconf 73' lang='lat' dir='ltr'><strong><em>Judzeos</em></strong></span> <span class='ocrx_word' id='word_1_85' title='bbox 1003 1471 1230 1539; x_wconf 83' lang='lat' dir='ltr'><strong><em>dixerat,</em></strong></span> <span class='ocrx_word' id='word_1_86' title='bbox 1255 1473 1338 1528; x_wconf 89' lang='lat' dir='ltr'><strong><em>vel</em></strong></span> <span class='ocrx_word' id='word_1_87' title='bbox 1367 1472 1590 1528; x_wconf 83' lang='lat' dir='ltr'><strong><em>fortasse</em></strong></span> <span class='ocrx_word' id='word_1_88' title='bbox 1611 1479 1888 1542; x_wconf 80' lang='lat' dir='ltr'><strong><em>postquam</em></strong></span> 
     </span>
    </p>
   </div>
   <div class='ocr_carea' id='block_1_14' title="bbox 305 1565 1889 1638">
    <p class='ocr_par' dir='ltr' id='par_1_14' title="bbox 305 1565 1889 1638">
     <span class='ocr_line' id='line_1_14' title="bbox 305 1565 1889 1638; baseline -0.002 -18"><span class='ocrx_word' id='word_1_89' title='bbox 305 1566 550 1620; x_wconf 90' lang='lat' dir='ltr'><strong><em>ultimam</em></strong></span> <span class='ocrx_word' id='word_1_90' title='bbox 576 1565 802 1635; x_wconf 79' lang='lat' dir='ltr'><strong><em>dixerat,</em></strong></span> <span class='ocrx_word' id='word_1_91' title='bbox 829 1581 948 1638; x_wconf 84' lang='lat' dir='ltr'><strong><em>quae</em></strong></span> <span class='ocrx_word' id='word_1_92' title='bbox 969 1567 1129 1625; x_wconf 82' lang='lat' dir='ltr'><strong><em>etiam</em></strong></span> <span class='ocrx_word' id='word_1_93' title='bbox 1155 1577 1272 1637; x_wconf 87' lang='lat' dir='ltr'><strong><em>post</em></strong></span> <span class='ocrx_word' id='word_1_94' title='bbox 1294 1566 1554 1638; x_wconf 86' lang='lat' dir='ltr'><strong><em>jejunium</em></strong></span> <span class='ocrx_word' id='word_1_95' title='bbox 1585 1565 1889 1621; x_wconf 69' lang='lat' dir='ltr'><strong><em>Judaeorum</em></strong></span> 
     </span>
    </p>
   </div>
   <div class='ocr_carea' id='block_1_15' title="bbox 303 1655 1889 1726">
    <p class='ocr_par' dir='ltr' id='par_1_15' title="bbox 303 1655 1889 1726">
     <span class='ocr_line' id='line_1_15' title="bbox 303 1655 1889 1726; baseline 0 -16"><span class='ocrx_word' id='word_1_96' title='bbox 303 1656 487 1711; x_wconf 87' lang='lat' dir='ltr'><strong><em>habita</em></strong></span> <span class='ocrx_word' id='word_1_97' title='bbox 528 1657 656 1724; x_wconf 83' lang='lat' dir='ltr'><strong><em>fuit,</em></strong></span> <span class='ocrx_word' id='word_1_98' title='bbox 685 1656 823 1713; x_wconf 90' lang='lat' dir='ltr'><strong><em>hanc</em></strong></span> <span class='ocrx_word' id='word_1_99' title='bbox 852 1656 1124 1712; x_wconf 88' lang='lat' dir='ltr'><strong><em>homiliam</em></strong></span> <span class='ocrx_word' id='word_1_100' title='bbox 1151 1657 1322 1724; x_wconf 83' lang='lat' dir='ltr'><strong><em>dixit,</em></strong></span> <span class='ocrx_word' id='word_1_101' title='bbox 1357 1671 1514 1726; x_wconf 90' lang='lat' dir='ltr'><strong><em>quam</em></strong></span> <span class='ocrx_word' id='word_1_102' title='bbox 1547 1665 1722 1710; x_wconf 91' lang='lat' dir='ltr'><strong><em>tamen</em></strong></span> <span class='ocrx_word' id='word_1_103' title='bbox 1752 1655 1889 1710; x_wconf 89' lang='lat' dir='ltr'><strong><em>inter</em></strong></span> 
     </span>
    </p>
   </div>
   <div class='ocr_carea' id='block_1_16' title="bbox 303 1747 1888 1818">
    <p class='ocr_par' dir='ltr' id='par_1_16' title="bbox 303 1747 1888 1818">
     <span class='ocr_line' id='line_1_16' title="bbox 303 1747 1888 1818; baseline -0.001 -15"><span class='ocrx_word' id='word_1_104' title='bbox 303 1748 684 1818; x_wconf 78' lang='lat' dir='ltr'><strong><em>Expositiones</em></strong></span> <span class='ocrx_word' id='word_1_105' title='bbox 722 1749 778 1804; x_wconf 90' lang='lat' dir='ltr'><strong><em>in</em></strong></span> <span class='ocrx_word' id='word_1_106' title='bbox 821 1748 1060 1804; x_wconf 87' lang='lat' dir='ltr'><strong><em>Psalmos</em></strong></span> <span class='ocrx_word' id='word_1_107' title='bbox 1086 1750 1191 1802; x_wconf 82' lang='lat' dir='ltr'><strong><em>alio</em></strong></span> <span class='ocrx_word' id='word_1_108' title='bbox 1231 1758 1472 1818; x_wconf 84' lang='lat' dir='ltr'><strong><em>tempore</em></strong></span> <span class='ocrx_word' id='word_1_109' title='bbox 1506 1747 1888 1815; x_wconf 76' lang='lat' dir='ltr'><strong><em>concinnatus,</em></strong></span> 
     </span>
    </p>
   </div>
   <div class='ocr_carea' id='block_1_17' title="bbox 300 1841 1768 1913">
    <p class='ocr_par' dir='ltr' id='par_1_17' title="bbox 300 1841 1768 1913">
     <span class='ocr_line' id='line_1_17' title="bbox 300 1841 1768 1913; baseline -0.002 -16"><span class='ocrx_word' id='word_1_110' title='bbox 300 1857 493 1898; x_wconf 89' lang='lat' dir='ltr'><strong><em>eorum</em></strong></span> <span class='ocrx_word' id='word_1_111' title='bbox 520 1843 611 1912; x_wconf 90' lang='lat' dir='ltr'><strong><em>qui</em></strong></span> <span class='ocrx_word' id='word_1_112' title='bbox 637 1855 735 1897; x_wconf 90' lang='lat' dir='ltr'><strong><em>nos</em></strong></span> <span class='ocrx_word' id='word_1_113' title='bbox 760 1850 1145 1913; x_wconf 72' lang='lat' dir='ltr'><strong><em>prmcessemnt</em></strong></span> <span class='ocrx_word' id='word_1_114' title='bbox 1165 1843 1410 1912; x_wconf 83' lang='lat' dir='ltr'><strong><em>exemplo</em></strong></span> <span class='ocrx_word' id='word_1_115' title='bbox 1438 1841 1768 1910; x_wconf 81' lang='lat' dir='ltr'><strong><em>reliquimus.</em></strong></span> 
     </span>
    </p>
   </div>
   <div class='ocr_carea' id='block_1_18' title="bbox 373 1931 1889 2007">
    <p class='ocr_par' dir='ltr' id='par_1_18' title="bbox 373 1931 1889 2007">
     <span class='ocr_line' id='line_1_18' title="bbox 373 1931 1889 2007; baseline -0.001 -19"><span class='ocrx_word' id='word_1_116' title='bbox 373 1933 558 1988; x_wconf 88' lang='lat' dir='ltr'><strong><em>Primo</em></strong></span> <span class='ocrx_word' id='word_1_117' title='bbox 598 1943 774 2007; x_wconf 79' lang='lat' dir='ltr'><strong><em>autem</em></strong></span> <span class='ocrx_word' id='word_1_118' title='bbox 798 1941 978 1988; x_wconf 86' lang='lat' dir='ltr'><strong><em>narrat</em></strong></span> <span class='ocrx_word' id='word_1_119' title='bbox 1001 1948 1104 2004; x_wconf 87' lang='lat' dir='ltr'><strong><em>qua</em></strong></span> <span class='ocrx_word' id='word_1_120' title='bbox 1131 1933 1198 1988; x_wconf 88' lang='lat' dir='ltr'><strong><em>de</em></strong></span> <span class='ocrx_word' id='word_1_121' title='bbox 1223 1947 1384 1988; x_wconf 88' lang='lat' dir='ltr'><strong><em>causa</em></strong></span> <span class='ocrx_word' id='word_1_122' title='bbox 1412 1932 1554 1988; x_wconf 87' lang='lat' dir='ltr'><strong><em>Deus</em></strong></span> <span class='ocrx_word' id='word_1_123' title='bbox 1580 1933 1810 2000; x_wconf 75' lang='lat' dir='ltr'><strong><em>psalmos</em></strong></span> <span class='ocrx_word' id='word_1_124' title='bbox 1837 1931 1889 1986; x_wconf 94' lang='lat' dir='ltr'><strong><em>in</em></strong></span> 
     </span>
    </p>
   </div>
   <div class='ocr_carea' id='block_1_19' title="bbox 300 2021 1891 2092">
    <p class='ocr_par' dir='ltr' id='par_1_19' title="bbox 300 2021 1891 2092">
     <span class='ocr_line' id='line_1_19' title="bbox 300 2021 1891 2092; baseline 0.001 -16"><span class='ocrx_word' id='word_1_125' title='bbox 300 2025 468 2079; x_wconf 83' lang='lat' dir='ltr'><strong><em>vitam</em></strong></span> <span class='ocrx_word' id='word_1_126' title='bbox 512 2033 750 2078; x_wconf 91' lang='lat' dir='ltr'><strong><em>nostram</em></strong></span> <span class='ocrx_word' id='word_1_127' title='bbox 779 2023 1066 2091; x_wconf 83' lang='lat' dir='ltr'><strong><em>induxerit,</em></strong></span> <span class='ocrx_word' id='word_1_128' title='bbox 1114 2033 1170 2078; x_wconf 91' lang='lat' dir='ltr'><strong><em>ut</em></strong></span> <span class='ocrx_word' id='word_1_129' title='bbox 1200 2038 1394 2092; x_wconf 88' lang='lat' dir='ltr'><strong><em>nempe</em></strong></span> <span class='ocrx_word' id='word_1_130' title='bbox 1434 2023 1769 2078; x_wconf 89' lang='lat' dir='ltr'><strong><em>socordiorcs</em></strong></span> <span class='ocrx_word' id='word_1_131' title='bbox 1795 2021 1891 2078; x_wconf 81' lang='lat' dir='ltr'><strong><em>ho—</em></strong></span> 
     </span>
    </p>
   </div>
   <div class='ocr_carea' id='block_1_20' title="bbox 300 2111 1890 2185">
    <p class='ocr_par' dir='ltr' id='par_1_20' title="bbox 300 2111 1890 2185">
     <span class='ocr_line' id='line_1_20' title="bbox 300 2111 1890 2185; baseline -0.003 -15"><span class='ocrx_word' id='word_1_132' title='bbox 300 2117 479 2170; x_wconf 85' lang='lat' dir='ltr'><strong><em>mines</em></strong></span> <span class='ocrx_word' id='word_1_133' title='bbox 506 2115 754 2185; x_wconf 76' lang='lat' dir='ltr'><strong><em>erigeret,</em></strong></span> <span class='ocrx_word' id='word_1_134' title='bbox 781 2115 1010 2169; x_wconf 89' lang='lat' dir='ltr'><strong><em>animam</em></strong></span> <span class='ocrx_word' id='word_1_135' title='bbox 1042 2122 1332 2178; x_wconf 86' lang='lat' dir='ltr'><strong><em>recrearet,</em></strong></span> <span class='ocrx_word' id='word_1_136' title='bbox 1377 2113 1587 2184; x_wconf 89' lang='lat' dir='ltr'><strong><em>aliaque</em></strong></span> <span class='ocrx_word' id='word_1_137' title='bbox 1623 2112 1760 2168; x_wconf 83' lang='lat' dir='ltr'><strong><em>bona</em></strong></span> <span class='ocrx_word' id='word_1_138' title='bbox 1791 2111 1890 2167; x_wconf 90' lang='lat' dir='ltr'><strong><em>ho-</em></strong></span> 
     </span>
    </p>
   </div>
   <div class='ocr_carea' id='block_1_21' title="bbox 301 2203 1890 2275">
    <p class='ocr_par' dir='ltr' id='par_1_21' title="bbox 301 2203 1890 2275">
     <span class='ocr_line' id='line_1_21' title="bbox 301 2203 1890 2275; baseline -0.003 -13"><span class='ocrx_word' id='word_1_139' title='bbox 301 2207 538 2262; x_wconf 86' lang='lat' dir='ltr'><strong><em>minibus</em></strong></span> <span class='ocrx_word' id='word_1_140' title='bbox 571 2207 888 2275; x_wconf 90' lang='lat' dir='ltr'><strong><em>impertiret.</em></strong></span> <span class='ocrx_word' id='word_1_141' title='bbox 919 2205 1111 2261; x_wconf 85' lang='lat' dir='ltr'><strong><em>Postea</em></strong></span> <span class='ocrx_word' id='word_1_142' title='bbox 1139 2205 1206 2260; x_wconf 92' lang='lat' dir='ltr'><strong><em>de</em></strong></span> <span class='ocrx_word' id='word_1_143' title='bbox 1249 2203 1410 2260; x_wconf 86' lang='lat' dir='ltr'><strong><em>modo</em></strong></span> <span class='ocrx_word' id='word_1_144' title='bbox 1438 2203 1702 2274; x_wconf 82' lang='lat' dir='ltr'><strong><em>psallendi</em></strong></span> <span class='ocrx_word' id='word_1_145' title='bbox 1724 2203 1890 2258; x_wconf 87' lang='lat' dir='ltr'><strong><em>multa</em></strong></span> 
     </span>
    </p>
   </div>
   <div class='ocr_carea' id='block_1_22' title="bbox 301 2295 1893 2366">
    <p class='ocr_par' dir='ltr' id='par_1_22' title="bbox 301 2295 1893 2366">
     <span class='ocr_line' id='line_1_22' title="bbox 301 2295 1893 2366; baseline -0.003 -13"><span class='ocrx_word' id='word_1_146' title='bbox 301 2298 454 2362; x_wconf 87' lang='lat' dir='ltr'><strong><em>dicit,</em></strong></span> <span class='ocrx_word' id='word_1_147' title='bbox 501 2307 554 2352; x_wconf 92' lang='lat' dir='ltr'><strong><em>et</em></strong></span> <span class='ocrx_word' id='word_1_148' title='bbox 577 2297 782 2366; x_wconf 88' lang='lat' dir='ltr'><strong><em>aliquas</em></strong></span> <span class='ocrx_word' id='word_1_149' title='bbox 819 2295 1036 2352; x_wconf 83' lang='lat' dir='ltr'><strong><em>adhibet</em></strong></span> <span class='ocrx_word' id='word_1_150' title='bbox 1061 2309 1240 2362; x_wconf 88' lang='lat' dir='ltr'><strong><em>voces,</em></strong></span> <span class='ocrx_word' id='word_1_151' title='bbox 1285 2295 1352 2350; x_wconf 89' lang='lat' dir='ltr'><strong><em>ad</em></strong></span> <span class='ocrx_word' id='word_1_152' title='bbox 1380 2309 1497 2350; x_wconf 87' lang='lat' dir='ltr'><strong><em>eam</em></strong></span> <span class='ocrx_word' id='word_1_153' title='bbox 1529 2309 1640 2348; x_wconf 84' lang='lat' dir='ltr'><strong><em>rem</em></strong></span> <span class='ocrx_word' id='word_1_154' title='bbox 1666 2309 1893 2364; x_wconf 86' lang='lat' dir='ltr'><strong><em>usurpa-</em></strong></span> 
     </span>
    </p>
   </div>
   <div class='ocr_carea' id='block_1_23' title="bbox 303 2385 1886 2459">
    <p class='ocr_par' dir='ltr' id='par_1_23' title="bbox 303 2385 1886 2459">
     <span class='ocr_line' id='line_1_23' title="bbox 303 2385 1886 2459; baseline -0.003 -16"><span class='ocrx_word' id='word_1_155' title='bbox 303 2398 407 2455; x_wconf 89' lang='lat' dir='ltr'><strong><em>tas,</em></strong></span> <span class='ocrx_word' id='word_1_156' title='bbox 446 2403 583 2459; x_wconf 89' lang='lat' dir='ltr'><strong><em>quas</em></strong></span> <span class='ocrx_word' id='word_1_157' title='bbox 632 2402 741 2444; x_wconf 89' lang='lat' dir='ltr'><strong><em>non</em></strong></span> <span class='ocrx_word' id='word_1_158' title='bbox 787 2387 1140 2458; x_wconf 84' lang='lat' dir='ltr'><strong><em>intelligentes</em></strong></span> <span class='ocrx_word' id='word_1_159' title='bbox 1160 2385 1298 2442; x_wconf 83' lang='lat' dir='ltr'><strong><em>bene</em></strong></span> <span class='ocrx_word' id='word_1_160' title='bbox 1346 2385 1501 2440; x_wconf 12' lang='lat' dir='ltr'><strong><em>multis</em></strong></span> <span class='ocrx_word' id='word_1_161' title='bbox 1546 2385 1886 2456; x_wconf 86' lang='lat' dir='ltr'><strong><em>interpretes,</em></strong></span> 
     </span>
    </p>
   </div>
   <div class='ocr_carea' id='block_1_24' title="bbox 304 2476 1891 2556">
    <p class='ocr_par' dir='ltr' id='par_1_24' title="bbox 304 2476 1891 2556">
     <span class='ocr_line' id='line_1_24' title="bbox 304 2476 1891 2556; baseline -0.004 -20"><span class='ocrx_word' id='word_1_162' title='bbox 304 2497 584 2552; x_wconf 86' lang='lat' dir='ltr'><strong><em>perperam</em></strong></span> <span class='ocrx_word' id='word_1_163' title='bbox 606 2489 895 2548; x_wconf 82' lang='lat' dir='ltr'><strong><em>verterunt,</em></strong></span> <span class='ocrx_word' id='word_1_164' title='bbox 925 2488 981 2536; x_wconf 88' lang='lat' dir='ltr'><strong><em>et</em></strong></span> <span class='ocrx_word' id='word_1_165' title='bbox 1003 2495 1228 2556; x_wconf 86' lang='lat' dir='ltr'><strong><em>quarum</em></strong></span> <span class='ocrx_word' id='word_1_166' title='bbox 1254 2494 1408 2534; x_wconf 89' lang='lat' dir='ltr'><strong><em>usum</em></strong></span> <span class='ocrx_word' id='word_1_167' title='bbox 1435 2488 1491 2534; x_wconf 91' lang='lat' dir='ltr'><strong><em>et</em></strong></span> <span class='ocrx_word' id='word_1_168' title='bbox 1517 2494 1731 2534; x_wconf 87' lang='lat' dir='ltr'><strong><em>sensum</em></strong></span> <span class='ocrx_word' id='word_1_169' title='bbox 1755 2476 1891 2531; x_wconf 90' lang='lat' dir='ltr'><strong><em>mul-</em></strong></span> 
     </span>
    </p>
   </div>
   <div class='ocr_carea' id='block_1_25' title="bbox 303 2568 1892 2642">
    <p class='ocr_par' dir='ltr' id='par_1_25' title="bbox 303 2568 1892 2642">
     <span class='ocr_line' id='line_1_25' title="bbox 303 2568 1892 2642; baseline -0.004 -14"><span class='ocrx_word' id='word_1_170' title='bbox 303 2573 372 2628; x_wconf 88' lang='lat' dir='ltr'><strong><em>tis</em></strong></span> <span class='ocrx_word' id='word_1_171' title='bbox 403 2573 625 2628; x_wconf 90' lang='lat' dir='ltr'><strong><em>aliorum</em></strong></span> <span class='ocrx_word' id='word_1_172' title='bbox 646 2570 864 2628; x_wconf 83' lang='lat' dir='ltr'><strong><em>Patrum</em></strong></span> <span class='ocrx_word' id='word_1_173' title='bbox 893 2580 949 2628; x_wconf 88' lang='lat' dir='ltr'><strong><em>et</em></strong></span> <span class='ocrx_word' id='word_1_174' title='bbox 969 2571 1290 2642; x_wconf 85' lang='lat' dir='ltr'><strong><em>scriptorum</em></strong></span> <span class='ocrx_word' id='word_1_175' title='bbox 1317 2570 1575 2640; x_wconf 84' lang='lat' dir='ltr'><strong><em>exemplis</em></strong></span> <span class='ocrx_word' id='word_1_176' title='bbox 1603 2568 1892 2640; x_wconf 82' lang='lat' dir='ltr'><strong><em>explicavi-</em></strong></span> 
     </span>
    </p>
   </div>
   <div class='ocr_carea' id='block_1_26' title="bbox 301 2667 756 2724">
    <p class='ocr_par' dir='ltr' id='par_1_26' title="bbox 301 2667 756 2724">
     <span class='ocr_line' id='line_1_26' title="bbox 301 2667 756 2724; baseline -0.007 -1"><span class='ocrx_word' id='word_1_177' title='bbox 301 2681 425 2724; x_wconf 87' lang='lat' dir='ltr'><strong><em>mus</em></strong></span> <span class='ocrx_word' id='word_1_178' title='bbox 454 2669 507 2721; x_wconf 86' lang='lat' dir='ltr'><strong><em>in</em></strong></span> <span class='ocrx_word' id='word_1_179' title='bbox 537 2667 756 2723; x_wconf 76' lang='lat' dir='ltr'><strong><em>Monito.</em></strong></span> 
     </span>
    </p>
   </div>
   <div class='ocr_carea' id='block_1_27' title="bbox 374 2755 1884 2822">
    <p class='ocr_par' dir='ltr' id='par_1_27' title="bbox 374 2755 1884 2822">
     <span class='ocr_line' id='line_1_27' title="bbox 374 2755 1884 2822; baseline -0.003 -8"><span class='ocrx_word' id='word_1_180' title='bbox 374 2758 665 2814; x_wconf 79' lang='lat' dir='ltr'><strong><em>Catecheses</em></strong></span> <span class='ocrx_word' id='word_1_181' title='bbox 707 2759 775 2812; x_wconf 84' lang='lat' dir='ltr'><strong><em>ad</em></strong></span> <span class='ocrx_word' id='word_1_182' title='bbox 819 2758 1202 2814; x_wconf 80' lang='lat' dir='ltr'><strong><em>illuminandos.</em></strong></span> <span class='ocrx_word' id='word_1_183' title='bbox 1229 2786 1300 2798; x_wconf 88' lang='lat'><em>-</em></span> <span class='ocrx_word' id='word_1_184' title='bbox 1328 2756 1486 2812; x_wconf 86' lang='lat' dir='ltr'><strong><em>Binas</em></strong></span> <span class='ocrx_word' id='word_1_185' title='bbox 1534 2755 1884 2822; x_wconf 86' lang='lat' dir='ltr'><strong><em>Catecheses,</em></strong></span> 
     </span>
    </p>
   </div>
   <div class='ocr_carea' id='block_1_28' title="bbox 301 2847 1887 2922">
    <p class='ocr_par' dir='ltr' id='par_1_28' title="bbox 301 2847 1887 2922">
     <span class='ocr_line' id='line_1_28' title="bbox 301 2847 1887 2922; baseline -0.004 -15"><span class='ocrx_word' id='word_1_186' title='bbox 301 2865 436 2922; x_wconf 84' lang='lat' dir='ltr'><strong><em>quas</em></strong></span> <span class='ocrx_word' id='word_1_187' title='bbox 462 2851 530 2906; x_wconf 89' lang='lat' dir='ltr'><strong><em>ad</em></strong></span> <span class='ocrx_word' id='word_1_188' title='bbox 562 2850 938 2906; x_wconf 88' lang='lat' dir='ltr'><strong><em>illuminandos</em></strong></span> <span class='ocrx_word' id='word_1_189' title='bbox 994 2865 1088 2906; x_wconf 91' lang='lat' dir='ltr'><strong><em>seu</em></strong></span> <span class='ocrx_word' id='word_1_190' title='bbox 1124 2849 1536 2905; x_wconf 80' lang='lat' dir='ltr'><strong><em>catechumenos</em></strong></span> <span class='ocrx_word' id='word_1_191' title='bbox 1564 2847 1887 2919; x_wconf 84' lang='lat' dir='ltr'><strong><em>Chrysosto-</em></strong></span> 
     </span>
    </p>
   </div>
   <div class='ocr_carea' id='block_1_29' title="bbox 299 2937 1884 3014">
    <p class='ocr_par' dir='ltr' id='par_1_29' title="bbox 299 2937 1884 3014">
     <span class='ocr_line' id='line_1_29' title="bbox 299 2937 1884 3014; baseline -0.006 -14"><span class='ocrx_word' id='word_1_192' title='bbox 299 2959 424 3001; x_wconf 87' lang='lat' dir='ltr'><strong><em>mus</em></strong></span> <span class='ocrx_word' id='word_1_193' title='bbox 454 2942 638 2999; x_wconf 82' lang='lat' dir='ltr'><strong><em>habuit</em></strong></span> <span class='ocrx_word' id='word_1_194' title='bbox 677 2951 798 3014; x_wconf 88' lang='lat' dir='ltr'><strong><em>post</em></strong></span> <span class='ocrx_word' id='word_1_195' title='bbox 826 2941 1083 2998; x_wconf 89' lang='lat' dir='ltr'><strong><em>llomilias</em></strong></span> <span class='ocrx_word' id='word_1_196' title='bbox 1107 2943 1173 2998; x_wconf 90' lang='lat' dir='ltr'><strong><em>de</em></strong></span> <span class='ocrx_word' id='word_1_197' title='bbox 1197 2943 1398 2999; x_wconf 87' lang='lat' dir='ltr'><strong><em>Statuis</em></strong></span> <span class='ocrx_word' id='word_1_198' title='bbox 1424 2940 1686 2998; x_wconf 88' lang='lat' dir='ltr'><strong><em>edidimus</em></strong></span> <span class='ocrx_word' id='word_1_199' title='bbox 1713 2938 1798 3011; x_wconf 86' lang='lat' dir='ltr'><strong><em>(&#39;l&#39;.</em></strong></span> <span class='ocrx_word' id='word_1_200' title='bbox 1828 2937 1884 2992; x_wconf 70' lang='grc'><strong>2.</strong></span> 
     </span>
    </p>
   </div>
   <div class='ocr_carea' id='block_1_30' title="bbox 309 3031 1888 3106">
    <p class='ocr_par' dir='ltr' id='par_1_30' title="bbox 309 3031 1888 3106">
     <span class='ocr_line' id='line_1_30' title="bbox 309 3031 1888 3106; baseline -0.003 -16"><span class='ocrx_word' id='word_1_201' title='bbox 309 3056 355 3092; x_wconf 84' lang='grc' dir='ltr'><strong><em>ι’.</em></strong></span> <span class='ocrx_word' id='word_1_202' title='bbox 385 3035 540 3106; x_wconf 70' lang='grc'><strong>225).</strong></span> <span class='ocrx_word' id='word_1_203' title='bbox 583 3036 704 3092; x_wconf 88' lang='lat' dir='ltr'><strong><em>illas</em></strong></span> <span class='ocrx_word' id='word_1_204' title='bbox 729 3050 878 3103; x_wconf 86' lang='lat' dir='ltr'><strong><em>vero,</em></strong></span> <span class='ocrx_word' id='word_1_205' title='bbox 925 3037 1262 3106; x_wconf 84' lang='lat' dir='ltr'><strong><em>maximeque</em></strong></span> <span class='ocrx_word' id='word_1_206' title='bbox 1303 3035 1530 3105; x_wconf 86' lang='lat' dir='ltr'><strong><em>primam</em></strong></span> <span class='ocrx_word' id='word_1_207' title='bbox 1568 3033 1621 3088; x_wconf 91' lang='lat' dir='ltr'><strong><em>in</em></strong></span> <span class='ocrx_word' id='word_1_208' title='bbox 1649 3031 1888 3100; x_wconf 84' lang='lat' dir='ltr'><strong><em>Quadra-</em></strong></span> 
     </span>
    </p>
   </div>
   <div class='ocr_carea' id='block_1_31' title="bbox 295 3129 1890 3202">
    <p class='ocr_par' dir='ltr' id='par_1_31' title="bbox 295 3129 1890 3202">
     <span class='ocr_line' id='line_1_31' title="bbox 295 3129 1890 3202; baseline -0.002 -16"><span class='ocrx_word' id='word_1_209' title='bbox 295 3131 504 3202; x_wconf 84' lang='lat' dir='ltr'><strong><em>gesima</em></strong></span> <span class='ocrx_word' id='word_1_210' title='bbox 531 3133 654 3186; x_wconf 90' lang='lat' dir='ltr'><strong><em>anni</em></strong></span> <span class='ocrx_word' id='word_1_211' title='bbox 683 3131 786 3188; x_wconf 82' lang='grc'><strong><em>’587</em></strong></span> <span class='ocrx_word' id='word_1_212' title='bbox 816 3131 1012 3186; x_wconf 87' lang='lat' dir='ltr'><strong><em>dictam</em></strong></span> <span class='ocrx_word' id='word_1_213' title='bbox 1053 3131 1215 3186; x_wconf 82' lang='lat' dir='ltr'><strong><em>fuisse</em></strong></span> <span class='ocrx_word' id='word_1_214' title='bbox 1245 3130 1592 3200; x_wconf 88' lang='lat' dir='ltr'><strong><em>probabiliter</em></strong></span> <span class='ocrx_word' id='word_1_215' title='bbox 1613 3129 1890 3185; x_wconf 86' lang='lat' dir='ltr'><strong><em>existima-</em></strong></span> 
     </span>
    </p>
   </div>
   <div class='ocr_carea' id='block_1_32' title="bbox 297 3221 1886 3292">
    <p class='ocr_par' dir='ltr' id='par_1_32' title="bbox 297 3221 1886 3292">
     <span class='ocr_line' id='line_1_32' title="bbox 297 3221 1886 3292; baseline -0.002 -13"><span class='ocrx_word' id='word_1_216' title='bbox 297 3241 458 3292; x_wconf 86' lang='lat' dir='ltr'><strong><em>mus;</em></strong></span> <span class='ocrx_word' id='word_1_217' title='bbox 508 3224 880 3280; x_wconf 85' lang='lat' dir='ltr'><strong><em>Tillemontius</em></strong></span> <span class='ocrx_word' id='word_1_218' title='bbox 925 3239 1056 3279; x_wconf 89' lang='lat' dir='ltr'><strong><em>vero</em></strong></span> <span class='ocrx_word' id='word_1_219' title='bbox 1105 3224 1157 3278; x_wconf 89' lang='lat' dir='ltr'><strong><em>in</em></strong></span> <span class='ocrx_word' id='word_1_220' title='bbox 1205 3238 1403 3278; x_wconf 90' lang='lat' dir='ltr'><strong><em>annum</em></strong></span> <span class='ocrx_word' id='word_1_221' title='bbox 1454 3221 1560 3278; x_wconf 75' lang='lat'><strong><em>388</em></strong></span> <span class='ocrx_word' id='word_1_222' title='bbox 1611 3229 1886 3292; x_wconf 86' lang='lat' dir='ltr'><strong><em>utramque</em></strong></span> 
     </span>
    </p>
   </div>
   <div class='ocr_carea' id='block_1_33' title="bbox 298 3316 1885 3387">
    <p class='ocr_par' dir='ltr' id='par_1_33' title="bbox 298 3316 1885 3387">
     <span class='ocr_line' id='line_1_33' title="bbox 298 3316 1885 3387; baseline -0.002 -14"><span class='ocrx_word' id='word_1_223' title='bbox 298 3318 594 3374; x_wconf 84' lang='lat' dir='ltr'><strong><em>amandare</em></strong></span> <span class='ocrx_word' id='word_1_224' title='bbox 617 3317 836 3376; x_wconf 83' lang='lat' dir='ltr'><strong><em>mavult.</em></strong></span> <span class='ocrx_word' id='word_1_225' title='bbox 867 3317 981 3386; x_wconf 84' lang='lat' dir='ltr'><strong><em>Qua</em></strong></span> <span class='ocrx_word' id='word_1_226' title='bbox 1011 3317 1080 3373; x_wconf 89' lang='lat' dir='ltr'><strong><em>de</em></strong></span> <span class='ocrx_word' id='word_1_227' title='bbox 1108 3333 1167 3373; x_wconf 89' lang='lat' dir='ltr'><strong><em>re</em></strong></span> <span class='ocrx_word' id='word_1_228' title='bbox 1192 3317 1430 3387; x_wconf 82' lang='lat' dir='ltr'><strong><em>pluribus</em></strong></span> <span class='ocrx_word' id='word_1_229' title='bbox 1455 3316 1803 3371; x_wconf 88' lang='lat' dir='ltr'><strong><em>disseruimus</em></strong></span> <span class='ocrx_word' id='word_1_230' title='bbox 1831 3316 1885 3370; x_wconf 91' lang='lat' dir='ltr'><strong><em>in</em></strong></span> 
     </span>
    </p>
   </div>
   <div class='ocr_carea' id='block_1_34' title="bbox 298 3407 1886 3478">
    <p class='ocr_par' dir='ltr' id='par_1_34' title="bbox 298 3407 1886 3478">
     <span class='ocr_line' id='line_1_34' title="bbox 298 3407 1886 3478; baseline -0.001 -14"><span class='ocrx_word' id='word_1_231' title='bbox 298 3408 502 3464; x_wconf 84' lang='lat' dir='ltr'><strong><em>Monito</em></strong></span> <span class='ocrx_word' id='word_1_232' title='bbox 543 3408 611 3464; x_wconf 90' lang='lat' dir='ltr'><strong><em>ad</em></strong></span> <span class='ocrx_word' id='word_1_233' title='bbox 640 3409 878 3474; x_wconf 88' lang='lat' dir='ltr'><strong><em>easdem,</em></strong></span> <span class='ocrx_word' id='word_1_234' title='bbox 911 3409 1000 3464; x_wconf 87' lang='lat' dir='ltr'><strong><em>ubi</em></strong></span> <span class='ocrx_word' id='word_1_235' title='bbox 1038 3407 1159 3464; x_wconf 87' lang='lat' dir='ltr'><strong><em>vide</em></strong></span> <span class='ocrx_word' id='word_1_236' title='bbox 1201 3409 1294 3463; x_wconf 91' lang='lat' dir='ltr'><strong><em>sis.</em></strong></span> <span class='ocrx_word' id='word_1_237' title='bbox 1343 3409 1396 3462; x_wconf 90' lang='lat' dir='ltr'><strong><em>In</em></strong></span> <span class='ocrx_word' id='word_1_238' title='bbox 1426 3408 1594 3478; x_wconf 86' lang='lat' dir='ltr'><strong><em>prima</em></strong></span> <span class='ocrx_word' id='word_1_239' title='bbox 1639 3408 1886 3463; x_wconf 80' lang='lat' dir='ltr'><strong><em>catechu-</em></strong></span> 
     </span>
    </p>
   </div>
   <div class='ocr_carea' id='block_1_35' title="bbox 297 3499 1887 3570">
    <p class='ocr_par' dir='ltr' id='par_1_35' title="bbox 297 3499 1887 3570">
     <span class='ocr_line' id='line_1_35' title="bbox 297 3499 1887 3570; baseline -0.001 -14"><span class='ocrx_word' id='word_1_240' title='bbox 297 3516 490 3556; x_wconf 88' lang='lat' dir='ltr'><strong><em>menos</em></strong></span> <span class='ocrx_word' id='word_1_241' title='bbox 514 3501 760 3569; x_wconf 84' lang='lat' dir='ltr'><strong><em>instituit,</em></strong></span> <span class='ocrx_word' id='word_1_242' title='bbox 791 3511 844 3558; x_wconf 89' lang='lat' dir='ltr'><strong><em>et</em></strong></span> <span class='ocrx_word' id='word_1_243' title='bbox 881 3499 1036 3556; x_wconf 89' lang='lat' dir='ltr'><strong><em>docet</em></strong></span> <span class='ocrx_word' id='word_1_244' title='bbox 1073 3516 1140 3556; x_wconf 84' lang='lat' dir='ltr'><strong><em>ea.</em></strong></span> <span class='ocrx_word' id='word_1_245' title='bbox 1167 3515 1285 3570; x_wconf 77' lang='lat' dir='ltr'><strong><em>qua:</em></strong></span> <span class='ocrx_word' id='word_1_246' title='bbox 1315 3501 1452 3556; x_wconf 91' lang='lat' dir='ltr'><strong><em>scire</em></strong></span> <span class='ocrx_word' id='word_1_247' title='bbox 1481 3516 1576 3570; x_wconf 92' lang='lat' dir='ltr'><strong><em>par</em></strong></span> <span class='ocrx_word' id='word_1_248' title='bbox 1605 3510 1720 3556; x_wconf 89' lang='lat' dir='ltr'><strong><em>erat</em></strong></span> <span class='ocrx_word' id='word_1_249' title='bbox 1749 3517 1762 3555; x_wconf 90' lang='lat'><strong>:</strong></span> <span class='ocrx_word' id='word_1_250' title='bbox 1793 3515 1887 3555; x_wconf 91' lang='lat' dir='ltr'><strong><em>ne-</em></strong></span> 
     </span>
    </p>
   </div>
   <div class='ocr_carea' id='block_1_36' title="bbox 297 3591 1885 3664">
    <p class='ocr_par' dir='ltr' id='par_1_36' title="bbox 297 3591 1885 3664">
     <span class='ocr_line' id='line_1_36' title="bbox 297 3591 1885 3664; baseline 0 -18"><span class='ocrx_word' id='word_1_251' title='bbox 297 3609 406 3662; x_wconf 87' lang='lat' dir='ltr'><strong><em>que</em></strong></span> <span class='ocrx_word' id='word_1_252' title='bbox 434 3592 577 3647; x_wconf 64' lang='lat' dir='ltr'><strong><em>etaim</em></strong></span> <span class='ocrx_word' id='word_1_253' title='bbox 602 3591 782 3648; x_wconf 86' lang='lat' dir='ltr'><strong><em>omnia</em></strong></span> <span class='ocrx_word' id='word_1_254' title='bbox 804 3591 1132 3648; x_wconf 86' lang='lat' dir='ltr'><strong><em>docebantur</em></strong></span> <span class='ocrx_word' id='word_1_255' title='bbox 1151 3591 1545 3658; x_wconf 88' lang='lat' dir='ltr'><strong><em>catechumeni;</em></strong></span> <span class='ocrx_word' id='word_1_256' title='bbox 1575 3592 1885 3664; x_wconf 83' lang='lat' dir='ltr'><strong><em>mysterium</em></strong></span> 
     </span>
    </p>
   </div>
   <div class='ocr_carea' id='block_1_37' title="bbox 299 3681 1885 3754">
    <p class='ocr_par' dir='ltr' id='par_1_37' title="bbox 299 3681 1885 3754">
     <span class='ocr_line' id='line_1_37' title="bbox 299 3681 1885 3754; baseline -0.001 -16"><span class='ocrx_word' id='word_1_257' title='bbox 299 3699 533 3754; x_wconf 83' lang='lat' dir='ltr'><strong><em>namque</em></strong></span> <span class='ocrx_word' id='word_1_258' title='bbox 583 3683 764 3739; x_wconf 86' lang='lat' dir='ltr'><strong><em>calicis</em></strong></span> <span class='ocrx_word' id='word_1_259' title='bbox 817 3682 1165 3754; x_wconf 79' lang='lat' dir='ltr'><strong><em>ignorabant,</em></strong></span> <span class='ocrx_word' id='word_1_260' title='bbox 1219 3681 1392 3738; x_wconf 86' lang='lat' dir='ltr'><strong><em>donec</em></strong></span> <span class='ocrx_word' id='word_1_261' title='bbox 1447 3683 1638 3737; x_wconf 89' lang='lat' dir='ltr'><strong><em>initiati</em></strong></span> <span class='ocrx_word' id='word_1_262' title='bbox 1684 3691 1885 3737; x_wconf 82' lang='lat' dir='ltr'><strong><em>essent.</em></strong></span> 
     </span>
    </p>
   </div>
   <div class='ocr_carea' id='block_1_38' title="bbox 299 3775 1884 3847">
    <p class='ocr_par' dir='ltr' id='par_1_38' title="bbox 299 3775 1884 3847">
     <span class='ocr_line' id='line_1_38' title="bbox 299 3775 1884 3847; baseline -0.003 -15"><span class='ocrx_word' id='word_1_263' title='bbox 299 3776 510 3832; x_wconf 83' lang='lat' dir='ltr'><strong><em>Laudat</em></strong></span> <span class='ocrx_word' id='word_1_264' title='bbox 549 3777 668 3831; x_wconf 88' lang='lat' dir='ltr'><strong><em>illos</em></strong></span> <span class='ocrx_word' id='word_1_265' title='bbox 703 3775 846 3847; x_wconf 85' lang='lat' dir='ltr'><strong><em>quod</em></strong></span> <span class='ocrx_word' id='word_1_266' title='bbox 886 3775 1112 3846; x_wconf 87' lang='lat' dir='ltr'><strong><em>juvenes</em></strong></span> <span class='ocrx_word' id='word_1_267' title='bbox 1153 3775 1472 3845; x_wconf 87' lang='lat' dir='ltr'><strong><em>baptismum</em></strong></span> <span class='ocrx_word' id='word_1_268' title='bbox 1510 3783 1690 3829; x_wconf 90' lang='lat' dir='ltr'><strong><em>essent</em></strong></span> <span class='ocrx_word' id='word_1_269' title='bbox 1731 3789 1884 3828; x_wconf 87' lang='lat' dir='ltr'><strong><em>accc-</em></strong></span> 
     </span>
    </p>
   </div>
   <div class='ocr_carea' id='block_1_39' title="bbox 299 3864 1886 3938">
    <p class='ocr_par' dir='ltr' id='par_1_39' title="bbox 299 3864 1886 3938">
     <span class='ocr_line' id='line_1_39' title="bbox 299 3864 1886 3938; baseline -0.004 -15"><span class='ocrx_word' id='word_1_270' title='bbox 299 3869 466 3938; x_wconf 88' lang='lat' dir='ltr'><strong><em>pturi,</em></strong></span> <span class='ocrx_word' id='word_1_271' title='bbox 497 3867 811 3936; x_wconf 84' lang='lat' dir='ltr'><strong><em>illorumque</em></strong></span> <span class='ocrx_word' id='word_1_272' title='bbox 856 3865 1231 3936; x_wconf 81' lang='lat' dir='ltr'><strong><em>negligentiam</em></strong></span> <span class='ocrx_word' id='word_1_273' title='bbox 1274 3865 1558 3934; x_wconf 85' lang='lat' dir='ltr'><strong><em>improbat,</em></strong></span> <span class='ocrx_word' id='word_1_274' title='bbox 1591 3865 1680 3934; x_wconf 89' lang='lat' dir='ltr'><strong><em>qui</em></strong></span> <span class='ocrx_word' id='word_1_275' title='bbox 1709 3864 1886 3934; x_wconf 83' lang='lat' dir='ltr'><strong><em>bapti-</em></strong></span> 
     </span>
    </p>
   </div>
   <div class='ocr_carea' id='block_1_40' title="bbox 297 3956 1887 4028">
    <p class='ocr_par' dir='ltr' id='par_1_40' title="bbox 297 3956 1887 4028">
     <span class='ocr_line' id='line_1_40' title="bbox 297 3956 1887 4028; baseline -0.002 -15"><span class='ocrx_word' id='word_1_276' title='bbox 297 3974 478 4014; x_wconf 88' lang='lat' dir='ltr'><strong><em>smum</em></strong></span> <span class='ocrx_word' id='word_1_277' title='bbox 521 3957 836 4013; x_wconf 81' lang='lat' dir='ltr'><strong><em>dill’erebant</em></strong></span> <span class='ocrx_word' id='word_1_278' title='bbox 877 3972 1044 4028; x_wconf 90' lang='lat' dir='ltr'><strong><em>usque</em></strong></span> <span class='ocrx_word' id='word_1_279' title='bbox 1088 3956 1155 4010; x_wconf 88' lang='lat' dir='ltr'><strong><em>ad</em></strong></span> <span class='ocrx_word' id='word_1_280' title='bbox 1203 3964 1452 4012; x_wconf 89' lang='lat' dir='ltr'><strong><em>mortem.</em></strong></span> <span class='ocrx_word' id='word_1_281' title='bbox 1483 3956 1738 4026; x_wconf 87' lang='lat' dir='ltr'><strong><em>Baptismi</em></strong></span> <span class='ocrx_word' id='word_1_282' title='bbox 1787 3971 1887 4010; x_wconf 86' lang='lat' dir='ltr'><strong><em>no-</em></strong></span> 
     </span>
    </p>
   </div>
   <div class='ocr_carea' id='block_1_41' title="bbox 299 4050 1888 4121">
    <p class='ocr_par' dir='ltr' id='par_1_41' title="bbox 299 4050 1888 4121">
     <span class='ocr_line' id='line_1_41' title="bbox 299 4050 1888 4121; baseline -0.001 -13"><span class='ocrx_word' id='word_1_283' title='bbox 299 4052 448 4109; x_wconf 89' lang='lat' dir='ltr'><strong><em>mina</em></strong></span> <span class='ocrx_word' id='word_1_284' title='bbox 497 4052 662 4107; x_wconf 89' lang='lat' dir='ltr'><strong><em>multa</em></strong></span> <span class='ocrx_word' id='word_1_285' title='bbox 700 4065 821 4106; x_wconf 90' lang='lat' dir='ltr'><strong><em>esse</em></strong></span> <span class='ocrx_word' id='word_1_286' title='bbox 849 4050 1024 4114; x_wconf 86' lang='lat' dir='ltr'><strong><em>docet,</em></strong></span> <span class='ocrx_word' id='word_1_287' title='bbox 1065 4065 1258 4120; x_wconf 89' lang='lat' dir='ltr'><strong><em>nempe</em></strong></span> <span class='ocrx_word' id='word_1_288' title='bbox 1296 4051 1568 4106; x_wconf 85' lang='lat' dir='ltr'><strong><em>lavacrum</em></strong></span> <span class='ocrx_word' id='word_1_289' title='bbox 1606 4066 1888 4121; x_wconf 74' lang='lat' dir='ltr'><strong><em>regenera~</em></strong></span> 
     </span>
    </p>
   </div>
   <div class='ocr_carea' id='block_1_42' title="bbox 299 4141 1886 4213">
    <p class='ocr_par' dir='ltr' id='par_1_42' title="bbox 299 4141 1886 4213">
     <span class='ocr_line' id='line_1_42' title="bbox 299 4141 1886 4213; baseline -0.001 -14"><span class='ocrx_word' id='word_1_290' title='bbox 299 4145 484 4211; x_wconf 86' lang='lat' dir='ltr'><strong><em>tionis,</em></strong></span> <span class='ocrx_word' id='word_1_291' title='bbox 513 4143 846 4207; x_wconf 89' lang='lat' dir='ltr'><strong><em>illuminatio,</em></strong></span> <span class='ocrx_word' id='word_1_292' title='bbox 869 4142 1154 4213; x_wconf 89' lang='lat' dir='ltr'><strong><em>baptisma,</em></strong></span> <span class='ocrx_word' id='word_1_293' title='bbox 1186 4141 1481 4210; x_wconf 84' lang='lat' dir='ltr'><strong><em>sepultura,</em></strong></span> <span class='ocrx_word' id='word_1_294' title='bbox 1509 4157 1638 4196; x_wconf 88' lang='lat' dir='ltr'><strong><em>crux</em></strong></span> <span class='ocrx_word' id='word_1_295' title='bbox 1669 4153 1722 4196; x_wconf 90' lang='lat' dir='ltr'><strong><em>et</em></strong></span> <span class='ocrx_word' id='word_1_296' title='bbox 1746 4141 1847 4196; x_wconf 89' lang='lat' dir='ltr'><strong><em>alia</em></strong></span> <span class='ocrx_word' id='word_1_297' title='bbox 1872 4159 1886 4197; x_wconf 89' lang='lat'><strong>:</strong></span> 
     </span>
    </p>
   </div>
   <div class='ocr_carea' id='block_1_43' title="bbox 297 4234 1889 4307">
    <p class='ocr_par' dir='ltr' id='par_1_43' title="bbox 297 4234 1889 4307">
     <span class='ocr_line' id='line_1_43' title="bbox 297 4234 1889 4307; baseline -0.003 -15"><span class='ocrx_word' id='word_1_298' title='bbox 297 4239 635 4307; x_wconf 87' lang='lat' dir='ltr'><strong><em>multumque</em></strong></span> <span class='ocrx_word' id='word_1_299' title='bbox 659 4236 945 4291; x_wconf 84' lang='lat' dir='ltr'><strong><em>discrimen</em></strong></span> <span class='ocrx_word' id='word_1_300' title='bbox 973 4249 1092 4290; x_wconf 88' lang='lat' dir='ltr'><strong><em>esse</em></strong></span> <span class='ocrx_word' id='word_1_301' title='bbox 1121 4234 1249 4290; x_wconf 90' lang='lat' dir='ltr'><strong><em>dicit</em></strong></span> <span class='ocrx_word' id='word_1_302' title='bbox 1273 4235 1412 4289; x_wconf 88' lang='lat' dir='ltr'><strong><em>inter</em></strong></span> <span class='ocrx_word' id='word_1_303' title='bbox 1443 4234 1762 4304; x_wconf 89' lang='lat' dir='ltr'><strong><em>baptismum</em></strong></span> <span class='ocrx_word' id='word_1_304' title='bbox 1791 4234 1889 4290; x_wconf 86' lang='lat' dir='ltr'><strong><em>Ju-</em></strong></span> 
     </span>
    </p>
   </div>
   <div class='ocr_carea' id='block_1_44' title="bbox 300 4326 1891 4397">
    <p class='ocr_par' dir='ltr' id='par_1_44' title="bbox 300 4326 1891 4397">
     <span class='ocr_line' id='line_1_44' title="bbox 300 4326 1891 4397; baseline -0.001 -12"><span class='ocrx_word' id='word_1_305' title='bbox 300 4331 543 4386; x_wconf 70' lang='lat' dir='ltr'><strong><em>dmorum</em></strong></span> <span class='ocrx_word' id='word_1_306' title='bbox 558 4337 613 4384; x_wconf 89' lang='lat' dir='ltr'><strong><em>et</em></strong></span> <span class='ocrx_word' id='word_1_307' title='bbox 627 4328 1072 4384; x_wconf 87' lang='lat' dir='ltr'><strong><em>Christianorum.</em></strong></span> <span class='ocrx_word' id='word_1_308' title='bbox 1087 4326 1390 4382; x_wconf 86' lang='lat' dir='ltr'><strong><em>Christiano</em></strong></span> <span class='ocrx_word' id='word_1_309' title='bbox 1411 4327 1644 4397; x_wconf 81' lang='lat' dir='ltr'><strong><em>linguam</em></strong></span> <span class='ocrx_word' id='word_1_310' title='bbox 1660 4328 1891 4383; x_wconf 84' lang='lat' dir='ltr'><strong><em>maxime</em></strong></span> 
     </span>
    </p>
   </div>
   <div class='ocr_carea' id='block_1_45' title="bbox 299 4419 1888 4492">
    <p class='ocr_par' dir='ltr' id='par_1_45' title="bbox 299 4419 1888 4492">
     <span class='ocr_line' id='line_1_45' title="bbox 299 4419 1888 4492; baseline -0.003 -13"><span class='ocrx_word' id='word_1_311' title='bbox 299 4422 657 4480; x_wconf 77' lang='lat' dir='ltr'><strong><em>cohibendum</em></strong></span> <span class='ocrx_word' id='word_1_312' title='bbox 699 4437 839 4488; x_wconf 89' lang='lat' dir='ltr'><strong><em>esse,</em></strong></span> <span class='ocrx_word' id='word_1_313' title='bbox 887 4437 953 4478; x_wconf 85' lang='lat' dir='ltr'><strong><em>ex</em></strong></span> <span class='ocrx_word' id='word_1_314' title='bbox 995 4435 1098 4492; x_wconf 87' lang='lat' dir='ltr'><strong><em>qua</em></strong></span> <span class='ocrx_word' id='word_1_315' title='bbox 1149 4421 1328 4490; x_wconf 87' lang='lat' dir='ltr'><strong><em>lapsus</em></strong></span> <span class='ocrx_word' id='word_1_316' title='bbox 1361 4419 1512 4475; x_wconf 89' lang='lat' dir='ltr'><strong><em>multi</em></strong></span> <span class='ocrx_word' id='word_1_317' title='bbox 1554 4419 1888 4490; x_wconf 86' lang='lat' dir='ltr'><strong><em>proveniant.</em></strong></span> 
     </span>
    </p>
   </div>
   <div class='ocr_carea' id='block_1_46' title="bbox 299 4513 1889 4584">
    <p class='ocr_par' dir='ltr' id='par_1_46' title="bbox 299 4513 1889 4584">
     <span class='ocr_line' id='line_1_46' title="bbox 299 4513 1889 4584; baseline -0.003 -12"><span class='ocrx_word' id='word_1_318' title='bbox 299 4516 519 4572; x_wconf 86' lang='lat' dir='ltr'><strong><em>Claudit</em></strong></span> <span class='ocrx_word' id='word_1_319' title='bbox 563 4517 779 4572; x_wconf 88' lang='lat' dir='ltr'><strong><em>demum</em></strong></span> <span class='ocrx_word' id='word_1_320' title='bbox 833 4514 1016 4571; x_wconf 77' lang='lat' dir='ltr'><strong><em>dicens</em></strong></span> <span class='ocrx_word' id='word_1_321' title='bbox 1063 4529 1094 4569; x_wconf 92' lang='lat' dir='ltr'><strong><em>a</em></strong></span> <span class='ocrx_word' id='word_1_322' title='bbox 1146 4513 1463 4584; x_wconf 73' lang='lat' dir='ltr'><strong><em>iuramentis</em></strong></span> <span class='ocrx_word' id='word_1_323' title='bbox 1517 4513 1889 4569; x_wconf 89' lang='lat' dir='ltr'><strong><em>abstinendum</em></strong></span> 
     </span>
    </p>
   </div>
   <div class='ocr_carea' id='block_1_47' title="bbox 298 4607 1892 4682">
    <p class='ocr_par' dir='ltr' id='par_1_47' title="bbox 298 4607 1892 4682">
     <span class='ocr_line' id='line_1_47' title="bbox 298 4607 1892 4682; baseline -0.006 -13"><span class='ocrx_word' id='word_1_324' title='bbox 298 4627 447 4679; x_wconf 83' lang='lat' dir='ltr'><strong><em>esse,</em></strong></span> <span class='ocrx_word' id='word_1_325' title='bbox 479 4609 622 4682; x_wconf 87' lang='lat' dir='ltr'><strong><em>quod</em></strong></span> <span class='ocrx_word' id='word_1_326' title='bbox 663 4609 860 4666; x_wconf 89' lang='lat' dir='ltr'><strong><em>malum</em></strong></span> <span class='ocrx_word' id='word_1_327' title='bbox 895 4607 1189 4664; x_wconf 73' lang='lat' dir='ltr'><strong><em>Antiochia:</em></strong></span> <span class='ocrx_word' id='word_1_328' title='bbox 1233 4608 1462 4662; x_wconf 78' lang='lat' dir='ltr'><strong><em>maxime</em></strong></span> <span class='ocrx_word' id='word_1_329' title='bbox 1487 4616 1612 4662; x_wconf 90' lang='lat' dir='ltr'><strong><em>tunc</em></strong></span> <span class='ocrx_word' id='word_1_330' title='bbox 1638 4608 1892 4676; x_wconf 84' lang='lat' dir='ltr'><strong><em>temporis</em></strong></span> 
     </span>
    </p>
   </div>
   <div class='ocr_carea' id='block_1_48' title="bbox 301 4697 1895 4773">
    <p class='ocr_par' dir='ltr' id='par_1_48' title="bbox 301 4697 1895 4773">
     <span class='ocr_line' id='line_1_48' title="bbox 301 4697 1895 4773; baseline -0.006 -12"><span class='ocrx_word' id='word_1_331' title='bbox 301 4706 621 4771; x_wconf 82' lang='lat' dir='ltr'><strong><em>invaluerat,</em></strong></span> <span class='ocrx_word' id='word_1_332' title='bbox 653 4710 817 4773; x_wconf 89' lang='lat' dir='ltr'><strong><em>atque</em></strong></span> <span class='ocrx_word' id='word_1_333' title='bbox 847 4700 940 4756; x_wconf 91' lang='lat' dir='ltr'><strong><em>illo</em></strong></span> <span class='ocrx_word' id='word_1_334' title='bbox 963 4701 1136 4755; x_wconf 90' lang='lat' dir='ltr'><strong><em>solum</em></strong></span> <span class='ocrx_word' id='word_1_335' title='bbox 1175 4715 1316 4754; x_wconf 90' lang='lat' dir='ltr'><strong><em>anno</em></strong></span> <span class='ocrx_word' id='word_1_336' title='bbox 1341 4699 1444 4754; x_wconf 81' lang='grc'><strong><em>587</em></strong></span> <span class='ocrx_word' id='word_1_337' title='bbox 1473 4714 1567 4770; x_wconf 90' lang='lat' dir='ltr'><strong><em>per</em></strong></span> <span class='ocrx_word' id='word_1_338' title='bbox 1591 4697 1895 4767; x_wconf 85' lang='lat' dir='ltr'><strong><em>Quadrage-</em></strong></span> 
     </span>
    </p>
   </div>
   <div class='ocr_carea' id='block_1_49' title="bbox 299 4791 1890 4862">
    <p class='ocr_par' dir='ltr' id='par_1_49' title="bbox 299 4791 1890 4862">
     <span class='ocr_line' id='line_1_49' title="bbox 299 4791 1890 4862; baseline -0.005 -9"><span class='ocrx_word' id='word_1_339' title='bbox 299 4799 498 4853; x_wconf 82' lang='lat' dir='ltr'><strong><em>simam</em></strong></span> <span class='ocrx_word' id='word_1_340' title='bbox 539 4803 705 4850; x_wconf 87' lang='lat' dir='ltr'><strong><em>totam</em></strong></span> <span class='ocrx_word' id='word_1_341' title='bbox 748 4801 940 4850; x_wconf 89' lang='lat' dir='ltr'><strong><em>contra</em></strong></span> <span class='ocrx_word' id='word_1_342' title='bbox 970 4792 1272 4862; x_wconf 89' lang='lat' dir='ltr'><strong><em>juramenta</em></strong></span> <span class='ocrx_word' id='word_1_343' title='bbox 1310 4791 1615 4847; x_wconf 88' lang='lat' dir='ltr'><strong><em>concionari</em></strong></span> <span class='ocrx_word' id='word_1_344' title='bbox 1667 4791 1890 4857; x_wconf 88' lang='lat' dir='ltr'><strong><em>solebat,</em></strong></span> 
     </span>
    </p>
   </div>
   <div class='ocr_carea' id='block_1_50' title="bbox 300 4883 1557 4960">
    <p class='ocr_par' dir='ltr' id='par_1_50' title="bbox 300 4883 1557 4960">
     <span class='ocr_line' id='line_1_50' title="bbox 300 4883 1557 4960; baseline -0.004 -17"><span class='ocrx_word' id='word_1_345' title='bbox 300 4887 453 4960; x_wconf 88' lang='lat' dir='ltr'><strong><em>quod</em></strong></span> <span class='ocrx_word' id='word_1_346' title='bbox 481 4887 798 4943; x_wconf 89' lang='lat' dir='ltr'><strong><em>sententiam</em></strong></span> <span class='ocrx_word' id='word_1_347' title='bbox 831 4895 1067 4940; x_wconf 89' lang='lat' dir='ltr'><strong><em>nostram</em></strong></span> <span class='ocrx_word' id='word_1_348' title='bbox 1094 4883 1306 4938; x_wconf 87' lang='lat' dir='ltr'><strong><em>ﬁrmare</em></strong></span> <span class='ocrx_word' id='word_1_349' title='bbox 1325 4884 1557 4939; x_wconf 90' lang='lat' dir='ltr'><strong><em>videtur.</em></strong></span> 
     </span>
    </p>
   </div>
   <div class='ocr_carea' id='block_1_51' title="bbox 382 4973 1894 5044">
    <p class='ocr_par' dir='ltr' id='par_1_51' title="bbox 382 4973 1894 5044">
     <span class='ocr_line' id='line_1_51' title="bbox 382 4973 1894 5044; baseline -0.003 -11"><span class='ocrx_word' id='word_1_350' title='bbox 382 4979 437 5033; x_wconf 92' lang='lat' dir='ltr'><strong><em>In</em></strong></span> <span class='ocrx_word' id='word_1_351' title='bbox 468 4977 699 5034; x_wconf 87' lang='lat' dir='ltr'><strong><em>secunda</em></strong></span> <span class='ocrx_word' id='word_1_352' title='bbox 730 4975 996 5032; x_wconf 84' lang='lat' dir='ltr'><strong><em>catecbesi</em></strong></span> <span class='ocrx_word' id='word_1_353' title='bbox 1023 4974 1442 5030; x_wconf 89' lang='lat' dir='ltr'><strong><em>illuminatorum</em></strong></span> <span class='ocrx_word' id='word_1_354' title='bbox 1471 4987 1564 5028; x_wconf 90' lang='lat' dir='ltr'><strong><em>seu</em></strong></span> <span class='ocrx_word' id='word_1_355' title='bbox 1601 4973 1894 5044; x_wconf 86' lang='lat' dir='ltr'><strong><em>baptizato—</em></strong></span> 
     </span>
    </p>
   </div>
   <div class='ocr_carea' id='block_1_52' title="bbox 301 5065 1894 5141">
    <p class='ocr_par' dir='ltr' id='par_1_52' title="bbox 301 5065 1894 5141">
     <span class='ocr_line' id='line_1_52' title="bbox 301 5065 1894 5141; baseline -0.005 -12"><span class='ocrx_word' id='word_1_356' title='bbox 301 5087 430 5129; x_wconf 83' lang='lat' dir='ltr'><strong><em>rum</em></strong></span> <span class='ocrx_word' id='word_1_357' title='bbox 460 5070 634 5126; x_wconf 78' lang='lat' dir='ltr'><strong><em>ofﬁcia</em></strong></span> <span class='ocrx_word' id='word_1_358' title='bbox 676 5069 909 5141; x_wconf 82' lang='lat' dir='ltr'><strong><em>explicat</em></strong></span> <span class='ocrx_word' id='word_1_359' title='bbox 937 5085 953 5123; x_wconf 89' lang='lat'><strong>:</strong></span> <span class='ocrx_word' id='word_1_360' title='bbox 980 5067 1145 5123; x_wconf 85' lang='lat' dir='ltr'><strong><em>verba</em></strong></span> <span class='ocrx_word' id='word_1_361' title='bbox 1173 5065 1339 5121; x_wconf 75' lang='lat' dir='ltr'><strong><em>refert</em></strong></span> <span class='ocrx_word' id='word_1_362' title='bbox 1379 5065 1437 5120; x_wconf 90' lang='lat' dir='ltr'><strong><em>in</em></strong></span> <span class='ocrx_word' id='word_1_363' title='bbox 1463 5065 1728 5136; x_wconf 89' lang='lat' dir='ltr'><strong><em>baptismo</em></strong></span> <span class='ocrx_word' id='word_1_364' title='bbox 1765 5080 1894 5136; x_wconf 90' lang='lat' dir='ltr'><strong><em>pro-</em></strong></span> 
     </span>
    </p>
   </div>
   <div class='ocr_carea' id='block_1_53' title="bbox 304 5153 1898 5234">
    <p class='ocr_par' dir='ltr' id='par_1_53' title="bbox 304 5153 1898 5234">
     <span class='ocr_line' id='line_1_53' title="bbox 304 5153 1898 5234; baseline -0.007 -13"><span class='ocrx_word' id='word_1_365' title='bbox 304 5166 440 5231; x_wconf 87' lang='lat' dir='ltr'><strong><em>lata,</em></strong></span> <span class='ocrx_word' id='word_1_366' title='bbox 471 5177 682 5234; x_wconf 80' lang='lat' dir='ltr'><strong><em>nempe,</em></strong></span> <span class='ocrx_word' id='word_1_367' title='bbox 713 5161 1022 5218; x_wconf 81' lang='lat' dir='ltr'><strong><em>Abrenuntio</em></strong></span> <span class='ocrx_word' id='word_1_368' title='bbox 1047 5159 1156 5225; x_wconf 86' lang='lat' dir='ltr'><strong><em>tibi,</em></strong></span> <span class='ocrx_word' id='word_1_369' title='bbox 1183 5153 1396 5226; x_wconf 90' lang='lat' dir='ltr'><strong><em>Satana,</em></strong></span> <span class='ocrx_word' id='word_1_370' title='bbox 1430 5169 1476 5213; x_wconf 89' lang='lat' dir='ltr'><strong><em>et</em></strong></span> <span class='ocrx_word' id='word_1_371' title='bbox 1504 5173 1705 5228; x_wconf 72' lang='lat' dir='ltr'><strong><em>pompa:</em></strong></span> <span class='ocrx_word' id='word_1_372' title='bbox 1727 5167 1826 5212; x_wconf 78' lang='lat' dir='ltr'><strong><em>tua:</em></strong></span> <span class='ocrx_word' id='word_1_373' title='bbox 1849 5165 1898 5210; x_wconf 89' lang='lat' dir='ltr'><strong><em>et</em></strong></span> 
     </span>
    </p>
   </div>
   <div class='ocr_carea' id='block_1_54' title="bbox 303 5247 1901 5319">
    <p class='ocr_par' dir='ltr' id='par_1_54' title="bbox 303 5247 1901 5319">
     <span class='ocr_line' id='line_1_54' title="bbox 303 5247 1901 5319; baseline -0.007 -7"><span class='ocrx_word' id='word_1_374' title='bbox 303 5255 471 5312; x_wconf 83' lang='lat' dir='ltr'><strong><em>cultui</em></strong></span> <span class='ocrx_word' id='word_1_375' title='bbox 493 5264 597 5310; x_wconf 87' lang='lat' dir='ltr'><strong><em>tuo.</em></strong></span> <span class='ocrx_word' id='word_1_376' title='bbox 631 5253 784 5310; x_wconf 89' lang='lat' dir='ltr'><strong><em>Unde</em></strong></span> <span class='ocrx_word' id='word_1_377' title='bbox 824 5253 1163 5310; x_wconf 88' lang='lat' dir='ltr'><strong><em>occasionem</em></strong></span> <span class='ocrx_word' id='word_1_378' title='bbox 1209 5249 1372 5304; x_wconf 87' lang='lat' dir='ltr'><strong><em>sumit</em></strong></span> <span class='ocrx_word' id='word_1_379' title='bbox 1416 5247 1668 5319; x_wconf 86' lang='lat' dir='ltr'><strong><em>carpendi</em></strong></span> <span class='ocrx_word' id='word_1_380' title='bbox 1711 5249 1901 5303; x_wconf 83' lang='lat' dir='ltr'><strong><em>mulie-</em></strong></span> 
     </span>
    </p>
   </div>
   <div class='ocr_carea' id='block_1_55' title="bbox 303 5341 1900 5420">
    <p class='ocr_par' dir='ltr' id='par_1_55' title="bbox 303 5341 1900 5420">
     <span class='ocr_line' id='line_1_55' title="bbox 303 5341 1900 5420; baseline -0.008 -16"><span class='ocrx_word' id='word_1_381' title='bbox 303 5363 436 5414; x_wconf 88' lang='lat' dir='ltr'><strong><em>res,</em></strong></span> <span class='ocrx_word' id='word_1_382' title='bbox 481 5361 601 5420; x_wconf 83' lang='lat' dir='ltr'><strong><em>qnae</em></strong></span> <span class='ocrx_word' id='word_1_383' title='bbox 647 5347 814 5401; x_wconf 88' lang='lat' dir='ltr'><strong><em>nimio</em></strong></span> <span class='ocrx_word' id='word_1_384' title='bbox 859 5345 1068 5400; x_wconf 87' lang='lat' dir='ltr'><strong><em>ornatui</em></strong></span> <span class='ocrx_word' id='word_1_385' title='bbox 1117 5341 1421 5398; x_wconf 87' lang='lat' dir='ltr'><strong><em>studebant.</em></strong></span> <span class='ocrx_word' id='word_1_386' title='bbox 1474 5341 1729 5410; x_wconf 87' lang='lat' dir='ltr'><strong><em>Pompam</em></strong></span> <span class='ocrx_word' id='word_1_387' title='bbox 1772 5353 1900 5393; x_wconf 90' lang='lat' dir='ltr'><strong><em>vero</em></strong></span> 
     </span>
    </p>
   </div>
   <div class='ocr_carea' id='block_1_56' title="bbox 304 5430 1899 5503">
    <p class='ocr_par' dir='ltr' id='par_1_56' title="bbox 304 5430 1899 5503">
     <span class='ocr_line' id='line_1_56' title="bbox 304 5430 1899 5503; baseline -0.008 -7"><span class='ocrx_word' id='word_1_388' title='bbox 304 5439 602 5496; x_wconf 89' lang='lat' dir='ltr'><strong><em>satanicam</em></strong></span> <span class='ocrx_word' id='word_1_389' title='bbox 633 5450 752 5494; x_wconf 87' lang='lat' dir='ltr'><strong><em>esse</em></strong></span> <span class='ocrx_word' id='word_1_390' title='bbox 774 5437 923 5503; x_wconf 90' lang='lat' dir='ltr'><strong><em>dicit,</em></strong></span> <span class='ocrx_word' id='word_1_391' title='bbox 947 5436 1173 5496; x_wconf 86' lang='lat' dir='ltr'><strong><em>theatra,</em></strong></span> <span class='ocrx_word' id='word_1_392' title='bbox 1193 5434 1462 5488; x_wconf 88' lang='lat' dir='ltr'><strong><em>circenses</em></strong></span> <span class='ocrx_word' id='word_1_393' title='bbox 1491 5431 1664 5498; x_wconf 87' lang='lat' dir='ltr'><strong><em>ludos,</em></strong></span> <span class='ocrx_word' id='word_1_394' title='bbox 1691 5430 1899 5486; x_wconf 88' lang='lat' dir='ltr'><strong><em>dierum</em></strong></span> 
     </span>
    </p>
   </div>
   <div class='ocr_carea' id='block_1_57' title="bbox 307 5521 1900 5601">
    <p class='ocr_par' dir='ltr' id='par_1_57' title="bbox 307 5521 1900 5601">
     <span class='ocr_line' id='line_1_57' title="bbox 307 5521 1900 5601; baseline -0.01 -13"><span class='ocrx_word' id='word_1_395' title='bbox 307 5529 738 5596; x_wconf 83' lang='lat' dir='ltr'><strong><em>observationes,</em></strong></span> <span class='ocrx_word' id='word_1_396' title='bbox 781 5526 1076 5601; x_wconf 64' lang='lat' dir='ltr'><strong><em>praestigias</em></strong></span> <span class='ocrx_word' id='word_1_397' title='bbox 1119 5533 1174 5580; x_wconf 91' lang='lat' dir='ltr'><strong><em>et</em></strong></span> <span class='ocrx_word' id='word_1_398' title='bbox 1204 5524 1404 5579; x_wconf 89' lang='lat' dir='ltr'><strong><em>omina.</em></strong></span> <span class='ocrx_word' id='word_1_399' title='bbox 1443 5521 1700 5590; x_wconf 89' lang='lat' dir='ltr'><strong><em>Loquitur</em></strong></span> <span class='ocrx_word' id='word_1_400' title='bbox 1737 5521 1900 5576; x_wconf 87' lang='lat' dir='ltr'><strong><em>etiam</em></strong></span> 
     </span>
    </p>
   </div>
   <div class='ocr_carea' id='block_1_58' title="bbox 308 5613 1902 5693">
    <p class='ocr_par' dir='ltr' id='par_1_58' title="bbox 308 5613 1902 5693">
     <span class='ocr_line' id='line_1_58' title="bbox 308 5613 1902 5693; baseline -0.008 -13"><span class='ocrx_word' id='word_1_401' title='bbox 308 5625 386 5680; x_wconf 87' lang='lat' dir='ltr'><strong><em>de</em></strong></span> <span class='ocrx_word' id='word_1_402' title='bbox 413 5622 498 5689; x_wconf 83' lang='lat' dir='ltr'><strong><em>iis,</em></strong></span> <span class='ocrx_word' id='word_1_403' title='bbox 525 5623 614 5693; x_wconf 91' lang='lat' dir='ltr'><strong><em>qui</em></strong></span> <span class='ocrx_word' id='word_1_404' title='bbox 649 5619 974 5677; x_wconf 89' lang='lat' dir='ltr'><strong><em>carminibus</em></strong></span> <span class='ocrx_word' id='word_1_405' title='bbox 1017 5626 1072 5672; x_wconf 90' lang='lat' dir='ltr'><strong><em>et</em></strong></span> <span class='ocrx_word' id='word_1_406' title='bbox 1107 5618 1346 5688; x_wconf 85' lang='lat' dir='ltr'><strong><em>ligaturls</em></strong></span> <span class='ocrx_word' id='word_1_407' title='bbox 1373 5615 1676 5680; x_wconf 89' lang='lat' dir='ltr'><strong><em>utebantur,</em></strong></span> <span class='ocrx_word' id='word_1_408' title='bbox 1706 5613 1902 5685; x_wconf 89' lang='lat' dir='ltr'><strong><em>quique</em></strong></span> 
     </span>
    </p>
   </div>
   <div class='ocr_carea' id='block_1_59' title="bbox 310 5703 1900 5774">
    <p class='ocr_par' dir='ltr' id='par_1_59' title="bbox 310 5703 1900 5774">
     <span class='ocr_line' id='line_1_59' title="bbox 310 5703 1900 5774; baseline -0.006 -5"><span class='ocrx_word' id='word_1_409' title='bbox 310 5713 639 5771; x_wconf 73' lang='lat' dir='ltr'><strong><em>numismata</em></strong></span> <span class='ocrx_word' id='word_1_410' title='bbox 669 5709 956 5766; x_wconf 78' lang='lat' dir='ltr'><strong><em>Alexandri</em></strong></span> <span class='ocrx_word' id='word_1_411' title='bbox 997 5707 1299 5763; x_wconf 71' lang='lat' dir='ltr'><strong><em>Macedonis</em></strong></span> <span class='ocrx_word' id='word_1_412' title='bbox 1343 5720 1504 5762; x_wconf 88' lang='lat' dir='ltr'><strong><em>aurea</em></strong></span> <span class='ocrx_word' id='word_1_413' title='bbox 1535 5703 1696 5774; x_wconf 87' lang='lat' dir='ltr'><strong><em>capiti</em></strong></span> <span class='ocrx_word' id='word_1_414' title='bbox 1721 5712 1776 5759; x_wconf 90' lang='lat' dir='ltr'><strong><em>et</em></strong></span> <span class='ocrx_word' id='word_1_415' title='bbox 1804 5718 1900 5773; x_wconf 88' lang='lat' dir='ltr'><strong><em>pe-</em></strong></span> 
     </span>
    </p>
   </div>
   <div class='ocr_carea' id='block_1_60' title="bbox 309 5795 1900 5874">
    <p class='ocr_par' dir='ltr' id='par_1_60' title="bbox 309 5795 1900 5874">
     <span class='ocr_line' id='line_1_60' title="bbox 309 5795 1900 5874; baseline -0.008 -11"><span class='ocrx_word' id='word_1_416' title='bbox 309 5805 476 5864; x_wconf 84' lang='lat' dir='ltr'><strong><em>dibus</em></strong></span> <span class='ocrx_word' id='word_1_417' title='bbox 500 5800 960 5874; x_wconf 84' lang='lat' dir='ltr'><strong><em>circnmligahant,</em></strong></span> <span class='ocrx_word' id='word_1_418' title='bbox 986 5806 1146 5870; x_wconf 89' lang='lat' dir='ltr'><strong><em>atque</em></strong></span> <span class='ocrx_word' id='word_1_419' title='bbox 1187 5800 1242 5856; x_wconf 91' lang='lat' dir='ltr'><strong><em>in</em></strong></span> <span class='ocrx_word' id='word_1_420' title='bbox 1281 5800 1423 5870; x_wconf 83' lang='lat' dir='ltr'><strong><em>regis</em></strong></span> <span class='ocrx_word' id='word_1_421' title='bbox 1449 5795 1738 5855; x_wconf 79' lang='lat' dir='ltr'><strong><em>idololatra:</em></strong></span> <span class='ocrx_word' id='word_1_422' title='bbox 1766 5796 1900 5852; x_wconf 88' lang='lat' dir='ltr'><strong><em>ima-</em></strong></span> 
     </span>
    </p>
   </div>
   <div class='ocr_carea' id='block_1_61' title="bbox 1469 347 2384 409">
    <p class='ocr_par' dir='ltr' id='par_1_61' title="bbox 1469 347 2384 409">
     <span class='ocr_line' id='line_1_61' title="bbox 1469 347 2384 409; baseline -0.003 0"><span class='ocrx_word' id='word_1_423' title='bbox 1469 351 1652 409; x_wconf 73' lang='grc' dir='ltr'><strong><em>Νι]Νο</em></strong></span> <span class='ocrx_word' id='word_1_424' title='bbox 1691 347 1954 406; x_wconf 77' lang='lat' dir='ltr'><strong><em>PRIMUM</em></strong></span> <span class='ocrx_word' id='word_1_425' title='bbox 1989 347 2384 406; x_wconf 79' lang='lat' dir='ltr'><strong><em>ADORNATA.</em></strong></span> 
     </span>
    </p>
   </div>
   <div class='ocr_carea' id='block_1_62' title="bbox 3475 366 3580 425">
    <p class='ocr_par' dir='ltr' id='par_1_62' title="bbox 3475 366 3580 425">
     <span class='ocr_line' id='line_1_62' title="bbox 3475 366 3580 425; baseline 0.029 -3"><span class='ocrx_word' id='word_1_426' title='bbox 3475 366 3580 425; x_wconf 72' lang='grc'><strong><em>180</em></strong></span> 
     </span>
    </p>
   </div>
   <div class='ocr_carea' id='block_1_63' title="bbox 2000 464 3578 556">
    <p class='ocr_par' dir='ltr' id='par_1_63' title="bbox 2000 464 3578 556">
     <span class='ocr_line' id='line_1_63' title="bbox 2000 464 3578 556; baseline 0.016 -39"><span class='ocrx_word' id='word_1_427' title='bbox 2000 464 2122 556; x_wconf 75' lang='lat' dir='ltr'><strong><em>giae</em></strong></span> <span class='ocrx_word' id='word_1_428' title='bbox 2143 477 2293 556; x_wconf 78' lang='lat' dir='ltr'><strong><em>spem</em></strong></span> <span class='ocrx_word' id='word_1_429' title='bbox 2320 465 2618 524; x_wconf 86' lang='lat' dir='ltr'><strong><em>habebant:</em></strong></span> <span class='ocrx_word' id='word_1_430' title='bbox 2641 478 2696 525; x_wconf 88' lang='lat' dir='ltr'><strong><em>at</em></strong></span> <span class='ocrx_word' id='word_1_431' title='bbox 2720 471 2770 526; x_wconf 93' lang='lat' dir='ltr'><strong><em>in</em></strong></span> <span class='ocrx_word' id='word_1_432' title='bbox 2796 488 2954 530; x_wconf 90' lang='lat' dir='ltr'><strong><em>cruce</em></strong></span> <span class='ocrx_word' id='word_1_433' title='bbox 2973 475 3169 534; x_wconf 87' lang='lat' dir='ltr'><strong><em>Christi</em></strong></span> <span class='ocrx_word' id='word_1_434' title='bbox 3200 489 3401 537; x_wconf 88' lang='lat' dir='ltr'><strong><em>tantum</em></strong></span> <span class='ocrx_word' id='word_1_435' title='bbox 3426 499 3578 556; x_wconf 85' lang='lat' dir='ltr'><strong><em>spem</em></strong></span> 
     </span>
    </p>
   </div>
   <div class='ocr_carea' id='block_1_64' title="bbox 1996 552 3578 644">
    <p class='ocr_par' dir='ltr' id='par_1_64' title="bbox 1996 552 3578 644">
     <span class='ocr_line' id='line_1_64' title="bbox 1996 552 3578 644; baseline 0.016 -37"><span class='ocrx_word' id='word_1_436' title='bbox 1996 552 2299 610; x_wconf 82' lang='lat' dir='ltr'><strong><em>habendam</em></strong></span> <span class='ocrx_word' id='word_1_437' title='bbox 2325 571 2443 612; x_wconf 87' lang='lat' dir='ltr'><strong><em>esse</em></strong></span> <span class='ocrx_word' id='word_1_438' title='bbox 2466 559 2611 614; x_wconf 91' lang='lat' dir='ltr'><strong><em>dicit.</em></strong></span> <span class='ocrx_word' id='word_1_439' title='bbox 2648 560 2706 616; x_wconf 87' lang='lat' dir='ltr'><strong><em>in</em></strong></span> <span class='ocrx_word' id='word_1_440' title='bbox 2737 562 3037 632; x_wconf 89' lang='lat' dir='ltr'><strong><em>hujusmodi</em></strong></span> <span class='ocrx_word' id='word_1_441' title='bbox 3079 568 3294 627; x_wconf 89' lang='lat' dir='ltr'><strong><em>insanas</em></strong></span> <span class='ocrx_word' id='word_1_442' title='bbox 3323 552 3578 644; x_wconf 74' lang='lat' dir='ltr'><strong><em>supersti-</em></strong></span> 
     </span>
    </p>
   </div>
   <div class='ocr_carea' id='block_1_65' title="bbox 1997 645 3576 726">
    <p class='ocr_par' dir='ltr' id='par_1_65' title="bbox 1997 645 3576 726">
     <span class='ocr_line' id='line_1_65' title="bbox 1997 645 3576 726; baseline 0.013 -26"><span class='ocrx_word' id='word_1_443' title='bbox 1997 645 2172 701; x_wconf 80' lang='lat' dir='ltr'><strong><em>tiones</em></strong></span> <span class='ocrx_word' id='word_1_444' title='bbox 2199 647 2362 702; x_wconf 88' lang='lat' dir='ltr'><strong><em>multa</em></strong></span> <span class='ocrx_word' id='word_1_445' title='bbox 2391 648 2627 718; x_wconf 76' lang='lat' dir='ltr'><strong><em>profert,</em></strong></span> <span class='ocrx_word' id='word_1_446' title='bbox 2657 660 2712 706; x_wconf 86' lang='lat' dir='ltr'><strong><em>et</em></strong></span> <span class='ocrx_word' id='word_1_447' title='bbox 2750 667 2842 708; x_wconf 88' lang='lat' dir='ltr'><strong><em>eos</em></strong></span> <span class='ocrx_word' id='word_1_448' title='bbox 2881 656 2970 726; x_wconf 91' lang='lat' dir='ltr'><strong><em>qui</em></strong></span> <span class='ocrx_word' id='word_1_449' title='bbox 3001 657 3393 719; x_wconf 88' lang='lat' dir='ltr'><strong><em>incantamenta</em></strong></span> <span class='ocrx_word' id='word_1_450' title='bbox 3422 665 3576 720; x_wconf 87' lang='lat' dir='ltr'><strong><em>adhi-</em></strong></span> 
     </span>
    </p>
   </div>
   <div class='ocr_carea' id='block_1_66' title="bbox 1996 734 3576 826">
    <p class='ocr_par' dir='ltr' id='par_1_66' title="bbox 1996 734 3576 826">
     <span class='ocr_line' id='line_1_66' title="bbox 1996 734 3576 826; baseline 0.014 -36"><span class='ocrx_word' id='word_1_451' title='bbox 1996 734 2186 793; x_wconf 90' lang='lat' dir='ltr'><strong><em>berent</em></strong></span> <span class='ocrx_word' id='word_1_452' title='bbox 2215 739 2681 798; x_wconf 83' lang='lat' dir='ltr'><strong><em>vehementissime</em></strong></span> <span class='ocrx_word' id='word_1_453' title='bbox 2723 747 2978 815; x_wconf 77' lang='lat' dir='ltr'><strong><em>coarguit,</em></strong></span> <span class='ocrx_word' id='word_1_454' title='bbox 3008 757 3166 820; x_wconf 90' lang='lat' dir='ltr'><strong><em>atque</em></strong></span> <span class='ocrx_word' id='word_1_455' title='bbox 3195 753 3296 808; x_wconf 89' lang='lat' dir='ltr'><strong><em>hoc</em></strong></span> <span class='ocrx_word' id='word_1_456' title='bbox 3329 755 3576 826; x_wconf 84' lang='lat' dir='ltr'><strong><em>baptismi</em></strong></span> 
     </span>
    </p>
   </div>
   <div class='ocr_carea' id='block_1_67' title="bbox 1996 826 3580 916">
    <p class='ocr_par' dir='ltr' id='par_1_67' title="bbox 1996 826 3580 916">
     <span class='ocr_line' id='line_1_67' title="bbox 1996 826 3580 916; baseline 0.013 -35"><span class='ocrx_word' id='word_1_457' title='bbox 1996 826 2140 883; x_wconf 88' lang='lat' dir='ltr'><strong><em>dicto</em></strong></span> <span class='ocrx_word' id='word_1_458' title='bbox 2171 829 2474 886; x_wconf 86' lang='lat' dir='ltr'><strong><em>catechesin</em></strong></span> <span class='ocrx_word' id='word_1_459' title='bbox 2519 833 2736 900; x_wconf 88' lang='lat' dir='ltr'><strong><em>claudit,</em></strong></span> <span class='ocrx_word' id='word_1_460' title='bbox 2782 835 3086 894; x_wconf 83' lang='lat' dir='ltr'><strong><em>Abrenuntio</em></strong></span> <span class='ocrx_word' id='word_1_461' title='bbox 3136 841 3244 910; x_wconf 79' lang='lat' dir='ltr'><strong><em>tibi,</em></strong></span> <span class='ocrx_word' id='word_1_462' title='bbox 3276 842 3488 916; x_wconf 84' lang='lat' dir='ltr'><strong><em>Satana,</em></strong></span> <span class='ocrx_word' id='word_1_463' title='bbox 3531 857 3580 902; x_wconf 90' lang='lat' dir='ltr'><strong><em>et</em></strong></span> 
     </span>
    </p>
   </div>
   <div class='ocr_carea' id='block_1_68' title="bbox 1997 926 3469 1004">
    <p class='ocr_par' dir='ltr' id='par_1_68' title="bbox 1997 926 3469 1004">
     <span class='ocr_line' id='line_1_68' title="bbox 1997 926 3469 1004; baseline 0.014 -31"><span class='ocrx_word' id='word_1_464' title='bbox 1997 935 2196 990; x_wconf 73' lang='lat' dir='ltr'><strong><em>pompae</em></strong></span> <span class='ocrx_word' id='word_1_465' title='bbox 2224 931 2324 977; x_wconf 75' lang='lat' dir='ltr'><strong><em>tua:</em></strong></span> <span class='ocrx_word' id='word_1_466' title='bbox 2349 933 2398 978; x_wconf 91' lang='lat' dir='ltr'><strong><em>et</em></strong></span> <span class='ocrx_word' id='word_1_467' title='bbox 2423 926 2582 980; x_wconf 86' lang='lat' dir='ltr'><strong><em>cultui</em></strong></span> <span class='ocrx_word' id='word_1_468' title='bbox 2609 935 2715 994; x_wconf 88' lang='lat' dir='ltr'><strong><em>tuo,</em></strong></span> <span class='ocrx_word' id='word_1_469' title='bbox 2745 937 2793 982; x_wconf 88' lang='lat' dir='ltr'><strong><em>et</em></strong></span> <span class='ocrx_word' id='word_1_470' title='bbox 2821 931 3100 1004; x_wconf 81' lang='lat' dir='ltr'><strong><em>conjungor</em></strong></span> <span class='ocrx_word' id='word_1_471' title='bbox 3118 936 3225 1003; x_wconf 85' lang='lat' dir='ltr'><strong><em>tibi,</em></strong></span> <span class='ocrx_word' id='word_1_472' title='bbox 3253 936 3469 994; x_wconf 80' lang='lat' dir='ltr'><strong><em>Christe.</em></strong></span> 
     </span>
    </p>
   </div>
   <div class='ocr_carea' id='block_1_69' title="bbox 2069 1009 3578 1087">
    <p class='ocr_par' dir='ltr' id='par_1_69' title="bbox 2069 1009 3578 1087">
     <span class='ocr_line' id='line_1_69' title="bbox 2069 1009 3578 1087; baseline 0.015 -23"><span class='ocrx_word' id='word_1_473' title='bbox 2069 1009 2311 1068; x_wconf 80' lang='lat' dir='ltr'><strong><em>Homin</em></strong></span> <span class='ocrx_word' id='word_1_474' title='bbox 2353 1015 2416 1070; x_wconf 84' lang='lat' dir='ltr'><strong><em>de</em></strong></span> <span class='ocrx_word' id='word_1_475' title='bbox 2467 1015 2856 1087; x_wconf 83' lang='lat' dir='ltr'><strong><em>Prophetiarum</em></strong></span> <span class='ocrx_word' id='word_1_476' title='bbox 2895 1023 3208 1080; x_wconf 83' lang='lat' dir='ltr'><strong><em>obscuritate.</em></strong></span> <span class='ocrx_word' id='word_1_477' title='bbox 3239 1057 3312 1068; x_wconf 91' lang='lat'><strong><em>—-</em></strong></span> <span class='ocrx_word' id='word_1_478' title='bbox 3334 1029 3578 1087; x_wconf 63' lang='lat' dir='ltr'><strong><em>Homilies</em></strong></span> 
     </span>
    </p>
   </div>
   <div class='ocr_carea' id='block_1_70' title="bbox 1997 1102 3579 1178">
    <p class='ocr_par' dir='ltr' id='par_1_70' title="bbox 1997 1102 3579 1178">
     <span class='ocr_line' id='line_1_70' title="bbox 1997 1102 3579 1178; baseline 0.013 -20"><span class='ocrx_word' id='word_1_479' title='bbox 1997 1102 2116 1158; x_wconf 81' lang='lat' dir='ltr'><strong><em>duae</em></strong></span> <span class='ocrx_word' id='word_1_480' title='bbox 2141 1104 2208 1160; x_wconf 90' lang='lat' dir='ltr'><strong><em>de</em></strong></span> <span class='ocrx_word' id='word_1_481' title='bbox 2236 1106 2639 1178; x_wconf 86' lang='lat' dir='ltr'><strong><em>Prophetiarum</em></strong></span> <span class='ocrx_word' id='word_1_482' title='bbox 2661 1111 2987 1169; x_wconf 86' lang='lat' dir='ltr'><strong><em>obscuritate</em></strong></span> <span class='ocrx_word' id='word_1_483' title='bbox 3012 1115 3078 1170; x_wconf 88' lang='lat' dir='ltr'><strong><em>ad</em></strong></span> <span class='ocrx_word' id='word_1_484' title='bbox 3107 1132 3302 1173; x_wconf 89' lang='lat' dir='ltr'><strong><em>annum</em></strong></span> <span class='ocrx_word' id='word_1_485' title='bbox 3323 1121 3427 1178; x_wconf 81' lang='lat'><strong><em>588</em></strong></span> <span class='ocrx_word' id='word_1_486' title='bbox 3451 1138 3579 1178; x_wconf 83' lang='lat' dir='ltr'><strong><em>con-</em></strong></span> 
     </span>
    </p>
   </div>
   <div class='ocr_carea' id='block_1_71' title="bbox 1997 1197 3579 1282">
    <p class='ocr_par' dir='ltr' id='par_1_71' title="bbox 1997 1197 3579 1282">
     <span class='ocr_line' id='line_1_71' title="bbox 1997 1197 3579 1282; baseline 0.011 -29"><span class='ocrx_word' id='word_1_487' title='bbox 1997 1197 2272 1268; x_wconf 79' lang='lat' dir='ltr'><strong><em>signantur</em></strong></span> <span class='ocrx_word' id='word_1_488' title='bbox 2311 1216 2341 1255; x_wconf 93' lang='lat' dir='ltr'><strong><em>a</em></strong></span> <span class='ocrx_word' id='word_1_489' title='bbox 2382 1201 2452 1256; x_wconf 87' lang='lat' dir='ltr'><strong><em>cl-.</em></strong></span> <span class='ocrx_word' id='word_1_490' title='bbox 2480 1202 2594 1258; x_wconf 87' lang='lat' dir='ltr'><strong><em>viro</em></strong></span> <span class='ocrx_word' id='word_1_491' title='bbox 2622 1203 2982 1276; x_wconf 85' lang='lat' dir='ltr'><strong><em>Tilicmontio,</em></strong></span> <span class='ocrx_word' id='word_1_492' title='bbox 3029 1208 3124 1264; x_wconf 88' lang='lat' dir='ltr'><strong><em>sed</em></strong></span> <span class='ocrx_word' id='word_1_493' title='bbox 3167 1226 3231 1266; x_wconf 90' lang='lat' dir='ltr'><strong><em>ex</em></strong></span> <span class='ocrx_word' id='word_1_494' title='bbox 3277 1213 3579 1282; x_wconf 84' lang='lat' dir='ltr'><strong><em>c0njectura</em></strong></span> 
     </span>
    </p>
   </div>
   <div class='ocr_carea' id='block_1_72' title="bbox 2002 1289 3579 1373">
    <p class='ocr_par' dir='ltr' id='par_1_72' title="bbox 2002 1289 3579 1373">
     <span class='ocr_line' id='line_1_72' title="bbox 2002 1289 3579 1373; baseline 0.013 -31"><span class='ocrx_word' id='word_1_495' title='bbox 2002 1298 2206 1344; x_wconf 90' lang='lat' dir='ltr'><strong><em>tantum</em></strong></span> <span class='ocrx_word' id='word_1_496' title='bbox 2236 1289 2322 1362; x_wconf 88' lang='grc' dir='ltr'><strong><em>(Τ.</em></strong></span> <span class='ocrx_word' id='word_1_497' title='bbox 2365 1291 2418 1347; x_wconf 89' lang='lat'><strong><em>6.</em></strong></span> <span class='ocrx_word' id='word_1_498' title='bbox 2466 1310 2509 1346; x_wconf 91' lang='lat' dir='ltr'><strong><em>c.</em></strong></span> <span class='ocrx_word' id='word_1_499' title='bbox 2542 1293 2708 1366; x_wconf 64' lang='lat' dir='ltr'><strong><em>i625);</em></strong></span> <span class='ocrx_word' id='word_1_500' title='bbox 2741 1306 2900 1368; x_wconf 87' lang='lat' dir='ltr'><strong><em>atque</em></strong></span> <span class='ocrx_word' id='word_1_501' title='bbox 2937 1313 3002 1354; x_wconf 79' lang='lat' dir='ltr'><strong><em>ex</em></strong></span> <span class='ocrx_word' id='word_1_502' title='bbox 3031 1300 3095 1356; x_wconf 88' lang='lat' dir='ltr'><strong><em>iis</em></strong></span> <span class='ocrx_word' id='word_1_503' title='bbox 3125 1317 3244 1373; x_wconf 77' lang='lat' dir='ltr'><strong><em>qua:</em></strong></span> <span class='ocrx_word' id='word_1_504' title='bbox 3283 1305 3334 1360; x_wconf 88' lang='lat' dir='ltr'><strong><em>in</em></strong></span> <span class='ocrx_word' id='word_1_505' title='bbox 3379 1305 3579 1363; x_wconf 85' lang='lat' dir='ltr'><strong><em>Monito</em></strong></span> 
     </span>
    </p>
   </div>
   <div class='ocr_carea' id='block_1_73' title="bbox 1997 1377 3579 1461">
    <p class='ocr_par' dir='ltr' id='par_1_73' title="bbox 1997 1377 3579 1461">
     <span class='ocr_line' id='line_1_73' title="bbox 1997 1377 3579 1461; baseline 0.015 -30"><span class='ocrx_word' id='word_1_506' title='bbox 1997 1377 2226 1434; x_wconf 80' lang='lat' dir='ltr'><strong><em>diximus</em></strong></span> <span class='ocrx_word' id='word_1_507' title='bbox 2255 1381 2513 1438; x_wconf 88' lang='lat' dir='ltr'><strong><em>incertum</em></strong></span> <span class='ocrx_word' id='word_1_508' title='bbox 2551 1399 2774 1454; x_wconf 87' lang='lat' dir='ltr'><strong><em>prorsus</em></strong></span> <span class='ocrx_word' id='word_1_509' title='bbox 2809 1387 3036 1456; x_wconf 89' lang='lat' dir='ltr'><strong><em>videtur,</em></strong></span> <span class='ocrx_word' id='word_1_510' title='bbox 3069 1407 3176 1461; x_wconf 90' lang='lat' dir='ltr'><strong><em>quo</em></strong></span> <span class='ocrx_word' id='word_1_511' title='bbox 3203 1408 3344 1450; x_wconf 89' lang='lat' dir='ltr'><strong><em>anno</em></strong></span> <span class='ocrx_word' id='word_1_512' title='bbox 3369 1397 3579 1454; x_wconf 68' lang='lat' dir='ltr'><strong><em>emissa:</em></strong></span> 
     </span>
    </p>
   </div>
   <div class='ocr_carea' id='block_1_74' title="bbox 1997 1469 3580 1550">
    <p class='ocr_par' dir='ltr' id='par_1_74' title="bbox 1997 1469 3580 1550">
     <span class='ocr_line' id='line_1_74' title="bbox 1997 1469 3580 1550; baseline 0.013 -26"><span class='ocrx_word' id='word_1_513' title='bbox 1997 1469 2216 1527; x_wconf 79' lang='lat' dir='ltr'><strong><em>fuerint.</em></strong></span> <span class='ocrx_word' id='word_1_514' title='bbox 2259 1471 2317 1528; x_wconf 89' lang='lat' dir='ltr'><strong><em>In</em></strong></span> <span class='ocrx_word' id='word_1_515' title='bbox 2344 1474 2515 1544; x_wconf 89' lang='lat' dir='ltr'><strong><em>prima</em></strong></span> <span class='ocrx_word' id='word_1_516' title='bbox 2553 1475 2712 1533; x_wconf 89' lang='lat' dir='ltr'><strong><em>docet</em></strong></span> <span class='ocrx_word' id='word_1_517' title='bbox 2737 1481 3006 1550; x_wconf 87' lang='lat' dir='ltr'><strong><em>quomodo</em></strong></span> <span class='ocrx_word' id='word_1_518' title='bbox 3033 1485 3306 1540; x_wconf 89' lang='lat' dir='ltr'><strong><em>tractanda</em></strong></span> <span class='ocrx_word' id='word_1_519' title='bbox 3333 1487 3403 1541; x_wconf 91' lang='lat' dir='ltr'><strong><em>sit</em></strong></span> <span class='ocrx_word' id='word_1_520' title='bbox 3431 1487 3580 1544; x_wconf 88' lang='lat' dir='ltr'><strong><em>Scri-</em></strong></span> 
     </span>
    </p>
   </div>
   <div class='ocr_carea' id='block_1_75' title="bbox 1997 1567 3580 1651">
    <p class='ocr_par' dir='ltr' id='par_1_75' title="bbox 1997 1567 3580 1651">
     <span class='ocr_line' id='line_1_75' title="bbox 1997 1567 3580 1651; baseline 0.014 -36"><span class='ocrx_word' id='word_1_521' title='bbox 1997 1571 2148 1632; x_wconf 90' lang='lat' dir='ltr'><strong><em>ptura</em></strong></span> <span class='ocrx_word' id='word_1_522' title='bbox 2179 1580 2350 1630; x_wconf 85' lang='lat' dir='ltr'><strong><em>sacra,</em></strong></span> <span class='ocrx_word' id='word_1_523' title='bbox 2377 1567 2447 1623; x_wconf 87' lang='lat' dir='ltr'><strong><em>de</em></strong></span> <span class='ocrx_word' id='word_1_524' title='bbox 2475 1567 2860 1628; x_wconf 78' lang='lat' dir='ltr'><strong><em>Melcliisedcco</em></strong></span> <span class='ocrx_word' id='word_1_525' title='bbox 2890 1575 3131 1644; x_wconf 62' lang='lat' dir='ltr'><strong><em>quaedam</em></strong></span> <span class='ocrx_word' id='word_1_526' title='bbox 3157 1576 3337 1644; x_wconf 86' lang='lat' dir='ltr'><strong><em>habet,</em></strong></span> <span class='ocrx_word' id='word_1_527' title='bbox 3361 1595 3426 1634; x_wconf 88' lang='lat' dir='ltr'><strong><em>ac</em></strong></span> <span class='ocrx_word' id='word_1_528' title='bbox 3451 1597 3580 1651; x_wconf 89' lang='lat' dir='ltr'><strong><em>pau-</em></strong></span> 
     </span>
    </p>
   </div>
   <div class='ocr_carea' id='block_1_76' title="bbox 1997 1655 3582 1741">
    <p class='ocr_par' dir='ltr' id='par_1_76' title="bbox 1997 1655 3582 1741">
     <span class='ocr_line' id='line_1_76' title="bbox 1997 1655 3582 1741; baseline 0.015 -34"><span class='ocrx_word' id='word_1_529' title='bbox 1997 1655 2374 1713; x_wconf 73' lang='lat' dir='ltr'><strong><em>cisAnommos</em></strong></span> <span class='ocrx_word' id='word_1_530' title='bbox 2391 1660 2580 1729; x_wconf 88' lang='lat' dir='ltr'><strong><em>carpit,</em></strong></span> <span class='ocrx_word' id='word_1_531' title='bbox 2600 1669 2653 1716; x_wconf 91' lang='lat' dir='ltr'><strong><em>et</em></strong></span> <span class='ocrx_word' id='word_1_532' title='bbox 2667 1670 2852 1718; x_wconf 86' lang='lat' dir='ltr'><strong><em>contra</em></strong></span> <span class='ocrx_word' id='word_1_533' title='bbox 2870 1664 3150 1722; x_wconf 79' lang='lat' dir='ltr'><strong><em>lnereticos</em></strong></span> <span class='ocrx_word' id='word_1_534' title='bbox 3168 1669 3354 1738; x_wconf 87' lang='lat' dir='ltr'><strong><em>probat</em></strong></span> <span class='ocrx_word' id='word_1_535' title='bbox 3366 1686 3582 1741; x_wconf 52' lang='lat' dir='ltr'><strong><em>genera.</em></strong></span> 
     </span>
    </p>
   </div>
   <div class='ocr_carea' id='block_1_77' title="bbox 1997 1747 3584 1834">
    <p class='ocr_par' dir='ltr' id='par_1_77' title="bbox 1997 1747 3584 1834">
     <span class='ocr_line' id='line_1_77' title="bbox 1997 1747 3584 1834; baseline 0.013 -34"><span class='ocrx_word' id='word_1_536' title='bbox 1997 1747 2195 1803; x_wconf 91' lang='lat' dir='ltr'><strong><em>tionem</em></strong></span> <span class='ocrx_word' id='word_1_537' title='bbox 2214 1747 2412 1806; x_wconf 88' lang='lat' dir='ltr'><strong><em>Christi</em></strong></span> <span class='ocrx_word' id='word_1_538' title='bbox 2437 1761 2690 1808; x_wconf 66' lang='lat' dir='ltr'><strong><em>aeternam</em></strong></span> <span class='ocrx_word' id='word_1_539' title='bbox 2720 1769 2856 1822; x_wconf 88' lang='lat' dir='ltr'><strong><em>esse,</em></strong></span> <span class='ocrx_word' id='word_1_540' title='bbox 2885 1757 3280 1825; x_wconf 80' lang='lat' dir='ltr'><strong><em>generationem</em></strong></span> <span class='ocrx_word' id='word_1_541' title='bbox 3312 1776 3442 1819; x_wconf 89' lang='lat' dir='ltr'><strong><em>vero</em></strong></span> <span class='ocrx_word' id='word_1_542' title='bbox 3464 1762 3584 1834; x_wconf 81' lang='lat' dir='ltr'><strong><em>ejus</em></strong></span> 
     </span>
    </p>
   </div>
   <div class='ocr_carea' id='block_1_78' title="bbox 1996 1842 3580 1921">
    <p class='ocr_par' dir='ltr' id='par_1_78' title="bbox 1996 1842 3580 1921">
     <span class='ocr_line' id='line_1_78' title="bbox 1996 1842 3580 1921; baseline 0.01 -25"><span class='ocrx_word' id='word_1_543' title='bbox 1996 1842 2350 1910; x_wconf 89' lang='lat' dir='ltr'><strong><em>corporalem,</em></strong></span> <span class='ocrx_word' id='word_1_544' title='bbox 2390 1844 2494 1899; x_wconf 89' lang='lat' dir='ltr'><strong><em>etsi</em></strong></span> <span class='ocrx_word' id='word_1_545' title='bbox 2540 1854 2762 1914; x_wconf 85' lang='lat' dir='ltr'><strong><em>certam,</em></strong></span> <span class='ocrx_word' id='word_1_546' title='bbox 2810 1847 3032 1921; x_wconf 82' lang='lat' dir='ltr'><strong><em>intelligi</em></strong></span> <span class='ocrx_word' id='word_1_547' title='bbox 3079 1861 3134 1906; x_wconf 90' lang='lat' dir='ltr'><strong><em>et</em></strong></span> <span class='ocrx_word' id='word_1_548' title='bbox 3170 1853 3425 1921; x_wconf 85' lang='lat' dir='ltr'><strong><em>explicari</em></strong></span> <span class='ocrx_word' id='word_1_549' title='bbox 3471 1871 3580 1912; x_wconf 89' lang='lat' dir='ltr'><strong><em>non</em></strong></span> 
     </span>
    </p>
   </div>
   <div class='ocr_carea' id='block_1_79' title="bbox 1997 1933 3582 2004">
    <p class='ocr_par' dir='ltr' id='par_1_79' title="bbox 1997 1933 3582 2004">
     <span class='ocr_line' id='line_1_79' title="bbox 1997 1933 3582 2004; baseline 0.011 -19"><span class='ocrx_word' id='word_1_550' title='bbox 1997 1946 2198 2002; x_wconf 86' lang='lat' dir='ltr'><strong><em>posse:</em></strong></span> <span class='ocrx_word' id='word_1_551' title='bbox 2228 1933 2392 1989; x_wconf 87' lang='lat' dir='ltr'><strong><em>Vetus</em></strong></span> <span class='ocrx_word' id='word_1_552' title='bbox 2433 1935 2833 2001; x_wconf 84' lang='lat' dir='ltr'><strong><em>Testamentum</em></strong></span> <span class='ocrx_word' id='word_1_553' title='bbox 2871 1939 3153 1997; x_wconf 89' lang='lat' dir='ltr'><strong><em>obscurum</em></strong></span> <span class='ocrx_word' id='word_1_554' title='bbox 3193 1959 3313 2000; x_wconf 87' lang='lat' dir='ltr'><strong><em>esse</em></strong></span> <span class='ocrx_word' id='word_1_555' title='bbox 3353 1947 3483 2002; x_wconf 86' lang='lat' dir='ltr'><strong><em>dicit</em></strong></span> <span class='ocrx_word' id='word_1_556' title='bbox 3525 1957 3582 2004; x_wconf 89' lang='lat' dir='ltr'><strong><em>et</em></strong></span> 
     </span>
    </p>
   </div>
   <div class='ocr_carea' id='block_1_80' title="bbox 1997 2025 3578 2100">
    <p class='ocr_par' dir='ltr' id='par_1_80' title="bbox 1997 2025 3578 2100">
     <span class='ocr_line' id='line_1_80' title="bbox 1997 2025 3578 2100; baseline 0.01 -22"><span class='ocrx_word' id='word_1_557' title='bbox 1997 2025 2240 2080; x_wconf 80' lang='lat' dir='ltr'><strong><em>consulto</em></strong></span> <span class='ocrx_word' id='word_1_558' title='bbox 2266 2042 2329 2082; x_wconf 89' lang='lat' dir='ltr'><strong><em>ex</em></strong></span> <span class='ocrx_word' id='word_1_559' title='bbox 2365 2027 2542 2083; x_wconf 87' lang='lat' dir='ltr'><strong><em>divina</em></strong></span> <span class='ocrx_word' id='word_1_560' title='bbox 2578 2030 2910 2099; x_wconf 83' lang='lat' dir='ltr'><strong><em>providentia</em></strong></span> <span class='ocrx_word' id='word_1_561' title='bbox 2944 2033 3164 2100; x_wconf 79' lang='lat' dir='ltr'><strong><em>factum,</em></strong></span> <span class='ocrx_word' id='word_1_562' title='bbox 3192 2043 3251 2090; x_wconf 90' lang='lat' dir='ltr'><strong><em>ut</em></strong></span> <span class='ocrx_word' id='word_1_563' title='bbox 3290 2036 3578 2094; x_wconf 88' lang='lat' dir='ltr'><strong><em>obscurmn</em></strong></span> 
     </span>
    </p>
   </div>
   <div class='ocr_carea' id='block_1_81' title="bbox 1996 2117 3577 2196">
    <p class='ocr_par' dir='ltr' id='par_1_81' title="bbox 1996 2117 3577 2196">
     <span class='ocr_line' id='line_1_81' title="bbox 1996 2117 3577 2196; baseline 0.008 -24"><span class='ocrx_word' id='word_1_564' title='bbox 1996 2127 2051 2173; x_wconf 89' lang='lat' dir='ltr'><strong><em>et</em></strong></span> <span class='ocrx_word' id='word_1_565' title='bbox 2097 2117 2360 2188; x_wconf 82' lang='lat' dir='ltr'><strong><em>explicatu</em></strong></span> <span class='ocrx_word' id='word_1_566' title='bbox 2407 2119 2624 2176; x_wconf 81' lang='lat' dir='ltr'><strong><em>difﬁcile</em></strong></span> <span class='ocrx_word' id='word_1_567' title='bbox 2676 2131 2860 2178; x_wconf 90' lang='lat' dir='ltr'><strong><em>esset:</em></strong></span> <span class='ocrx_word' id='word_1_568' title='bbox 2888 2123 3139 2194; x_wconf 87' lang='lat' dir='ltr'><strong><em>additque</em></strong></span> <span class='ocrx_word' id='word_1_569' title='bbox 3190 2127 3577 2196; x_wconf 67' lang='lat' dir='ltr'><strong><em>praascicntiam</em></strong></span> 
     </span>
    </p>
   </div>
   <div class='ocr_carea' id='block_1_82' title="bbox 2001 2209 3576 2290">
    <p class='ocr_par' dir='ltr' id='par_1_82' title="bbox 2001 2209 3576 2290">
     <span class='ocr_line' id='line_1_82' title="bbox 2001 2209 3576 2290; baseline 0.008 -26"><span class='ocrx_word' id='word_1_570' title='bbox 2001 2209 2091 2265; x_wconf 86' lang='lat' dir='ltr'><strong><em>Dei</em></strong></span> <span class='ocrx_word' id='word_1_571' title='bbox 2141 2224 2244 2266; x_wconf 92' lang='lat' dir='ltr'><strong><em>non</em></strong></span> <span class='ocrx_word' id='word_1_572' title='bbox 2284 2227 2405 2267; x_wconf 89' lang='lat' dir='ltr'><strong><em>esse</em></strong></span> <span class='ocrx_word' id='word_1_573' title='bbox 2432 2220 2774 2284; x_wconf 88' lang='lat' dir='ltr'><strong><em>peccatorum</em></strong></span> <span class='ocrx_word' id='word_1_574' title='bbox 2821 2229 3059 2270; x_wconf 88' lang='lat' dir='ltr'><strong><em>causam.</em></strong></span> <span class='ocrx_word' id='word_1_575' title='bbox 3091 2215 3216 2272; x_wconf 89' lang='lat' dir='ltr'><strong><em>Ideo</em></strong></span> <span class='ocrx_word' id='word_1_576' title='bbox 3245 2227 3423 2276; x_wconf 89' lang='lat' dir='ltr'><strong><em>autem</em></strong></span> <span class='ocrx_word' id='word_1_577' title='bbox 3449 2236 3576 2290; x_wconf 80' lang='lat' dir='ltr'><strong><em>pro-</em></strong></span> 
     </span>
    </p>
   </div>
   <div class='ocr_carea' id='block_1_83' title="bbox 1998 2301 3578 2378">
    <p class='ocr_par' dir='ltr' id='par_1_83' title="bbox 1998 2301 3578 2378">
     <span class='ocr_line' id='line_1_83' title="bbox 1998 2301 3578 2378; baseline 0.008 -23"><span class='ocrx_word' id='word_1_578' title='bbox 1998 2301 2186 2372; x_wconf 89' lang='lat' dir='ltr'><strong><em>phetas</em></strong></span> <span class='ocrx_word' id='word_1_579' title='bbox 2238 2302 2466 2360; x_wconf 88' lang='lat' dir='ltr'><strong><em>obscure</em></strong></span> <span class='ocrx_word' id='word_1_580' title='bbox 2513 2303 2686 2360; x_wconf 78' lang='lat' dir='ltr'><strong><em>futura</em></strong></span> <span class='ocrx_word' id='word_1_581' title='bbox 2739 2307 3084 2363; x_wconf 89' lang='lat' dir='ltr'><strong><em>annuntiasse</em></strong></span> <span class='ocrx_word' id='word_1_582' title='bbox 3124 2317 3292 2378; x_wconf 89' lang='lat' dir='ltr'><strong><em>putat,</em></strong></span> <span class='ocrx_word' id='word_1_583' title='bbox 3335 2325 3406 2366; x_wconf 89' lang='lat' dir='ltr'><strong><em>ne</em></strong></span> <span class='ocrx_word' id='word_1_584' title='bbox 3453 2322 3578 2368; x_wconf 87' lang='lat' dir='ltr'><strong><em>ante</em></strong></span> 
     </span>
    </p>
   </div>
   <div class='ocr_carea' id='block_1_84' title="bbox 1999 2392 3578 2468">
    <p class='ocr_par' dir='ltr' id='par_1_84' title="bbox 1999 2392 3578 2468">
     <span class='ocr_line' id='line_1_84' title="bbox 1999 2392 3578 2468; baseline 0.007 -22"><span class='ocrx_word' id='word_1_585' title='bbox 1999 2399 2206 2462; x_wconf 87' lang='lat' dir='ltr'><strong><em>tempus</em></strong></span> <span class='ocrx_word' id='word_1_586' title='bbox 2230 2392 2400 2448; x_wconf 66' lang='lat' dir='ltr'><strong><em>Judaei</em></strong></span> <span class='ocrx_word' id='word_1_587' title='bbox 2437 2395 2527 2450; x_wconf 89' lang='lat' dir='ltr'><strong><em>illa</em></strong></span> <span class='ocrx_word' id='word_1_588' title='bbox 2558 2395 2937 2466; x_wconf 83' lang='lat' dir='ltr'><strong><em>intelligerent.</em></strong></span> <span class='ocrx_word' id='word_1_589' title='bbox 2982 2397 3168 2468; x_wconf 88' lang='lat' dir='ltr'><strong><em>Neque</em></strong></span> <span class='ocrx_word' id='word_1_590' title='bbox 3196 2407 3372 2456; x_wconf 90' lang='lat' dir='ltr'><strong><em>tamen</em></strong></span> <span class='ocrx_word' id='word_1_591' title='bbox 3400 2405 3578 2458; x_wconf 83' lang='lat' dir='ltr'><strong><em>omnia</em></strong></span> 
     </span>
    </p>
   </div>
   <div class='ocr_carea' id='block_1_85' title="bbox 1995 2482 3579 2552">
    <p class='ocr_par' dir='ltr' id='par_1_85' title="bbox 1995 2482 3579 2552">
     <span class='ocr_line' id='line_1_85' title="bbox 1995 2482 3579 2552; baseline 0.008 -14"><span class='ocrx_word' id='word_1_592' title='bbox 1995 2483 2222 2538; x_wconf 87' lang='lat' dir='ltr'><strong><em>obscura</em></strong></span> <span class='ocrx_word' id='word_1_593' title='bbox 2249 2482 2449 2552; x_wconf 81' lang='lat' dir='ltr'><strong><em>fuisse;</em></strong></span> <span class='ocrx_word' id='word_1_594' title='bbox 2481 2500 2603 2540; x_wconf 88' lang='lat' dir='ltr'><strong><em>nam</em></strong></span> <span class='ocrx_word' id='word_1_595' title='bbox 2631 2486 2818 2544; x_wconf 90' lang='lat' dir='ltr'><strong><em>inutile</em></strong></span> <span class='ocrx_word' id='word_1_596' title='bbox 2855 2488 3045 2544; x_wconf 84' lang='lat' dir='ltr'><strong><em>fuisset</em></strong></span> <span class='ocrx_word' id='word_1_597' title='bbox 3081 2489 3157 2546; x_wconf 91' lang='lat' dir='ltr'><strong><em>sic</em></strong></span> <span class='ocrx_word' id='word_1_598' title='bbox 3199 2488 3374 2547; x_wconf 80' lang='lat' dir='ltr'><strong><em>futura</em></strong></span> <span class='ocrx_word' id='word_1_599' title='bbox 3401 2495 3579 2550; x_wconf 88' lang='lat' dir='ltr'><strong><em>omnia</em></strong></span> 
     </span>
    </p>
   </div>
   <div class='ocr_carea' id='block_1_86' title="bbox 1997 2574 2370 2643">
    <p class='ocr_par' dir='ltr' id='par_1_86' title="bbox 1997 2574 2370 2643">
     <span class='ocr_line' id='line_1_86' title="bbox 1997 2574 2370 2643; baseline 0.005 -15"><span class='ocrx_word' id='word_1_600' title='bbox 1997 2574 2370 2643; x_wconf 73' lang='lat' dir='ltr'><strong><em>praenuntiam.</em></strong></span> 
     </span>
    </p>
   </div>
   <div class='ocr_carea' id='block_1_87' title="bbox 2065 2665 3577 2745">
    <p class='ocr_par' dir='ltr' id='par_1_87' title="bbox 2065 2665 3577 2745">
     <span class='ocr_line' id='line_1_87' title="bbox 2065 2665 3577 2745; baseline 0.007 -27"><span class='ocrx_word' id='word_1_601' title='bbox 2065 2665 2126 2719; x_wconf 86' lang='lat' dir='ltr'><strong><em>lu</em></strong></span> <span class='ocrx_word' id='word_1_602' title='bbox 2150 2665 2384 2720; x_wconf 88' lang='lat' dir='ltr'><strong><em>secunda</em></strong></span> <span class='ocrx_word' id='word_1_603' title='bbox 2411 2681 2640 2738; x_wconf 89' lang='lat' dir='ltr'><strong><em>quoque,</em></strong></span> <span class='ocrx_word' id='word_1_604' title='bbox 2664 2684 2783 2739; x_wconf 72' lang='lat' dir='ltr'><strong><em>quae</em></strong></span> <span class='ocrx_word' id='word_1_605' title='bbox 2814 2669 2952 2726; x_wconf 88' lang='lat' dir='ltr'><strong><em>inter</em></strong></span> <span class='ocrx_word' id='word_1_606' title='bbox 2978 2669 3315 2741; x_wconf 89' lang='lat' dir='ltr'><strong><em>longissimas</em></strong></span> <span class='ocrx_word' id='word_1_607' title='bbox 3339 2673 3577 2745; x_wconf 81' lang='lat' dir='ltr'><strong><em>Chryso-</em></strong></span> 
     </span>
    </p>
   </div>
   <div class='ocr_carea' id='block_1_88' title="bbox 1995 2755 3578 2828">
    <p class='ocr_par' dir='ltr' id='par_1_88' title="bbox 1995 2755 3578 2828">
     <span class='ocr_line' id='line_1_88' title="bbox 1995 2755 3578 2828; baseline 0.008 -21"><span class='ocrx_word' id='word_1_608' title='bbox 1995 2755 2151 2809; x_wconf 88' lang='lat' dir='ltr'><strong><em>stomi</em></strong></span> <span class='ocrx_word' id='word_1_609' title='bbox 2175 2755 2462 2812; x_wconf 90' lang='lat' dir='ltr'><strong><em>conciones</em></strong></span> <span class='ocrx_word' id='word_1_610' title='bbox 2489 2759 2843 2828; x_wconf 81' lang='lat' dir='ltr'><strong><em>computanda</em></strong></span> <span class='ocrx_word' id='word_1_611' title='bbox 2887 2768 2988 2824; x_wconf 90' lang='lat' dir='ltr'><strong><em>est,</em></strong></span> <span class='ocrx_word' id='word_1_612' title='bbox 3019 2775 3208 2818; x_wconf 89' lang='lat' dir='ltr'><strong><em>causas</em></strong></span> <span class='ocrx_word' id='word_1_613' title='bbox 3238 2763 3578 2820; x_wconf 87' lang='lat' dir='ltr'><strong><em>obscuritatis</em></strong></span> 
     </span>
    </p>
   </div>
   <div class='ocr_carea' id='block_1_89' title="bbox 1993 2847 3580 2931">
    <p class='ocr_par' dir='ltr' id='par_1_89' title="bbox 1993 2847 3580 2931">
     <span class='ocr_line' id='line_1_89' title="bbox 1993 2847 3580 2931; baseline 0.008 -29"><span class='ocrx_word' id='word_1_614' title='bbox 1993 2847 2166 2904; x_wconf 82' lang='lat' dir='ltr'><strong><em>ali&#39;ert.</em></strong></span> <span class='ocrx_word' id='word_1_615' title='bbox 2197 2849 2373 2906; x_wconf 88' lang='lat' dir='ltr'><strong><em>Prima</em></strong></span> <span class='ocrx_word' id='word_1_616' title='bbox 2417 2865 2575 2906; x_wconf 90' lang='lat' dir='ltr'><strong><em>causa</em></strong></span> <span class='ocrx_word' id='word_1_617' title='bbox 2606 2861 2710 2918; x_wconf 88' lang='lat' dir='ltr'><strong><em>est,</em></strong></span> <span class='ocrx_word' id='word_1_618' title='bbox 2743 2853 2864 2924; x_wconf 90' lang='lat' dir='ltr'><strong><em>quia</em></strong></span> <span class='ocrx_word' id='word_1_619' title='bbox 2909 2854 3047 2909; x_wconf 88' lang='lat' dir='ltr'><strong><em>sicut</em></strong></span> <span class='ocrx_word' id='word_1_620' title='bbox 3072 2855 3330 2912; x_wconf 89' lang='lat' dir='ltr'><strong><em>vclamcm</em></strong></span> <span class='ocrx_word' id='word_1_621' title='bbox 3369 2857 3580 2931; x_wconf 83' lang='lat' dir='ltr'><strong><em>Moyses</em></strong></span> 
     </span>
    </p>
   </div>
   <div class='ocr_carea' id='block_1_90' title="bbox 1995 2941 3578 3020">
    <p class='ocr_par' dir='ltr' id='par_1_90' title="bbox 1995 2941 3578 3020">
     <span class='ocr_line' id='line_1_90' title="bbox 1995 2941 3578 3020; baseline 0.006 -25"><span class='ocrx_word' id='word_1_622' title='bbox 1995 2942 2046 2996; x_wconf 92' lang='lat' dir='ltr'><strong><em>in</em></strong></span> <span class='ocrx_word' id='word_1_623' title='bbox 2079 2950 2262 2998; x_wconf 91' lang='lat' dir='ltr'><strong><em>monte</em></strong></span> <span class='ocrx_word' id='word_1_624' title='bbox 2299 2941 2502 3011; x_wconf 90' lang='lat' dir='ltr'><strong><em>habuit,</em></strong></span> <span class='ocrx_word' id='word_1_625' title='bbox 2535 2943 2627 3014; x_wconf 88' lang='lat' dir='ltr'><strong><em>qui</em></strong></span> <span class='ocrx_word' id='word_1_626' title='bbox 2665 2943 2872 3016; x_wconf 82' lang='lat' dir='ltr'><strong><em>Moyses</em></strong></span> <span class='ocrx_word' id='word_1_627' title='bbox 2896 2945 3168 3016; x_wconf 88' lang='lat' dir='ltr'><strong><em>legislator</em></strong></span> <span class='ocrx_word' id='word_1_628' title='bbox 3203 2955 3288 3002; x_wconf 70' lang='lat' dir='ltr'><strong><em>est</em></strong></span> <span class='ocrx_word' id='word_1_629' title='bbox 3310 2966 3324 3001; x_wconf 89' lang='lat'><strong>:</strong></span> <span class='ocrx_word' id='word_1_630' title='bbox 3347 2947 3418 3002; x_wconf 89' lang='lat' dir='ltr'><strong><em>ita</em></strong></span> <span class='ocrx_word' id='word_1_631' title='bbox 3444 2965 3578 3020; x_wconf 88' lang='lat' dir='ltr'><strong><em>quo-</em></strong></span> 
     </span>
    </p>
   </div>
   <div class='ocr_carea' id='block_1_91' title="bbox 1992 3036 3574 3106">
    <p class='ocr_par' dir='ltr' id='par_1_91' title="bbox 1992 3036 3574 3106">
     <span class='ocr_line' id='line_1_91' title="bbox 1992 3036 3574 3106; baseline 0.002 -17"><span class='ocrx_word' id='word_1_632' title='bbox 1992 3051 2096 3106; x_wconf 88' lang='lat' dir='ltr'><strong><em>que</em></strong></span> <span class='ocrx_word' id='word_1_633' title='bbox 2128 3037 2300 3106; x_wconf 80' lang='lat' dir='ltr'><strong><em>legem</em></strong></span> <span class='ocrx_word' id='word_1_634' title='bbox 2328 3037 2567 3092; x_wconf 87' lang='lat' dir='ltr'><strong><em>velamen</em></strong></span> <span class='ocrx_word' id='word_1_635' title='bbox 2614 3036 2884 3104; x_wconf 89' lang='lat' dir='ltr'><strong><em>habuisse,</em></strong></span> <span class='ocrx_word' id='word_1_636' title='bbox 2927 3051 3122 3106; x_wconf 87' lang='lat' dir='ltr'><strong><em>nempe</em></strong></span> <span class='ocrx_word' id='word_1_637' title='bbox 3163 3038 3574 3104; x_wconf 83' lang='lat' dir='ltr'><strong><em>obscuritatem;</em></strong></span> 
     </span>
    </p>
   </div>
   <div class='ocr_carea' id='block_1_92' title="bbox 1991 3126 3578 3201">
    <p class='ocr_par' dir='ltr' id='par_1_92' title="bbox 1991 3126 3578 3201">
     <span class='ocr_line' id='line_1_92' title="bbox 1991 3126 3578 3201; baseline 0.002 -19"><span class='ocrx_word' id='word_1_638' title='bbox 1991 3127 2088 3182; x_wconf 90' lang='lat' dir='ltr'><strong><em>scd</em></strong></span> <span class='ocrx_word' id='word_1_639' title='bbox 2139 3141 2312 3196; x_wconf 89' lang='lat' dir='ltr'><strong><em>neque</em></strong></span> <span class='ocrx_word' id='word_1_640' title='bbox 2359 3126 2648 3198; x_wconf 83' lang='lat' dir='ltr'><strong><em>legislatori</em></strong></span> <span class='ocrx_word' id='word_1_641' title='bbox 2697 3127 2824 3183; x_wconf 85' lang='lat' dir='ltr'><strong><em>vitio</em></strong></span> <span class='ocrx_word' id='word_1_642' title='bbox 2869 3128 3210 3196; x_wconf 89' lang='lat' dir='ltr'><strong><em>vertendum,</em></strong></span> <span class='ocrx_word' id='word_1_643' title='bbox 3259 3146 3432 3201; x_wconf 90' lang='lat' dir='ltr'><strong><em>neque</em></strong></span> <span class='ocrx_word' id='word_1_644' title='bbox 3474 3130 3578 3201; x_wconf 90' lang='lat' dir='ltr'><strong><em>legi</em></strong></span> 
     </span>
    </p>
   </div>
   <div class='ocr_carea' id='block_1_93' title="bbox 1991 3218 3578 3286">
    <p class='ocr_par' dir='ltr' id='par_1_93' title="bbox 1991 3218 3578 3286">
     <span class='ocr_line' id='line_1_93' title="bbox 1991 3218 3578 3286; baseline 0 -12"><span class='ocrx_word' id='word_1_645' title='bbox 1991 3218 2199 3274; x_wconf 89' lang='lat' dir='ltr'><strong><em>crimini</em></strong></span> <span class='ocrx_word' id='word_1_646' title='bbox 2225 3218 2458 3273; x_wconf 90' lang='lat' dir='ltr'><strong><em>dandum</em></strong></span> <span class='ocrx_word' id='word_1_647' title='bbox 2484 3218 2648 3274; x_wconf 79' lang='lat' dir='ltr'><strong><em>fuisse</em></strong></span> <span class='ocrx_word' id='word_1_648' title='bbox 2677 3221 2939 3286; x_wconf 90' lang='lat' dir='ltr'><strong><em>velamen,</em></strong></span> <span class='ocrx_word' id='word_1_649' title='bbox 2973 3219 3067 3274; x_wconf 91' lang='lat' dir='ltr'><strong><em>sed</em></strong></span> <span class='ocrx_word' id='word_1_650' title='bbox 3093 3221 3398 3274; x_wconf 88' lang='lat' dir='ltr'><strong><em>auditorum</em></strong></span> <span class='ocrx_word' id='word_1_651' title='bbox 3431 3222 3578 3274; x_wconf 85' lang='lat' dir='ltr'><strong><em>inlir-</em></strong></span> 
     </span>
    </p>
   </div>
   <div class='ocr_carea' id='block_1_94' title="bbox 1993 3309 3576 3383">
    <p class='ocr_par' dir='ltr' id='par_1_94' title="bbox 1993 3309 3576 3383">
     <span class='ocr_line' id='line_1_94' title="bbox 1993 3309 3576 3383; baseline 0.001 -19"><span class='ocrx_word' id='word_1_652' title='bbox 1993 3312 2165 3365; x_wconf 88' lang='lat' dir='ltr'><strong><em>mitati</em></strong></span> <span class='ocrx_word' id='word_1_653' title='bbox 2199 3309 2558 3366; x_wconf 89' lang='lat' dir='ltr'><strong><em>tribuendum.</em></strong></span> <span class='ocrx_word' id='word_1_654' title='bbox 2599 3309 2842 3383; x_wconf 85' lang='lat' dir='ltr'><strong><em>Secunda</em></strong></span> <span class='ocrx_word' id='word_1_655' title='bbox 2869 3324 3027 3364; x_wconf 89' lang='lat' dir='ltr'><strong><em>causa</em></strong></span> <span class='ocrx_word' id='word_1_656' title='bbox 3055 3309 3399 3364; x_wconf 86' lang='lat' dir='ltr'><strong><em>obscuritatis</em></strong></span> <span class='ocrx_word' id='word_1_657' title='bbox 3425 3321 3576 3366; x_wconf 83' lang='lat' dir='ltr'><strong><em>vete-</em></strong></span> 
     </span>
    </p>
   </div>
   <div class='ocr_carea' id='block_1_95' title="bbox 1991 3401 3578 3474">
    <p class='ocr_par' dir='ltr' id='par_1_95' title="bbox 1991 3401 3578 3474">
     <span class='ocr_line' id='line_1_95' title="bbox 1991 3401 3578 3474; baseline -0.001 -16"><span class='ocrx_word' id='word_1_658' title='bbox 1991 3403 2066 3458; x_wconf 84' lang='lat' dir='ltr'><strong><em>ris</em></strong></span> <span class='ocrx_word' id='word_1_659' title='bbox 2099 3403 2427 3458; x_wconf 87' lang='lat' dir='ltr'><strong><em>Testamenti</em></strong></span> <span class='ocrx_word' id='word_1_660' title='bbox 2478 3411 2581 3470; x_wconf 88' lang='lat' dir='ltr'><strong><em>est,</em></strong></span> <span class='ocrx_word' id='word_1_661' title='bbox 2627 3403 2748 3472; x_wconf 91' lang='lat' dir='ltr'><strong><em>quia</em></strong></span> <span class='ocrx_word' id='word_1_662' title='bbox 2791 3415 2898 3455; x_wconf 93' lang='lat' dir='ltr'><strong><em>non</em></strong></span> <span class='ocrx_word' id='word_1_663' title='bbox 2949 3401 3207 3471; x_wconf 90' lang='lat' dir='ltr'><strong><em>scriptum</em></strong></span> <span class='ocrx_word' id='word_1_664' title='bbox 3249 3401 3348 3456; x_wconf 82' lang='lat' dir='ltr'><strong><em>fuit</em></strong></span> <span class='ocrx_word' id='word_1_665' title='bbox 3397 3401 3578 3474; x_wconf 88' lang='lat' dir='ltr'><strong><em>lingua</em></strong></span> 
     </span>
    </p>
   </div>
   <div class='ocr_carea' id='block_1_96' title="bbox 1992 3492 3578 3561">
    <p class='ocr_par' dir='ltr' id='par_1_96' title="bbox 1992 3492 3578 3561">
     <span class='ocr_line' id='line_1_96' title="bbox 1992 3492 3578 3561; baseline -0.001 -12"><span class='ocrx_word' id='word_1_666' title='bbox 1992 3494 2197 3561; x_wconf 67' lang='lat' dir='ltr'><strong><em>Graaca,</em></strong></span> <span class='ocrx_word' id='word_1_667' title='bbox 2248 3493 2344 3548; x_wconf 90' lang='lat' dir='ltr'><strong><em>sed</em></strong></span> <span class='ocrx_word' id='word_1_668' title='bbox 2375 3493 2673 3558; x_wconf 84' lang='lat' dir='ltr'><strong><em>llebraica;</em></strong></span> <span class='ocrx_word' id='word_1_669' title='bbox 2724 3507 2845 3548; x_wconf 92' lang='lat' dir='ltr'><strong><em>cum</em></strong></span> <span class='ocrx_word' id='word_1_670' title='bbox 2888 3501 3067 3547; x_wconf 88' lang='lat' dir='ltr'><strong><em>autem</em></strong></span> <span class='ocrx_word' id='word_1_671' title='bbox 3110 3507 3177 3547; x_wconf 87' lang='lat' dir='ltr'><strong><em>ex</em></strong></span> <span class='ocrx_word' id='word_1_672' title='bbox 3223 3492 3482 3550; x_wconf 83' lang='lat' dir='ltr'><strong><em>llebraica</em></strong></span> <span class='ocrx_word' id='word_1_673' title='bbox 3526 3494 3578 3549; x_wconf 89' lang='lat' dir='ltr'><strong><em>in</em></strong></span> 
     </span>
    </p>
   </div>
   <div class='ocr_carea' id='block_1_97' title="bbox 1995 3577 3580 3657">
    <p class='ocr_par' dir='ltr' id='par_1_97' title="bbox 1995 3577 3580 3657">
     <span class='ocr_line' id='line_1_97' title="bbox 1995 3577 3580 3657; baseline -0.001 -15"><span class='ocrx_word' id='word_1_674' title='bbox 1995 3587 2234 3643; x_wconf 74' lang='lat' dir='ltr'><strong><em>Grtecam</em></strong></span> <span class='ocrx_word' id='word_1_675' title='bbox 2275 3586 2508 3657; x_wconf 86' lang='lat' dir='ltr'><strong><em>linguam</em></strong></span> <span class='ocrx_word' id='word_1_676' title='bbox 2545 3585 2857 3640; x_wconf 89' lang='lat' dir='ltr'><strong><em>translatum</em></strong></span> <span class='ocrx_word' id='word_1_677' title='bbox 2898 3577 3078 3652; x_wconf 79' lang='lat' dir='ltr'><strong><em>fuerit,</em></strong></span> <span class='ocrx_word' id='word_1_678' title='bbox 3111 3585 3393 3639; x_wconf 78' lang='lat' dir='ltr'><strong><em>maximam</em></strong></span> <span class='ocrx_word' id='word_1_679' title='bbox 3421 3585 3580 3640; x_wconf 78' lang='lat' dir='ltr'><strong><em>habet</em></strong></span> 
     </span>
    </p>
   </div>
   <div class='ocr_carea' id='block_1_98' title="bbox 1991 3675 3576 3747">
    <p class='ocr_par' dir='ltr' id='par_1_98' title="bbox 1991 3675 3576 3747">
     <span class='ocr_line' id='line_1_98' title="bbox 1991 3675 3576 3747; baseline -0.003 -12"><span class='ocrx_word' id='word_1_680' title='bbox 1991 3679 2377 3735; x_wconf 80' lang='lat' dir='ltr'><strong><em>difﬁcultatem.</em></strong></span> <span class='ocrx_word' id='word_1_681' title='bbox 2421 3678 2758 3733; x_wconf 87' lang='lat' dir='ltr'><strong><em>Translatum</em></strong></span> <span class='ocrx_word' id='word_1_682' title='bbox 2801 3687 2977 3732; x_wconf 88' lang='lat' dir='ltr'><strong><em>autem</em></strong></span> <span class='ocrx_word' id='word_1_683' title='bbox 3014 3675 3114 3732; x_wconf 79' lang='lat' dir='ltr'><strong><em>fuit</em></strong></span> <span class='ocrx_word' id='word_1_684' title='bbox 3141 3677 3346 3744; x_wconf 61' lang='lat' dir='ltr'><strong><em>Graece,</em></strong></span> <span class='ocrx_word' id='word_1_685' title='bbox 3387 3677 3576 3747; x_wconf 87' lang='lat' dir='ltr'><strong><em>inquit,</em></strong></span> 
     </span>
    </p>
   </div>
   <div class='ocr_carea' id='block_1_99' title="bbox 1994 3769 3575 3842">
    <p class='ocr_par' dir='ltr' id='par_1_99' title="bbox 1994 3769 3575 3842">
     <span class='ocr_line' id='line_1_99' title="bbox 1994 3769 3575 3842; baseline -0.003 -13"><span class='ocrx_word' id='word_1_686' title='bbox 1994 3773 2094 3830; x_wconf 89' lang='lat' dir='ltr'><strong><em>sub</em></strong></span> <span class='ocrx_word' id='word_1_687' title='bbox 2133 3771 2421 3826; x_wconf 58' lang='lat' dir='ltr'><strong><em>Ptolemais</em></strong></span> <span class='ocrx_word' id='word_1_688' title='bbox 2458 3785 2605 3842; x_wconf 86' lang='lat' dir='ltr'><strong><em>rege,</em></strong></span> <span class='ocrx_word' id='word_1_689' title='bbox 2633 3771 2886 3826; x_wconf 88' lang='lat' dir='ltr'><strong><em>trecentis</em></strong></span> <span class='ocrx_word' id='word_1_690' title='bbox 2927 3770 3082 3825; x_wconf 88' lang='lat' dir='ltr'><strong><em>annis</em></strong></span> <span class='ocrx_word' id='word_1_691' title='bbox 3124 3778 3249 3824; x_wconf 89' lang='lat' dir='ltr'><strong><em>ante</em></strong></span> <span class='ocrx_word' id='word_1_692' title='bbox 3287 3769 3575 3824; x_wconf 87' lang='lat' dir='ltr'><strong><em>adventum</em></strong></span> 
     </span>
    </p>
   </div>
   <div class='ocr_carea' id='block_1_100' title="bbox 1992 3859 3580 3931">
    <p class='ocr_par' dir='ltr' id='par_1_100' title="bbox 1992 3859 3580 3931">
     <span class='ocr_line' id='line_1_100' title="bbox 1992 3859 3580 3931; baseline -0.003 -13"><span class='ocrx_word' id='word_1_693' title='bbox 1992 3864 2222 3930; x_wconf 89' lang='lat' dir='ltr'><strong><em>Christi;</em></strong></span> <span class='ocrx_word' id='word_1_694' title='bbox 2269 3863 2530 3918; x_wconf 88' lang='lat' dir='ltr'><strong><em>adventus</em></strong></span> <span class='ocrx_word' id='word_1_695' title='bbox 2587 3869 2766 3917; x_wconf 87' lang='lat' dir='ltr'><strong><em>autem</em></strong></span> <span class='ocrx_word' id='word_1_696' title='bbox 2816 3859 3014 3916; x_wconf 86' lang='lat' dir='ltr'><strong><em>Christi</em></strong></span> <span class='ocrx_word' id='word_1_697' title='bbox 3065 3877 3186 3931; x_wconf 76' lang='lat' dir='ltr'><strong><em>qua:</em></strong></span> <span class='ocrx_word' id='word_1_698' title='bbox 3228 3861 3580 3915; x_wconf 88' lang='lat' dir='ltr'><strong><em>amiseramus</em></strong></span> 
     </span>
    </p>
   </div>
   <div class='ocr_carea' id='block_1_101' title="bbox 1992 3953 3577 4024">
    <p class='ocr_par' dir='ltr' id='par_1_101' title="bbox 1992 3953 3577 4024">
     <span class='ocr_line' id='line_1_101' title="bbox 1992 3953 3577 4024; baseline -0.001 -12"><span class='ocrx_word' id='word_1_699' title='bbox 1992 3959 2232 4014; x_wconf 87' lang='lat' dir='ltr'><strong><em>auctiora</em></strong></span> <span class='ocrx_word' id='word_1_700' title='bbox 2262 3957 2416 4012; x_wconf 88' lang='lat' dir='ltr'><strong><em>nobis</em></strong></span> <span class='ocrx_word' id='word_1_701' title='bbox 2441 3955 2690 4012; x_wconf 87' lang='lat' dir='ltr'><strong><em>restituit.</em></strong></span> <span class='ocrx_word' id='word_1_702' title='bbox 2723 3954 2859 4009; x_wconf 90' lang='lat' dir='ltr'><strong><em>Dicit</em></strong></span> <span class='ocrx_word' id='word_1_703' title='bbox 2888 3964 3072 4024; x_wconf 88' lang='lat' dir='ltr'><strong><em>postea</em></strong></span> <span class='ocrx_word' id='word_1_704' title='bbox 3114 3953 3412 4009; x_wconf 87' lang='lat' dir='ltr'><strong><em>orationem</em></strong></span> <span class='ocrx_word' id='word_1_705' title='bbox 3443 3957 3577 4010; x_wconf 87' lang='lat' dir='ltr'><strong><em>mul-</em></strong></span> 
     </span>
    </p>
   </div>
   <div class='ocr_carea' id='block_1_102' title="bbox 1995 4045 3580 4118">
    <p class='ocr_par' dir='ltr' id='par_1_102' title="bbox 1995 4045 3580 4118">
     <span class='ocr_line' id='line_1_102' title="bbox 1995 4045 3580 4118; baseline -0.001 -13"><span class='ocrx_word' id='word_1_706' title='bbox 1995 4049 2234 4105; x_wconf 90' lang='lat' dir='ltr'><strong><em>titudinis</em></strong></span> <span class='ocrx_word' id='word_1_707' title='bbox 2259 4062 2504 4118; x_wconf 86' lang='lat' dir='ltr'><strong><em>magnam</em></strong></span> <span class='ocrx_word' id='word_1_708' title='bbox 2531 4047 2638 4102; x_wconf 89' lang='lat' dir='ltr'><strong><em>vim</em></strong></span> <span class='ocrx_word' id='word_1_709' title='bbox 2659 4045 2878 4101; x_wconf 88' lang='lat' dir='ltr'><strong><em>habere.</em></strong></span> <span class='ocrx_word' id='word_1_710' title='bbox 2913 4045 3006 4102; x_wconf 87' lang='lat' dir='ltr'><strong><em>His</em></strong></span> <span class='ocrx_word' id='word_1_711' title='bbox 3031 4045 3178 4100; x_wconf 89' lang='lat' dir='ltr'><strong><em>addit</em></strong></span> <span class='ocrx_word' id='word_1_712' title='bbox 3201 4045 3412 4101; x_wconf 90' lang='lat' dir='ltr'><strong><em>diaconi</em></strong></span> <span class='ocrx_word' id='word_1_713' title='bbox 3441 4048 3580 4103; x_wconf 89' lang='lat' dir='ltr'><strong><em>dicta</em></strong></span> 
     </span>
    </p>
   </div>
   <div class='ocr_carea' id='block_1_103' title="bbox 1993 4137 3581 4211">
    <p class='ocr_par' dir='ltr' id='par_1_103' title="bbox 1993 4137 3581 4211">
     <span class='ocr_line' id='line_1_103' title="bbox 1993 4137 3581 4211; baseline -0.002 -14"><span class='ocrx_word' id='word_1_714' title='bbox 1993 4142 2048 4197; x_wconf 91' lang='lat' dir='ltr'><strong><em>in</em></strong></span> <span class='ocrx_word' id='word_1_715' title='bbox 2068 4140 2322 4211; x_wconf 87' lang='lat' dir='ltr'><strong><em>Liturgia,</em></strong></span> <span class='ocrx_word' id='word_1_716' title='bbox 2351 4139 2500 4210; x_wconf 90' lang='lat' dir='ltr'><strong><em>queis</em></strong></span> <span class='ocrx_word' id='word_1_717' title='bbox 2527 4139 2737 4208; x_wconf 89' lang='lat' dir='ltr'><strong><em>plebem</em></strong></span> <span class='ocrx_word' id='word_1_718' title='bbox 2765 4137 2829 4192; x_wconf 91' lang='lat' dir='ltr'><strong><em>ad</em></strong></span> <span class='ocrx_word' id='word_1_719' title='bbox 2858 4138 3179 4206; x_wconf 89' lang='lat' dir='ltr'><strong><em>precandum</em></strong></span> <span class='ocrx_word' id='word_1_720' title='bbox 3202 4137 3465 4193; x_wconf 80' lang='lat' dir='ltr'><strong><em>hortatur.</em></strong></span> <span class='ocrx_word' id='word_1_721' title='bbox 3493 4139 3581 4194; x_wconf 83' lang='lat' dir='ltr'><strong><em>Ait</em></strong></span> 
     </span>
    </p>
   </div>
   <div class='ocr_carea' id='block_1_104' title="bbox 1993 4226 3577 4297">
    <p class='ocr_par' dir='ltr' id='par_1_104' title="bbox 1993 4226 3577 4297">
     <span class='ocr_line' id='line_1_104' title="bbox 1993 4226 3577 4297; baseline -0.004 -9"><span class='ocrx_word' id='word_1_722' title='bbox 1993 4231 2187 4288; x_wconf 88' lang='lat' dir='ltr'><strong><em>deinde</em></strong></span> <span class='ocrx_word' id='word_1_723' title='bbox 2225 4245 2434 4286; x_wconf 89' lang='lat' dir='ltr'><strong><em>morum</em></strong></span> <span class='ocrx_word' id='word_1_724' title='bbox 2469 4227 2855 4284; x_wconf 90' lang='lat' dir='ltr'><strong><em>correctionem</em></strong></span> <span class='ocrx_word' id='word_1_725' title='bbox 2899 4226 3187 4297; x_wconf 79' lang='lat' dir='ltr'><strong><em>Scriptura:</em></strong></span> <span class='ocrx_word' id='word_1_726' title='bbox 3223 4243 3390 4282; x_wconf 82' lang='lat' dir='ltr'><strong><em>sacra:</em></strong></span> <span class='ocrx_word' id='word_1_727' title='bbox 3416 4229 3577 4282; x_wconf 76' lang='lat' dir='ltr'><strong><em>ﬁnem</em></strong></span> 
     </span>
    </p>
   </div>
   <div class='ocr_carea' id='block_1_105' title="bbox 1995 4315 3580 4389">
    <p class='ocr_par' dir='ltr' id='par_1_105' title="bbox 1995 4315 3580 4389">
     <span class='ocr_line' id='line_1_105' title="bbox 1995 4315 3580 4389; baseline -0.003 -11"><span class='ocrx_word' id='word_1_728' title='bbox 1995 4337 2114 4378; x_wconf 86' lang='lat' dir='ltr'><strong><em>esse</em></strong></span> <span class='ocrx_word' id='word_1_729' title='bbox 2147 4339 2161 4376; x_wconf 86' lang='lat'><strong>:</strong></span> <span class='ocrx_word' id='word_1_730' title='bbox 2191 4330 2245 4374; x_wconf 87' lang='lat' dir='ltr'><strong><em>et</em></strong></span> <span class='ocrx_word' id='word_1_731' title='bbox 2279 4329 2554 4389; x_wconf 87' lang='lat' dir='ltr'><strong><em>postquam</em></strong></span> <span class='ocrx_word' id='word_1_732' title='bbox 2585 4325 2772 4372; x_wconf 88' lang='lat' dir='ltr'><strong><em>contra</em></strong></span> <span class='ocrx_word' id='word_1_733' title='bbox 2801 4316 3122 4371; x_wconf 60' lang='lat' dir='ltr'><strong><em>Manicbicos</em></strong></span> <span class='ocrx_word' id='word_1_734' title='bbox 3156 4315 3398 4384; x_wconf 76' lang='lat' dir='ltr'><strong><em>qua-dam</em></strong></span> <span class='ocrx_word' id='word_1_735' title='bbox 3425 4316 3580 4374; x_wconf 79' lang='lat' dir='ltr'><strong><em>dixe-</em></strong></span> 
     </span>
    </p>
   </div>
   <div class='ocr_carea' id='block_1_106' title="bbox 1995 4406 3580 4480">
    <p class='ocr_par' dir='ltr' id='par_1_106' title="bbox 1995 4406 3580 4480">
     <span class='ocr_line' id='line_1_106' title="bbox 1995 4406 3580 4480; baseline -0.003 -11"><span class='ocrx_word' id='word_1_736' title='bbox 1995 4423 2097 4478; x_wconf 88' lang='lat' dir='ltr'><strong><em>rat,</em></strong></span> <span class='ocrx_word' id='word_1_737' title='bbox 2141 4411 2340 4466; x_wconf 89' lang='lat' dir='ltr'><strong><em>claudit</em></strong></span> <span class='ocrx_word' id='word_1_738' title='bbox 2376 4409 2560 4464; x_wconf 87' lang='lat' dir='ltr'><strong><em>dicens</em></strong></span> <span class='ocrx_word' id='word_1_739' title='bbox 2597 4415 2942 4480; x_wconf 89' lang='lat' dir='ltr'><strong><em>peccatorum</em></strong></span> <span class='ocrx_word' id='word_1_740' title='bbox 2990 4406 3418 4462; x_wconf 86' lang='lat' dir='ltr'><strong><em>recordationem</em></strong></span> <span class='ocrx_word' id='word_1_741' title='bbox 3460 4421 3580 4464; x_wconf 82' lang='lat' dir='ltr'><strong><em>esse</em></strong></span> 
     </span>
    </p>
   </div>
   <div class='ocr_carea' id='block_1_107' title="bbox 1996 4501 2584 4576">
    <p class='ocr_par' dir='ltr' id='par_1_107' title="bbox 1996 4501 2584 4576">
     <span class='ocr_line' id='line_1_107' title="bbox 1996 4501 2584 4576; baseline -0.007 -16"><span class='ocrx_word' id='word_1_742' title='bbox 1996 4504 2238 4576; x_wconf 88' lang='lat' dir='ltr'><strong><em>peccanti</em></strong></span> <span class='ocrx_word' id='word_1_743' title='bbox 2267 4501 2584 4558; x_wconf 86' lang='lat' dir='ltr'><strong><em>remedium.</em></strong></span> 
     </span>
    </p>
   </div>
   <div class='ocr_carea' id='block_1_108' title="bbox 2067 4589 3580 4660">
    <p class='ocr_par' dir='ltr' id='par_1_108' title="bbox 2067 4589 3580 4660">
     <span class='ocr_line' id='line_1_108' title="bbox 2067 4589 3580 4660; baseline -0.003 -9"><span class='ocrx_word' id='word_1_744' title='bbox 2067 4596 2198 4652; x_wconf 73' lang='lat' dir='ltr'><strong><em>Alite</em></strong></span> <span class='ocrx_word' id='word_1_745' title='bbox 2225 4597 2510 4651; x_wconf 84' lang='lat' dir='ltr'><strong><em>conciones.</em></strong></span> <span class='ocrx_word' id='word_1_746' title='bbox 2540 4623 2612 4633; x_wconf 92' lang='lat'><strong><em>—</em></strong></span> <span class='ocrx_word' id='word_1_747' title='bbox 2631 4591 2928 4649; x_wconf 88' lang='lat' dir='ltr'><strong><em>Secundam</em></strong></span> <span class='ocrx_word' id='word_1_748' title='bbox 2959 4590 3026 4646; x_wconf 86' lang='lat' dir='ltr'><strong><em>de</em></strong></span> <span class='ocrx_word' id='word_1_749' title='bbox 3051 4589 3456 4660; x_wconf 82' lang='lat' dir='ltr'><strong><em>Prophetiarum</em></strong></span> <span class='ocrx_word' id='word_1_750' title='bbox 3483 4592 3580 4646; x_wconf 87' lang='lat' dir='ltr'><strong><em>ob-</em></strong></span> 
     </span>
    </p>
   </div>
   <div class='ocr_carea' id='block_1_109' title="bbox 1999 4683 3584 4748">
    <p class='ocr_par' dir='ltr' id='par_1_109' title="bbox 1999 4683 3584 4748">
     <span class='ocr_line' id='line_1_109' title="bbox 1999 4683 3584 4748; baseline -0.004 -1"><span class='ocrx_word' id='word_1_751' title='bbox 1999 4691 2248 4748; x_wconf 84' lang='lat' dir='ltr'><strong><em>scuritate</em></strong></span> <span class='ocrx_word' id='word_1_752' title='bbox 2287 4689 2558 4745; x_wconf 87' lang='lat' dir='ltr'><strong><em>homiliam</em></strong></span> <span class='ocrx_word' id='word_1_753' title='bbox 2593 4687 2647 4743; x_wconf 91' lang='lat' dir='ltr'><strong><em>in</em></strong></span> <span class='ocrx_word' id='word_1_754' title='bbox 2680 4686 2954 4740; x_wconf 88' lang='lat' dir='ltr'><strong><em>Dominica</em></strong></span> <span class='ocrx_word' id='word_1_755' title='bbox 2981 4685 3207 4740; x_wconf 82' lang='lat' dir='ltr'><strong><em>dixerat.</em></strong></span> <span class='ocrx_word' id='word_1_756' title='bbox 3236 4683 3426 4740; x_wconf 85' lang='lat' dir='ltr'><strong><em>Paucis</em></strong></span> <span class='ocrx_word' id='word_1_757' title='bbox 3453 4700 3584 4741; x_wconf 84' lang='lat' dir='ltr'><strong><em>vero</em></strong></span> 
     </span>
    </p>
   </div>
   <div class='ocr_carea' id='block_1_110' title="bbox 2000 4775 3582 4856">
    <p class='ocr_par' dir='ltr' id='par_1_110' title="bbox 2000 4775 3582 4856">
     <span class='ocr_line' id='line_1_110' title="bbox 2000 4775 3582 4856; baseline -0.006 -15"><span class='ocrx_word' id='word_1_758' title='bbox 2000 4794 2186 4856; x_wconf 90' lang='lat' dir='ltr'><strong><em>postea</em></strong></span> <span class='ocrx_word' id='word_1_759' title='bbox 2215 4784 2406 4840; x_wconf 90' lang='lat' dir='ltr'><strong><em>diebus</em></strong></span> <span class='ocrx_word' id='word_1_760' title='bbox 2448 4783 2592 4836; x_wconf 90' lang='lat' dir='ltr'><strong><em>illam</em></strong></span> <span class='ocrx_word' id='word_1_761' title='bbox 2620 4778 2892 4833; x_wconf 84' lang='lat' dir='ltr'><strong><em>homiliam</em></strong></span> <span class='ocrx_word' id='word_1_762' title='bbox 2917 4777 3107 4834; x_wconf 82' lang='lat' dir='ltr'><strong><em>habuit</em></strong></span> <span class='ocrx_word' id='word_1_763' title='bbox 3136 4775 3224 4848; x_wconf 86' lang='lat' dir='ltr'><strong><em>(T.</em></strong></span> <span class='ocrx_word' id='word_1_764' title='bbox 3249 4777 3307 4832; x_wconf 75' lang='lat'><strong><em>2.</em></strong></span> <span class='ocrx_word' id='word_1_765' title='bbox 3357 4791 3400 4831; x_wconf 90' lang='lat' dir='ltr'><strong><em>c.</em></strong></span> <span class='ocrx_word' id='word_1_766' title='bbox 3427 4777 3582 4846; x_wconf 75' lang='grc'><strong>245),</strong></span> 
     </span>
    </p>
   </div>
   <div class='ocr_carea' id='block_1_111' title="bbox 1999 4868 3584 4950">
    <p class='ocr_par' dir='ltr' id='par_1_111' title="bbox 1999 4868 3584 4950">
     <span class='ocr_line' id='line_1_111' title="bbox 1999 4868 3584 4950; baseline -0.008 -17"><span class='ocrx_word' id='word_1_767' title='bbox 1999 4895 2120 4950; x_wconf 73' lang='lat' dir='ltr'><strong><em>qua:</em></strong></span> <span class='ocrx_word' id='word_1_768' title='bbox 2163 4878 2488 4941; x_wconf 88' lang='lat' dir='ltr'><strong><em>inscribitur,</em></strong></span> <span class='ocrx_word' id='word_1_769' title='bbox 2527 4873 2779 4927; x_wconf 83' lang='lat' dir='ltr'><strong><em>Adversus</em></strong></span> <span class='ocrx_word' id='word_1_770' title='bbox 2823 4886 2906 4925; x_wconf 87' lang='lat' dir='ltr'><strong><em>eos</em></strong></span> <span class='ocrx_word' id='word_1_771' title='bbox 2948 4869 3034 4940; x_wconf 87' lang='lat' dir='ltr'><strong><em>qui</em></strong></span> <span class='ocrx_word' id='word_1_772' title='bbox 3077 4868 3296 4924; x_wconf 87' lang='lat' dir='ltr'><strong><em>dicerent</em></strong></span> <span class='ocrx_word' id='word_1_773' title='bbox 3328 4878 3584 4921; x_wconf 72' lang='lat' dir='ltr'><strong><em>acemonas</em></strong></span> 
     </span>
    </p>
   </div>
   <div class='ocr_carea' id='block_1_112' title="bbox 2001 4958 3583 5042">
    <p class='ocr_par' dir='ltr' id='par_1_112' title="bbox 2001 4958 3583 5042">
     <span class='ocr_line' id='line_1_112' title="bbox 2001 4958 3583 5042; baseline -0.007 -17"><span class='ocrx_word' id='word_1_774' title='bbox 2001 4969 2279 5042; x_wconf 79' lang='lat' dir='ltr'><strong><em>gubernare</em></strong></span> <span class='ocrx_word' id='word_1_775' title='bbox 2316 4983 2397 5021; x_wconf 86' lang='lat' dir='ltr'><strong><em>res</em></strong></span> <span class='ocrx_word' id='word_1_776' title='bbox 2426 4967 2697 5019; x_wconf 86' lang='lat' dir='ltr'><strong><em>humanas.</em></strong></span> <span class='ocrx_word' id='word_1_777' title='bbox 2739 4961 2796 5017; x_wconf 93' lang='lat' dir='ltr'><strong><em>In</em></strong></span> <span class='ocrx_word' id='word_1_778' title='bbox 2839 4961 2996 5032; x_wconf 82' lang='lat' dir='ltr'><strong><em>hujus</em></strong></span> <span class='ocrx_word' id='word_1_779' title='bbox 3019 4961 3161 5017; x_wconf 90' lang='lat' dir='ltr'><strong><em>enim</em></strong></span> <span class='ocrx_word' id='word_1_780' title='bbox 3201 4958 3463 5029; x_wconf 90' lang='lat' dir='ltr'><strong><em>principio</em></strong></span> <span class='ocrx_word' id='word_1_781' title='bbox 3494 4958 3583 5014; x_wconf 82' lang='lat' dir='ltr'><strong><em>illa</em></strong></span> 
     </span>
    </p>
   </div>
   <div class='ocr_carea' id='block_1_113' title="bbox 2003 5047 3586 5127">
    <p class='ocr_par' dir='ltr' id='par_1_113' title="bbox 2003 5047 3586 5127">
     <span class='ocr_line' id='line_1_113' title="bbox 2003 5047 3586 5127; baseline -0.009 -11"><span class='ocrx_word' id='word_1_782' title='bbox 2003 5060 2180 5126; x_wconf 87' lang='lat' dir='ltr'><strong><em>omnia</em></strong></span> <span class='ocrx_word' id='word_1_783' title='bbox 2208 5057 2423 5127; x_wconf 88' lang='lat' dir='ltr'><strong><em>repetit,</em></strong></span> <span class='ocrx_word' id='word_1_784' title='bbox 2457 5070 2573 5126; x_wconf 80' lang='lat' dir='ltr'><strong><em>quae</em></strong></span> <span class='ocrx_word' id='word_1_785' title='bbox 2608 5053 2661 5106; x_wconf 91' lang='lat' dir='ltr'><strong><em>in</em></strong></span> <span class='ocrx_word' id='word_1_786' title='bbox 2703 5053 2808 5107; x_wconf 88' lang='lat' dir='ltr'><strong><em>line</em></strong></span> <span class='ocrx_word' id='word_1_787' title='bbox 2833 5051 2975 5107; x_wconf 89' lang='lat' dir='ltr'><strong><em>illius</em></strong></span> <span class='ocrx_word' id='word_1_788' title='bbox 2999 5049 3273 5106; x_wconf 89' lang='lat' dir='ltr'><strong><em>concionis</em></strong></span> <span class='ocrx_word' id='word_1_789' title='bbox 3301 5062 3360 5104; x_wconf 89' lang='lat' dir='ltr'><strong><em>se</em></strong></span> <span class='ocrx_word' id='word_1_790' title='bbox 3387 5047 3586 5102; x_wconf 79' lang='lat' dir='ltr'><strong><em>dixisse</em></strong></span> 
     </span>
    </p>
   </div>
   <div class='ocr_carea' id='block_1_114' title="bbox 2007 5138 3586 5213">
    <p class='ocr_par' dir='ltr' id='par_1_114' title="bbox 2007 5138 3586 5213">
     <span class='ocr_line' id='line_1_114' title="bbox 2007 5138 3586 5213; baseline -0.009 -7"><span class='ocrx_word' id='word_1_791' title='bbox 2007 5150 2351 5213; x_wconf 87' lang='lat' dir='ltr'><strong><em>testiﬁcatur;</em></strong></span> <span class='ocrx_word' id='word_1_792' title='bbox 2381 5146 2632 5201; x_wconf 86' lang='lat' dir='ltr'><strong><em>nimirum</em></strong></span> <span class='ocrx_word' id='word_1_793' title='bbox 2677 5143 2746 5198; x_wconf 91' lang='lat' dir='ltr'><strong><em>de</em></strong></span> <span class='ocrx_word' id='word_1_794' title='bbox 2789 5142 2988 5198; x_wconf 88' lang='lat' dir='ltr'><strong><em>sanctis</em></strong></span> <span class='ocrx_word' id='word_1_795' title='bbox 3020 5140 3287 5212; x_wconf 88' lang='lat' dir='ltr'><strong><em>justisque</em></strong></span> <span class='ocrx_word' id='word_1_796' title='bbox 3315 5139 3462 5202; x_wconf 90' lang='lat' dir='ltr'><strong><em>viris,</em></strong></span> <span class='ocrx_word' id='word_1_797' title='bbox 3495 5138 3586 5208; x_wconf 91' lang='lat' dir='ltr'><strong><em>qui</em></strong></span> 
     </span>
    </p>
   </div>
   <div class='ocr_carea' id='block_1_115' title="bbox 2005 5230 3584 5310">
    <p class='ocr_par' dir='ltr' id='par_1_115' title="bbox 2005 5230 3584 5310">
     <span class='ocr_line' id='line_1_115' title="bbox 2005 5230 3584 5310; baseline -0.011 -12"><span class='ocrx_word' id='word_1_798' title='bbox 2005 5257 2100 5298; x_wconf 87' lang='lat' dir='ltr'><strong><em>sua</em></strong></span> <span class='ocrx_word' id='word_1_799' title='bbox 2127 5247 2368 5310; x_wconf 85' lang='lat' dir='ltr'><strong><em>peccata,</em></strong></span> <span class='ocrx_word' id='word_1_800' title='bbox 2398 5252 2505 5292; x_wconf 89' lang='lat' dir='ltr'><strong><em>non</em></strong></span> <span class='ocrx_word' id='word_1_801' title='bbox 2535 5247 2714 5292; x_wconf 88' lang='lat' dir='ltr'><strong><em>autem</em></strong></span> <span class='ocrx_word' id='word_1_802' title='bbox 2749 5233 2948 5300; x_wconf 86' lang='lat' dir='ltr'><strong><em>aliena,</em></strong></span> <span class='ocrx_word' id='word_1_803' title='bbox 2975 5247 3098 5288; x_wconf 89' lang='lat' dir='ltr'><strong><em>cum</em></strong></span> <span class='ocrx_word' id='word_1_804' title='bbox 3123 5230 3309 5286; x_wconf 90' lang='lat' dir='ltr'><strong><em>dolore</em></strong></span> <span class='ocrx_word' id='word_1_805' title='bbox 3337 5243 3584 5284; x_wconf 88' lang='lat' dir='ltr'><strong><em>exsecra-</em></strong></span> 
     </span>
    </p>
   </div>
   <div class='ocr_carea' id='block_1_116' title="bbox 2006 5319 3586 5402">
    <p class='ocr_par' dir='ltr' id='par_1_116' title="bbox 2006 5319 3586 5402">
     <span class='ocr_line' id='line_1_116' title="bbox 2006 5319 3586 5402; baseline -0.01 -14"><span class='ocrx_word' id='word_1_806' title='bbox 2006 5332 2272 5402; x_wconf 87' lang='lat' dir='ltr'><strong><em>tionisque</em></strong></span> <span class='ocrx_word' id='word_1_807' title='bbox 2328 5327 2713 5399; x_wconf 80' lang='lat' dir='ltr'><strong><em>signiﬁcatione</em></strong></span> <span class='ocrx_word' id='word_1_808' title='bbox 2767 5321 3262 5381; x_wconf 89' lang='lat' dir='ltr'><strong><em>commemorabant</em></strong></span> <span class='ocrx_word' id='word_1_809' title='bbox 3299 5319 3586 5389; x_wconf 88' lang='lat' dir='ltr'><strong><em>:exempla</em></strong></span> 
     </span>
    </p>
   </div>
   <div class='ocr_carea' id='block_1_117' title="bbox 2005 5411 3588 5488">
    <p class='ocr_par' dir='ltr' id='par_1_117' title="bbox 2005 5411 3588 5488">
     <span class='ocr_line' id='line_1_117' title="bbox 2005 5411 3588 5488; baseline -0.009 -9"><span class='ocrx_word' id='word_1_810' title='bbox 2005 5423 2147 5479; x_wconf 91' lang='lat' dir='ltr'><strong><em>enim</em></strong></span> <span class='ocrx_word' id='word_1_811' title='bbox 2177 5421 2364 5476; x_wconf 86' lang='lat' dir='ltr'><strong><em>eadem</em></strong></span> <span class='ocrx_word' id='word_1_812' title='bbox 2389 5419 2568 5476; x_wconf 91' lang='lat' dir='ltr'><strong><em>omnia</em></strong></span> <span class='ocrx_word' id='word_1_813' title='bbox 2589 5417 2888 5488; x_wconf 89' lang='lat' dir='ltr'><strong><em>eodemque</em></strong></span> <span class='ocrx_word' id='word_1_814' title='bbox 2917 5415 3104 5470; x_wconf 86' lang='lat' dir='ltr'><strong><em>ordine</em></strong></span> <span class='ocrx_word' id='word_1_815' title='bbox 3131 5420 3397 5467; x_wconf 86' lang='lat' dir='ltr'><strong><em>recenset.</em></strong></span> <span class='ocrx_word' id='word_1_816' title='bbox 3428 5411 3588 5467; x_wconf 89' lang='lat' dir='ltr'><strong><em>Ordi-</em></strong></span> 
     </span>
    </p>
   </div>
   <div class='ocr_carea' id='block_1_118' title="bbox 2008 5503 3590 5572">
    <p class='ocr_par' dir='ltr' id='par_1_118' title="bbox 2008 5503 3590 5572">
     <span class='ocr_line' id='line_1_118' title="bbox 2008 5503 3590 5572; baseline -0.01 -2"><span class='ocrx_word' id='word_1_817' title='bbox 2008 5524 2092 5570; x_wconf 90' lang='lat' dir='ltr'><strong><em>tur</em></strong></span> <span class='ocrx_word' id='word_1_818' title='bbox 2129 5521 2309 5568; x_wconf 88' lang='lat' dir='ltr'><strong><em>autem</em></strong></span> <span class='ocrx_word' id='word_1_819' title='bbox 2339 5512 2406 5566; x_wconf 89' lang='lat' dir='ltr'><strong><em>ab</em></strong></span> <span class='ocrx_word' id='word_1_820' title='bbox 2433 5509 2889 5566; x_wconf 79' lang='lat' dir='ltr'><strong><em>Antiochenorum</em></strong></span> <span class='ocrx_word' id='word_1_821' title='bbox 2933 5503 3263 5566; x_wconf 87' lang='lat' dir='ltr'><strong><em>assiduitate,</em></strong></span> <span class='ocrx_word' id='word_1_822' title='bbox 3305 5503 3486 5572; x_wconf 88' lang='lat' dir='ltr'><strong><em>aitque</em></strong></span> <span class='ocrx_word' id='word_1_823' title='bbox 3529 5503 3590 5555; x_wconf 86' lang='lat' dir='ltr'><strong><em>ti-</em></strong></span> 
     </span>
    </p>
   </div>
   <div class='ocr_carea' id='block_1_119' title="bbox 2007 5593 3592 5672">
    <p class='ocr_par' dir='ltr' id='par_1_119' title="bbox 2007 5593 3592 5672">
     <span class='ocr_line' id='line_1_119' title="bbox 2007 5593 3592 5672; baseline -0.007 -12"><span class='ocrx_word' id='word_1_824' title='bbox 2007 5605 2210 5661; x_wconf 87' lang='lat' dir='ltr'><strong><em>muisse</em></strong></span> <span class='ocrx_word' id='word_1_825' title='bbox 2246 5619 2309 5660; x_wconf 87' lang='lat' dir='ltr'><strong><em>se</em></strong></span> <span class='ocrx_word' id='word_1_826' title='bbox 2338 5619 2407 5660; x_wconf 92' lang='lat' dir='ltr'><strong><em>ne</em></strong></span> <span class='ocrx_word' id='word_1_827' title='bbox 2429 5601 2824 5672; x_wconf 87' lang='lat' dir='ltr'><strong><em>multiplicitate</em></strong></span> <span class='ocrx_word' id='word_1_828' title='bbox 2852 5598 3112 5652; x_wconf 90' lang='lat' dir='ltr'><strong><em>dictorum</em></strong></span> <span class='ocrx_word' id='word_1_829' title='bbox 3141 5593 3414 5652; x_wconf 81' lang='lat' dir='ltr'><strong><em>fastidium</em></strong></span> <span class='ocrx_word' id='word_1_830' title='bbox 3443 5610 3592 5650; x_wconf 85' lang='lat' dir='ltr'><strong><em>crea—</em></strong></span> 
     </span>
    </p>
   </div>
   <div class='ocr_carea' id='block_1_120' title="bbox 2008 5686 3592 5769">
    <p class='ocr_par' dir='ltr' id='par_1_120' title="bbox 2008 5686 3592 5769">
     <span class='ocr_line' id='line_1_120' title="bbox 2008 5686 3592 5769; baseline -0.011 -14"><span class='ocrx_word' id='word_1_831' title='bbox 2008 5705 2128 5764; x_wconf 90' lang='lat' dir='ltr'><strong><em>ret;</em></strong></span> <span class='ocrx_word' id='word_1_832' title='bbox 2179 5697 2275 5752; x_wconf 88' lang='lat' dir='ltr'><strong><em>sed</em></strong></span> <span class='ocrx_word' id='word_1_833' title='bbox 2299 5696 2531 5769; x_wconf 84' lang='lat' dir='ltr'><strong><em>gaudere</em></strong></span> <span class='ocrx_word' id='word_1_834' title='bbox 2557 5709 2618 5750; x_wconf 87' lang='lat' dir='ltr'><strong><em>se</em></strong></span> <span class='ocrx_word' id='word_1_835' title='bbox 2641 5691 2786 5762; x_wconf 88' lang='lat' dir='ltr'><strong><em>quod</em></strong></span> <span class='ocrx_word' id='word_1_836' title='bbox 2826 5689 2996 5761; x_wconf 81' lang='lat' dir='ltr'><strong><em>magis</em></strong></span> <span class='ocrx_word' id='word_1_837' title='bbox 3021 5686 3350 5745; x_wconf 87' lang='lat' dir='ltr'><strong><em>desiderium</em></strong></span> <span class='ocrx_word' id='word_1_838' title='bbox 3393 5697 3449 5740; x_wconf 91' lang='lat' dir='ltr'><strong><em>et</em></strong></span> <span class='ocrx_word' id='word_1_839' title='bbox 3493 5701 3592 5740; x_wconf 87' lang='lat' dir='ltr'><strong><em>au-</em></strong></span> 
     </span>
    </p>
   </div>
   <div class='ocr_carea' id='block_1_121' title="bbox 2011 5775 3592 5859">
    <p class='ocr_par' dir='ltr' id='par_1_121' title="bbox 2011 5775 3592 5859">
     <span class='ocr_line' id='line_1_121' title="bbox 2011 5775 3592 5859; baseline -0.014 -9"><span class='ocrx_word' id='word_1_840' title='bbox 2011 5791 2190 5850; x_wconf 86' lang='lat' dir='ltr'><strong><em>diendi</em></strong></span> <span class='ocrx_word' id='word_1_841' title='bbox 2207 5791 2530 5859; x_wconf 86' lang='lat' dir='ltr'><strong><em>voluptatem</em></strong></span> <span class='ocrx_word' id='word_1_842' title='bbox 2547 5783 2754 5840; x_wconf 83' lang='lat' dir='ltr'><strong><em>auxerit</em></strong></span> <span class='ocrx_word' id='word_1_843' title='bbox 2776 5798 2792 5850; x_wconf 88' lang='lat'><strong>;</strong></span> <span class='ocrx_word' id='word_1_844' title='bbox 2816 5790 2926 5838; x_wconf 88' lang='lat' dir='ltr'><strong><em>tum</em></strong></span> <span class='ocrx_word' id='word_1_845' title='bbox 2947 5781 3192 5854; x_wconf 88' lang='lat' dir='ltr'><strong><em>superius</em></strong></span> <span class='ocrx_word' id='word_1_846' title='bbox 3216 5777 3356 5835; x_wconf 88' lang='lat' dir='ltr'><strong><em>dicta</em></strong></span> <span class='ocrx_word' id='word_1_847' title='bbox 3376 5775 3592 5848; x_wconf 81' lang='lat' dir='ltr'><strong><em>repetit,</em></strong></span> 
     </span>
    </p>
   </div>
  </div>
