3948 6444
453 340 549 413 .51
1446 325 1503 383 S.
1542 320 1823 379 30M?le
1859 320 2338 379 CHRYSOSTOMI
2378 320 2559 390 VITA,
3619 331 3708 390 ιδῃ

455 462 513 517 nt
541 450 797 515 diximus,
819 457 875 503 et
898 451 1077 515 postea
1105 453 1406 496 sermonem
1422 437 1630 493 orditur
1655 452 1877 492 narrans
1899 434 2038 491 unde

452 544 714 615 Driginem
745 539 956 601 duxerit
977 536 1171 593 divisio
1194 535 1512 603 linguarum.
1541 532 1679 587 Hinc
1698 538 1881 589 narrat
1899 529 2041 587 Ada-

452 648 599 701 pittm
625 631 678 687 in
704 639 861 702 portu
890 627 1221 697 naufragium
1248 623 1437 689 fecisse
1458 637 1475 688 ;
1508 636 1701 691 nempe
1735 634 1858 676 eum
1885 619 2039 674 bonis

454 724 703 787 omnibus
754 720 1072 786 abundaret,
1126 715 1388 779 suadente
1434 713 1668 779 diabolo,
1715 728 1746 767 e
1791 710 2038 781 paradiso

452 818 661 890 ejectus‘
696 816 832 881 fuit;
875 813 969 873 sed
1014 812 1183 866 Deum
1221 808 1462 864 effecisse
1496 814 1558 862 ut
1602 808 1809 862 lucrum
1840 804 2039 859 damno

452 907 622 978 majus
649 914 814 970 esset,
843 913 900 960 et
933 912 1176 967 naturam
1203 909 1441 969 nostram
1470 898 1538 952 ad
1561 897 1807 952 thronum
1833 895 2037 965 regium

448 997 728 1069 extulisse.
758 995 892 1051 Nam
924 994 1064 1054 Deus
1093 1006 1200 1046 non
1238 1005 1360 1045 cum
1396 989 1486 1043 dat
1523 986 1703 1054 modo,
1746 985 1842 1041 sed
1875 986 2037 1040 etiam

450 1067 578 1145 cum.
601 1087 779 1143 aufert
818 1087 994 1148 bonus
1021 1091 1125 1149 est.
1157 1083 1282 1145 Erae
1329 1081 1490 1149 etiam
1522 1078 1792 1149 profuisse
1821 1077 1961 1147 quod
2006 1090 2039 1131 a

450 1178 666 1234 diabolo
690 1177 912 1254 decepta
939 1175 1153 1249 fuisset;
1190 1187 1312 1239 cum
1352 1171 1495 1227 enim
1521 1168 1690 1226 ﬁlium
1718 1168 2033 1241 peperisset,

449 1268 605 1335 dixit,
633 1267 847 1325 Possedi
877 1266 1128 1331 hominem
1156 1279 1245 1336 per
1270 1262 1455 1329 Deum,
1482 1260 1807 1330 experientia
1843 1272 2038 1329 nempe

453 1375 550 1417 sua
591 1359 779 1415 cdocta
825 1373 853 1412 a
901 1357 1013 1421 Deo
1058 1356 1195 1411 bona
1237 1353 1415 1409 omnia
1461 1365 1798 1424 promanare.
1843 1348 2036 1405 Postea

452 1451 561 1521 agit
587 1450 655 1511 de
684 1449 843 1503 variis
881 1447 1098 1513 malitia:
1124 1445 1433 1518 generibus,
1461 1442 1785 1512 domumque
1812 1438 1880 1495 de
1908 1453 2035 1510 pro-

451 1541 683 1598 ridentia
718 1540 832 1595 Dei.

519 1630 817 1688 Secundam
846 1630 1118 1699 posuimus
1146 1627 1427 1681 llomiliam
1450 1624 1518 1679 de
1540 1622 1753 1678 diabolo
1775 1628 2036 1676 tentatore

451 1719 538 1792 (Τ.
569 1721 625 1776 2.
654 1737 700 1774 c.
734 1719 882 1791 257),
909 1735 1064 1788 quam
1090 1733 1159 1771 an
1187 1724 1311 1770 ante
1341 1731 1409 1770 an
1441 1723 1557 1784 post
1583 1714 1805 1781 primam
1835 1711 2035 1766 habuc.

449 1815 519 1881 rit
562 1814 846 1868 incertum.
895 1811 1239 1878 Exploratum
1274 1816 1421 1863 certe
1463 1807 1680 1865 omnino
1717 1806 1924 1860 videtur
1969 1805 2035 1858 il-

446 1903 574 1970 lam,
604 1918 761 1974 quam
788 1912 907 1972 post
938 1902 1143 1956 initium
1171 1900 1328 1969 hujus
1362 1914 1420 1954 se
1450 1898 1612 1953 biduo
1636 1906 1758 1952 ante
1783 1895 2035 1951 habuisse

445 1994 593 2059 dicit,
639 2007 747 2065 non
788 2007 910 2048 esse
947 2006 1065 2046 eam
1092 2005 1250 2059 quam
1281 1991 1503 2059 primam
1550 1988 1840 2057 posuimus,
1888 1996 1947 2041 ut
1981 1994 2034 2041 in

446 2083 651 2151 Monito
681 2083 848 2149 fusius
873 2080 1149 2151 probatur.
1188 2080 1353 2153 Hujus
1385 2094 1547 2149 porro
1576 2078 1827 2135 secunda:
1855 2077 2036 2141 titulus

446 2184 567 2231 est:
596 2175 848 2243 Adversus
878 2190 959 2229 eos
1002 2173 1090 2241 qui
1124 2173 1387 2241 objiciunt,
1428 2188 1518 2225 cur
1546 2188 1573 2226 e
1605 2170 1767 2225 medio
1811 2171 2035 2222 sublatus

446 2284 551 2334 non
574 2267 638 2320 sit
665 2266 931 2329 diabolus;
957 2274 1002 2319 et
1024 2264 1158 2337 quod
1185 2263 1338 2333 hujus
1365 2263 1559 2315 malitia
1588 2261 1717 2315 nihil
1745 2278 1834 2315 nos
1860 2260 2031 2326 la'dat,

445 2361 493 2419 si
516 2357 870 2421 attendamus;
900 2366 946 2410 et
972 2356 1034 2410 de
1072 2355 1382 2426 paenitentia.
1417 2354 1541 2407 Harc
1568 2351 1834 2424 probanda
1860 2351 2033 2405 susci-

448 2451 525 2520 pit
574 2448 1006 2521 Chrysostomus,
1063 2455 1118 2502 et
1162 2445 1332 2515 primo
1380 2444 1688 2498 Flavianum
1728 2443 2033 2511 episcopum

446 2550 761 2620 praesentem
793 2540 972 2594 laudat
999 2554 1029 2592 a
1060 2539 1301 2603 caritate,
1338 2550 1368 2590 a
1393 2550 1601 2589 summa
1628 2532 1906 2591 modestia.
1942 2531 2033 2585 Di-

444 2631 624 2700 citque
667 2638 849 2699 postea
895 2643 1003 2683 non
1045 2628 1313 2682 diabolum
1360 2625 1557 2680 lzedere
1599 2624 1889 2689 hominem,
1940 2621 2035 2679 sed

444 2736 706 2793 purnmam
735 2720 966 2775 hominis
995 2718 1280 2788 ignaviam,
1309 2732 1429 2786 quae
1454 2725 1509 2772 et
1535 2724 1738 2770 rectum
1766 2714 2036 2769 membro-

446 2828 561 2884 rum
590 2829 743 2888 usum
774 2812 1091 2880 corrumpit,
1124 2820 1179 2864 et
1217 2809 1321 2865 alia
1352 2809 1600 2878 importat
1639 2807 1796 2863 mala.
1826 2805 2036 2861 Clandit

444 2920 573 2971 vero
601 2918 903 2960 sermonem
933 2903 1118 2958 dicens
1140 2902 1373 2970 quinque
1393 2915 1513 2955 esse
1539 2898 1861 2970 poenitentia:
1886 2899 2031 2962 vias;

448 2998 669 3065 primam
718 3009 927 3064 nempe,
973 2992 1370 3062 damnationem
1413 3001 1786 3060 peccatorum;
1841 3003 2033 3043 secun-

445 3089 591 3156 dam,
618 3089 662 3142 si
693 3096 1029 3157 acceptarum
1053 3102 1081 3141 a
1112 3087 1357 3156 proximo
1386 3085 1695 3165 injuriarum
1725 3100 1828 3140 non
1858 3099 2035 3140 recor-

446 3182 666 3251 demur;
695 3181 925 3249 tertiam,
954 3181 1249 3236 orationem
1280 3180 1569 3235 ferventem
1609 3189 1664 3233 et
1691 3188 1991 3233 accuratam
2015 3195 2030 3243 ;

446 3282 712 3343 quartam,
740 3273 1138 3344 elcemosynam
1163 3289 1181 3342 ;
1212 3273 1468 3344 quintam,
1498 3271 1812 3333 modestiam
1851 3279 1905 3329 et
1930 3269 2032 3325 hu—

447 3358 747 3422 militatum.

518 3457 841 3513 Concionem
879 3467 1191 3528 sequentem
1237 3456 1305 3512 de
1347 3457 1557 3526 Ignavia
1586 3457 1747 3515 biduo
1790 3465 1911 3525 post
1950 3470 2035 3511 se-

448 3547 672 3618 cundam
699 3562 758 3603 se
782 3547 1029 3602 habuisse
1057 3548 1209 3611 initio
1237 3548 1568 3613 testiﬁcatur,
1595 3548 1720 3602 dum
1746 3563 1811 3603 ex
1837 3547 2036 3621 populo

450 3638 603 3708 inulti
631 3638 698 3693 ad
734 3638 1015 3705 theatrales
1041 3638 1196 3693 ludos
1239 3653 1297 3693 se
1326 3639 1677 3706 contulerant,
1714 3656 1848 3710 quos
1879 3641 2038 3694 vehe-

451 3742 658 3797 menter
693 3731 1004 3787 inscctatnr.
1035 3732 1318 3801 Postquam
1360 3742 1537 3787 autem
1566 3732 1773 3799 dixerat
1797 3732 2039 3787 volunta-

453 3832 557 3883 tem
602 3837 723 3878 esse
764 3822 1055 3889 dominam,
1105 3832 1160 3885 et
1203 3837 1271 3878 ex
1315 3822 1583 3885 voluntate
1633 3824 1941 3893 contingere
1983 3833 2039 3878 nt

450 3913 576 3974 mali
601 3928 723 3969 cum
749 3914 902 3979 bonis
933 3914 1179 3983 permixti
1206 3916 1331 3980 sint,
1370 3915 1559 3985 quaerit
1584 3914 1772 3969 iterum
1799 3931 1895 3983 cur
1920 3915 2037 3969 dia-

450 4004 606 4070 bolus
648 4004 702 4058 in
750 4005 928 4060 medio
967 4005 1316 4076 relinquatur,
1365 4015 1419 4060 et
1465 4004 1772 4075 respondet,
1813 4008 1935 4076 quia
1974 4007 2039 4061 iis

451 4095 541 4164 qui
572 4094 786 4165 vigilant
813 4104 869 4151 et
896 4097 996 4151 sibi
1035 4098 1333 4165 attendunt,
1364 4113 1469 4152 non
1512 4097 1669 4154 modo
1699 4098 1831 4159 nihil
1859 4108 2036 4167 nocet,

451 4188 546 4244 sed
575 4189 733 4243 etiam
763 4190 903 4248 utilis
930 4199 1031 4257 est,
1058 4205 1165 4253 non
1199 4207 1263 4245 ex
1301 4192 1577 4255 voluntate
1602 4207 1716 4259 sua,
1746 4208 1864 4263 qua:
1904 4192 2039 4247 mala

452 4289 553 4353 est,
581 4281 677 4337 sed
713 4297 781 4337 ex
807 4281 1042 4355 ipsorum
1083 4282 1414 4352 fortitudine,
1448 4286 1537 4354 qui
1584 4286 1698 4355 ejus
1729 4287 1947 4349 malitia,
1982 4293 2043 4343 ut

454 4387 551 4457 par
579 4382 681 4438 est,
711 4383 953 4443 utuntur,
995 4384 1054 4428 ut
1076 4374 1212 4430 Jobo
1239 4376 1479 4447 contigit.
1514 4376 1872 4447 llomincsque
1898 4378 2040 4435 solos

453 4463 583 4530 dicit
621 4474 864 4518 auctores
890 4479 1010 4519 esse
1052 4466 1255 4535 peccati
1283 4483 1296 4519 :
1330 4481 1453 4520 nam
1494 4482 1557 4535 ex
1589 4466 1874 4521 voluntatis
1912 4483 2039 4536 pro-

458 4553 631 4625 posito
648 4552 777 4607 boni
804 4554 888 4609 vel
914 4554 1039 4607 mali
1066 4568 1271 4608 sumus.
1302 4555 1376 4609 De
1401 4554 1535 4609 Jobo
1572 4565 1752 4627 postea
1781 4557 1942 4610 multa
1964 4558 2042 4611 di-

454 4646 561 4712 cit;
603 4644 823 4718 ejusque
861 4646 1170 4715 patientiam
1220 4646 1276 4699 in
1325 4648 1628 4715 exemplum
1678 4649 1942 4717 preponit,
1988 4659 2044 4703 ut

455 4750 575 4805 qure
621 4734 870 4795 omnibus
916 4735 1270 4790 consolationi
1312 4752 1433 4792 esse
1483 4740 1649 4807 possit
1680 4757 1692 4792 :
1721 4739 2043 4810 domumque

456 4825 653 4889 claudit
680 4825 885 4897 dicens,
912 4841 1032 4881 cum
1055 4826 1284 4897 Spiritus
1308 4829 1475 4899 gratia
1498 4829 1733 4884 faciliora
1755 4832 2043 4885 certamina

455 4921 635 4975 omnia
663 4933 806 4987 esse,
835 4919 1173 4989 maximeque
1214 4932 1333 4991 post
1356 4921 1642 4991 adventum
1671 4921 1890 4990 Christi,
1923 4938 2045 4978 cum

453 5011 622 5085 gratia
643 5011 732 5066 illa
760 5008 1118 5073 abundantior
1136 5021 1240 5067 est.

527 5101 798 5157 Hactenus
826 5116 1022 5161 annum
1060 5111 1115 5157 et
1150 5102 1464 5173 plerumque
1492 5102 1652 5168 diem,
1681 5119 1787 5173 quo
1826 5104 2045 5159 concio-

460 5207 556 5248 nes
582 5192 739 5255 dicta:
765 5192 995 5261 fuerant,
1032 5194 1240 5264 sequuti
1270 5210 1474 5261 sumus,
1509 5196 1773 5251 interdum
1800 5210 1905 5251 non
1944 5197 2046 5250 du-

462 5283 563 5343 biis
597 5284 828 5359 indiciis,
873 5286 1156 5355 aliquando
1190 5302 1256 5343 ex
1282 5288 1589 5357 conjectura
1615 5298 1819 5345 tantum
1846 5307 1860 5342 :
1888 5300 2049 5360 atque

461 5374 530 5430 ad
571 5390 767 5443 annum
810 5377 918 5433 588
961 5378 1037 5433 sic
1075 5379 1434 5450 pervenimus.
1480 5379 1664 5448 Neque
1693 5381 1909 5437 dubium
1953 5397 2049 5435 an-

466 5463 548 5515 nis
582 5464 705 5532 389,
738 5468 866 5535 590,
896 5468 1019 5533 591,
1052 5468 1376 5525 indefessum
1408 5478 1671 5523 oratorem
1702 5470 1767 5524 ad
1795 5472 2047 5541 populum

473 5552 858 5617 Antiochenam
898 5560 1089 5615 multas
1133 5575 1196 5613 ex
1242 5559 1306 5613 iis
1331 5574 1451 5628 qua:
1490 5569 1776 5626 supersunt
1801 5559 2051 5617 habuisse

469 5641 773 5709 conciones,
813 5661 931 5717 qtue
967 5650 1162 5705 nullam
1203 5650 1287 5707 vel
1333 5647 1458 5704 anni
1485 5648 1569 5703 vel
1593 5647 1697 5704 diei
1733 5659 1914 5709 nolam
1939 5666 2051 5723 pra:

468 5748 525 5786 se
552 5734 745 5791 ferunt.

2154 486 2161 493 ,
2216 436 2345 509 Alia:
2366 436 2648 488 conciones.
2672 463 2741 474 --
2768 433 2821 487 lu
2843 449 3038 489 annum
3061 450 3188 490 vero
3206 434 3311 491 592
3328 435 3600 496 referimus
3624 457 3707 498 uo-

2144 526 2343 585 miliam
2375 525 2680 594 inscriptam
2719 525 2784 581 de
2813 524 3137 582 Cosmetcrio
3179 537 3233 580 et
3255 527 3323 581 de
3349 528 3537 591 Cruce,
3563 545 3705 600 quam

2143 617 2271 672 dicit
2314 615 2500 685 viginti
2543 625 2633 668 aut
2682 616 2839 684 paulo
2883 616 3058 670 minus
3099 616 3285 671 diebus
3331 627 3609 688 antequam
3645 619 3706 677 de

2142 708 2341 764 sanctis
2361 709 2672 766 mulieribus
2700 709 2941 773 Bernice,
2962 709 3229 764 Prosdoce
3243 719 3295 765 et
3312 710 3567 766 Domnina
3587 728 3704 767 cono

2142 799 2444 861 cionaretur
2477 798 2563 871 (Τ.
2595 799 2649 853 2.
2691 814 2740 853 c.
2771 798 2924 868 595),
2967 807 3024 853 ut
3061 813 3169 854 non
3208 800 3381 861 dubiis
3412 803 3546 857 notis
3572 804 3706 858 colli—

2140 893 2282 962 gitur
2297 906 2361 947 ex
2388 891 2536 944 initio
2553 900 2832 959 postrema:
2858 890 3081 960 hujusce
3098 894 3391 959 concionis,
3416 893 3503 949 ubi
3523 910 3580 949 se
3598 906 3705 953 ante

2143 982 2326 1052 viginti
2371 982 2480 1037 fere
2522 982 2636 1037 dies
2674 981 3065 1049 concionatum,
3111 983 3273 1038 multa
3318 984 3515 1048 dixisse
3556 986 3626 1040 ait
3660 988 3702 1045 in

2142 1072 2257 1128 hmc
2294 1074 2493 1128 verba:
2521 1072 2764 1128 Contr-ivit
2810 1082 2981 1144 portas
3022 1090 3200 1143 cereas,
3250 1084 3301 1128 et
3340 1085 3497 1131 vectes
3536 1078 3704 1144 ferreos

2140 1166 2419 1237 confregit;
2445 1182 2564 1237 qua:
2590 1169 2789 1236 optime
2814 1168 3137 1223 conveniunt
3165 1168 3219 1227 in
3253 1168 3392 1229 banc
3414 1170 3480 1225 de
3508 1170 3702 1236 Cuimo-

2144 1259 2277 1312 terio
2312 1267 2366 1313 et
2390 1259 2559 1314 Cruce
2584 1259 2876 1314 llomiliam.
2907 1260 3041 1315 Hinc
3063 1260 3233 1315 Graeci
3264 1271 3509 1331 putantes
3533 1264 3701 1320 festum

2141 1349 2210 1404 de
2235 1351 2425 1417 Cruce,
2458 1351 2598 1421 quod
2629 1367 2812 1408 mense
2840 1351 3137 1421 Septembri
3178 1353 3266 1409 die
3308 1355 3377 1416 Η
3413 1357 3648 1424 oceurrit,
3674 1373 3700 1414 a

2141 1441 2523 1513 Cbrysostomo
2549 1445 2856 1508 memorari,
2882 1444 3074 1499 festum
3103 1454 3408 1501 sanctarum
3451 1447 3701 1504 Domnina:

2142 1541 2195 1588 et
2245 1532 2470 1587 liliarum
2523 1534 2706 1603 viginti
2754 1542 2936 1603 postea
2984 1534 3189 1598 diebus,
3242 1545 3432 1604 quarta
3482 1536 3700 1594 videlicet

2142 1624 2404 1687 Octobris,
2426 1624 2725 1688 celebrant;
2760 1625 2851 1679 sed
2884 1640 3182 1694 perperam.
3205 1625 3325 1680 Non
3350 1627 3489 1681 enim
3511 1627 3559 1681 in
3582 1627 3699 1683 fcsto

2142 1721 2338 1767 sancta:
2373 1712 2579 1779 Crucis,
2610 1730 2729 1783 qua:
2766 1718 2817 1769 in
2850 1715 3217 1784 Septembrem
3263 1716 3467 1781 incidit,
3501 1731 3698 1785 qumque

2141 1804 2377 1859 nondum
2423 1804 2514 1858 illo
2542 1820 2657 1859 arvo
2685 1804 3072 1871 celebrabatur,
3104 1806 3241 1861 hanc
3286 1807 3422 1861 dixit
3453 1808 3695 1863 homiliam

2142 1895 2588 1967 Chrysostomus;
2618 1898 2709 1952 sed
2739 1899 2792 1953 in
2825 1898 2910 1953 die
2935 1899 3281 1964 Parasceves,
3310 1900 3493 1954 eadem
3532 1917 3697 1969 nempe

2141 2004 2244 2059 qua
2269 1990 2552 2043 crucifixus
2584 1999 2667 2043 est
2697 1988 2973 2056 Dominus,
3021 2001 3076 2044 ut
3103 1991 3214 2060 ipse
3247 1982 3484 2059 plurimis
3511 1991 3560 2044 in
3585 1993 3695 2046 locis

2141 2079 2393 2137 declarat.
2426 2080 2622 2136 Verum
2669 2096 2730 2135 ea
2771 2081 2839 2136 de
2881 2096 2941 2136 re
2988 2081 3286 2136 audiendus
3331 2091 3408 2136 est
3438 2081 3696 2137 Tillemon-

2144 2175 2245 2225 tius
2274 2190 2324 2242 p.
2355 2174 2452 2227 571
2488 2192 2500 2227 :
2534 2174 2805 2243 Reliquum
2843 2174 2997 2244 igitur
3033 2183 3104 2226 est
3143 2183 3197 2227 ut
3242 2173 3502 2226 credamus
3538 2178 3694 2243 festum

2140 2264 2203 2320 S.
2234 2264 2502 2320 Domninaa
2538 2276 2584 2319 et
2608 2267 2858 2320 sociarum
2885 2266 3183 2330 Antiochiet,
3214 2283 3318 2324 non
3345 2276 3519 2337 quarta
3560 2265 3691 2319 Octo-

2140 2357 2260 2423 bris,
2305 2358 2395 2412 sed
2440 2358 2634 2412 decima
2675 2368 2858 2429 quarta
2899 2358 3113 2429 Aprilis,
3155 2376 3258 2430 qua
3305 2360 3386 2417 die
3429 2369 3613 2413 notetur
3648 2359 3691 2412 iit

2139 2448 2507 2519 Martyrologio
2538 2449 2835 2520 Hieronymi
2864 2459 2909 2505 et
2946 2452 3186 2516 aliorum,
3217 2452 3516 2505 celebratum
3542 2451 3689 2521 fuisse.

2143 2538 2291 2605 Quod
2318 2550 2509 2610 spectat
2552 2550 2716 2596 autent
2755 2542 2825 2597 ad
2870 2558 3060 2597 annum
3107 2558 3204 2613 quo
3236 2542 3321 2597 Ita:
3352 2543 3463 2598 duo
3503 2542 3693 2601 homilia

2140 2631 2325 2689 Izabitie
2365 2640 2517 2697 sunt;
2542 2634 2768 2702 queritur
2795 2632 3182 2703 (Iltrysostomu:
3221 2643 3344 2687 tunc
3381 2649 3599 2703 magnum
3618 2648 3692 2686 cp-

2139 2722 2285 2776 citari
2314 2724 2605 2789 tumultum,
2651 2740 2763 2777 cum
2801 2724 3120 2779 accederetur
3148 2724 3216 2778 ad
3260 2741 3455 2783 sacram
3494 2739 3688 2778 commu-

2141 2817 2338 2869 nionem
2359 2831 2378 2868 :
2395 2817 2663 2886 eademque
2696 2817 2854 2870 utitur
2874 2818 3187 2886 querimonia
3215 2817 3274 2871 in
3299 2816 3526 2870 concione
3545 2814 3600 2868 de
3621 2813 3692 2866 die

2143 2909 2325 2965 Natali
2350 2928 2486 2966 anno
2524 2911 2647 2976 386,
2690 2922 2735 2964 et
2773 2912 2824 2965 in
2866 2912 3101 2969 concione
3129 2911 3191 2965 de
3233 2910 3522 2985 Epiphania
3544 2906 3690 2978 paucis

2143 3012 2256 3072 post
2289 3002 2461 3056 diebus
2485 3003 2657 3055 habita
2689 3018 2825 3055 attito
2854 3002 2956 3057 587
2984 3019 3001 3055 :
3038 3003 3174 3055 unde
3211 3002 3443 3072 fortassis
3484 3000 3532 3053 in
3565 2997 3690 3049 alter-

2143 3095 2304 3148 utrius
2330 3094 2452 3146 anni
2482 3091 2797 3147 Parasccven
2827 3094 2935 3149 hac
2961 3094 3173 3147 humilia
3207 3090 3520 3160 conjicienda
3549 3088 3689 3141 ridea-

2143 3195 2243 3239 tur.
2289 3184 2467 3238 Verum
2496 3201 2630 3238 anno
2660 3184 2764 3239 586
2789 3188 2969 3254 festum
2996 3183 3057 3238 S.
3091 3183 3380 3247 Donminw,
3409 3183 3506 3236 sire
3528 3180 3688 3232 decima

2141 3285 2322 3344 quarta
2377 3275 2484 3329 dies
2531 3276 2755 3345 Aprilis,
2814 3275 3079 3328 undecimo
3132 3284 3243 3342 post
3304 3272 3619 3333 Parasccven,
3653 3276 3689 3320 et

2141 3381 2277 3419 anno
2320 3366 2422 3418 ’587
2465 3366 2727 3418 undecimo
2774 3376 2891 3419 ante
2936 3364 3257 3419 Par-asceam
3304 3366 3384 3418 die
3420 3360 3686 3417 occurrebat.

2143 3456 2466 3511 Probabilius
2500 3473 2617 3527 ergo
2655 3460 2902 3527 referatur
2928 3457 2979 3510 in
3020 3473 3207 3510 annum
3247 3456 3374 3520 592,
3404 3470 3497 3525 quo
3522 3448 3691 3507 Pascha

2142 3550 2485 3615 celebrabatur
2512 3551 2748 3621 vigesima
2785 3560 2961 3603 octava
2988 3548 3184 3616 Martii,
3226 3559 3279 3602 et
3323 3549 3506 3602 decima
3540 3549 3691 3614 quarta

2143 3640 2354 3710 Aprilis,
2411 3641 2686 3694 octodecim
2733 3641 2909 3694 diebus
2963 3650 3075 3710 post
3122 3652 3359 3694 sanctum
3396 3638 3688 3691 Parasceren.

2145 3731 2256 3786 lmo
2285 3732 2470 3802 viginti
2500 3732 2704 3793 diebus,
2734 3731 2781 3785 si
2807 3732 3117 3801 vigesimam
3147 3742 3357 3786 sextam
3382 3728 3559 3792 Martii,
3592 3737 3689 3792 quae

2144 3824 2486 3888 Parasceves,
2531 3833 2585 3878 et
2608 3824 2869 3879 decimam
2905 3832 3110 3878 sextam
3142 3824 3359 3893 Aprilis,
3391 3836 3487 3892 qua
3522 3822 3687 3872 sanctae

2146 3916 2421 3977 Domninte
2443 3913 2637 3978 festum
2664 3914 3054 3980 celebrabatur,
3084 3927 3456 3970 connumcrcs.

2220 4008 2314 4063 His
2339 4008 2639 4078 adjicimus,
2672 4023 2770 4061 nos
2794 4024 2858 4061 ex
2888 4006 3253 4060 admonitione
3278 4005 3417 4060 circa
3436 3998 3689 4056 tumultum

2149 4098 2201 4155 in
2231 4097 2536 4153 accedendo
2565 4098 2630 4152 ad
2660 4112 2866 4152 Sacram
2895 4097 3353 4162 communionem,
3377 4109 3475 4149 non
3502 4089 3689 4146 multum

2150 4191 2375 4258 moveri,
2405 4198 2463 4243 ut
2489 4204 2610 4244 eam
2644 4190 2727 4244 vel
2757 4188 2810 4242 in
2833 4204 3032 4243 annum
3059 4188 3185 4254 586,
3220 4189 3303 4243 vel
3330 4188 3379 4241 in
3409 4195 3588 4240 annum
3607 4174 3690 4231 587

2148 4280 2518 4350 conjiciamus.
2551 4279 2732 4349 Neque
2760 4280 2902 4334 enim
2934 4279 2986 4333 in
3016 4279 3253 4334 homiliis
3284 4287 3480 4333 tantum
3519 4272 3581 4326 de
3607 4267 3691 4322 Na-

2150 4372 2237 4425 tali
2270 4380 2323 4429 et
2349 4371 2416 4426 de
2461 4371 2758 4443 Epiphania
2790 4370 3084 4425 admonitio
3129 4368 3428 4441 hujusmodi
3475 4359 3688 4421 occurrit,

2148 4463 2244 4518 sed
2284 4463 2444 4517 etiam
2485 4463 2537 4517 in
2579 4462 2794 4516 homilia
2825 4461 3146 4532 praecedenti
3173 4461 3241 4516 de
3266 4461 3397 4517 Jnda
3425 4453 3690 4528 proditore,

2147 4558 2297 4627 cujus
2319 4571 2517 4610 annum
2548 4558 2819 4626 assignare
2845 4571 2949 4610 non
2982 4556 3270 4625 potuimus.
3311 4550 3441 4620 Quid
3469 4545 3596 4602 enim
3631 4539 3697 4591 in.

2150 4649 2418 4706 commodi
2447 4648 2672 4717 accidat,
2698 4648 2742 4704 si
2772 4663 3033 4717 ponamus
3061 4647 3494 4718 Chrysostomum
3538 4632 3695 4693 multis

2150 4742 2419 4811 variisque
2450 4740 2624 4805 annis,
2654 4740 2777 4809 quia
2808 4754 2903 4809 par
2932 4739 3186 4795 tumultus
3213 4754 3243 4792 a
3271 4735 3460 4808 populo
3488 4726 3694 4785 concita-

2151 4833 2326 4898 batur,
2351 4831 2538 4887 eadem
2566 4832 2645 4887 uti
2674 4831 3041 4886 admonitione
3064 4847 3199 4901 opus
3229 4829 3493 4885 habuisse.
3522 4815 3695 4876 Meliori

2152 4926 2312 4996 igitur
2336 4924 2543 4978 calculo
2571 4924 2623 4978 in
2648 4939 2845 4991 annum
2874 4923 2981 4978 592
3006 4922 3309 4987 referimus,
3339 4918 3437 4975 etsi
3478 4927 3573 4968 non
3601 4921 3695 4962 uiii—

2154 5018 2239 5071 nis
2267 5030 2486 5086 prorsus
2515 5015 2715 5069 tollitur
2741 5013 3017 5070 dubitandi
3047 5028 3227 5077 causa.
3261 5011 3391 5067 Nam
3421 5016 3473 5062 ut
3497 4999 3697 5057 diximus

2154 5108 2207 5162 in
2231 5107 2429 5162 Monito
2447 5105 2515 5162 ad
2543 5107 2790 5162 homilias
2815 5115 2870 5162 et
2892 5106 3038 5173 alibi,
3071 5106 3263 5161 tabulae
3291 5096 3579 5157 Pascliales,
3603 5100 3698 5157 qum

2153 5210 2277 5253 sunt
2308 5198 2691 5266 posterioribus
2712 5198 2922 5253 smculis
2950 5197 3302 5262 concinnatur,
3325 5206 3441 5247 cum
3463 5179 3697 5241 veteribus

2155 5290 2372 5344 calculis
2403 5304 2508 5344 non
2539 5305 2753 5359 semper
2776 5290 3124 5358 concordant,
3164 5290 3334 5359 iisque
3360 5298 3462 5340 non
3503 5270 3694 5336 omnillo

2155 5380 2289 5435 ﬁdes
2307 5391 2389 5435 est
2416 5380 2678 5436 habenda.

2228 5472 2473 5526 Nondum
2495 5471 2691 5541 elapsis
2715 5472 2898 5542 viginti
2919 5472 3106 5528 diebus
3130 5487 3159 5526 a
3183 5471 3468 5526 Parasceve
3486 5450 3692 5542 Pasclut‘.

2159 5565 2210 5618 in
2237 5580 2338 5637 qua
2364 5538 2675 5620 concionem
2703 5538 3122 5623 dev-Cucmeterio
3138 5576 3192 5621 et
3207 5564 3373 5618 Crnce
3401 5553 3523 5614 dixit
3546 5546 3619 5620 (T-
3646 5538 3689 5603 εν

2165 5652 2386 5726 ε.62ἳ),
2435 5655 2719 5710 llomiliam
2768 5658 2950 5711 habuit
2992 5657 3058 5711 de
3103 5656 3202 5712 SS.
3244 5652 3460 5709 Bernice
3486 5653 3535 5701 et
3561 5638 3690 5697 PWS‘

2162 5746 2295 5804 doce
2329 5748 2621 5820 virginibus
2662 5758 2715 5805 ct
2744 5749 2810 5807 de
2840 5750 2897 5806 S.
2941 5751 3201 5811 Domuina
3242 5758 3416 5802 carum
3444 5744 3610 5799 matre:
3643 5727 3684 5773 ⁰¹
