3948 6404
173 325 282 380 133

170 435 284 502 ipse
315 430 743 504 Cbrysostomus
770 420 1047 501 perspicue
1072 427 1207 484 dixit
1226 426 1397 482 initio.
1428 425 1650 482 Orditur
1677 440 1772 479 au-

169 533 279 581 tem
304 522 604 578 ostendens
622 529 745 577 ante
761 519 954 576 Christi
978 528 1227 586 mortem,
1253 533 1374 575 cum
1399 516 1636 573 nondum
1660 517 1774 586 ipse

171 622 357 685 portas
385 628 559 669 aereas
578 623 632 668 et
647 622 828 668 vectes
856 611 1065 669 ferreos
1085 610 1374 665 cruciﬁxus
1396 607 1770 677 confregisset,

169 690 425 767 homines
449 706 741 762 admodum
772 714 1000 761 mortem
1027 702 1315 769 metuisse;
1341 703 1395 757 in
1438 701 1775 772 exemplum-

165 814 276 872 que
308 797 469 854 at'fert
490 798 638 853 viros
668 799 721 852 iu
748 797 913 853 veteri
956 796 1075 866 lege
1100 795 1489 862 sanctissimos,
1532 792 1774 849 Abrahae

168 908 322 948 mum
348 907 567 966 nempe,
597 890 854 948 Jacobum
881 898 935 945 et
964 889 1195 957 Heliam,
1222 888 1313 960 qui
1333 888 1601 959 ingentem
1623 900 1773 941 mor-

169 985 236 1038 tis
268 985 521 1040 timorem
548 998 657 1054 pm
686 998 745 1039 se
767 983 1022 1038 tulerunt.
1054 982 1185 1039 Post
1212 989 1440 1036 mortem
1466 993 1595 1035 vero
1619 977 1776 1032 Chri-

168 1075 262 1142 sti,
287 1076 324 1130 ii
363 1076 534 1147 quiin
570 1075 745 1145 ipsum
795 1073 1020 1130 credunt
1059 1072 1311 1142 illiusque
1348 1085 1535 1126 amore
1585 1079 1776 1123 tenen.

168 1177 277 1232 tur,
308 1178 539 1224 mortem
555 1168 775 1224 omnino
795 1174 1163 1231 contemnunt,
1187 1165 1297 1220 imo
1324 1164 1469 1219 illam
1494 1169 1770 1233 appetunt;

170 1275 272 1315 nec
288 1260 386 1313 viri
415 1259 596 1325 modo,
623 1258 721 1314 sed
742 1260 901 1313 etiam
917 1258 1193 1324 mulieres,
1222 1257 1412 1326 puellae
1437 1264 1490 1310 et
1516 1254 1772 1325 virgines.

173 1352 313 1407 llinc
342 1351 620 1406 historiam
641 1353 773 1407 texit
798 1350 1070 1418 Bcruices,
1096 1350 1394 1405 Prosdoces
1419 1358 1473 1403 et
1495 1347 1774 1403 Domniuae

170 1459 361 1501 earum
390 1444 598 1510 matris,
632 1459 751 1515 quae
783 1443 850 1498 ad
880 1452 1107 1499 mortem
1142 1458 1238 1513 pro
1265 1442 1481 1507 Christo
1505 1441 1769 1513 quaesitae,

169 1535 353 1592 divino
377 1535 596 1590 alliante
623 1535 842 1606 Spiritu,
871 1536 924 1590 in
951 1535 1148 1590 ﬁtmien
1178 1549 1236 1588 se
1256 1534 1557 1604 coniecere.

239 1631 381 1687 Huic
400 1630 632 1687 homilite
654 1630 813 1685 aliam
832 1628 1202 1699 subiungimus
1223 1627 1308 1699 (Τ.
1326 1627 1382 1680 2.
1414 1644 1459 1681 ε.
1489 1626 1579 1681 641
1596 1625 1637 1696 ),
1655 1638 1774 1694 quae

172 1722 297 1777 licet
324 1736 435 1776 non
462 1721 677 1787 eodem,
723 1720 818 1775 sed
851 1722 1029 1790 ignoto
1069 1720 1222 1774 nobis
1251 1734 1392 1772 anno
1417 1716 1561 1772 dicta
1591 1716 1775 1781 fuerit,

172 1812 259 1869 hic
287 1822 467 1870 tamen
498 1812 966 1868 commemoranda
996 1820 1101 1877 est,
1152 1811 1274 1881 qu'm
1323 1810 1569 1880 quaedam
1613 1808 1776 1864 habet

170 1904 234 1959 ad
260 1903 637 1975 explicandam
666 1906 900 1974 priorem
948 1912 1268 1972 opportuna.
1311 1900 1553 1956 Antehac
1594 1901 1775 1970 ignota

171 1997 402 2066 primum
433 2011 463 2050 a
493 1996 649 2051 nobis
687 1994 826 2050 edita
868 1993 988 2049 fuit.
1031 1994 1220 2049 Habita
1259 2008 1423 2063 porro
1466 2000 1549 2048 est
1594 1992 1777 2063 paucis

173 2098 291 2155 post
312 2086 784 2141 llesurrectionem
817 2086 1029 2140 Domini
1054 2085 1267 2151 diebus,
1294 2093 1348 2139 et
1373 2084 1610 2154 quidem,
1642 2083 1775 2138 utin

177 2178 280 2235 line
310 2179 589 2234 concionis
614 2178 871 2244 innititur,
901 2178 954 2233 in
1000 2178 1137 2232 festo
1165 2187 1469 2232 sanctarum
1496 2176 1771 2238 Bernices,

175 2270 475 2325 Prosdoces
496 2278 553 2325 et
581 2270 857 2324 Domninze
883 2270 1090 2324 matris.
1125 2269 1220 2324 llic
1248 2278 1426 2325 autem
1455 2268 1574 2323 illas
1602 2268 1778 2322 nomi—

174 2362 340 2421 natim
372 2377 481 2416 non
507 2371 749 2417 recenset
773 2360 1213 2432 Chrysouomus,
1240 2360 1336 2417 sed
1370 2360 1504 2415 adeo
1524 2360 1670 2415 clare
1695 2360 1777 2413 in-

174 2452 339 2520 dicat,
369 2460 427 2507 ut
458 2451 677 2521 perinde
697 2461 900 2506 certum
929 2451 1000 2507 sit
1026 2451 1097 2506 de
1122 2451 1224 2506 illis
1255 2450 1361 2521 agi,
1387 2446 1548 2519 atque
1575 2450 1618 2505 si
1651 2464 1777 2519 pro-

173 2544 293 2615 prio
318 2545 538 2599 nomine
565 2543 980 2614 appellarentur.
1005 2543 1193 2614 Agitur
1222 2542 1473 2596 nimirum
1507 2540 1576 2597 de
1602 2550 1777 2598 matre
1810 2595 1817 2600 .

174 2645 227 2692 et
252 2637 322 2691 de
342 2636 572 2704 ﬁliabus,
600 2652 721 2707 quae
745 2635 1020 2691 servandae
1051 2636 1174 2691 ﬁdei
1204 2634 1572 2705 pudicititeque
1592 2648 1772 2700 causa,

178 2738 301 2799 post
342 2730 584 2785 relictam
618 2730 842 2799 patriam
872 2744 993 2785 sese
1025 2728 1078 2784 in
1123 2728 1324 2787 flumen
1355 2727 1773 2798 praecipitarunt.

177 2819 464 2890 Singulare
490 2820 759 2890 quidpiam
790 2819 875 2874 hic
909 2819 1136 2890 carptim
1163 2818 1315 2886 dicit,
1347 2817 1487 2888 quod
1513 2817 1565 2871 in
1596 2817 1775 2886 priore

175 2911 243 2971 de
269 2910 369 2966 SS.
403 2909 628 2965 Bernice
664 2920 719 2965 et
763 2910 1030 2966 Prosdoce
1072 2910 1289 2965 homilia
1315 2925 1421 2964 non
1462 2916 1774 2978 comparet;

181 3018 373 3073 nempe
403 3012 687 3075 tyranuum
714 3002 996 3073 quemdam
1020 3002 1260 3058 czelibem
1293 3001 1651 3073 virginitatem
1685 3015 1779 3056 ea-

183 3112 324 3161 rum,
354 3110 549 3165 nempe
588 3095 865 3150 Domnina:
892 3094 1146 3163 ﬁliarum,
1171 3103 1378 3150 tentare
1402 3095 1654 3159 voluisse,
1681 3092 1777 3149 sed

179 3191 486 3247 inaccessas
513 3185 678 3242 fuisse
700 3188 971 3257 virgines:
1002 3187 1145 3258 quod
1174 3188 1359 3258 utique
1388 3187 1512 3242 licet
1553 3186 1778 3260 sileatur

178 3281 226 3333 in
260 3280 461 3350 priore,
493 3279 740 3351 congruit
769 3287 946 3334 tamen
990 3295 1112 3335 cum
1159 3280 1245 3346 iis,
1298 3296 1417 3349 quae
1461 3295 1609 3336 num.
1639 3280 1671 3335 7
1698 3280 1780 3335 di-

174 3380 390 3439 cuntur,
420 3386 614 3443 nempe
639 3371 957 3426 Domuinam
980 3385 1099 3428 sese
1125 3388 1246 3426 cum
1274 3371 1484 3427 ﬁliabus
1505 3372 1556 3426 iu
1579 3372 1777 3427 ﬂumen

176 3465 562 3534 praecipitasse,
592 3480 701 3520 non
730 3465 874 3536 quod
903 3475 1166 3522 tormenta
1202 3475 1484 3534 metueret,
1516 3466 1609 3523 sed
1635 3467 1779 3537 quod

178 3557 395 3620 timeret
417 3571 483 3610 ne
504 3557 624 3626 quis
648 3556 878 3611 ﬁliarum
908 3572 1125 3617 suarum
1152 3558 1514 3627 virginitatem
1535 3572 1780 3613 corrum-

178 3658 363 3722 peret:
396 3664 504 3719 quo
533 3649 772 3705 innuitur
797 3649 1033 3719 judicem
1061 3666 1157 3706 seu
1184 3659 1467 3722 tyrannum
1500 3651 1779 3707 Domuinae

179 3742 396 3797 ﬁliabus
422 3742 727 3812 cupiditatis
753 3742 937 3798 oculos
964 3743 1245 3813 adjecisse.
1291 3744 1424 3800 lluic
1472 3745 1539 3799 de
1580 3746 1779 3799 sanctis

178 3833 496 3891 mulieribus
515 3835 747 3888 sermoni
776 3835 1051 3905 praemittit
1068 3834 1486 3908 Chrysostomus
1507 3837 1781 3893 concionis

180 3925 462 3992 inmeritae
488 3925 762 3995 reliquias,
808 3926 900 3981 ubi
950 3936 1230 3998 postquam
1261 3929 1544 3998 quaesitum
1582 3926 1776 3995 fuerat,

178 4033 275 4072 cur
297 4016 536 4073 Joannes
560 4019 707 4074 solus
731 4020 1184 4089 evangelistarum
1231 4020 1299 4075 de
1346 4021 1549 4075 Lazaro
1576 4021 1781 4090 quatri-

178 4111 358 4163 dnano
390 4108 644 4179 loquutus
673 4119 851 4177 esset;
879 4125 1000 4165 cum
1022 4126 1239 4173 causam
1271 4112 1562 4178 attulisset,
1591 4111 1659 4167 de
1677 4111 1783 4165 La-

179 4214 308 4253 zaro
335 4214 444 4253 non
474 4215 638 4269 pauca
668 4201 827 4255 solito
851 4203 993 4273 ston
1020 4202 1288 4258 edisserit.
1314 4204 1393 4258 Ex
1424 4212 1662 4274 tempore
1685 4219 1782 4259 au-

182 4300 291 4345 tem
324 4292 667 4359 pronuntiata
698 4291 865 4347 fuisse
895 4292 1108 4348 videtur
1140 4294 1255 4347 haec
1295 4293 1506 4360 concio,
1557 4302 1615 4348 ut
1659 4293 1781 4348 alite

182 4400 288 4440 non
313 4400 516 4455 panem,
544 4400 662 4456 qua:
689 4387 834 4456 paris
858 4395 984 4441 sunt
1013 4386 1313 4441 brevitatis.

252 4478 313 4533 in
343 4476 489 4533 hunc
511 4493 708 4536 annum
738 4479 1113 4535 Tillemontius
1150 4478 1359 4536 confert
1400 4478 1683 4534 Homiliam
1713 4478 1782 4534 de

185 4569 518 4629 Ascensione
538 4568 624 4641 (Τ.
652 4570 706 4625 2.
738 4586 787 4624 c.
810 4571 961 4640 4-H),
990 4573 1113 4643 quia
1136 4588 1328 4643 nempe
1354 4581 1472 4642 post
1496 4571 1781 4627 llomiliam

180 4663 249 4718 de
277 4660 606 4718 Gtemeterio
643 4672 697 4717 et
743 4663 935 4730 Cruce,
967 4679 1089 4735 quae
1133 4665 1311 4721 habita
1359 4664 1524 4720 fuisse
1566 4673 1783 4735 putatur

182 4766 327 4807 anno
354 4752 484 4819 592,
516 4752 655 4808 dicta
688 4754 818 4809 fuit:
851 4769 974 4810 nam
1029 4756 1082 4810 in
1132 4757 1394 4829 principio
1432 4756 1676 4813 llomilite
1713 4757 1782 4813 de

183 4846 518 4901 Ascensione
564 4846 725 4902 dicit:
756 4847 933 4902 Etiam
968 4863 1083 4902 cum
1112 4850 1277 4904 crucis
1319 4850 1615 4904 memoriam
1642 4867 1784 4904 reco-

183 4935 398 5001 luimus,
427 4946 570 4991 extra
612 4938 786 4991 urbem
824 4940 935 5007 ejus
977 4938 1346 4999 solemnitate»:
1388 4941 1783 5007 celebravimus;

184 5029 419 5099 indeque
444 5030 616 5100 arguit
641 5030 832 5086 eodem
861 5047 1005 5088 anno
1024 5043 1307 5104 utramque
1334 5032 1569 5089 habitam
1593 5033 1780 5100 fuisse,

184 5139 292 5183 non
321 5122 759 5180 animadvertens
788 5125 1228 5198 Chrysostomum
1252 5126 1405 5181 initio
1425 5127 1700 5185 concionis
1716 5128 1785 5182 de

110 5266 125 5281 ,
182 5216 511 5293 (ᾷωτηθιει-ἰο
539 5226 593 5271 et
635 5215 808 5273 Cruce
831 5218 1033 5283 dicere,
1065 5233 1132 5274 ex
1160 5219 1278 5290 lege
1304 5219 1408 5274 lata
1434 5234 1464 5273 a
1495 5220 1785 5292 majoribus

184 5316 447 5362 statutum
477 5306 661 5376 fuisse,
706 5319 768 5365 ut
806 5310 1123 5366 soteninitas
1153 5311 1302 5366 istaec
1329 5320 1480 5366 extra
1507 5312 1778 5366 civitatem

186 5402 237 5455 in
270 5400 506 5472 quodam
527 5403 801 5473 assignato
827 5404 948 5459 loco
967 5403 1354 5460 celebraretur.
1384 5405 1527 5474 Ergo
1556 5413 1786 5474 quotan-

182 5495 268 5548 nis
310 5503 462 5549 extra
495 5494 683 5550 urbem
728 5496 780 5550 in
814 5498 902 5550 die
948 5496 1273 5552 Parasceves
1296 5503 1594 5551 conventus
1623 5496 1786 5551 habe-

182 5593 382 5640 bantur
408 5604 421 5639 :
451 5602 549 5640 nec
577 5595 754 5656 potest
781 5589 1072 5658 quidquam
1098 5604 1163 5643 ex
1208 5602 1372 5658 supra
1398 5588 1571 5643 allatis
1603 5588 1785 5643 verbis

181 5676 250 5731 ad
279 5691 485 5731 annum
516 5683 858 5733 statuendum
900 5678 1100 5750 colligi.
1144 5679 1269 5733 Ideo
1310 5690 1487 5734 autem
1518 5688 1667 5734 extra
1700 5695 1788 5733 ur-

182 5768 309 5826 bem
338 5770 603 5828 celebrari
634 5770 737 5828 hoc
765 5774 956 5829 festum
979 5772 1123 5840 dicit,
1150 5773 1271 5843 quia
1300 5774 1402 5828 isto
1426 5773 1476 5827 in
1506 5773 1624 5830 loco
1646 5789 1786 5829 mar-

1361 312 1545 374 NUNC
1584 309 1849 370 panum
1883 296 2277 370 suaenam.

3368 316 3469 375 134

1885 433 2028 496 tyres
2049 423 2244 493 sepulti
2271 428 2445 478 erant.
2471 420 2734 490 Quoniam
2747 438 2877 481 vero
2897 421 3084 483 eodem
3105 425 3158 482 in
3175 426 3294 483 loco
3309 429 3470 485 etiam

1884 516 2123 571 haeretici
2150 515 2367 586 quidam
2409 514 2609 586 sepulti
2652 516 2883 587 fuerant,
2916 534 3017 575 nec
3056 519 3175 576 sine
3220 521 3472 592 scrupulo

1883 607 2113 677 populus
2140 605 2208 660 ad
2252 605 2499 676 sepulcra
2547 617 2840 679 martyrum
2886 624 3071 679 preces
3100 609 3373 679 fundebat,
3402 612 3474 668 ob

1881 700 2026 755 illam
2047 697 2329 764 viciniam;
2361 696 2482 753 ideo
2507 695 2794 753 Flavianus
2814 699 3095 770 episcopus
3117 715 3243 757 vera
3273 710 3475 773 marty—
3526 690 3527 697 “

1880 808 1999 847 rum
2026 806 2149 847 ossa
2171 790 2330 846 istinc
2358 789 2557 847 auferri
2577 800 2879 857 curaverat,
2904 802 2958 846 et
2985 793 3038 847 in
3066 793 3347 849 ecclesiam
3363 793 3475 853 llo-

1881 885 2176 938 manesiam
2204 881 2398 937 dictam
2425 881 2799 953 transportari,
2839 881 2928 935 ubi
2955 883 3177 951 populus
3218 884 3474 952 precabac

1883 984 1987 1044 tur,
2016 984 2070 1031 et
2089 973 2376 1030 conciones
2398 973 2748 1030 trahebantur.
2780 973 2996 1031 Exhinc
3020 991 3148 1032 vero
3182 976 3250 1032 de
3270 978 3473 1047 angelis

1881 1067 2078 1136 ubique
2107 1075 2161 1121 et
2190 1066 2243 1120 in
2283 1065 2526 1121 ecclesiis
2553 1065 2786 1121 maxime
2817 1067 3167 1136 praesentibus
3203 1069 3469 1140 loquitur:

1879 1159 2061 1231 aitque
2087 1159 2368 1214 diaconum
2393 1159 2445 1213 in
2475 1158 2711 1230 Liturgia
2733 1159 2933 1228 dicere,
2959 1160 3206 1232 Angelum
3231 1162 3371 1233 pacis
3390 1179 3477 1217 ro-

1878 1263 2016 1325 gate.
2068 1253 2259 1309 Postea
2306 1252 2373 1308 de
2420 1252 2747 1309 Ascensione
2796 1254 3009 1311 Domini
3037 1255 3167 1326 agit,
3213 1255 3476 1327 docetque

1879 1345 2149 1416 quomodo
2179 1344 2423 1400 Christus
2446 1345 2513 1400 ad
2537 1345 2819 1405 dexteram
2847 1346 3017 1403 Patris
3037 1349 3251 1415 sedens,
3276 1348 3448 1404 media
3469 1378 3477 1391 ι

1882 1445 1966 1492 tor
1990 1436 2087 1492 Dei
2110 1446 2165 1492 et
2196 1438 2471 1493 hominum
2495 1438 2583 1493 sit.
2610 1438 2866 1507 Quaenam
2908 1439 3206 1495 differentia
3234 1441 3304 1495 sit
3334 1440 3475 1500 inter

1880 1529 2267 1585 Ascensionem
2311 1528 2511 1585 Christi
2551 1540 2608 1587 et
2636 1532 3004 1587 ascensionem
3049 1531 3181 1586 Elide
3219 1531 3473 1602 explicat,

1879 1636 1943 1677 ac
1990 1636 2113 1676 cum
2160 1636 2369 1677 summa
2416 1622 2679 1679 modestia
2720 1632 2777 1679 et
2819 1623 3118 1680 humilitate
3158 1624 3475 1681 concionem

1880 1712 2095 1768 claudit.

1953 1803 2065 1859 lloc
2094 1805 2219 1859 item
2247 1818 2391 1859 anno
2413 1803 2540 1871 592,
2570 1804 2657 1860 vel
2684 1804 2918 1870 circiter,
2939 1804 3474 1875 putat'l‘illemontius

1879 1894 2321 1965 Chrysostonmm
2346 1898 2644 1951 orationem
2670 1896 2921 1952 habuisse
2946 1898 3003 1951 in
3021 1896 3233 1952 laudem
3260 1897 3473 1951 Diodori

1881 1988 2158 2043 Tarsensis
2186 1988 2275 2059 (Τ.
2318 1989 2372 2045 5.
2419 2007 2465 2043 c.
2491 1987 2587 2042 761
2612 1989 2629 2059 )
2652 2007 2664 2042 :
2687 2002 2847 2059 quam
2877 1989 3128 2057 temporis
3159 1995 3337 2041 notam
3377 2002 3477 2043 nec

1880 2079 2215 2149 impugnare,
2258 2094 2359 2135 nec
2396 2087 2462 2143 ut
2492 2080 2713 2135 omnino
2753 2086 2955 2134 certam
3000 2078 3287 2134 defendere
3330 2078 3475 2134 licet.

1880 2172 2189 2227 Orationem
2233 2172 2344 2241 jam
2390 2170 2650 2226 habuerat
2681 2171 2943 2227 Diodorus
2989 2171 3041 2225 in
3073 2185 3175 2241 qua
3217 2171 3479 2227 Joannem

1880 2263 2320 2336 Chrysostomum
2338 2264 2583 2320 laudibus
2599 2264 2882 2320 extulerat.
2900 2264 3313 2336 Cbrysostomus
3324 2280 3476 2337 vero,

1881 2354 2096 2409 laudum
2124 2355 2344 2411 minime
2373 2355 2617 2424 cupidus,
2647 2370 2775 2411 suas
2805 2355 2904 2425 ipsi
2936 2354 3118 2409 laudes
3144 2355 3393 2421 reddidit,
3424 2364 3480 2411 et

1881 2447 2176 2502 orationem
2206 2447 2371 2502 texuit
2400 2447 2794 2515 brevissimam,
2827 2430 2948 2517 quia
2980 2456 3098 2515 post
3120 2446 3267 2501 illum
3289 2447 3478 2501 eadem

1881 2542 1966 2596 die
1990 2541 2401 2596 concionaturus
2424 2539 2601 2595 denuo
2630 2550 2748 2595 erat
2793 2540 3082 2607 Diodorus,
3114 2550 3171 2594 ut
3195 2540 3338 2595 clare
3363 2540 3478 2610 ipse

1882 2632 2056 2686 innuit
2078 2630 2127 2686 in
2156 2631 2263 2686 ﬁne
2286 2632 2546 2703 prwconii.
2564 2630 2709 2686 More
2732 2631 2926 2702 quippe
2955 2640 3225 2701 receptum
3252 2629 3481 2687 vidimus

1881 2722 2200 2791 Antiochiae,
2234 2732 2292 2778 ut
2334 2723 2520 2778 eadem
2551 2723 2638 2778 die
2678 2723 2732 2777 in
2761 2722 3057 2794 eademque
3100 2724 3324 2778 ecclesia
3369 2723 3481 2779 duo

1882 2816 2350 2871 concionarentur.
2383 2814 2647 2870 Diodorus
2691 2829 2820 2870 vero
2864 2816 3145 2885 episcopus
3173 2814 3477 2882 Tarsensis,

1883 2909 1971 2979 qui
1998 2910 2127 2964 olim
2152 2908 2328 2964 fuerat
2353 2908 2577 2965 Joannis
2605 2908 2971 2984 Chrysostomi
2999 2909 3271 2979 magister,
3305 2909 3479 2963 liben-

1884 3010 1966 3055 ter
1989 3000 2057 3055 ad
2080 3001 2131 3056 id
2160 3000 2322 3055 ofﬁcii
2346 3000 2759 3065 admittebatur;
2790 3000 2913 3071 quia
2930 3000 3056 3056 olim
3077 3000 3356 3072 presbyter
3373 3001 3482 3054 An-

1885 3093 2164 3148 tiochenus
2205 3093 2259 3147 id
2304 3092 2542 3147 muneris
2588 3092 2675 3146 diu
2715 3100 3047 3156 exercuerat,
3094 3106 3203 3162 quo
3242 3100 3481 3161 tempore

1883 3183 2089 3247 Ariani,
2120 3197 2240 3237 cum
2270 3182 2586 3237 auctoritate
2617 3181 2902 3251 plurinunn
2945 3181 3205 3246 valerent,
3246 3180 3483 3236 Catholi-

1884 3293 1978 3332 cos
2007 3275 2345 3331 infestabant.
2392 3274 2459 3329 lis
2498 3289 2620 3329 cum
2652 3274 2857 3328 fortiter
2879 3273 3166 3328 obsisteret
3196 3273 3478 3339 Diodorus,

1884 3369 1952 3425 ab
1981 3369 2193 3424 Arianis
2217 3384 2359 3438 art-pe
2389 3369 2571 3438 pulsus
2598 3376 2700 3432 est,
2722 3382 2868 3436 saepe
2890 3368 2942 3421 in
2976 3367 3270 3436 periculum
3292 3366 3481 3436 capitis

1884 3462 2059 3528 venit;
2096 3477 2161 3518 ac
2184 3461 2228 3516 si
2259 3476 2365 3516 non
2395 3476 2475 3528 re,
2517 3461 2709 3515 saltem
2739 3460 3012 3530 proposito
3043 3470 3244 3530 martyr
3276 3458 3392 3524 fuit,
3424 3468 3483 3514 ut

1884 3554 2014 3609 dicit
2041 3559 2155 3624 ipse
2178 3552 2617 3625 Chrysostomus,
2651 3560 2763 3606 tum
2794 3550 2845 3604 in
2875 3551 2975 3605 ista
3005 3550 3267 3617 oratione,
3295 3559 3403 3604 tum
3427 3550 3481 3604 in
3570 3589 3584 3607 ι

1884 3648 2181 3717 fragmento
2199 3645 2426 3716 quodam
2452 3659 2518 3699 ex
2544 3641 2796 3698 Facundo
2814 3641 3185 3697 llermianensi
3205 3648 3480 3710 excerpta,

1884 3741 2026 3810 quod
2053 3738 2129 3794 illi
2157 3738 2209 3792 in
2238 3737 2337 3791 hac
2367 3735 2603 3792 editione
2629 3734 2990 3805 subiungitur.

1957 3832 2269 3885 Innumeras
2286 3836 2435 3884 certe
2462 3827 2709 3882 homilias
2727 3825 3023 3880 Antiochia:
3043 3824 3225 3878 habuit
3251 3823 3468 3895 Chryso

1886 3932 2113 3986 stemus,
2145 3935 2368 3991 quarum
2398 3933 2585 3988 magna
2616 3932 2738 3988 pars
2778 3917 2845 3970 ad
2886 3931 2983 3969 nos
3023 3931 3192 3985 usque
3223 3914 3481 3984 pervenit.

1886 4013 1953 4066 At
1980 4027 2164 4065 earum
2189 4010 2428 4065 omnium
2452 4010 2540 4063 vix
2569 4023 2633 4063 ac
2659 4022 2725 4062 ne
2754 4007 2841 4061 vix
2871 4006 3083 4077 quidem
3112 4014 3289 4076 potest
3313 4019 3484 4060 annus

1885 4103 2167 4174 assignari.
2215 4105 2291 4157 Ex
2331 4116 2516 4156 earum
2548 4113 2778 4153 numero
2806 4107 2930 4151 sunt
2954 4097 3200 4152 llomilitc
3229 4097 3283 4151 in
3311 4097 3487 4152 Gene-

1888 4197 1989 4252 sim
2007 4196 2095 4269 (T.
2113 4197 2163 4253 ι.
2186 4211 2232 4249 c.
2253 4192 2369 4253 21),
2399 4207 2626 4246 numero
2650 4191 2738 4255 67,
2758 4204 2891 4259 quas
2907 4187 3364 4257 Constantinopoli
3381 4186 3483 4241 ha-

1888 4287 2027 4342 bitas
2048 4286 2209 4340 fuisse
2230 4284 2359 4339 dicit
2381 4282 2623 4348 Photius,
2648 4280 2998 4335 subdubitans
3028 4290 3225 4345 tamen,
3252 4294 3353 4333 nec
3367 4294 3483 4335 rem

1887 4380 2039 4450 quasi
2065 4386 2268 4432 certam
2294 4374 2555 4432 referens.
2601 4373 2802 4429 Verum
2843 4370 3143 4426 Antiochiae
3184 4371 3488 4427 certissime

1888 4471 2060 4524 dictas
2086 4466 2249 4523 fuisse
2276 4465 2456 4522 multis
2501 4464 2833 4536 argumentis
2861 4462 3048 4532 probat
3091 4461 3481 4529 Tillemontius,

1890 4575 2096 4632 tuisque
2123 4558 2530 4629 quamplurimis
2557 4556 2753 4611 additis
2786 4554 3218 4610 conﬁrmavimus
3253 4555 3309 4608 in
3336 4554 3485 4608 Prte-

1890 4653 2089 4707 t'atione
2115 4649 2183 4706 ad
2224 4649 2484 4705 Homilias
2527 4648 2581 4703 in
2609 4646 2861 4704 Genesim
2892 4654 3087 4716 quarto
3113 4644 3305 4709 Tomn,
3337 4652 3393 4700 ct
3435 4645 3483 4703 in

1890 4743 2212 4799 Prwfatione
2230 4741 2296 4797 ad
2322 4741 2607 4796 conciones
2636 4739 2689 4793 in
2727 4737 3049 4807 Principium
3083 4737 3341 4791 Actorum
3375 4745 3487 4791 ter-

1893 4838 1968 4894 tio
1997 4838 2186 4902 Temo,
2219 4844 2275 4891 et
2301 4834 2449 4890 alibi.

1962 4929 2220 4985 llomilias
2239 4941 2369 4981 vero
2388 4925 2439 4979 in
2462 4923 2642 4980 Oziam
2664 4921 2866 4976 dixisse
2889 4920 3060 4991 potuit
3086 4929 3208 4974 ante
3231 4916 3483 4973 llomilias

1892 5023 1948 5078 in
1982 5021 2232 5079 Geuesim
2278 5018 2367 5088 (Τ.
2398 5018 2453 5075 6.
2494 5035 2539 5071 c.
2578 5014 2711 5089 97):
2740 5015 2792 5071 id
2822 5025 3027 5069 eertum
3057 5013 3265 5069 videtur
3292 5025 3490 5068 secun-

1891 5115 2015 5172 dam
2059 5115 2247 5169 saltem
2298 5110 2532 5167 habitam
2571 5108 2737 5165 l'uisse
2761 5109 3034 5180 aliquanto
3071 5115 3314 5176 tempore
3336 5111 3489 5158 ante~

1892 5224 2052 5281 quam
2083 5207 2151 5263 de
2172 5204 2510 5270 Nominibus,
2536 5201 2651 5259 sive
2676 5202 2745 5258 de
2769 5202 3059 5257 Mutatioue
3086 5199 3365 5255 nominum
3382 5194 3489 5250 lto-

1894 5304 2070 5358 milias
2090 5301 2368 5370 inciperet.
2392 5296 2606 5352 Etenim
2630 5296 2687 5351 in
2707 5294 2926 5353 homilia
2947 5291 3181 5349 secunda
3204 5291 3258 5345 iu
3278 5288 3487 5349 Oxiam.

1895 5412 2016 5451 cum
2046 5395 2113 5449 de
2155 5394 2375 5449 nomine
2417 5390 2617 5446 Abram
2645 5388 2698 5443 in
2730 5387 3001 5444 Abraham
3029 5390 3233 5437 mutato
3280 5387 3487 5451 ageret,

1896 5491 2029 5545 dixit
2053 5487 2144 5543 ille
2170 5501 2394 5542 numero
2423 5486 2477 5549 5,
2523 5483 2708 5538 Verum
2735 5481 2798 5536 de
2817 5476 3102 5533 nominibus
3130 5474 3235 5528 alio
3264 5482 3489 5542 tempore

1897 5582 2166 5646 iusseram,
2198 5578 2249 5633 id
2278 5586 2361 5632 est
2404 5576 2472 5631 de
2516 5573 2812 5630 mutatione
2852 5568 3165 5623 nominum:
3197 5564 3317 5621 illas
3345 5564 3486 5619 enim

1898 5674 1968 5729 de
1997 5672 2286 5728 Mutatione
2314 5668 2591 5724 nominum
2622 5662 2868 5718 homilias
2899 5658 3166 5715 interdum
3192 5656 3263 5713 de
3299 5654 3486 5713 Nomi-

1900 5768 2055 5826 nibus
2082 5765 2335 5839 appellat.
2371 5764 2424 5817 lu
2458 5761 2563 5816 illis
2610 5771 2739 5812 vero
2767 5755 2833 5812 de
2878 5752 3169 5810 Mutationc
3210 5752 3485 5808 nominum
