3948 6462
441 333 544 390 135

442 443 675 507 Ιιοωὶιίἰε
698 443 768 501 de
795 441 1011 499 nomine
1036 437 1235 495 Abram
1265 435 1322 492 in
1349 435 1619 492 Abraham
1667 442 1873 490 mutato
1921 446 2030 488 non

439 540 606 598 semel
634 539 758 609 agit.
793 536 1025 592 Primam
1053 548 1177 588 cum
1201 530 1547 587 Tillemontio
1572 529 1659 585 diu
1695 538 1810 599 post
1835 541 2031 583 secun-

441 635 561 689 dam
589 628 828 699 ablegavi
855 637 909 682 et
938 627 989 681 in
1015 624 1158 680 aliud
1186 632 1394 694 tempus
1417 622 1618 689 distuli,
1640 629 1882 692 quartam
1899 634 2034 690 quo-

442 740 541 795 quc
565 740 594 778 a
617 721 942 791 reliquarum
965 718 1104 773 serie
1121 715 1473 771 amovendam
1501 714 1684 770 censui
1704 729 1720 767 :
1739 712 2031 769 secundum

441 830 590 884 vero,
623 815 854 878 tertiam,
888 811 1128 881 quintam
1150 817 1206 865 et
1229 817 1432 864 sextam
1460 807 1802 863 continenter
1826 820 2032 874 ponen-

440 908 535 964 das
567 921 688 962 esse
711 919 927 961 censeo.
956 901 1116 958 Sexta
1145 901 1332 971 paucis
1356 899 1542 955 diebus
1567 905 1693 953 ante
1720 896 2032 968 Quadrage-

441 1001 631 1054 simam
659 997 838 1052 habita
870 995 985 1057 fuit,
1012 1004 1069 1048 ut
1098 993 1297 1048 ibidem
1321 1000 1590 1047 narratur.
1617 989 1752 1046 Vide
1777 988 2033 1045 Monitum

439 1090 508 1145 ad
528 1088 775 1145 homilias
802 1086 963 1141 hasce
994 1085 1162 1139 Tomo
1186 1090 1340 1138 sexto
1364 1095 1411 1132 c.
1439 1080 1530 1138 95.

514 1188 569 1242 In
600 1189 795 1259 prima,
825 1198 982 1252 quam
1027 1181 1145 1235 loco
1174 1178 1484 1235 mutandam
1528 1184 1801 1250 putamus,
1841 1174 2039 1247 gaudet

442 1282 509 1337 de
533 1278 715 1353 populi
744 1274 1039 1347 frequentia
1068 1281 1121 1328 et
1146 1286 1431 1338 concursu,
1477 1270 1627 1326 dolet
1667 1278 1846 1324 autem
1891 1266 2038 1339 quod

443 1373 738 1438 auditores,
767 1369 894 1425 dum
922 1367 1113 1423 concio
1139 1365 1445 1431 haberetur,
1469 1362 1856 1433 incompositas
1876 1373 2038 1415 voces

443 1466 773 1527 erititterent,
805 1461 1257 1518 tumultuarentur
1293 1472 1357 1513 ac
1384 1455 1677 1529 lymphatis
1701 1453 1903 1509 similes
1927 1452 2036 1507 cir-

442 1565 876 1628 cumagerentur,
906 1553 972 1609 de
999 1550 1311 1622 Scrapliinis
1336 1563 1501 1620 pauca
1530 1547 1681 1603 dicit.
1716 1545 1840 1601 Illos
1859 1552 2039 1599 autem

444 1652 704 1721 increpat,
738 1649 827 1719 qui
853 1646 918 1702 ad
946 1644 1249 1717 spectacula
1276 1643 1575 1714 prodirent,
1599 1639 1796 1710 quique
1823 1637 1902 1693 sic
1923 1651 2042 1708 my-

441 1743 605 1799 steria
631 1740 807 1796 divina
837 1754 957 1794 cum
988 1734 1335 1792 dtemoniacis
1359 1734 1665 1788 miscerent.

514 1832 569 1886 In
598 1829 853 1896 secunda,
897 1843 1056 1899 quam
1087 1826 1313 1897 primam
1342 1832 1611 1894 putamus,
1646 1823 1700 1878 in
1730 1821 1881 1888 illud,
1926 1819 2042 1875 Vidi

443 1922 721 1978 Dominum
743 1920 1016 1986 sedentem,
1045 1927 1174 1981 etc.,
1199 1915 1367 1970 multa
1391 1913 1618 1985 profert.
1651 1912 1896 1969 Divinam
1941 1926 2040 1967 na-

442 2027 613 2072 turam
631 2014 792 2071 etiam
811 2012 1015 2083 angelis
1031 2005 1635 2079 incomprehensibilem
1662 2019 1782 2060 esse
1805 2018 2044 2074 pronun-

445 2109 573 2175 tiat;
601 2107 828 2178 ideoque
854 2103 1027 2174 carpit
1055 2104 1370 2167 Anontteos,
1399 2100 1491 2170 qui
1513 2098 1582 2154 de
1609 2106 1799 2153 natura
1826 2096 1915 2152 illa
1944 2096 2046 2151 im-

446 2201 561 2270 pios
582 2196 886 2268 proferrent
911 2208 1213 2251 sermones.

517 2288 764 2349 IIomilia:
791 2287 962 2342 tertiae
988 2292 1363 2355 argumentum
1392 2288 1518 2336 sunt
1549 2279 1664 2335 hmc
1695 2279 1885 2348 verba,
1917 2278 2049 2333 Elu-

445 2398 550 2442 tum
578 2395 646 2441 est
676 2401 763 2439 cor
795 2380 954 2438 Oziaz.
1000 2376 1139 2435 Dicit
1165 2383 1345 2433 autem
1375 2372 1467 2432 ille
1506 2370 1835 2448 superbiam,
1880 2371 2039 2423 etiam

444 2495 511 2535 ex
537 2478 691 2534 bonze
716 2473 1060 2531 conscientite
1088 2470 1396 2527 testimonio
1422 2469 1552 2524 oriri
1582 2482 1759 2538 posse,
1797 2478 1852 2522 et
1889 2467 2044 2522 bonis

444 2570 700 2641 operibus
728 2568 1047 2623 instructum
1080 2563 1251 2634 magis
1279 2562 1574 2633 oppugnari
1595 2575 1626 2614 a
1651 2558 1900 2615 diabolo:
1922 2568 2042 2614 tau-

447 2672 666 2732 tumque
710 2659 910 2714 malum
941 2657 1139 2712 inferre
1169 2654 1364 2709 animat
1408 2651 1739 2723 superbiam,
1784 2660 2043 2722 quantum

444 2752 659 2823 corpori
691 2760 952 2806 tumores.

515 2845 714 2914 Quarta
744 2842 956 2907 concio,
984 2855 1143 2912 quam
1188 2839 1308 2894 Ioco
1352 2836 1677 2893 movendum
1706 2850 1828 2892 esse
1856 2850 2046 2891 cense-

444 2951 585 3003 mus,
619 2936 671 2990 in
709 2940 1082 3006 argumentum
1110 2929 1277 2986 habet
1305 2929 1423 2984 haec
1466 2927 1629 2983 verba
1667 2945 1681 2982 :
1716 2925 1935 2980 Factum
1972 2935 2046 2981 est

444 3032 499 3083 in
526 3043 660 3082 anno
690 3026 742 3079 in
768 3041 866 3096 quo
892 3031 1121 3078 mortuus
1149 3031 1222 3076 est
1247 3037 1339 3077 res,~
1369 3020 1546 3084 Ozias,
1590 3027 1696 3074 etc.
1728 3018 1869 3073 Dicit
1916 3017 2048 3073 faci-

451 3120 551 3177 lius
572 3133 693 3175 essc
713 3118 882 3174 solem
906 3116 1195 3186 exstingui,
1222 3129 1382 3185 (luam
1410 3112 1505 3168 Dei
1532 3110 1828 3166 Ecclesiam
1854 3110 2042 3165 deleri.

444 3212 740 3269 Occasione
761 3219 941 3267 autem
970 3209 1113 3265 Ozias
1140 3208 1281 3279 regis
1310 3205 1544 3262 afﬁrmat
1572 3213 1628 3261 et
1658 3204 1848 3275 probat
1870 3218 2050 3260 sacer-

445 3306 629 3362 dotum
655 3302 966 3374 dignitatem
991 3299 1250 3371 majorem
1278 3313 1418 3366 esse,
1443 3311 1604 3368 quam
1636 3312 1842 3366 regum.

515 3398 710 3467 Quinta
740 3405 797 3452 et
820 3405 991 3461 sexta,
1022 3395 1148 3449 licet
1188 3392 1297 3447 alio
1340 3391 1499 3461 longe
1527 3400 1769 3460 tempore
1807 3404 2050 3458 pronun-

448 3494 613 3559 tiatus,
641 3491 782 3545 idem
808 3496 1185 3558 argumentum
1214 3491 1566 3555 pertractant,
1600 3493 1655 3538 et
1683 3482 1753 3538 de
1781 3482 1926 3536 Ozite
1953 3499 2047 3537 su-

449 3583 634 3654 perbia
679 3590 862 3650 agunt.
898 3578 1033 3632 llinc
1060 3576 1129 3631 de
1158 3574 1501 3631 sacerdotum
1545 3582 1809 3643 potestate
1850 3574 2045 3644 agitur,

448 3680 714 3745 docetque
738 3674 1179 3744 Chrysostomus,
1210 3684 1317 3738 quo
1358 3677 1514 3740 pacto
1561 3666 1754 3721 debeat
1796 3666 2049 3722 sacerdos

451 3775 762 3839 peccantem
793 3763 1091 3835 principem
1122 3760 1415 3829 corripere.
1443 3757 1502 3813 In
1532 3765 1684 3813 sexta
1718 3772 1849 3813 vero
1871 3757 1939 3812 dc
1954 3757 2053 3813 Sc-

451 3859 798 3929 rapliinorum
827 3854 1085 3926 dignitate
1110 3851 1367 3921 loquitur.
1392 3849 1447 3904 lu
1479 3848 1583 3905 line
1602 3847 1759 3904 docet
1777 3848 2049 3919 quomodo

452 3955 517 4008 ad
550 3967 758 4008 sacram
788 3963 1031 4005 mensam
1058 3947 1129 4002 sit
1155 3943 1539 3999 accedendum.

525 4045 605 4100 De
636 4042 874 4098 [lautitiis
902 4042 957 4095 in
987 4037 1241 4094 Genesim.
1263 4065 1335 4076 -—
1353 4035 1471 4091 Jam
1499 4049 1634 4091 vero
1662 4033 1921 4105 quaeritur
1939 4048 2048 4105 quo

453 4156 596 4196 anno
627 4137 918 4195 conciones
964 4134 1018 4189 in
1072 4131 1324 4189 Genesim
1382 4129 1575 4184 habita:
1621 4127 1816 4183 fuerint
1848 4126 1935 4197 (Τ.
1966 4126 2047 4198 4),

454 4250 573 4305 qua:
602 4245 732 4287 sane
758 4229 916 4298 longe
944 4224 1213 4281 difficilior
1245 4222 1471 4293 qumstio
1499 4230 1601 4276 est.
1632 4221 1784 4276 Circa
1816 4228 2047 4290 tempus,

455 4340 562 4397 quo
589 4323 803 4392 scripta:
823 4318 992 4380 fuere.
1018 4329 1248 4387 operose
1272 4313 1520 4369 edisserit
1544 4312 1628 4367 vir
1650 4311 2047 4382 sagacissimus,

457 4417 805 4484 omniumque
832 4412 989 4481 longe
1015 4406 1454 4464 accuratissimus
1483 4405 1874 4469 Tillemontius,
1902 4404 2053 4476 cujus

459 4506 619 4561 verba
639 4505 828 4559 Latine
854 4501 1107 4555 translata
1131 4497 1334 4553 referre
1356 4511 1422 4550 ue
1444 4497 1622 4565 pigeat
1647 4515 1661 4550 :
1688 4498 1839 4563 Quod
1859 4506 2053 4566 spectat

459 4612 674 4661 annum,
706 4608 804 4665 quo
834 4592 912 4645 lue
938 4590 1161 4645 homilia:
1184 4597 1298 4640 sunt
1318 4586 1520 4650 habitw,
1544 4587 1740 4639 nonnisi
1764 4588 2055 4655 conjectura

464 4690 629 4741 dicere
656 4698 946 4755 possumus.
979 4679 1111 4734 Illas
1140 4677 1528 4747 Chrysostomus
1559 4676 1743 4729 habere
1768 4678 1911 4747 coepit
1945 4678 2054 4731 Do-

463 4779 649 4834 minica
681 4773 937 4847 jejunium
968 4769 1296 4842 prtecedente,
1337 4783 1436 4837 quo
1482 4783 1571 4837 per
1602 4766 2056 4838 Quadragesimam

463 4870 591 4926 illud
618 4874 990 4940 argumentum,
1023 4872 1077 4917 ut
1110 4858 1377 4915 verisimile
1401 4869 1497 4926 est,
1528 4868 1782 4913 tractaret.
1816 4858 2056 4943 Secunda

465 4964 595 5020 enim
618 4961 702 5015 die
728 4959 970 5028 sequenti,
994 4956 1123 5026 feria
1145 4953 1336 5009 scilicet
1359 4952 1582 5006 secunda
1607 4962 1651 5011 et
1677 4953 1841 5021 prima
1867 4953 1967 5005 diei
1983 4954 2058 5018 ie-

466 5058 614 5127 iunii,
646 5056 781 5110 dicta
806 5051 935 5125 fuit;
960 5049 1105 5104 tertia
1134 5047 1262 5118 feria
1287 5047 1453 5111 tertia,
1481 5053 1663 5116 quarta
1689 5045 1772 5098 die
1794 5046 2057 5116 insequen—

464 5151 520 5206 ti.
552 5148 739 5216 dieque
761 5146 981 5212 reliquas
1002 5157 1172 5196 omnes
1204 5140 1420 5211 singulis
1463 5138 1638 5193 diebus
1681 5138 1877 5193 habitas
1902 5137 2059 5206 fuisse

465 5240 665 5295 credere
706 5246 798 5302 est,
831 5235 942 5290 licet
982 5233 1037 5288 id
1075 5248 1178 5286 non
1221 5230 1470 5301 signiﬁcet
1519 5229 1925 5300 Chrysostomus,
1958 5229 2058 5282 nisi

470 5336 599 5391 t‘orte
621 5346 683 5385 ea:
710 5326 972 5383 occasione
1014 5323 1237 5394 quadam
1264 5320 1408 5375 aliud
1451 5330 1800 5391 argumentum
1836 5328 2059 5374 tractan-

469 5427 589 5471 dum
611 5428 907 5473 occurreret.
939 5414 1143 5471 Certum
1163 5414 1352 5485 quippe
1378 5421 1452 5466 est
1486 5412 1729 5483 pepulum
1756 5412 1980 5483 quotidie
2002 5411 2058 5465 in

473 5510 727 5561 ecclesiam
769 5508 1075 5568 convenisse,
1107 5490 1858 5574 Chrysostomumque‘singulis
1884 5501 2059 5555 diebus

474 5596 820 5651 concionatum
844 5616 968 5653 esse.
1000 5596 1193 5652 Eodem
1232 5595 1384 5647 etiam
1424 5593 1474 5644 in
1502 5590 1732 5645 Genesim
1762 5604 2058 5663 argumento

480 5684 709 5751 pergebat
737 5686 939 5741 sabbato
971 5697 1017 5741 et
1045 5685 1333 5749 Dominica,
1366 5684 1478 5737 licet
1505 5683 1565 5735 iis
1594 5681 1768 5736 diebus
1797 5700 1896 5736 non
1916 5686 2061 5756 jeju-

478 5782 717 5829 naretur:
744 5790 860 5827 nam
901 5775 1163 5831 undecima
1188 5775 1395 5829 homilia
1420 5774 1470 5827 in
1499 5772 1680 5828 horum
1708 5774 1949 5830 alterutro
1976 5775 2059 5830 die

1511 320 1570 379 S.
1610 315 1889 378 JOANNIS
1925 312 2406 376 CIlRYSOSTOMI
2446 320 2627 388 VITA,

2139 432 2275 488 dicta
2294 436 2413 506 fuit.
2442 434 2671 490 Homilia
2691 438 2889 505 quinta.
2911 450 3073 505 sexta,
3097 442 3325 512 septima,
3352 454 3551 515 octava,
3574 468 3734 519 nona,

2139 526 2473 591 continenter,
2501 528 2607 582 suis
2636 545 2846 600 quisque
2869 530 3062 598 diebus,
3094 532 3276 589 habita:
3297 536 3522 606 fuerunt.
3555 539 3739 612 Nequa

2139 614 2305 670 dicere
2340 618 2499 686 possis
2527 634 2614 671 eas
2639 619 2706 671 ad
2734 620 2952 689 quinque
2990 622 3097 677 dies
3127 624 3318 694 jejunii
3350 630 3591 685 secunda:
3617 632 3733 687 heb.

2140 707 2373 763 domadis
2403 711 2649 778 pertinere
2666 727 2686 766 :
2714 729 2833 766 nam
2858 713 3053 768 decima
3076 717 3130 769 in
3156 719 3240 772 die
3250 720 3439 789 jejunii
3459 722 3600 777 dicta
3618 726 3731 793 fuit.

2140 815 2187 857 et
2211 803 2264 857 in
2285 802 2600 859 hebdomade
2625 807 2843 877 quinque
2870 816 3065 862 tantum
3081 810 3266 881 jejunii
3295 813 3402 868 dies
3423 826 3568 869 erant
3595 834 3615 871 :
3646 835 3743 872 un-

2141 894 2335 950 decima
2362 912 2479 951 vero
2504 896 2711 953 sabbato
2735 900 2873 954 illius
2897 904 3131 957 secunda:
3156 905 3484 962 hebdomadis
3510 927 3737 980 promtr:

2142 986 2269 1040 tiata
2295 996 2386 1040 est.
2420 986 2484 1043 Si
2522 1005 2640 1060 ergo
2680 988 2925 1045 Humilia:
2965 993 3021 1045 in
3062 989 3296 1049 Genesim
3321 999 3541 1068 singulis
3566 1000 3747 1055 diebus

2142 1095 2244 1133 una
2272 1080 2402 1134 serie
2422 1080 2607 1136 habitte
2635 1081 2843 1150 fuerint,
2868 1083 2923 1137 id
2946 1084 3082 1155 quod
3110 1086 3245 1141 circa
3273 1103 3364 1142 sea:
3386 1090 3571 1144 saltem
3599 1093 3747 1162 prio-

2143 1189 2223 1226 res
2248 1175 2452 1228 omnino
2474 1175 2744 1230 verisimile
2759 1186 2864 1242 est;
2892 1187 3035 1232 sexta
3056 1180 3230 1250 utique
3251 1181 3380 1252 feria
3398 1191 3545 1237 sexta
3566 1186 3752 1254 prima

2144 1266 2469 1322 hebdomadis
2493 1268 2909 1339 Quadragesima:
2931 1272 3258 1342 pronuntiata
3281 1275 3453 1344 fuerit.

2214 1359 2280 1413 In
2301 1371 2443 1415 sexta
2462 1361 2671 1416 homilia
2701 1360 3086 1433 Chrysostomus
3109 1366 3339 1431 queritur
3361 1367 3709 1423 Antiochenos
3724 1411 3742 1433 ,

2143 1452 2286 1506 nulla
2305 1452 2714 1524 quotidianarum
2740 1452 3186 1521 adhortationum,
3218 1456 3363 1510 nulla
3400 1456 3749 1530 Quadragai-

2145 1545 2293 1597 malis
2322 1543 2623 1613 paenitentia:
2651 1544 2845 1598 ratione
2885 1544 3053 1597 habita
3070 1586 3086 1611 ,
3114 1545 3235 1599 circi
3261 1547 3395 1601 ludis
3423 1547 3740 1616 interfuisse.

2149 1635 2220 1690 lli
2254 1638 2393 1691 haud
2416 1636 2567 1691 dubie
2591 1638 2835 1691 circenses
2878 1638 2987 1692 ludi
3023 1638 3198 1694 eadem
3237 1640 3350 1709 ipsa
3391 1642 3473 1695 die
3512 1642 3747 1698 celebrati

2146 1728 2385 1799 fuerant;
2415 1744 2534 1781 nam
2557 1728 2611 1781 in
2642 1727 3047 1801 Quadragesima
3074 1732 3355 1799 vespertino
3384 1742 3612 1803 tempore
3631 1750 3750 1787 con-

2146 1823 2314 1875 ciones
2339 1819 2651 1875 habebantur
2671 1838 2691 1875 :
2710 1821 2846 1875 unde
2881 1823 3117 1891 consequi
3158 1823 3353 1876 videtur
3380 1823 3521 1877 hunc
3560 1841 3751 1878 annum

2149 1928 2255 1966 esse
2281 1920 2368 1965 aut
2395 1910 2502 1967 595
2526 1920 2616 1965 aut
2641 1910 2766 1967 596.
2791 1910 3165 1966 Kalendarium
3186 1915 3321 1967 enim
3344 1914 3639 1969 Romanum
3667 1916 3749 1969 lu-

2147 2001 2433 2056 dosnullos
2461 2002 2686 2074 assignat
2730 2003 2874 2057 initio
2915 2004 3097 2057 mensis
3139 2003 3335 2058 Martii.
3382 2005 3519 2059 Ludi
3563 2008 3753 2077 quippe

2150 2093 2387 2160 Gott/cici,
2417 2095 2505 2158 qui
2542 2110 2572 2149 a
2606 2105 2788 2167 quarta
2816 2094 3083 2151 Februarii
3108 2096 3176 2150 ad
3200 2114 3386 2152 nonam
3412 2099 3749 2169 habebantur,

2149 2202 2252 2240 non
2294 2186 2376 2240 hic
2417 2202 2449 2240 a
2489 2186 2851 2259 Chrysastomo
2896 2200 3370 2245 commemorantur.
3408 2190 3599 2245 Verum
3645 2195 3752 2247 ludi

2148 2278 2316 2333 adhuc
2353 2278 2680 2349 assignantur
2718 2280 2985 2336 undecima
3024 2281 3311 2350 Februarii,
3342 2300 3457 2356 qute
3479 2302 3619 2341 anno
3649 2287 3751 2343 395

2147 2373 2403 2428 concurrit
2428 2389 2545 2427 cum
2571 2374 2701 2444 feria
2720 2384 2861 2429 sexta
2887 2376 3066 2445 prima:
3090 2376 3417 2433 hebdomadis
3450 2379 3751 2452 Quadrage-

2147 2473 2308 2537 simtu,
2329 2472 2448 2541 quia
2481 2464 2686 2527 Pascha
2704 2467 2860 2527 istius
2872 2469 2994 2525 anni
3012 2468 3189 2523 incidit
3210 2471 3260 2524 in
3283 2472 3573 2541 vigesimam
3598 2477 3751 2543 septi-

2148 2582 2284 2620 mam
2305 2565 2505 2622 Martii.
2532 2566 2858 2622 Annotantur
2880 2570 3033 2622 etiam
3057 2569 3166 2623 ludi
3187 2564 3256 2624 ad
3274 2565 3503 2621 ultimam
3522 2564 3750 2620 Februa-

2149 2658 2215 2711 rii
2234 2698 2251 2722 ,
2293 2657 2348 2712 id
2382 2657 2519 2729 quod
2547 2658 2616 2714 ad
2643 2676 2835 2714 annum
2865 2659 2968 2716 596
2994 2663 3242 2730 pertinere
3266 2668 3444 2733 potest,
3485 2675 3606 2734 quo,
3639 2680 3748 2720 cum

2150 2746 2356 2803 Pascha
2385 2750 2627 2806 incideret
2655 2751 2708 2806 in
2733 2751 2979 2807 decimam
3005 2753 3206 2807 tertiam
3237 2754 3429 2827 Aprilis
3453 2797 3469 2822 ,
3510 2756 3751 2826 vigesima

2151 2858 2291 2897 nona
2318 2842 2583 2898 Februarii
2612 2846 2939 2901 concurrebat
2967 2863 3081 2901 cum
3117 2847 3247 2919 feria
3278 2858 3421 2903 sexta
3449 2850 3630 2919 prima:
3659 2853 3749 2905 he-

2151 2933 2417 2988 bdomadis
2455 2934 2891 3007 Quadragesimar.
2937 2937 3023 2992 Ex
3058 2939 3167 2993 istis
3204 2954 3319 2993 vero
3365 2939 3562 2995 duobus
3607 2943 3749 2997 annis

2150 3025 2537 3096 anteferendum
2565 3026 2799 3081 ducimus
2824 3044 3016 3082 annum
3037 3030 3162 3096 395,
3182 3033 3301 3097 quia
3321 3041 3561 3102 putamus
3590 3032 3749 3105 Chry-

2150 3127 2428 3171 sostomum
2466 3134 2601 3172 anno
2639 3119 2745 3175 596
2772 3118 3027 3174 Ilomilias
3056 3122 3120 3175 de
3157 3120 3462 3177 Ptenitentia
3496 3125 3745 3180 habuisse.

2155 3208 2350 3272 Quibus
2387 3209 2459 3262 ita
2497 3210 2781 3265 constitutis
2807 3211 2917 3265 ludi
2941 3212 3184 3267 circenses
3209 3214 3304 3278 illi,
3336 3215 3399 3269 de
3423 3217 3608 3285 quibus
3635 3233 3750 3287 que-

2151 3301 2283 3354 ritur
2318 3300 2705 3371 Chrysostmnus
2733 3303 2942 3358 homilia
2968 3305 3029 3358 bl
3055 3347 3070 3369 ,
3098 3322 3212 3376 qua:
3239 3307 3398 3361 tribus
3422 3318 3536 3379 post
3567 3308 3750 3364 Pente-

2152 3400 2324 3445 costen
2373 3390 2769 3447 hebdomadibus
2811 3394 2983 3447 habita
3017 3403 3111 3458 est,
3152 3396 3207 3449 id
3247 3406 3337 3461 est,
3372 3389 3504 3468 forte
3547 3401 3749 3455 sabbato

2152 3482 2366 3550 bJunii,
2391 3484 2436 3538 si
2468 3500 2583 3538 vere
2614 3484 2749 3539 dicta
2775 3485 2840 3539 sit
2877 3503 3012 3542 anno
3048 3488 3189 3553 595;
3235 3489 3362 3556 ludi,
3396 3492 3623 3560 inquam,
3656 3496 3751 3548 cir-

2152 3592 2322 3630 censes
2342 3617 2357 3643 ,
2395 3576 2474 3630 illi
2503 3580 2720 3649 fortasse
2744 3587 2907 3644 erant,
2929 3579 3017 3649 qui
3043 3579 3112 3633 ad
3154 3582 3371 3651 primum
3399 3583 3547 3638 istius
3570 3587 3750 3640 mensis

2154 3667 2288 3721 diem
2311 3674 2574 3722 notantur.
2613 3666 2801 3723 Verum
2835 3670 2944 3724 lucc
2981 3687 3084 3724 non
3123 3682 3176 3726 ut
3215 3688 3320 3727 rem
3363 3672 3685 3743 exploratam
3708 3686 3751 3731 et

2154 3767 2343 3813 certum
2370 3760 2551 3814 damus
2581 3776 2602 3816 :
2632 3776 2749 3814 cum
2773 3763 2993 3817 maxime
3012 3764 3306 3833 ignoremus'
3322 3775 3496 3820 utrum
3515 3767 3615 3822 hoc
3641 3767 3749 3822 Ka-

2154 3850 2441 3905 lendarium
2461 3860 2578 3906 tunc
2598 3853 2835 3923 temporis
2853 3853 3137 3910 Antiochia:
3152 3855 3204 3910 in
3225 3873 3320 3911 usu
3335 3867 3484 3924 esset,
3515 3876 3611 3913 nec
3630 3862 3752 3915 scia-

2159 3958 2271 3997 mus
2292 3953 2462 3997 utrum
2485 3944 2595 3996 ludi
2618 3960 2790 3999 onmes
2810 3946 3110 3999 circensium
3130 3964 3305 4002 cursus
3324 3949 3637 4008 exhiberem.
3660 3952 3752 4006 Po-

2157 4040 2321 4085 terant
2342 4033 2459 4086 item
2484 4034 2593 4086 ludi
2609 4035 2851 4089 celebrari
2876 4052 2975 4090 non
2989 4047 3223 4091 consueto
3242 4039 3436 4093 ordine.
3466 4039 3584 4095 lmo
3607 4045 3752 4096 etiam

2155 4123 2263 4178 ludi
2292 4134 2598 4179 annotantur
2615 4126 2684 4179 ad
2703 4127 3054 4181 duodecimam
3073 4128 3207 4182 diem
3230 4129 3518 4198 Februarii,
3547 4135 3753 4201 perinde

2155 4224 2302 4284 atque
2329 4215 2398 4269 ad
2432 4217 2787 4282 undecimam;
2827 4219 2900 4271 ita
2929 4228 3019 4285 ut,
3052 4236 3168 4274 cum
3206 4220 3598 4291 Chrysostomus
3642 4227 3753 4279 abs-

2156 4316 2305 4361 terret
2330 4324 2412 4362 eos
2434 4308 2521 4378 qui
2548 4310 2681 4363 circo
2705 4310 2993 4380 adfuerant,
3018 4312 3248 4366 videatur
3273 4329 3474 4367 monere
3494 4314 3742 4381 debuisse,

2156 4400 2380 4471 sequenti
2409 4399 2490 4453 die
2522 4400 2841 4472 exploratum
2866 4405 2977 4472 fore
3000 4420 3121 4457 num
3152 4404 3355 4457 monitis
3374 4406 3480 4459 suis
3500 4407 3757 4477 obtempe-

2156 4500 2371 4545 rassent.
2406 4490 2592 4545 Verum
2615 4492 2670 4558 ii,
2698 4494 2783 4563 qui
2808 4492 3104 4547 duodecimo
3126 4494 3207 4548 die
3227 4494 3628 4563 celebrabantur,
3658 4514 3759 4551 non

2159 4591 2303 4636 erant
2329 4586 2459 4653 forte
2481 4583 2726 4637 circenses
2755 4598 2773 4636 :
2810 4601 2931 4637 nam
2961 4584 3031 4638 ibi
3073 4584 3433 4639 Calendarium
3454 4604 3556 4640 non
3585 4598 3755 4642 notam

2160 4674 2306 4731 habet
2345 4675 2500 4729 Com.
2538 4673 2754 4743 XXIIII,
2783 4675 2839 4729 id
2879 4686 2985 4742 est,
3017 4677 3367 4733 Commisurzc
3396 4678 3565 4733 XXIV
3601 4697 3614 4732 :
3648 4694 3758 4749 qua:

2158 4765 2356 4819 videtur
2373 4765 2496 4819 mihi
2524 4780 2632 4821 esse
2655 4778 2776 4820 nota
2795 4766 3030 4822 ludorum
3059 4770 3378 4824 circensium.
3418 4769 3527 4826 Illa
3564 4789 3758 4843 quoque

2160 4869 2280 4914 nota
2302 4861 2418 4914 Cm.
2441 4859 2657 4926 XXIIII,
2675 4871 2722 4915 et
2747 4861 2864 4915 Cm.
2887 4861 3005 4924 XII,
3023 4863 3238 4916 occurrit
3264 4866 3331 4918 ad
3352 4881 3559 4929 nonam,
3579 4867 3757 4937 vigesi-

2159 4968 2296 5007 mam
2316 4953 2542 5024 quintam
2564 4962 2609 5009 et
2633 4955 2921 5025 vigesimum
2950 4958 3213 5027 septimam
3242 4957 3511 5013 Februarii
3540 4976 3559 5014 :
3588 4977 3757 5015 verum

2161 5045 2215 5097 hi
2243 5045 2350 5099 dies
2377 5061 2441 5099 ne
2469 5062 2559 5117 per
2583 5055 2743 5101 totum
2761 5048 2966 5118 quidem
2987 5058 3214 5118 tempus,
3243 5067 3343 5122 quo
3377 5053 3640 5125 presbyter
3662 5055 3757 5125 fuit

2160 5134 2550 5207 Chrysostomus
2572 5178 2588 5204 ,
2635 5138 2691 5191 in
2733 5139 2914 5210 feriam
2959 5149 3154 5195 sextam
3203 5145 3382 5212 prima
3428 5144 3756 5204 hebdomadis

2165 5227 2580 5298 Quadragesimae
2596 5229 2848 5283 incidunt.
2879 5228 2984 5284 Illa
3013 5241 3135 5285 nota
3160 5231 3279 5287 Cm.
3308 5234 3376 5287 ad
3402 5236 3634 5292 ultimam
3661 5239 3759 5294 Fe-
3844 5256 3849 5263 '

2162 5319 2356 5374 bruarii
2385 5338 2486 5375 non
2510 5324 2714 5394 ponitur
2733 5363 2748 5389 ,
2778 5339 2879 5393 quo
2898 5326 3048 5379 etiam
3074 5326 3361 5381 excluditur
3375 5347 3539 5386 annus
3559 5334 3689 5388 596.

2235 5412 2350 5466 Alio
2394 5414 2511 5468 item
2546 5424 2844 5485 argumento
2880 5417 3179 5472 abducimur
3203 5435 3267 5474 ne
3288 5423 3411 5476 anni
3437 5423 3542 5479 396
3562 5466 3577 5490 ,
3618 5443 3760 5496 quem

2163 5506 2481 5576 assignamus
2504 5548 2520 5572 ,
2560 5518 2706 5563 natas
2735 5525 2843 5563 esse
2865 5520 3029 5566 certas
3054 5521 3287 5582 putemus
3316 5529 3336 5568 :
3358 5516 3495 5584 quod
3534 5516 3759 5572 videlicet

2165 5613 2267 5650 non
2300 5597 2503 5652 omnino
2528 5600 2848 5670 exploratum
2868 5603 2934 5656 sit
2958 5611 3153 5657 sextam
3178 5605 3441 5660 homiliam
3465 5609 3595 5678 feria
3619 5617 3759 5664 sexta

2167 5687 2388 5741 habitam
2428 5691 2601 5757 fuisse.
2644 5690 2771 5745 Cum
2809 5693 2943 5745 enim
2981 5694 3249 5749 undecima
3287 5697 3494 5752 sabbato
3527 5702 3761 5757 secundes

2169 5779 2497 5834 hebdomadis
2524 5781 2661 5836 haud
2693 5782 2844 5837 dubie
2868 5784 3003 5839 dicta
3031 5786 3202 5856 fuerit,
3223 5804 3286 5842 ex
3306 5789 3544 5843 tredecim
3570 5808 3757 5860 prer-
