3948 6408
169 354 269 418 137

168 471 403 528 dentibus
430 463 628 534 diebus,
660 460 946 533 incipiendo
979 477 1008 513 a
1036 454 1304 512 Dontinica
1325 461 1440 506 ante
1465 448 1764 520 Quadrage-

169 566 372 630 simam,
400 562 456 616 in
480 577 581 634 qua
601 558 768 632 prima
801 552 1008 608 Itomt'lia
1035 549 1207 604 habita
1232 546 1350 617 fuit,
1378 551 1476 598 tres
1500 539 1773 596 certissime

169 656 299 724 dies,
321 664 409 710 aut
439 632 684 709 concione
699 647 846 705 vacui
869 651 1030 721 fuere,
1053 653 1141 699 aut
1171 641 1434 696 conciones
1465 633 1682 690 habuere
1707 632 1774 686 ad

171 747 319 802 aliud
345 753 700 816 argumentum
727 739 1050 811 pertinentes,
1079 734 1156 788 vel
1175 733 1222 789 si
1249 727 1472 801 ejusdem
1494 724 1778 799 argumenti

1349 332 1532 392 NUNC.
1569 328 1829 388 PRIMUM
1867 329 2264 390 ADORNATA.

3380 330 3476 386 138

1877 459 2099 519 sequuta
2121 449 2210 517 sit,
2237 448 2322 504 hic
2344 449 2523 519 paucis
2543 449 2895 521 perscribere.

1949 541 2128 597 Prima
2158 541 2349 599 concio
2378 542 2519 598 dicta
2552 541 2650 598 fuit
2691 543 2970 598 Dominica
3008 542 3124 609 die,
3155 559 3273 612 quae
3301 543 3474 617 Quin-

1879 635 2202 706 quagcsimre
2229 651 2395 706 penes
2421 650 2520 690 nos
2546 645 2786 704 vocatur,
2813 645 3098 707 antequam
3126 637 3473 710 quadragesi-

1881 726 2022 780 male
2059 725 2323 796 jejunium
2367 725 2624 794 iniretur;
2670 726 2921 791 secunda,
2959 725 3048 782 die
3089 727 3332 798 sequenti
3369 741 3475 799 qua

171 835 386 912 fuerint,
408 815 544 891 certe
563 836 678 907 jam
709 831 1014 903 deperditus.
1041 823 1196 897 Atqui
1223 835 1322 880 tres
1347 823 1426 878 illi
1446 820 1554 876 dies
1575 816 1778 873 nonnisi
1877 815 2142 888 jejunium
2171 817 2560 890 ineipiebatur;
2589 816 2744 874 tertia
2775 826 2829 873 et
2852 827 3041 888 quarta
3068 819 3120 872 in
3149 817 3299 874 feriis
3321 819 3476 874 tertia

174 911 294 986 ante
325 930 586 1002 quintam.
620 925 696 980 uel
721 921 988 988 decimam,
1017 919 1097 973 vel
1129 915 1447 972 undecimam
1475 911 1630 966 statui
1655 925 1777 980 pos-

172 1031 318 1088 sunt,
338 998 478 1092 vquia
516 1014 634 1070 alia:
672 1029 843 1068 omnes
877 1010 1190 1066 continenter
1217 1015 1263 1060 et
1303 1021 1408 1060 una
1427 1003 1624 1057 dierum
1649 998 1779 1054 serie

174 1111 331 1166 dictae
355 1120 490 1165 sunt.
516 1105 604 1162 Ea;
627 1106 762 1160 hisce
783 1117 935 1174 porro
961 1099 1122 1156 tribus
1143 1114 1278 1152 unus
1295 1097 1472 1152 saltem
1493 1094 1625 1148 inter
1645 1091 1783 1146 deci-

176 1221 318 1268 mam
343 1211 394 1258 et
418 1200 736 1257 undecimam
766 1192 1182 1252 constituendus:
1211 1191 1296 1263 qui
1317 1189 1450 1244 enim
1484 1185 1659 1258 pransi
1687 1184 1781 1239 de-

177 1299 330 1353 cima:
351 1296 648 1368 adfuerant,
675 1307 776 1346 non
810 1289 992 1363 feriant
1015 1298 1233 1354 sextam,
1257 1293 1312 1338 ut
1337 1281 1540 1338 credere
1561 1289 1655 1348 est,
1689 1278 1781 1335 de-

181 1388 431 1461 legerunt,
461 1394 516 1439 ut
527 1383 783 1456 jejunium
807 1379 1073 1436 solverent.

255 1482 529 1537 Hactenus
556 1473 931 1532 Tillemontius
956 1490 969 1527 :
995 1467 1086 1527 ubi
1109 1469 1365 1528 observes
1383 1475 1583 1538 quanto
1597 1464 1784 1520 labore

182 1590 247 1635 ac
271 1573 452 1630 studio
477 1571 559 1626 nti
579 1569 734 1638 solet,
763 1567 881 1624 illas
905 1563 1159 1637 temporis
1185 1569 1340 1616 notas
1379 1560 1449 1615 sit
1491 1569 1784 1628 persequit-

188 1674 273 1722 tus
319 1673 624 1734 quantaque
663 1656 944 1730 prudentia
982 1671 1012 1711 a
1050 1652 1252 1726 judicio
1293 1649 1536 1706 absolute
1563 1645 1785 1703 ferendo

185 1756 472 1821 abstineat.
529 1751 726 1808 Contra
775 1749 922 1804 illam
948 1760 1078 1802 vero
1117 1742 1456 1808 sententiam,
1507 1753 1667 1811 quam
1697 1735 1787 1794 ille

191 1846 404 1903 haerens
427 1853 482 1900 et
503 1839 851 1899 subdubitans
865 1837 1224 1910 amplectitur,
1247 1833 1339 1889 alii
1359 1843 1412 1889 et
1433 1831 1655 1888 fortasse
1676 1843 1789 1885 ma-

185 1939 335 2011 jores
359 1943 582 2007 possunt
607 1931 843 2003 scrupuli
870 1927 1116 2002 proferri.
1143 1923 1525 1981 Kalendarinm
1554 1921 1696 1977 enim
1723 1919 1789 1974 il-

191 2031 282 2087 lud
315 2029 613 2085 Romanum
633 2022 968 2082 Constantini
990 2018 1164 2091 Magni
1193 2030 1336 2073 anno
1364 2013 1472 2072 525
1493 2055 1510 2083 ,
1539 2022 1598 2068 ut
1623 2013 1790 2067 fertur

191 2123 246 2179 in
273 2120 445 2185 titulo,
477 2117 678 2174 editum
709 2105 764 2172 e't
790 2129 822 2170 a
851 2110 1068 2169 Petavio
1093 2107 1419 2181 publicatum
1449 2105 1502 2160 in
1530 2103 1793 2160 Uranolo-

193 2216 282 2288 gio
313 2229 366 2285 p.
398 2210 534 2276 “2,
563 2210 824 2264 incertum
851 2215 934 2262 est
957 2220 1026 2263 an
1055 2201 1196 2258 idem
1221 2199 1480 2256 manserit
1520 2196 1588 2253 ad
1622 2209 1793 2266 usque

196 2309 358 2364 tinem
387 2303 567 2362 saeculi
599 2302 773 2374 quarti
810 2317 826 2354 :
859 2299 968 2356 imo
1009 2306 1213 2353 certum
1251 2292 1465 2349 videtur
1510 2291 1565 2346 in
1609 2289 1793 2346 multis

195 2401 386 2460 saltem
415 2405 678 2453 mutatum
704 2393 866 2456 fuisse
889 2410 903 2446 :
930 2407 1056 2450 nam
1084 2387 1380 2446 secundum
1411 2383 1647 2458 profanae
1676 2384 1794 2454 plu-

196 2495 335 2555 rium
361 2491 582 2551 deoriun
609 2487 881 2560 religionis
900 2487 1060 2541 ritum
1088 2483 1466 2542 concinnatum
1485 2488 1568 2536 est
1589 2487 1792 2534 totum:

195 2590 286 2661 qui
315 2587 462 2658 impii
491 2586 624 2642 ritus
651 2583 868 2641 demum
898 2579 1000 2635 sub
1027 2575 1334 2634 Theodosio
1372 2573 1564 2644 Magno
1597 2569 1795 2626 sublati

194 2688 342 2735 sunt.
371 2678 452 2732 Ad
478 2677 593 2732 haec
619 2682 828 2732 certum
851 2671 1064 2728 videtur
1091 2667 1250 2724 urbes
1281 2663 1400 2722 illas
1427 2665 1574 2720 orbis
1602 2661 1796 2734 praeci-

197 2787 352 2846 puas,
379 2771 552 2843 qualis
586 2777 704 2824 erat
743 2764 1047 2833 Antiochia,
1083 2777 1210 2818 suos
1247 2768 1340 2816 aut
1366 2758 1577 2830 aliquos
1605 2755 1796 2812 saltem

195 2865 298 2924 sibi
322 2863 567 2934 proprios
597 2859 850 2916 habuisse
876 2857 1030 2921 ritus,
1053 2863 1313 2927 quantum
1343 2850 1410 2906 ad
1442 2849 1595 2906 ludos
1614 2857 1671 2905 et
1695 2847 1798 2903 alia

199 2960 251 3014 in
276 2955 614 3014 Kalendariis
641 2951 874 3008 adscribi
899 2949 1054 3005 solita
1083 2965 1098 3002 :
1125 2961 1233 3018 quo
1262 2944 1436 3017 posito
1464 2942 1591 3015 quid
1619 2955 1800 3014 possu-

199 3068 317 3108 mus
347 3066 416 3106 ει
444 3045 766 3108 Kalendario
800 3044 1043 3099 Romano
1079 3039 1222 3096 circa
1259 3036 1625 3094 Antiochenos
1663 3034 1800 3090 ritus

200 3141 474 3200 Statuere‘i
515 3138 668 3210 Quod
712 3151 842 3193 vero
887 3134 1084 3190 dicitur
1123 3129 1510 3204 querimoniam
1556 3125 1799 3198 Chryso-

199 3235 359 3291 stomi
387 3232 540 3288 initio
565 3229 800 3286 homilite
827 3233 994 3283 sexta:
1024 3238 1130 3280 non
1151 3229 1397 3292 spectare
1416 3217 1570 3274 ludos
1591 3216 1804 3274 Gotthi-

199 3343 316 3394 eos,
343 3327 396 3382 id
426 3335 574 3383 certe
597 3321 884 3382 divinando
904 3319 1010 3375 dici
1034 3317 1264 3374 videtur.
1295 3313 1426 3381 Quis
1445 3311 1588 3367 enim
1613 3310 1715 3366 scit
1735 3325 1802 3365 an

203 3421 256 3476 in
300 3418 443 3474 ludis
485 3414 770 3482 Gotthicis,
797 3412 988 3470 saltem
1017 3411 1070 3464 in
1100 3422 1286 3464 eorum
1317 3402 1657 3476 quibusdam,
1683 3415 1806 3456 cur-

202 3527 295 3568 sus
313 3525 572 3583 eqnorum
593 3503 969 3562 adhiberetur?
999 3511 1056 3558 at
1077 3509 1263 3558 contra
1289 3495 1594 3569 huiusmodi
1617 3507 1806 3550 cursus

204 3613 350 3659 totus
382 3611 466 3657 est
494 3600 909 3670 Chrysostomus
935 3596 986 3650 in
1019 3593 1237 3650 homilia
1265 3597 1436 3646 sexta.
1469 3589 1688 3650 Domum
1722 3594 1806 3640 ta-

207 3695 362 3752 bulas
385 3692 688 3758 Paschales,
707 3688 961 3762 queishm
983 3699 1170 3742 omnes
1193 3683 1516 3755 conjecturae
1544 3681 1804 3746 nituntur,

205 3785 494 3856 aliquando
537 3783 752 3838 fallaces
791 3793 912 3837 esse
948 3792 1108 3848 supra
1149 3775 1510 3848 probavimus.
1548 3771 1660 3826 Nec
1700 3779 1808 3824 tam

209 3877 492 3949 perspicue
515 3876 712 3931 scimus
741 3881 921 3928 utrum
951 3869 1095 3926 circa
1124 3866 1541 3924 celebrationem
1566 3861 1806 3926 Pasehze,

210 3972 374 4025 ritum
401 3965 816 4022 Alexandrinum
844 3967 1124 4018 servarent
1153 3955 1495 4014 Antiocheni.
1536 3955 1604 4008 lis
1631 3953 1808 4008 omni-

212 4061 314 4115 bus
340 4060 518 4130 itaque
548 4055 846 4128 perpensis,
874 4052 1136 4109 fateamur
1165 4063 1386 4106 neccsse
1413 4057 1516 4114 est,
1545 4047 1809 4101 incertum

213 4165 438 4224 prorsus
462 4165 580 4205 esse
605 4164 708 4220 quo
734 4159 876 4200 anno
905 4145 1003 4199 hos
1030 4144 1082 4198 in
1112 4140 1365 4198 Genesim
1396 4151 1676 4194 sermones
1704 4137 1812 4189 An-

215 4243 430 4300 tiochiae
459 4240 702 4302 habuerit
727 4238 1158 4310 Chrysostomus.
1207 4232 1264 4288 Id
1301 4246 1465 4286 unum
1505 4229 1622 4284 sine
1649 4226 1812 4283 dubio

215 4335 455 4402 scimus,
509 4347 751 4403 magnam
801 4345 988 4386 eorum
1038 4335 1248 4397 partem
1294 4324 1348 4379 in
1393 4321 1812 4393 Quadragesima

214 4427 417 4482 dictam
467 4421 666 4490 fuisse,
713 4421 966 4490 illamque
1009 4416 1481 4487 Quadragesimam
1535 4427 1643 4467 non
1693 4424 1814 4466 esse

214 4515 344 4571 anni
381 4513 505 4578 586,
536 4513 587 4568 in
611 4527 712 4583 qua
739 4523 862 4566 octo
902 4509 972 4566 ab
1009 4508 1092 4566 his
1129 4507 1368 4562 diversos
1396 4504 1578 4559 habuit
1602 4516 1813 4558 sermo-

219 4622 352 4673 nes;
395 4620 574 4675 neque
609 4603 735 4659 anni
779 4603 906 4670 587,
937 4616 1096 4672 quam
1145 4614 1280 4671 pene
1320 4607 1482 4654 totam
1525 4596 1580 4651 in
1623 4593 1815 4667 deplo~

221 4697 389 4755 randa
433 4696 884 4752 Antiochenorum
911 4692 980 4749 ob
1007 4706 1224 4748 eversas
1263 4699 1466 4746 statuas
1511 4685 1816 4744 calamitate

219 4791 406 4847 absum
416 4789 537 4862 psit.

292 4883 456 4940 Certo
480 4890 688 4940 constat
715 4881 878 4939 etiam
909 4879 1105 4936 multas
1132 4879 1264 4934 alias
1293 4876 1491 4934 diversi
1516 4873 1819 4948 argumenti

222 4975 478 5033 habuisse
517 4974 766 5030 homilias
802 4971 1242 5046 Chrysostomum
1277 4968 1582 5024 intermisso
1605 4965 1822 5023 concio-

221 5085 354 5128 num
385 5069 439 5124 in
458 5067 708 5126 Genesim
734 5083 916 5134 cursu,
943 5073 1000 5120 ut
1033 5064 1085 5119 in
1112 5078 1303 5133 magna
1326 5070 1382 5117 et
1405 5069 1588 5116 sancta
1617 5057 1821 5114 hebdo-

221 5159 382 5218 mada
409 5159 478 5217 de
499 5159 633 5216 Juda
659 5158 950 5230 proditore,
973 5157 1026 5211 in
1048 5153 1306 5210 Paschate
1325 5161 1510 5208 contra
1541 5151 1818 5218 Ebriosos,

223 5262 350 5325 post
397 5253 602 5308 Pascha
643 5250 891 5306 homilias
932 5248 1168 5320 quinque
1210 5248 1264 5300 in
1304 5243 1631 5314 Principium
1659 5243 1823 5299 Acto-

222 5363 370 5410 rum.
395 5357 452 5403 et
479 5344 726 5402 homilias
743 5351 973 5416 quatuor
989 5342 1058 5398 de
1077 5341 1366 5398 Mutatioue
1387 5338 1683 5393 nominum.
1703 5335 1822 5392 Una

222 5455 360 5494 vero
393 5437 535 5494 serie
577 5436 827 5493 homilias
871 5435 1084 5508 triginta
1117 5431 1252 5488 duas
1284 5431 1338 5486 in
1363 5428 1776 5500 Quadragesima
1803 5443 1821 5484 :

223 5537 268 5590 si
301 5533 528 5590 alterius
560 5530 858 5603 argumenti
886 5527 1119 5584 homilia:
1147 5525 1408 5597 quaepiam
1441 5523 1581 5578 hune
1607 5537 1825 5578 cursum

225 5625 720 5696 interpellaverint,
751 5637 828 5679 etc
851 5621 960 5692 jam
988 5634 1094 5675 non
1122 5625 1348 5674 exstant.
1381 5616 1571 5688 Opera:
1600 5615 1828 5685 pretium

225 5729 408 5777 autem
444 5717 607 5774 fuerit
636 5717 846 5772 illarum
874 5729 974 5786 per
991 5711 1460 5784 Quadragesimam
1490 5708 1829 5766 homiliarum

225 5813 494 5882 ordinem,
523 5819 578 5867 et
617 5816 815 5880 quanto
847 5806 1030 5879 elapso
1058 5803 1313 5877 temporis
1347 5804 1518 5876 spatio
1545 5804 1644 5860 alia
1666 5799 1824 5862 aliam

1883 918 1937 966 ct
1963 919 2149 982 quarta
2175 929 2189 967 :
2219 909 2303 966 hac
2325 912 2666 966 continenter
2689 909 2910 981 singulis
2937 908 3124 965 diebus
3149 909 3303 967 dictae
3329 917 3474 966 sunt.

1884 1001 2150 1058 lncertuln
2178 1018 2303 1060 vero
2332 1011 2434 1070 est,
2465 1011 2640 1058 utrum
2689 1001 2830 1060 inter
2869 1009 3112 1072 quartam
3151 1010 3204 1058 et
3237 1004 3477 1074 quintam

1885 1092 2158 1150 homiliam
2200 1094 2377 1166 aliqua
2415 1093 2533 1150 dies
2578 1093 2964 1158 intercesserit,
2991 1100 3084 1147 aut
3105 1093 3360 1148 concione
3385 1109 3480 1149 va-

1885 1202 2006 1254 cua,
2037 1197 2128 1244 aut
2159 1187 2227 1242 ad
2263 1186 2408 1242 aliud
2437 1185 2792 1244 concionandi
2816 1195 3186 1258 argumentum
3207 1186 3479 1256 deputata.

1887 1277 1959 1336 Ut
1985 1287 2044 1334 ut
2069 1286 2172 1345 est,
2203 1279 2408 1350 quinta,
2438 1287 2614 1345 sexta,
2647 1278 2897 1348 septima,
2927 1286 3115 1334 octava
3139 1285 3194 1334 et
3219 1293 3357 1333 nona
3383 1277 3483 1333 ho-

1887 1373 2050 1429 miliae
2073 1375 2410 1430 continenter
2435 1372 2660 1444 singulis
2701 1371 2804 1428 sibi
2849 1371 3258 1428 succedentibus
3295 1370 3486 1428 diebus

1889 1463 2048 1523 dictae
2077 1474 2222 1533 sunt,
2257 1466 2450 1536 partim
2478 1463 2532 1519 in
2563 1465 2752 1535 prima,
2785 1463 3054 1534 partimin
3081 1463 3311 1520 secunda
3341 1461 3486 1531 Qua-

1889 1558 2206 1630 dragesima:
2260 1557 2596 1614 hebdomade
2636 1574 2650 1610 :
2693 1556 2902 1612 decima
2947 1555 3109 1612 etiam
3154 1555 3208 1613 in
3253 1554 3488 1611 secunda

1890 1651 2226 1710 hebdomade
2252 1659 2344 1706 aut
2374 1651 2502 1708 feria
2527 1651 2711 1722 quinta
2737 1691 2751 1714 ,
2783 1655 2876 1704 aut
2911 1655 3100 1704 sexta:
3127 1646 3405 1704 undecima
3435 1647 3489 1702 in

1891 1743 2112 1801 sabbato
2149 1742 2401 1800 secunda:
2436 1739 2787 1798 hebdomadis
2815 1757 2830 1796 :
2861 1738 3178 1794 duodecima
3208 1737 3383 1793 habita
3409 1745 3493 1794 est

1891 1845 2015 1908 post
2034 1835 2194 1892 aliam
2221 1835 2306 1891 vel
2325 1835 2480 1902 alias,
2506 1849 2626 1905 qua:
2655 1833 2724 1888 ad
2753 1832 3027 1888 diversum
3053 1847 3084 1886 a
3109 1831 3305 1888 Genesi
3333 1845 3494 1902 argu-

1894 1920 2134 1984 mentum
2180 1925 2518 1997 spectabant.
2567 1923 2712 1980 Inter
2766 1922 3141 1979 duodecimam
3185 1935 3399 1994 quoque
3439 1929 3494 1977 et

1897 2019 2162 2075 decimam
2193 2017 2408 2074 tertiam
2431 2016 2517 2071 vel
2547 2030 2684 2070 unus
2705 2014 2793 2071 vel
2825 2015 3006 2084 plures
3029 2013 3146 2070 dies
3172 2015 3494 2069 intercesse-

1899 2117 2046 2166 runt.
2079 2108 2294 2165 Decima
2323 2115 2515 2178 quarta
2548 2105 2690 2162 dicta
2727 2111 2810 2161 est
2845 2103 2934 2160 die
2977 2103 3238 2161 decimam
3286 2103 3497 2160 tertiam

1899 2204 2219 2274 insequente
2256 2218 2270 2256 :
2303 2200 2510 2256 decima
2550 2199 2736 2270 quinta
2774 2196 3022 2254 similiter
3062 2203 3320 2268 sequente
3361 2193 3495 2252 die:

1896 2292 2108 2349 decima
2127 2300 2298 2359 sexta,
2319 2290 2409 2347 die
2439 2290 2565 2346 item
2591 2297 2850 2361 sequente
2873 2305 2887 2342 :
2911 2287 3118 2344 decima
3143 2287 3368 2359 septima
3390 2301 3499 2342 uno

1899 2386 1986 2442 vel
2014 2385 2255 2457 pluribus
2286 2392 2408 2454 post
2431 2382 2694 2438 decimam
2733 2390 2941 2438 sextam
2971 2379 3162 2436 diebus
3194 2399 3207 2435 :
3235 2379 3499 2436 decimam

1899 2479 2180 2550 septimam
2229 2476 2437 2534 decima
2480 2485 2702 2542 octava,
2734 2474 2879 2532 nulla
2917 2474 3005 2530 die
3042 2475 3377 2546 interposita,
3409 2486 3500 2530 sc-

1899 2577 2062 2642 quuta
2109 2577 2225 2635 est;
2273 2567 2480 2624 decima
2521 2580 2662 2622 nona
2701 2581 2769 2621 an
2812 2565 3153 2622 continenter
3201 2563 3381 2620 habita
3431 2563 3504 2620 sit

1900 2661 2212 2732 ignoratur;
2253 2658 2607 2729 similiterque
2644 2657 2937 2730 vigesima,
2982 2671 3142 2727 quam
3179 2655 3370 2712 diebus
3407 2669 3500 2712 sec

1901 2751 2210 2823 quentibus,
2257 2749 2406 2806 nulla
2446 2756 2670 2805 vacante
2710 2747 2838 2815 die,
2878 2754 3206 2817 exceperunt
3247 2746 3504 2818 vigesima

1903 2845 2096 2916 prima,
2123 2843 2380 2914 vigesima
2409 2841 2648 2898 secunda
2671 2882 2686 2908 ,
2723 2839 2980 2912 vigesima
3021 2839 3176 2896 tertia
3195 2881 3210 2907 ,
3243 2839 3500 2910 vigesima

1904 2948 2114 3010 quarta.
2155 2937 2418 3008 Brevique
2448 2934 2767 3006 interposito
2796 2935 2992 3006 spatio,
3021 2932 3290 2988 continuis
3316 2933 3508 2988 diebus

1904 3032 2162 3104 vigesima
2209 3031 2390 3102 quinta
2415 3071 2432 3098 ,
2473 3029 2730 3100 vigesima
2770 3036 2942 3095 sexta,
2971 3026 3228 3098 vigesima
3256 3025 3504 3096 septima,

1907 3126 2164 3198 vigesima
2192 3133 2400 3181 octava.
2446 3121 2718 3194 Vigesima
2755 3135 2896 3176 noua
2938 3135 3006 3175 an
3043 3119 3130 3175 die
3169 3127 3290 3190 post
3311 3119 3507 3190 vigesi-

1905 3232 2050 3274 mam
2077 3225 2320 3272 octavam
2350 3223 2609 3284 sequente
2633 3212 2812 3268 habita
2837 3211 2942 3280 sit,
2991 3211 3284 3281 ignoratur.
3323 3209 3511 3280 Trige-

1909 3310 2044 3364 sima
2087 3323 2208 3362 eum
2254 3321 2502 3377 magnam
2547 3303 2936 3361 hebdomadem
2984 3301 3266 3374 attigisset,
3298 3309 3358 3356 ut
3397 3302 3510 3372 ipse

1909 3400 2327 3472 Chrysostomus
2352 3398 2428 3452 ait
2455 3415 2468 3452 :
2494 3397 2765 3468 trigesima
2811 3393 2980 3466 prima
3023 3401 3080 3449 et
3123 3391 3392 3463 trigesima
3419 3405 3506 3446 se-

1911 3491 2084 3548 cunda
2107 3491 2162 3545 in
2187 3489 2540 3546 hebdomadis
2565 3495 2767 3542 sanctas
2791 3486 3002 3555 diebus,
3026 3485 3116 3557 qui
3141 3483 3328 3540 feriam
3353 3483 3510 3556 quiu-

1915 3592 2022 3639 tam
2053 3583 2106 3638 in
2125 3595 2278 3638 ctena
2313 3581 2522 3635 Domini
2555 3577 2886 3650 praecedunt.

1987 3676 2088 3731 Hic
2134 3676 2293 3746 longo
2343 3673 2600 3743 temporis
2640 3673 2815 3743 spatio
2859 3670 3116 3728 llomilias
3159 3670 3212 3724 in
3258 3667 3509 3725 Genesim

1914 3769 2329 3840 Chrysostomus
2356 3765 2661 3836 intercepit,
2691 3779 2755 3819 ae
2784 3763 2914 3819 feria
2943 3763 3125 3834 quinta
3154 3762 3210 3817 in
3233 3775 3386 3816 cmna
3416 3760 3512 3814 Do-

1915 3863 2047 3917 mini
2087 3859 2156 3916 de
2197 3859 2334 3916 Juda
2377 3858 2650 3930 proditore
2689 3857 2943 3927 loquutus
2972 3863 3075 3921 est,
3107 3862 3160 3910 et
3189 3852 3320 3908 feria
3359 3861 3511 3908 sexta

1916 3955 2190 4012 homiliam
2227 3953 2296 4008 de
2333 3951 2525 4018 Cruce,
2551 3961 2712 4022 atque
2737 3950 2790 4006 in
2816 3951 2902 4004 die
2927 3957 3113 4004 sancto
3140 3946 3360 4002 Pascha:
3385 3961 3516 4001 con-

1915 4049 2127 4104 cionem
2165 4053 2352 4102 contra
2395 4043 2654 4100 Ebriosos
2695 4049 2751 4097 et
2788 4040 2856 4096 de
2903 4039 3348 4104 Resurrectione;
3393 4046 3515 4109 post

1918 4141 2124 4199 Pascha
2165 4147 2342 4194 autem
2385 4136 2644 4194 Homilies
2671 4135 2722 4189 in
2748 4133 3078 4204 Principium
3110 4135 3364 4188 Actorum
3394 4149 3408 4185 :
3441 4131 3514 4185 ita

1920 4243 1979 4290 ut
2007 4231 2340 4288 intermissas
2372 4227 2424 4280 in
2450 4226 2701 4282 Genesim
2731 4224 2978 4278 homilias
3007 4231 3126 4294 post
3154 4224 3510 4278 Pentecosten

1921 4334 2125 4382 tantum
2143 4321 2513 4391 resumpserit.
2532 4319 2589 4374 ln
2619 4318 2883 4390 principio
2907 4317 3052 4372 enim
3083 4316 3317 4372 homiliae
3347 4317 3511 4386 trige-

1919 4419 2070 4472 simae
2095 4413 2266 4472 tertiae
2295 4427 2356 4468 se
2393 4428 2424 4467 a
2459 4410 2628 4467 multo
2665 4411 2777 4482 jam
2823 4419 3065 4480 tempore
3103 4423 3320 4464 cursum
3363 4406 3515 4462 illum

1921 4509 2274 4568 intermisisse
2301 4507 2450 4564 dicit.
2501 4507 2630 4562 Post
2659 4503 2984 4576 trigesimam
3011 4501 3220 4558 tertiam
3249 4500 3518 4573 trigesima

1922 4611 2108 4676 quarta
2133 4600 2434 4671 insequenti
2460 4597 2549 4654 die
2567 4597 2712 4653 dicta
2736 4595 2851 4663 fuit,
2877 4603 2933 4650 et
2961 4593 3219 4664 postridie
3247 4591 3518 4662 trigesima

1922 4697 2108 4767 quinta
2149 4709 2166 4747 :
2213 4691 2352 4748 hanc
2389 4691 2727 4748 continenter
2767 4686 3096 4756 subsequuta
3131 4693 3217 4740 est
3251 4684 3520 4756 trigesima

1924 4797 2094 4854 sexta,
2119 4801 2278 4858 quam
2297 4785 2508 4856 excepit
2535 4781 2806 4854 trigesima
2832 4781 3080 4850 septima.
3110 4777 3168 4833 In
3197 4778 3370 4834 triduo
3395 4790 3524 4832 eon-

1926 4881 2160 4936 tiuenter
2182 4877 2276 4945 58,
2303 4876 2392 4943 59,
2416 4885 2472 4931 et
2496 4875 2567 4930 40
2595 4873 2790 4929 habitae
2813 4880 2954 4927 sunt.
2986 4872 3114 4927 Post
3139 4870 3341 4941 aliquot
3361 4868 3524 4925 inter-

1928 4974 2130 5045 positos
2155 4971 2274 5027 dies
2292 4965 2752 5040 quadragesimam
2776 4964 3002 5034 primam
3024 4961 3274 5018 habuisse
3293 4961 3521 5015 videtur.

1931 5066 2098 5121 Biduo
2138 5071 2318 5118 autem
2359 5057 2607 5130 sequenti
2646 5056 3109 5128 quadragesimam
3149 5051 3442 5109 secundam
3469 5056 3524 5104 et

1930 5153 2394 5229 quadragesimam
2437 5149 2668 5206 tertiam.
2719 5147 2912 5204 Postea
2951 5161 3080 5203 vero
3119 5143 3434 5200 concionem
3457 5139 3525 5196 de

1932 5246 2266 5304 Samaritana
2297 5241 2504 5307 habuit,
2533 5255 2605 5312 ac,
2627 5237 2856 5294 subinde
2879 5236 3339 5308 quadragesimam
3366 5245 3525 5301 quar-

1935 5351 2040 5394 tam
2081 5339 2132 5392 in
2175 5334 2428 5394 Genesim
2464 5317 2838 5404 pronuntiavit,
2858 5338 2913 5386 et
2934 5326 3094 5400 paulo
3115 5332 3238 5394 post
3254 5323 3530 5380 continen-

1937 5442 2018 5490 ter
2044 5431 2114 5488 45
2136 5471 2152 5500 ,
2182 5428 2287 5496 46,
2327 5429 2398 5486 47
2427 5435 2484 5484 et
2517 5425 2609 5493 48,
2641 5424 2886 5481 similiter
2917 5421 2988 5478 49
3016 5430 3071 5476 et
3107 5417 3206 5484 50;
3237 5425 3292 5473 et
3329 5416 3536 5487 aliquot

1938 5534 2121 5597 postea
2175 5521 2365 5579 diebus
2411 5517 2903 5592 quinquagesimam
2948 5513 3169 5584 primam
3202 5527 3214 5564 :
3247 5525 3533 5567 numerum

1938 5631 2137 5673 auxere
2161 5613 2324 5670 biduo
2351 5612 2594 5684 sequenti
2623 5609 2694 5666 52
2721 5617 2775 5664 et
2801 5606 2892 5663 55.

2009 5705 2514 5778 Quinquagesimam
2537 5709 2779 5774 quartam
2801 5695 2979 5752 emisit
2998 5703 3279 5767 postquam
3307 5693 3375 5752 de
3393 5693 3536 5752 Cou-

1932 5785 2192 5866 ‘vcrsione
2235 5799 2406 5859 sancti
2447 5794 2677 5854 Matthxi
2705 5791 3020 5849 concionem
3048 5788 3306 5848 habuerat
3337 5801 3535 5856 :quam
