3948 6424
486 282 586 339 ίῖιξ)

478 405 789 465 concionem
828 408 1067 473 sequuta:
1106 405 1231 453 sunt
1259 396 1347 459 55,
1386 395 1491 463 56,
1532 394 1600 450 57
1635 402 1690 450 et
1725 392 1813 450 58.
1858 392 2069 449 Seriem

480 497 763 566 intercepit
795 492 984 549 concio
1012 489 1079 545 de
1105 485 1585 545 Observationibus
1614 483 1873 555 legalibus
1893 525 1909 550 ,
1949 487 2072 553 post

481 605 638 664 quam
662 587 749 665 die
770 584 1008 654 sequenti
1032 578 1521 652 quinquagesimum
1544 591 1737 630 nonam
1758 574 1911 629 dixit.
1946 573 2072 627 Pau-

479 681 526 738 lo
545 690 672 751 post
693 686 867 732 autem
891 673 981 741 60,
1016 672 1106 737 6i,
1139 669 1230 735 62,
1264 667 1618 738 pronuntiavit
1638 707 1654 733 ,
1685 679 1841 735 quam
1868 671 2072 734 postre-

480 786 620 828 mam
652 770 741 826 dic
777 766 1022 839 sequenti
1048 763 1379 834 sexagesima
1416 761 1586 825 tertia,
1622 766 1841 829 sequuta
1868 755 1987 822 fuit,
2017 764 2072 811 et

481 861 637 935 paulo
651 856 1126 931 postseaxgesima
1140 861 1349 924 quarta,
1380 860 1433 905 et
1459 848 1713 921 postridie
1738 848 2069 917 sexagesima

481 951 684 1023 quinta,
715 952 878 1022 paulo
904 959 1028 1021 post
1051 946 1379 1017 sexagesima
1427 951 1598 1007 sexta,
1644 941 1781 996 inter
1813 955 1973 1011 quam
2015 947 2070 995 et

479 1042 866 1114 sexagesimam
922 1039 1201 1110 septimam
1246 1036 1444 1106 aliquid
1496 1035 1651 1105 spatii
1702 1032 2069 1089 intercessisse

477 1136 708 1190 videtur.
757 1133 951 1204 Sicque
990 1143 1177 1187 omnes
1213 1128 1268 1184 in
1315 1126 1568 1184 Geuesim
1609 1124 1894 1181 conciones
1924 1137 2070 1179 eom-

475 1227 633 1298 pletae
663 1223 894 1279 fuerunt.

552 1316 735 1389 Stylus
759 1312 1125 1386 Chrysosmmi
1152 1311 1205 1365 in
1238 1309 1319 1364 his
1348 1308 1581 1363 homiliis
1604 1306 1785 1363 nescio
1814 1305 1940 1378 quid
1966 1319 2067 1360 no—

479 1410 532 1465 vi
565 1424 674 1481 prce
698 1422 757 1463 se
784 1406 903 1462 fert.
934 1406 1011 1460 De
1040 1404 1123 1459 his
1149 1402 1383 1458 homiliis
1408 1401 1633 1472 loquens
1658 1399 1879 1455 Photius
1894 1397 2068 1453 aithic

480 1500 750 1559 observari
770 1507 1079 1555 consuetam
1111 1494 1478 1568 Chrysostonii
1512 1493 1828 1556 claritatem,
1862 1490 2067 1561 purita-

478 1602 607 1660 tem,
626 1590 961 1662 splendorem
988 1597 1041 1645 et
1066 1588 1272 1657 copiam
1294 1585 1525 1651 dicendi,
1553 1584 1934 1641 sententiarum
1958 1582 2066 1637 fre-

474 1684 741 1755 quentiam
758 1690 811 1736 et
831 1681 1222 1751 aptissimarum
1236 1677 1639 1732 similitudinum
1664 1674 2062 1739 abundantiam;

479 1774 577 1829 sed
597 1787 686 1828 eas
706 1771 1010 1828 remissiore
1023 1776 1077 1824 et
1091 1768 1373 1822 humiliore
1383 1765 1592 1822 dicendi
1608 1780 1803 1836 genere
1816 1765 2063 1835 scriptas,

478 1875 788 1935 tantumque
812 1862 1055 1919 Homiliis
1081 1876 1174 1917 seu
1195 1860 1610 1915 Commentariis
1641 1860 1692 1914 in
1744 1858 1876 1914 Acta
1923 1858 2065 1928 style

475 1957 759 2013 inferiores
787 1970 928 2021 esse,
956 1964 1212 2025 quantum
1262 1954 1351 2008 illa
1400 1954 1453 2007 in
1483 1953 1616 2007 Acta
1670 1951 2063 2007 Commentaria

472 2050 726 2108 inferiora
748 2058 872 2105 sunt
893 2047 1304 2103 Commentariis
1332 2046 1384 2099 in
1403 2045 1670 2115 Epistolas
1706 2044 1851 2098 Pauli
1901 2051 1956 2097 et
2009 2042 2063 2097 in

473 2142 816 2202 Psalterium.
844 2140 922 2195 Ac
950 2154 1135 2195 revera
1168 2138 1250 2191 ha:
1281 2138 1600 2202 conciones,
1650 2136 1775 2191 licet
1816 2148 2064 2204 magnam

472 2235 771 2291 ubertatem
793 2241 952 2303 atque
976 2231 1186 2287 solitam
1208 2228 1576 2301 Chrysostomi
1604 2227 1924 2283 inventionis
1946 2225 2065 2284 feli-

472 2327 689 2382 citatem
719 2340 829 2396 pra:
850 2340 908 2379 se
931 2322 1121 2390 ferant,
1153 2337 1259 2377 non
1290 2332 1467 2376 tamen
1499 2322 1611 2391 pari
1638 2321 1814 2376 studio
1837 2320 1919 2375 vel
1968 2334 2063 2374 ac—

472 2419 749 2473 curatione
776 2416 1107 2472 concinnata:
1135 2413 1403 2469 videntur.
1437 2414 1533 2467 llic
1552 2426 1696 2482 saepe
1725 2412 2062 2467 animadvero

472 2522 552 2568 tas
580 2510 917 2581 longissimas
946 2508 1052 2564 texi
1078 2507 1345 2578 periodos,
1379 2521 1497 2577 qua:
1540 2506 1893 2575 parentheses
1932 2503 2064 2558 alias

472 2615 634 2671 super
649 2601 781 2655 alias
802 2608 907 2655 tam
939 2597 1245 2668 frequenter
1265 2595 1571 2661 exhibeant,
1603 2605 1662 2650 ut
1688 2594 1935 2665 principii
1961 2594 2062 2648 ob-

470 2694 594 2748 litus
645 2698 845 2755 orator,
905 2689 1222 2745 sententiam
1271 2685 1635 2756 imperfectam
1675 2685 1958 2754 relinquat,
2011 2692 2066 2739 et

470 2784 755 2855 aliquando
803 2781 1023 2838 verbum
1064 2779 1133 2835 ad
1154 2779 1383 2833 ordinem
1426 2776 1790 2834 necessarium
1843 2783 2063 2845 praeter-

470 2877 663 2930 mittat.
696 2873 878 2944 Neque
905 2886 1034 2927 vero
1052 2870 1105 2925 id
1131 2870 1325 2924 mirum
1351 2869 1445 2923 tibi
1473 2866 1735 2932 videatur,
1758 2867 1803 2921 si
1835 2880 2064 2936 perpen-

472 2970 588 3036 das,
611 2965 860 3037 periodos
882 2965 1002 3020 illas
1023 2961 1310 3035 aliquando
1355 2963 1426 3016 ita
1474 2960 1711 3027 extendi,
1763 2962 1849 3014 vix
1895 2968 1953 3013 ut
2007 2958 2059 3013 in

471 3060 662 3131 pagina
690 3071 794 3111 una
820 3055 1185 3111 absolvantur.
1223 3053 1357 3110 llinc
1408 3051 1607 3108 inferas
1649 3062 1918 3108 oratorem
1959 3065 2060 3106 no-

470 3160 639 3207 strum
692 3149 806 3204 htec
849 3147 1286 3212 concionantem,
1315 3160 1425 3200 non
1451 3143 1522 3199 ita
1562 3158 1776 3215 semper
1820 3150 2061 3212 paratum

474 3244 890 3313 meditatumque
913 3239 980 3295 ad
1004 3239 1317 3295 concionem
1369 3237 1599 3302 venisse,
1650 3234 1748 3290 sed
1793 3234 1959 3289 multa
1993 3246 2059 3287 ex

471 3349 710 3408 tempore
728 3344 788 3390 ut
803 3332 969 3389 menti
998 3346 1119 3388 sese
1134 3330 1431 3387 offerebant
1445 3329 1664 3385 dixisse.
1922 3382 1925 3387 λ

538 3428 596 3483 Si
625 3441 838 3482 causam
866 3439 1029 3495 porro
1056 3437 1286 3493 quaeras,
1332 3421 1633 3492 perpendas
1675 3421 1836 3476 velim
1884 3422 2057 3491 ipsum

472 3521 526 3574 in
561 3517 666 3572 hac
688 3515 1108 3585 Quadragesima
1143 3514 1212 3568 ad
1249 3528 1419 3583 usque
1467 3512 1819 3569 hebdomadis
1862 3522 2060 3569 sancta:

471 3608 774 3672 dimidium,
807 3622 912 3660 non
932 3605 1091 3659 modo
1109 3604 1223 3659 illas
1253 3604 1473 3674 triginta
1495 3603 1627 3658 duas
1650 3609 1855 3673 priores
1886 3604 2059 3659 homi-

469 3703 571 3758 lias
591 3700 864 3767 habuisse,
893 3696 987 3754 sed
1014 3698 1176 3752 etiam
1211 3696 1344 3751 alias
1369 3696 1658 3751 identidem
1711 3706 2054 3765 memoratas,

471 3809 590 3863 qua:
611 3791 868 3848 suadente
887 3791 1135 3861 quapiam
1164 3788 1422 3858 temporis
1470 3789 1755 3843 occasione
1798 3788 2055 3843 llomilia-

470 3900 588 3942 rum
611 3887 663 3940 in
694 3882 944 3940 Geuesim
971 3897 1187 3939 cursum
1237 3880 1667 3951 interpellabant,
1721 3889 1774 3937 et
1828 3881 2058 3937 fortasse

466 3980 600 4033 alias
619 3992 830 4048 quoque
856 3975 1056 4031 dixisse
1076 3975 1144 4029 ab
1167 3990 1225 4030 se
1246 3989 1355 4029 non
1384 3986 1854 4043 commemoratas,
1887 3976 1958 4031 ita
2000 3985 2058 4033 ut
2104 3996 2111 4003 ·

469 4069 705 4140 quotidie
726 4067 912 4134 ferme,
936 4076 990 4123 et
1015 4066 1229 4136 quidem
1258 4067 1567 4137 longissime
1591 4067 1940 4124 concionatus
1966 4069 2053 4124 sit.

470 4159 526 4216 Id
554 4167 732 4216 autem
762 4159 931 4214 a'viro
948 4159 1245 4230 prmsertim
1271 4160 1360 4230 qui
1379 4174 1474 4230 per
1500 4167 1667 4214 totum
1697 4175 1894 4215 annum
1921 4175 2054 4216 con-

466 4253 714 4310 cionandi
741 4252 974 4308 officium
1002 4249 1413 4323 exsequebatur,
1452 4266 1561 4307 non
1607 4268 1766 4323 posse
1809 4253 1926 4309 sine
1956 4269 2055 4308 ex-

466 4344 747 4416 temporali
803 4344 1191 4400 declamatione
1239 4343 1528 4399 identidem
1592 4346 1782 4401 saltem
1830 4346 2054 4417 repetita

467 4435 729 4506 praestari,
755 4434 1016 4490 fateamur
1038 4450 1263 4490 necesse
1286 4442 1387 4492 est.
1413 4434 1469 4489 In
1492 4437 1843 4507 extemporali
1874 4446 2052 4493 autem

464 4525 877 4591 declamatione,
910 4525 999 4579 ubi
1025 4525 1296 4595 ingenium
1316 4534 1465 4580 tanta
1492 4526 1698 4595 pollens
1724 4528 2051 4597 inventione,

470 4629 604 4669 nova
627 4626 844 4685 semper
862 4617 1061 4670 oratori
1082 4615 1407 4686 suppeditat,
1435 4616 1563 4686 quid
1593 4617 1786 4672 mirum
1816 4621 1861 4675 si
1912 4620 2053 4675 non-

467 4702 757 4778 numquam
777 4715 961 4762 emitra
984 4709 1368 4779 praeeeptiones
1384 4712 1757 4780 grammaticas
1779 4719 2050 4784 peccetur,

462 4801 562 4856 etsi
592 4801 768 4855 minor
794 4802 1010 4873 ἀκρίϐεια
1029 4802 1085 4856 in
1105 4804 1317 4873 syntaxi
1337 4811 1602 4858 occurrat.

542 4900 790 4957 Diximus
825 4900 1281 4974 Chrysostomum
1338 4901 1700 4959 Homiliarum
1762 4904 1818 4960 in
1871 4905 2050 4963 Gene-

462 5007 567 5046 sun
622 5004 848 5046 enrsum
898 4990 1261 5062 intercepisse
1299 4992 1388 5061 (T.
1437 4995 1490 5049 2.
1525 5012 1575 5049 c.
1615 4994 1762 5067 57f),
1817 5003 1878 5049 ut
1912 4996 2048 5051 feria

463 5084 658 5156 quinta
716 5083 773 5138 in
831 5081 1003 5138 Coena
1054 5082 1269 5139 Domini
1304 5085 1373 5141 de
1402 5084 1542 5142 Juda
1592 5086 1871 5157 proditore
1928 5102 2051 5159 age-

462 5185 571 5233 ret.
602 5175 897 5231 Homiliam
943 5190 1074 5232 vero
1103 5176 1173 5233 de
1193 5176 1336 5233 Juda
1365 5179 1649 5249 proditore
1679 5178 1891 5250 aliquot
1921 5186 2050 5236 ante

464 5283 659 5335 annos,
703 5272 765 5322 ut
820 5265 1050 5324 credere
1081 5276 1189 5335 est,
1237 5269 1351 5340 jam
1401 5268 1690 5335 habuerat,
1743 5271 1837 5327 sed
1898 5269 2049 5327 illam

465 5361 1153 5434 retraetavit,initiumque
1181 5363 1438 5423 mutavit,
1462 5372 1515 5417 et
1537 5364 1786 5433 quadam
1818 5364 2047 5427 addidit,

464 5458 525 5504 ut
552 5467 671 5507 eam
702 5452 841 5509 l‘eria
867 5455 1057 5525 quinta
1098 5454 1154 5509 in
1193 5452 1361 5509 Carna
1392 5451 1608 5506 Domini
1636 5453 1865 5519 diceret,
1900 5454 2047 5524 quod

465 5541 627 5596 etiam
663 5543 718 5596 in
743 5545 867 5599 aliis
896 5545 1141 5602 homiliis
1166 5544 1365 5602 fecisse
1388 5545 1834 5614 deprehenditur.
1870 5546 2047 5602 Occa-

469 5634 627 5691 sione
646 5634 974 5705 proditionis
996 5638 1155 5695 Iudae
1184 5639 1338 5703 dicit,
1374 5654 1482 5693 non
1510 5638 1838 5694 necessitate
1866 5638 2044 5694 homi-

467 5738 589 5780 nem
623 5724 692 5779 ad
722 5723 925 5780 bonum
962 5728 1229 5798 pertrahi,
1266 5729 1555 5801 ipsumque
1584 5742 1650 5784 ex
1689 5729 1861 5786 libero
1901 5730 2044 5786 arbi-

1538 281 1594 338 S.
1633 278 1911 337 JOANNIS
1949 276 2423 335 CllBYSOSTOMI
2461 278 2642 345 VlTA,

3657 277 3762 335 140

2185 393 2292 448 trio
2335 393 2419 448 vel
2471 392 2676 448 bonum
2719 392 2805 450 vel
2841 393 3044 449 malum
3079 393 3316 465 deligere
3346 399 3401 450 et
3426 402 3765 465 perpetrare.

2246 483 2400 552 Quod
2417 483 2470 538 in
2484 483 2705 539 homilia
2724 484 2826 542 del
2835 486 2940 541 uda
2958 485 3238 557 proditore
3252 485 3766 552 animadvertimus,

2180 571 2409 643 idipsum
2432 572 2883 644 deprehendimus
2904 590 2958 629 ιιι
2984 575 3244 632 concione
3269 577 3336 633 de
3362 574 3535 635 Cruce
3555 594 3623 636 ac
3664 580 3767 637 La-

2178 673 2497 737 trone,quac
2544 665 2598 721 in
2644 666 2735 722 die
2785 667 3109 724 Parasceves
3157 668 3340 727 habita
3384 670 3518 739 fuit;
3571 689 3768 746 nempe

2176 754 2644 827 Chrysostomum,
2671 773 2832 829 quam
2884 759 3089 830 aliquot
3122 769 3247 816 ante
3299 776 3472 818 annos
3516 763 3767 822 habuisse

2174 847 2406 917 videtur,
2435 850 2679 905 eamdem
2705 852 2956 907 secundis
2978 853 3121 908 curis
3162 856 3516 925 recognitam,
3568 864 3627 911 et
3646 858 3771 929 qui.

2175 938 2400 995 busdam
2428 940 2482 994 in
2509 941 2658 1006 locis,
2689 942 2741 996 in
2774 942 3035 1013 principio
3066 944 3301 1001 maxime
3339 954 3624 1013 mutatam,
3677 962 3774 1004 eo-

2173 1028 2300 1085 dem
2325 1040 2631 1087 recurrente
2661 1031 2751 1088 die
2776 1032 3107 1090 Parasceves
3139 1035 3333 1091 iterum
3363 1039 3771 1107 pronuntiasse.

2172 1123 2293 1180 Non
2320 1126 2489 1181 series
2518 1125 2680 1181 modo
2707 1127 2894 1182 eadem
2921 1136 3025 1196 est,
3055 1128 3148 1183 sed
3165 1129 3325 1183 etiam
3354 1131 3513 1186 verba
3535 1131 3775 1201 plerum-

2174 1232 2316 1287 que;
2354 1228 2513 1289 atque
2537 1218 2831 1290 Scriptura:
2873 1219 2990 1276 loca
3037 1222 3228 1276 eodem
3271 1223 3389 1293 ipso
3433 1224 3489 1279 in
3543 1233 3774 1297 utraque

2175 1307 2363 1364 ordine
2397 1309 2658 1365 locantur.
2687 1311 2817 1379 Qum
2846 1311 3009 1381 prior,
3041 1327 3159 1384 quae
3188 1314 3452 1384 posterior
3477 1314 3623 1371 dicta
3655 1316 3772 1373 fue-

2175 1401 2264 1465 rit,
2290 1416 2398 1455 non
2432 1400 2501 1454 ita
2529 1400 2684 1456 facile
2710 1411 2792 1458 est
2834 1402 3262 1471 deprehendere.
3295 1404 3492 1462 Verum
3546 1424 3617 1463 ex
3663 1409 3728 1463 iis
3752 1450 3767 1475 ,

2173 1506 2293 1562 quae
2311 1506 2459 1545 num.
2483 1493 2517 1547 5
2545 1492 2596 1547 in
2623 1502 2849 1563 utraque
2874 1492 3145 1560 dicuntur,
3174 1496 3374 1566 aliquid
3401 1497 3535 1553 lucis
3556 1497 3624 1552 ad
3655 1514 3767 1556 rem

2172 1582 2542 1638 excutiendam
2564 1583 2786 1640 ali‘ertur
2808 1603 2821 1640 :
2841 1600 2965 1640 nam
2983 1586 3035 1639 in
3055 1587 3251 1656 priore,
3270 1589 3420 1659 cujus
3440 1589 3650 1645 initium
3667 1601 3764 1659 est,

2174 1676 2324 1730 hodie
2338 1673 2590 1744 Christus,
2614 1677 2692 1732 sic
2715 1677 2907 1748 legitur
2932 1695 2947 1734 :
2981 1677 3245 1733 Imitemur
3264 1680 3432 1750 itaque
3458 1690 3505 1735 et
3536 1699 3631 1737 nos
3658 1682 3767 1739 Do-

2172 1768 2387 1835 minum,
2413 1778 2459 1822 et
2476 1784 2569 1838 pro
2595 1768 2813 1823 inimicis
2841 1785 3138 1838 precemur:
3164 1772 3391 1824 eamdem
3413 1774 3550 1826 enim
3579 1775 3765 1828 cohor-

2171 1862 2409 1915 tationem
2435 1878 2657 1915 resumo.
2694 1860 2816 1915 lam
2842 1863 3015 1933 quinto
3042 1863 3123 1917 die
3146 1863 3284 1917 vobis
3308 1864 3372 1918 de
3401 1866 3581 1919 cedent
3607 1884 3765 1937 argu-

2170 1964 2335 2007 mento
2376 1954 2589 2007 dissero.
2632 1953 2763 2021 Quae
2804 1970 2931 2009 vero
2956 1954 3223 2025 posterior
3248 1955 3453 2010 locatur
3473 1958 3551 2010 sic
3575 1956 3763 2013 habet:

2169 2043 2438 2098 Imitemur
2465 2054 2511 2099 et
2534 2061 2624 2098 nos
2652 2044 2950 2113 Dominum,
3000 2055 3047 2099 et
3096 2062 3190 2116 pro
3218 2046 3434 2102 inimicis
3479 2065 3762 2119 precemur.

2173 2135 2301 2201 Qua:
2327 2137 2434 2190 heri
2465 2137 2659 2199 monui,
2689 2136 2977 2190 earumdem
2993 2146 3038 2189 et
3062 2154 3195 2191 nunc
3215 2141 3634 2210 commonefacit),
3663 2143 3761 2195 sci-

2170 2242 2257 2281 ens
2285 2226 2522 2296 praeclari
2551 2229 2673 2299 facti
2707 2227 3131 2298 magnitudinem.
3157 2228 3286 2284 lude
3312 2244 3441 2285 vero
3493 2231 3760 2302 liquidum

2170 2333 2290 2372 esse
2310 2318 2544 2386 videtur,
2566 2320 2919 2388 posteriorem
2937 2335 3055 2375 eam
3077 2336 3218 2387 esse,
3259 2338 3380 2393 qum
3408 2332 3528 2393 post
3581 2324 3764 2380 llomi-

2172 2409 2270 2464 lias
2297 2411 2347 2462 in
2372 2409 2623 2465 Genesim
2646 2412 3132 2483 inQuadragesima
3163 2414 3371 2468 habitas
3401 2415 3487 2469 die
3510 2415 3762 2473 Parasee-

2172 2517 2264 2556 ves
2284 2501 2426 2557 dicta
2444 2501 2541 2557 fuit
2568 2519 2719 2558 :nam
2742 2506 2791 2558 in
2810 2504 3059 2560 liomiliis
3078 2506 3128 2560 in
3147 2505 3395 2561 Genesim
3419 2507 3508 2575 30,
3545 2509 3637 2574 31,
3672 2509 3760 2576 '59.,

2171 2609 2239 2649 ne
2274 2596 2478 2650 minime
2517 2596 2733 2666 quidem
2756 2597 2823 2653 de
2847 2599 3094 2668 precibus
3138 2614 3236 2668 pro
3278 2599 3511 2655 inimicis
3560 2602 3760 2658 dictum

2170 2685 2291 2753 fuit,
2325 2685 2551 2757 ideoque
2576 2689 2630 2743 in
2663 2699 2932 2758 postrema
2960 2690 3135 2745 locutu
3186 2691 3411 2746 mutavit
3434 2689 3757 2764 Chrysosto-

2168 2789 2308 2841 mus,
2332 2776 2480 2831 etde
2509 2777 2757 2847 precibus
2783 2794 2880 2849 pro
2908 2779 3142 2835 inimicis
3181 2779 3233 2835 in
3284 2781 3502 2836 homilia
3547 2798 3753 2853 pra-ce-

2166 2864 2313 2920 denti
2343 2866 2410 2920 de
2429 2866 2565 2922 Juda
2586 2869 2858 2940 proditore
2889 2879 3092 2926 tantum
3116 2870 3373 2942 loquitur.
3399 2870 3531 2928 Vide
3564 2873 3616 2927 in
3649 2873 3764 2928 llo-

2168 2958 2281 3014 nito
2306 2959 2372 3014 ad
2398 2958 2540 3015 hanc
2569 2962 2844 3017 homiliam
2874 2962 2936 3017 T.
2965 2962 3021 3031 2,
3046 2979 3092 3017 c.
3121 2962 3245 3018 597.

2239 3049 2297 3106 lu
2317 3051 2404 3107 die
2429 3051 2857 3112 Resurrectiouis
2879 3056 3095 3112 Domini
3115 3057 3303 3112 eodem
3331 3073 3472 3113 anno
3493 3058 3634 3114 dicta
3664 3060 3761 3115 fuit

2168 3141 2340 3197 llomil
2348 3144 2393 3196 ia
2410 3153 2594 3199 contra
2612 3145 2866 3201 Ebriosos
2881 3147 3018 3203 etde
3035 3145 3441 3203 Resurrectione
3496 3144 3585 3220 (T.
3616 3150 3672 3203 2.
3711 3168 3753 3209 ι’.

2168 3231 2321 3302 417).
2348 3232 2497 3289 lianc
2530 3251 2658 3290 vero
2692 3238 3006 3293 concionem
3030 3238 3108 3293 sic
3151 3250 3411 3294 memorat
3437 3239 3757 3313 Chrysosto-

2164 3341 2283 3381 mus
2308 3326 2525 3383 homilia
2558 3329 2730 3399 prima
2771 3329 2829 3403 (6
2886 3330 3151 3404 Januarii)
3188 3332 3241 3387 in
3283 3332 3614 3403 Principium
3663 3336 3760 3391 Ac-

2166 3425 2366 3484 torum,
2396 3434 2516 3489 quze
2537 3420 2725 3475 eodem
2747 3421 2864 3492 ipso
2890 3436 3032 3478 anno
3057 3424 3218 3493 paulo
3245 3433 3365 3495 post
3410 3425 3615 3480 Pascha
3666 3427 3754 3482 ha-

2164 3509 2272 3564 bita
2297 3508 2416 3577 fuit,
2449 3528 2598 3568 num.
2630 3513 2709 3569 2':
2746 3513 2867 3569 Non
2896 3526 3014 3570 sum
3043 3518 3199 3587 igitur
3224 3518 3411 3573 malum
3437 3520 3645 3585 divitiae,
3672 3523 3757 3575 sat

2164 3600 2459 3672 illegitimus
2485 3621 2659 3658 earum
2684 3622 2804 3661 usus
2831 3617 2904 3661 est
2948 3608 3139 3663 malum
3170 3625 3190 3664 :
3220 3617 3266 3663 et
3312 3610 3439 3664 sicut
3482 3627 3644 3682 nuper
3692 3611 3754 3666 de

2165 3694 2402 3749 ebrietate
2428 3698 2579 3751 verba
2604 3700 2817 3771 faciens,
2839 3716 2941 3754 non
2961 3701 3135 3756 vinum
3180 3703 3518 3767 accusabam;
3572 3705 3756 3775 quippe

2162 3800 2277 3839 cum
2324 3788 2489 3842 omnis
2536 3800 2766 3844 creatura
2809 3791 2907 3847 Dei
2939 3792 3070 3846 bona
3107 3794 3198 3861 sit,
3251 3810 3365 3864 quae
3409 3811 3524 3849 cum
3564 3799 3751 3868 gratia-

2162 3891 2277 3929 rum
2311 3878 2507 3932 actione
2545 3881 2858 3950 percipitur;
2900 3883 2989 3939 sed
3023 3883 3214 3938 malum
3258 3901 3425 3952 usum,
3468 3894 3574 3941 etc.
3627 3886 3753 3955 Quae

2163 3968 2327 4022 verba
2356 3982 2476 4023 cum
2510 3968 2610 4025 hac
2664 3973 2925 4028 concione
2971 3973 3109 4030 mire
3156 3986 3474 4043 consonant,
3519 3978 3755 4031 maxime

2164 4071 2291 4112 vero
2319 4072 2440 4113 cum
2471 4059 2574 4115 hoc
2609 4061 2847 4131 ejusdem
2893 4064 3010 4120 loco
3062 4083 3077 4121 :
3116 4065 3467 4121 Abstineamus
3504 4068 3567 4122 ab
3598 4069 3750 4122 ebrie—

2163 4158 2264 4204 tate
2292 4165 2310 4204 :
2336 4168 2435 4205 non
2457 4152 2571 4206 dico
2601 4154 2715 4221 hoc,
2736 4154 3077 4211 abstineamus
3102 4175 3133 4212 a
3156 4159 3291 4226 vino,
3316 4160 3403 4213 sed
3429 4160 3492 4213 ab
3517 4160 3754 4217 ebrietate

2162 4242 2517 4299 abstineamus.
2554 4245 2673 4301 Non
2707 4249 2877 4302 vinum
2923 4251 3069 4321 eﬂicit
3121 4251 3443 4317 ebrietatem;
3491 4264 3569 4307 est
3621 4256 3750 4307 enim

2160 4333 2261 4388 Dei
2288 4346 2519 4392 creatura
2543 4355 2561 4392 :
2588 4337 2684 4393 Dei
2706 4357 2857 4408 porro
2886 4353 3120 4398 creatura
3142 4344 3270 4399 nihil
3295 4345 3438 4416 eﬁcit
3472 4346 3600 4400 muli
3620 4363 3640 4411 ;
3665 4346 3753 4401 sed

2161 4430 2396 4483 voluntas
2427 4431 2565 4484 mala
2593 4432 2738 4501 eﬂicit
2767 4432 3091 4501 ebrietatem,
3116 4446 3221 4490 etc.
3252 4436 3542 4507 Postquam
3572 4446 3750 4494 autem

2160 4520 2227 4576 de
2253 4536 2380 4577 vero
2405 4522 2593 4593 jejuuii
2622 4540 2721 4580 usu
2741 4534 2795 4580 et
2814 4535 3001 4582 contra
3025 4528 3337 4583 ebrietatem
3368 4529 3625 4600 loquutus
3650 4540 3747 4604 est,

2160 4612 2293 4667 dicit
2317 4615 2515 4669 nullam
2547 4630 2669 4672 esse
2700 4632 3045 4687 personarum
3091 4620 3489 4678 distinctionem
3535 4624 3588 4677 in
3623 4639 3745 4694 par-

2162 4702 2468 4776 ticipatione
2500 4712 2876 4780 mysteriorum
2901 4730 2914 4767 :
2942 4723 3035 4768 aut
3053 4715 3214 4769 etiam
3236 4730 3294 4770 se
3314 4723 3520 4785 septem
3543 4716 3747 4773 dierum

2158 4801 2332 4869 spatio
2348 4801 2586 4871 quotidie
2606 4804 3043 4861 concionaturum
3073 4823 3212 4863 esse.
3243 4808 3298 4863 ln
3323 4808 3423 4863 hac
3445 4825 3607 4880 porro
3625 4825 3747 4866 con-

2158 4893 2313 4949 cione
2329 4893 2810 4967 Manuscriptorum
2842 4914 2945 4969 ope
2964 4900 3165 4956 hiatum
3191 4915 3438 4973 magnum
3465 4905 3745 4960 sarsimus.

2230 5003 2475 5064 Homilia:
2497 5010 2551 5064 in
2582 5007 2905 5082 Principium
2952 5012 3211 5068 Actorum.
3242 5043 3316 5055 -—
3340 5014 3492 5071 Hanc
3536 5019 3749 5074 concio-

2159 5112 2279 5154 nem
2304 5110 2545 5171 sequutm
2571 5113 2696 5158 sunt
2723 5104 2861 5169 alim,
2889 5121 3113 5175 quarum
3140 5105 3369 5164 fortasse
3393 5109 3649 5180 quaedam
3674 5112 3745 5167 in-

2158 5191 2509 5259 terciderunt,
2553 5196 2598 5249 si
2627 5196 2843 5266 quidem
2892 5197 3117 5268 singulis
3162 5198 3355 5255 diebus
3396 5204 3746 5261 concionatus

2156 5283 2225 5335 sit
2247 5281 2331 5351 (T.
2349 5283 2402 5338 5.
2423 5299 2469 5339 c.
2490 5283 2600 5357 63).
2633 5286 2776 5343 Inter
2799 5303 2892 5343 eas
2922 5304 3072 5357 vero,
3091 5305 3223 5360 quas
3236 5292 3394 5361 paulo
3412 5304 3533 5362 post
3547 5293 3745 5350 Pascha

2156 5373 2310 5441 dixit,
2357 5390 2709 5433 numerantur
2734 5379 2980 5435 llomilia:
3011 5381 3062 5435 in
3095 5381 3422 5452 Principium
3464 5385 3745 5453 Actorum,

2154 5479 2272 5535 qua:
2303 5468 2354 5521 in
2387 5468 2533 5537 prius
2562 5470 2722 5525 editis
2747 5470 2906 5542 longo
2944 5473 3223 5527 intervallo
3266 5486 3532 5545 separata:
3571 5490 3742 5544 erant,

2153 5572 2390 5628 quasque
2430 5576 2548 5630 nos,
2578 5562 2694 5633 ipso
2721 5564 3279 5636 Chrysostomoduce,
3303 5570 3647 5627 continenter
3664 5589 3746 5643 po-

2154 5648 2381 5718 suimus,
2396 5661 2453 5706 ut
2469 5654 2578 5723 ipsa
2599 5658 2859 5725 temporis
2877 5666 2931 5713 et
2945 5660 3242 5728 argumenti
3265 5661 3403 5715 ratio
3420 5665 3740 5732 postulabat;

2156 5740 2226 5797 ita
2247 5752 2301 5799 ut
2330 5746 2668 5817 assignarein
2688 5761 2936 5820 promptu
2955 5751 3110 5806 fuerit
3131 5792 3145 5818 ,
3164 5769 3281 5823 qua:
3308 5754 3377 5808 sit
3410 5755 3600 5825 prima,
3627 5772 3735 5828 qua
