3948 6472
251 442 344 501 Idl

243 559 502 627 secunda,
518 575 638 631 qua:
653 561 828 627 tertia,
847 569 950 616 etc.
977 558 1032 615 ld
1050 574 1178 616 vero
1192 560 1336 617 clare
1354 559 1509 617 docet
1526 563 1640 632 ipse
1659 560 1831 631 Chry-

243 660 517 706 sostomus
548 650 683 706 infra
708 652 760 707 in
782 667 865 719 ea,
884 667 1043 720 quam
1070 653 1279 707 tertiam
1322 653 1516 708 ordine
1541 654 1790 724 ponimus
1814 670 1828 708 :

241 742 313 796 ibi
338 743 486 797 enim
518 758 668 797 num.
695 745 719 799 i
751 744 983 815 legitur:
1009 742 1091 798 Eo
1117 746 1176 816 ﬁt
1197 755 1271 810 ut,
1313 758 1434 796 cum
1491 744 1563 797 ad
1595 754 1828 815 quartum

235 835 344 904 iam
371 834 507 889 diem
532 837 895 906 expositionem
942 838 1352 906 produxerimus,
1400 838 1615 893 necdum
1661 847 1830 892 tamen

238 941 394 979 unum
423 927 786 996 expositionem
831 928 1140 996 potuerimus
1193 930 1471 1000 praeterire,
1524 929 1613 984 sed
1659 929 1828 983 adhuc

235 1017 377 1069 circa
427 1014 574 1069 illam
601 1031 875 1071 versemur.
931 1018 999 1072 Et
1028 1019 1185 1088 paulo
1227 1028 1383 1088 post:
1435 1018 1617 1087 Itaque
1661 1020 1826 1090 primo

241 1106 319 1161 {ie
356 1122 461 1160 non
492 1122 599 1160 esse
650 1117 831 1161 temere
875 1110 1248 1179 prtetereundas
1290 1111 1641 1181 inscriptiones
1689 1112 1826 1165 dice-

231 1195 372 1263 bam,
404 1213 506 1268 quo
530 1206 753 1267 tempore
776 1199 976 1253 titulum
1005 1200 1140 1254 cobis
1166 1201 1357 1255 Altaris
1386 1201 1502 1272 legi,
1554 1218 1616 1255 ac
1665 1200 1826 1257 Pauli

232 1290 540 1359 sapientiam
572 1291 879 1346 ostendi.....
907 1291 974 1347 In
1002 1293 1096 1346 hac
1123 1293 1269 1349 desiit
1298 1295 1456 1365 priori
1484 1295 1566 1348 die
1589 1304 1693 1349 tota
1730 1295 1825 1349 do.

231 1383 397 1434 ctrina
423 1397 442 1434 :
473 1390 585 1451 post
626 1383 770 1436 illam
798 1384 1018 1439 secundo
1041 1384 1142 1451 die,
1173 1385 1261 1454 qui
1298 1386 1416 1440 libri
1465 1386 1606 1441 illius
1644 1397 1821 1440 auctor

230 1481 356 1523 esset
380 1472 701 1541 qumsivimus
720 1513 735 1539 ,
765 1484 811 1527 et
834 1475 1113 1530 inuenimus
1148 1474 1242 1530 Dei
1262 1478 1428 1547 gratia
1451 1476 1644 1532 Lucam
1669 1494 1820 1533 evan-

230 1561 467 1631 gelistam
513 1577 534 1616 :
570 1564 837 1632 multisque
874 1567 1011 1620 vobis
1052 1567 1561 1624 demonstrationibus
1609 1586 1716 1623 rem
1763 1570 1817 1623 in

229 1654 508 1721 quaestione
535 1656 750 1725 positam
779 1658 1117 1728 probavimus.
1161 1661 1382 1717 Demum
1410 1665 1604 1719 clarius
1632 1666 1817 1734 paucis

229 1744 601 1815 interpositis:
624 1746 805 1802 Prima
831 1751 987 1821 igitur
1014 1753 1097 1808 die
1120 1753 1183 1809 de
1208 1754 1570 1827 inscriptione;
1593 1759 1816 1811 secunda

227 1849 346 1888 vero
383 1837 450 1889 de
472 1854 530 1891 eo
558 1839 642 1907 qui
671 1841 854 1895 librum
898 1844 1136 1912 scripsit;
1180 1848 1325 1900 tertia
1368 1848 1451 1902 die
1490 1849 1815 1905 disseruimus

226 1929 369 1996 apud
384 1946 493 1995 eos,
518 1932 602 2000 qui
629 1933 955 2001 advenerant,
979 1938 1041 1991 de
1064 1938 1208 1994 initio
1229 1939 1511 2011 Scripturte
1534 1959 1554 1996 :
1580 1952 1625 1996 et
1649 1954 1816 1999 osten-

226 2022 393 2076 dimus
433 2025 558 2094 quid
597 2027 664 2079 sit
702 2036 868 2080 actum
891 2070 906 2094 ,
935 2031 1059 2099 quid
1083 2033 1150 2085 sit
1175 2034 1497 2102 miraculum,
1529 2044 1576 2090 et
1598 2039 1722 2108 quid
1747 2037 1813 2091 sit

226 2116 556 2181 conversatio,
587 2117 710 2186 quid
731 2120 930 2189 signum
958 2130 1009 2176 et
1040 2125 1326 2194 prodigium
1354 2143 1415 2180 ac
1442 2128 1666 2182 virtus...
1702 2128 1814 2182 Ilo-

228 2204 307 2258 die
332 2206 581 2277 reliquum
600 2209 944 2278 inscriptionis
968 2230 1136 2285 Opera:
1156 2218 1371 2286 pretium
1391 2229 1465 2274 est
1491 2220 1738 2289 dicamus,
1763 2231 1810 2276 et

226 2297 346 2366 quid
367 2299 618 2369 signiﬁcet
640 2305 860 2372 apostoli
882 2322 1063 2362 nomen
1093 2311 1434 2366 ostendamus.

296 2387 354 2440 In
384 2391 554 2457 prima
587 2392 746 2461 igitur
771 2396 1028 2452 concione
1057 2411 1337 2470 postquam
1369 2418 1464 2458 eos
1493 2415 1803 2474 carpserat,

223 2479 311 2547 qui
329 2490 646 2537 conventum
663 2486 902 2542 ecclesiae
918 2490 1279 2559 deseruerant,
1308 2509 1414 2549 non
1444 2503 1644 2552 temere
1665 2513 1806 2567 prte-

222 2571 509 2627 tereundas
537 2587 656 2629 esse
693 2591 964 2633 sacrorum
1006 2581 1262 2638 librorum
1302 2584 1677 2656 inscriptiones
1711 2588 1809 2643 do-

220 2672 328 2728 cet,
358 2673 414 2717 et
443 2665 509 2719 de
533 2667 882 2738 inscriptione
911 2674 1107 2729 Altaris
1126 2717 1141 2740 ,
1170 2677 1420 2732 nimirum
1443 2678 1629 2750 Ignoto
1655 2680 1800 2749 Deo,

219 2752 349 2823 agit,
376 2753 700 2827 domumque
724 2775 914 2817 recens
943 2765 1265 2823 illuminatos
1289 2770 1598 2842 alloquitur.

287 2844 587 2903 Secundam
610 2893 626 2918 ,
656 2853 745 2913 ubi
770 2854 837 2910 de
859 2866 1078 2915 auctore
1102 2861 1221 2917 libri
1254 2865 1509 2922 Actorum
1535 2868 1803 2926 edissere-

216 2934 329 3002 bat,
348 2946 403 2991 et
422 2938 617 2995 Lucam
644 2957 764 2999 esse
792 2946 1212 3019 demonstrabat,
1246 2958 1543 3025 reperimus
1564 2962 1801 3031 quidem;

216 3027 332 3095 sed,
364 3027 489 3095 heu,
518 3032 714 3090 misere
740 3035 1121 3110 deformatam,
1159 3053 1215 3099 et
1248 3061 1369 3102 cum
1411 3027 1605 3120 spuriis
1630 3027 1801 3109 inter;

216 3120 458 3216 miftam.
608 3141 799 3198 nempe
829 3130 1046 3189 homilia
1068 3135 1320 3209 inscripta
1344 3141 1501 3213 (Vide
1523 3144 1799 3216 Manilum,

214 3217 251 3262 t.
284 3211 341 3266 3.
377 3228 428 3266 c.
468 3208 576 3278 65)
606 3218 668 3272 de
692 3220 1069 3295 Assumptione,
1106 3244 1199 3285 seu
1235 3208 1564 3291 Ascensione
1592 3208 1801 3295 Domini

210 3308 272 3399 et
285 3299 675 3374 Chrysostomo
714 3312 1018 3385 adscripta;
1051 3321 1140 3375 ubi
1183 3337 1304 3392 quae
1332 3326 1502 3394 prima
1533 3328 1796 3399 feruntur,

208 3390 600 3465 Chrysostemo
632 3414 816 3459 nostro
857 3407 1070 3479 indigna
1094 3390 1349 3471 videntur
1372 3433 1510 3475 esse.
1540 3421 1651 3477 Sub
1682 3390 1800 3480 haec

209 3482 537 3554 adjiciuntur
571 3491 673 3546 alia
696 3533 709 3555 ,
740 3511 861 3565 qua:
901 3513 1020 3554 cum
1069 3504 1337 3572 prioribus
1375 3525 1480 3564 non
1523 3513 1798 3572 cohmrere

206 3582 498 3676 putantur;
524 3588 580 3634 et
598 3582 734 3676 licet
756 3587 997 3645 melioris
1028 3603 1167 3648 nota.
1190 3596 1314 3659 sint,
1345 3608 1523 3655 utrum
1564 3604 1799 3676 Chryso-

207 3672 391 3721 stomo
417 3670 522 3725 sint
547 3671 920 3746 adscribenda,
949 3697 1141 3752 necne,
1169 3702 1274 3742 non
1302 3691 1472 3746 ausim
1502 3670 1792 3753 afﬁrmare.

205 3754 466 3858 sequitur
488 3773 669 3858 postea
703 3782 825 3837 pars
860 3772 949 3827 illa
973 3815 988 3838 ,
1017 3775 1105 3830 ubi
1144 3779 1460 3849 quibusdam
1502 3789 1796 3855 praemissis

206 3850 353 3949 circa
382 3850 786 3949 inscriptionem
818 3861 937 3917 libri
968 3867 1221 3924 Actorum
1249 3912 1263 3937 ,
1296 3888 1416 3942 qua:
1446 3850 1523 3931 ad
1558 3895 1795 3948 praesens

207 3945 522 4038 institutum
539 3945 783 4014 apprime
809 3952 1097 4024 quadram,
1128 3958 1196 4013 de
1220 3959 1380 4032 hujus
1408 3945 1629 4025 auctore
1648 3985 1796 4038 egre-

204 4028 295 4097 gie
336 4030 631 4103 disseritur,
678 4047 735 4094 et
780 4040 980 4100 Lucam
1023 4063 1146 4103 esse
1198 4028 1472 4121 probatur.
1522 4059 1620 4116 llic
1660 4028 1793 4119 vero

202 4120 649 4225 (‘Ihrysostomum
679 4147 946 4225 agnosco;
977 4154 1078 4196 nec
1106 4120 1295 4201 dubito
1321 4150 1559 4217 quintam
1581 4168 1644 4209 ea
1672 4172 1793 4225 quae

200 4211 272 4268 de
292 4215 642 4314 inscriptione
669 4224 949 4297 Actorum,
971 4247 1130 4302 quam
1157 4250 1221 4291 ea
1248 4211 1367 4308 quas
1385 4241 1451 4296 de
1482 4241 1642 4314 hujus
1668 4211 1790 4303 libri

199 4312 430 4361 auctore
453 4307 714 4406 leruntur,
737 4316 803 4372 ad
827 4333 946 4375 eam
974 4322 1247 4381 homiliam
1268 4307 1597 4402 pertineant,
1628 4352 1787 4406 quam

262 4969 451 5078 Tertia
495 4975 748 5078 homilia,
773 5000 970 5059 quam,
1012 4992 1178 5051 altera
1217 4997 1285 5053 ad
1323 5001 1523 5058 calcem
1550 5007 1780 5078 rejects,

195 5065 493 5160 secundum
523 5070 893 5147 inscribimus,
936 5084 988 5137 in
1018 5084 1191 5143 Palma
1223 5106 1319 5147 seu
1359 5100 1526 5152 veteri
1555 5065 1781 5160 ecclesia

192 5155 531 5264 Antiochena
564 5165 696 5232 luit,
722 5186 785 5225 ea
811 5183 894 5229 est
922 5177 974 5231 in
1000 5194 1103 5249 qua
1130 5182 1198 5238 de
1231 5155 1779 5258 inscriptione

190 5445 309 5487 rem
337 5450 458 5493 esse
485 5441 649 5512 signis
674 5457 729 5503 et
750 5452 1045 5512 miraculis.

256 5526 497 5598 Quarta,
541 5552 699 5608 quam
738 5558 901 5616 supra
929 5564 1219 5612 memorata
1260 5558 1327 5615 de
1367 5575 1525 5619 causa
1569 5568 1776 5624 tertiam

192 5619 565 5730 inscribimus,
601 5633 670 5690 de
696 5639 917 5697 utilitate
944 5643 1181 5704 lectionis
1207 5650 1599 5725 Scripturarum
1638 5661 1775 5730 agit,

190 5722 326 5809 etut
356 5717 491 5773 tituli
518 5722 733 5780 Actuum
757 5731 1112 5802 Apostolorum
1130 5717 1449 5809 postremam
1471 5717 1773 5807 vocem

192 5803 370 5877 plicet,
397 5817 657 5886 perquirit
681 5822 805 5890 quid
832 5826 1090 5898 signiticet
1116 5803 1343 5904 apostoli
1370 5803 1772 5914 nomen,—dicil-

1421 441 1605 498 NUNC
1646 442 1906 500 PRIMUM
1947 440 2342 498 ADORNATA.

3428 446 3531 503 N2

1939 572 2045 628 que
2091 558 2451 629 apostolorum
2496 557 2802 629 dignitatem
2853 559 3023 617 multo
3068 558 3324 632 majorem
3370 574 3527 627 esse,

1938 661 2093 718 quam
2138 649 2573 719 magistratuum,
2621 650 2727 703 imo
2763 650 2920 705 etiam
2968 666 3153 724 regum
3197 659 3252 707 et
3292 650 3525 722 impera-

1936 745 2131 793 torum.

2004 828 2250 896 Quintam
2280 829 2645 901 subjungimus
2670 846 2787 887 eam
2812 847 2934 901 qua:
2962 840 3145 901 quarta
3178 831 3521 898 inscribitur;

1931 920 1984 974 in
2011 936 2114 991 qua
2142 922 2336 991 quaerit
2370 921 2779 995 Chrysostomns
2818 938 2912 977 cur
2948 923 3081 978 Acta
3123 924 3173 977 in
3204 924 3522 980 Pentecoste

1930 1011 2212 1083 legantur:
2239 1030 2305 1069 ex
2345 1014 2462 1084 ejus
2498 1030 2626 1070 vero
2664 1014 2819 1070 dictis
2847 1015 3103 1087 arguitur,
3145 1024 3373 1086 quatuor
3400 1017 3518 1072 aliis

1927 1116 2050 1158 esse
2072 1104 2508 1161 subnectendam.

1999 1194 2242 1251 Homilite
2283 1196 2348 1251 de
2393 1196 2676 1252 Mutatione
2715 1197 2995 1253 nominum.
3031 1228 3105 1238 —
3129 1198 3258 1253 Post
3282 1198 3516 1270 quinque

1916 1268 2047 1342 illas
2076 1288 2127 1342 in
2159 1288 2506 1359 Inscriptione
2532 1291 2786 1346 Actorum
2818 1291 3064 1346 homilias
3099 1268 3515 1363 Chrysostomus

1924 1379 2210 1436 conciones
2248 1382 2316 1436 de
2356 1382 2645 1439 Mutatione
2689 1385 2963 1438 nominum
2996 1385 3157 1441 variis
3200 1384 3300 1440 sub
3347 1384 3510 1441 titulis

1922 1466 2127 1525 habuit.
2167 1470 2224 1526 ld
2253 1487 2384 1528 vero
2420 1472 2621 1529 diserte
2659 1483 2837 1528 narrat
2866 1474 2920 1529 in
2959 1474 3129 1545 prima
3169 1473 3327 1543 hujus
3349 1489 3510 1545 argn-

1921 1561 2121 1628 menti,
2152 1562 2303 1633 cujus
2326 1564 2602 1634 inscriptio
2637 1564 2716 1620 sic
2752 1564 2946 1620 habet:
2980 1564 3175 1620 Saulus
3207 1565 3375 1619 adhuc
3400 1565 3510 1637 spi-

1920 1668 2043 1708 rans
2073 1653 2346 1722 ntinarum,
2374 1664 2479 1710 etc.
2506 1672 2520 1709 :
2561 1656 2648 1711 ubi
2672 1656 2751 1712 sic
2776 1657 2850 1711 ait
2876 1672 3023 1711 num.
3048 1658 3081 1712 '5
3106 1674 3118 1709 :
3150 1654 3335 1711 Totum
3359 1657 3513 1726 igitur

1916 1743 2139 1798 debitum
2179 1745 2520 1815 inscriptionis
2562 1747 2700 1802 vobis
2741 1747 3101 1818 persolvimus,
3131 1747 3505 1818 inscriptionis,

1918 1834 2156 1904 inquam,
2184 1836 2404 1890 Actuum
2437 1838 2861 1907 Apostolicorum.
2903 1837 2971 1893 Ut
3013 1853 3132 1908 ergo
3169 1839 3368 1892 initium
3393 1838 3507 1892 libri

1918 1926 2272 1996 attingeremus
2304 1928 2428 1982 ordo
2453 1929 2710 1999 exigebat,
2752 1945 2812 1982 ac
2838 1929 3123 1983 doceremus
3145 1929 3268 1999 quid
3297 1929 3391 1983 hoc
3413 1929 3508 1984 sibi

1917 2016 2032 2070 uelit
2056 2032 2074 2070 :
2100 2018 2334 2073 Primum
2355 2018 2568 2090 quidem
2588 2034 2892 2074 sermonem
2913 2019 3130 2074 iecimus
3149 2018 3217 2073 de
3237 2019 3506 2089 omnibus,

1916 2122 1950 2163 o
1978 2108 2300 2180 Theophile,
2332 2127 2452 2180 quae
2481 2111 2642 2178 erepit
2671 2110 2826 2164 lcsus
2862 2109 3033 2165 facere
3066 2125 3130 2164 ac
3158 2109 3370 2166 docere.
3413 2109 3507 2164 Ve-

1914 2210 2194 2257 rumtamen
2223 2220 2325 2256 non
2362 2203 2482 2257 sinit
2514 2201 2714 2258 Paulus
2748 2210 2801 2257 ut
2834 2203 2965 2257 hanc
2994 2203 3169 2258 seriem
3199 2203 3391 2258 ordinis
3424 2219 3507 2258 se-

1913 2308 2060 2361 quar,
2075 2293 2164 2348 sed
2179 2294 2245 2346 ad
2256 2310 2309 2348 se
2322 2310 2511 2364 suaque
2524 2303 2657 2349 recte
2677 2297 2812 2365 facta
2828 2294 3053 2365 linguam
3071 2301 3294 2347 nostram
3308 2294 3501 2347 invitat.

1914 2382 2074 2455 Cupio
2119 2400 2336 2455 namque
2380 2384 2548 2439 videre
2586 2384 2733 2438 illum
2777 2384 3120 2438 introductum
3162 2383 3503 2448 Damascum,

1913 2490 2015 2529 non
2037 2475 2201 2546 ferrea
2220 2483 2415 2541 catena,
2439 2475 2528 2529 sed
2550 2473 2817 2530 Dominica
2837 2490 2953 2530 voce
2973 2475 3210 2529 vinctum.
3238 2475 3334 2529 llic
3354 2473 3504 2532 vides

1912 2572 2035 2634 post
2061 2565 2314 2621 llomilias
2344 2566 2396 2620 in
2422 2566 2747 2636 Principium
2775 2569 3028 2623 Actorum
3055 2567 3346 2622 institutam
3375 2582 3504 2622 con-

1911 2655 2118 2711 cionem
2144 2673 2158 2710 :
2190 2655 2339 2712 vides
2380 2656 2504 2712 item
2535 2656 2649 2727 ejus
2676 2664 3066 2728 argumentum.
3103 2656 3346 2711 Habitam
3375 2657 3502 2711 item

1911 2746 2070 2815 hanc,
2094 2746 2159 2803 de
2179 2764 2280 2818 qua
2302 2764 2444 2804 nunc
2462 2750 2686 2819 agimus,
2709 2756 2992 2819 antequam
3015 2756 3223 2818 tempus
3244 2747 3500 2803 Paschale

1910 2838 2256 2908 dilaberetur,
2285 2850 2468 2910 aperte
2511 2849 2694 2895 narrat
2722 2856 2868 2895 nam.
2895 2841 2968 2896 4:
3001 2838 3142 2893 Nam
3168 2841 3243 2915 si,
3273 2839 3392 2893 dum
3417 2856 3501 2894 so-

1909 2933 2012 2985 lam
2041 2931 2197 3000 vobis,
2226 2934 2317 2999 ait,
2349 2933 2727 3004 inscriptionem
2753 2933 2964 3004 legimus
2988 2941 3036 2986 et
3062 2948 3354 2986 enarramus
3374 2973 3387 2997 ,
3421 2932 3500 2985 di-

1907 3021 2121 3075 midium
2150 3023 2481 3078 solemnitatis
2505 3024 2947 3095 consumpsimus;
2972 3023 3018 3077 si
3036 3022 3098 3076 ab
3118 3022 3325 3077 exordio
3354 3022 3499 3077 initio

1908 3114 2099 3184 factum
2125 3114 2290 3183 ipsum
2317 3115 2431 3168 libri
2470 3115 2680 3186 pelagus
2705 3115 2983 3168 orationem
3019 3114 3287 3168 immittere
3318 3114 3500 3186 cuspis.

1907 3217 2091 3269 scmus,
2115 3212 2381 3274 quantum,
2413 3221 2600 3275 quazso,
2633 3206 2868 3276 temporis
2895 3205 3328 3275 impendissemus,
3353 3217 3411 3260 ut
3429 3207 3499 3260 ad

1904 3292 2021 3346 illas
2077 3294 2141 3346 de
2186 3292 2355 3348 Paulo
2404 3295 2719 3349 narrationes
2757 3296 3161 3366 perveniremus!
3203 3296 3269 3351 Et
3312 3306 3495 3368 postea

1905 3395 2053 3438 num.
2079 3385 2112 3440 5
2148 3400 2252 3439 non
2293 3385 2520 3440 obscure
2556 3386 2817 3457 signiﬁcat
2844 3387 2986 3441 illam
3024 3385 3332 3456 homiliam,
3374 3404 3495 3458 qua:

1903 3475 2049 3529 nulla
2077 3476 2390 3533 intermedia
2416 3484 2785 3548 praecesserat,
2811 3491 2930 3532 esse
2954 3476 3192 3547 quintam
3214 3478 3266 3532 in
3290 3477 3495 3532 Princi-

1902 3568 2048 3636 pium
2077 3568 2360 3634 Actorum,
2404 3568 2456 3623 in
2486 3584 2586 3640 qua
2629 3569 2883 3640 quazritur
2909 3583 3005 3623 cur
3042 3570 3175 3624 Acta
3209 3569 3494 3639 Apostolo-

1902 3674 2019 3714 rum
2068 3660 2120 3715 in
2175 3661 2489 3717 Pentecoste
2532 3661 2794 3731 legantur.
2848 3660 2946 3716 Hic
2998 3675 3227 3732 namque
3274 3671 3492 3718 sanctus

1902 3748 2088 3804 doctor
2115 3752 2238 3805 talia
2266 3750 2443 3806 fatur:
2478 3750 2666 3806 Nonne
2689 3752 2741 3806 in
2769 3752 2936 3823 priore
2954 3751 3090 3806 vobis
3116 3752 3325 3807 collecta
3351 3752 3490 3807 dice-

1902 3837 2015 3892 bam
2036 3856 2095 3893 ea
2119 3842 2385 3908 miracula,
2414 3858 2525 3914 quae
2553 3858 2752 3897 crucem
2781 3853 2990 3911 sequuta
3009 3851 3156 3909 sunt,
3179 3842 3242 3897 iis
3266 3844 3484 3916 majora,

1898 3945 2012 4000 qua:
2029 3931 2189 4002 ipsam
2213 3943 2569 4003 prwccsserant
2595 3934 2883 3988 exstitisse?
2910 3949 3077 3987 nonne
3101 3933 3154 3987 id
3179 3935 3371 3988 ostendi
3397 3950 3487 3989 υσ-

1899 4023 1974 4077 bis
1998 4032 2043 4077 et
2069 4039 2132 4079 ea:
2164 4025 2422 4079 miraculis
2454 4034 2501 4079 et
2530 4042 2592 4079 ex
2630 4026 2993 4098 discipulorum
3035 4026 3404 4093 benevolentia;
3438 4038 3485 4082 et

1897 4130 1994 4184 quo
2016 4125 2162 4184 pacto
2179 4124 2326 4169 antea
2346 4116 2544 4184 quidem
2566 4114 2795 4171 Christus
2815 4117 3068 4188 imperans
3084 4128 3307 4173 mortuos
3326 4119 3487 4174 susci-

1898 4202 2054 4272 tabat,
2084 4214 2256 4274 postca
2279 4220 2393 4259 vero
2418 4222 2675 4260 servorum
2700 4207 2812 4277 ejus
2832 4206 3008 4260 umbra
3030 4207 3252 4275 idipsum
3275 4219 3485 4279 prama-

1896 4294 2018 4347 bat?
2053 4303 2158 4349 etc.
2190 4295 2319 4363 Quae
2356 4296 2535 4349 omnia
2576 4294 2774 4350 diserte
2801 4304 3081 4351 narrantur
3106 4297 3159 4352 in
3187 4298 3271 4352 illa
3298 4300 3480 4371 quinta

1894 4372 2113 4440 homilia
2153 4386 2203 4441 in
2251 4386 2578 4456 Principium
2618 4387 2873 4442 Actorum
2919 4403 3065 4443 num.
3110 4389 3162 4443 7.
3212 4390 3311 4457 Qui
3353 4406 3481 4448 vero

1894 4475 2090 4532 fuerint
2131 4477 2205 4531 illi
2274 4477 2565 4548 praesides,
2622 4476 2714 4549 qui
2765 4465 2981 4534 tum'in
3021 4478 3209 4549 hujus,
3264 4492 3372 4536 tum
3425 4483 3481 4538 in

1892 4568 2162 4639 sequentis
2189 4566 2423 4622 homilia:
2456 4568 2561 4623 line
2602 4577 2997 4636 memorantur,
3045 4570 3132 4624 hic
3180 4570 3483 4642 disquircn-

1890 4656 2039 4713 dum.
2077 4658 2340 4714 Pracsules
2386 4658 2570 4728 utique
2613 4659 2763 4727 illos,
2812 4659 2901 4729 qui
2941 4657 3089 4715 hisce
3134 4661 3479 4718 concionibus

1889 4748 2134 4816 aderant,
2158 4765 2265 4805 non
2295 4749 2426 4805 alios
2448 4749 2610 4805 fuisse
2625 4759 2773 4821 puto,
2797 4765 2954 4820 quam
2976 4751 3257 4822 episcopos
3272 4753 3477 4809 vicinos

1888 4840 2060 4914 Syria:
2087 4840 2169 4895 vel
2201 4841 2517 4906 Phoenicim,
2558 4840 2647 4911 qui
2691 4840 2816 4895 alibi
2858 4855 3069 4912 quoque
3109 4840 3475 4915 Chrysostomi

1887 4936 2128 4992 concioni
2158 4935 2464 4997 interfuisse
2492 4946 2877 5003 memorantur,
2908 4947 2966 4994 ut
2990 4939 3305 4995 videbimus.
3337 4941 3470 4996 Cum

1884 5029 2029 5083 enim
2067 5028 2346 5083 Antiochia
2390 5029 2701 5099 metropolis
2744 5037 2918 5095 esset,
2967 5031 3101 5087 nihil
3141 5031 3359 5087 dubium
3387 5042 3473 5090 est

1883 5120 2010 5190 quin
2041 5118 2411 5189 episcoporum
2450 5119 2601 5174 multi
2640 5119 2831 5175 vicina:
2856 5121 3121 5192 regionis,
3164 5122 3275 5178 sive
3301 5138 3466 5195 nego-

1884 5212 2077 5267 tiorum
2110 5225 2265 5265 causa
2288 5250 2303 5277 ,
2346 5210 2459 5265 sive
2496 5209 2762 5266 desiderio
2789 5211 3037 5268 audiendi
3065 5212 3427 5287 Chrysostomi
3450 5255 3465 5281 ,

1884 5304 2036 5376 cujus
2063 5303 2377 5373 eloquentiae
2412 5304 2546 5359 fama
2576 5304 2821 5372 volabat,
2862 5305 2915 5362 in
2955 5306 3287 5378 metropolim
3315 5321 3466 5362 suam

1883 5411 1943 5452 se
1971 5394 2295 5452 conferrent.

1955 5487 2049 5542 Die
2076 5488 2387 5559 insequente
2412 5497 2531 5560 post
2561 5489 2796 5545 habitam
2841 5492 3150 5546 concionem
3194 5488 3248 5545 in
3293 5490 3419 5547 illud
3446 5532 3464 5559 ,

1883 5578 2080 5636 Paulus
2099 5589 2264 5634 autem
2292 5581 2458 5635 adhuc
2484 5583 2682 5654 spirans
2705 5583 2987 5650 minarum,
3009 5590 3137 5647 etc.,
3161 5580 3303 5637 illam
3333 5598 3462 5639 con-

1880 5669 2089 5724 cionem
2128 5668 2344 5736 habuit,
2371 5688 2491 5742 quae
2533 5672 2854 5735 inscribitur,
2885 5672 2946 5726 de
2972 5669 3252 5726 Nominum
3292 5683 3460 5728 muta-

1881 5764 2031 5818 tione.
2058 5763 2209 5832 Quod
2247 5773 2612 5835 argumentum
2643 5764 2732 5819 ille
2761 5765 2815 5821 in
2854 5763 2961 5822 ﬁne
2989 5765 3338 5839 praecedentis
3366 5768 3464 5823 ho-

1879 5856 2041 5911 milia:
2061 5866 2295 5927 C(eperat
2315 5896 2330 5922 ,
2366 5854 2464 5910 hac
2490 5857 2759 5927 proposita
2793 5860 3106 5932 qumstione,
3132 5872 3229 5916 cur
3254 5857 3458 5930 Paulo,
