3948 6406
486 403 582 460 M5

476 532 570 572 cur
585 516 765 578 Petro,
784 527 876 568 cur
894 507 1016 566 aliis
1039 507 1091 563 in
1114 506 1292 563 Veteri
1306 504 1652 562 Testamento
1679 511 1939 559 mutatum
1972 515 2073 556 no-

484 622 601 662 men
625 605 801 661 luerit.
821 602 874 658 Id
902 602 1045 658 enim
1077 601 1192 671 ipse
1221 608 1407 655 narrat
1429 612 1581 653 num.
1609 596 1646 652 2
1672 616 1685 652 :
1716 594 1893 666 Neque
1920 595 2070 660 enim,

484 699 568 761 ait,
602 697 666 752 de
689 694 836 749 rebus
866 690 1146 747 trivialibus
1168 692 1493 759 quwstionem
1515 689 1753 741 habemus
1778 686 1928 740 hodie
1947 726 1962 750 ,
1988 686 2078 739 sed

486 789 539 843 de
565 804 619 841 re
642 800 754 858 qua:
781 784 931 857 coepit
954 782 1159 855 quidem
1185 784 1418 836 hesterno
1440 780 1522 834 die
1541 779 1777 850 proponi,
1799 794 1900 831 non
1916 778 2080 848 potuit

483 889 646 933 autem
672 877 856 932 solutio
889 874 1181 947 qucestionis
1223 871 1401 940 afferri
1422 912 1438 938 ,
1470 879 1675 942 propter
1703 885 1877 924 eorum
1901 868 2076 923 multi-

484 970 707 1026 tudinem
746 984 860 1039 qua:
891 969 1093 1039 fuerant
1132 966 1188 1019 in
1227 964 1450 1019 medium
1502 962 1720 1033 prolata.
1762 960 1899 1026 Quid
1951 960 2083 1015 illud

483 1076 635 1131 porro
664 1060 785 1113 est?
814 1057 893 1112 De
922 1056 1184 1111 nominum
1211 1054 1532 1125 impositione
1566 1051 1777 1123 qtttestio
1805 1060 1947 1119 erat,
1969 1065 2085 1122 qua:

488 1150 623 1204 Deus
670 1150 858 1204 sanctis
911 1148 1166 1219 imposuit.
1218 1146 1288 1201 Et
1330 1144 1647 1217 quibusdam
1707 1143 2081 1215 interpositis:

486 1241 644 1296 Pauli
693 1242 924 1312 facinora
966 1255 1177 1293 narrare
1218 1237 1573 1310 cupiebamus,
1594 1237 1807 1307 jamque
1863 1235 2087 1291 historia:

485 1333 816 1404 atligeramus
852 1332 1117 1386 exordium
1143 1373 1159 1399 ,
1211 1339 1258 1385 et
1296 1330 1376 1384 his
1403 1328 1562 1384 verbis
1588 1337 1884 1397 conceptum
1906 1343 2087 1380 narra-

488 1426 640 1480 tionis
665 1426 864 1480 initium
891 1426 1172 1480 invenimus
1197 1439 1217 1477 :
1246 1423 1440 1478 Saulus
1464 1433 1645 1478 autem
1671 1421 1847 1477 adhuc
1874 1421 2086 1491 spirans

487 1519 663 1574 minas
687 1527 743 1574 et
768 1519 969 1573 credent
996 1518 1050 1573 in
1077 1516 1369 1588 discipulos
1393 1516 1625 1582 Domini,
1648 1515 1888 1569 continuo
1912 1513 2088 1567 turba-

489 1610 559 1663 vit
588 1626 680 1665 nos
706 1610 918 1664 mutatio
947 1609 1164 1664 nominis
1190 1623 1210 1663 :
1238 1617 1293 1665 et
1315 1616 1510 1664 caetera
1547 1607 1617 1663 de
1646 1606 1923 1662 nominum
1965 1620 2088 1659 mu-

492 1702 730 1769 talione,
762 1717 881 1772 quae
935 1701 1173 1771 pluribus
1217 1701 1308 1756 ille
1353 1701 1735 1770 prosequitur:
1763 1699 1836 1754 ita
1877 1706 1939 1753 ut
1972 1696 2090 1752 hate

493 1793 683 1848 concio
714 1793 784 1847 sit
809 1807 906 1848 cen
931 1792 1383 1862 complementum
1411 1790 1784 1862 praecedentis.

566 1881 715 1937 llane
752 1882 1023 1936 homiliam
1052 1891 1311 1952 sequutus
1345 1890 1430 1937 cst
1466 1896 1647 1937 sermo
1675 1880 1763 1949 (T.
1785 1880 1838 1936 ι.
1858 1901 1907 1941 c.
1924 1880 2087 1950 619),

495 1974 587 2044 qui
611 1984 732 2044 post
762 1974 1020 2029 llomilias
1057 1976 1112 2027 in
1139 1972 1390 2028 Genesim
1421 1987 1593 2027 nonus
1614 1980 1955 2037 numeratur,
2001 1969 2092 2025 ubi

497 2066 618 2122 dua:
662 2067 769 2122 illae
795 2068 863 2121 de
900 2066 1093 2136 quibus
1133 2066 1295 2120 modo
1342 2065 1549 2135 egimus
1602 2064 1839 2120 homilize
1885 2078 2093 2119 memo-

495 2166 683 2213 rantur
706 2200 720 2225 ,
750 2166 805 2211 et
829 2157 895 2212 de
916 2156 1205 2211 Mulatione
1231 2158 1464 2212 nominis
1489 2157 1739 2221 Abrahm,
1762 2156 1937 2226 deque
1962 2156 2094 2210 alio-

497 2267 615 2307 rum
638 2252 912 2307 nominum
944 2253 1280 2324 propriorum
1301 2293 1317 2319 ,
1340 2265 1458 2321 qum
1484 2250 1537 2305 in
1556 2249 1734 2305 Veteri
1753 2248 2095 2303 Testamento

497 2353 660 2409 sunt,
695 2343 1083 2415 signiﬁcatione
1115 2350 1389 2399 tractatur.
1422 2340 1479 2396 ln
1522 2340 1624 2395 hoc
1667 2353 1948 2403 sermone,
1973 2352 2097 2409 per-

500 2436 625 2491 inde
654 2445 813 2507 atque
843 2437 894 2489 in
921 2435 1346 2506 prmccdentibus
1370 2433 1622 2500 homillis,
1654 2432 1813 2503 longo
1832 2431 2096 2502 prooemio

500 2543 630 2583 usus
655 2539 737 2583 est
762 2527 1197 2601 Chrysostomus.
1226 2528 1363 2582 llinc
1394 2526 1746 2599 querimonia:
1774 2525 1951 2596 populi
1980 2526 2095 2579 An-

501 2620 735 2675 tiocheui
761 2663 776 2689 ,
808 2621 877 2676 ob
915 2621 1133 2675 nimiam
1164 2620 1552 2691 prooemiorum
1580 2618 1963 2690 prolixitatem.
1992 2616 2100 2672 Cu-

496 2711 585 2781 jus
632 2712 982 2781 querimonia:
1038 2713 1357 2777 occasione,
1407 2711 1593 2781 paucis
1644 2709 1843 2779 elapsis
1910 2708 2098 2764 diebus

505 2801 649 2858 illam
677 2803 744 2857 de
777 2802 1011 2857 ferendis
1033 2802 1561 2873 Reprehensionibus
1591 2801 1863 2855 homiliam
1894 2799 2098 2864 habuit,

502 2910 662 2964 quam
692 2908 789 2949 nos
811 2894 864 2949 in
892 2896 1030 2950 serie
1058 2894 1394 2949 homiliarum
1415 2893 1482 2949 de
1498 2893 1783 2948 Nominum
1810 2892 2101 2947 mutatione

506 2985 717 3040 tertiam
748 2986 996 3055 ponimus
1020 3028 1036 3054 ,
1067 2986 1187 3058 quia
1222 2986 1335 3055 ipsa
1365 2985 1492 3039 licet
1529 2985 1581 3039 in
1611 2984 1761 3056 prius
1791 2984 1947 3038 editis
1990 2982 2103 3038 dis-

508 3088 677 3145 tracta
731 3089 785 3135 et
837 3080 1020 3149 procul
1071 3081 1140 3135 ab
1180 3081 1299 3135 aliis
1347 3080 1561 3152 posita,
1606 3093 1727 3134 sese
1781 3078 1955 3149 prodit
2000 3077 2102 3133 hoc

508 3172 697 3226 ordine
717 3172 1021 3242 ponendam
1051 3187 1172 3229 esse
1202 3187 1351 3229 num.
1384 3172 1420 3229 3
1447 3171 1531 3226 his
1559 3172 1742 3228 verbis
1774 3188 1787 3226 :
1813 3169 1894 3225 De
1930 3168 2101 3225 Paulo

505 3274 670 3319 autem
713 3284 875 3321 sermo
906 3267 1047 3322 nobis
1091 3281 1252 3337 nuper
1283 3276 1431 3335 erat,
1461 3264 1665 3334 quando
1708 3265 1771 3318 de
1818 3263 2103 3317 nominibus

506 3357 872 3413 disserebamus
892 3401 906 3423 ,
937 3358 1382 3428 quwrebamusque
1418 3373 1508 3410 cur
1549 3356 1824 3427 aliquando
1865 3355 2057 3410 Saulus
2084 3396 2099 3421 ,

506 3457 681 3518 postea
706 3464 819 3502 vero
861 3443 1060 3503 Paulus
1103 3457 1306 3502 vocatus
1352 3448 1524 3519 fuerit.
1572 3446 1706 3501 Inde
1741 3462 1856 3500 vero
1890 3445 2105 3517 digressi

506 3556 680 3595 sumus
714 3540 781 3594 ad
813 3551 1023 3597 veterem
1065 3541 1329 3595 historiam
1352 3581 1366 3604 ,
1397 3556 1567 3594 omnes
1612 3541 1699 3611 qui
1738 3540 1844 3593 alia
1896 3541 2105 3593 nomina

510 3630 789 3686 habuerant
811 3632 1224 3687 examinauimus.
1244 3632 1425 3702 Pergit
1443 3631 1601 3686 etiam
1625 3630 1675 3684 in
1699 3628 1802 3686 hac
1820 3630 2101 3698 concione,

509 3738 573 3778 ac
596 3723 846 3795 disquirit
888 3740 985 3780 cur
1024 3724 1192 3781 Paulo
1236 3738 1435 3779 nomen
1477 3732 1738 3778 mutatum
1775 3724 1883 3792 sit,
1913 3732 1968 3779 et
2008 3734 2106 3779 cur

512 3830 620 3871 non
659 3816 837 3871 statim
879 3814 949 3871 ab
991 3815 1109 3886 ejus
1154 3817 1507 3872 conversione
1543 3831 1556 3869 :
1595 3815 1689 3871 sed
1731 3830 1837 3870 non
1888 3814 2106 3869 modido

511 3916 637 3980 post
663 3906 808 3963 illam
849 3916 1089 3978 tempore
1118 3908 1331 3978 excepit
1358 3904 1580 3962 homilia
1616 3906 1667 3961 in
1701 3903 1831 3961 illud
1856 3949 1871 3974 ,
1906 3903 2107 3961 Paulus

510 4009 753 4067 uocatus,
781 3999 834 4055 in
892 3999 1044 4070 cujus
1100 3999 1278 4056 medio
1332 4000 1472 4055 idem
1521 4000 1694 4071 ipsum
1740 4000 1910 4071 tangit
1951 3983 2109 4071 argu-

512 4098 788 4156 mentum,
815 4098 871 4145 et
914 4099 1021 4147 tres
1051 4091 1260 4162 priores
1301 4090 1550 4146 homilias
1587 4098 1977 4147 commemorat
2023 4090 2107 4147 his

511 4181 694 4239 verbis
720 4198 734 4235 :
768 4180 908 4235 Nam
933 4181 979 4236 si
999 4182 1339 4236 recordamini
1359 4225 1374 4250 ,
1405 4193 1504 4238 tres
1531 4183 1756 4255 integros
1782 4182 1889 4237 dies
1912 4180 1977 4238 de
1998 4184 2108 4240 solo

512 4272 607 4327 hoc
634 4272 836 4327 nomine
863 4272 1157 4329 disseruisse
1178 4289 1257 4328 me
1283 4273 1424 4329 scitis
1442 4315 1458 4341 ,
1490 4291 1604 4328 cum
1632 4290 1812 4329 causas
1839 4272 2106 4342 afferrent,

512 4362 576 4416 ob
600 4378 724 4432 quas
747 4405 763 4430 ,
790 4379 906 4418 cum
947 4362 1142 4419 Saulus
1182 4375 1333 4418 antea
1374 4373 1656 4431 uocaretur,
1685 4363 1887 4420 Paulus
1929 4365 2113 4421 deinde

512 4462 717 4507 vocatus
744 4464 857 4521 est,
885 4466 931 4508 et
964 4471 1116 4525 quant
1154 4457 1217 4509 ob
1242 4471 1348 4509 rem
1380 4471 1483 4509 non
1510 4455 1679 4509 statim
1705 4455 1773 4509 ad
1807 4457 1960 4524 ﬁdem
1989 4474 2111 4511 con-

516 4558 686 4597 versus
732 4544 866 4598 hanc
912 4545 1311 4616 appellationem
1360 4547 1554 4618 accepit
1578 4587 1593 4611 ,
1646 4546 1735 4601 sed
1787 4546 1857 4599 ad
1896 4548 2111 4602 multum

517 4642 713 4705 tempus
739 4650 921 4689 nomen
946 4635 1190 4702 retinuit,
1220 4635 1355 4705 quod
1379 4635 1458 4689 illi
1488 4645 1718 4707 parentes
1744 4636 2109 4707 imposuerant.

516 4724 722 4791 Quibus
763 4735 871 4781 tres
910 4726 1071 4782 hasce
1111 4727 1320 4798 priores
1372 4728 1441 4785 de
1488 4724 1773 4785 Nominum
1817 4729 2111 4789 mutatione

516 4815 766 4873 homilias
801 4819 870 4873 ita
900 4819 1102 4877 diserte
1139 4829 1559 4889 commemorat,
1589 4832 1646 4878 ut
1692 4821 1836 4878 nulla
1878 4825 2113 4896 supersit

518 4911 803 4970 adversum
831 4915 1134 4986 suspieandi
1160 4931 1342 4971 causa.
1367 4917 1460 4972 lla;
1486 4933 1647 4989 porro
1674 4926 1902 4989 quatuor
1937 4918 2112 4975 homi-

517 5005 605 5062 lite
635 5007 687 5062 in
713 5007 862 5077 prius
907 5009 1064 5064 editis
1107 5010 1179 5065 ita
1220 5010 1490 5067 distractae
1513 5054 1529 5079 ,
1554 5020 1642 5078 et,
1675 5021 1735 5068 ut
1784 5013 1855 5067 ita
1897 5012 2071 5068 dicam
2092 5055 2109 5081 ,

517 5098 789 5168 dissipata:
813 5108 963 5156 erant
985 5142 1000 5166 ,
1029 5110 1089 5157 ut
1112 5103 1323 5159 nonnisi
1348 5120 1469 5160 eum
1499 5104 1696 5176 ingenti
1727 5105 1911 5162 labore
1931 5115 2115 5177 posset

517 5206 701 5247 earum
729 5193 901 5248 series
931 5192 1261 5263 internosci,
1307 5196 1758 5267 quemadmodum
1805 5205 1861 5253 et
1906 5212 2111 5267 praece-

519 5283 705 5341 dentes
732 5283 852 5339 alne
882 5284 935 5339 in
961 5287 1218 5343 Actorum
1242 5288 1666 5359 inscriptionem.
1688 5288 1901 5356 Quanto
1930 5297 2110 5345 autem

519 5377 571 5431 id
612 5379 871 5435 lectorum
902 5377 1186 5452 dispendio
1213 5381 1513 5449 acciderit,
1546 5391 1744 5438 norunt
1786 5382 1823 5437 ii
1845 5425 1861 5450 ,
1893 5384 1987 5455 qui
2027 5384 2112 5440 vel

519 5470 840 5539 primoribus
870 5470 1038 5529 labris
1067 5489 1180 5530 rem
1218 5473 1635 5529 ecclesiasticam
1664 5473 1953 5531 literarium
1984 5476 2112 5531 atti-

520 5573 729 5632 gerunt.

597 5651 841 5711 llomilia:
867 5657 930 5711 de
969 5657 1295 5715 Pamitentia.
1324 5688 1389 5699 —
1415 5657 1673 5713 llomilias
1700 5658 1770 5715 de
1794 5657 2114 5716 Pmnitentia

523 5752 645 5813 post
669 5758 865 5799 annum
897 5746 1001 5803 595
1027 5764 1148 5804 cum
1173 5748 1520 5804 'l‘illemontio
1554 5764 1621 5805 ex
1665 5749 1769 5805 levi
1808 5752 2114 5819 conjectura

523 5837 794 5908 ponimus.
826 5835 995 5896 Tanta
1035 5848 1212 5897 autem
1242 5852 1325 5898 est
1353 5845 1407 5899 tn
1433 5855 1618 5899 eorum
1661 5842 1850 5901 ordine
1896 5854 2111 5917 pertur-

1577 389 1636 445 S.
1677 383 1959 444 JOANNIS
1997 380 2473 441 CHRYSOSTOMI
2502 381 2699 451 VITA,

3684 376 3779 435 ια

2191 498 2337 554 batio
2366 496 2455 559 (τ.
2473 497 2529 553 2.
2561 515 2611 551 c.
2628 496 2782 569 277),
2809 504 2870 552 ut
2895 494 3115 553 difficile
3134 493 3204 551 sit
3222 494 3401 552 dicere
3428 509 3551 567 qum
3578 495 3784 566 prima,

2186 605 2306 659 quae
2332 590 2593 654 secunda,
2618 603 2738 659 quae
2779 587 2935 643 tertia
2967 585 3149 642 habita
3180 585 3360 642 fuerit.
3389 586 3497 642 Sed
3522 586 3592 640 ad
3612 585 3785 643 Moni-

2188 691 2303 734 tum
2359 681 2411 735 in
2466 678 2683 735 easdem
2732 679 2991 734 mittimus
3013 718 3030 745 ,
3076 678 3168 733 ubi
3223 678 3339 733 haec
3395 693 3493 748 pro
3535 676 3789 735 facultate

2185 773 2557 829 discussimus.
2591 772 2817 827 llomilia
2871 779 3048 826 tamen
3095 778 3309 841 quarta,
3339 770 3495 841 cujus
3541 771 3777 838 initium,

2188 862 2431 918 Pastores
2461 878 2609 929 oues,
2634 862 2757 932 jure
2776 869 2980 931 quarta:
3009 860 3227 915 nomine
3253 859 3541 931 insigniter
3573 878 3586 914 :
3619 874 3791 931 quan-

2187 953 2477 1024 doquidem
2524 952 2943 1024 Chrysostomus
2992 950 3145 1006 initio
3189 951 3318 1005 dicit
3352 966 3413 1008 se
3451 952 3564 1021 jam
3603 960 3789 1021 quarta

2191 1049 2307 1103 vice
2348 1056 2404 1103 et
2431 1046 2521 1102 die
2544 1046 2614 1101 de
2634 1045 2949 1116 pmnitentia
2980 1058 3159 1114 agere.
3187 1042 3293 1099 Sed
3323 1058 3455 1099 cave
3488 1051 3648 1112 putes
3673 1058 3794 1114 per-

2191 1140 2317 1196 inde
2340 1149 2547 1196 certum
2573 1153 2693 1195 esse
2721 1153 2839 1194 eam
2866 1177 2881 1203 ,
2908 1145 3019 1192 tres
3046 1136 3166 1192 illas
3210 1150 3343 1206 quas
3371 1136 3581 1207 priores
3614 1138 3796 1206 posui--

2191 1246 2331 1297 mus,
2362 1240 2456 1287 aut
2483 1231 2719 1300 aliquam
2746 1244 2815 1285 ex
2841 1229 2960 1284 aliis
2984 1236 3263 1299 sequutam
3290 1242 3431 1283 esse.
3461 1227 3688 1282 Planum
3716 1236 3795 1284 est

2173 1329 2344 1388 ‘tres,
2389 1328 2515 1376 ante
2560 1320 2702 1375 hanc
2742 1327 3026 1389 quartam,
3069 1316 3139 1374 de
3186 1317 3499 1387 pmnitentia
3550 1317 3794 1373 homiliss

2192 1410 2364 1467 dictas
2387 1408 2554 1465 fuisse
2578 1450 2593 1475 ,
2631 1409 2727 1465 sed
2764 1411 2932 1464 hasne
2967 1418 3076 1464 tres
3098 1448 3114 1476 ,
3141 1423 3276 1480 quas
3310 1408 3709 1479 pmmisimus,
3730 1424 3795 1465 an

2191 1503 2357 1571 alias,
2391 1503 2627 1573 ignotum
2650 1515 2868 1572 prorsus
2899 1508 3004 1556 est.
3022 1499 3319 1556 Antiochia:
3341 1509 3520 1556 autem
3548 1515 3790 1570 pronun-

2194 1594 2381 1649 tiatam
2410 1593 2575 1648 luisse
2606 1592 2835 1649 suadent
2858 1592 2975 1647 tunc
2999 1591 3158 1647 verba
3189 1607 3339 1646 nmn.
3364 1590 3433 1645 Ως
3465 1590 3797 1663 Quandoqui-

2200 1684 2314 1740 dem
2341 1701 2434 1739 nos
2459 1700 2576 1738 cum
2614 1681 3020 1754 eaagitabamur,
3042 1683 3206 1737 uexati
3233 1686 3396 1754 fame,
3427 1692 3570 1753 peste
3592 1724 3608 1749 ,
3641 1699 3795 1755 gran-

2200 1775 2352 1842 dine,
2398 1775 2621 1830 siccitate
2644 1816 2659 1842 ,
2692 1775 2974 1842 incendiis,
3007 1774 3225 1829 hostium
3264 1774 3593 1843 incursione,
3636 1791 3799 1830 nonne

2195 1867 2419 1939 quotidie
2469 1866 2681 1921 ecclesia
2732 1865 3056 1920 multitudine
3094 1865 3494 1920 convenientium
3558 1875 3797 1937 angusta-

2204 1959 2352 2013 batur
2539 1957 2821 2030 Postquam
2840 1967 3010 2012 autem
3040 1955 3178 2012 Deus
3200 1959 3330 2011 iram
3350 1957 3587 2027 deposuit
3610 1996 3628 2024 ,
3659 1967 3802 2028 atque

2200 2059 2311 2122 post
2340 2058 2505 2105 tantos
2531 2051 2719 2120 [luctus
2749 2049 3025 2120 procellam
3048 2046 3233 2119 abegit,
3262 2047 3331 2102 ad
3350 2048 3595 2118 pristinos
3622 2049 3801 2102 iterum

2199 2157 2362 2196 mores
2392 2142 2577 2196 reversi
2602 2156 2797 2195 sumus.
2821 2139 2972 2211 Atqui
3008 2139 3063 2193 in
3088 2140 3200 2210 ipso
3226 2139 3559 2193 tentationum
3583 2150 3801 2209 tempore

2205 2234 2313 2288 hate
2351 2234 2628 2303 prtedicere
2661 2244 2706 2287 et
2736 2233 2997 2302 testiﬁcari
3037 2249 3139 2287 non
3184 2231 3500 2288 desistobam.
3553 2233 3657 2287 llic
3694 2233 3803 2287 lon-

2200 2339 2321 2395 gam
2357 2325 2721 2379 calamitatum
2759 2326 2956 2380 seriem
2986 2332 3251 2379 memorat
3274 2364 3290 2391 ,
3333 2324 3526 2394 quibus
3568 2338 3803 2393 prmseus

2202 2415 2318 2486 ipse
2345 2422 2497 2483 erat,
2529 2423 2588 2471 et
2624 2414 3046 2470 concionabatur
3077 2430 3091 2467 :
3122 2429 3241 2484 qum
3282 2413 3462 2469 omnia
3491 2415 3710 2469 nonnisi
3739 2414 3799 2469 ad

2204 2516 2457 2579 tempus,
2496 2524 2604 2578 quo
2656 2507 2959 2563 Antiochia:
3014 2508 3297 2579 presbyter
3342 2516 3497 2574 erat,
3545 2507 3804 2578 quadrare

2203 2608 2448 2670 possunt.
2491 2600 2734 2656 llostium
2772 2614 2904 2656 vero
2954 2600 3200 2655 incursus
3250 2608 3398 2670 putat
3427 2598 3799 2655 Tillemontius

2206 2707 2329 2747 esse
2357 2692 2692 2748 invasionem
2726 2692 2871 2747 illam
2900 2691 3236 2757 llunnorum,
3255 2705 3375 2761 qute
3399 2705 3543 2745 anno
3562 2690 3675 2747 395
3693 2705 3807 2746 eon-

2205 2783 2537 2854 tigitzquod
2591 2792 2677 2840 sat
2736 2784 2951 2855 quidem
3008 2784 3304 2839 verisimile
3347 2782 3578 2838 videtur.
3629 2782 3703 2839 Ut
3753 2793 3807 2838 ut

2208 2889 2337 2929 vero
2365 2884 2448 2930 est
2467 2916 2482 2939 ,
2518 2874 2660 2931 hanc
2685 2876 2737 2930 in
2767 2875 3008 2941 ultimos,
3035 2875 3229 2946 quibus
3261 2874 3566 2933 Antiochia:
3593 2876 3806 2931 concio-

2208 2976 2367 3022 natus
2393 2977 2499 3036 est,
2529 2984 2705 3024 annos
2751 2978 3053 3039 opportune
3078 2969 3373 3040 rejicimus.

2277 3059 2471 3130 Quinta
2498 3101 2516 3129 ,
2545 3062 2697 3133 cujus
2742 3062 2974 3130 initium,
3003 3061 3148 3117 Lana
3189 3062 3332 3118 nobis
3361 3064 3514 3118 hodie
3546 3080 3611 3118 ac
3640 3063 3807 3135 [ausa

2207 3151 2502 3221 celebritas,
2530 3162 2614 3208 est
2636 3154 3017 3225 pulcherrima,
3049 3170 3212 3225 quam
3247 3154 3310 3209 de
3339 3155 3547 3227 jejunio
3574 3197 3590 3221 ,
3624 3154 3805 3210 inscri-

2207 3243 2316 3314 psit
2348 3242 2600 3300 Savilius.
2632 3245 2705 3300 Et
2724 3255 2807 3301 est
2827 3247 3042 3317 quidem
3065 3246 3132 3302 de
3147 3247 3354 3318 jejunio
3378 3288 3393 3313 ,
3420 3247 3517 3303 sed
3546 3248 3807 3318 pmoipue

2208 3334 2276 3389 de
2315 3337 2632 3406 poenitentia
2656 3378 2671 3402 ,
2699 3353 2817 3408 qua:
2857 3353 2964 3409 quo
3013 3348 3169 3409 pacto
3216 3354 3338 3394 cum
3384 3339 3509 3396 aliis
3543 3340 3809 3396 cohaereat

2208 3426 2540 3497 deprehendi
2572 3429 2721 3484 nullo
2762 3429 2925 3485 modo
2953 3440 3147 3500 potest.
3175 3431 3477 3487 Antiochiae
3504 3447 3640 3488 vero
3666 3431 3807 3487 babi-

2212 3528 2319 3574 tam
2348 3519 2512 3577 fuisse
2550 3521 2748 3577 indicat
2776 3522 3228 3595 Chrysostomns,
3257 3538 3378 3578 cum
3421 3523 3806 3581 monachorum

2211 3612 2264 3668 in
2291 3614 2566 3671 montibus
2597 3614 2842 3685 proxime
2879 3614 3188 3685 degentium
3214 3616 3520 3686 exemplum
3561 3617 3806 3673 conside-

2209 3705 2440 3761 randum
2465 3704 2678 3773 offerat,
2701 3714 2758 3760 ut
2783 3706 2921 3762 solet
2943 3706 2999 3762 in
3019 3707 3365 3763 coneionibus
3390 3708 3695 3765 Antiochia:
3718 3708 3809 3763 hs-

2214 3797 2361 3854 bitis.

2284 3892 2469 3959 Sexta,
2501 3894 2655 3964 cujus
2684 3893 2916 3963 initium,
2950 3892 3117 3962 Quam
3146 3893 3369 3966 jucundi
3395 3894 3720 3965 spiritales,
3743 3893 3809 3950 de

2209 3985 2417 4057 jejunio
2447 3986 2684 4042 maxime
2718 3987 2867 4058 agit:
2900 4002 2968 4041 an
3008 4001 3139 4042 vero
3177 3986 3513 4055 Antiochiae,
3554 4001 3625 4041 an
3672 3986 3810 4043 Con-

2215 4077 2562 4149 stantinopoli
2615 4077 2794 4133 habita
2838 4078 3037 4145 luerit,
3074 4078 3256 4145 nullo,
3289 4088 3348 4133 ut
3391 4078 3627 4147 videtur,
3655 4077 3810 4134 modo

2216 4168 2551 4240 deprehendi
2582 4176 2781 4240 potest.
2808 4167 3068 4225 liomilias
3113 4169 3235 4224 illas
3272 4169 3403 4225 duas
3444 4170 3503 4224 in
3539 4169 3808 4226 Psalmum

2213 4263 2740 4333 quinquagesimum,
2766 4278 2888 4333 qua:
2916 4262 2970 4318 in
2992 4262 3178 4333 quinto
3195 4262 3364 4318 Tomo
3392 4263 3568 4318 locum
3593 4263 3806 4330 habent,

2215 4364 2403 4426 putant
2425 4355 2643 4427 quidam
2664 4354 3013 4411 eoneionihus
3028 4354 3096 4411 de
3113 4355 3431 4411 Ptenitentia
3448 4355 3811 4427 adjungendas

2215 4462 2337 4504 esse
2376 4466 2390 4504 :
2432 4458 2531 4515 at,
2557 4457 2617 4504 ut
2659 4464 2759 4505 suo
2811 4448 2934 4505 loco
2980 4448 3199 4516 dicitur,
3227 4462 3353 4504 cum
3395 4447 3502 4504 illis
3538 4448 3813 4504 cohaerere

2216 4557 2378 4613 posse
2404 4558 2511 4599 non
2538 4542 2811 4599 videntur.

2287 4637 2422 4699 Tres
2447 4650 2738 4712 sequentes
2762 4639 3022 4709 homiliaa,
3054 4654 3248 4711 nempe
3268 4641 3518 4711 septima,
3544 4648 3738 4696 octava
3764 4649 3815 4696 et

2217 4745 2357 4786 nona
2378 4772 2393 4797 ,
2418 4746 2525 4787 non
2566 4746 2725 4803 pares
2776 4730 3141 4788 Germanitatis
3189 4740 3346 4787 notas
3372 4747 3482 4803 prae
3524 4746 3585 4787 se
3615 4731 3814 4788 ferunt.

2215 4821 2400 4895 Stylus
2439 4822 2860 4896 aChrysostomi
2904 4823 3170 4895 elegantia
3213 4838 3319 4879 non
3362 4838 3550 4894 parum
3590 4824 3817 4879 recedit.

2216 4917 2577 4984 Quamobrem
2605 4933 2714 4974 non
2758 4920 2877 4974 sine
2912 4918 3095 4989 aliquo
3120 4918 3374 4988 scrupulo
3401 4932 3495 4972 eas
3519 4917 3661 4972 inter
3696 4932 3811 4988 ger»

2217 5026 2374 5066 mana
2396 5004 2770 5083 Ch‘rysostomi
2797 5025 2961 5082 opera
2997 5011 3383 5082 relinquimus;
3414 5024 3517 5064 nec
3544 5017 3726 5065 tamen
3753 5006 3818 5062 ab

2218 5104 2323 5160 illis
2348 5103 2706 5174 sejungendas
2731 5117 2853 5158 esse
2878 5102 3148 5168 duximus,
3178 5100 3432 5172 quoniam
3471 5108 3532 5155 ut
3557 5099 3669 5169 jam
3691 5098 3814 5153 alibi

2216 5199 2543 5263 monuimus,
2571 5198 2626 5252 in
2646 5196 2857 5252 dicendi
2883 5210 3082 5266 genere
3110 5208 3217 5249 non
3241 5206 3456 5263 semper
3480 5191 3582 5246 sibi
3607 5197 3814 5246 constat

2218 5289 2272 5346 S.
2297 5289 2502 5345 doctor.
2526 5290 2674 5344 Alias
2715 5288 2937 5358 insuper
2976 5284 3348 5358 Chrysostomi
3389 5283 3459 5340 de
3498 5282 3813 5339 Pcenitentia

2219 5381 2469 5438 homilias
2494 5380 2753 5437 habemus
2772 5422 2788 5449 ,
2830 5395 2964 5451 quas
2998 5388 3184 5451 utpote
3226 5377 3437 5450 spurias
3463 5377 3516 5433 in
3546 5372 3816 5445 Appendi-

2216 5491 2335 5532 cem
2364 5475 2747 5546 ablegavimus.

2292 5568 2606 5624 Innumeras
2663 5566 2959 5623 Antiochiae
3010 5565 3195 5621 habuit
3244 5564 3536 5621 conciones
3582 5561 3793 5632 Chrysa

2220 5669 2427 5716 stomus
2449 5700 2465 5725 ,
2493 5674 2718 5730 quarum
2751 5672 2945 5730 magna
2970 5672 3096 5728 pars
3117 5656 3263 5712 edita
3296 5654 3395 5711 fuit
3417 5698 3432 5722 ,
3458 5665 3513 5710 et
3542 5668 3693 5710 nom
3733 5652 3811 5706 in-

2220 5750 2433 5807 terdum
2456 5765 2487 5804 a
2515 5749 2751 5807 tenebris
2778 5758 3057 5805 eruuntur.
3083 5748 3161 5804 Ex
3191 5746 3351 5803 editis
3385 5759 3516 5801 vero
3555 5758 3808 5815 quarum-

2220 5848 2343 5903 dam
2386 5858 2583 5900 annnm
2621 5857 2728 5915 quo
2753 5839 2911 5899 dicta:
2954 5840 3166 5898 luerunt
3211 5838 3563 5896 indicavimus
3608 5835 3690 5891 vel
3739 5847 3804 5891 ex
