3948 6406
192 390 292 445 “5

189 503 353 558 certis
378 504 522 559 notis
543 545 558 569 ,
584 503 671 560 vel
710 518 783 560 ex
813 502 1118 574 conjectura
1160 508 1363 556 tantum
1427 515 1440 551 :
1468 505 1783 552 cmterarum

191 607 540 665 autem,qua:
584 596 741 666 longe
785 592 977 665 majori
1023 607 1248 649 numero
1284 599 1443 655 sunt,
1474 603 1672 643 annum
1718 601 1787 641 ne

190 688 501 757 conjectura
538 686 752 759 quidem
787 685 1002 758 assequi
1050 700 1119 757 po
1136 697 1354 740 .sumus.
1380 682 1454 737 De
1493 680 1578 735 his
1620 692 1788 751 porro

194 781 298 857 jam
326 779 591 852 agendum
622 778 778 836 nobis
803 787 905 834 est.

259 867 517 926 Eucomia
563 868 720 926 Pauli
761 868 1199 942 Apostoli.—Et
1244 868 1418 941 primo
1456 864 1670 938 quidem
1718 861 1788 918 de

193 956 349 1018 Pauli
366 958 631 1013 encomiis
650 954 737 1030 (T.
762 957 818 1011 2.
837 973 882 1009 c.
913 954 1040 1023 469)
1072 970 1167 1009 seu
1194 954 1535 1009 sermonibus
1551 964 1783 1023 septem,

190 1064 334 1123 quos
358 1050 582 1106 omnino
610 1062 912 1103 memorare
939 1046 1150 1101 videtur
1170 1046 1223 1100 in
1248 1046 1476 1100 llomilia
1511 1045 1562 1099 in
1588 1043 1790 1099 Kalen-

191 1143 313 1207 das,
330 1142 423 1198 ubi
438 1141 519 1196 sic
536 1141 696 1197 habet
712 1141 867 1210 paulo
883 1148 1004 1209 post
1025 1138 1254 1193 initium.
1276 1137 1461 1211 Nuper
1480 1139 1654 1209 igitur,
1675 1154 1788 1191 cum

188 1234 397 1291 beatum
443 1234 667 1289 Paulum
693 1234 933 1289 encomt'is
958 1232 1325 1288 celebraremus
1373 1231 1459 1305 (T.
1495 1233 1548 1285 4;
1575 1248 1621 1285 c.
1656 1230 1781 1287 955.

165 1329 225 1407 ,l.
255 1328 378 1399 20),
402 1330 477 1383 sic
496 1328 853 1393 exsultavistis,
891 1343 951 1380 ac
979 1328 1022 1380 si
1047 1327 1215 1395 ipsum
1252 1334 1546 1394 praesentem
1572 1326 1783 1377 vidisse-

188 1417 372 1470 tis.....
413 1416 652 1472 Volebam
684 1427 854 1473 autem
879 1419 931 1472 in
957 1418 1089 1473 idem
1129 1426 1482 1489 argumentum
1522 1416 1675 1472 hodie
1699 1416 1789 1471 de-

186 1509 470 1575 scendere;
498 1509 588 1564 sed
612 1510 680 1563 ad
698 1509 803 1563 alia
828 1510 1061 1580 quardam
1082 1551 1098 1573 ,
1121 1524 1236 1580 qut!
1260 1509 1421 1580 magis
1445 1517 1646 1579 urgent,
1673 1523 1791 1562 ora-

188 1601 259 1654 tio
310 1609 487 1655 nostra
528 1600 853 1671 provehitur;
879 1603 932 1655 in
968 1600 1146 1672 quibus
1191 1616 1224 1654 a
1265 1610 1371 1655 tota
1400 1599 1548 1654 hodie
1592 1600 1790 1653 civitate

187 1700 451 1763 peccatur.
477 1691 581 1746 Eos
602 1693 733 1746 enim
755 1734 771 1761 ,
800 1693 888 1763 qui
908 1693 1135 1747 encomia
1163 1692 1319 1747 Pauli
1348 1692 1529 1746 audire
1553 1693 1784 1762 cupiunt,

187 1785 334 1855 prius
359 1784 561 1838 virtutis
586 1783 746 1840 Pauli
771 1785 981 1840 temulos
1015 1801 1121 1840 esse
1146 1793 1379 1856 oportet,
1410 1793 1457 1839 et
1496 1783 1790 1851 huiusmodi

186 1881 432 1931 concione
459 1877 661 1947 dignos.
690 1876 787 1931 llic
823 1875 975 1931 vides
999 1876 1288 1931 conciones
1329 1875 1381 1929 in
1409 1874 1630 1929 Paulum
1676 1881 1788 1928 tum

185 1968 294 2038 jam
324 1967 538 2023 habitas
564 2007 580 2031 ,
609 1975 719 2023 tum
747 1978 870 2039 post
897 1966 1171 2023 habendas
1201 1964 1489 2022 memorari
1516 2007 1531 2032 ,
1563 1980 1787 2035 quarum

186 2069 568 2130 argumentum
599 2068 754 2115 erant
782 2061 1026 2116 encomia
1052 2059 1224 2115 Pauli.
1247 2058 1314 2113 Et
1337 2067 1516 2114 tamen
1530 2057 1790 2113 Herman-

188 2153 297 2209 tius
333 2153 584 2223 opinatus
619 2162 737 2222 est,
774 2153 906 2209 illud
934 2153 1084 2208 Pauli
1132 2152 1435 2209 encomium
1467 2153 1519 2207 in
1560 2152 1789 2207 Homilia

189 2245 259 2300 de
281 2244 538 2302 Kalendis
565 2254 922 2302 memoratum
942 2287 958 2313 ,
994 2246 1179 2302 haberi
1208 2247 1263 2302 in
1288 2246 1520 2301 llomilia
1547 2246 1616 2302 de
1641 2246 1787 2301 Peti-

192 2320 602 2394 tione'ﬁliorum
642 2337 893 2394 Zebedaei
920 2353 1070 2393 num.
1098 2339 1154 2405 5,
1189 2338 1280 2394 ubi
1306 2338 1478 2394 obiter
1500 2338 1648 2393 Pauli
1675 2340 1789 2393 latt-

188 2429 288 2485 des
318 2430 535 2499 attingit
558 2428 998 2502 Chrysostomus.
1015 2429 1391 2485 Tillemontius
1417 2444 1566 2497 vero,
1591 2431 1790 2500 rcjccta

188 2522 494 2578 llermautii
522 2522 811 2593 opinione,
840 2530 993 2592 putat
1018 2522 1293 2577 homiliam
1332 2521 1385 2576 in
1427 2521 1686 2577 concione
1724 2521 1793 2577 de

192 2612 453 2668 Kalendis
479 2623 829 2669 memoratam
855 2628 976 2667 eam
1006 2628 1127 2669 esse
1148 2655 1163 2680 ,
1194 2613 1347 2684 cujus
1375 2613 1578 2680 titulus,
1605 2614 1792 2679 Quales

189 2706 443 2760 ducenda:
469 2707 571 2761 sint
595 2721 782 2761 uxores
806 2748 822 2775 ,
848 2706 939 2762 ubi
967 2706 1161 2762 Paulus
1192 2705 1483 2761 identidem
1522 2705 1790 2761 laudatur.

192 2796 421 2862 Verum,
467 2807 523 2852 ut
563 2812 628 2854 ex
674 2798 921 2869 superius
957 2797 1136 2852 allatis
1174 2795 1352 2852 verbis
1394 2796 1655 2867 liquidum
1688 2804 1791 2864 est,

192 2906 307 2946 non
336 2891 515 2962 agitur
552 2892 624 2948 ibi
650 2891 719 2947 de
758 2890 1004 2947 laudibus
1042 2890 1237 2957 Pauli,
1269 2906 1403 2962 quas
1443 2889 1795 2947 concionibus

189 2988 306 3043 suis
331 3029 348 3054 ,
377 2987 663 3057 cujuslibet
692 2987 906 3042 tandem
929 2985 1231 3058 argumenti
1265 2985 1407 3054 sint,
1437 2985 1636 3056 passim
1676 2983 1795 3038 obi-

194 3088 386 3150 terque
432 3079 706 3135 intcrserit
779 3078 1234 3151 Chrysostomus,
1287 3075 1433 3148 quod
1502 3075 1798 3146 saepissime

194 3185 329 3226 sane
351 3170 653 3243 contingit;
681 3168 776 3226 sed
811 3169 878 3225 de
898 3170 1249 3225 concionibus
1274 3168 1543 3240 plurimis,
1570 3182 1796 3239 quarum

191 3274 569 3336 argumentum
593 3272 748 3320 erant
770 3263 1016 3319 encomia
1038 3262 1210 3318 Pauli:
1231 3262 1309 3316 Ad
1335 3261 1585 3329 eamdem,
1599 3261 1794 3332 inquit,

192 3372 376 3410 rursus
402 3355 721 3427 hypothesim
757 3354 1057 3410 descendere
1080 3354 1307 3409 volebam
1329 3368 1354 3416 ;
1385 3354 1438 3408 id
1463 3361 1548 3409 est
1566 3393 1582 3419 ,
1613 3366 1799 3407 rursus

193 3447 263 3503 de
330 3447 480 3502 Pauli
538 3447 787 3504 laudibus
828 3447 1141 3503 concionari
1196 3445 1442 3503 volebam
1479 3460 1629 3517 :quo
1672 3444 1799 3517 quid

195 3540 378 3609 aliud,
408 3556 625 3612 quwso,
657 3541 885 3597 indicari
942 3541 1149 3613 possit,
1196 3556 1359 3613 quam
1405 3555 1687 3597 sermones
1731 3538 1801 3595 de

198 3633 368 3689 Paulo
392 3636 637 3706 apostolo
655 3677 673 3705 ,
701 3634 772 3692 de
801 3634 994 3707 quibus
1023 3650 1168 3691 nunc
1192 3635 1442 3707 agimus?

272 3727 345 3784 Ut
364 3739 568 3785 certum
589 3738 674 3786 est
703 3730 800 3785 has
819 3730 1108 3788 conciones
1122 3730 1422 3787 Antiochia:
1442 3729 1613 3786 dictas
1637 3729 1803 3786 fuisse

199 3820 354 3890 (nam
381 3820 434 3875 id
462 3830 649 3891 aperte
678 3821 878 3878 indicat
905 3822 1324 3894 Chrysostomus
1362 3822 1583 3879 homilia
1611 3833 1801 3894 quarta

198 3910 269 3967 de
309 3911 455 3967 Pauli
494 3912 761 3982 laudibus,
787 3913 879 3969 ubi
906 3914 975 3971 de
1004 3915 1204 3985 templo
1233 3914 1499 3985 Apollinis
1527 3916 1581 3970 in
1607 3915 1804 3971 subur-

201 4003 294 4060 bio
313 4004 605 4075 Daphnesa
627 4006 851 4064 fulmine
872 4015 1013 4064 tacto
1032 4009 1196 4064 verba
1222 4008 1372 4080 facit)
1404 4027 1418 4064 :
1446 4008 1519 4064 ita
1541 4008 1610 4064 de
1638 4023 1800 4073 anno,

201 4111 312 4167 quo
333 4096 448 4152 haec
473 4099 827 4156 concionatus
856 4109 958 4168 est,
993 4100 1127 4156 nihil
1152 4102 1237 4157 vel
1263 4110 1470 4157 certum
1507 4101 1593 4157 vel
1617 4101 1805 4157 admo-

200 4188 333 4244 dum
361 4190 639 4261 probabile
663 4193 821 4248 statui
849 4201 1043 4264 potest.
1080 4192 1284 4249 Eodem
1306 4205 1508 4261 autem,
1550 4209 1659 4265 quo
1693 4195 1804 4249 llo-

203 4282 368 4337 milize
406 4282 459 4337 in
486 4282 778 4351 Kalendas,
825 4300 968 4342 anno
1002 4286 1086 4342 ha:
1116 4287 1405 4343 conciones
1430 4286 1627 4342 habitae
1657 4294 1802 4355 sunt,

203 4383 368 4445 atque
396 4382 454 4429 ut
475 4374 890 4448 Chrysostomus
918 4378 1013 4444 ait,
1043 4378 1290 4434 llomilia:
1324 4379 1377 4433 in
1414 4377 1682 4434 Kalendas
1717 4377 1807 4434 Ja-

168 4540 175 4543 _
206 4468 405 4533 nuarii,
442 4469 694 4526 Encomia
723 4483 819 4527 seu
854 4485 1135 4528 sermones
1160 4471 1214 4527 in
1249 4471 1469 4527 Paulum
1502 4471 1809 4541 intercepe-

174 4573 336 4635 ;runt
362 4582 376 4617 :
401 4562 475 4619 ita
507 4573 568 4619 ut
599 4579 672 4620 ex
713 4565 1055 4621 sermonibus
1076 4566 1136 4620 in
1162 4565 1407 4629 Paulum,
1453 4564 1670 4635 quidam
1712 4562 1808 4620 Ja-

208 4655 457 4711 nuarium
499 4672 739 4714 mensem
789 4659 1197 4730 praecesserint,
1247 4658 1463 4730 quidam
1517 4660 1572 4715 in
1622 4673 1810 4716 mense

205 4747 464 4804 Januario
491 4747 656 4805 habiti
678 4749 895 4805 fuerint.
924 4751 1031 4806 llos
1059 4759 1238 4807 autem
1275 4751 1326 4806 in
1356 4751 1580 4807 Paulum
1606 4765 1811 4807 sermo-

209 4856 313 4896 nes
340 4842 580 4899 Anianus
605 4843 924 4914 Pelagianus
949 4843 1136 4899 Latine
1155 4844 1438 4911 convertit,
1466 4852 1663 4915 putans
1692 4844 1812 4899 illos

209 4932 411 4990 haeresi
460 4950 573 4991 sua:
614 4935 794 4992 favere
827 4975 842 4990 .
887 4951 990 5007 qua
1035 4936 1103 4992 de
1140 4950 1200 4991 re
1239 4936 1480 5006 pluribus
1512 4936 1720 5006 egimus
1757 4936 1812 4991 in

207 5027 416 5082 llonito
443 5042 493 5083 c.
520 5027 645 5085 471.
672 5028 730 5084 1η
759 5028 844 5085 his
873 5044 1032 5101 porro
1062 5028 1297 5084 homiliis
1319 5035 1525 5099 septem
1550 5030 1665 5084 sive
1691 5043 1813 5085 ora-

211 5120 450 5177 tionibus
476 5120 717 5189 Paulum,
756 5138 925 5194 quem
955 5123 1009 5178 in
1050 5130 1164 5178 toto
1191 5137 1416 5190 operum
1454 5136 1673 5177 suorum
1721 5121 1814 5177 dc-

210 5229 377 5271 cnrsu
399 5216 586 5287 quavis
610 5215 734 5271 data
758 5217 1042 5273 occasione
1065 5215 1318 5280 celebrat,
1342 5212 1622 5269 confertim
1645 5213 1817 5269 laudi-

211 5310 317 5364 bus
362 5309 580 5364 extollit
623 5325 639 5361 :
688 5308 838 5364 illum
886 5324 1007 5364 cum
1064 5308 1266 5363 sanctis
1318 5306 1526 5364 Veteris
1577 5315 1636 5362 et
1680 5305 1815 5361 Novi

212 5401 544 5459 Testamenti
571 5404 796 5470 confert,
826 5403 1031 5458 nullum
1054 5401 1184 5458 dicit
1207 5400 1371 5457 fuisse
1396 5410 1473 5456 tot
1497 5414 1815 5457 arcanorum

209 5504 547 5551 consortem.
599 5495 721 5552 Uno
766 5496 953 5559 verbo,
1002 5493 1118 5550 haec
1159 5493 1309 5550 Pauli
1349 5492 1597 5550 encomia
1630 5507 1817 5549 eorum

207 5585 458 5641 omnium
504 5586 880 5657 compendium
923 5601 1044 5642 esse
1073 5585 1196 5657 jure
1244 5584 1463 5652 dixeris,
1510 5600 1629 5655 quae
1656 5582 1819 5639 Com-

206 5679 500 5735 meutariis
524 5679 580 5735 in
601 5682 733 5735 Acta
754 5688 809 5736 et
823 5681 875 5735 in
897 5680 1169 5751 Epistolas
1189 5679 1338 5735 Pauli
1356 5679 1425 5736 de
1441 5679 1576 5735 tanti
1592 5679 1818 5749 apostoli

208 5770 531 5845 prmstantia
556 5780 612 5827 et
638 5774 836 5828 virtute
862 5772 1142 5844 praedicat.

285 5858 588 5936 Intercepta
613 5862 772 5936 igitur
796 5862 1144 5922 ilomiliarum
1166 5863 1220 5920 in
1246 5862 1471 5949 Paulum
1497 5863 1638 5921 serie
1665 5862 1819 5938 (T.l.

1404 379 1585 437 NUNC
1622 374 1885 435 PRIMUM
1925 378 2321 439 ADORNATA.

3385 390 3485 448 “6

1888 510 1934 547 ε.
1962 492 2119 565 951),
2155 495 2572 567 Chrysostomus
2599 499 2881 559 llomiliam
2902 504 2957 560 in
2986 504 3255 563 Kalenlas
3280 507 3481 566 habuit.

1894 587 1993 642 llic
2020 602 2147 643 vero
2173 587 2426 646 Kalendae
2450 590 2686 647 Januarii
2715 607 3100 667 memorantur,
3127 614 3232 671 qua
3256 597 3345 656 die
3387 617 3481 657 an-

1893 694 1994 734 nus
2032 680 2380 752 incipiebatur
2405 684 2546 754 apud
2576 685 2865 752 Romanos,
2893 698 2948 746 et
2971 701 3122 760 εένια,
3163 708 3258 750 seu
3291 712 3483 752 munu-

1891 772 2060 836 scula,
2087 773 2274 829 amicis
2294 777 2637 847 cognatisque
2662 778 3041 838 offerebantur.
3073 784 3187 840 Mos
3218 796 3342 843 tunc
3367 798 3483 844 erat

1892 864 2138 919 convivia
2186 866 2482 936 celebrare,
2532 869 2743 941 aliaque
2801 873 3027 942 publicae
3081 876 3280 934 laztitiaa
3332 880 3480 950 signa

1892 953 2044 1023 dare,
2088 956 2175 1011 ubi
2218 958 2532 1031 plerumque
2568 961 2841 1018 dissoluta:
2871 965 3039 1033 plebis
3072 976 3242 1038 gesta,
3291 984 3480 1041 supcr-

1892 1048 2130 1104 stitiosas
2161 1051 2580 1116 observationes,
2625 1054 2834 1125 aliaque
2865 1056 2914 1110 id
2945 1072 3114 1127 genus
3137 1060 3317 1115 videre
3345 1071 3480 1117 erat.

1892 1140 2004 1208 Qua
2034 1141 2102 1195 de
2126 1157 2186 1197 re
2209 1144 2480 1199 auditores
2500 1161 2627 1200 suos
2655 1149 2829 1217 carpit
2855 1148 3287 1222 Cbrysostomus.
3329 1154 3484 1209 Liba.

1891 1232 2015 1287 nius
2036 1248 2197 1303 porro
2222 1236 2537 1304 Opusculum
2564 1238 2731 1293 edidit
2768 1240 2823 1294 in
2853 1240 3118 1298 Kalendas
3145 1243 3481 1314 inscriptum,

1894 1321 1984 1377 ubi
2032 1338 2140 1394 quo
2184 1325 2289 1379 ritu
2335 1325 2587 1383 Kalendae
2625 1330 2818 1384 fierent
2859 1331 3160 1387 minutatim
3207 1333 3483 1402 describit,

1893 1414 2073 1485 aitque
2096 1431 2256 1470 unam
2279 1418 2630 1490 eamdemque
2660 1421 3021 1477 celebritatem
3054 1439 3148 1493 per
3172 1433 3335 1479 totum
3374 1426 3485 1479 llo-

1894 1519 2110 1560 manum
2136 1506 2419 1577 imperium
2447 1510 2536 1564 illa
2565 1511 2654 1566 die
2680 1513 2785 1583 agi.
2818 1512 3000 1584 Itaque
3025 1515 3092 1570 de
3117 1515 3203 1570 die
3228 1526 3278 1571 et
3304 1532 3489 1573 mense

1893 1594 2038 1649 nulla
2076 1596 2285 1653 videtur
2309 1600 2534 1669 qumstio
2570 1603 2777 1657 moveri
2808 1619 3003 1673 posse;
3035 1620 3191 1660 secus
3217 1616 3390 1662 autem
3421 1609 3489 1663 de

1893 1702 2056 1757 anno,
2088 1704 2248 1759 quem
2294 1706 2363 1746 ne
2404 1691 2730 1763 coniecturis
2759 1693 2973 1765 quidem
3013 1697 3357 1767 probabiliter
3405 1712 3491 1752 as-

1893 1778 2093 1849 signari
2117 1795 2273 1850 posse
2294 1791 2561 1853 putamus.

1964 1873 2222 1929 llomilias
2258 1875 2326 1931 de
2352 1876 2559 1933 Lazaro
2590 1876 2676 1951 (T.
2705 1879 2757 1933 l.
2792 1898 2838 1936 c.
2866 1880 2999 1954 963)
3044 1894 3145 1951 qua
3183 1881 3307 1936 anni
3352 1888 3489 1936 tem-

1895 1973 2103 2034 pestate
2136 1964 2385 2022 habuerit
2430 1967 2847 2041 Chrysostomus
2889 1970 3003 2041 ipse
3052 1970 3326 2038 declarat;
3382 1975 3493 2029 imo

1894 2053 2054 2111 etiam
2079 2072 2183 2127 qua
2210 2057 2297 2114 die
2327 2061 2551 2130 primam
2583 2060 2779 2117 dixerit
2817 2063 3059 2117 enuntiat
3085 2064 3137 2117 in
3160 2064 3277 2133 ipso
3308 2065 3494 2135 prima:

1896 2152 2171 2207 concionis
2194 2152 2348 2207 titulo
2374 2171 2388 2208 :
2416 2152 2649 2209 Homilia
2671 2156 2914 2225 postridie
2943 2154 3209 2212 Kalendas
3230 2160 3498 2214 Antiochia:

1897 2242 2091 2309 habita,
2124 2243 2188 2298 de
2213 2245 2276 2298 iis
2304 2245 2393 2317 qui
2435 2245 2765 2312 inebriantur,
2811 2247 2971 2318 deque
3011 2248 3074 2302 iis
3104 2249 3189 2317 qui
3217 2257 3498 2303 commeant

1896 2336 1965 2389 ad
1987 2352 2267 2407 cauponas,
2295 2339 2481 2411 quique
2501 2340 2713 2394 choreas
2739 2339 2927 2394 ducunt
2956 2357 3045 2410 per
3068 2340 3338 2407 civitatem,
3362 2342 3498 2411 quod

1895 2445 1996 2483 non
2048 2438 2276 2499 oporteat
2325 2440 2686 2502 prwceptorem
2754 2431 3020 2502 desperare
3090 2432 3154 2485 de
3209 2432 3494 2501 discipulis,

1894 2520 2094 2576 etiamsi
2110 2522 2163 2577 in
2186 2538 2405 2593 praesens
2426 2538 2528 2576 non
2550 2522 2890 2592 obtemperent
2913 2538 2933 2577 ε
2953 2532 3204 2594 postremo
3221 2524 3284 2577 de
3297 2524 3498 2579 Lazaro

1896 2616 2128 2670 mendico
2153 2632 2213 2669 ac
2243 2615 2306 2670 de
2327 2616 2509 2681 divite;
2540 2624 2649 2670 tum
2678 2614 2837 2669 etiam
2862 2615 2912 2669 in
2939 2616 3216 2671 concionis
3237 2618 3498 2687 principio

1898 2709 2068 2778 ipsam
2099 2707 2240 2763 diem
2281 2708 2519 2778 assignat
2546 2723 2561 2763 :
2602 2707 2850 2763 Hesterna
2878 2707 2978 2773 die,
3011 2725 3127 2763 cum
3152 2717 3278 2763 esset
3316 2710 3499 2779 festum

1897 2802 2132 2869 Satauw,
2161 2801 2348 2873 fecistis
2380 2806 2563 2874 festum
2593 2801 2839 2872 Spiritus.
2873 2800 3026 2857 Unde
3055 2801 3250 2857 inferas
3271 2803 3499 2873 primam

1899 2893 2046 2948 illam
2097 2894 2166 2951 de
2216 2895 2422 2951 Lazaro
2467 2895 2782 2952 concionem
2828 2894 3021 2951 dictam
3061 2894 3227 2951 fuisse
3264 2897 3501 2952 secundo

1900 2984 2137 3040 Januarii
2162 2986 2270 3051 die,
2304 2996 2425 3057 post
2455 2989 2650 3044 festum
2684 2987 3068 3055 Saturnalium,
3096 2988 3237 3059 quod
3260 3004 3385 3044 vere
3429 2990 3503 3044 fc-

1900 3087 2041 3134 stum
2064 3077 2274 3134 Satanas
2299 3087 2435 3144 erat,
2473 3080 2566 3134 ubi
2594 3079 2926 3145 tcmulentia,
2963 3079 3228 3148 tripudiis,
3261 3081 3502 3135 saltatio.

1903 3169 2081 3235 nibus,
2113 3171 2619 3237 comessationibus,
2662 3171 2887 3241 aliisque
2923 3185 2989 3226 ex
3016 3170 3280 3226 Bacchico
3323 3170 3504 3227 furore

1902 3264 2350 3334 consequentibus
2376 3280 2595 3335 operam
2630 3264 2790 3321 dabat
2817 3279 2940 3336 pars
2967 3265 3205 3319 maxima
3235 3265 3462 3321 civitatis
3486 3282 3501 3329 ;

1902 3355 2219 3426 videturque
2238 3355 2426 3412 eodem
2450 3372 2590 3412 anno
2620 3357 2799 3413 habita
2825 3372 2931 3428 quo
2952 3356 3168 3412 homilia
3189 3356 3432 3427 superior
3450 3357 3500 3410 in

1903 3446 2190 3516 Kalendas,
2218 3448 2431 3519 quando
2470 3457 2527 3503 ut
2568 3448 2857 3504 dissolutos
2899 3462 3080 3504 mores
3114 3459 3502 3517 compesceret,

1904 3549 2329 3595 strenue-contra
2360 3540 2642 3595 satanicam
2676 3539 2814 3594 hanc
2836 3538 3274 3594 consuetudinem
3294 3539 3508 3594 concio-

1906 3642 2065 3689 natus
2091 3641 2192 3689 cst.
2240 3633 2317 3688 De
2360 3649 2502 3688 anno
2536 3640 2735 3699 autem,
2785 3647 2891 3702 quo
2920 3630 3004 3686 ba:
3041 3630 3276 3686 homilia:
3315 3629 3508 3685 habita:

1906 3727 2076 3796 fuere,
2108 3743 2177 3785 ne
2199 3726 2460 3798 probabili
2489 3726 2703 3798 quidem
2726 3726 2931 3781 ratione
2955 3724 3244 3796 quidquam
3269 3731 3505 3779 statuere

1906 3836 2214 3893 possumus.

1979 3915 2090 3970 llas
2114 3928 2244 3971 vero
2258 3914 2546 3972 conciones
2562 3913 2901 3971 continenter
2919 3912 3124 3980 habuit,
3142 3912 3324 3982 paucis
3340 3911 3511 3967 inter-

1908 4007 2097 4079 positis
2126 4006 2268 4063 inter
2299 4006 2537 4077 singulas
2564 4006 2774 4071 diebus,
2831 4004 3025 4075 quibus
3058 4004 3284 4060 fortasse
3322 4001 3511 4058 diebus

1908 4114 2001 4155 eas
2026 4114 2145 4170 qua:
2167 4098 2237 4154 de
2261 4096 2318 4154 S.
2351 4098 2515 4153 Paulo
2544 4106 2861 4167 supererant
2885 4096 3134 4152 absolvit.
3165 4095 3222 4150 In
3250 4092 3507 4160 secunda,

1909 4206 2068 4262 quam
2098 4189 2280 4261 paucis
2299 4196 2422 4260 post
2447 4189 2672 4259 primam
2701 4186 2890 4242 diebus
2915 4186 3121 4253 habuit,
3150 4185 3329 4240 statim
3357 4183 3507 4251 dicit,

1910 4282 2140 4352 primum
2168 4279 2382 4335 virtutis
2408 4276 2629 4350 gradum
2668 4291 2788 4332 esse
2812 4274 3034 4331 alterius
3073 4273 3255 4330 virtuti
3292 4274 3514 4345 applau-

1910 4374 2060 4430 dere.
2104 4372 2239 4427 llinc
2267 4371 2462 4427 malam
2490 4368 2843 4441 quorumdam
2880 4366 3186 4438 opinionem
3228 4366 3297 4423 de
3334 4365 3513 4421 medio

1912 4468 2104 4525 tollere
2137 4466 2330 4536 satagit
2360 4481 2376 4520 :
2423 4472 2577 4522 erant
2600 4464 2741 4520 enim
2768 4462 2983 4534 quidam
3009 4462 3100 4534 qui
3122 4471 3369 4533 putarent
3391 4459 3513 4515 ani-

1912 4578 2028 4619 mas
2053 4562 2288 4618 violenta
2326 4568 2502 4617 morte
2538 4557 2909 4615 decedentium
2936 4555 3051 4613 fieri
3083 4557 3378 4613 daemonas.
3413 4556 3519 4613 Po-

1913 4663 2026 4711 stea
2070 4654 2139 4710 de
2166 4653 2372 4709 Lazaro
2404 4661 2460 4707 et
2484 4650 2553 4707 de
2579 4650 2744 4706 divite
2766 4649 2928 4705 verba
2958 4646 3106 4715 facit,
3133 4648 3314 4720 aitque
3337 4656 3516 4720 rapto-

1914 4762 2029 4805 rem
2056 4745 2469 4819 computandum
2496 4758 2617 4801 esse
2645 4742 2882 4810 divitem,
2911 4741 3002 4813 qui
3021 4748 3227 4815 partem
3255 4741 3516 4798 bonorum

1914 4856 2023 4896 non
2053 4840 2311 4910 impertit.

1988 4934 2047 4989 ln
2087 4933 2242 4989 tertia
2281 4932 2528 4987 hortatur
2561 4928 2628 4984 ad
2669 4927 2955 4985 lectionem
2995 4924 3285 4996 Scriptura:
3325 4938 3514 4990 sacrae,

1917 5027 2099 5098 aitque
2123 5041 2188 5083 ex
2218 5021 2485 5095 frequenti
2508 5021 2771 5093 ejusmodi
2799 5020 3028 5076 lectione
3060 5025 3294 5075 mentem
3320 5014 3518 5087 aperiri

1917 5118 1986 5174 ad
2015 5119 2272 5189 majorem
2302 5115 2418 5186 ejus
2433 5112 2854 5186 intelligentiam.
2882 5110 3171 5181 Scriptura:
3197 5123 3327 5163 vero
3352 5120 3520 5162 sacrae

1920 5208 2271 5280 ignorantiam
2294 5206 2528 5262 haereses
2553 5204 2843 5275 peperisse,
2867 5217 2930 5260 ac
2946 5209 3224 5273 postquam
3248 5199 3316 5255 de
3331 5197 3524 5253 adver-

1921 5304 1997 5359 sis
2022 5304 2286 5374 patienter
2310 5299 2548 5357 ferendis
2576 5299 2741 5354 multa
2779 5298 2935 5365 dixit,
2964 5296 3260 5353 orationem
3298 5290 3519 5346 claudit.

1997 5395 2228 5451 Homilia
2253 5394 2316 5448 de
2335 5393 2398 5450 S.
2421 5391 2642 5464 Babylo.
2668 5420 2743 5433 —
2774 5390 2900 5446 Post
2930 5388 3046 5445 haec
3078 5386 3352 5454 aliquanto
3378 5389 3519 5437 tem-

1922 5502 2056 5559 pore
2108 5501 2387 5544 sermones
2436 5486 2504 5542 de
2548 5484 2752 5541 Lazaro
2794 5478 3119 5544 intermisit,
3180 5474 3413 5545 primum
3464 5483 3520 5529 ut

1924 5584 1982 5640 S.
2027 5582 2243 5655 Babylte
2271 5580 2509 5651 episcopi
2549 5573 2869 5635 Antiocheni
2901 5581 2959 5629 et
3002 5568 3291 5641 martyris;
3329 5568 3526 5624 deinde

1927 5690 2060 5732 vero
2100 5684 2158 5731 ut
2184 5682 2489 5730 sanctorum
2529 5666 2798 5726 Juventini
2837 5673 2892 5721 et
2929 5660 3201 5720 Maximini
3229 5669 3526 5729 martyrum

1927 5768 2169 5825 eucomia
2200 5767 2513 5823 celebraret.
2544 5762 2659 5828 Qua
2688 5760 2741 5815 in
2761 5773 2823 5814 re
2843 5758 2962 5828 ipso
2976 5754 3361 5827 Chrysostomo
3382 5749 3528 5807 duce

1931 5861 2199 5935 loquimur
2242 5877 2257 5915 :
2298 5858 2372 5914 ait
2394 5855 2536 5913 enim
2569 5854 2657 5911 ill'e
2679 5849 2781 5909 sub
2808 5850 3017 5908 initium
3057 5845 3291 5905 homilia:
3323 5850 3527 5912 quarue
