3948 6412
509 382 609 440 H7

502 497 572 553 de
594 496 795 551 Lazaro
817 512 829 548 :
866 494 1052 550 Verum
1072 511 1172 551 non
1186 495 1582 551 existimavimus
1603 512 1707 552 esse
1733 505 1893 552 tutum
1914 496 1974 552 S.
1996 493 2100 551 Ba-

503 588 635 658 bylo!
658 598 704 641 et
729 587 857 658 bigae
892 586 1001 642 SS.
1030 597 1314 660 martyrum
1334 629 1349 657 ,
1386 588 1474 659 qui
1506 598 1625 658 post
1655 588 1799 643 illam
1822 586 2095 643 bomiliam

498 686 867 745 occurrerunt,
904 678 1153 747 praeclara
1179 687 1319 750 gesta
1348 681 1629 748 pra'terire.
1673 679 1877 748 Quibus
1899 675 2125 734 conso-'

497 778 590 825 nat
634 770 909 826 concionis
957 772 1011 826 in
1062 771 1120 827 S.
1156 771 1407 843 Babylam
1451 772 1736 828 exordium
1783 791 1798 828 :
1860 772 2096 829 Volebam

496 863 731 933 equidem
779 864 1025 919 hodierno
1067 865 1150 919 die
1190 865 1409 920 debituris
1450 866 1660 921 reddere
1685 907 1701 934 ,
1747 866 1886 935 quod
1930 884 2098 937 nuper

496 955 636 1009 vobis
665 996 680 1020 ,
715 972 831 1009 cum
877 957 958 1010 hic
1006 973 1163 1012 essent
1192 999 1207 1025 ,
1244 958 1454 1028 promisi
1504 974 1526 1013 :
1565 958 1656 1014 sed
1691 960 1813 1030 quid
1859 959 2047 1029 faciam
2069 959 2095 1013 ν

494 1044 561 1100 Β.
607 1047 831 1119 Babylas
870 1051 1205 1106 interveniens
1240 1053 1515 1123 apparuit,
1543 1061 1590 1107 et
1629 1054 1698 1107 ad
1735 1053 1960 1124 seipsum
1998 1069 2095 1107 nos

493 1142 705 1194 vocavit.
760 1143 904 1213 Bigas
953 1154 1130 1201 autem
1172 1154 1488 1216 martyrum,
1546 1147 1637 1217 qui
1685 1155 1805 1217 post
1848 1157 2092 1203 sanctum

494 1230 751 1303 Babylam
810 1235 1067 1291 llomilias
1124 1235 1192 1291 de
1245 1236 1449 1292 Lazaro
1520 1238 1904 1309 intercepere;
1966 1247 2094 1295 sunt

493 1333 710 1378 sanctus
745 1323 1062 1382 Juventinus
1110 1336 1166 1383 et
1194 1327 1251 1383 S.
1283 1329 1620 1398 Maximinus,
1662 1333 1753 1402 qui
1796 1330 2093 1388 Antiochiae

493 1414 635 1482 passi
665 1413 892 1481 fuerant,
937 1428 991 1474 et
1020 1436 1245 1489 quorum
1276 1421 1491 1477 homilia
1520 1423 1599 1479 sic
1636 1424 1820 1494 incipit
1848 1442 1863 1477 :
1912 1425 2095 1495 Nuper

493 1502 557 1558 B.
581 1503 803 1577 Bubylas
824 1526 940 1564 cum
971 1511 1131 1567 tribus
1161 1515 1331 1583 pueris
1354 1531 1445 1569 nos
1471 1516 1552 1569 hic
1571 1517 1907 1589 congregabat
1938 1534 1958 1572 :
1994 1520 2091 1572 lto-

492 1593 575 1648 die
602 1613 698 1667 par
721 1598 832 1655 SS.
859 1600 1076 1656 militum
1101 1605 1153 1657 in
1183 1605 1292 1659 acie
1307 1607 1577 1660 exercitum
1598 1606 1788 1662 Clu-isti
1814 1610 2088 1665 constituit.

493 1688 677 1761 Nuper
699 1695 948 1767 quadriga
978 1708 1281 1770 martyrum,
1306 1700 1456 1755 hodie
1484 1700 1620 1773 biga.
1646 1700 1973 1759 Concioncm
1993 1705 2092 1760 ita-

489 1796 614 1851 que,
666 1794 786 1854 post
826 1789 1038 1844 tertiam
1075 1789 1144 1847 de
1187 1791 1392 1848 Lazaro
1437 1793 1713 1851 homiliam
1754 1795 1969 1859 habuit.
2020 1797 2091 1854 de

487 1872 528 1930 S
590 1875 808 1949 Babylo,
860 1881 952 1950 qui
1003 1883 1288 1953 episcopus
1332 1885 1701 1943 Autiochenus
1754 1902 1877 1943 cum
1921 1898 2085 1956 esset,

486 1969 802 2040 martyrium
822 1988 915 2041 pro
931 1973 1146 2029 Christo
1162 1990 1352 2045 passus
1362 1987 1463 2033 est.
1485 1978 1615 2049 Ejus
1632 1978 1911 2035 historiam
1928 1982 2093 2037 refert

486 2057 943 2130 Clirysostomus;
995 2066 1227 2122 maxime
1254 2082 1383 2122 vero
1418 2068 1469 2122 in
1500 2069 1639 2124 libro
1684 2070 1797 2137 illo,
1838 2087 1996 2141 quem
2023 2073 2091 2129 de

487 2149 719 2222 Martyre
748 2153 942 2227 Babyla
973 2165 1158 2212 contra
1201 2157 1468 2213 Julianum
1497 2159 1808 2230 Apostatam
1852 2164 2086 2234 scripsit,

487 2242 577 2296 ubi
605 2244 825 2299 multum
855 2244 1034 2302 differt
1060 2247 1128 2303 ab
1166 2249 1399 2305 Eusebio
1434 2249 1776 2319 Caesariensi,
1831 2262 1887 2308 ut
1929 2269 2088 2325 supra

482 2332 716 2401 diximus
743 2352 757 2389 :
788 2353 854 2394 ex
880 2353 1097 2397 rumore
1124 2356 1353 2413 namque
1374 2343 1515 2414 vulgi
1547 2345 1773 2416 loquens
1802 2349 2087 2403 conciona-

486 2436 592 2495 tor,
624 2428 868 2498 quaedam
919 2432 1083 2488 refert
1127 2449 1157 2488 a
1202 2435 1279 2489 rei
1310 2436 1533 2491 veritate
1557 2438 1770 2493 aliena:
1808 2439 1901 2495 sed
1932 2441 2088 2509 longe

484 2520 813 2588 accuratius,
877 2536 999 2578 cum
1050 2523 1119 2580 de
1160 2523 1527 2596 Reliquiarum
1570 2528 1689 2598 ejus
1738 2531 2087 2588 translatione

486 2625 789 2669 sermonem
820 2613 1002 2671 habet.

557 2702 758 2775 Nuper,
791 2705 981 2777 inquit,
1034 2722 1141 2763 non
1183 2717 1382 2776 autem,
1421 2711 1547 2776 lteri,
1595 2722 1653 2766 ut
1700 2712 1768 2767 ab
1797 2714 2088 2785 interprete

484 2794 738 2865 deceptus
763 2796 1137 2852 Tillemontius
1162 2801 1360 2869 posuit.
1390 2801 1497 2859 Sed
1528 2804 1794 2874 negotium
1826 2784 2088 2863 facessere

485 2885 696 2939 videtur
734 2886 809 2954 id,
854 2888 997 2958 quod
1046 2890 1099 2944 in
1128 2876 1404 2961 postremo
1433 2894 1660 2949 exordio
1687 2894 1818 2950 dicit
1848 2911 1862 2951 :
1907 2896 2088 2968 Nuper

487 2977 554 3033 B.
573 2977 797 3050 Babylas
815 2998 928 3035 cum
946 2983 1105 3038 tribus
1126 2987 1295 3055 pueris
1313 3003 1403 3041 nos
1419 2988 1501 3042 hic
1515 2990 1851 3060 congregabat
1872 3008 1891 3046 :
1915 2993 1964 3045 in
1985 2991 2087 3049 bac

483 3069 627 3127 enim
648 3072 904 3128 concione
920 3090 986 3129 ne
1005 3076 1211 3131 minime
1229 3078 1442 3149 quidem
1464 3078 1533 3135 de
1556 3081 1723 3136 tribus
1748 3083 1928 3149 pueris
1953 3086 2086 3154 legi-

485 3168 590 3216 tur.
601 3161 815 3229 Verum,
831 3174 889 3219 ut
903 3166 1052 3221 initio
1068 3168 1303 3225 homilia:
1317 3170 1531 3239 dicitur,
1550 3188 1657 3228 non
1672 3172 2085 3247 Chrysostomus

483 3252 650 3322 solus,
688 3257 780 3312 sed
802 3272 923 3314 cum
951 3259 1039 3315 alii
1063 3263 1324 3331 seniores,
1367 3273 1485 3320 tum
1520 3267 1802 3337 episcOpus
1828 3267 1943 3339 ipse
1966 3269 2084 3324 Fla.

481 3345 672 3401 vianus
699 3348 887 3405 eodem
915 3350 1004 3407 die
1029 3354 1330 3409 concionati
1350 3366 1494 3411 sunt.
1528 3356 1655 3411 Huic
1674 3368 1720 3413 et
1740 3359 1864 3427 alia,
1891 3360 2081 3431 inquit,

481 3437 761 3493 senioribus
789 3444 1233 3497 commemoranda
1256 3444 1565 3515 doctoribus,
1595 3457 1643 3503 et
1668 3451 1923 3505 communi
1950 3452 2085 3522 patri

481 3537 656 3584 nostra
675 3531 1013 3602 relinquemus
1033 3549 1054 3589 :
1073 3552 1153 3591 res
1178 3538 1313 3591 enim
1337 3540 1645 3610 antiquiores
1670 3544 1918 3614 prteclare
1945 3545 2085 3601 vobis

481 3637 517 3674 a
554 3623 754 3678 senibus
786 3633 995 3694 possunt
1015 3629 1219 3682 narrari
1246 3644 1266 3683 :
1293 3646 1408 3699 qua:
1431 3646 1547 3687 vero
1572 3650 1675 3688 non
1708 3635 1781 3689 ita
1805 3627 2003 3707 pridem
2024 3654 2085 3693 ac

482 3723 659 3768 nostra
688 3724 838 3771 relate
854 3724 973 3775 sunt
998 3728 1161 3789 gesta,
1191 3721 1329 3775 vobis
1347 3723 1555 3792 juvenis
1574 3741 1666 3797 ego
1693 3727 1932 3797 narrabo,
1968 3745 2084 3799 quae

484 3805 721 3861 nimirum
745 3819 861 3879 post
890 3809 1100 3877 obitum,
1140 3823 1252 3885 post
1280 3817 1542 3887 exsequias
1566 3822 1828 3891 martyris,
1870 3840 1933 3876 ac
1960 3824 2083 3880 dicm

481 3899 538 3989 in
559 3898 798 3953 suburbio
834 3912 1140 3971 moraretur,
1184 3906 1497 3962 acciderunt.
1534 3908 1663 3965 “me
1696 3911 1766 3968 de
1794 3912 1853 3967 S.
1884 3906 2081 3989 Babyla

481 3988 584 4044 sibi
611 3991 907 4047 enarranda
939 3996 1672 4071 proposuitChrysostomus,
1713 4014 1909 4062 caetera
1935 3988 2084 4063 com-

479 4080 628 4135 muni
654 4083 789 4151 patri
807 4086 1173 4143 etscnioribus
1191 4094 1663 4150 commemoranda
1686 4096 1920 4168 reliquit.
1947 4099 2080 4154 Nam

480 4183 541 4229 ut
566 4174 777 4230 caeteris
805 4176 979 4234 locum
1003 4187 1059 4236 et
1080 4188 1292 4253 tempus
1317 4183 1491 4253 daret,
1518 4189 1832 4247 concionem
1860 4191 1930 4247 de
1958 4207 2084 4248 san-

477 4274 568 4323 eto
590 4266 792 4340 Babyla
821 4269 1121 4330 breviorem
1164 4273 1369 4345 habuit,
1406 4295 1565 4348 quam
1591 4281 1801 4338 solebat
1829 4301 1843 4337 :
1884 4285 2079 4341 verisi-

483 4358 715 4429 mileque
743 4372 828 4417 est
852 4363 1082 4435 aliquem
1107 4381 1172 4422 ex
1200 4367 1284 4433 iis,
1331 4371 1422 4440 qui
1450 4380 1573 4440 post
1598 4373 1747 4429 illum
1773 4377 2075 4433 concionati

478 4456 625 4515 sunt,
646 4448 717 4505 de
751 4452 920 4508 tribus
939 4456 1121 4524 pueris
1142 4459 1302 4514 verba
1330 4460 1540 4516 fecisse.
1572 4463 1772 4521 Eodem
1791 4467 1955 4538 igitur
1977 4485 2077 4525 an-

478 4556 550 4595 no
578 4539 759 4597 habita
785 4552 867 4599 est
888 4545 1006 4602 haec
1031 4549 1242 4617 concio,
1282 4566 1390 4620 quo
1420 4553 1666 4611 llomilise
1694 4557 1747 4612 in
1778 4558 2072 4629 Lazarum;

474 4631 776 4704 etquidem
813 4651 999 4693 mense
1020 4637 1296 4709 Januario,
1338 4642 1548 4700 scilicet
1594 4646 1850 4717 vigesima
1888 4660 2076 4721 quarta

474 4724 717 4796 ejusdem
766 4730 988 4796 mensis,
1044 4741 1105 4787 ut
1153 4732 1380 4802 videtur,
1428 4751 1531 4807 qua
1577 4737 1667 4795 die
1706 4740 2077 4816 Martyrologia

475 4819 657 4873 omnia
683 4818 872 4875 festum
904 4821 961 4878 S.
984 4824 1199 4895 Babylo:
1224 4825 1479 4883 indicant.
1508 4830 1609 4903 Qui
1633 4846 1759 4888 vero
1787 4832 1949 4890 fuerit
1978 4851 2078 4891 au-

476 4925 576 4964 nus
600 4910 710 4975 ille,
738 4927 842 4966 non
872 4912 942 4967 ita
962 4912 1119 4972 facile
1138 4925 1222 4974 est
1249 4918 1675 4990 deprehendere.
1700 4924 2077 4983 Tillemontius

473 5016 673 5058 annum
699 5005 935 5076 assignat
960 5007 1086 5063 587.
1137 5009 1269 5080 Ejus
1292 5013 1558 5069 calculum
1600 5019 1955 5087 excussimus,
1995 5021 2074 5076 le-

472 5094 818 5168 vissimisque
869 5100 1192 5171 conjecturis
1230 5103 1418 5162 fultum
1462 5123 1585 5165 esse
1627 5110 1974 5180 probavimus
2021 5116 2075 5170 in

475 5186 680 5244 Monito
705 5189 772 5245 ad
799 5190 1084 5248 llomiliam
1111 5194 1166 5250 in
1188 5194 1474 5264 Kalendas,
1507 5217 1627 5273 qua:
1648 5202 1935 5262 llomiliam
1964 5209 2075 5278 pri-

475 5294 616 5338 mam
662 5282 731 5339 de
783 5283 987 5342 Lazaro
1034 5301 1144 5342 uno
1194 5288 1285 5345 die
1332 5294 1625 5361 praecessit.
1680 5294 1756 5352 lbi
1806 5298 1932 5354 vide
1976 5299 2073 5367 sis,

480 5387 686 5433 necnon
716 5378 768 5433 in
796 5377 997 5437 Ilonito
1018 5380 1085 5436 ad
1108 5380 1366 5439 Homilies
1386 5385 1457 5440 de
1476 5385 1701 5444 Lazaro.

550 5466 780 5527 Romilio
836 5473 891 5527 in
947 5473 1056 5531 SS.
1118 5472 1451 5531 Juventinum
1498 5489 1549 5534 et
1602 5480 1963 5541 Maximinum.
2002 5518 2076 5529 -—

483 5554 632 5614 llanc
674 5564 858 5630 puteis
902 5567 1234 5637 interpositis
1278 5568 1473 5627 diebus
1499 5613 1517 5640 ,
1572 5581 1632 5628 ut
1671 5591 1830 5647 supra
1873 5581 2072 5650 proba-

1608 378 1664 435 S.
1706 377 1990 437 JOANNIS
2021 375 2509 436 CHRYSOSTOMI
2539 373 2719 443 VITA,

3712 373 3810 426 illi

2210 497 2362 562 trusi,
2406 495 2509 552 diis
2538 494 2795 549 sacrificia
2827 493 3017 549 oﬁurre
3042 493 3261 558 nollent,
3307 493 3428 564 ejus
3446 494 3605 563 jam
3637 490 3809 559 capite

2204 589 2431 643 truncati
2461 596 2605 644 sunt.
2648 587 2726 642 Ex
2750 586 2913 656 hujus
2957 602 3117 656 porro
3158 588 3435 643 concionis
3469 587 3682 655 verbis,
3717 587 3802 645 ubi

2202 680 2396 734 dicitur
2424 696 2604 749 nuper,
2641 679 2951 734 concionem
2973 678 3043 732 de
3068 677 3127 734 S.
3157 678 3355 751 Babyla
3386 678 3589 736 dictam
3618 678 3802 744 fuisse,

2202 771 2324 841 quia
2354 779 2506 826 vetus
2535 770 2800 839 interpres
2828 769 3049 825 Latinus
3090 769 3221 825 illud
3266 770 3430 825 verbo
3478 771 3616 840 lteri,
3671 773 3806 828 male

2204 870 2458 928 verterat,
2503 862 2537 917 ii
2566 864 2659 931 qui
2686 860 3075 933 Martyrologiis
3097 875 3312 931 Operam
3339 860 3611 918 dederim
3646 863 3703 915 in
3729 864 3805 913 vi.

2200 956 2459 1027 gesimam
2498 955 2737 1025 quintam
2777 953 3053 1010 Februarii
3098 954 3285 1009 borum
3322 963 3623 1027 martyrum
3666 953 3806 1008 diem

2199 1042 2395 1102 festum
2419 1046 2724 1114 conferunt,
2772 1046 2898 1102 licet
2931 1047 3014 1102 bis
3055 1046 3107 1102 in
3134 1047 3235 1101 hac
3272 1045 3491 1102 bomilia
3530 1062 3595 1103 se
3621 1064 3805 1118 nuper,

2200 1154 2306 1193 non
2339 1148 2515 1193 autem
2547 1138 2797 1196 hesterna
2818 1138 2906 1194 die
2931 1138 2998 1194 de
3016 1138 3076 1195 S.
3107 1138 3305 1210 Babyla
3327 1155 3388 1193 se
3417 1138 3583 1194 verba
3612 1137 3805 1194 fecisse

2195 1229 2377 1285 dicat:
2410 1231 2563 1301 cujus
2587 1229 2782 1286 festum
2810 1230 2995 1285 incidit
3030 1230 3081 1285 in
3112 1229 3184 1286 2t
3210 1230 3471 1287 Januarii.
3515 1228 3656 1286 Inde
3689 1245 3804 1285 mos

2198 1323 2445 1391 obtinuit,
2477 1332 2535 1378 ut
2561 1323 2649 1378 die
2678 1325 2872 1379 festum
2902 1323 2959 1378 S.
2990 1323 3203 1395 Babylo:
3224 1324 3560 1394 insequente,
3592 1322 3693 1380 SS.
3713 1321 3780 1378 ,ιιι

2196 1416 2401 1472 ventini
2451 1425 2517 1472 et-
2547 1416 2818 1473 Maximini
2866 1417 3182 1472 memoriam
3223 1416 3505 1473 enuntient
3534 1434 3551 1470 :
3583 1431 3695 1471 non
3736 1431 3799 1472 ex

2196 1509 2506 1567 Graecorum
2549 1511 2766 1565 Menteis
2821 1510 2876 1566 id
2922 1512 3166 1576 mutuati,
3211 1510 3494 1580 siquidem,
3551 1516 3614 1563 ut
3654 1516 3801 1563 notat

2196 1603 2398 1672 optime
2416 1602 2726 1671 Bollandus,
2745 1603 2891 1657 nulla
2907 1602 2959 1657 in
2980 1601 3220 1666 Nemnis,
3240 1598 3557 1671 Menologiis
3576 1600 3800 1669 aliisque

2195 1692 2346 1749 fastis
2363 1693 2697 1762 Graecorum,
2713 1694 2809 1751 SS.
2826 1694 3094 1751 Juventini
3114 1703 3170 1750 et
3185 1694 3455 1750 Maximini
3478 1700 3658 1748 exstat
3684 1707 3797 1747 me-

2194 1787 2404 1854 moria;
2436 1785 2552 1851 sed,
2583 1796 2641 1841 ut
2672 1786 2927 1853 diximus,
2968 1802 3035 1841 ex
3064 1784 3261 1841 veteris
3298 1784 3609 1855 interpret-is
3650 1783 3798 1853 lapsu

2195 1879 2249 1935 in
2281 1879 2672 1952 Martyrologiis
2697 1890 2934 1935 erratum
2956 1888 3058 1934 est.

2265 1972 2395 2028 Post
2436 1972 2554 2029 haec
2603 1974 2850 2029 eucomia
2900 1971 3142 2044 ejusdem
3180 1969 3454 2042 parabolas
3506 1983 3794 2040 argumen-

2196 2073 2308 2121 tum
2360 2067 2686 2136 resumpsit,
2733 2075 2787 2121 et
2828 2074 3072 2137 quartam
3121 2063 3191 2119 de
3238 2063 3442 2118 Lazaro
3479 2062 3793 2117 εοηοὶουοηι

2194 2156 2382 2212 habuit
2419 2171 2434 2211 :
2465 2155 2596 2212 dicit
2638 2166 2818 2212 autem
2871 2157 2970 2212 sub
3024 2155 3233 2211 initium
3272 2170 3338 2210 ex
3392 2153 3496 2209 hac
3541 2152 3791 2223 parabola

2192 2265 2416 2321 magnos
2460 2250 2658 2322 percipi
2707 2264 2865 2320 posse
2917 2247 3141 2304 fruetus.
3178 2248 3385 2304 Deinde
3425 2262 3556 2301 vero
3608 2246 3793 2317 probat

2193 2344 2386 2398 anima:
2428 2342 2921 2407 immortalitatem,
2972 2342 3152 2413 aitque
3200 2338 3549 2395 conscientia
3593 2347 3789 2393 nostne

2193 2436 2422 2492 tribunal
2453 2451 2574 2493 esse
2606 2437 2995 2506 incorruptum,
3050 2442 3211 2505 atque
3239 2446 3307 2489 ex
3346 2432 3601 2487 arumnis
3626 2440 3685 2486 et
3706 2445 3791 2485 ca-

2192 2529 2519 2584 lamitatibus
2561 2529 2815 2583 illustrari
2862 2537 3133 2595 mentem,
3183 2534 3239 2583 et
3285 2534 3539 2583 consueta
3601 2523 3788 2579 morali

2191 2620 2567 2676 adhortatione
2590 2618 2793 2676 claudit
2814 2620 3154 2675 concionem.

2280 2714 2566 2769 llomiliam
2620 2714 2675 2770 in
2734 2713 2867 2768 illud
2903 2755 2918 2781 ,
2982 2710 3065 2770 De
3120 2708 3484 2765 dormientibus
3533 2708 3657 2763 nolo
3706 2722 3788 2761 eos

2188 2807 2428 2877 ignorare
2451 2848 2467 2874 ,
2509 2812 2631 2875 post
2667 2811 2900 2871 quatuor
2932 2803 3052 2859 ilias
3094 2802 3163 2858 de
3189 2802 3391 2857 Lazaro
3421 2799 3671 2855 bomilias
3692 2796 3785 2851 ha-

2190 2897 2303 2953 bita
2342 2896 2471 2964 fuit,
2518 2905 2579 2952 ut
2623 2898 2739 2968 ipse
2767 2898 2918 2951 initio
2947 2897 3109 2963 dicit,
3144 2904 3200 2951 et
3248 2896 3301 2951 in
3356 2894 3458 2953 hac
3507 2892 3674 2949 etiam
3722 2891 3788 2946 de

2189 2989 2394 3044 Lazaro
2425 2988 2716 3044 identidem
2746 2989 2876 3060 agit.
2914 2987 3251 3058 Quapropter
3280 2992 3402 3056 post
3440 2983 3696 3039 homilias
3720 2981 3786 3037 de

2189 3082 2392 3139 Lazaro
2417 3093 2472 3139 et
2497 3083 2753 3153 temporis
2773 3092 2827 3138 et
2844 3083 3141 3154 argumenti
3166 3094 3327 3138 causa
3352 3081 3406 3136 in
3434 3079 3534 3135 hac
3551 3078 3785 3135 editione

2189 3175 2361 3246 posita
2388 3174 2507 3229 fuit.

2260 3266 2549 3337 Postquam
2580 3274 2738 3323 terra:
2778 3276 2955 3322 motus
2984 3264 3325 3321 Antiochiam
3367 3262 3783 3334 subagitaverat,

2187 3358 2346 3414 aliam
2387 3359 2574 3415 habuit
2616 3359 2888 3414 bomiliam
2913 3358 3367 3432 Cbryaostomus,
3413 3368 3531 3427 quae
3568 3355 3627 3410 in
3648 3352 3781 3410 Ter-

2187 3468 2263 3508 ra:
2302 3461 2504 3509 motum
2545 3461 2600 3510 et
2640 3453 2868 3510 Divitem
2902 3464 2960 3509 et
2986 3452 3246 3508 Lazarum
3276 3450 3606 3515 inscribitur,
3642 3448 3782 3503 ideo-

2186 3561 2291 3617 que
2329 3547 2476 3602 illam
2513 3547 2655 3603 inter
2690 3548 2950 3603 llomilias
2987 3546 3056 3603 de
3094 3547 3298 3601 Lazaro
3344 3555 3550 3600 sextam
3597 3542 3780 3598 consi-

2184 3654 2430 3710 gnamus.
2484 3641 2635 3696 lianc
2695 3641 3013 3697 concionem
3078 3639 3420 3696 ﬂet-manlius
3474 3636 3527 3693 in
3583 3649 3779 3691 annum

2185 3728 2290 3786 587
2317 3732 2697 3788 conferendam
2742 3733 2978 3803 putavit,
3022 3731 3274 3803 quoniam
3304 3730 3399 3785 illo
3433 3742 3578 3784 anno
3625 3737 3778 3783 terra

2185 3834 2363 3880 motus
2388 3826 2689 3881 Antiochia:
2710 3826 2828 3881 fuit.
2864 3826 3060 3881 Verum
3089 3826 3225 3880 adeo
3252 3824 3559 3894 frequentes
3588 3820 3779 3876 Antio-

2185 3914 2321 3971 chiae
2362 3924 2519 3971 terra:
2542 3926 2720 3973 motus
2743 3925 2915 3984 erant,
2960 3926 3019 3971 ut
3054 3917 3107 3971 in
3141 3916 3340 3971 Monito
3371 3914 3439 3969 ad
3466 3914 3607 3968 hanc
3645 3927 3782 3967 con-

2184 4007 2394 4064 cionem
2426 4007 2786 4077 probavimus,
2821 4017 2877 4063 ut
2910 4008 3033 4063 hinc
3070 4022 3269 4063 annum
3316 4019 3423 4078 quo
3465 4002 3648 4059 habita
3686 4001 3785 4058 ho-

2183 4101 2330 4155 milia
2352 4101 2451 4155 fuit
2473 4101 2789 4172 consignare
2811 4116 2916 4156 non
2942 4100 3121 4156 liceat.

2257 4190 2543 4246 Homiliam
2573 4191 2641 4248 de
2670 4192 2857 4247 Viduis
2896 4190 2985 4262 (Τ.
3016 4193 3070 4247 '5.
3128 4208 3176 4246 c.
3202 4188 3334 4261 521)
3368 4189 3553 4260 paucis
3592 4187 3785 4243 diebus

2183 4293 2307 4355 post
2330 4285 2614 4340 llomiliam
2645 4284 2712 4341 de
2739 4283 3135 4340 dormientibus
3162 4283 3556 4354 pronuntiatam
3589 4279 3776 4344 fuisse,

2182 4375 2299 4446 ipse
2332 4373 2749 4448 Chrysostomus
2788 4376 2841 4431 in
2878 4376 3139 4447 principio
3166 4373 3350 4441 refert,
3379 4387 3498 4427 cum
3526 4372 3628 4437 ait,
3658 4385 3787 4427 eam

2182 4467 2405 4523 multam
2450 4467 2648 4525 habere
2684 4470 3055 4539 cognationem
3102 4481 3225 4522 cum
3264 4464 3589 4538 praecedenti
3621 4482 3642 4515 ς
3664 4463 3782 4518 Hoc

2181 4560 2326 4614 enim
2367 4560 2497 4616 illud
2526 4569 2631 4628 est,
2657 4578 2678 4612 ι
2711 4560 2902 4631 inquit,
2941 4578 2963 4612 ι
2983 4558 3125 4630 quod
3156 4573 3327 4628 nuper
3353 4555 3654 4622 dicebatur,
3702 4553 3783 4610 De

2189 4652 2543 4709 dormientibus
2573 4664 2742 4710 autem
2778 4655 2898 4709 nolo
2944 4670 3030 4710 eos
3068 4654 3327 4724 ignorare,
3363 4655 3585 4723 fratres;
3631 4657 3692 4705 et
3713 4648 3783 4704 de

2181 4748 2578 4803 resurrectione
2602 4746 2770 4801 multa
2806 4756 2917 4801 tum
2960 4760 2992 4799 a
3030 4743 3187 4800 nobis
3212 4753 3341 4800 sunt
3363 4742 3525 4798 dicta.
3558 4760 3581 4795 ι
3616 4741 3694 4796 Ita
3722 4746 3786 4797 II

2180 4850 2386 4896 eertum
2415 4840 2659 4896 videatur
2691 4840 2832 4895 hanc
2853 4839 3053 4895 dictam
3080 4837 3249 4893 fuisse
3273 4836 3460 4908 paucis
3488 4844 3610 4906 post
3632 4834 3781 4890 illam

2180 4948 2340 5003 quam
2369 4933 2439 4989 de
2463 4933 2878 4989 Resurrectione
2903 4942 2956 4988 et
2992 4931 3060 4988 de
3092 4930 3297 4986 Lazaro
3320 4930 3561 5001 quintam
3586 4927 3785 4984 inscri-

2179 5026 2420 5096 psimus;
2469 5025 2579 5081 imo
2607 5025 2849 5081 fortassis
2874 5032 2998 5079 ante
3024 5033 3231 5080 sextam
3268 5022 3336 5078 de
3363 5020 3785 5077 Resurreetioue

2181 5125 2236 5172 et
2261 5117 2328 5172 de
2355 5118 2576 5174 Lazaro.
2623 5118 2770 5173 Hauc
2795 5132 2917 5173 cum
2947 5116 3050 5172 illis
3077 5115 3147 5172 de
3173 5116 3377 5172 Lazaro
3403 5124 3459 5170 et
3482 5113 3607 5169 aliis
3629 5111 3779 5182 ejus-

2180 5208 2303 5265 dem
2330 5208 2611 5278 temporis,
2663 5224 2784 5280 quae
2826 5208 3073 5264 undecim
3099 5222 3329 5264 numero
3373 5216 3519 5272 sunt,
3568 5203 3782 5260 confert

2180 5300 2552 5358 Tillemontius
2575 5302 2633 5357 in
2658 5302 2783 5356 anui
2810 5301 2917 5357 386
2941 5299 3151 5356 initium
3185 5317 3201 5355 :
3243 5308 3429 5355 contra
3454 5312 3614 5369 quam
3645 5307 3782 5351 temo

2181 5394 2327 5462 poris
2353 5402 2536 5448 notam
2573 5408 2680 5447 non
2708 5407 2878 5463 pauca
2919 5380 3172 5457 diximus,
3224 5389 3369 5446 aliud
3398 5399 3577 5445 autem
3621 5401 3781 5456 argu-

2179 5494 2421 5542 mentum
2452 5485 2720 5557 prioribus
2741 5485 3043 5554 adjicimus.
3086 5483 3306 5539 Certum
3344 5491 3427 5538 est
3460 5480 3779 5551 Chrysosto—

2179 5593 2326 5635 mum
2346 5593 2489 5635 anno
2507 5579 2726 5635 ineunte
2750 5577 2855 5633 587
2882 5593 2991 5634 non
3013 5562 3478 5649 paucoshahuisse
3499 5586 3778 5630 sonantius

2179 5672 2248 5729 de
2270 5673 2651 5729 consubstantia
2676 5682 2733 5728 et
2759 5680 2946 5728 contra
2973 5673 3298 5736 Anommos;
3329 5683 3433 5726 nec
3455 5667 3631 5723 minus
3657 5679 3776 5721 eer-

2180 5778 2291 5824 tum
2332 5768 2509 5823 solere
2544 5764 2988 5840 Chrysostomum
3020 5763 3413 5837 praeteritarum
3456 5760 3774 5817 concionum

2180 5861 2512 5931 meminisse,
2554 5861 2709 5936 cujus
2748 5861 2825 5917 rei
2861 5861 3108 5932 exempta
3150 5858 3346 5929 passim
3397 5856 3620 5911 vidimus
3658 5872 3671 5884 -
3705 5866 3772 5907 an
