3948 6406
186 327 284 391 149

181 467 309 507 vero
348 453 662 525 contingere
701 457 886 528 potuit,
935 467 992 513 ut
1033 460 1240 529 vigente
1287 462 1371 516 illa
1402 473 1587 517 centra
1623 463 1771 518 Ano-

181 561 353 599 tnuaos
378 547 787 616 disceptatione,
823 551 873 602 in
907 551 1047 604 nulla
1091 551 1342 607 harumce
1375 569 1565 610 no\'em
1603 554 1775 608 homi-

177 636 393 697 liarum,
427 655 546 707 qua'
578 641 692 693 sine
721 641 899 702 dubio,
927 645 970 695 si
1002 644 1188 697 eodem
1215 662 1354 700 anno
1377 658 1430 700 et
1465 664 1646 702 mense
1678 648 1774 702 ba-

177 725 304 780 ωιτη
332 727 548 793 fuerint,
589 731 728 784 inter
764 732 1020 786 llomilias
1054 747 1237 788 contra
1281 739 1569 792 Anomceos
1605 740 1770 793 inter-

179 818 360 873 mixta:
381 820 613 886 luerunt,
634 823 714 876 vel
735 824 1005 878 minimam
1023 825 1202 882 haberi
1219 828 1373 897 hujus
1393 833 1769 886 centt'oversize

176 908 549 962 nnmtionem?
585 911 692 965 llac
719 913 846 966 mihi
884 930 1023 968 nova
1055 917 1269 971 suborta
1299 919 1571 974 dubitandi
1609 937 1766 976 causa

172 1001 339 1054 animi
375 1003 599 1069 pendeo,
633 1004 804 1060 donec
830 1007 951 1074 quid
979 1009 1175 1062 certius
1199 1021 1455 1081 emergat.

245 1093 540 1160 SeptTmam
563 1095 630 1149 de
676 1095 879 1151 Lazaro
919 1101 1162 1168 ponimus
1210 1102 1476 1156 llomiliam
1521 1121 1638 1173 qum
1681 1105 1763 1159 ἰη-

171 1183 466 1248 scribitur,
509 1187 756 1240 Adversus
783 1204 884 1253 eos,
935 1191 1021 1257 qui
1072 1191 1138 1243 ad
1186 1192 1427 1246 circenses
1456 1195 1602 1248 ludos
1645 1214 1762 1264 per-

170 1284 320 1341 gunt,
351 1285 398 1326 et
433 1275 483 1327 in
513 1276 655 1328 illum
698 1275 958 1349 Evangelii
986 1281 1186 1353 locum:
1217 1283 1412 1339 lntrate
1455 1298 1553 1353 per
1592 1302 1761 1356 angu-

169 1373 308 1416 stam
338 1375 570 1432 portam,
605 1367 723 1435 quia
752 1369 854 1421 lata
887 1381 1034 1438 porta
1064 1381 1117 1426 et
1138 1375 1368 1442 spatiosa
1398 1377 1476 1430 via
1508 1386 1604 1444 est,
1643 1395 1760 1448 qtize

170 1455 312 1508 ducit
347 1456 413 1507 ad
444 1458 816 1525 perditionem,
857 1470 909 1514 ct
951 1464 1100 1516 multi
1133 1475 1256 1519 sunt
1285 1467 1374 1536 qui
1425 1467 1624 1524 intrant
1667 1486 1759 1538 per

170 1562 290 1598 eam
336 1563 350 1599 :
402 1557 446 1598 et
495 1564 665 1601 versus
708 1552 858 1618 ﬁnem
887 1593 902 1616 ,
946 1554 996 1606 in
1043 1554 1256 1609 Divitem
1303 1568 1351 1611 et
1393 1560 1445 1612 in
1481 1559 1754 1618 Lazarum.

171 1637 317 1692 llanc
351 1655 476 1693 vero
507 1643 813 1697 concinnem
847 1647 896 1698 in
929 1648 1065 1701 scrie
1104 1650 1438 1705 humiliarum
1463 1654 1528 1707 de
1557 1653 1756 1709 Lazaro

169 1745 290 1781 esse
333 1733 631 1798 ponendam
676 1734 834 1789 docet
884 1737 995 1806 ipse
1033 1739 1447 1810 Chrysostomus
1487 1761 1634 1799 num.
1677 1747 1750 1800 3:

173 1817 343 1872 Unum
400 1821 551 1890 igitur
579 1841 640 1877 ea,
673 1826 770 1890 iis,
800 1829 883 1892 qni
931 1846 1018 1898 per
1037 1842 1307 1900 angustam
1332 1843 1376 1886 et
1405 1845 1597 1890 arctam
1622 1839 1754 1890 riam

167 1911 495 1974 inccsseruul,
524 1915 658 1968 vobis
681 1917 730 1969 in
753 1919 970 1972 medium
1011 1925 1318 1992 proferentes
1337 1966 1351 1986 ,
1383 1943 1554 1979 eorum
1587 1945 1701 1996 quw
1722 1945 1754 1982 a

167 1997 391 2054 Domino
419 2003 552 2056 dicta
577 2016 692 2058 sunt
720 2009 974 2063 veritatem
1000 2013 1334 2079 ostendamus,
1369 2026 1414 2069 et
1439 2018 1612 2071 eadem
1635 2035 1751 2073 rur-

167 2106 253 2143 sus
285 2091 493 2145 Domini
537 2098 777 2165 parabole
805 2110 1026 2154 utantur.
1065 2101 1134 2156 Et
1179 2106 1360 2173 paucis
1388 2106 1748 2180 interpositis,

167 2195 260 2235 eos
289 2184 475 2236 eadem
511 2181 756 2254 parabola
781 2189 892 2259 jam
930 2191 1162 2249 imbutos
1197 2195 1494 2265 declarans,
1528 2201 1605 2254 sic
1624 2217 1749 2270 per.

168 2272 276 2339 git:
319 2273 394 2326 Ac
420 2275 522 2328 scio
559 2279 786 2346 equidem
832 2297 937 2348 vos,
992 2284 1216 2340 homines
1261 2289 1592 2358 perspicaces,
1637 2293 1751 2362 jam

166 2363 304 2430 quod
355 2365 581 2423 dicturus
623 2385 736 2424 sum
786 2373 1103 2445 intelligere;
1155 2378 1480 2434 nihilominus
1533 2391 1751 2436 tmnena

167 2457 311 2509 nobis
355 2459 457 2512 dici
483 2477 676 2515 necesse
693 2474 783 2517 est.
815 2465 879 2519 Et
919 2475 1100 2535 postea
1149 2468 1214 2523 de
1250 2469 1410 2524 divite
1456 2481 1511 2525 et
1549 2472 1750 2526 Lazaro

165 2547 412 2616 pluribus
454 2553 580 2619 agit.
641 2554 858 2608 Demum
914 2573 1061 2610 num.
1117 2559 1184 2624 5,
1240 2571 1518 2631 postquam
1565 2563 1750 2619 Lazari

166 2649 395 2694 mortem
424 2656 544 2695 cum
572 2644 746 2699 divitis
778 2647 922 2701 obitu
953 2651 1250 2705 contulerat
1275 2672 1287 2706 :
1315 2652 1565 2710 Lubenter
1595 2659 1748 2726 enim,

163 2732 271 2796 ait,
319 2732 450 2786 hanc
475 2751 578 2788 rem
606 2754 741 2806 sirpe
781 2756 953 2806 verso,
987 2753 1040 2794 ut
1077 2760 1221 2798 nemo
1259 2762 1322 2798 ea:
1364 2747 1486 2814 illis,
1518 2750 1605 2818 qui
1633 2767 1749 2821 ege—

161 2832 292 2876 state
317 2826 394 2878 vel
436 2827 620 2881 morbis
647 2840 694 2881 et
732 2830 865 2898 fame
893 2845 1204 2900 premuntur,
1252 2853 1305 2889 se
1345 2849 1650 2907 contemnat,
1702 2851 1750 2893 et

165 2914 390 2982 seipsum
431 2916 666 2970 miserum
709 2921 1011 2989 arbitretur,
1054 2925 1143 2978 sed
1184 2927 1462 2995 patienter,
1515 2943 1618 2985 etc.
1669 2929 1748 2984 Ex

164 3006 356 3074 quibus
387 3009 724 3076 perspicuum
756 3022 837 3066 est
865 3013 1000 3068 hanc
1021 3016 1177 3086 paulo
1206 3027 1325 3086 post
1355 3017 1603 3075 homilias
1630 3021 1749 3075 illas

163 3107 396 3164 quatuor
419 3097 485 3152 de
509 3098 710 3154 Lazaro
741 3107 1129 3170 pronuntiatam
1170 3106 1358 3163 fuisse.
1391 3110 1747 3177 Quamobrem

163 3187 214 3239 in
242 3190 512 3245 nonnullis
541 3191 827 3248 Codicibus
849 3196 973 3250 Mss.
1017 3197 1155 3252 inter
1186 3198 1441 3254 llomilias
1461 3200 1527 3256 de
1546 3201 1748 3257 Lazaro

160 3281 398 3350 ponitur,
417 3294 472 3337 et
499 3284 548 3336 in
568 3284 872 3341 Colbertino
889 3290 992 3343 564
1013 3299 1133 3359 post
1152 3300 1377 3361 quatuor
1403 3293 1522 3347 illas
1545 3295 1749 3363 priores

160 3371 226 3424 de
257 3370 460 3426 Lazaro
500 3373 726 3443 locatur,
759 3387 813 3432 et
854 3379 1160 3435 inscribitur
1188 3383 1397 3450 Quinta,
1421 3384 1489 3439 de
1524 3385 1745 3453 Lazaro,

161 3472 320 3531 atque
347 3465 576 3520 llomilia
600 3468 650 3521 in
681 3468 828 3534 illud,
867 3469 1004 3527 Nolo
1034 3489 1121 3528 vos
1143 3474 1378 3545 ignorare
1403 3477 1465 3530 de
1492 3478 1748 3532 dormien-

159 3554 312 3618 tibus,
345 3556 654 3613 inscribitur
690 3561 851 3616 Sexta
887 3564 955 3618 de
995 3565 1217 3620 Lazaro.
1247 3568 1443 3623 Verum
1476 3570 1613 3625 hanc
1649 3587 1746 3640 po-

159 3656 416 3700 stremam
444 3649 510 3704 de
554 3651 717 3708 Ludis
747 3655 1076 3711 circensibus
1096 3700 1110 3722 ,
1141 3659 1226 3713 illa
1257 3659 1324 3715 de
1355 3663 1748 3718 Dormientibus

158 3740 452 3804 pr:cccssit,
497 3751 554 3795 ut
593 3743 702 3811 ipsa
733 3745 966 3801 humilia:
1009 3749 1150 3803 illius
1191 3751 1360 3820 prima
1397 3753 1556 3808 verba
1613 3754 1748 3807 indi-

158 3839 284 3882 cant
312 3848 326 3884 :
360 3831 481 3886 Dies
500 3846 715 3903 quatuor
734 3838 785 3890 in
809 3840 1112 3908 explicanda
1133 3843 1268 3897 vobis
1293 3843 1478 3897 Lazari
1504 3846 1748 3913 parabole

157 3925 583 3991 consumpsimus,
612 3937 715 3982 etc.
745 3928 907 3997 Igitur
939 3931 1234 3988 Antiochia:
1261 3936 1598 3992 continenter
1627 3947 1748 4007 post

157 4012 448 4070 conciones
471 4015 538 4071 de
572 4017 774 4073 Lazaro
811 4021 948 4074 hanc
978 4022 1166 4078 habuit
1203 4025 1496 4093 llomiliam,
1521 4029 1608 4082 ubi
1634 4030 1745 4098 pri-

160 4118 311 4156 mum
343 4115 525 4161 contra
555 4108 672 4163 illos
697 4111 834 4180 agit,
863 4114 949 4181 qui
971 4113 1239 4169 circenses
1266 4117 1418 4171 ludos
1444 4119 1746 4188 frequenta-

153 4195 312 4261 bant,
342 4208 398 4251 et
427 4208 607 4267 postea
634 4201 699 4256 ad
727 4213 1036 4259 consuetam
1069 4207 1134 4261 de
1155 4206 1353 4262 Lazaro
1375 4217 1429 4263 et
1457 4208 1620 4265 divite
1647 4225 1743 4281 pa-

151 4288 397 4342 rabolam
434 4289 684 4347 deﬂectit.

227 4379 500 4435 Hactenus
525 4394 732 4454 tempus
749 4401 852 4454 quo
870 4388 1154 4443 conciones
1180 4388 1416 4460 singulas
1446 4391 1744 4448 Antiochia:

151 4469 346 4526 habuit
405 4471 820 4548 Cbrysostomus
871 4479 1292 4547 assignavimus,
1346 4481 1502 4535 modo
1545 4484 1737 4547 certis,

149 4563 320 4616 mde
348 4563 521 4618 dubiis
567 4567 799 4622 indiciis.
837 4570 1068 4624 Cmteras
1107 4587 1236 4626 vero
1280 4587 1411 4643 quas
1445 4574 1740 4639 edidimus,

147 4668 397 4722 quasque
431 4656 748 4724 Antiochiae,
801 4659 916 4714 sine
970 4662 1073 4715 ulla
1123 4663 1382 4731 probabili
1426 4665 1548 4718 anni
1580 4675 1740 4730 nota,

146 4746 411 4800 habuisse
446 4757 724 4817 putamus,
773 4750 857 4805 hic
898 4753 1232 4809 continenter
1273 4770 1622 4824 apponemus,
1651 4757 1744 4811 illo

146 4837 350 4890 ordine
365 4853 471 4907 quo
497 4840 548 4894 in
577 4842 675 4896 hac
694 4842 926 4898 editione
953 4843 1210 4908 feruntur.

229 4926 475 4983 Ilomilia:
516 4933 565 4984 in
609 4931 958 4988 Pentecosten.
996 4966 1066 4975 -—
1094 4937 1376 4991 llomiliam
1423 4943 1648 5009 primam
1690 4941 1741 4995 in

151 5019 515 5075 Pentecosten
551 5039 617 5078 ne
653 5025 957 5094 conjectura
989 5026 1202 5096 quidem
1242 5029 1421 5084 dicere
1463 5046 1743 5098 possumus

146 5127 263 5182 quo
290 5126 434 5166 anno
462 5112 638 5170 habita
668 5116 844 5183 fuerit,
873 5128 933 5172 ut
960 5119 1012 5172 in
1039 5112 1237 5173 Monito
1258 5119 1325 5173 ad
1356 5121 1597 5175 eamdem
1633 5139 1745 5191 pro-

117 5203 406 5281 ibavimus
434 5204 519 5272 (Τ.
547 5206 601 5260 2.
639 5225 686 5260 c.
719 5208 872 5280 451).
899 5209 954 5263 In
980 5225 1041 5264 ea
1068 5225 1195 5264 vero
1227 5227 1333 5265 non
1356 5227 1569 5281 parvam
1591 5215 1744 5269 nobis

125 5279 526 5350 stillicnltatem
556 5297 713 5353 affert
735 5299 788 5353 in
816 5279 1190 5356 enumerandis
1226 5279 1516 5372 majoribus
1547 5306 1748 5361 festivi-

147 5388 380 5453 tatibus,
408 5405 540 5460 quas
565 5392 669 5446 sub
715 5393 922 5448 initium
956 5396 1141 5464 prima:
1169 5397 1222 5450 in
1261 5397 1611 5453 Pentecosten
1650 5401 1746 5452 ho-

153 5479 323 5536 milire
347 5481 428 5535 sic
471 5495 874 5538 commemorat.
919 5486 1152 5541 Primam
1197 5489 1325 5544 dicit
1372 5489 1740 5559 Epiphaniam,

156 5573 447 5630 Secundam
467 5575 666 5630 Pascha
678 5619 692 5640 ,
715 5579 922 5634 tertiam
937 5579 1309 5638 Pentecosten.
1333 5583 1598 5653 Quaeritur
1615 5601 1746 5641 vero

155 5679 252 5723 cur
275 5666 520 5724 Natalem
555 5669 752 5725 Christi
774 5672 915 5729 diem
945 5675 1202 5742 omiserit,
1227 5692 1384 5747 quem
1414 5677 1527 5747 ipse
1551 5677 1623 5734 25
1649 5680 1742 5734 De-

155 5758 396 5815 ccmbtis
435 5760 698 5816 celebrari
742 5762 848 5831 jam
899 5763 1052 5830 dixit,
1104 5775 1158 5822 et
1198 5768 1250 5822 in
1298 5783 1427 5839 quo,
1474 5776 1532 5824 ut
1579 5787 1738 5838 supra

481 5879 748 5938 Parnm.
792 5881 908 5940 Gn.
952 5879 996 5937 Χ
1016 5879 1196 5941 ω-ιι.

1376 346 1555 403 NUNC
1599 348 1856 405 PRIMUM
1897 353 1937 405 Α
1949 353 2286 410 UUIZNATA.

3368 365 3464 418 150

1885 465 2136 544 diximus,
2178 469 2488 523 concionem
2539 470 2737 524 halmit.
2781 471 2890 525 Dici
2925 471 3060 526 forte
3107 474 3291 540 possit,
3337 476 3462 544 quia

1882 561 2070 614 festum
2101 560 2300 614 Natalis
2324 562 2520 616 Christi
2552 578 2579 614 a
2609 564 2939 632 paucissimis
2966 565 3120 618 annis
3157 567 3463 624 Antiochia:

1878 653 2246 708 celebrabatur
2273 653 2359 708 die
2383 655 2453 710 25
2481 655 2818 720 Decembris,
2849 671 2972 710 cum
3011 668 3165 710 antea
3203 673 3302 710 una
3339 658 3462 726 Epic

1879 742 2086 811 phanize
2135 744 2476 811 solemnitas,
2529 746 2616 802 die
2676 757 2824 801 sexta
2894 747 3127 802 Januarii
3181 757 3238 802 et
3285 749 3458 804 Natali

1876 835 2105 900 Christi,
2137 844 2190 890 et
2214 837 2483 906 Magorum
2540 838 2859 904 adorationi,
2887 848 2942 892 et
2965 839 3160 892 Christi
3194 841 3457 908 baptismo

1873 925 2121 994 deputata
2147 937 2312 992 esset,
2363 928 2450 982 hic
2477 929 2768 984 secundum
2811 940 3048 983 veterem
3089 931 3456 984 solemnitatcs

1872 1019 2184 1072 numerandi
2206 1020 2640 1074 consuetudinem
2663 1019 3086 1090 aChrysostomo
3105 1021 3452 1090 Epiphaniam

1871 1109 2177 1176 memorari,
2206 1110 2452 1179 diemque
2478 1110 2718 1166 Natalem
2752 1111 2934 1164 taceri.
2968 1110 3063 1166 llic
3091 1111 3339 1164 nimirum
3369 1127 3451 1165 re.-

1868 1214 2054 1270 ceptus
2081 1203 2148 1257 ab
2180 1220 2294 1258 :cvo
2334 1204 2650 1259 rccenscndi
2693 1218 2810 1258 mos
2859 1203 3024 1259 fuisse
3065 1205 3274 1258 videtur
3311 1203 3450 1272 apud

1867 1295 2228 1350 Antiochenos
2253 1338 2267 1361 ,
2297 1305 2354 1350 ut
2401 1305 2509 1350 tres
2554 1296 2871 1367 insigniores
2914 1295 3276 1351 solemnitates
3301 1295 3448 1348 dice-

1865 1395 2001 1450 rent,
2031 1386 2381 1456 Epiphaniam
2403 1429 2418 1455 ,
2451 1388 2652 1443 Pascha
2682 1397 2736 1443 et
2785 1389 3135 1442 Pcntecosten
3163 1404 3176 1440 :
3203 1385 3446 1440 Natalem

1865 1492 1990 1531 vero
2036 1478 2244 1532 Domini
2287 1478 2450 1543 diem,
2484 1481 2603 1549 quia
2636 1495 2807 1550 nUper
2848 1479 3096 1533 inductus
3145 1479 3337 1538 t'nerat,
3389 1486 3446 1530 ut

1857 1569 1966 1639 jam
1998 1569 2247 1633 vidimus,
2280 1571 2330 1624 in
2364 1572 2464 1626 hoc
2490 1589 2714 1627 numero
2737 1573 2971 1627 nondum
3009 1579 3287 1642 ponerent,
3319 1571 3440 1641 quia

1863 1670 2016 1716 antea
2042 1677 2162 1716 cum
2194 1662 2489 1732 Epiphania
2515 1664 2908 1718 celebrabatur.

1932 1752 2174 1806 Secunda
2209 1753 2368 1806 etiam
2412 1754 2478 1808 de
2505 1753 2823 1808 Pentecoste
2852 1753 3064 1808 humilia
3099 1752 3296 1807 nullam
3330 1766 3441 1822 prae

1859 1855 1918 1896 se
1965 1840 2062 1896 fert
2106 1844 2360 1912 temporis
2406 1854 2607 1897 notam.
2652 1844 2707 1898 In
2750 1844 2849 1899 hac
2894 1859 3054 1915 porro
3086 1845 3438 1899 Pentecosten

1859 1945 2018 1990 vocat
2044 1936 2458 2008 Chrysostomus
2488 1938 2805 2008 metropolim
2830 1942 3104 2008 festorum,
3142 1937 3265 2006 quia
3292 1935 3442 1991 vide-

1858 2025 2004 2092 licet,
2035 2037 2092 2082 ut
2131 2028 2325 2082 ibidem
2355 2028 2556 2098 adjicit,
2587 2027 2818 2083 fructum
2863 2029 2948 2082 illa
2982 2027 3270 2082 Dominicae
3311 2042 3437 2096 pro-

1856 2119 2128 2174 missionis
2151 2118 2324 2178 atlert.
2365 2119 2480 2174 Non
2507 2133 2676 2187 pauca
2715 2129 2897 2173 contra
2924 2115 3440 2172 Pneumatomachos

1856 2210 2092 2277 disserit,
2111 2212 2201 2282 qui
2228 2211 2457 2280 Spiritus
2480 2210 2648 2265 sancti
2673 2212 3004 2278 majestatem
3030 2223 3091 2262 ac
3105 2207 3436 2262 divinitatem

1858 2304 2217 2373 impetcbant:
2242 2318 2306 2357 ac
2333 2314 2613 2373 postquam
2637 2302 2705 2356 de
2736 2301 2993 2355 fructibus
3015 2301 3244 2369 Spiritus
3265 2299 3436 2354 sancti

1857 2395 2020 2447 multa
2053 2394 2290 2463 protulit,
2321 2395 2480 2448 ﬁnem
2510 2393 2719 2448 dicendi
2743 2392 2890 2447 facit.
3120 2388 3122 2391 ’

1928 2485 2204 2540 Concioncs
2250 2487 2388 2538 alite.
2428 2514 2501 2526 -—
2537 2485 2833 2539 Antiochia:
2885 2485 3012 2540 item
3055 2485 3259 2539 incerto
3293 2494 3434 2537 anno

1855 2579 2165 2632 concionem
2193 2577 2377 2632 habuit
2405 2578 2472 2632 de
2498 2577 2556 2631 S.
2602 2576 2814 2646 Pelagia
2845 2585 3077 2646 martyre
3101 2574 3432 2629 Antiochena

1857 2668 1943 2741 (Τ.
1971 2668 2026 2722 2.
2057 2689 2104 2724 c.
2135 2667 2304 2737 579),
2335 2685 2453 2737 quae
2497 2682 2621 2720 cum
2668 2665 2984 2721 Christiana:
3030 2664 3150 2719 ﬁdei
3199 2679 3355 2718 causa
3399 2678 3430 2717 a

1857 2761 2114 2815 militibus
2136 2759 2446 2816 abducenda
2471 2768 2644 2825 esset,
2676 2774 2744 2813 ne
2773 2758 3057 2828 virginitati
3098 2772 3207 2812 suae
3238 2757 3316 2810 vis
3346 2757 3429 2810 in-

1857 2853 2119 2918 ferretur,
2164 2869 2284 2910 sese
2345 2853 2668 2924 praecipitem
2731 2851 2909 2915 dedit,
2965 2859 3019 2905 ct
3079 2850 3158 2904 sic
3204 2859 3431 2902 mortem

1855 2942 1954 2997 sibi
1992 2945 2264 2999 conscivit.
2295 2952 2372 3006 ῃρ
2409 2963 2510 3000 mia
2556 2955 2737 3000 sancta
2768 2941 2970 3011 virgine
3009 2939 3174 2993 multa
3221 2953 3429 2992 memo-

1853 3041 2037 3087 rantur
2050 3032 2104 3086 in
2120 3030 2324 3086 Monito
2338 3030 2559 3099 ibidem,
2574 3046 2812 3102 quaenon
2823 3041 2952 3087 sunt
2979 3029 3260 3100 praesentis
3281 3027 3433 3083 insti-

1855 3123 1971 3176 tuti.

1925 3213 1980 3266 lu
2006 3221 2244 3266 sanctum
2275 3227 2486 3282 quoque
2524 3209 2781 3282 lgnatium
2816 3208 3097 3278 Deiferum,
3134 3204 3433 3262 Antiochia:

1851 3304 2157 3374 episcopum
2201 3311 2254 3357 et
2287 3313 2594 3372 martyrem,
2622 3300 2935 3355 concionem
2982 3299 3169 3353 habuit
3202 3298 3432 3367 Chrysoo

1852 3405 2079 3460 stemus,
2102 3393 2284 3463 paucis
2307 3402 2425 3462 post
2448 3391 2760 3445 concionem
2787 3391 2839 3443 in
2862 3392 2919 3444 S.
2947 3389 3214 3458 Pelagium
3243 3388 3432 3442 diebus

1853 3485 1939 3557 (Τ.
1969 3486 2022 3540 2.
2057 3498 2106 3535 c.
2135 3483 2272 3556 587)
2306 3503 2320 3538 :
2350 3484 2416 3539 de
2432 3499 2571 3538 anno
2592 3469 2767 3537 autem
2795 3498 2862 3536 ne
2887 3481 3194 3550 conjectura
3217 3479 3430 3549 quidem

1851 3586 2086 3633 statuere
2111 3576 2380 3647 quidpiam
2408 3589 2713 3645 possumus.
2741 3572 2956 3627 Festum
2990 3571 3048 3625 S.
3081 3569 3264 3640 lgnatii
3291 3570 3430 3624 cele-

1851 3667 2037 3722 bratur
2063 3666 2313 3736 apudnos
2339 3666 2509 3735 prima
2529 3662 2825 3726 Februarii,
2845 3661 2984 3731 apud
3008 3659 3225 3715 ercos
3249 3668 3430 3713 autem

1850 3759 2103 3829 vigesima
2128 3758 2215 3812 die
2242 3755 2582 3820 Decembris;
2614 3755 2735 3823 quia
2763 3768 2891 3807 vero
2913 3754 2964 3806 in
2995 3752 3120 3805 Mss.
3153 3751 3310 3804 etiam
3339 3764 3433 3802 an-

1852 3848 2168 3919 tiquissimis
2190 3855 2406 3902 notatur
2431 3861 2491 3898 ea
2525 3845 2636 3914 ipsa
2665 3843 2779 3897 dies
2817 3841 3072 3911 vigesima
3102 3839 3429 3903 Decembris,

1850 3938 2140 3994 verisimile
2187 3937 2397 3992 videtur
2427 3937 2514 3990 illa
2548 3935 2637 3989 die
2673 3934 2907 3988 habitam
2955 3931 3121 3986 fuisse
3147 3929 3285 3983 hanc
3312 3941 3444 3982 con-

1849 4034 2079 4092 cionem,
2109 4044 2213 4085 non
2241 4037 2418 4081 autem
2450 4027 2511 4080 t7
2541 4023 2848 4079 Decembris
2873 4064 2886 4086 ,
2913 4036 3014 4091 qua
3043 4020 3127 4074 die
3160 4017 3436 4072 translatio

1849 4121 1965 4189 ejus
1989 4120 2287 4174 celebratur
2324 4118 2378 4170 in
2407 4114 2645 4169 Ecclesia
2692 4113 2953 4176 Romana,
3005 4120 3063 4164 ut
3099 4118 3245 4162 recte
3283 4115 3435 4160 nutat

1851 4212 2050 4266 Fronto
2091 4211 2331 4272 Ducwus,
2377 4207 2465 4275 qui
2496 4217 2605 4260 tres
2640 4203 2755 4272 ejus
2789 4201 3162 4255 translationes
3199 4212 3434 4252 comme-

1851 4313 2056 4362 morat:
2088 4301 2313 4370 primam
2352 4298 2520 4352 Roma
2561 4292 2920 4358 Antinchiam,
2955 4299 3014 4344 ut
3053 4288 3307 4359 putabant
3350 4285 3434 4339 di-

1849 4396 2034 4464 scipuli
2090 4395 2239 4463 ejus,
2290 4391 2378 4461 qui
2421 4391 2551 4444 Acta
2591 4388 2934 4456 scripserant,
2982 4383 3196 4455 quando
3237 4396 3435 4451 nempe

1850 4487 2084 4556 reliquize
2131 4485 2246 4554 ejus
2289 4482 2559 4538 translata:
2597 4489 2761 4534 sunt:
2791 4491 2914 4532 nam
2952 4475 3336 4546 Chrysostomo
3379 4472 3434 4528 in

1850 4581 1950 4634 hac
1979 4578 2194 4633 humilia
2224 4592 2287 4630 ac
2311 4576 2632 4646 Hieronymo
2659 4570 2912 4635 testibus,
2944 4584 3065 4624 ossa
3097 4567 3213 4637 ejus
3247 4566 3410 4620 Antio

1849 4672 1982 4726 cbia:
2022 4670 2369 4742 quiescebant
2389 4711 2404 4738 ,
2431 4675 2485 4722 et
2510 4665 2724 4736 quidem
2751 4672 2901 4718 extra
2927 4672 3135 4733 portam
3168 4658 3434 4730 Daphmti-

1856 4777 1974 4816 ram
2014 4761 2068 4814 in
2107 4756 2453 4819 cmmeterio,
2491 4750 2668 4820 inquit
2709 4753 3065 4824 Hieronymus
3102 4751 3154 4805 in
3185 4751 3326 4804 libro
3365 4749 3433 4803 de

1849 4852 2212 4924 Scriptorihus
2259 4847 2665 4904 Ecclesiasticis.
2712 4843 2958 4900 Secunda
3012 4840 3288 4897 translatio
3333 4839 3467 4892 im-'

1853 4955 2070 5012 parante
2087 4939 2388 4995 Theodosio
2410 4937 2451 4990 ll
2464 4935 2600 4990 facta
2613 4944 2714 5000 est,
2732 4949 2852 4988 cum
2865 4934 2980 5002 ejus
2988 4934 3137 5002 jussu
3158 4947 3222 4986 ex
3241 4945 3432 4984 creme-

1852 5035 1984 5088 terio
2012 5033 2063 5086 in
2089 5031 2342 5100 templum
2365 5028 2614 5083 Fortuna:
2633 5027 2748 5095 ejus
2777 5040 2896 5080 ossa
2920 5024 3171 5079 translata
3198 5029 3344 5084 sunt,
3377 5031 3434 5074 et

1853 5126 2107 5197 templum
2134 5125 2257 5176 olim
2283 5121 2615 5176 dannonibus
2635 5119 2888 5185 dicatum,
2915 5119 3135 5189 martyri
3157 5131 3434 5170 consecra-

1853 5231 1962 5273 tum
1991 5229 2092 5281 est,
2127 5215 2297 5283 inquit
2325 5213 2602 5280 Evagrius.
2634 5211 2868 5267 Tertiam
2901 5208 3296 5263 translationem
3330 5207 3431 5259 An-

1851 5309 2044 5364 tioehia
2093 5307 2317 5360 Romam
2365 5311 2625 5358 memorat
2650 5301 3078 5374 Martyrologium
3108 5297 3424 5356 Romanum,

1850 5417 1971 5456 cum
2013 5399 2064 5453 in
2091 5397 2315 5453 ecclesia
2345 5396 2402 5449 S.
2439 5395 2730 5451 Clementis
2759 5392 3031 5449 recondita
3066 5398 3209 5444 sunt.
3238 5387 3293 5441 ln
3331 5386 3428 5442 hac

1849 5506 1978 5546 vero
2003 5489 2259 5544 concione
2294 5488 2708 5559 Chrysostomus
2740 5484 2994 5555 lgnatium
3021 5481 3094 5534 ait
3125 5479 3251 5533 feris
3280 5478 3428 5545 οων-

1851 5595 1993 5639 ctum
2026 5583 2257 5652 quinque
2281 5595 2507 5636 coronas
2533 5592 2820 5642 meruisse;
2846 5573 2974 5630 dicit
2997 5574 3214 5643 insuper
3243 5571 3420 5628 Antio-

1852 5677 1986 5734 chiaz
2006 5676 2231 5731 ducenta
2263 5673 2533 5730 hominum
2563 5670 2727 5726 millia
2755 5685 2893 5724 esse.

1927 5771 2168 5839 Aliquam
2198 5763 2515 5826 concionum
2557 5763 2851 5820 Antiochiae
2891 5761 3192 5817 habitarum
3236 5761 3426 5817 seriem

3019 5871 3089 5932 11
