3948 6400
477 471 630 526 nobis
665 469 859 524 indicat
887 467 975 536 (T.
1031 467 1081 520 6.
1116 485 1162 521 c.
1208 462 1329 536 Ιῦὅ)
1363 465 1472 534 ipsc
1509 460 1920 520 Clterostomus
1955 477 2060 515 scr-

475 575 633 616 tuonc
659 560 829 630 primo
863 558 929 613 de
970 557 1146 613 verbis
1164 555 1432 621 Jeremias,
1462 570 1584 611 eum
1615 555 1689 610 ait
1716 571 1772 609 n.
1811 556 1834 610 l
1885 567 1899 605 :
1931 551 2062 606 Pro-

475 663 644 724 pterea
670 653 732 706 de
759 651 909 706 Petro
935 660 980 705 et
1011 649 1178 705 Paule
1221 666 1382 720 nuper
1427 649 1867 706 dtsseruissemus.
1913 655 1958 699 et
2001 650 2064 700 de

474 755 649 800 exorta
689 746 820 799 inter
859 744 994 814 ipsos
1025 743 1312 822 Antiochia;
1342 750 1712 804 eontroversta,
1743 755 2065 810 pugnamque

473 839 636 902 illum,
662 853 774 906 qua:
798 837 926 890 inter
941 853 1024 890 eos
1041 852 1145 890 esse
1166 835 1444 900 videbatur,
1469 851 1592 905 pace
1615 833 1788 904 quavis
1811 833 2064 886 utiliorem

471 929 610 982 uobis
633 929 1042 992 ostendissemus,
1077 944 1286 999 cumque
1313 927 1382 980 ad
1405 936 1716 998 praeruptam
1747 936 1795 980 et
1829 941 2064 996 asperam

476 1035 561 1072 res
589 1019 730 1072 illaut
753 1019 889 1073 oiam
916 1013 1320 1084 deduxissemus,
1348 1017 1417 1070 ad
1439 1016 1583 1070 aliud
1607 1025 1959 1087 argumentum
1979 1031 2066 1068 vos

475 1111 832 1176 tradita-intus,
879 1109 1001 1162 dum
1043 1108 1175 1162 beati
1218 1107 1474 1162 Eustatltii
1531 1107 1787 1177 prtcconia
1839 1121 2069 1160 sermone

476 1201 727 1269 rontplexi
743 1216 941 1264 sumus,
965 1208 1136 1270 etpost
1154 1198 1306 1252 illum
1332 1199 1558 1269 generosi
1585 1197 1820 1268 martyris
1849 1196 2066 1251 Romani

479 1291 658 1346 laudes
700 1291 1074 1362 percurrimus,
1106 1307 1236 1344 cum
1261 1289 1522 1344 illustrius
1564 1288 1706 1343 nobis
1753 1288 1948 1357 factum
1997 1296 2068 1340 est

480 1384 764 1448 theatrum,
813 1385 1035 1454 amplior
1083 1383 1366 1455 applausus
1410 1394 1456 1438 et
1489 1383 1655 1452 major
1697 1381 1940 1452 strepitus
1982 1397 2068 1434 ac-

476 1474 828 1532 clamantium.

551 1568 829 1623 Contiones
859 1569 996 1624 alite.
1014 1599 1081 1610 —
1104 1567 1272 1637 Quam
1295 1569 1518 1639 primam
1551 1567 1636 1623 hic
1658 1575 2070 1623 memorat'con-

481 1660 730 1726 cionem,
764 1677 825 1716 ea
853 1671 954 1726 est,
991 1677 1149 1730 quam
1205 1662 1652 1732 post‘lectiouem
1701 1660 1956 1731 Epistulae
1989 1661 2066 1714 "ad

478 1752 692 1807 Galatas
714 1752 799 1824 (Τ.
828 1754 880 1808 5.
908 1766 952 1806 c.
972 1751 1100 1824 57f)
1126 1752 1424 1808 Antiochia:
1450 1751 1632 1807 habuit
1660 1751 2071 1824 Cltrysostomus

479 1842 533 1896 in
565 1842 714 1909 illml,
744 1841 810 1896 lu
841 1842 1208 1914 faciem'Petro
1234 1843 1418 1898 restiti.
1448 1843 1663 1898 Veritus
1689 1844 1832 1896 enim
1859 1851 2070 1896 ne'tan-

481 1935 615 1998 tilla,
642 1950 763 2004 qua:
785 1934 880 1990 hic
917 1945 1140 2006 apparet
1177 1937 1315 1990 inter
1356 1936 1573 1990 Petrum
1603 1943 1659 1990 et
1697 1935 1942 2000 Paulum,
1969 1935 2070 1988 Ec-

481 2027 663 2082 clesia:
705 2027 1002 2093 columnas,
1045 2027 1311 2082 dissensio
1360 2028 1568 2097 piorum
1615 2028 1824 2082 animos
1865 2035 2075 2098 pertur-

485 2119 652 2182 l-aret,
684 2117 838 2188 longa
881 2118 1248 2173 locum‘illum
1279 2119 1524 2173 oratione
1548 2117 1836 2186 explanare
1867 2117 2070 2171 nititur.

484 2208 674 2262 Statim
702 2208 934 2278 explicat
960 2209 1306 2280 quantahine
1332 2207 1998 2278 incommodarsequautur,
2030 2210 2072 2263 si

484 2313 612 2356 vere
631 2308 686 2355 et
710 2299 1026 2371 objurgaudi
1053 2301 1252 2367 animo,
1275 2301 1522 2372 plurimis
1541 2303 1919 2372 praesentibus,
1949 2316 2075 2372 apo-

485 2392 718 2446 tolorum
758 2393 1102 2465 coryphaeum
1134 2393 1344 2450 Paulus
1384 2395 1455 2449 sit
1491 2394 1732 2450 adortus.
1780 2393 1915 2449 llinc
1942 2393 2076 2448 duas

482 2486 626 2539 circa
646 2485 788 2540 hunc
814 2485 990 2540 locum
1017 2487 1314 2542 sententias
1332 2485 1506 2556 aperit
1527 2486 1817 2557 statimque
1845 2486 2071 2541 refutat:

482 2591 708 2646 quarum
751 2577 898 2647 prior
929 2589 1031 2642 est,
1070 2577 1308 2642 Petrum,
1341 2577 1416 2632 de
1451 2592 1558 2648 quo
1595 2577 1681 2632 hic
1727 2577 1934 2648 agitur,
1967 2592 2073 2631 non

483 2667 851 2738 apostolorum
876 2668 1195 2740 principem,
1224 2667 1320 2723 sed
1347 2667 1509 2722 alium
1533 2669 2073 2738 essecognominem;

487 2761 656 2814 altera
697 2761 882 2814 statuit
925 2776 1106 2815 veram
1150 2775 1272 2815 esse
1313 2761 1809 2830 reprehensionem,
1857 2775 1961 2815 nec
2000 2759 2076 2814 si-

484 2849 684 2905 mulate
728 2848 944 2905 factam.
989 2850 1193 2906 Deinde
1235 2866 1369 2906 vero
1413 2865 1566 2906 suam
1612 2851 1700 2906 ille
1722 2850 2075 2923 1tt‘0fertopi-

487 2939 736 2996 nionem:
765 2955 960 3010 nempe
982 2941 1257 3012 apostolos
1282 2941 1500 2997 Petrum
1527 2950 1582 2998 et
1601 2941 1824 2996 Paulum
1849 2941 1917 2996 ad
1942 2943 2077 2997 Inme

483 3031 627 3100 piam
669 3030 1065 3087 simulationem
1123 3042 1338 3102 paratos
1388 3032 1781 3104 meditatosque
1821 3033 2074 3100 venisse,

491 3137 665 3192 exque
692 3131 849 3193 pacto"
871 3133 925 3178 et
953 3132 1219 3179 convento
1246 3124 1385 3180 inter
1410 3123 1599 3180 ambos
1629 3124 1795 3191 inito;
1825 3136 1935 3180 tum
1959 3141 2019 3181 se
2045 3141 2076 3180 a

487 3213 740 3283 gentibus
772 3230 1084 3287 segregasse
1112 3216 1363 3282 Petrum,
1396 3232 1464 3270 ne.
1494 3215 1546 3271 in
1571 3215 1877 3272 Judzeorum
1907 3217 2078 3272 oli‘en-

482 3306 690 3361 sionem
717 3319 1059 3375 .occurreret,
1103 3317 1214 3363 tum
1253 3308 1477 3364 Paulum
1517 3308 1568 3364 ei
1608 3309 1661 3363 in
1691 3309 1880 3364 faciem
1923 3310 2078 3364 resti-

482 3397 636 3463 tisse,
683 3398 774 3454 illo
825 3415 934 3454 non
980 3400 1300 3468 reluctante,
1330 3401 1452 3471 quia
1495 3400 1774 3456 amborum
1818 3415 1882 3456 ea
1923 3415 2077 3456 mens

473 3497 631 3554 erat,
661 3501 718 3542 ut
748 3489 877 3559 legis
900 3489 1084 3561 jugum
1123 3491 1373 3562 gentibus
1401 3506 1508 3546 non
1546 3493 1932 3562 imponeretur.
1960 3492 2078 3548 Ca:-

484 3588 658 3632 termn
687 3578 1056 3650 Chrysostomi
1081 3582 1286 3652 opinio,
1313 3597 1434 3652 qua:
1482 3583 1552 3638 ab
1577 3584 1804 3653 Origene
1831 3597 2077 3639 manasse

484 3667 742 3736 creditur,
770 3671 838 3726 ab
866 3671 1195 3743 Hieronymo
1219 3674 1450 3744 primum
1479 3684 1807 3745 propugnata
1827 3715 1841 3738 ,
1874 3674 1943 3729 ab
1976 3677 2078 3729 Au-

483 3762 698 3830 gustino
724 3762 950 3819 refutatu
979 3776 1081 3832 est,
1111 3776 1390 3824 asserente
1427 3783 1608 3822 veram
1638 3783 1738 3823 nec
1771 3768 2074 3824 simulatam

426 3876 432 3882 -
487 3854 650 3909 fuisse
686 3855 834 3911 Pauli
874 3858 1373 3928 reprehensionem,
1404 3861 1475 3915 ita
1511 3869 1569 3914 ut
1604 3861 1720 3931 ejus
1746 3864 2076 3932 argumentis

483 3945 702 4002 cederet
755 3949 871 4019 ipse
915 3951 1296 4024 llierouynms.
1342 3951 1460 4008 Non
1501 3952 1698 4009 desunt
1757 3963 1934 4009 tamen
1983 3955 2074 4024 qui

483 4037 710 4106 primam
740 4043 1062 4097 sententiam
1081 4085 1096 4110 ,
1124 4060 1244 4114 qua:
1269 4043 1486 4099 Petrum
1528 4046 1596 4100 ab
1637 4045 1881 4116 apostolo
1910 4048 2074 4101 alium

479 4131 696 4198 asserit,
719 4148 820 4189 nec
836 4151 923 4205 qm
947 4135 1238 4192 secundam
1259 4151 1291 4192 a
1312 4136 1695 4209 Chrysostomo
1715 4152 2074 4211 oppugnatam

481 4220 746 4294 hodieque
775 4224 1086 4283 defendant.

541 4314 700 4372 .llauc
723 4321 1036 4376 concionem
1062 4323 1275 4392 excepit
1299 4321 1528 4379 llomilia
1555 4323 1642 4396 (Τ.
1673 4323 1728 4379 2.
1763 4345 1810 4381 c.
1833 4325 1970 4395 595)
2019 4326 2070 4381 in

481 4406 544 4462 S.
575 4408 914 4466 Eustathium
936 4415 1330 4469 Antiocbemtm
1359 4412 1692 4485 episcopum,
1718 4416 1806 4486 qui
1828 4416 1896 4471 ab
1918 4417 2074 4472 Aria-

485 4503 589 4568 nis,
609 4503 760 4572 queis
780 4504 1069 4558 admodum
1093 4503 1317 4563 infestus
1337 4515 1473 4569 erat,
1497 4506 1793 4572 abdicatus,
1807 4518 1862 4564 et
1885 4525 2071 4564 eorum

483 4612 647 4664 opera
677 4597 740 4650 .in
765 4597 1011 4651 exsilium
1051 4597 1372 4652 amandatus
1403 4597 1592 4652 fuerat.
1634 4599 1712 4654 De
1749 4600 1869 4654 loco
1899 4603 2071 4657 exsilii

484 4705 590 4742 non
621 4703 722 4742 una
752 4697 835 4742 est
860 4689 1164 4755 sententia;
1216 4688 1563 4760 Hieronymo,
1604 4690 1695 4760 qui
1740 4690 1868 4746 dicit
1899 4693 2071 4764 ipsum

480 4780 881 4851 'l‘rajauopolim
935 4782 987 4837 in
1037 4781 1263 4837 Thracia
1315 4782 1619 4853 ablegatum
1670 4784 1878 4852 fuisse,
1931 4789 2072 4843 favet

477 4873 916 4945 Chrysostomus,
949 4873 1038 4944 qui
1084 4878 1158 4929 ait
1183 4874 1301 4945 ejus
1341 4890 1538 4946 corpus
1571 4876 1626 4931 in
1656 4877 1881 4934 Thracia
1927 4896 2068 4937 esse.

477 4968 594 5023 Alia
622 4967 846 5038 plurima
875 4968 942 5023 de
966 4967 1250 5024 Eustatbio
1278 4969 1510 5025 diximus
1537 4970 1593 5025 in
1612 4969 1813 5028 Mouito
1835 4975 1901 5028 ad
1933 4975 2072 5032 hanc

476 5061 815 5128 concionem,
863 5061 950 5116 ubi
996 5062 1116 5116 vide
1154 5063 1248 5116 sis.
1295 5062 1352 5117 ln
1381 5063 1498 5133 ejus
1523 5074 1704 5120 autem
1730 5065 2070 5125 abdicatione

477 5164 584 5210 tota
612 5170 757 5225 ,pcne
782 5155 1048 5211 seditione
1089 5157 1438 5228 conﬂagravit
1480 5159 1786 5214 Antiochia.
1834 5161 2071 5217 Armalis

475 5249 617 5301 enittt
651 5248 1204 5319 utrimquepartibus,
1229 5250 1557 5322 adseitisque
1582 5252 1859 5318 militibus,
1887 5255 2068 5308 omnia

473 5349 627 5394 (‘t'attl
647 5341 714 5394 ad
731 5356 967 5412 pugnam
996 5351 1052 5396 et
1080 5341 1401 5398 horrendam
1429 5343 1636 5400 cladem
1676 5355 1860 5414 parata
1887 5363 1902 5412 ;
1935 5363 2067 5401 ven-

475 5440 692 5500 ιιιιιιιιιω
723 5435 906 5490 fuisset
927 5435 993 5490 ad
1024 5436 1248 5506 gladios,
1276 5437 1380 5491 nisi
1419 5439 1858 5506 supervenientes
1897 5439 2067 5509 Impe-

476 5522 670 5576 l‘alm'is
730 5527 895 5582 literae
951 5529 1166 5599 plebem
1223 5530 1703 5598 compescuisset“.
1758 5530 2068 5601 Tamenque

480 5613 663 5668 Ariani
693 5633 801 5673 sua:
830 5633 991 5676 sectae
1014 5623 1283 5679 hominem
1313 5624 1622 5693 episcopum
1649 5625 2064 5679 constituerunt.

485 5703 792 5776 lteindeque
825 5711 1083 5767 Catholici
1113 5715 1162 5768 itt
1185 5714 1316 5769 duas
1338 5724 1392 5770 et
1419 5715 1514 5784 ipsi
1545 5723 1724 5784 partes
1745 5713 1898 5768 divisi
1921 5727 2063 5770 sunt:

481 5809 601 5862 qua:
638 5802 814 5854 omnia
843 5801 950 5869 jatu
979 5804 1208 5862 diximus
1239 5826 1398 5881 supra
1430 5820 1481 5864 et
1515 5809 1566 5864 in
1611 5809 1802 5864 eodem
1844 5809 2064 5865 Monito.

1567 349 1622 404 S.
1665 345 1944 403 JOANNIS
1983 340 2456 403 CHRYSOSTOMI
2501 346 2680 410 \'l'l'.\,

3661 350 3759 403 13?.

2244 460 2370 515 Post
2416 462 2696 516 llomiliam
2743 463 2793 516 in
2839 462 2896 519 S.
2952 462 3284 518 Eustathium
3325 461 3412 534 (Τ.
3459 463 3515 517 9..
3556 479 3602 516 ε.
3635 465 3761 535 605)

2169 552 2585 625 Chrys-ostentus
2615 555 2926 610 Encomium
2956 558 3006 622 in
3045 557 3100 612 S.
3136 558 3435 611 llotnanum
3468 559 3761 613 Antioche-

2173 659 2298 698 itum
2329 645 2611 716 Martyrem
2644 647 2885 718 protulit.
2914 647 2980 702 de
3009 664 3115 718 quo
3142 649 3392 702 nonnulla
3433 659 3560 704 sunt
3588 649 3640 704 in
3667 649 3763 703 du-

2173 737 2316 792 bium
2350 749 2552 803 vocata,
2583 755 2702 810 qua:
2748 740 2798 794 in
2832 740 3030 794 Monito
3064 741 3458 810 expenduntur.
3492 741 3761 795 Romanus

2172 829 2262 884 ille
2308 837 2408 894 est,
2440 830 2528 900 qui
2575 840 2852 900 postquam
2896 831 3070 899 lingua
3100 841 3372 900 amputata
3421 832 3520 902 ipsi
3560 832 3674 891 fuit.
3710 842 3763 886 ut

2173 929 2328 975 antea
2356 921 2690 992 loquebatur.
2715 924 2895 976 Altera
2923 924 2972 976 in
3087 923 3385 976 [loiiianum
3416 923 3634 978 bomilia
3670 925 3764 977 ibi-

2173 1013 2296 1067 dem
2335 1015 2596 1084 Sequitur,
2623 1013 2775 1084 cujus
2805 1014 2974 1085 stylus
3016 1013 3383 1085 Chrysostomi
3413 1014 3626 1070 dicendi
3675 1031 3763 1085 ge-

2175 1104 2289 1158 neri
2338 1115 2443 1158 tam
2485 1104 2744 1158 absimilis
2773 1103 3004 1167 videtur,
3054 1113 3111 1158 ut
3140 1107 3228 1159 vix
3256 1104 3400 1159 credi
3443 1106 3616 1175 possit
3642 1121 3761 1160 esse

2175 1196 2234 1250 S.
2259 1194 2494 1250 doctoris
2518 1210 2655 1266 opus
2695 1214 2708 1250 :
2741 1197 2918 1250 omnia
2963 1195 3131 1265 tropis
3178 1196 3764 1267 exclamationibusque

2175 1285 2496 1351 redundant,
2527 1297 2581 1342 et
2611 1287 2792 1342 nescio
2819 1286 2944 1357 quid
2990 1287 3328 1358 peregrinum
3375 1287 3543 1342 olent.
3590 1288 3764 1356 Quare

2173 1376 2448 1432 crederem
2474 1379 2789 1446 potius'esse
2809 1377 3083 1446 cujusdam
3105 1377 3398 1448 presbyteri
3420 1379 3760 1442 Antiocheni,

2173 1469 2263 1540 qui
2291 1471 2392 1524 sub
2418 1470 2674 1526 Flaviano
2702 1469 2936 1523 alternas
2967 1485 3086 1523 cum
3116 1467 3503 1540 Cbrysostomo
3545 1471 3762 1524 concio-

2175 1559 2334 1615 nandi
2361 1569 2539 1630 partes
2563 1567 2764 1630 ageret,
2789 1560 2839 1614 id
2866 1558 3005 1630 quod
3034 1558 3464 1629 frequentissime
3488 1561 3764 1617 accidebat

2176 1651 2266 1706 illo
2299 1660 2574 1722 tempore;
2603 1653 2672 1706 ita
2706 1660 2761 1705 ut
2793 1651 2913 1706 du:e
2946 1660 3120 1707 tresve
3145 1653 3431 1706 conciones
3457 1653 3654 1708 eodem
3681 1655 3762 1707 die

2175 1745 2516 1801 continenter
2544 1744 2876 1800 dicerentur.

2248 1839 2634 1911 Cltrysostomo
2652 1838 2808 1904 duce,
2835 1845 2892 1891 ut
2917 1851 3077 1908 supra
3102 1837 3300 1892 dictum
3317 1847 3420 1901 est,
3443 1847 3568 1908 post
3588 1839 3765 1894 llomi-

2179 1931 2302 1986 liam
2321 1930 2370 1984 in
2392 1929 2450 1985 S.
2468 1930 2764 1984 ltomanum
2785 1938 3093 1996 martyrem,
3114 1931 3359 1998 ponimus
3385 1930 3700 1985 concionem
3714 1931 3764 1986 in

2179 2022 2305 2076 illud
2331 2021 2578 2077 Ieremia:
2595 2019 2684 2090 (T.
2706 2019 2758 2075 6.
2786 2017 2980 2092 0.155)
3003 2018 3268 2082 :Domine,
3290 2031 3478 2074 nonest
3499 2022 3552 2074 in
3571 2021 3766 2076 homine

2177 2116 2259 2168 uia
2283 2115 2413 2187 ejus,
2437 2129 2594 2186 neque
2616 2117 2766 2167 homo
2786 2112 2894 2178 ibit,
2931 2122 2976 2166 et
3005 2113 3184 2184 diriget
3208 2129 3430 2183 gressum
3451 2131 3600 2167 suum
3632 2113 3761 2186 (Jer.

2180 2209 2267 2264 10.
2295 2209 2410 2280 25).
2442 2208 2559 2275 Quo
2589 2207 2707 2262 loco
2727 2218 2780 2262 et
2807 2206 3074 2277 plerisque
3105 2206 3224 2260 aliis
3250 2207 3299 2260 in
3320 2206 3596 2277 Scriptura
3618 2219 3763 2262 sat-ra

2179 2301 2440 2356 similibus
2467 2299 2823 2355 abutebantur
2847 2299 3020 2364 multi,
3043 2297 3131 2368 qui
3160 2296 3405 2352 dicebant
3443 2315 3550 2352 non
3583 2314 3647 2353 ex
3673 2314 3765 2352 vo-

2180 2391 2383 2448 luntate
2399 2403 2451 2447 et
2469 2390 2692 2446 arbitrio
2707 2399 2888 2444 nostro
2908 2387 3139 2459 pendere
3156 2397 3211 2442 ut
3237 2387 3322 2442 vel
3340 2388 3536 2442 bonum
3566 2390 3648 2443 vel
3666 2405 3766 2442 ma-

2179 2485 2287 2540 lum
2318 2499 2557 2555 agamus.
2585 2484 2694 2538 llos
2712 2481 3056 2538 vehementer
3077 2481 3317 2550 increpat
3331 2480 3764 2553 Chrysostomus‘,

2178 2575 2514 2646 affirmatque
2540 2590 2704 2646 penes
2727 2573 3002 2628 arbitrium
3028 2582 3268 2628 nostrum
3296 2587 3417 2628 esse
3455 2573 3539 2627 vel
3572 2573 3765 2628 bonum

2181 2669 2264 2724 vel
2289 2670 2486 2723 malmn
2521 2684 2714 2738 agere;
2746 2683 2850 2721 non
2877 2666 3017 2737 quod
3039 2665 3104 2720 ad
3135 2665 3329 2720 bonum
3367 2665 3635 2736 agendum
3665 2684 3765 2720 non

2179 2779 2430 2834 egeamus
2445 2761 2621 2831 gratia
2650 2761 2780 2826 Dei;
2807 2775 2930 2815 nam
2963 2769 3019 2814 ut
3044 2758 3168 2812 alibi
3211 2773 3357 2828 saepe
3385 2759 3536 2823 dicit,
3570 2759 3766 2814 volenti

2180 2870 2392 2926 semper
2417 2853 2570 2907 adest
2593 2853 2760 2922 gratia
2807 2852 2920 2917 Dei,
2949 2867 3046 2907 nec
3074 2851 3163 2922 qui
3208 2861 3410 2921 peccat,
3461 2853 3648 2922 gratiae
3677 2853 3768 2906 de-

2181 2946 2374 3003 fectum
2400 2954 2574 3016 potest
2594 2959 2854 3015 umquam
2884 2944 2936 2997 in
2961 2944 3357 2997 excusationem
3384 2943 3698 2999 obtendere.

2252 3041 2528 3096 Conciones
2551 3039 2616 3092 de
2656 3037 2978 3091 Maccaba'is.
2997 3067 3070 3078 —-
3093 3036 3202 3092 llas
3241 3045 3534 3106 sequuntur
3555 3048 3668 3092 tres
3703 3037 3770 3092 de

2180 3131 2489 3188 Maccabzeis
2517 3130 2828 3196 conciones,
2856 3146 2974 3198 qua:
3003 3129 3198 3184 nullam
3227 3145 3333 3198 prae
3360 3143 3418 3183 se
3447 3129 3770 3184 feruntauui

2181 3233 2360 3278 notam
2383 3219 2469 3293 (T.
2496 3220 2552 3276 2.
2601 3237 2646 3274 c.
2669 3218 2828 3291 617).
2861 3220 3016 3275 Prior
3045 3231 3267 3274 matrem
3299 3222 3595 3289 pnnsertim
3627 3222 3770 3275 Mae-

2179 3317 2481 3371 cabtcorum
2525 3327 2555 3367 a
2596 3311 2898 3368 constantia
2928 3312 3198 3382 animique
3246 3313 3437 3366 robore
3480 3312 3767 3380 plurimum

2179 3405 2538 3460 commendat.
2563 3403 2852 3469 'Secunda,
2895 3403 2983 3458 die
3033 3403 3327 3474 insequenti
3369 3402 3568 3466 habita,
3602 3407 3769 3474 septi-

2181 3513 2326 3550 umm
2365 3495 2738 3566 junioremque
2774 3510 2840 3551 ex
2885 3494 3196 3550 Maccabazis
3239 3495 3481 3550 laudibus
3519 3507 3770 3564 exornat,

2179 3601 2351 3642 matre
2381 3603 2592 3658 quoque
2637 3587 2925 3642 hleutidem
2971 3587 3022 3640 in
3055 3586 3268 3640 laudum
3322 3597 3525 3656 partem
3560 3599 3768 3642 vocata.

2181 3680 2330 3736 llanc
2358 3679 2657 3732 breviorem
2701 3677 3116 3749 Cbrysostomus
3142 3677 3412 3731 bomiliam
3456 3679 3772 3748 pronuntia-

2180 3773 2288 3837 vit;
2342 3781 2394 3824 ut
2447 3770 2675 3841 pluribus
2710 3811 2728 3837 ,
2782 3770 2970 3840 inquit,
3028 3769 3107 3823 illi
3160 3767 3393 3822 letalibus
3437 3786 3469 3822 a
3513 3771 3771 3824 communi

2179 3866 2382 3920 doctore
2429 3864 2843 3932 cumularentur,
2889 3879 3081 3935 nempe
3130 3879 3161 3917 a
3201 3864 3450 3918 Flaviano
3489 3865 3769 3932 episc0po,

2179 3959 2268 4030 qui
2322 3967 2439 4029 post
2479 3956 2920 4028 Cbrysostonmm
2967 3954 3377 4010 concionaturus
3419 3963 3555 4008 erat.
3588 3953 3771 4008 Tertia

2179 4052 2414 4105 oumium
2449 4049 2763 4104 brevissima
2792 4049 2842 4101 in
2869 4046 3193 4102 Maccabmos
3220 4045 3455 4110 humilia,
3488 4061 3518 4098 a
3542 4045 3771 4099 nonnul-

2178 4141 2244 4199 lis
2274 4144 2325 4197 in
2354 4141 2718 4212 illegitimitatis
2747 4139 3108 4210 suspicionem
3138 4147 3376 4200 vocatur,
3410 4151 3507 4189 nec
3535 4136 3769 4205 injuria:

2178 4251 2300 4290 nam
2327 4234 2434 4288 olet
2458 4244 2604 4288 certe
2626 4232 2987 4302 peregrinum.
3007 4227 3139 4299 Styli
3159 4243 3326 4298 genus
3352 4227 3640 4297 strigosum
3664 4238 3769 4290 est;

2176 4330 2354 4383 omnia
2401 4330 2548 4398 quasi
2610 4327 2662 4379 in
2709 4333 3012 4378 transcursu
3041 4323 3308 4376 dicuntur.
3356 4319 3537 4390 Neque
3588 4331 3768 4374 tamen

2176 4438 2294 4478 cam
2323 4421 2442 4476 loco
2465 4418 2782 4474 movendum
2802 4432 2920 4472 esse
2945 4415 3121 4486 putavi
3147 4433 3159 4468 :
3183 4414 3312 4467 satis
3333 4414 3476 4468 enim
3497 4413 3602 4466 erit
3627 4429 3772 4467 seruo

2177 4516 2360 4584 pulum
2395 4513 2678 4575 indicasse,
2709 4528 2775 4566 ne
2803 4511 2922 4581 quis
2961 4525 3082 4566 eam
3115 4518 3170 4562 ut
3199 4520 3405 4562 certum
3435 4507 3494 4562 S.
3529 4508 3773 4563 doctoris

2176 4608 2341 4664 fetum
2373 4607 2584 4662 habeat.
2616 4604 2752 4673 Quid
2782 4617 2932 4666 vero,
2964 4603 3007 4655 si
3034 4601 3273 4656 dicamus
3300 4599 3435 4654 h.mc
3464 4599 3772 4664 llomiliam,

2176 4717 2296 4771 qua:
2326 4714 2456 4753 sane
2486 4695 2796 4752 brevissima
2823 4702 2926 4758 est,
2961 4694 3099 4747 illam
3123 4706 3242 4746 esse
3269 4707 3426 4761 quam
3454 4691 3770 4744 Flavianum

2175 4794 2484 4863 episcopum
2536 4805 2657 4843 mox
2689 4787 3148 4856 pronuntiaturum
3191 4798 3308 4837 esse
3353 4782 3564 4837 dicebat
3605 4797 3773 4851 supra

2174 4883 2626 4957 Chrys0stomus?
2673 4879 2830 4936 Certe
2869 4877 3004 4932 nihil
3031 4875 3208 4940 video,
3238 4873 3379 4944 quod
3426 4887 3521 4926 nos
3547 4873 3618 4926 ab
3669 4872 3774 4927 hac

2175 4979 2429 5049 Opinione
2453 4976 2728 5030 dimovere
2757 4971 2943 5042 possit.

2247 5073 2377 5126 Alite
2422 5069 2666 5123 licinilue.
2707 5095 2781 5106 -—
2805 5063 3106 5120 Conciones
3150 5059 3202 5114 in
3250 5058 3577 5114 Maccabzeos
3616 5059 3772 5126 sequi

2174 5165 2334 5220 debet
2361 5162 2586 5217 lietnilia
2615 5160 2682 5216 de
2707 5159 2764 5215 S.
2794 5155 3106 5228 blartyribus
3134 5151 3428 5208 Antiochia:
3470 5150 3650 5203 habita
3678 5149 3768 5218 (Τ.

2173 5257 2229 5312 2.
2273 5272 2322 5310 c.
2352 5255 2482 5322 635)
2508 5271 2521 5308 :
2553 5268 2675 5307 nam
2709 5267 2856 5306 num.
2889 5252 2914 5302 l
2951 5248 3121 5302 imtuit
3153 5247 3242 5300 ille
3269 5259 3328 5299 se
3366 5243 3503 5296 hanc
3530 5258 3772 5312 pronun-

2176 5350 2337 5404 tiasse
2359 5345 2517 5418 paulo
2538 5354 2658 5415 post
2684 5340 3101 5398 Maccalneorum
3121 5336 3531 5398 solemnitatem,
3550 5334 3772 5403 quando

2174 5443 2463 5498 Flavianus
2484 5439 2770 5506 episcopus
2797 5442 3086 5503 martyrum
3136 5429 3329 5483 festum
3366 5426 3474 5480 ruri
3520 5427 3769 5481 celebra-

2174 5548 2324 5594 turus
2349 5535 2626 5599 abscessit,
2649 5539 2808 5603 atque
2828 5529 3212 5602 Chrysostomo
3249 5525 3300 5578 in
3330 5523 3442 5592 ipsa
3474 5519 3610 5575 urbe
3638 5535 3771 5573 con-

2172 5628 2422 5685 cionamli
2471 5624 2798 5698 provinciam
2829 5619 3059 5690 reliquit.
3093 5617 3150 5671 In
3190 5615 3289 5668 hac
3317 5621 3494 5666 autem
3547 5609 3766 5664 humilia

2173 5721 2240 5776 de
2267 5729 2558 5790 martyrum
2589 5718 2784 5770 virtute
2810 5711 3022 5783 egregie
3049 5709 3264 5765 disserit
3282 5707 3342 5762 S.
3365 5705 3587 5758 doctor:
3620 5710 3764 5758 muta

2175 5828 2359 5870 eorum
2396 5827 2514 5864 ossa
2545 5807 2661 5879 plus
2691 5805 2755 5860 ad
2787 5805 3032 5863 Salutem,
3066 5799 3129 5854 ad
3170 5797 3653 5868 compunctionem,
3692 5791 3764 5847 ad
