3948 6416
234 401 338 458 155

233 510 604 582 paenitentiam
625 511 870 567 conferre
895 509 1044 574 dicit,
1071 526 1228 582 quam
1253 511 1532 569 doctorum
1565 529 1823 583 quorum-

234 606 360 660 libet
389 604 551 659 verba
579 604 1094 674 admonitioncst'pic.
1129 605 1263 660 llinc
1293 607 1484 661 transit
1511 607 1576 660 ad
1607 621 1702 662 eos
1733 608 1822 678 qui

230 696 486 768 mysteria
513 696 727 764 indigne
753 696 1088 766 participant,
1111 697 1376 769 cdicitque
1397 699 1516 754 illos
1537 715 1641 754 non
1660 689 1824 754 secus

232 785 547 856 plectendos
587 801 728 851 esse,
778 803 936 856 quam
965 803 1059 842 eos
1087 787 1176 857 qui
1223 789 1504 844 Dominum
1544 790 1824 845 crucifixe-

229 887 374 934 runt.
425 877 678 931 l‘ermulti
728 893 857 932 vero
899 887 1014 948 post
1068 879 1206 933 hanc
1233 880 1466 934 habitam
1512 883 1822 937 concionem

233 971 360 1026 dicti
395 971 538 1025 illius
585 971 929 1026 acerbitatem
976 987 1080 1025 non
1131 973 1382 1038 ferentes,
1415 973 1825 1043 indignabantur

231 1075 285 1118 et
315 1061 816 1116 excandescebant:
863 1062 1058 1116 Avocas
1099 1079 1208 1127 nos,
1253 1063 1580 1133 inquiebant,
1608 1082 1638 1116 a
1679 1082 1824 1119 sacra

229 1170 443 1220 mensa,
486 1162 531 1205 et
577 1169 608 1203 a
659 1154 1010 1206 communione
1058 1154 1284 1223 repellis.
1327 1155 1501 1220 Quare
1551 1165 1823 1224 permotus

230 1243 673 1312 Chrysosmmus,
698 1242 1106 1311 pulcherrimam
1129 1243 1269 1297 illam
1293 1246 1586 1298 orationem
1617 1245 1819 1308 habuit,

225 1352 347 1404 qua:
381 1335 705 1400 inscribitur,
751 1332 872 1388 Non
897 1351 1002 1388 esse
1043 1336 1112 1388 ad
1161 1335 1378 1406 gratiam
1415 1337 1822 1391 coneionandum

229 1425 316 1490 (Τ.
344 1425 401 1478 2.
446 1444 492 1478 ε.
525 1425 652 1494 653)
681 1440 818 1494 :qua
846 1425 1036 1493 probat
1062 1442 1173 1480 rem
1200 1442 1320 1482 esse
1352 1428 1572 1497 periculi
1609 1429 1726 1497 plen
1766 1446 1816 1483 m

227 1530 338 1570 tum
374 1516 705 1586 praedicanti,
746 1527 856 1571 tum
894 1517 1255 1584 audientibus,
1297 1519 1344 1574 si
1373 1519 1438 1572 ad
1467 1521 1694 1589 gratiam
1728 1521 1819 1577 ille

224 1615 612 1670 concionctur:
641 1617 969 1686 plurimaque
997 1616 1124 1672 dicit
1152 1618 1254 1671 alia
1286 1617 1352 1672 ad
1382 1617 1816 1672 concionatorum

223 1718 281 1760 et
305 1707 372 1760 ad
417 1707 716 1762 auditorum
756 1706 990 1762 ofticium
1017 1710 1329 1780 spectantia.
1373 1709 1483 1764 Etsi
1522 1723 1654 1763 vero
1703 1706 1819 1762 lucc

224 1795 444 1850 homilia
475 1797 539 1850 ad
567 1799 912 1870 panegyricos
937 1808 1241 1854 sanctorum
1269 1815 1548 1856 sermones
1568 1816 1672 1854 non
1695 1814 1818 1870 per-

222 1889 378 1953 tinet,
413 1904 517 1942 non
549 1889 694 1944 licuit
739 1906 856 1944 eam
888 1907 918 1944 a
947 1892 1268 1960 praecedenti
1310 1891 1567 1947 concione
1609 1891 1814 1961 disjun-

221 1997 372 2051 gcre,
406 1983 528 2052 quia
555 1993 787 2053 emptam
817 1984 885 2040 de
911 1985 1124 2056 indigne
1161 1985 1681 2042 communicantibus
1714 1985 1815 2056 hy-

221 2072 490 2140 pothesim
517 2115 531 2138 ,
579 2090 641 2128 ea
687 2091 844 2144 quam
891 2076 1124 2132 diximus
1169 2077 1450 2132 occasione
1497 2077 1689 2131 ductus
1729 2076 1817 2132 hic

221 2165 585 2234 prosequitur.
616 2166 733 2233 Quo
761 2183 904 2221 anno
941 2177 1216 2239 utramque
1249 2167 1496 2224 habuerit
1541 2166 1812 2222 homiliam

221 2256 661 2326 tilirySOstomus,
695 2258 954 2314 incertum
999 2261 1216 2313 omnino
1243 2269 1325 2315 est
1359 2279 1374 2315 :
1403 2259 1504 2314 hoc
1542 2275 1703 2313 unum
1747 2273 1814 2314 ex

222 2345 457 2400 secunda
488 2347 726 2412 homilia,
755 2351 838 2403 cui
868 2349 1068 2415 titulus,
1094 2349 1212 2404 Non
1235 2368 1343 2406 esse
1369 2351 1436 2404 ad
1455 2351 1672 2421 gratiam
1691 2367 1814 2404 con-

220 2437 553 2502 cionondum,
582 2440 847 2508 expiscari
876 2455 1031 2509 pOSSC
1057 2441 1320 2508 videmur,
1355 2459 1547 2512 nempe
1577 2443 1810 2498 habitam

219 2536 506 2597 utramque
533 2527 696 2584 fuisse
724 2539 844 2600 post
876 2531 1129 2586 llomilias
1158 2532 1225 2587 de
1253 2531 1477 2588 Lazaro.
1503 2533 1635 2589 D-cit
1669 2535 1812 2589 enim

216 2618 276 2672 8.
309 2618 502 2672 doctor
535 2636 682 2674 num.
709 2623 744 2676 3
768 2621 835 2675 de
861 2622 1062 2677 Lazaro
1097 2623 1357 2694 loquens:
1409 2623 1480 2678 Et
1520 2625 1645 2697 quid
1685 2643 1812 2697 opus

218 2719 293 2764 est
323 2711 622 2778 parabolam
645 2723 801 2767 totam
823 2717 1154 2783 percurrere?
1172 2718 1358 2788 quippe
1378 2719 1532 2772 nostis
1553 2721 1813 2774 historiam

217 2818 418 2854 omnem
438 2817 458 2867 ;
482 2805 834 2858 crudelitate»:
854 2806 1040 2874 divitis,
1075 2824 1174 2878 quo
1203 2819 1348 2879 pacto
1377 2811 1658 2864 mendicum
1687 2829 1812 2880 par-

214 2894 422 2963 ticipem
465 2911 649 2950 mensa:
667 2913 769 2950 non
793 2897 1022 2965 faceret:
1049 2909 1316 2970 egestatem
1341 2901 1480 2956 illius
1504 2918 1564 2956 ac
1601 2902 1808 2972 famem,

213 3003 332 3038 eum
363 3003 466 3056 qua
520 2999 757 3056 perpetuo
799 2991 1202 3060 conﬂictabatur.
1245 2992 1375 3061 Qua:
1409 3009 1539 3048 sane
1566 2993 1813 3051 videntur

217 3085 340 3144 post
365 3092 648 3133 sermones
673 3079 742 3133 de
763 3079 964 3134 Lazaro
985 3081 1146 3148 dicta,
1178 3083 1303 3138 licet
1337 3083 1387 3138 id
1415 3086 1682 3142 affirmare
1704 3102 1809 3141 non

215 3169 412 3224 ausim.
442 3169 560 3238 Quo
604 3182 779 3226 autem
819 3188 963 3228 anno
1005 3189 1280 3231 sermones
1322 3175 1390 3232 de
1435 3177 1638 3233 Lazaro
1683 3178 1811 3233 dicti

214 3261 434 3328 fuerint,
460 3263 659 3332 pariter
688 3264 948 3320 incertum
980 3277 1081 3334 est,
1113 3278 1165 3324 ut
1190 3270 1420 3326 vidimus
1446 3287 1626 3342 supra.

286 3353 514 3410 Brevem
553 3355 712 3409 aliam
745 3357 798 3411 in
828 3367 1042 3414 sanctos
1070 3360 1330 3433 Martyres
1371 3361 1554 3418 habuit
1589 3365 1809 3420 concio-

215 3460 342 3500 nem
375 3444 462 3510 (T.
490 3445 546 3500 2.
583 3462 635 3499 c.
668 3445 826 3518 661),
856 3449 1008 3520 cujus
1029 3466 1228 3506 annum
1259 3454 1531 3524 assignare
1559 3471 1664 3510 non
1689 3472 1810 3526 posv

213 3553 422 3592 sumus.
454 3537 582 3595 llaec
605 3551 784 3596 autem
807 3543 862 3596 in
885 3557 1013 3613 agro
1033 3544 1372 3601 Antiochcno
1391 3547 1531 3602 dicta
1561 3548 1675 3613 fuit,
1701 3566 1808 3620 quo

212 3627 557 3683 confluebant
581 3644 646 3684 ex
668 3631 882 3686 civitate
905 3633 1078 3700 multi,
1107 3635 1201 3689 sed
1233 3646 1508 3706 postquam
1531 3649 1586 3692 et
1605 3640 1804 3694 cultum

213 3719 541 3790 martyribus
569 3721 944 3787 exhibuerant,
993 3735 1046 3780 et
1087 3727 1374 3783 conciones
1403 3729 1701 3796 audierant,
1737 3732 1805 3786 ad

213 3812 445 3880 popinas
501 3823 556 3868 ct
595 3816 1020 3884 coiiipotationcs
1065 3819 1420 3876 divertcbant.
1470 3823 1583 3892 Qua
1627 3824 1696 3881 de
1747 3842 1806 3881 rc

211 3903 416 3957 acriter
461 3903 512 3956 in
561 3920 656 3959 eos
705 3905 974 3962 invehitur
1002 3919 1219 3966 sanctus
1250 3913 1464 3967 Doctor.
1513 3915 1800 3987 Perpende,

213 3991 407 4061 inquit,
456 4011 608 4063 quam
631 3997 902 4052 ridiculum
943 4001 1028 4065 sit,
1054 4012 1166 4072 post
1202 4004 1454 4073 ejusmodi
1479 4018 1800 4078 conventum,

211 4091 326 4150 post
351 4085 571 4152 vigilias,
610 4099 722 4158 post
755 4106 1016 4144 sacrarum
1053 4095 1363 4148 auditionem
1391 4097 1798 4168 Scripturarum,

209 4184 325 4240 post
369 4177 650 4230 (livinormn
695 4183 1131 4252 participationem
1175 4187 1546 4256 mysteriorum,
1597 4202 1644 4244 et
1691 4203 1804 4263 post

206 4265 527 4332 spiritunlem
567 4268 901 4338 largitionem,
931 4274 1095 4328 virum
1126 4287 1214 4329 aut
1243 4278 1503 4333 mulierem
1529 4290 1657 4337 totos
1688 4284 1798 4338 dies

205 4356 258 4408 in
279 4358 484 4427 popinis
512 4363 837 4433 transigentes
864 4365 1042 4420 videri.

277 4451 564 4506 llolniliam
593 4455 644 4508 in
676 4457 732 4510 S.
765 4457 1031 4514 lulianum
1061 4473 1349 4534 martyrem
1375 4464 1593 4521 Cilicem
1625 4467 1712 4538 (Τ.
1741 4469 1799 4526 2.

215 4562 264 4602 ε.
299 4546 426 4615 665)
455 4586 470 4609 ,
512 4546 601 4615 qui
648 4563 744 4616 pro
787 4549 1003 4604 Christo
1047 4554 1284 4610 cervices
1327 4555 1566 4622 dederat,
1615 4558 1804 4615 habuit

172 4632 622 4730 ’Chrysostomus
651 4640 969 4707 Antiochirc,
1000 4652 1057 4697 ut
1085 4646 1422 4714 exploratum
1448 4659 1547 4714 est,
1581 4661 1692 4707 tum
1733 4670 1801 4708 ex

171 4722 269 4809 :iis
290 4739 410 4792 qua:
439 4724 507 4780 de
536 4727 782 4797 Daphnes
803 4731 1080 4801 suburbio,
1122 4735 1296 4807 deque
1320 4743 1800 4800 comessationibus

167 4816 369 4898 ﬁatque
414 4817 659 4886 tripudiis
699 4821 897 4878 ibidem
927 4823 1114 4880 haberi
1154 4827 1330 4883 solitis
1368 4845 1794 4900 commemorat;

172 4959 176 4966 _
203 4917 324 4962 tmn—
348 4910 508 4964 etiam
534 4913 658 4980 quia
696 4914 938 4984 ejusdem
969 4919 1136 4972 sancti
1169 4919 1430 4991 Reliquia:
1457 4924 1796 4980 Antiochiam

202 5001 480 5056 translatae
520 5002 770 5060 fuerant:
801 5017 1024 5079 eratque
1053 5009 1326 5066 eademin
1368 5012 1502 5069 urbe
1547 5017 1795 5082 ecclesia,

198 5092 442 5161 ejusdem
485 5098 655 5152 sancti
684 5100 902 5155 nomine
947 5112 1282 5167 consecrata,
1331 5119 1450 5175 qua:
1479 5105 1532 5160 in
1573 5107 1798 5164 historia

198 5186 579 5242 Ecclesiastica
612 5205 718 5244 non
761 5191 1128 5263 infrequenter
1168 5205 1519 5254 memoratur.
1551 5197 1628 5252 De
1653 5215 1796 5255 anno

196 5285 380 5342 autem
413 5294 523 5349 quo
555 5277 694 5336 hanc
721 5282 856 5339 dixit
879 5285 1215 5353 concionem,
1243 5286 1379 5342 nihil
1403 5289 1667 5358 expiscari
1694 5306 1792 5362 po-

259 5461 425 5538 ~(lii-ca
450 5464 732 5522 llomiliam
774 5469 827 5524 in
855 5480 1098 5528 sanctum
1125 5473 1460 5529 Barlaamum
1505 5485 1795 5548 martyrem

192 5553 280 5623 (T.
329 5555 385 5610 2.
428 5575 476 5614 c.
506 5558 653 5633 675)
703 5572 852 5617 notat
887 5565 1091 5621 Fronto
1133 5567 1358 5624 Ductcus
1401 5568 1452 5622 in
1497 5569 1796 5641 Menologio

190 5648 425 5716 quodam
456 5651 770 5710 Grecorum
809 5660 1173 5728 manuscripto
1201 5661 1267 5716 ad
1305 5661 1446 5716 diem
1474 5663 1541 5717 l6
1567 5662 1797 5718 Novem-

189 5737 304 5793 bris
331 5744 637 5799 annuntiari
685 5745 879 5803 festum
911 5749 969 5803 8.
1001 5749 1262 5807 Barlaami
1285 5753 1555 5823 martyris,
1579 5763 1636 5808 ut
1662 5754 1793 5809 etin

189 5829 568 5906 Martyrologio
594 5835 853 5895 lleinano.
879 5841 994 5896 Alia
1032 5858 1154 5897 vero
1171 5841 1476 5900 Graecorum
1501 5844 1792 5917 Menologia

1425 403 1609 461 NUNC
1647 402 1910 460 PlthUM
1953 401 2345 460 ADURNATA».

3423 407 3524 461 154

1939 510 2044 567 hoc
2073 511 2266 567 festum
2301 511 2366 567 ad
2394 511 2652 567 decimam
2685 528 2876 567 nonam
2913 511 3232 568 hovembris
3268 514 3519 569 referunt.

1929 609 2036 664 Sed
2064 609 2222 680 longe
2249 609 2350 664 alia
2378 610 2501 663 anni
2531 617 2842 679 tempestate
2871 623 2932 662 ea
2959 607 3267 660 solemnitas
3290 607 3510 677 Chrysa.

1929 700 2087 754 stomi
2109 711 2347 770 tempore
2369 699 2757 755 celebrabatur.
2781 694 3154 753 Namllomilia
3167 697 3220 750 in
3236 693 3363 752 illud
3379 695 3417 748 Α
3429 711 3516 766 po-

1929 792 2048 846 stoli
2068 791 2264 846 dictum
2285 792 2304 864 (
2328 790 2386 846 Τ.
2407 793 2459 848 '5.
2496 809 2543 846 e.
2563 789 2661 845 2i!
2683 787 2724 856 ),
2753 789 2893 845 Nolo
2908 806 2994 845 vos
3010 793 3245 864 ignorare
3266 834 3282 859 ,
3315 797 3519 864 fratres,

1926 882 2062 951 quod
2071 892 2239 953 patres
2259 890 2419 934 nostri
2440 893 2610 934 omnes
2621 883 2710 936 sub
2727 881 2854 936 nube
2868 883 3071 952 fuerunt
3093 884 3168 956 (ι.
3190 883 3307 939 Cor.
3333 881 3459 940 10.1
3479 887 3520 953 ),

1927 983 2056 1028 etc.:
2074 990 2191 1041 qua:
2207 973 2422 1028 homilia
2439 973 2525 1029 die
2541 973 2732 1029 festum
2751 974 2809 1030 S.
2826 972 3086 1029 Barlaami
3101 976 3413 1046 insequente
3432 976 3515 1028 ha-

1931 1068 2036 1121 bita
2061 1075 2166 1133 est,
2197 1076 2253 1120 ut
2275 1067 2468 1122 ibidem
2492 1069 2564 1121 ait
2585 1067 2998 1138 Chrysoslomus
3024 1086 3037 1122 :
3059 1067 3258 1123 diserte
3282 1067 3412 1122 dicit
3435 1069 3522 1122 ille

1931 1159 2156 1214 hiemem
2179 1159 2288 1228 jam
2314 1159 2613 1228 przctcrissc
2636 1169 2982 1228 aestatemque
3003 1158 3282 1214 advenisse
3317 1177 3330 1212 :
3364 1159 3488 1214 Libe

1925 1252 2044 1316 rati,
2069 1253 2260 1318 inquit,
2292 1268 2465 1305 sumus
2489 1244 2668 1317 hieme,
2694 1263 2739 1306 et
2774 1262 2947 1306 wstate
2981 1253 3310 1321 pet-fruimur,
3340 1252 3521 1306 blande

1925 1343 2132 1413 amante
2178 1343 2418 1413 zephyro.
2444 1343 2580 1398 llinc
2602 1359 2729 1397 sane
2751 1343 3098 1412 consequitur
3125 1343 3282 1413 longe
3308 1343 3518 1397 diverso

1924 1433 2049 1486 anni
2109 1442 2347 1502 tempore
2400 1444 2525 1488 huic
2565 1433 2892 1488 celebratum
2940 1434 3104 1488 fuisse
3152 1433 3212 1488 8.
3255 1435 3515 1488 Barlaami

1925 1525 2176 1594 martyris
2204 1527 2398 1579 festum
2429 1543 2443 1580 :
2473 1541 2595 1580 nam
2625 1541 2687 1580 ea
2726 1527 2776 1579 in
2814 1525 2946 1579 urbe
2971 1527 3158 1579 concio
3197 1524 3312 1579 hare
3341 1524 3518 1579 habita

1925 1626 2032 1682 est,
2063 1617 2114 1670 in
2142 1617 2295 1686 cujus
2318 1633 2468 1688 agro,
2501 1628 2557 1672 ut
2586 1617 2781 1673 ibidem
2811 1618 3022 1683 dicitur,
3054 1616 3352 1687 frequentia
3377 1634 3517 1672 mar-

1927 1716 2106 1779 tyrum
2157 1708 2400 1778 sepulcra
2430 1709 2783 1774 exsiSIebant,
2826 1724 2932 1778 quo
2951 1707 3226 1764 continuere
3272 1709 3519 1765 solebant

1924 1809 2187 1870 quotquot
2209 1817 2274 1855 ex
2305 1800 2510 1856 civibus
2535 1801 2846 1856 eorumdem
2879 1810 3172 1873 martyrum
3202 1801 3514 1856 memoriam

1921 1890 2184 1955 recolere,
2234 1889 2578 1960 ipsorumque
2621 1889 2856 1960 przesidii
2894 1901 3172 1945 consortes
3215 1904 3335 1945 esse
3365 1891 3512 1944 vole-

1921 1979 2052 2034 bant
2075 1998 2088 2034 :
2120 1979 2262 2050 quod
2288 1995 2420 2036 sane
2445 1981 2745 2036 Antiochia:
2770 1989 3078 2050 competere
3104 1995 3263 2035 nemo
3295 1967 3516 2050 negave-

1919 2073 2012 2129 rit.
2044 2072 2121 2128 Ad
2164 2073 2279 2128 ha-c
2322 2088 2472 2141 vero,
2525 2073 2626 2128 sub
2653 2072 2816 2127 ﬁnem
2847 2071 3085 2142 ejusdem
3127 2086 3287 2141 supra
3317 2088 3518 2126 mcmo-

1919 2175 2051 2220 ratre
2081 2164 2335 2230 homilias,
2370 2165 2662 2235 pracsulum
2691 2164 2931 2220 omnium
2964 2178 3151 2234 preces
3173 2164 3420 2234 postulat.
3451 2168 3518 2218 At

1916 2257 2377 2328 Constantinopoli
2409 2257 2689 2327 praesulem
2738 2255 2942 2311 nullum
2971 2254 3386 2327 Chrysostomus
3411 2271 3514 2309 no-

1917 2359 2087 2416 verat,
2113 2350 2226 2419 ipse
2243 2363 2530 2419 supremus
2555 2348 2794 2402 omnium
2816 2346 3008 2417 prmsul
3033 2363 3046 2399 :
3071 2345 3367 2400 Antiochia:
3387 2361 3517 2400 vero

1919 2440 2175 2510 prmsulcs
2222 2439 2380 2494 vieini
2437 2438 2804 2510 Chrysostomi
2845 2436 3192 2492 concionibus
3243 2435 3510 2490 interdum

1917 2530 2160 2592 aderant,
2193 2537 2254 2583 ut
2298 2529 2549 2583 vidimus.
2598 2529 2812 2583 Annum
2858 2542 3008 2592 vero,
3041 2542 3148 2597 quo
3193 2525 3288 2581 has
3328 2526 3512 2581 habuit

1918 2618 2192 2685 homilias,
2223 2637 2290 2674 nc
2321 2619 2628 2690 conjectura
2658 2618 2874 2689 quidem
2907 2633 3198 2687 possumus
3220 2617 3455 2688 assequi.

1989 2711 2045 2767 lu
2075 2713 2292 2768 homilia
2323 2727 2452 2768 vero
2491 2712 2734 2781 sequenti
2765 2709 2854 2765 die
2895 2709 3074 2764 habita
3121 2710 3174 2763 in
3205 2708 3332 2764 illud
3366 2711 3510 2778 Apo-

1916 2805 2038 2860 stoli
2065 2800 2152 2878 (Τ.
2183 2805 2238 2860 ’5.
2273 2820 2319 2856 c.
2351 2803 2508 2874 2M),
2543 2802 2681 2858 Nolo
2725 2819 2811 2857 vos
2835 2803 3090 2874 ignorare,
3131 2792 3332 2872 fratres,
3371 2803 3507 2870 quod

1917 2906 2086 2967 patres
2112 2898 2270 2951 nostri
2299 2911 2472 2950 omnes
2490 2896 2582 2950 sub
2608 2895 2738 2949 nube
2759 2898 2982 2965 fuerunt,
3004 2901 3051 2947 et
3071 2909 3242 2947 omnes
3263 2909 3352 2963 per
3371 2910 3510 2947 mare

1917 2987 2245 3055 transierunt,
2269 2985 2636 3058 Chrysostomi
2665 3000 2860 3055 scapus
2886 2991 2971 3040 est
2996 2983 3388 3048 demonstrare,
3423 2999 3512 3036 res

1917 3079 1971 3134 in
2001 3079 2165 3134 veteri
2193 3078 2308 3149 lege
2329 3089 2495 3141 actas,
2528 3077 2721 3132 futuris
2750 3077 2910 3133 rebus
2939 3075 3096 3131 fidem
3134 3075 3330 3143 facere,
3363 3089 3511 3131 essc-

1916 3185 2022 3239 que
2067 3170 2184 3224 illas
2209 3184 2388 3224 rerum
2431 3167 2555 3222 novi
2581 3167 2910 3222 Testamcnti
2948 3175 3129 3237 typum
3159 3174 3216 3220 ct
3239 3165 3510 3222 umbram.

1915 3261 2278 3327 Marcionem,
2329 3259 2680 3314 Manichzeum
2721 3267 2776 3313 et
2822 3256 3046 3314 Paulum
3097 3257 3505 3313 Samosatcnum

1914 3353 2088 3407 obiter
2115 3351 2442 3422 perstringit,
2470 3357 2526 3406 ct
2547 3348 2824 3420 postulatis
2851 3349 2906 3405 in
2929 3350 3032 3405 fine
3055 3359 3360 3405 sanctorum
3381 3364 3509 3419 prc-

1913 3443 2086 3505 cibus.
2111 3442 2387 3498 homiliam
2413 3442 2634 3498 claudit.
2671 3441 2841 3497 Notes
2866 3441 3029 3497 velim
3057 3450 3264 3497 certum
3292 3441 3508 3512 quidem

1913 3549 2034 3590 esse
2077 3534 2217 3590 hanc
2255 3535 2572 3590 concionem
2620 3533 2858 3590 habitam
2903 3532 3196 3588 fuisse-die
3221 3531 3414 3588 festum
3446 3531 3508 3588 S.

1912 3627 2174 3683 Barlaami
2204 3629 2534 3699 insequente,
2561 3635 2616 3682 at
2640 3643 2744 3682 non
2775 3625 2997 3697 perinde
3023 3625 3356 3696 exploratum
3385 3640 3507 3680 esse

1911 3737 1982 3775 an
2010 3736 2077 3777 eo
2104 3737 2248 3777 anno
2280 3737 2388 3794 quo
2417 3721 2692 3779 homiliam
2718 3722 2874 3778 istam
2910 3721 2979 3777 de
3006 3720 3065 3777 8.
3096 3719 3379 3776 Barlaamo
3405 3718 3505 3773 ha-

1909 3813 2046 3880 buit,
2074 3830 2142 3869 an
2170 3815 2299 3869 alio.

1981 3903 2307 3961 Concionem
2329 3919 2458 3962 vero
2491 3905 2558 3962 de
2584 3915 2766 3962 sancta
2796 3903 3020 3961 Droside
3054 3912 3291 3977 martyre
3320 3901 3410 3973 (Τ.
3441 3901 3500 3956 2.

1925 3991 2135 4068 c.6253)
2183 3996 2237 4051 in
2283 4012 2412 4068 agro
2448 3997 2789 4053 Antiocheno
2834 3996 3020 4052 habuit
3065 3996 3504 4069 Chrysostomus,

1907 4103 2034 4144 cum
2056 4097 2271 4160 arrepta
2300 4105 2506 4145 seremc
2533 4090 2637 4145 diei
2677 4090 2984 4155 occasione,
3029 4090 3284 4160 populum
3309 4089 3503 4143 Antio-

1908 4181 2141 4239 chenum
2168 4198 2235 4238 eo
2260 4183 2482 4238 deduxit
2516 4182 2800 4237 Flavianus
2827 4183 3130 4252 episcopus.
3161 4190 3222 4235 ut
3256 4190 3505 4234 narratur

1907 4289 2058 4328 num.
2085 4274 2140 4327 2.
2169 4273 2336 4343 llujus
2357 4287 2517 4343 porro
2535 4281 2734 4327 sancta:
2755 4270 3006 4343 martyris
3025 4285 3193 4342 pauca
3214 4278 3504 4340 supersunt

1908 4372 2252 4420 monumenta
2276 4380 2290 4417 :
2316 4363 2509 4433 vixque
2537 4363 2678 4418 aliud
2708 4361 2980 4433 quidpiam
3004 4361 3151 4417 circa
3180 4359 3498 4432 martyrium

1907 4457 2309 4526 certaminaque
2337 4455 2452 4526 ejus
2472 4455 2739 4522 novimus,
2756 4469 2914 4524 quam
2937 4452 3080 4524 quod
3109 4453 3184 4508 ait
3202 4451 3260 4508 S.
3287 4451 3502 4516 doctor,

1907 4565 2027 4605 cam
2055 4549 2107 4604 in
2151 4564 2341 4619 rogum
2385 4548 2684 4617 conjectam
2724 4545 2909 4602 fuisse.
2944 4544 3132 4616 Neque
3167 4543 3343 4600 solum
3382 4557 3508 4598 san-

1905 4654 2047 4698 ctam
2074 4643 2373 4708 Drosidem,
2399 4642 2494 4698 sed
2519 4649 2574 4698 et
2591 4641 2726 4696 alios
2755 4640 2916 4696 etiam
2941 4640 3197 4710 plurimos
3217 4647 3501 4710 martyres.

1907 4751 2134 4805 quorum
2177 4750 2299 4790 ossa
2345 4735 2536 4791 eodem
2578 4733 2700 4789 loco
2747 4732 2992 4804 deposita
3031 4741 3206 4800 erant,
3257 4731 3505 4787 laudibus

1906 4828 2249 4885 commendat
2285 4828 2723 4900 Chrysostomus,
2749 4840 3044 4896 eorumque
3069 4825 3124 4880 in
3150 4824 3425 4881 daemonas
3450 4835 3504 4878 et

1905 4925 1960 4977 in
1990 4923 2210 4978 morbos
2233 4922 2499 4992 quoslibet
2528 4926 2847 4989 potestatem
2867 4917 3215 4989 depmdicat,
3243 4931 3309 4972 ac
3331 4931 3503 4987 quan-

1905 5023 2014 5068 tam
2041 5030 2108 5069 ex
2131 5029 2315 5069 eorum
2359 5011 2509 5067 aditu
2544 5011 2827 5066 utilitatem
2857 5011 3149 5081 decerpere
3173 5008 3354 5074 liceat,
3385 5009 3504 5076 pln-

1905 5107 2054 5162 ribus
2083 5107 2322 5175 exponit.
2356 5105 2435 5160 De
2469 5119 2633 5170 anno,
2658 5119 2766 5174 quo
2798 5103 2916 5161 haec
2945 5103 3284 5175 pronuntiata
3311 5100 3504 5156 concio

1904 5199 2026 5262 fuit,
2062 5198 2195 5252 nihil
2221 5212 2444 5269 prorsus
2464 5196 2744 5252 habemus.

1978 5289 2221 5344 llomilias
2249 5288 2388 5345 alite.
2424 5319 2498 5330 -—
2526 5288 2809 5344 llomiliam
2838 5288 2892 5344 in
2922 5297 3079 5344 terra?
3104 5295 3306 5340 motum
3336 5283 3498 5338 etiam

1903 5384 2175 5439 edidimus
2197 5382 2338 5437 inter
2368 5381 2671 5438 Conciones
2707 5381 2776 5438 de
2806 5381 3009 5437 Lazaro
3038 5377 3128 5449 (Τ.
3154 5377 3210 5431 2.
3261 5390 3307 5428 c.
3340 5375 3492 5444 711),

1903 5476 1994 5532 ubi
2025 5475 2208 5530 multis
2237 5483 2347 5530 tum
2368 5474 2764 5547 Cbrysostomi,
2791 5485 2900 5528 tum
2929 5472 3155 5526 aliorum
3184 5468 3502 5524 testimoniis

1903 5568 2251 5639 probavimus
2297 5569 2637 5625 Antiochiam
2667 5564 3038 5636 frequentibus
3065 5572 3224 5618 terra:
3266 5562 3503 5617 motibus

1905 5674 2214 5716 succussam
2253 5659 2438 5726 fuisse,
2485 5660 2826 5727 maximeque
2853 5653 3228 5726 Chrysostomi
3269 5670 3407 5709 azvo.
3455 5655 3500 5708 Is

1904 5764 2082 5810 autem
2117 5765 2276 5811 terra:
2307 5765 2502 5820 motus,
2535 5755 2604 5810 de
2637 5768 2742 5825 quo
2764 5767 2904 5808 nunc
2929 5752 3125 5822 agitur,
3159 5761 3286 5807 tunc
3310 5751 3503 5806 accidit

1910 5865 2028 5905 cum
2062 5849 2477 5922 (Zbrysostomus
2501 5863 2643 5919 ager
2669 5849 2722 5902 in
2746 5847 2888 5904 lecto
2917 5847 3263 5904 dccumberct
3290 5863 3301 5898 :
3336 5848 3423 5916 qui
3449 5856 3500 5896 ut
