3948 6402
431 404 528 460 158
1509 413 1568 470 S.
1608 414 1884 471 JOANNiS
1921 413 2025 470 Ciil

2134 418 2389 472 osrom
2433 420 2610 486 \’IT.\,
3596 420 3689 472 156

429 520 619 574 ardens
643 527 754 576 erat
785 522 959 577 studio
998 522 1333 581 instituenda:
1364 524 1554 596 plebis,
1589 537 1831 585 mcestam
1860 527 2001 583 illam

429 625 650 665 cernens
697 611 766 666 ob
793 614 1124 684 ingruentem
1167 617 1545 686 calamitatem,
1593 620 1740 673 nullo
1780 619 2005 676 allectus

429 703 598 756 morbi
625 720 805 772 sensu,
839 708 902 762 ad
929 725 1142 780 gregem
1169 711 1436 768 advolavit
1465 731 1478 766 :
1509 713 1649 784 quod
1675 713 1888 784 quidem
1921 715 2010 770 ille

429 792 600 847 innuit
633 810 754 849 cum
785 801 857 853 ait
888 817 901 853 :
941 798 1090 855 Verbi
1119 793 1352 858 doctrina
1380 805 1730 876 wgritudinem
1764 822 1928 860 meam
1957 807 2010 860 in

431 885 609 938 bonam
639 887 972 946 valetudinem
1011 896 1241 950 mutavit.
1269 895 1396 952 "me
1435 913 1596 968 porro
1634 899 1821 952 concio
1859 908 2008 952 extra

431 973 615 1029 urbem
646 979 696 1032 in
724 979 899 1050 aliqua
931 985 1307 1054 ecclesiarum,
1335 1004 1467 1058 quas
1490 989 1670 1059 populi
1692 989 2011 1044 Antiocheni

436 1063 627 1132 pietate
655 1067 797 1124 ducti
830 1070 1254 1144 frequentabant,
1287 1077 1518 1134 habitam
1561 1079 1744 1142 fuisse,
1787 1079 2012 1134 suadent

439 1167 538 1207 non
583 1172 744 1225 pauca
776 1161 1142 1234 Cbrysostomi
1169 1169 1351 1234 verba,
1381 1170 1470 1239 qui
1507 1171 1759 1240 populum
1792 1187 1897 1225 non
1925 1187 2015 1227 se-

439 1244 542 1300 mel
569 1246 750 1303 laudat
776 1252 847 1305 ob
874 1265 1176 1326 susceptum
1207 1259 1455 1314 audiendi
1497 1275 1656 1316 causa
1696 1261 1898 1316 itineris
1938 1264 2016 1315 la-

438 1335 620 1393 borem
657 1343 880 1398 multmn
911 1355 1069 1418 atque
1094 1349 1365 1406 Sudorem.
1414 1351 1468 1406 In
1512 1353 1657 1408 hunc
1697 1370 1823 1408 vero
1861 1363 2016 1408 terra:

435 1441 639 1486 motum
665 1449 724 1490 se
758 1439 917 1492 etiam
948 1443 1118 1514 pridie
1145 1448 1517 1502 concinnatum
1555 1465 1673 1504 esse
1704 1450 2018 1505 testiﬁcatur

433 1519 849 1594 Chrysostomus
891 1532 942 1586 in
973 1535 1158 1590 eadem
1204 1539 1485 1594 concione.
1519 1542 1750 1608 Annum,
1791 1557 1895 1612 quo
1932 1542 2019 1596 hic

439 1620 595 1668 teme
619 1626 795 1673 motus
820 1624 1034 1690 accidit,
1075 1643 1140 1681 ne
1173 1631 1478 1698 conjectura
1505 1633 1717 1701 quidem
1748 1635 2018 1701 assignare

436 1714 754 1770 possumus:
787 1723 852 1764 ex
882 1714 1194 1781 a-gritudine
1237 1734 1465 1788 namque
1492 1721 1860 1792 Cbrysostomi
1901 1726 2020 1778 nul-

437 1793 543 1848 lam
565 1797 752 1853 calculi
781 1805 1006 1870 ponendi
1051 1822 1236 1870 ansam
1273 1812 1509 1880 arripere
1539 1813 1660 1868 licet
1686 1832 1698 1868 :
1726 1831 1845 1868 nam
1875 1811 2022 1869 vale-

439 1884 636 1941 tudinis
659 1903 765 1944 non
791 1901 872 1946 sst
906 1894 1074 1952 lirnne
1095 1900 1194 1962 vir,
1218 1915 1359 1969 Saepe
1386 1918 1504 1957 cum
1529 1902 1727 1957 morbis
1745 1904 2018 1959 conﬂicta-

437 1974 616 2031 batur.

511 2067 791 2126 llomiliam
837 2075 920 2128 cui
949 2078 1127 2134 titulus
1157 2089 1240 2135 est
1275 2097 1290 2136 :
1333 2082 1384 2136 in
1422 2084 1551 2137 illud
1580 2081 1668 2151 (Τ.
1703 2085 1756 2139 5.
1805 2099 1852 2136 c.
1883 2084 1945 2139 3|
1975 2083 2018 2155 ).

441 2155 620 2225 Pater,
661 2163 704 2216 si
733 2167 984 2233 possibile
1009 2181 1109 2236 est,
1135 2181 1368 2228 transeat
1405 2191 1434 2229 a
1464 2192 1549 2231 me
1575 2177 1710 2231 calix
1759 2177 1858 2232 iste
1883 2193 1899 2234 :
1928 2191 2020 2232 vo-

442 2261 738 2308 rumtatnen
771 2273 875 2312 non
905 2261 1042 2316 sicut
1062 2279 1161 2332 ego
1183 2266 1324 2329 volo,
1353 2266 1446 2322 sed
1481 2269 1620 2323 sicut
1655 2278 1708 2322 tu
1735 2287 1747 2322 :
1779 2280 1826 2323 et
1850 2278 2024 2322 contra

443 2340 801 2400 Marcionistas
827 2360 875 2402 et
906 2351 1236 2421 Manic/ueos,
1267 2366 1314 2409 et
1342 2358 1479 2426 quod
1502 2360 1728 2429 ingerere
1746 2375 1797 2413 se
1826 2359 2023 2429 pericu-

441 2429 506 2484 lis
549 2450 648 2487 non
690 2450 936 2506 eporteat,
971 2443 1062 2497 sed
1101 2447 1238 2499 οηιηί
1282 2448 1548 2513 uoluntati,
1596 2449 1694 2503 Dei
1722 2451 2023 2505 voluntatem

441 2527 737 2622 anteferre:
776 2527 937 2598 hanc,
969 2534 1204 2604 inquam,
1255 2553 1322 2592 an
1364 2539 1503 2594 inter
1547 2542 1926 2609 Antiochenas,
1957 2559 2022 2598 an

445 2615 585 2692 inter
603 2615 1215 2692 Constantinopolitanas
1236 2643 1521 2686 accensere
1542 2643 1801 2701 oporteat,
1824 2651 1927 2688 non
1953 2635 2024 2688 ita

441 2702 597 2760 facile
633 2717 716 2762 est
742 2715 1029 2781 augurari;
1074 2718 1275 2787 aliquid
1307 2729 1483 2775 tamen
1513 2723 1646 2777 lucis
1675 2739 1740 2778 ex
1788 2725 1871 2788 iis,
1904 2741 2022 2794 qme

446 2806 564 2864 post
584 2799 900 2870 principium
922 2805 1194 2874 dicuntur,
1214 2825 1311 2864 nos
1333 2811 1559 2865 mutuari
1584 2827 1735 2880 posse
1756 2822 2023 2883 putamus.

445 2886 522 2941 De
552 2892 820 2958 proposita
862 2893 1090 2951 lectione
1132 2913 1294 2968 agens
1335 2899 1768 2971 Cbrysostomus,
1812 2919 2022 2972 nempe,

441 2979 622 3049 Pater,
651 2984 699 3037 si
721 2986 956 3055 possibile
975 2998 1066 3055 est,
1096 3001 1317 3046 transeat
1337 3009 1367 3045 (ι
1397 3010 1476 3048 me
1497 2994 1636 3049 calix
1670 2997 1760 3048 iste
1778 3012 1796 3049 :
1823 3013 2024 3050 verum-

446 3082 615 3127 tamen
663 3092 764 3130 non
787 3078 917 3132 sicut
949 3097 1040 3151 ego
1065 3084 1197 3145 uolo,
1244 3084 1333 3137 sed
1350 3085 1475 3139 sicut
1506 3095 1580 3152 tu,
1629 3086 1698 3140 ita
1738 3087 1969 3156 loquitur
2008 3105 2022 3141 :

444 3161 588 3218 Nam
611 3175 660 3220 et
678 3169 862 3224 multos
885 3186 1107 3240 (interere
1125 3173 1343 3229 arbitror
1360 3191 1458 3245 qua
1479 3175 1544 3228 de
1566 3192 1723 3230 causa
1747 3177 1854 3231 Itan:
1890 3178 2027 3231 dicta

442 3256 544 3310 sint
583 3275 616 3311 a
637 3258 860 3325 Christo,
893 3280 955 3316 ac
982 3265 1251 3321 verisimile
1275 3276 1346 3321 est
1373 3281 1475 3335 eos,
1504 3269 1590 3338 qui
1629 3269 1836 3335 adsunt,
1868 3270 2029 3323 luere-

444 3349 568 3404 ticos
611 3351 718 3405 hac
742 3356 891 3409 verba
930 3359 1177 3427 accipere,
1224 3360 1503 3426 multosque
1545 3377 1607 3415 ea:
1641 3363 2028 3432 simplicioribus

446 3440 688 3508 fratribus
718 3445 1080 3513 supplantare.
1144 3447 1298 3503 Unde
1349 3450 1518 3519 liquet
1561 3451 1838 3506 lttcreticos
1883 3453 2025 3518 illos,

445 3529 534 3600 qui
559 3530 753 3586 Filium
777 3534 948 3590 rPatre
988 3537 1246 3593 minorem
1279 3539 1485 3610 ipsique
1527 3541 1837 3596 dissimilem
1884 3543 2030 3598 dice-

447 3619 609 3684 bant,
660 3637 852 3693 nempe
899 3627 1224 3694 Anomaaos,
1274 3631 1640 3700 (llirySostomi
1683 3632 2032 3688 concionibus

450 3712 774 3769 interfuisse.
820 3714 950 3771 Illud
994 3729 1172 3772 autem
1205 3720 1508 3789 frequenter
1552 3723 1848 3776 Antiochia:
1893 3726 2033 3779 accie-

447 3802 612 3871 disse,
643 3806 715 3860 ita
744 3815 802 3860 ut
831 3819 1120 3877 prmsentes
1153 3812 1431 3868 bmreticos
1461 3815 2030 3884 Cbrysostomus'con-

449 3895 666 3960 futaret,
717 3898 832 3967 ipse
869 3899 1070 3956 diserte
1110 3903 1184 3957 ait
1209 3899 1381 3959 torno
1421 3905 1593 3975 primo
1620 3903 1688 3961 de
1729 3905 2035 3978 Incompre—

453 3987 695 4042 bensibili
725 4001 908 4045 contra
936 3993 1226 4050 Anomteos
1256 4011 1304 4050 c.
1325 3993 1456 4050 707:
1483 3996 1820 4069 idipsumque
1849 4012 2033 4071 postea

449 4076 751 4134 subindieat
787 4097 836 4134 e.
869 4079 1004 4148 ΠΕ),
1049 4093 1103 4139 et
1150 4095 1300 4150 seqq.
1327 4125 1342 4146 .
1391 4087 1443 4140 iu
1487 4086 1604 4144 haec
1651 4091 1835 4159 verba,
1881 4093 2034 4162 queis

440 4167 694 4224 Christus
720 4169 934 4227 Petrum
965 4175 1178 4244 repulit,
1236 4175 1374 4231 Vade
1405 4189 1522 4249 post
1550 4196 1645 4244 me,
1667 4182 1895 4247 Satana,
1925 4195 2030 4241 etc.

443 4259 973 4335 Eademspene-ipsa,
1001 4283 1120 4338 quae
1147 4268 1254 4334 hic,
1279 4270 1436 4340 paulo
1454 4281 1582 4342 post
1610 4273 1816 4328 initium
1845 4277 2031 4342 habes,

443 4349 748 4423 iisdemque
804 4357 916 4412 fere
973 4359 1151 4414 verbis
1215 4373 1619 4418 commemorat.
1675 4363 2030 4432 Quamobrem

457 4448 751 4510 putax'erlm
785 4445 937 4502 hanc
973 4450 1246 4504 homiliam
1276 4454 1572 4508 Antiochia:
1619 4455 1851 4513 habitam
1897 4459 2035 4516 fuis-

458 4547 557 4599 se,
613 4547 714 4588 nec
771 4536 996 4591 fortasse
1043 4539 1133 4594 diu
1185 4550 1308 4610 post
1347 4542 1464 4597 illas
1512 4554 1700 4601 contra
1744 4549 2034 4607 Anomoeos

452 4623 740 4680 conciones
788 4642 801 4678 :
848 4627 989 4696 quod
1016 4639 1193 4686 tamen
1239 4646 1302 4686 ex
1329 4633 1636 4703 conjectura
1669 4646 1870 4694 tantum
1897 4643 2033 4698 dici-

454 4729 594 4769 111118.

506 4807 801 4864 Coneiones
814 4807 1138 4872 iliasdu'asm
1153 4816 1452 4876 huncPauli
1466 4815 1736 4892 locum(T.
1753 4822 2032 4898 5.e.185).

446 4898 693 4954 Salutate
720 4899 1013 4956 Priscillam
1030 4905 1049 4974 (
1067 4903 1218 4961 Rom.
1247 4909 1337 4964 16.
1363 4909 1430 4977 5)
1449 4951 1464 4975 ,
1504 4919 1608 4965 etc.
1631 4951 1646 4978 ,
1667 4923 1732 4968 ex
1762 4915 2037 4970 verisimili

443 4992 760 5060 conjectura
786 4987 1082 5051 Antloehia
1112 4999 1316 5055 habitas
1347 5002 1508 5057 fuisse
1531 5012 1793 5072 putamus.
1826 5005 2034 5062 Etenim

459 5084 604 5139 iitum
622 5087 808 5142 adhuc
836 5089 890 5142 in
915 5091 1210 5160 presbyteri
1237 5093 1423 5149 Ordine
1453 5095 1614 5151 fuisse
1631 5098 1840 5153 videtur
1859 5114 1922 5152 es
1950 5099 2034 5163 iis,

453 5190 573 5244 qua:
599 5177 665 5232 de
685 5180 1048 5235 sacerdotibus
1077 5182 1246 5249 istius,
1275 5183 1327 5238 in
1357 5199 1457 5255 qua
1483 5186 1740 5256 degebat,
1767 5188 1916 5243 urbis
1939 5189 2041 5242 ali-

455 5279 584 5334 quot
623 5270 674 5324 in
705 5272 834 5326 locis
863 5273 967 5338 ait,
1012 5275 1242 5330 maxime
1268 5290 1395 5330 vero
1425 5277 1476 5330 in
1520 5279 1751 5332 secunda
1792 5295 1935 5332 num.
1965 5279 2037 5334 5:

458 5360 544 5411 ubi
570 5362 838 5417 auditores
857 5377 1104 5432 carpens,
1135 5367 1274 5434 quod
1295 5367 1509 5435 quidam
1530 5381 1714 5422 eorum
1736 5371 2040 5425 sacerdotes

462 5451 669 5514 pmliris
694 5463 748 5506 et
769 5456 1023 5510 conviciis
1047 5466 1335 5511 onerarent
1352 5493 1368 5522 ,
1396 5457 1485 5510 alii
1525 5469 1652 5512 vero
1678 5459 1790 5514 haec
1816 5461 2038 5514 audien-

459 5545 562 5599 tes,
597 5542 880 5598 maledicos
927 5547 1050 5600 illos
1091 5560 1198 5601 non
1224 5557 1656 5614 compescerent,
1692 5551 1810 5602 talia
1858 5550 2037 5606 tatur:

467 5625 602 5686 Quid
639 5627 740 5678 illis
783 5634 931 5697 fuerit
968 5635 1187 5698 beatius,
1230 5636 1352 5702 quid
1395 5645 1561 5688 autent
1588 5635 1726 5689 nobis
1773 5639 2043 5693 miserius?

465 5715 881 5780 Quandoquidem
908 5724 985 5776 illi
1013 5727 1307 5795 sanguineus
1333 5737 1380 5780 et
1404 5728 1626 5780 animam
1656 5746 1744 5794 pro
1773 5743 2044 5799 pracepto-

460 5808 598 5861 “illi”
620 5808 1004 5877 αρνοῙιηιάρδαιιθ
1067 5831 1157 5870 nos
1184 5828 1346 5872 autem
1373 5834 1532 5889 neque
1559 5823 1757 5875 verbum
1784 5838 1873 5892 pro
1902 5838 2039 5875 cont-

2114 533 2341 587 munibus
2371 544 2471 589 out:
2485 535 2594 588 ibus
2620 534 2837 588 uuittcre
2863 535 3102 588 audemus
3122 576 3138 600 ,
3165 533 3249 587 sed
3277 549 3387 586 cunt
3425 533 3694 586 audimus

2113 628 2182 679 eis
2221 627 2470 689 maledici,
2502 638 2547 679 et
2567 627 2798 679 conviciis
2820 643 2903 680 eos
2933 626 3250 680 dehonestari
3285 637 3330 680 et
3368 644 3398 678 α
3435 628 3542 680 suis
3563 636 3609 678 et
3638 627 3696 679 ub

2113 718 2311 776 alienis.
2344 719 2612 772 maledicos
2643 736 2796 790 nrque
2823 720 3179 786 compescimus
3201 759 3215 780 ,
3245 734 3399 785 neque
3425 718 3692 785 reprehenv

2115 810 2299 872 dimus,
2331 827 2485 878 neque
2509 811 2846 880 prohibemus.
2876 811 2998 864 lla-c
3018 821 3159 864 certe
3181 826 3285 864 non
3316 811 3562 863 videntur
3582 823 3702 862 esse

2115 899 2253 954 dicta
2283 900 2644 972 Cbrysostomi
2669 900 2778 972 jam
2812 902 3044 972 episeopi
3071 919 3084 954 :
3118 916 3289 969 neque
3333 899 3475 952 enim
3507 901 3627 960 ille,
3659 901 3699 952 si

2117 996 2397 1063 episcopus
2427 995 2642 1058 fuisset,
2686 996 3020 1058 sacerdotes,
3061 997 3148 1064 qui
3189 996 3440 1048 conviciis
3482 978 3741 1065 iittpcte-‘

2119 1086 2330 1151 buntur,
2362 1101 2671 1142 communes
2707 1097 2882 1156 patres
2909 1088 3245 1156 appellasset.
3282 1088 3334 1141 ln
3367 1087 3512 1140 hisce
3549 1102 3706 1154 porro

2118 1177 2324 1232 duabus
2355 1178 2585 1232 bomiliis
2610 1179 2661 1233 id
2699 1179 3065 1233 demonstrare
3095 1179 3296 1239 nititur,
3329 1178 3468 1246 quod
3501 1187 3554 1231 et
3580 1177 3705 1230 alibi

2121 1267 2446 1338 frequenter,
2475 1271 2722 1325 nimirum
2767 1271 3134 1340 inscriptiones
3155 1311 3169 1333 ,
3210 1270 3421 1322 nomina
3454 1269 3666 1336 propria
3687 1309 3702 1332 ,

2121 1357 2488 1423 salutationes,
2517 1359 2752 1429 aliasque
2778 1361 3117 1429 quantumvis
3148 1359 3390 1413 niinimas
3415 1359 3706 1426 Scriptum

2119 1464 2289 1502 sacra:
2316 1449 2624 1517 particulas,
2674 1467 2776 1503 non
2821 1464 3270 1518 supervacaneas,
3301 1448 3393 1501 sed
3424 1447 3706 1516 diligenter

2123 1540 2466 1596 excutiendas
2494 1557 2633 1597 csse.
2663 1541 2796 1596 Cum
2841 1558 2965 1596 vero
3005 1542 3371 1610 inscriptiones
3401 1549 3453 1592 et
3494 1539 3704 1592 nomina

2124 1633 2333 1701 propria
2357 1645 2744 1689 commemorat
2773 1635 2920 1688 initio
2946 1634 3190 1690 secunda:
3216 1633 3396 1686 dicens
3419 1649 3435 1688 :
3469 1631 3608 1684 Num
3630 1630 3707 1685 di-

2123 1725 2314 1778 dicistis
2339 1725 2686 1795 inscriptiones
2714 1737 2762 1780 et
2792 1726 2993 1779 nomina
3019 1735 3063 1778 et
3083 1726 3332 1793 simplices
3357 1727 3702 1788 salutationes,

2123 1815 2383 1884 diligenter
2428 1819 2480 1868 in
2527 1816 2805 1886 Scriptuiis
2851 1818 3211 1870 excutiendas?
3256 1830 3410 1876 cum,
3459 1815 3702 1884 inquam,

2125 1904 2496 1974 inscriptiones
2527 1916 2577 1959 et
2602 1909 2812 1960 nomina
2832 1949 2844 1967 .
2881 1907 2930 1960 id
2956 1917 3036 1960 cst
3063 1906 3274 1959 nomina
3294 1906 3526 1973 propria,
3558 1921 3702 1958 Cotil-

2124 2005 2412 2058 memorat,
2445 1998 2782 2051 subindieare
2813 2011 3029 2067 prorsus
3059 1996 3266 2049 videtur
3295 1995 3540 2047 homilias
3578 2009 3705 2064 quas

2124 2087 2192 2142 de
2221 2087 2565 2156 inscriptione
2592 2091 2864 2151 Actorum,
2893 2088 3064 2158 deque
3089 2088 3206 2141 aliis
3229 2087 3515 2155 Scriptura:
3544 2099 3706 2137 sacra:

2126 2175 2581 2246 inscriptionibus,
2617 2193 2822 2231 necoon
2853 2188 3078 2248 quatuor
3100 2177 3251 2239 alias,
3279 2191 3412 2244 quas
3440 2175 3507 2228 de
3533 2175 3705 2226 nomi-

2127 2267 2284 2321 nibus
2311 2267 2396 2321 vel
2424 2267 2492 2322 de
2535 2269 2826 2322 imitatione
2859 2269 3129 2322 nominum
3169 2265 3467 2320 Antiochia:
3511 2264 3707 2318 habue-

2127 2367 2210 2412 rat
2233 2376 2245 2412 :
2274 2358 2415 2412 unde
2439 2358 2597 2413 etiam
2622 2360 2825 2414 eruitur
2849 2358 3008 2414 hasce
3036 2357 3279 2412 homilias
3299 2355 3595 2411 Antiochia:
3618 2354 3707 2408 hac

2127 2449 2262 2502 bitas
2288 2449 2470 2505 fuisse.

2197 2541 2285 2596 ιο.
2315 2540 2723 2613 Cbrysostomus
2749 2541 2836 2612 (Τ.
2866 2542 2918 2596 5.
2961 2556 3007 2593 c.
3029 2538 3198 2612 261),
3243 2539 3331 2610 qui
3364 2553 3468 2592 non
3500 2552 3709 2606 semper

2127 2634 2512 2700 extemporales
2535 2632 2717 2686 habuit
2737 2633 3038 2694 conciones,
3063 2632 3344 2686 liomiliam
3369 2629 3435 2684 de
3462 2629 3708 2684 Eleemo-

2128 2738 2258 2793 syna
2283 2723 2434 2788 dixit,
2462 2724 2743 2778 occasione
2770 2724 3129 2778 niendicornm
3156 2731 3210 2777 et
3237 2735 3548 2789 egenorum,
3579 2733 3711 2787 quos

2130 2814 2323 2869 hiemis
2349 2825 2588 2884 tempore
2611 2815 2878 2884 jacentes,
2912 2829 3033 2869 eum
3064 2829 3158 2883 per
3183 2812 3356 2866 forum
3383 2821 3434 2865 et
3459 2810 3709 2878 angipor-

2131 2918 2214 2962 Ius
2253 2907 2319 2961 ad
2357 2907 2635 2962 ecclesiam
2669 2917 2942 2978 pergeret,
2981 2915 3274 2975 repererat.
3305 2903 3457 2958 Hunc
3485 2902 3550 2955 ad
3581 2915 3711 2954 con-

2129 2998 2446 3054 cionandum
2476 3008 2782 3067 apparatum
2803 3040 2818 3064 ,
2854 2997 2977 3051 dum
3019 2997 3118 3051 iter
3144 2995 3369 3057 faceret,
3397 2991 3708 3052 adornavit,

2129 3101 2183 3146 et
2209 3091 2344 3145 hanc
2370 3090 2437 3145 de
2461 3091 2794 3160 eleemosyna
2824 3089 3133 3143 concionem
3157 3086 3508 3156 improuisator
3534 3092 3713 3135 orator

2131 3180 2504 3250 pronuntiavit.
2533 3179 2825 3240 Antiochia}
2849 3187 3026 3234 autem
3050 3176 3284 3232 habitam
3306 3174 3468 3229 fuisse
3495 3174 3716 3238 indicat,

2132 3289 2236 3327 non
2268 3273 2427 3326 modo
2453 3289 2573 3328 cum
2598 3273 2689 3331 ait.
2719 3288 2778 3326 se
2807 3287 2901 3341 per
2931 3271 3098 3324 l'orum
3125 3279 3178 3324 et
3204 3270 3513 3338 angiportus
3536 3268 3712 3322 cccle-

2130 3365 2263 3419 siam
2293 3365 2525 3432 petiisse,
2552 3363 2644 3418 sed
2665 3364 2841 3427 etiam,
2867 3371 2920 3415 ct
2941 3363 3095 3431 longe
3120 3360 3338 3425 clarius,
3359 3358 3446 3410 ubi
3469 3357 3540 3410 ait
3565 3367 3712 3410 num.

2134 3456 2188 3518 6,
2215 3469 2336 3509 cum
2371 3455 2538 3508 fames
2565 3453 2748 3508 orbem
2777 3453 3023 3506 invasura
3053 3458 3214 3513 esset,
3244 3450 3394 3503 istam
3423 3448 3712 3508 civitatem.

2134 3559 2327 3614 nempe
2353 3544 2684 3598 Antiochiam
2705 3585 2721 3610 ,
2769 3559 2860 3613 per
2887 3541 3180 3596 Barnabam
3221 3550 3276 3594 et
3301 3537 3518 3594 Saulum
3561 3551 3716 3607 pecu-

2135 3635 2251 3688 nias
2280 3634 2666 3706 Jerosolymam
2715 3634 2945 3687 misisse.
2994 3631 3068 3686 De
3113 3645 3254 3685 anno
3292 3641 3474 3684 autem
3523 3628 3715 3682 habita:

2135 3727 2408 3782 concionis
2433 3727 2560 3781 nihil
2586 3725 2869 3781 dicendum
2893 3724 3144 3793 suppetit.

2209 3817 2464 3871 llomilias
2487 3828 2592 3870 tres
2619 3831 2841 3870 numero
2867 3813 3048 3868 habuit
3075 3814 3487 3884 (Ihrysostomus
3511 3811 3562 3863 in
3592 3810 3717 3863 illud

2136 3910 2376 3978 Apostoli
2405 3908 2494 3978 (Τ.
2526 3911 2578 3965 5.
2603 3927 2652 3966 c.
2679 3909 2776 3963 9.7!
2804 3907 2824 3978 )
2869 3927 2882 3962 :
2918 3906 3172 3961 Habentes
3215 3905 3442 3960 eumdem
3483 3906 3716 3972 spiritum

2137 4003 2214 4073 (Ξ.
2242 4000 2360 4056 Cor.
2388 4001 2444 4056 4.
2481 4000 2604 4070 15),
2633 4009 2738 4054 etc.
2770 3997 3066 4053 Antiochia:
3095 4012 3223 4052 vero
3263 3995 3468 4050 habitas
3520 3996 3716 4057 fuisse.

2137 4093 2360 4149 suadent
2388 4107 2450 4146 ea
2485 4107 2604 4162 qua:
2628 4091 2755 4146 dicit
2782 4090 2851 4145 de
2877 4087 3152 4144 monachis
3175 4088 3428 4142 verticem
3459 4085 3718 4140 montium

2139 4185 2547 4255 occupantibus,
2591 4195 2941 4250 asperamque
2964 4179 3086 4233 vitae
3114 4179 3375 4233 rationem
3403 4175 3684 4246 agentibus
3703 4218 3718 4240 ,

2138 4291 2273 4346 quos
2295 4290 2423 4330 sane
2446 4274 2735 4329 monachos
2756 4273 2809 4326 in
2839 4270 3182 4326 Antiochenis
3201 4269 3544 4324 concionibns
3569 4281 3720 4321 com-

2140 4381 2440 4422 memorare
2467 4365 2635 4428 solet,
2685 4378 2840 4418 secus
2888 4363 2940 4416 in
2985 4361 3608 4430 Constantinopolitanis.
3643 4361 3721 4412 An

2138 4456 2505 4528 Cbrysostomi
2548 4469 2673 4509 vere
2713 4454 2820 4508 sint
2861 4451 2944 4506 ba:
2973 4453 3235 4516 bomilize,
3275 4463 3436 4504 ausus
3464 4459 3548 4505 est
3574 4449 3723 4519 quis-

2139 4548 2282 4618 piam
2303 4545 2566 4611 dubitare,
2588 4559 2707 4598 cum
2730 4552 2905 4598 tamen
2927 4541 3115 4613 stylus,
3138 4541 3320 4604 dictio,
3345 4548 3528 4608 tropus
3552 4537 3725 4608 Chry-

2140 4646 2431 4692 sostomum
2463 4636 2764 4704 loquentem
2795 4633 3043 4702 prodant.
3076 4631 3358 4687 Dubitandi
3401 4645 3580 4684 causae
3612 4629 3725 4682 viro

2141 4729 2374 4796 alioquin
2422 4725 2579 4781 docto
2627 4725 2926 4794 Imjusiuodi
2978 4725 3170 4778 luere:
3213 4721 3353 4792 quod
3397 4736 3592 4790 nempe
3640 4719 3724 4773 hic

2141 4819 2483 4873 concionator
2509 4817 2654 4870 hom.
2686 4818 2734 4878 1,
2769 4829 2823 4868 n.
2853 4815 2909 4880 ὅ,
2955 4812 3396 4882 Semipelagianis
3437 4810 3618 4866 lavere
3643 4810 3724 4864 vi-

2141 4912 2346 4975 deatur,
2376 4922 2496 4962 cum
2517 4907 2645 4962 dicit
2670 4907 2738 4962 de
2763 4907 2911 4960 initio
2934 4907 3052 4961 lidei
3084 4905 3346 4975 loquens:
3382 4903 3562 4974 Neque
3594 4905 3721 4956 enim

2144 5001 2280 5056 Deus
2298 5041 2313 5064 ,
2341 5013 2499 5072 neque
2532 5000 2758 5070 Spiritus
2781 4999 2946 5070 gratia
2978 5007 3204 5052 nostrum
3233 4997 3469 5069 prtevenit
3490 4996 3720 5066 pmposi-

2143 5106 2284 5157 tmn;
2328 5094 2414 5148 sed
2440 5093 2635 5146 etiamsi
2674 5101 2842 5157 vocet,
2887 5099 3144 5160 exspectat
3169 5098 3336 5143 tamen
3365 5098 3421 5142 ut
3459 5098 3642 5157 sponte
3681 5093 3718 5141 et

2145 5185 2353 5254 propria
2379 5185 2635 5238 voluntate
2663 5183 2961 5236 accedamus
2977 5200 2997 5249 ;
3025 5198 3083 5236 ac
3109 5192 3213 5235 tum
3243 5181 3473 5246 demum,
3504 5195 3622 5232 cum
3647 5195 3724 5230 ac-

2143 5277 2461 5341 cesserimus,
2505 5277 2648 5330 nobis
2678 5291 2828 5328 suum
2867 5285 3026 5328 totum
3067 5273 3261 5328 exhibet
3304 5272 3576 5326 auxilium.
3623 5269 3726 5325 Sed

2145 5363 2667 5421 animadvertendum
2696 5375 2796 5429 est,
2829 5365 2970 5434 quod
2995 5379 3116 5420 cum
3145 5379 3230 5430 ea,
3263 5378 3384 5433 qua:
3411 5362 3478 5416 ad
3505 5361 3731 5431 gratiam

2146 5459 2473 5527 spectabant,
2498 5457 2730 5512 nondum
2754 5457 2805 5510 in
2825 5456 3246 5511 controversiam
3274 5462 3458 5508 vocata
3482 5451 3728 5515 fuissent,

2147 5565 2253 5604 non
2303 5557 2456 5603 erant
2500 5563 2562 5603 ea
2601 5549 2761 5602 certis
2791 5561 2979 5601 vocum
3006 5546 3263 5601 limitibus
3293 5541 3729 5609 circumscripta;

2149 5655 2321 5709 neque
2366 5642 2598 5704 mirum,
2651 5639 2697 5693 si
2737 5647 3184 5706 extemporaneus
3226 5645 3429 5698 orator,
3476 5632 3547 5688 ad
3593 5631 3727 5685 bona

2151 5730 2448 5800 peragenda
2477 5731 2745 5784 concitare
2773 5729 2980 5790 volens,
3009 5728 3130 5782 talia
3165 5726 3446 5796 proferret,
3475 5737 3596 5793 qua:
3625 5735 3730 5774 non

2153 5822 2217 5875 ad
2250 5823 2498 5876 trutinam
2528 5831 2650 5873 ante
2677 5820 3091 5874 examinaverat.
3124 5817 3178 5872 ln
3209 5817 3290 5872 his
3327 5815 3487 5870 etiam
3513 5810 3727 5866 concio-
