3948 6420
330 303 430 361 157

328 424 519 491 nibus,
569 424 620 479 in
669 426 897 500 aliisque
925 431 1172 501 operibus
1202 447 1307 487 non
1358 450 1520 503 pauca
1562 436 1723 501 dicit.
1767 438 1920 508 queis

328 516 587 595 probatur
616 518 792 587 ipsum
823 522 1093 577 censuisse
1119 523 1189 577 ad
1229 524 1434 580 initium
1482 527 1601 582 fidei
1621 571 1634 593 ,
1665 532 1917 585 auxilium

326 606 421 661 Dei
463 623 585 662 esse
631 610 1014 666 necessarium.
1048 612 1242 669 Verum
1270 616 1407 673 alius
1430 618 1495 672 ad
1527 618 1640 674 lucc
1682 622 1920 690 pluribus

327 701 600 756 tractanda
629 703 781 759 nobis
802 716 884 760 est
912 706 1232 764 constitutus
1255 709 1425 766 locus.
1449 712 1619 767 Aliam
1645 712 1914 776 dubitandi

327 805 544 846 causam
576 792 733 849 eﬂ'ert
776 795 823 873 is
853 795 997 866 ipse,
1029 800 1116 869 qui
1150 800 1379 869 priorem
1411 804 1631 873 protulit
1669 822 1681 856 :
1711 806 1811 860 sub
1840 807 1922 861 lt’-

324 884 477 941 ilium
505 885 739 943 homilia:
765 868 934 943 tertia:
963 868 1159 946 dicitur
1181 910 1210 945 a
1231 893 1377 948 Pauli
1409 868 1648 966 tempore
1665 899 1920 968 quingen-

325 987 407 1030 tos
436 992 609 1033 annos
634 980 845 1049 elapsos
873 996 1014 1050 esse,
1041 999 1159 1053 qua:
1187 985 1344 1056 longe
1367 989 1719 1044 recentiorem
1746 989 1917 1064 Chry-

283 1080 299 1141 ί
325 1076 571 1123 sostomu
594 1079 868 1126 auctorem
898 1083 1139 1143 arguant.
1193 1075 1328 1132 lliuc
1354 1092 1481 1132 vero
1511 1078 1707 1135 nullam
1741 1080 1919 1136 all'erri

324 1157 605 1214 dubitandi
649 1175 863 1216 causam
906 1164 1086 1218 statim
1128 1165 1372 1224 advertet
1416 1168 1655 1239 quisquis
1705 1172 1919 1227 lectioni

323 1250 700 1324 (lbrysostomi
741 1266 988 1311 assuetus
1034 1271 1350 1328 perpetuam
1398 1261 1518 1330 ejus
1556 1263 1609 1318 in
1655 1278 1917 1319 annorum

325 1343 550 1402 calculis
577 1347 955 1418 negligentiam
984 1349 1369 1407 observaverit.
1396 1353 1486 1409 Sic
1513 1370 1617 1410 non
1639 1357 1801 1411 semel
1830 1357 1920 1413 ille

325 1451 500 1491 annos
530 1437 854 1509 quingentos
893 1451 1172 1497 enumerat
1198 1459 1227 1498 a
1255 1455 1524 1514 postrema
1560 1448 1738 1517 templi
1767 1448 1921 1502 Jeru-

324 1527 635 1599 solymitaui
678 1529 1068 1600 destructione,
1111 1550 1230 1604 qum
1271 1534 1474 1604 aliquot
1499 1537 1655 1590 annis
1689 1549 1915 1593 mortem

324 1618 478 1673 l'auli
500 1620 820 1691 subsequuta
845 1632 944 1677 est.
972 1624 1060 1679 Sic
1083 1634 1137 1679 ct
1154 1625 1278 1680 alibi
1303 1627 1497 1694 passim
1518 1629 1913 1695 unae/ironiam,

324 1708 380 1763 in
401 1709 664 1780 scriptore
684 1728 875 1783 nempe
893 1723 1188 1787 temporum
1210 1717 1469 1773 rationem
1494 1733 1675 1789 parum
1696 1731 1916 1778 θυι-..ιιιο

322 1799 824 1871 deprehenduntur.

396 1891 861 1963 Elegantissimam
889 1896 1201 1951 concionem
1236 1896 1323 1968 (Τ.
1356 1899 1410 1954 5.
1450 1914 1499 1952 c.
1529 1900 1677 1965 547),
1710 1901 1772 1954 de
1800 1899 1911 1953 Fu-

227 2040 241 2057 .
323 1991 558 2036 utrorum
599 1983 810 2049 deliciis,
858 1996 1002 2053 etc.,
1053 1986 1238 2042 habuit
1277 1988 1691 2062 Chrysostomus
1731 1992 1916 2048 Antio-

320 2074 494 2139 chise,
526 2085 583 2129 ut
610 2078 850 2146 arguitur
874 2094 937 2131 ex
968 2078 1031 2133 iis
1056 2121 1070 2145 ,
1097 2096 1216 2148 qua:
1256 2081 1356 2136 sub
1382 2081 1588 2137 initium
1636 2083 1909 2149 dicuntur,

322 2180 518 2235 nempe
539 2166 604 2219 ad
635 2168 775 2221 hunc
804 2179 1099 2240 martyrum
1124 2170 1295 2226 locum
1325 2172 1574 2241 populum
1604 2175 1912 2230 ventitasse.

323 2257 490 2313 Extra
517 2258 703 2314 urbem
747 2276 942 2331 nempe
966 2274 1081 2317 erat
1106 2265 1331 2319 ecclesia
1377 2274 1594 2335 propter
1621 2276 1913 2337 martyrum

320 2349 605 2421 Reliquias
634 2351 998 2423 frequentata,
1032 2370 1137 2425 quo
1166 2356 1454 2426 pergebant
1497 2358 1674 2427 populi
1705 2358 1914 2428 pietatis

320 2458 503 2507 causa,
533 2453 587 2500 et
608 2445 697 2499 ubi
722 2446 1028 2516 frequenter
1045 2447 1332 2503 conciones
1353 2447 1706 2515 habebantur,
1732 2461 1787 2504 ut
1803 2450 1911 2519 jam

319 2550 428 2588 non
473 2536 643 2591 semel
686 2536 933 2592 vidimus.
967 2537 1084 2606 Quo
1135 2546 1313 2593 autem
1361 2554 1504 2593 anno
1550 2539 1689 2594 dicta
1735 2543 1806 2595 sit
1845 2557 1919 2596 es

319 2626 465 2680 nulla
494 2635 619 2681 nota
645 2628 857 2697 assequi
887 2643 1191 2698 possumus.

390 2717 852 2773 Ceiiimentariuni
904 2717 1004 2789 (T.
1055 2721 1129 2790 5)
1175 2718 1530 2792 homiliasque
1576 2721 1628 2775 in
1671 2720 1912 2776 Psalmos

316 2809 622 2867 Antiochia:
660 2812 904 2867 emisisse
943 2811 1381 2883 Chrysostomum
1428 2822 1633 2869 certum
1661 2814 1907 2869 videtur:

316 2918 455 2972 opus
498 2902 771 2974 egregium
822 2912 878 2958 et
923 2904 1065 2958 inter
1110 2905 1546 2975 praestantisdma
1591 2904 1707 2975 ejus
1749 2921 1909 2976 opera

316 2995 766 3064 computandum,
796 3004 853 3049 ut
879 2995 1050 3050 cuivis
1076 2996 1270 3065 legenti
1298 2997 1471 3068 palam
1499 2997 1621 3052 erit.
1652 2995 1912 3067 Opinatur

314 3086 721 3152 Tillemontius,
779 3086 877 3142 bos
917 3087 970 3141 in
1017 3086 1258 3145 Psalmos
1305 3102 1583 3143 sermones
1629 3088 1910 3158 scripsiSse

314 3176 793 3248 Chrysostomum,
844 3192 943 3231 nec
988 3178 1396 3250 ctuicionantem
1445 3179 1496 3232 in
1546 3188 1687 3233 coetu
1730 3179 1907 3247 populi

314 3267 623 3337 protulisse.
656 3267 712 3321 ld
740 3282 896 3330 vero,
926 3275 983 3322 ut
1009 3276 1092 3323 est
1119 3267 1171 3321 in
1204 3267 1406 3337 judicio
1436 3267 1658 3323 ferendo
1682 3278 1869 3324 cautus
1889 3309 1905 3334 ,

313 3358 666 3415 subdubitans
693 3368 896 3414 tantum
941 3359 1203 3414 enuntiat.
1232 3358 1358 3414 Mihi
1397 3374 1524 3414 vero
1551 3374 1706 3414 secus
1735 3361 1904 3413 visum

310 3459 417 3505 est.
448 3450 505 3505 lu
533 3449 617 3505 his
646 3449 789 3504 enim
816 3450 1153 3506 sermonibus
1180 3450 1374 3520 passim
1405 3450 1656 3520 populum
1685 3450 1909 3520 alloqui-

312 3554 425 3609 tur,
454 3543 681 3615 taliaque
707 3545 982 3611 enuntiat,
1022 3558 1141 3614 quin
1163 3543 1499 3598 Concionanti
1530 3551 1731 3597 tantmn
1760 3559 1906 3598 eom-

311 3645 500 3705 petere
522 3633 763 3704 possint,
816 3643 872 3689 ut
910 3634 1090 3690 videas
1131 3633 1183 3689 in
1229 3633 1546 3688 Prmfatione
1572 3634 1640 3688 ad
1680 3633 1904 3689 Tomum

312 3730 582 3801 quintum.
610 3728 690 3783 Ad
719 3744 927 3782 morum
958 3728 1293 3798 disciplinam
1321 3728 1373 3781 hi
1403 3726 1774 3782 commentarii
1804 3726 1904 3781 ad-

310 3819 533 3873 modum
558 3819 846 3890 opportuni
890 3828 1053 3873 sunt:
1087 3818 1291 3873 nullum
1342 3817 1547 3873 cthices
1577 3828 1901 3889 prmeeptum

311 3912 402 3968 hic
444 3927 552 3967 non
603 3910 865 3967 oll'endas.
899 3910 1195 3965 Occasione
1223 3917 1432 3981 sumpta
1477 3925 1540 3965 ex
1568 3908 1902 3964 Psahnorum

307 4004 641 4075 argumentis
661 4045 676 4071 ,
704 4018 864 4059 omne
885 4002 1138 4057 virtutum
1166 4016 1333 4072 genus
1360 4001 1446 4055 hic
1474 3999 1898 4068 commendatur,

309 4098 435 4151 vitia
456 4096 634 4151 omnia
655 4097 991 4166 exagitantur
1013 4111 1026 4147 :
1054 4093 1313 4163 exemplis
1334 4092 1718 4163 frequentibus,
1742 4091 1901 4147 modo

315 4187 615 4258 lugiendum
655 4196 967 4258 peceatum,
1006 4184 1166 4240 modo
1193 4184 1617 4255 amplectendam
1649 4185 1897 4239 virtutem

310 4295 432 4336 esse
456 4279 729 4334 suadetur.

382 4370 676 4426 Antiochia:
703 4370 900 4425 dictam
934 4367 1283 4440 probabiliter
1332 4374 1577 4437 putamus
1624 4364 1896 4420 humiliam

304 4464 395 4519 cui
425 4463 604 4518 titulus
633 4461 720 4534 (T.
753 4462 807 4517 5.
834 4478 875 4514 ι’.
905 4461 1042 4525 519)
1068 4479 1080 4513 :
1120 4458 1343 4513 Hontilia
1384 4456 1551 4509 habita
1582 4456 1632 4509 in
1661 4472 1898 4525 magnam

307 4554 714 4621 llebrlomadam,
747 4554 799 4610 in
824 4568 922 4622 qua
945 4552 1152 4605 docetur
1172 4567 1262 4605 cur
1281 4566 1338 4604 ea
1359 4566 1541 4620 magna
1566 4547 1614 4601 II
1620 4547 1897 4601 ebdomada

300 4646 611 4716 appelletur,
651 4655 697 4698 et
727 4645 779 4698 in
815 4643 946 4697 illud
966 4684 979 4705 ,
1010 4641 1190 4698 Lauda
1222 4644 1395 4696 anima
1426 4656 1542 4696 mea
1574 4640 1893 4707 Dominum,

300 4754 365 4791 ac
392 4737 455 4791 de
478 4738 683 4791 custode
709 4735 923 4789 carceris
950 4734 1002 4787 in
1023 4733 1180 4786 Actis.

379 4829 879 4900 Interpretationem
906 4826 958 4880 in
989 4825 1174 4879 Isaiam
1200 4823 1283 4896 (T.
1305 4825 1357 4880 6.
1376 4823 1563 4894 initio),
1582 4830 1810 4893 emptam
1842 4833 1898 4879 et

302 4935 475 4991 usque
514 4919 580 4976 ad
607 4917 884 4975 dimidium
927 4917 1116 4986 capitis
1142 4914 1312 4970 octavi
1350 4913 1631 4969 deductam
1662 4914 1897 4969 creditur

297 5011 719 5083 Chrysostomus
742 5008 1092 5064 adornavisse
1118 5004 1435 5081 Antiochim,
1464 5013 1748 5074 antequam
1776 5021 1896 5075 pre-

299 5107 487 5175 sbyter
514 5111 655 5158 esset
682 5119 696 5155 :
728 5115 901 5172 neque
927 5099 1071 5154 enim
1101 5098 1151 5151 in
1174 5096 1461 5151 conciones
1487 5094 1767 5149 distributa
1790 5104 1892 5160 est,

298 5207 361 5252 ut
405 5194 644 5249 llomiliie
678 5193 731 5248 in
758 5192 1008 5248 Genesim
1041 5200 1093 5245 et
1120 5189 1174 5243 in
1206 5187 1465 5243 Psalmos.
1504 5187 1656 5242 Circa
1686 5195 1895 5258 tempus
1944 5205 1953 5212 ο

297 5298 354 5342 et
397 5287 609 5353 locum,
648 5288 802 5355 queis
846 5282 951 5338 hoc
990 5297 1126 5352 opus
1162 5281 1576 5350 Chrysoslomus
1613 5294 1897 5349 aggressus

296 5388 423 5444 est,
473 5387 771 5447 caelataque
812 5375 879 5431 ad
926 5375 1154 5445 idipsum
1197 5374 1526 5444 spectantia,
1567 5372 1892 5427 Tillemonlii

294 5471 620 5527 sententiam
645 5469 872 5524 libenter
899 5468 1272 5539 amplectimur
1301 5463 1527 5537 (Tillem.
1548 5482 1599 5534 ῃ.
1629 5463 1745 5534 90).
1782 5464 1894 5518 Hoc

295 5580 454 5632 opus,
476 5563 647 5634 inquit
672 5562 781 5629 ille,
809 5560 1153 5632 Clirysostomi
1178 5574 1284 5612 esse
1308 5572 1452 5611 nemo
1480 5572 1579 5609 non
1600 5556 1848 5610 existimet
1875 5571 1893 5609 :

295 5636 453 5723 illaut!
476 5653 737 5725 elegantia:
760 5652 1035 5724 specimina
1063 5667 1169 5718 prin
1201 5667 1254 5705 se
1275 5652 1370 5720 [ert
1406 5665 1505 5702 non
1536 5647 1784 5719 vulgaria.
1818 5646 1895 5702 De

299 5745 513 5815 iutpm'o
544 5744 775 5800 ltonumo
801 5741 1033 5815 quadam
1071 5741 1151 5796 hic
1181 5740 1427 5797 habentur
1460 5758 1513 5809 μ.
1542 5739 1608 5795 ’2-1
1637 5738 1791 5812 (quod
1817 5741 1890 5793 ri-

1503 321 1682 380 NL’NC
1726 322 1986 379 PRIMUM
2026 324 2414 381 ADORNATA.

3511 346 3611 403 158

2028 436 2204 493 deliret
2233 454 2428 493 summa
2461 455 2583 510 pace
2606 450 2723 495 tunc
2749 444 3043 516 frueretur),
3072 448 3180 517 ejus
3208 461 3360 507 statui
3388 466 3612 528 tempore

2025 526 2372 600 Clirysostomi
2398 533 2754 601 congruentia,
2799 536 3017 591 maxime
3057 555 3172 593 vero
3191 582 3207 608 ,
3254 545 3299 597 si
3330 526 3522 611 spectes
3549 567 3609 604 ea

2024 634 2138 689 qua:
2165 636 2355 674 annum
2380 622 2483 677 577
2520 636 2898 692 prtccesserunt.
2927 627 3071 683 Illud
3107 647 3221 685 vero
3245 636 3412 705 aperis
3450 641 3526 693 vel
3557 632 3616 698 in.

2020 709 2328 778 solitudine,
2359 712 2435 765 vel
2471 728 2585 765 cum
2619 712 2862 771 diaconus
2905 728 3064 784 esset,
3112 724 3326 793 fortasse
3365 728 3610 784 emiserit.

2026 797 2167 853 Nam
2195 816 2258 855 ea:
2278 818 2375 870 quo
2400 812 2621 872 tempore
2648 804 2903 875 presbyter
2930 809 3047 878 fuit,
3076 827 3175 866 non
3206 815 3400 870 videtur
3422 830 3499 873 sat
3521 821 3609 871 otii

2024 899 2071 942 et
2106 891 2260 958 spatii
2299 890 2559 961 habuisse,
2604 904 2657 948 ut
2694 905 2834 951 tanta
2871 899 3066 955 edendo
3091 907 3232 974 operi
3263 923 3466 963 manum
3509 916 3609 963 att-

2025 992 2263 1036 mereret.

2096 1073 2557 1143 lih-gantissimam
2604 1078 2873 1136 homiliam
2922 1082 3018 1154 (T.
3058 1087 3111 1140 ϐ.
3147 1105 3195 1143 c.
3220 1091 3323 1146 247
3359 1094 3377 1163 )
3428 1094 3609 1153 habuit

2026 1162 2324 1219 Antiochia:
2370 1167 2421 1221 in
2478 1186 2665 1240 magna
2712 1175 2935 1229 ecclesia
2980 1191 3102 1231 cunt
3148 1194 3311 1248 pauca
3361 1186 3609 1253 praefatus

2023 1263 2163 1307 esset
2193 1256 2473 1325 episcopus
2516 1257 2816 1327 Flavianus,
2857 1264 2908 1318 in
2950 1265 3077 1320 illud
3123 1268 3409 1340 Evangelii,
3446 1272 3617 1328 Filius

2024 1359 2087 1398 ea:
2130 1346 2295 1417 seipse
2347 1347 2476 1401 nillil
2529 1352 2684 1419 facit,
2724 1354 2819 1407 uisi
2862 1357 2996 1424 quod
3045 1358 3223 1412 viderit
3272 1360 3477 1416 Patrem
3522 1366 3606 1434 [a-

2023 1438 2253 1492 cientem.
2284 1438 2451 1511 llujus
2508 1452 2684 1498 autem
2733 1447 3038 1515 concionis,
3069 1465 3163 1505 seu
3213 1453 3389 1521 potius
3436 1455 3611 1512 disce.

2024 1529 2277 1598 ptationis
2326 1530 2489 1605 (nam
2540 1543 2645 1588 tota
2700 1536 2753 1589 in
2798 1553 2993 1607 genere
3033 1542 3279 1611 polemico
3330 1549 3607 1619 versatur)

2023 1618 2235 1673 occasio
2294 1620 2389 1675 fuit
2445 1623 2828 1681 AIIOIIKBOI‘UIII
2882 1630 3122 1699 quit-dam
3182 1633 3430 1703 objectio.
3475 1618 3606 1693 Cum

2021 1708 2164 1763 enim
2222 1709 2635 1782 Chrysostomns
2687 1716 2739 1770 in
2795 1719 3117 1786 praecedenti
3180 1725 3442 1781 concione
3509 1727 3609 1783 hoc

2021 1797 2166 1854 dicto
2208 1801 2515 1872 evangelico
2559 1803 2611 1857 in
2660 1806 2894 1860 medium
2943 1809 3207 1877 adducto,
3259 1811 3419 1868 Pater
3470 1833 3609 1870 meus

2021 1906 2176 1962 usque
2215 1893 2367 1947 modo
2401 1908 2659 1965 operatur,
2696 1907 2744 1951 et
2784 1917 2873 1969 ego
2903 1918 3102 1973 operor,
3140 1906 3463 1962 ostendisset
3491 1909 3608 1965 Filii

2020 1996 2141 2035 cum
2171 1980 2332 2039 Patre
2354 1987 2732 2055 tequalitatem,
2758 2006 2916 2058 quam
2942 1993 3123 2059 etiam,
3156 1994 3347 2065 inquit,
3376 1997 3611 2055 declamt

2021 2076 2345 2147 evzuigelisla
2377 2077 2460 2131 his
2482 2079 2675 2147 verbis,
2706 2080 2981 2152 Propterea
3004 2086 3165 2156 magis
3189 2092 3610 2159 persequebantur

2020 2181 2151 2232 eum,
2185 2183 2289 2220 non
2313 2167 2478 2222 solum
2504 2171 2623 2241 quia
2648 2172 2867 2227 solvebat
2890 2175 3151 2230 sabbatum
3169 2220 3183 2242 ,
3213 2179 3304 2233 sed
3328 2189 3373 2233 et
3406 2180 3608 2239 Patrem

2019 2272 2170 2310 suum
2208 2258 2401 2312 dicebat
2429 2258 2629 2327 Deum,
2669 2265 2916 2330 mqualem
2940 2284 2993 2321 se
3017 2267 3221 2337 faciens
3240 2269 3383 2338 Deo;
3411 2274 3478 2327 ita
3507 2291 3603 2330 ser-

2019 2362 2232 2402 tnonem
2258 2349 2473 2404 clausit.
2518 2351 2765 2409 lhcretiei
2803 2366 2980 2411 autem
3025 2361 3271 2415 Auommi
3303 2361 3429 2418 huic
3458 2380 3601 2435 argu-

2020 2447 2202 2491 tnento
2226 2454 2291 2492 ex
2321 2439 2528 2495 Joanne
2554 2444 3206 2517 evangelista.dcsumpto,
3226 2443 3396 2505 alium
3440 2468 3599 2522 Oppu-

2018 2546 2175 2584 suere
2217 2529 2441 2587 Joannis
2480 2533 2687 2600 locum,
2736 2554 2935 2606 nempe
2971 2539 3097 2593 illud
3138 2540 3360 2596 Joannis
3406 2544 3471 2611 5,
3505 2547 3601 2602 l9;

2020 2618 2356 2692 A'iltilpotest
2379 2625 2547 2693 facere
2588 2625 2795 2693 Filius,
2825 2632 2921 2683 nisi
2966 2632 3139 2685 viderit
3166 2631 3377 2689 Patrem
3420 2637 3604 2707 facien-

2016 2719 2134 2765 tem.
2163 2712 2402 2787 Cumque
2432 2717 2549 2770 talis
2570 2728 2713 2774 esset
2738 2719 2968 2789 obiectio
2992 2738 3110 2791 qua:
3138 2735 3316 2791 posset
3340 2727 3609 2783 auditores

2018 2806 2235 2862 turbare
2263 2820 2422 2879 atque
2447 2811 2772 2881 percellere,
2814 2829 2948 2882 opus
2972 2821 3088 2868 erat
3130 2813 3291 2871 hasce
3317 2820 3609 2874 Auomaao-

2015 2912 2133 2952 rum
2165 2900 2399 2969 argutias
2436 2902 2730 2957 confutare.
2768 2904 3125 2969 Quamobrem
3168 2905 3454 2963 Flavianus
3488 2912 3609 2981 epi-

2015 3004 2209 3058 scopus
2234 3006 2399 3059 pauca
2425 2994 2703 3061 pta-fatus,
2748 3008 2872 3048 cum
2897 2995 3059 3050 sciret
3083 2997 3334 3067 p0pu|um
3358 3000 3606 3057 audiendi

2015 3096 2079 3133 ea
2119 3081 2186 3134 de
2218 3097 2275 3135 re
2305 3080 2671 3155 Chrycostomi
2702 3086 2953 3155 cupidum
2999 3103 3120 3141 esse
3143 3130 3157 3154 ,
3197 3090 3306 3144 cito
3350 3093 3508 3147 linem
3536 3093 3606 3147 di-

2013 3168 2166 3223 cendi
2197 3169 2341 3235 fecit,
2369 3181 2423 3226 et
2450 3171 2833 3243 Chrysostomo
2858 3174 3142 3230 barreticos
3169 3180 3477 3235 confutaudi
3507 3197 3605 3237 cu-

2013 3276 2125 3315 ram
2154 3261 2495 3318 demandavit
2520 3282 2534 3319 :
2563 3273 2791 3320 noverat
2827 3267 2969 3321 enim
2999 3269 3267 3325 neminem
3311 3288 3467 3343 posse
3498 3285 3603 3331 tam

2015 3353 2224 3409 fortiter
2248 3354 2505 3427 lneifugas
2532 3355 2652 3411 illos
2679 3357 2993 3430 proﬂigare,
3030 3377 3188 3431 quam
3214 3363 3450 3420 Joamtes
3480 3367 3566 3423 hic
3585 3410 3602 3433 ,

2010 3445 2163 3516 cujus
2188 3446 2569 3518 e10qucntiam,
2591 3464 2815 3505 acumen
2840 3452 3053 3522 ingenii,
3081 3464 3241 3525 atque
3264 3455 3600 3527 dialecticam,

2010 3540 2217 3607 experti
2263 3554 2411 3610 Saepe
2452 3539 2681 3595 fuerant.
2731 3540 3151 3614 Chrysostomus
3190 3562 3349 3614 veno,
3395 3558 3453 3603 ut
3488 3562 3603 3606 erat

2013 3631 2340 3698 moderatus,
2366 3632 2517 3688 initio
2545 3634 2789 3704 queritur
2810 3636 2908 3691 sibi
2936 3635 3171 3691 delatum
3203 3655 3395 3694 munus
3425 3657 3544 3697 esse
3568 3659 3599 3697 a

2009 3720 2231 3778 doctore
2257 3737 2386 3786 suo,
2425 3725 2515 3794 qui
2552 3740 2676 3780 vere
2714 3723 2833 3780 fons
2868 3726 3126 3782 doctrina:
3161 3739 3331 3796 esset,
3363 3740 3417 3786 et
3457 3732 3601 3787 hanc

2009 3813 2337 3882 provinciam
2366 3816 2532 3885 probe
2570 3817 2844 3886 suscipere
2873 3828 3089 3887 posset:
3125 3820 3319 3877 deinde
3356 3838 3485 3878 vero
3514 3841 3599 3879 ar-

2006 3915 2316 3974 gumentum
2343 3908 2769 3964 adversariorum
2799 3919 2904 3964 tam
2944 3914 3107 3980 probe
3131 3912 3383 3983 depellit,
3414 3927 3471 3971 ut
3504 3935 3598 3973 ue-

2007 3998 2147 4051 scias
2170 4008 2342 4054 utrum
2370 4002 2538 4071 magis
2558 4001 2789 4068 mireris,
2812 4003 3194 4073 eloquentiam,
3216 4022 3285 4060 an
3307 4007 3598 4064 dialectica:

2007 4093 2135 4146 vim.
2182 4092 2307 4146 Haec
2334 4108 2463 4147 vero
2490 4094 2680 4161 concio
2724 4094 2905 4150 multis
2945 4097 3100 4151 anuis
3141 4107 3262 4165 post
3306 4104 3596 4157 conciones

2007 4182 2124 4237 illas
2163 4183 2296 4237 alias
2334 4193 2519 4236 contra
2558 4185 2854 4238 Auommos
2890 4188 3085 4241 emissa
3118 4188 3349 4255 videtur,
3376 4206 3500 4246 cum
3530 4210 3595 4247 ex

2004 4273 2222 4326 assiduo
2238 4272 2589 4328 conciouandi
2611 4273 2787 4328 officio
2811 4290 3057 4346 maguum
3074 4277 3172 4331 sibi
3191 4280 3488 4335 Antiochiae
3506 4298 3596 4336 ttu-

2006 4379 2126 4417 mcn
2160 4364 2453 4433 peperisset
2481 4364 2913 4436 Chrysostomus.
2941 4366 3068 4422 Hwe
3105 4368 3318 4424 homilia
3351 4380 3409 4426 ut
3429 4382 3482 4429 et
3511 4390 3601 4431 set.

2004 4462 2229 4525 quentes
2260 4470 2431 4525 nuper
2457 4471 2521 4510 ex
2555 4455 2788 4512 tenebris
2816 4466 2984 4512 eruta:
3012 4458 3242 4513 fuerunt.

2077 4544 2301 4608 Eodem,
2321 4555 2377 4599 ut
2400 4546 2651 4617 putatur(
2679 4543 2741 4600 Τ.
2772 4548 2825 4603 6.
2863 4566 2913 4604 ι’.
2951 4550 3058 4606 257
3084 4546 3125 4622 ),
3150 4551 3361 4606 circiter
3384 4562 3583 4623 tempo-

2004 4651 2062 4689 re
2087 4634 2368 4691 llomiliam
2392 4636 2459 4690 de
2477 4636 2868 4692 Melchisedeco
2884 4637 3083 4692 habuit.
3106 4640 3198 4693 Est
3217 4650 3416 4707 autem,
3446 4645 3582 4714 quod

2005 4735 2213 4795 Spectat
2233 4726 2350 4798 ejus
2387 4736 2591 4798 partem
2639 4742 2747 4781 non
2786 4728 3082 4797 minimam,
3133 4732 3456 4799 praecedenti
3484 4748 3584 4788 non

2003 4817 2297 4872 dissimilis.
2322 4816 2468 4871 Licet
2491 4819 2633 4872 enim
2650 4817 2715 4873 de
2745 4817 3158 4887 Melchisedeco,
3187 4832 3243 4874 ut
3272 4820 3375 4875 fert
3397 4822 3588 4877 inscri-

2004 4906 2135 4977 ptio,
2162 4917 2367 4978 agatur,
2400 4922 2504 4962 non
2527 4910 2743 4965 minima
2772 4917 2947 4964 tamen
2996 4926 3116 4980 pars
3160 4912 3435 4967 concionis
3458 4929 3589 4969 eou-

2005 5007 2086 5053 tra
2112 5000 2403 5052 Anomteos
2422 5008 2525 5053 est.
2553 4999 2751 5053 Deinde
2776 5013 2904 5054 vero
2926 5010 3109 5056 contra
3136 5001 3590 5061 Melcliisedecitas

2002 5089 2325 5159 disputatur,
2352 5089 2442 5159 qui
2488 5089 2739 5147 dicebant
2783 5089 3227 5149 Melchisedecum
3264 5110 3386 5151 esse
3429 5095 3587 5151 Chri-

2003 5191 2086 5237 sto
2112 5180 2240 5236 Filio
2253 5182 3296 5254 majoremzalil‘putabantesseSpiritum
3324 5196 3592 5256 sanctum,

2001 5285 2061 5328 ut
2102 5274 2258 5328 ducet
2288 5274 2446 5328 etiam
2475 5274 2801 5344 Epiphanius
2848 5274 3037 5332 limresi
3065 5275 3161 5348 46,
3200 5278 3269 5329 al.
3303 5277 3393 5331 55.
3424 5277 3500 5333 Ex
3523 5277 3593 5335 ii!

2001 5384 2119 5438 qua:
2159 5374 2342 5423 cont-ra
2396 5370 2686 5425 Auouitnos
2721 5368 2988 5436 dicuntur,
3032 5369 3335 5438 conjectura
3376 5370 3587 5428 ducitur

2002 5460 2232 5512 habitam
2253 5458 2392 5513 illam
2425 5456 2587 5513 fuisse
2610 5460 2923 5512 Antiochiar.

2076 5551 2299 5606 liomtlia
2323 5551 2375 5605 in
2395 5550 2522 5605 illud
2552 5551 2778 5619 apostoli
2810 5549 2896 5622 (Τ.
2925 5552 2975 5604 6.
3012 5564 3057 5602 c.
3104 5550 3258 5623 27!),
3287 5551 3397 5607 ΙΙοε
3423 5566 3587 5610 autem

1924 5648 1931 5653 ’
2001 5643 2194 5707 scitote,
2223 5643 2356 5713 quod
2380 5642 2429 5694 iu
2454 5641 2733 5695 novissimis
2789 5641 2959 5694 diebus
2985 5653 3127 5696 erant
3151 5656 3373 5715 tempora
3393 5665 3587 5717 gravia,

2001 5752 2045 5793 δέ
2063 5752 2148 5793 me
2170 5737 2220 5792 in
2257 5736 2505 5791 Vaticana
2536 5729 2857 5789 Bibliotheca
2902 5735 3185 5807 exscripta.
3219 5737 3274 5792 lu
3310 5754 3370 5795 ea
3404 5755 3585 5797 uiiirct
