3948 6468
398 361 499 418 159

390 475 536 538 styli,
587 468 838 527 dictionis
888 461 1315 532 inventionisque
1359 468 1500 515 nota:
1550 468 1894 527 concurrunt,
1914 466 1974 515 ut

389 536 939 635 cattrCltrysostomo
984 554 1370 611 adscribamns.
1417 552 1590 623 ipsam
1623 552 1805 608 habuit
1854 567 1976 608 cum

390 656 682 730 permultos
705 653 820 707 dies
841 651 1036 705 absens
1055 647 1470 716 infirmitateqtte
1494 645 1745 701 detentus
1768 646 1972 709 fuisset,

393 768 458 809 ac
479 766 588 821 pra:
625 760 807 802 amore
832 742 1038 821 populi,
1068 740 1241 795 adhuc
1262 738 1597 793 manentibus
1651 736 1821 792 morbi
1849 737 1977 791 reli-

387 843 526 917 quiis
548 838 614 894 ad
653 835 935 893 ecclesiam
974 830 1384 886 concionaturus
1436 827 1721 882 advolavit.
1756 826 1810 880 ΙιΙ
1835 825 1977 896 quod

387 916 503 1006 ipse
527 931 700 997 initio,
729 927 1066 994 maximeque
1086 922 1141 977 in
1172 921 1279 976 fine
1304 919 1537 975 humilia:
1557 918 1706 974 dicit.
1723 916 1860 974 Cum
1882 933 1980 971 au-

386 1035 493 1081 tem
523 1038 667 1092 smpe
693 1018 895 1075 morbis
939 1014 1173 1076 aﬂiirtus
1228 1012 1400 1075 fuerit,
1434 1027 1538 1066 non
1589 1011 1659 1065 ita
1691 1010 1846 1065 facile
1871 1017 1975 1072 est,

387 1117 441 1171 in
475 1112 620 1186 quod
660 1121 870 1180 tempus
901 1107 1016 1162 haec
1064 1103 1319 1167 incidant,
1348 1099 1755 1174 deprehendere
1784 1118 1798 1155 :
1830 1101 1979 1155 initio

395 1223 565 1264 mtuet:
591 1204 818 1263 suadere
839 1201 1045 1258 videtur
1067 1198 1206 1255 hanc
1250 1198 1522 1254 homiliam
1576 1195 1870 1252 Antiochia:
1896 1194 1979 1250 tli-

385 1310 525 1355 ctam
552 1296 734 1354 fuisse.

461 1387 706 1445 llomilite
743 1383 1028 1455 nonaginta
1058 1379 1148 1455 (1'.
1176 1381 1209 1437 7
1233 1380 1320 1453 )in
1347 1378 1651 1434 Matthtcum
1682 1376 1979 1435 Antiochia:

386 1482 580 1537 habita:
607 1478 839 1544 fuerunt,
859 1488 912 1532 et
934 1475 1160 1531 Tomum
1191 1473 1477 1544 septimum
1506 1481 1672 1526 totum
1689 1478 1975 1541 occupant.

386 1573 570 1635 Murali
597 1572 977 1642 cujuscumque
1024 1566 1238 1637 generis
1283 1565 1562 1635 disciplina
1602 1563 1831 1630 refertre,
1860 1563 1979 1618 uni-

385 1682 592 1728 versam
627 1663 943 1722 Christiame
990 1659 1111 1714 vita:
1140 1668 1194 1712 et
1242 1656 1466 1711 instituti
1495 1670 1757 1711 summam
1788 1669 1895 1724 pra:
1919 1668 1978 1709 se

387 1759 583 1818 ferunt.
608 1756 701 1813 llic
728 1768 913 1809 omnes
931 1750 1143 1805 virtutis
1169 1747 1427 1803 adeunda:
1452 1755 1507 1803 et
1525 1746 1836 1803 exercenda:
1864 1760 1978 1801 mo-

385 1853 461 1915 di,
486 1849 745 1911 universa:
770 1841 999 1916 htgiendi
1044 1841 1156 1897 vitii
1202 1839 1438 1895 rationes
1479 1837 1772 1893 afferuntur
1794 1845 1851 1893 et
1884 1850 1979 1892 ex-

389 1942 672 2013 planantur
696 1953 711 1997 :
736 1948 835 1990 nec
874 1931 1163 2004 quidquam
1213 1929 1635 2000 pra-termittitur
1675 1926 1820 1999 quod
1853 1940 1981 1998 pos-

385 2032 455 2087 sit
474 2036 563 2089 aut
586 2028 653 2087 ad
678 2034 916 2080 sanctam
937 2031 1030 2077 aut
1056 2021 1124 2076 ad
1171 2020 1468 2089 improbam
1499 2018 1659 2073 vitam
1688 2017 1975 2089 pertinere,

388 2136 444 2180 ut
472 2125 638 2181 altera
667 2118 792 2179 totis
812 2116 1013 2176 viribus
1033 2113 1346 2170 declinetur.
1367 2110 1556 2167 Nullus
1576 2111 1630 2166 in
1656 2110 1787 2166 urbe
1817 2110 1975 2166 Chri-

385 2216 562 2271 stiano
588 2211 721 2267 liber
739 2217 821 2265 est
846 2216 924 2265 tot
943 2214 1194 2281 tantaque
1232 2202 1474 2259 referens
1501 2201 1817 2259 Christiana:
1841 2201 1981 2257 ethi-

385 2323 478 2364 ces
506 2312 769 2378 praecepta
803 2319 818 2357 :
843 2313 1106 2370 nusquam
1147 2297 1561 2376 Cbrysostomus
1587 2304 1727 2350 tanta
1748 2309 1875 2351 usus
1894 2303 1979 2350 est

386 2399 716 2464 inventione,
740 2392 1014 2459 facundia,
1040 2391 1330 2462 sagacitate
1381 2389 1448 2444 ad
1475 2404 1652 2444 mores
1681 2387 1977 2444 informan-

387 2491 508 2556 dus,
539 2484 864 2544 eliminanda
886 2483 1034 2548 vitia,
1056 2481 1385 2538 Christianas
1414 2480 1637 2542 familias
1662 2488 1804 2538 recte
1824 2494 1975 2535 com—

383 2578 678 2650 ponendas.
706 2577 1039 2646 Quapmpter
1067 2572 1188 2643 jure
1215 2570 1423 2627 dicebat
1471 2569 1529 2627 S.
1552 2570 1785 2627 Thomas
1811 2571 1977 2642 Aqui-

383 2685 501 2739 nas,
555 2667 816 2731 referente
870 2663 1078 2732 Papirio
1117 2662 1364 2717 Massonu
1406 2662 1496 2717 lib.
1544 2660 1675 2717 6de
1723 2661 1976 2721 llmnauis

379 2758 746 2819 Pontifieibus,
777 2756 829 2809 in
858 2753 1067 2810 Joanne
1088 2752 1228 2822 Papa
1254 2751 1398 2815 XXI,
1430 2751 1588 2806 malle
1616 2765 1676 2805 se
1704 2751 1777 2804 nti
1806 2748 1976 2822 Chry-

380 2851 600 2914 sostomi
631 2849 783 2904 libris
808 2847 862 2900 in
907 2844 1238 2907 Matth-amnt,
1269 2859 1429 2914 quam
1463 2842 1738 2914 possidere
1768 2842 1974 2913 fruique

380 2943 587 3005 Lutetia
618 2940 967 2999 Parisiorum.

451 3033 565 3095 Non
592 3030 1022 3090 concinnatur-em
1063 3025 1243 3089 modo,
1275 3025 1367 3081 sed
1412 3024 1574 3080 etiam
1622 3025 1964 3093 interpretem

381 3128 492 3198 agit
542 3124 974 3195 Cltrysostumus.
1053 3119 1232 3176 Sicubi
1286 3119 1428 3174 enim
1475 3119 1642 3173 swies
1687 3120 1969 3174 verborum

382 3215 676 3295 Evangelii,
709 3212 864 3284 quam
896 3209 1255 3283 explanationi
1284 3225 1397 3266 sua:
1444 3210 1769 3278 prmmittere
1809 3210 1965 3275 solet,

377 3311 607 3389 aliquam
625 3307 823 3365 habere
850 3304 1057 3369 videtur
1082 3303 1457 3362 difficultatem
1482 3302 1623 3358 circa
1662 3311 1869 3373 tempus
1885 3302 1968 3357 vel

377 3401 711 3459 occasionem
745 3413 919 3453 rerum
943 3406 1209 3467 gestarum
1239 3404 1331 3451 aut
1357 3395 1497 3450 circa
1514 3395 1964 3469 evangeliStarum

376 3493 561 3555 eadem
592 3493 704 3561 ipsa
755 3488 1104 3553 narrantium,
1146 3485 1356 3543 dicendi
1408 3486 1740 3551 varietatem,
1784 3502 1844 3542 ea
1878 3487 1969 3543 ille

378 3585 555 3639 omnia
578 3582 840 3653 sagaciter
880 3589 1133 3636 excutere
1162 3579 1296 3637 solet
1327 3595 1340 3632 :
1375 3586 1672 3651 temporum
1700 3580 1961 3635 rationem

374 3682 624 3737 observat
649 3687 702 3730 et
726 3674 990 3743 explorat,
1020 3672 1357 3728 occasionem
1379 3671 1465 3727 vel
1479 3670 1604 3727 editi
1620 3672 1754 3742 signi
1781 3680 1836 3727 et
1856 3672 1955 3726 mi-

377 3770 560 3834 raculi,
591 3766 674 3822 vel
700 3776 865 3840 gesta:
889 3765 964 3820 rei
986 3764 1271 3834 diligenter
1293 3770 1600 3819 scrutatur:
1627 3762 1961 3818 diversorum

374 3859 669 3923 sententias
710 3858 851 3913 circa
881 3870 968 3911 res
1016 3853 1328 3925 plerumque
1361 3853 1590 3909 obscure
1636 3852 1961 3925 significatas

373 3952 531 4019 affert
556 3960 610 4006 et
638 3948 946 4009 examinat:
978 3946 1021 4000 si
1049 3943 1389 4000 confutamlze
1423 3945 1551 4010 sint,
1571 3943 1622 4000 id
1654 3946 1788 4002 mira
1812 3961 1968 4001 exse-

372 4042 552 4118 quitur
588 4038 905 4099 dexteritate
957 4047 1116 4107 atqne
1171 4036 1365 4107 ingenii
1413 4037 1815 4103 acrimonia;si
1861 4054 1964 4109 qua

372 4150 501 4191 vero
525 4134 663 4189 inter
690 4130 1047 4202 evangelistas
1079 4130 1128 4183 in
1150 4128 1416 4184 narrando
1456 4129 1819 4199 discrepantia
1840 4145 1962 4187 e=se

369 4228 548 4284 statim
571 4225 833 4288 videatur,
861 4223 911 4279 id
938 4222 1026 4279 ille
1058 4237 1151 4292 pro
1186 4221 1324 4276 virili
1351 4222 1553 4277 excutit
1574 4263 1591 4288 ,
1625 4221 1966 4292 ostenditque

373 4318 686 4396 illam,qua:
733 4315 898 4371 verbo
957 4322 1109 4372 tenus
1129 4328 1251 4370 esse
1297 4313 1534 4379 videtur,
1580 4314 1963 4368 dissonantiam

370 4411 570 4467 nullam
599 4426 781 4464 revera
808 4424 947 4465 esse.
982 4407 1117 4462 lline
1143 4414 1321 4460 autem
1349 4406 1537 4463 miram
1569 4405 1662 4461 Dei
1690 4406 1789 4461 hac
1830 4407 1881 4461 itt
1905 4422 1964 4462 re

372 4499 755 4573 providentiam
806 4495 1068 4555 declarari
1126 4494 1442 4551 contendit:
1473 4509 1596 4548 nam
1644 4494 1690 4549 si
1737 4505 1966 4566 quatuor

369 4589 710 4663 evangelista:
755 4602 843 4643 res
869 4585 1083 4642 easdem
1125 4583 1313 4640 eodem
1353 4598 1573 4654 prorsus
1596 4584 1754 4640 modo
1773 4602 1962 4642 recen-

370 4684 621 4746 suissent,
649 4680 703 4742 id
728 4679 797 4735 de
835 4677 1098 4739 industria
1126 4686 1180 4735 et
1201 4677 1447 4732 consulto
1476 4673 1676 4732 factum
1723 4692 1845 4733 esse
1876 4679 1955 4732 vi-

371 4791 492 4831 sum
528 4773 735 4831 fuisset.
767 4772 837 4826 At
864 4785 1004 4825 nunc
1029 4784 1150 4829 cum
1181 4768 1545 4839 evangelistzc,
1573 4784 1678 4825 non
1704 4786 1789 4827 res
1818 4781 1876 4826 ut
1897 4772 1965 4827 ab

374 4868 497 4930 aliis
511 4867 625 4937 jam
668 4864 975 4933 descripto,
1019 4862 1113 4917 sed
1144 4872 1202 4917 ut
1227 4861 1308 4917 vel
1368 4861 1436 4918 ab
1468 4878 1529 4918 se
1555 4866 1682 4919 visa:
1732 4862 1960 4929 fuerant,

371 4959 504 5017 vela
526 4958 631 5019 fide
655 4955 831 5028 dignis
860 4954 1084 5013 testibus
1121 4962 1458 5023 acceperant,
1490 4963 1773 5021 enarrenl;
1802 4953 1964 5010 ﬁdem

369 5051 590 5112 omnino
610 5055 905 5111 merentur.
931 5043 1207 5116 Siquidem
1229 5052 1455 5114 quatuor
1469 5054 1594 5101 sunt
1620 5055 1783 5100 testes
1803 5061 1963 5101 vera-

372 5158 484 5210 ces,
512 5142 605 5215 qui
634 5140 740 5196 sia
793 5137 1060 5219 prioribus
1094 5136 1203 5207 jam
1235 5136 1377 5191 dicta
1431 5135 1694 5193 referrent
1734 5147 1960 5204 tantum,
2022 5198 2029 5205 ν

372 5251 470 5304 pro
499 5248 606 5291 uno
630 5230 841 5289 censeri
865 5228 1146 5287 deberent.

442 5327 741 5385 Antiochia:
786 5335 964 5382 autem
997 5322 1205 5379 habitas
1248 5321 1409 5381 fuisse
1440 5323 1534 5377 bas
1559 5325 1845 5383 conciones
1873 5341 1969 5381 ex-

370 5418 632 5486 ploratum
657 5426 760 5481 est,
789 5426 849 5471 ut
869 5414 1121 5470 diximus.
1167 5412 1242 5468 De
1288 5427 1431 5467 anno
1476 5411 1609 5473 nihil
1664 5414 1961 5481 habemus;

372 5506 424 5561 id
451 5515 626 5566 autem
652 5517 856 5562 certum
884 5519 1006 5561 esse
1061 5503 1294 5569 videtur,
1344 5519 1450 5558 non
1496 5518 1655 5573 posse
1703 5505 1754 5559 itt
1795 5521 1966 5567 annos

370 5596 495 5660 386,
520 5596 645 5660 587,
675 5598 801 5663 ⁵588,
830 5597 1039 5654 referri.

444 5688 628 5758 Neque
652 5686 865 5741 silentio
883 5683 1391 5754 prmtermittendum
1417 5693 1520 5753 cst,
1545 5685 1595 5741 id
1618 5688 1759 5759 quod
1787 5689 1836 5743 in
1867 5689 1969 5747 hoc

368 5778 769 5838 (Lamtttcntario
815 5777 1082 5845 opiuando
1129 5777 1444 5833 testificatur
1496 5777 1514 5849 (
1560 5779 1616 5835 T.
1649 5783 1702 5840 7,
1754 5771 1806 5833 ε’.
1834 5776 1960 5835 294,

1493 346 1551 403 S.
1590 344 1867 403 JOANNIS
1890 343 2365 404 CHRYSOSTOMI
2405 344 2586 414 VlTA,

3582 349 3680 405 ιω

2079 467 2119 523 ι.
2149 464 2220 520 23
2237 479 2287 525 et
2311 468 2476 543 seqq.)
2518 468 2775 523 nimirum
2799 466 2957 522 finem
3006 466 3190 522 mttmli
3215 466 3327 538 jam
3359 466 3669 539 proximum

2078 581 2221 623 esse.
2239 564 2292 621 Id
2316 580 2443 620 vero
2464 562 2661 619 clarius
2675 562 2916 617 enuntiat
2934 562 2985 616 in
3005 562 3245 632 sequenti
3265 560 3674 617 Commentario

2079 660 2130 714 in
2153 658 2438 723 Joannem,
2464 656 2552 712 ubi
2570 658 2703 711 dicit
2725 655 2811 729 (Τ.
2831 656 2883 711 8.
2903 672 2948 709 c.
2975 654 3095 711 198.
3118 656 3155 711 l.
3177 657 3263 726 l7)
3290 672 3302 707 :
3330 656 3392 710 Si
3413 666 3488 710 tot
3503 672 3672 707 anno-

2074 768 2188 804 rum
2209 750 2761 821 quadringentesimum
2778 766 2885 803 esse
2900 749 3055 817 ﬁnem
3076 750 3377 814 dixerimus,
3402 765 3506 802 non
3523 748 3668 801 aber-

2073 840 2665 914 rabimusﬂpiniuenim
2682 845 2974 901 multorum
2987 843 3204 898 Patrum
3217 840 3387 897 fuerat
3405 840 3668 896 mundum

2084 932 2179 973 sex
2206 917 2353 974 mille
2370 917 2525 973 annis
2572 917 2885 973 duraturum
2922 931 3066 984 esse,
3109 929 3167 972 ut
3195 922 3271 973 ait
3298 918 3559 983 fremens,
3589 921 3675 987 qui

2083 1025 2144 1064 se
2170 1008 2223 1064 id
2247 1007 2315 1063 ab
2337 1008 2401 1064 iis
2428 1007 2713 1065 edidicisse
2736 1009 3070 1077 testificatur,
3098 1009 3191 1081 qui
3235 1009 3502 1065 Joannem
3547 1025 3657 1077 apo

2083 1099 2281 1154 stolum
2329 1098 2574 1155 viderant
2603 1115 2619 1155 :
2652 1100 2887 1171 itemque
2924 1099 3240 1172 Cyprianus,
3291 1100 3604 1156 Lactantius
3624 1109 3675 1154 et

2086 1189 2501 1260 llilarius,cujus
2523 1191 2777 1261 postremi
2794 1192 2945 1247 locus
2970 1190 3242 1248 obscurior
3266 1200 3368 1245 cst.
3403 1189 3535 1245 limo
3552 1206 3678 1260 por-

2083 1294 2144 1335 ro
2170 1279 2381 1337 dicebat
2401 1279 2816 1353 Chrysostomus
2839 1289 2961 1337 octo
2993 1282 3206 1338 circiter
3228 1280 3346 1352 plus
3375 1282 3557 1336 minus
3581 1296 3680 1336 an-

2085 1372 2170 1429 nis
2206 1382 2332 1429 ante
2379 1372 2957 1445 quadringentesimum
2989 1387 3019 1428 τι
3049 1373 3265 1429 Christo
3295 1383 3424 1426 noto
3453 1388 3680 1427 annum.

2083 1461 2141 1517 Si
2165 1472 2341 1518 autem
2372 1479 2483 1519 rem
2513 1466 2582 1518 ita
2606 1463 3048 1525 intellexeritille.
3078 1472 3135 1519 ut
3162 1463 3389 1533 putavit,
3413 1478 3560 1517 anno
3588 1463 3679 1517 illo

2083 1554 2608 1627 quadringentesimo
2620 1555 2883 1626 completa
2915 1555 3027 1611 fore
3045 1555 3130 1610 illa
3146 1570 3239 1611 sex
3258 1568 3526 1610 annorum
3552 1555 3674 1609 mil-

2086 1645 2177 1711 lia,
2205 1662 2311 1701 nou
2354 1647 2673 1704 consonabit
2722 1655 2870 1703 certe
2894 1662 3015 1702 cum
3041 1646 3310 1702 communi
3365 1645 3679 1700 Cra-corum

2083 1736 2311 1803 calculo,
2353 1738 2443 1808 qui
2499 1747 2687 1809 putant
2724 1737 2996 1795 Christum
3044 1746 3227 1792 natum
3259 1752 3380 1792 esse
3415 1752 3561 1790 anno
3611 1736 3680 1790 ab

2083 1827 2214 1883 orbe
2241 1829 2460 1885 condito
2484 1829 2646 1886 5508.
2671 1830 2741 1884 At
2775 1830 3042 1885 nescimus
3073 1838 3251 1883 utrum
3293 1844 3411 1882 ωνυ
3445 1827 3679 1900 Chryso-

2083 1919 2241 1974 stomi
2268 1919 2336 1973 ita
2349 1928 2701 1990 supputarent
2722 1918 2919 1983 Gnaei,
2932 1929 2986 1974 et
3010 1918 3206 1991 alioqui
3223 1932 3331 1974 non
3355 1927 3503 1973 tanto
3519 1933 3672 1973 scru-

2085 2010 2212 2081 pulo
2236 2010 2325 2065 ille
2345 2019 2500 2065 notas
2529 2020 2826 2081 temporum
2856 2008 3032 2066 affert.

2157 2102 2414 2158 llomilias
2431 2118 2647 2175 quoque
2695 2105 2749 2158 in
2795 2103 3055 2160 Joannem
3095 2104 3363 2172 octoginta
3404 2113 3527 2160 octo
3576 2120 3675 2159 nn-

2082 2209 2233 2250 mero
2284 2195 2583 2251 Antiochiae
2625 2195 2805 2251 habuit
2828 2193 2931 2268 (Τ.
2960 2196 2992 2251 8
3017 2194 3060 2268 ).
3091 2196 3180 2250 ubi
3226 2211 3422 2250 novum
3455 2210 3674 2267 prersns

2082 2289 2431 2345 concionandi
2485 2291 2669 2357 ritum,
2711 2289 2976 2345 insolitam
3023 2288 3471 2360 deprehendimus
3497 2291 3671 2345 disse-

2082 2381 2233 2438 rendi
2261 2384 2544 2438 rationem.
2569 2382 2783 2455 Stylum
2823 2397 2953 2439 sane
2992 2383 3240 2438 eumdem
3267 2383 3560 2448 cernimus,
3588 2384 3670 2438 di-

2079 2474 2311 2529 ctionem
2345 2487 2562 2543 prorsus
2607 2474 2871 2539 similem;
2899 2474 3256 2545 cumdemque
3282 2475 3463 2530 statim
3517 2490 3671 2545 agno-

2078 2568 2278 2623 scimus
2305 2567 2516 2624 dicendi
2561 2568 2821 2624 artificem
2866 2567 3308 2641 Chrysostomum
3340 2568 3430 2622 :in
3477 2568 3667 2623 ordine

2077 2671 2254 2716 autem
2273 2667 2328 2715 et
2348 2660 2399 2714 in
2417 2660 2712 2730 argumenti
2735 2660 2940 2716 ratione
2956 2674 3145 2731 magna
3168 2674 3289 2716 sese
3308 2659 3464 2715 offert
3478 2659 3664 2715 diver-

2079 2749 2229 2804 sitas.
2262 2750 2315 2803 In
2339 2750 2548 2805 caneris
2574 2764 2805 2821 namque
2834 2750 2885 2803 in
2915 2749 3242 2820 Scripturam
3272 2763 3479 2805 sacram
3506 2747 3668 2805 Com-

2077 2841 2375 2908 mentariis,
2398 2842 2734 2914 maximeque
2753 2843 2803 2897 in
2825 2842 3071 2898 liumiliis
3093 2844 3146 2898 in
3163 2842 3493 2911 Matuta-um,
3515 2853 3662 2913 post-

2076 2948 2234 3004 quam
2256 2933 2588 3004 singulorum
2615 2949 2866 2989 versuum
2890 2933 3097 2990 literam
3145 2935 3468 3004 explanavit,
3500 2950 3661 2989 oeca-

2075 3026 2228 3082 sione
2247 3042 2312 3082 es
2328 3026 2469 3083 serie
2483 3037 2715 3097 sumpta,
2734 3028 2799 3081 ad
2827 3042 3035 3082 morum
3055 3026 3387 3098 disciplinam
3412 3037 3664 3096 spectan-

2077 3118 2148 3173 tia
2176 3118 2341 3174 mttlta
2370 3118 2677 3174 interserit:
2710 3130 2870 3188 atque
2919 3118 2975 3173 in
3027 3117 3134 3175 fine
3184 3118 3549 3189 longissimam
3574 3119 3667 3173 ad-

2074 3210 2431 3269 hortationem
2462 3211 2663 3283 adjicit,
2712 3227 2814 3283 qna
2840 3220 2895 3266 et
2921 3227 3200 3282 procerum
3243 3222 3298 3266 et
3342 3213 3658 3283 populorum

2074 3317 2266 3373 pravos
2288 3317 2464 3358 mores
2517 3302 2826 3370 insectatur,
2858 3312 3018 3373 atque
3048 3302 3115 3357 ad
3158 3303 3406 3358 virtutem
3463 3304 3664 3360 adeun-

2071 3393 2194 3450 dam
2223 3394 2469 3450 stimnlos
2495 3393 2662 3449 addit.
2695 3394 2750 3449 ln
2782 3393 2931 3450 hisce
2978 3404 3154 3451 autem
3187 3395 3239 3450 in
3278 3394 3539 3451 Joannem
3571 3396 3662 3452 bo-

2070 3485 2233 3541 miliis
2254 3486 2360 3540 alio
2386 3484 2738 3541 concionandi
2766 3500 2963 3556 genere
2981 3486 3240 3556 procedit.
3274 3486 3478 3544 Passim
3507 3504 3662 3544 nam-

2071 3593 2174 3648 que
2200 3588 2478 3651 postquam
2505 3576 2741 3648 singulos
2788 3592 2976 3633 versus
3000 3579 3196 3645 attulit,
3229 3578 3453 3650 illosque
3482 3582 3656 3637 maxi-

2071 3683 2157 3724 me
2172 3683 2308 3739 quos
2335 3668 2621 3724 Catholicis
2651 3668 2888 3724 haeretici
2921 3669 3157 3740 obiicere
3185 3671 3470 3737 solebant;
3498 3674 3651 3728 audi-

2072 3770 2215 3817 tores
2239 3775 2365 3815 snos
2406 3761 2667 3818 adversus
2714 3761 2926 3817 illorum
2977 3763 3218 3834 argutias
3245 3772 3300 3819 et
3326 3763 3654 3835 sophismata

2069 3856 2244 3910 munit
2269 3854 2608 3925 roboratque,
2639 3866 2799 3931 atque
2828 3864 2885 3911 ttt
2910 3857 3089 3912 statim
3129 3857 3571 3927 deprehenditur,
3596 3859 3660 3915 iis

2069 3949 2366 4018 quicontra
2420 3946 2602 4005 hostes
2641 3947 2943 4020 hujusmodi
2972 3964 3117 4020 saepe
3167 3966 3359 4007 manus
3407 3952 3658 4009 confere-

2070 4045 2199 4101 bant
2221 4061 2374 4103 arma
2401 4045 2688 4105 ministrat.

2142 4138 2265 4198 llaec
2290 4153 2449 4208 porro
2500 4154 2611 4196 non
2643 4140 2694 4194 in
2743 4137 2992 4193 omnibus
3043 4137 3281 4194 bomiliis
3323 4148 3658 4207 occurrunt;

2069 4228 2162 4284 sed
2187 4230 2239 4283 itt
2272 4228 2337 4283 iis
2368 4239 2593 4294 tantum,
2644 4229 2735 4285 ubi
2787 4245 2854 4286 ea
2890 4229 3111 4285 Joannis
3139 4230 3257 4285 loca
3302 4231 3656 4302 explicantur,

2068 4336 2188 4392 qua:
2216 4320 2300 4376 vel
2319 4320 2386 4374 ad
2425 4321 2780 4393 :rqnalitatem
2808 4321 3524 4393 consubstantialitalemque
3552 4322 3658 4381 Pa-

2071 4414 2165 4469 tris
2189 4422 2242 4470 et
2271 4412 2389 4467 Filii
2414 4412 2737 4484 probandam
2771 4424 2890 4483 apta
2941 4423 3084 4478 sunt,
3136 4414 3220 4468 vel
3247 4430 3365 4484 qua:
3390 4415 3458 4469 ab
3486 4415 3659 4471 hmre-

2070 4503 2188 4559 ticis
2235 4502 2302 4558 ad
2344 4503 2489 4558 illam
2520 4503 2931 4574 impugnandam
2963 4504 3369 4575 usurpabantur.
3401 4504 3502 4561 Ubi
3527 4521 3660 4562 vero

2068 4594 2135 4649 de
2149 4593 2424 4649 divinitate
2443 4604 2602 4665 atque
2623 4593 3170 4651 consubstantialitate
3186 4593 3304 4649 Filii
3324 4612 3428 4649 non
3446 4597 3654 4664 agitur;

2068 4685 2277 4741 literam
2304 4685 2393 4741 ille
2423 4685 2605 4755 paucis
2644 4685 2921 4754 explanat.
2953 4685 3204 4741 Moralem
3233 4702 3445 4756 quoque
3488 4687 3659 4743 disci—

2069 4774 2266 4845 plinam
2284 4775 2424 4830 inter
2437 4774 2856 4830 concionandnm
2880 4776 3051 4830 rarius
3067 4775 3295 4847 attingit,
3309 4777 3659 4832 concionem-

2068 4882 2173 4937 que
2215 4865 2526 4921 brevissima
2568 4865 2940 4921 adhortatione
2996 4867 3182 4921 morali
3234 4868 3433 4922 claudit
3459 4887 3473 4921 :
3504 4868 3575 4922 ita
3606 4877 3662 4924 ut

2071 4959 2153 5014 hu:
2181 4959 2232 5013 in
2260 4957 2518 5015 Joannem
2547 4959 2856 5024 conciones,
2882 4957 3101 5012 dimidia
3125 4959 3239 5013 fere
3265 4960 3346 5014 sui
3377 4970 3529 5030 parte
3555 4961 3658 5015 mi~

2071 5068 2231 5109 nores
2260 5052 2621 5123 utplurimnm
2652 5052 2759 5106 sint
2783 5050 3026 5106 Homiliis
3048 5051 3099 5105 in
3130 5050 3453 5111 Manlianum.

2141 5143 2397 5215 Quodque
2417 5142 2685 5214 singulare
2705 5150 2806 5206 est,
2835 5141 2996 5196 hasce
3017 5142 3068 5198 in
3094 5141 3353 5202 Joannem
3374 5146 3661 5202 conciones

2071 5236 2302 5293 habebat
2344 5234 2782 5307 Chrysostomus,
2809 5248 3021 5295 summo
3061 5250 3217 5293 mane
3244 5243 3300 5289 et
3349 5236 3662 5294 illucescen.

2076 5339 2125 5384 te
2144 5344 2358 5395 aurora,
2390 5338 2446 5383 ut
2471 5328 2789 5384 testificatur
2816 5327 2929 5397 ipse
2957 5326 3173 5385 humilia
3197 5327 3467 5397 trigesima
3494 5330 3661 5398 prima

2079 5418 2795 5481 ε.189..1,5;8ἱυετοωυ1ἱεν
2826 5417 3182 5481 Samaritana,
3225 5417 3417 5486 inquit,
3471 5430 3662 5471 tantum

2072 5509 2277 5567 adhibet
2300 5508 2523 5561 studium
2549 5516 2601 5560 ut
2629 5508 2750 5577 quid
2773 5507 2894 5561 utile
2918 5507 3128 5574 ediscat,
3158 5517 3204 5561 et
3231 5505 3434 5569 Christo
3458 5511 3660 5577 assidet,

2075 5602 2270 5664 etiantsi
2294 5599 2440 5653 illum
2470 5617 2570 5653 non
2591 5609 2785 5667 noscat,
2809 5615 2962 5670 quam
3014 5615 3109 5653 nos
3135 5601 3331 5659 veniam
3383 5619 3651 5672 conseque.

2076 5710 2211 5760 mur,
2238 5693 2325 5762 qui
2344 5692 2521 5762 ipsum
2546 5691 2793 5758 novimus,
2839 5691 2925 5766 qui
2951 5708 3052 5750 non
3077 5680 3217 5746 serus
3242 5703 3470 5763 puteum,
3495 5714 3594 5753 non
3613 5685 3663 5766 tu:

2078 5787 2275 5841 deserto
2302 5793 2513 5852 stamus,
2566 5782 2747 5837 nonin
2798 5782 3024 5852 meridie,
3075 5802 3172 5839 non
3200 5787 3371 5842 adusti
3418 5756 3678 5847 saturata}.
