3948 6484
283 467 370 523 tGl
1447 464 1624 520 NUNC
1665 457 1930 518 PRIMUM
1970 466 2362 523 ADOllNATA.

276 580 453 642 radiis,
485 580 576 634 sed
602 580 696 635 sub
720 594 924 642 aurora,
950 577 1036 632 sub
1069 577 1162 630 hoc
1191 587 1319 631 tecto
1365 579 1543 631 umbra
1568 579 1776 650 frnimut
1814 587 1860 629 et

279 673 490 729 suaviter
513 673 732 742 agimus,
760 687 914 741 neque
942 670 1187 741 patienter
1213 669 1448 722 audimus
1470 669 1750 740 quidpiam.
1776 669 1864 722 sed

279 766 470 819 desidia
515 763 1003 834 torpeumsHlasce
1046 778 1172 816 vero
1210 763 1494 818 conciones
1526 762 1865 817 illucescente

243 856 489 922 taurora,
519 872 638 911 cum
668 854 1000 920 brevissima,
1033 862 1224 923 printer
1244 869 1468 918 morem,
1490 853 1675 906 morali
1701 851 1863 906 disci-

241 953 246 957 ’
275 950 442 1020 plina,
473 947 869 1018 pronuntiabat,
904 962 970 1001 ue
999 947 1221 1000 aliarum
1249 946 1592 1010 concionum,
1614 959 1746 1015 quas
1769 959 1866 1012 per

270 1058 472 1097 annum
501 1041 745 1100 habebat.
775 1049 828 1093 et
847 1055 966 1110 qu:e
1018 1038 1307 1092 moralibus
1355 1036 1634 1108 pra'ceptis
1664 1035 1863 1090 redun-

271 1134 494 1199 dabant,
521 1149 737 1189 cursum
787 1130 1169 1200 interpellaret.
1204 1129 1310 1183 llas
1353 1144 1482 1183 vero
1513 1128 1563 1180 in
1616 1127 1862 1194 Evaugc-

270 1224 399 1279 lium
427 1223 647 1280 Joannis
685 1222 957 1278 breviores
1001 1220 1286 1275 conciones
1316 1219 1379 1273 iis
1415 1229 1618 1274 tantum
1667 1217 1865 1272 dixisse

270 1315 502 1379 videtur,
531 1313 761 1385 quicum
786 1311 1052 1368 haereticis
1072 1318 1468 1366 concertarent.

345 1409 783 1480 Elegantissimas
826 1407 990 1462 etiam
1041 1406 1094 1460 in
1141 1403 1434 1474 Epistolam
1482 1403 1548 1456 ad
1588 1402 1862 1457 Romanos

269 1504 562 1561 conciones
582 1501 881 1556 Antiochia:
908 1499 1094 1554 habuit
1119 1497 1139 1569 (
1165 1495 1226 1550 Τ.
1257 1495 1310 1551 9.
1341 1511 1386 1548 c.
1413 1495 1518 1552 585
1536 1498 1578 1566 ),
1614 1505 1671 1549 ιιι
1701 1494 1861 1564 liqui-

269 1597 341 1653 do
368 1604 580 1652 constat
599 1610 666 1650 ex
697 1594 780 1660 iis,
808 1609 927 1664 quae
956 1592 1009 1646 in
1041 1589 1358 1646 Pratfatione
1377 1588 1622 1643 diximus.
1651 1588 1745 1642 llis
1769 1603 1862 1641 au-

273 1699 377 1743 tem
424 1686 722 1740 accuratius
770 1681 1157 1738 concinnaudis
1205 1695 1422 1750 operam
1481 1678 1628 1734 dedit
1675 1677 1862 1733 doctor

271 1788 475 1843 noster,
508 1777 628 1847 qttia
657 1776 710 1830 in
730 1775 828 1829 hac
847 1773 1069 1844 cpistola
1092 1773 1284 1827 Paulus
1299 1772 1524 1826 obscitra
1539 1771 1861 1824 humanum-

269 1885 372 1938 que
399 1867 732 1923 ratiocinium
762 1864 1131 1934 exsuperantia
1151 1863 1314 1917 multa
1337 1861 1712 1924 admiscuerat,
1742 1876 1862 1930 quae

270 1961 550 2031 ingenioso
579 1973 645 2014 ac
668 1967 886 2013 strenuo
913 1957 1205 2026 interprete
1231 1970 1366 2024 opus
1414 1954 1632 2008 habent.
1681 1953 1863 2022 Expli-

267 2051 455 2106 eaudis
477 2049 686 2104 arcanis
718 2048 822 2106 illis
852 2047 1142 2120 mysteriis,
1165 2061 1283 2116 quae
1311 2045 1512 2117 passim
1553 2045 1604 2098 in
1627 2045 1724 2100 hac
1745 2045 1862 2115 epi-

267 2148 406 2196 5tola
437 2148 744 2208 occurrunt,
776 2149 974 2194 tantam
994 2138 1231 2195 Joannes
1259 2147 1442 2193 noster
1461 2137 1703 2192 adhibuit
1729 2153 1862 2207 ope-

267 2248 406 2299 ram,
438 2241 495 2287 ut
520 2230 607 2286 vix
636 2247 816 2301 parem
849 2233 900 2285 iu
946 2229 1158 2300 scriptis
1179 2229 1294 2300 ejus
1310 2227 1698 2299 deprehendas.
1726 2228 1861 2284 Cer-

268 2335 318 2378 te
340 2326 508 2380 multa
531 2325 580 2380 in
612 2325 696 2379 illa
719 2324 980 2380 habentur
1004 2323 1146 2379 circa
1174 2323 1394 2393 gratiam
1425 2332 1479 2379 et
1512 2321 1862 2392 pra'dcsdua-

266 2419 493 2485 tionem,
525 2433 643 2488 qua:
674 2417 1115 2488 peritissimorum
1140 2415 1347 2486 ingenia
1375 2425 1683 2478 exerceant,
1714 2431 1862 2486 qua:-

263 2525 374 2579 qne
404 2523 508 2562 non
536 2509 651 2564 sine
679 2509 892 2564 errandi
946 2509 1183 2579 periculo
1233 2507 1447 2562 tractari
1484 2517 1725 2578 possunt,
1757 2509 1862 2564 nisi

265 2618 458 2671 magna
479 2603 653 2656 cautio
677 2601 1011 2657 adhibeatur.
1053 2601 1202 2656 llanc
1229 2600 1545 2656 concionum
1567 2601 1619 2656 iu
1650 2601 1862 2671 Episto-

263 2694 371 2747 lam
402 2693 470 2747 ad
503 2693 774 2748 Romanos
792 2693 1162 2748 collectionem
1216 2693 1392 2763 magni
1456 2692 1580 2748 facit
1633 2693 1863 2750 Isidorus

265 2788 560 2852 Pelusiota,
589 2788 784 2858 aliique
811 2787 950 2842 docti
981 2787 1078 2842 viri
1127 2786 1368 2842 eamdem
1419 2786 1693 2856 proferunt
1735 2801 1861 2842 scn-

263 2883 514 2937 tcntiam.
545 2881 745 2936 Omnes
766 2880 997 2952 denique
1027 2880 1111 2934 hic
1132 2879 1390 2951 grandem
1421 2880 1618 2950 ingenii
1650 2879 1864 2934 subtili-

263 2982 452 3036 tatem,
477 2973 665 3027 orandi
689 2973 792 3026 vim
815 2979 870 3027 et
907 2971 1222 3040 elegantiam
1264 2986 1373 3040 prec
1401 2970 1673 3036 seferunt,
1705 2979 1865 3040 atque

263 3068 503 3122 nativam
526 3066 640 3137 ejus
675 3063 1055 3136 eloquentiam,
1110 3065 1413 3136 stylumque
1454 3065 1666 3119 caneris
1694 3064 1864 3136 Chry-

261 3160 492 3217 sostomi
520 3161 772 3232 cperibus
796 3159 874 3216 sic
897 3158 1136 3226 afﬁnem,
1169 3168 1226 3214 ut
1247 3173 1354 3213 non
1388 3158 1458 3213 sit
1478 3173 1639 3213 ovum
1660 3173 1764 3212 ovo
1788 3157 1863 3212 si-

263 3253 471 3307 utilius.

338 3344 486 3400 Inter
513 3343 948 3414 priestantissima
977 3342 1342 3415 Chrysostomi
1375 3357 1534 3413 cpera
1567 3357 1864 3397 accenseo-

265 3447 355 3493 tur
385 3437 629 3492 Humilia:
651 3437 704 3491 in
735 3436 1028 3506 Epistolam
1074 3446 1354 3504 utramque
1383 3433 1526 3489 Pauli
1557 3433 1624 3488 ad
1671 3431 1864 3487 Corin-

267 3531 414 3586 thios
441 3529 460 3602 (
485 3529 544 3584 T.
578 3529 644 3586 lO
673 3529 714 3600 ),
741 3545 803 3584 ac
828 3545 946 3582 cum
979 3527 1163 3598 primis
1210 3525 1470 3597 elegantia
1501 3533 1556 3580 et
1610 3526 1866 3595 gravitate

264 3631 585 3677 concertare
613 3629 833 3690 possunt
862 3635 878 3685 ;
905 3619 1132 3674 maxime
1148 3633 1276 3673 vero
1295 3617 1534 3671 Hotnilia:
1564 3617 1616 3669 in
1641 3617 1864 3685 primam

269 3713 587 3784 Epistolam,
615 3727 749 3782 quas
795 3711 1039 3766 ilomiliis
1070 3710 1136 3764 ad
1164 3709 1455 3765 secundam
1504 3711 1651 3764 mttlti
1681 3718 1867 3780 putant

265 3823 394 3862 esse
419 3805 816 3869 anteferendus,
849 3805 894 3860 si
925 3815 1104 3875 tropos
1122 3813 1175 3860 et
1211 3803 1608 3858 accurationem
1653 3811 1865 3871 Specta-

268 3899 436 3952 veris.
468 3895 526 3952 ιη
550 3897 817 3967 prioribus
851 3912 1084 3967 namque
1111 3895 1396 3967 diligenter
1435 3894 1612 3950 omnia
1639 3894 1866 3949 fusiore-

263 4007 378 4064 que
407 3993 547 4063 stylo
588 3992 942 4062 persequitur,
969 3990 1274 4060 salibusque
1324 3987 1632 4059 frequenter
1679 3987 1864 4054 utitur,

264 4103 330 4141 ac
358 4083 645 4140 ntiuutiora
667 4099 889 4154 quasque
916 4081 1132 4137 discutit
1155 4096 1170 4144 ;
1203 4096 1461 4150 nusquam
1488 4088 1635 4135 certe
1659 4078 1868 4149 majore

264 4176 448 4232 studio
471 4174 774 4231 elaboratas
811 4173 1100 4228 conciones
1147 4167 1558 4240 deprehendas;
1597 4185 1701 4239 qua
1730 4169 1782 4223 in
1805 4185 1866 4224 re

267 4271 501 4325 fortasse
521 4270 736 4340 quidam
770 4267 1009 4323 hodierni
1032 4267 1261 4322 lectores
1289 4265 1589 4321 redundare
1619 4265 1786 4327 illum,
1811 4274 1867 4321 et

267 4365 412 4418 ultra
441 4373 609 4417 metas
655 4375 1053 4431 nonnumquam
1101 4358 1346 4430 progredi
1387 4357 1860 4413 dixerint.Verum

265 4456 385 4522 ille,
407 4456 546 4524 quod
575 4456 896 4526 praecipuum
943 4461 1029 4510 est
1067 4452 1294 4507 oratoris
1323 4467 1535 4516 munus,
1563 4451 1864 4507 auditorum

265 4548 546 4618 ingenium
575 4558 629 4601 et
657 4556 868 4616 captum
900 4557 1004 4600 tam
1027 4545 1254 4600 solerter
1283 4543 1672 4613 exploraverat,
1709 4552 1766 4597 ut
1789 4542 1868 4596 si-

265 4639 317 4694 bi
344 4655 534 4694 eorum
555 4639 763 4694 animos
779 4638 1106 4704 conciliaret,
1124 4646 1330 4708 gratam
1351 4635 1626 4691 concionis
1648 4636 1867 4690 admur-

267 4730 630 4784 murationem
661 4729 984 4800 plaususque
1015 4730 1340 4799 frequentes,
1374 4738 1432 4783 ut
1460 4729 1511 4782 in
1561 4729 1865 4784 orationum

267 4824 506 4876 decursu
528 4821 726 4876 videas.
756 4821 836 4875 Ad
861 4821 976 4875 haec
1002 4837 1130 4875 vero
1173 4822 1226 4875 in
1273 4820 1516 4876 llomiliis
1545 4820 1610 4874 ad
1640 4821 1865 4889 primam

268 4913 567 4986 Epistulam
598 4914 824 4984 plurima
851 4923 1178 4978 occurrunt;
1210 4930 1397 4983 pugna:
1427 4929 1616 4982 nempe
1649 4921 1703 4968 et
1733 4911 1867 4967 veli-

267 5007 504 5063 tationes
555 5007 862 5078 frequentes
907 5015 1094 5061 contra
1149 5005 1498 5076 philosophos
1553 5013 1768 5059 exteros
1814 5013 1870 5058 et

266 5099 528 5153 falsorum
548 5099 768 5155 deorum
798 5099 1052 5164 cultores,
1111 5107 1168 5154 et
1191 5107 1377 5152 contra
1428 5096 1708 5152 lurrelicos
1735 5111 1868 5150 non-

267 5191 450 5247 nullos
472 5207 488 5258 ;
512 5207 578 5246 ac
609 5192 895 5263 singularia
936 5192 1178 5264 quaedam
1206 5190 1273 5246 ad
1301 5193 1433 5246 istus
1461 5189 1562 5245 aevi
1589 5204 1790 5244 morem
1813 5199 1868 5244 et

268 5299 428 5337 nsum
463 5284 804 5353 pertinentia,
833 5283 1043 5354 aliaque
1080 5284 1148 5339 de
1172 5283 1364 5353 quibus
1404 5283 1458 5337 in
1521 5281 1723 5337 Monito
1744 5297 1866 5337 car-

270 5376 401 5443 ptim
433 5376 628 5446 agitur,
674 5391 867 5446 nempe
911 5377 1059 5434 circa,
1083 5375 1426 5446 philosOphos
1453 5385 1690 5443 exteros,
1721 5375 1864 5429 circa

271 5468 573 5533 haereticos,
627 5466 952 5522 Manichaeos
971 5477 1026 5522 et
1076 5468 1464 5533 Marcionistas,
1494 5475 1680 5523 contra
1704 5465 1864 5522 Clu-iv

268 5559 564 5612 stianorum
591 5559 1044 5615 Antiochenorum
1071 5574 1269 5615 mores.

347 5649 603 5706 llomilias
653 5652 706 5706 in
757 5652 1046 5709 secundam
1094 5655 1162 5710 ad
1213 5655 1519 5712 Corinthios
1571 5657 1862 5725 Epistulam

273 5743 360 5811 (Τ.
385 5747 474 5799 lt).
497 5765 545 5799 ι’.
577 5745 706 5809 582)
736 5761 840 5800 non
882 5750 994 5816 pari
1036 5750 1295 5814 elegantia
1325 5759 1484 5820 atque
1516 5749 1753 5819 priores,
1796 5759 1865 5806 de

272 5836 465 5906 quibus
492 5838 594 5906 iam
628 5846 804 5892 actum
828 5847 931 5905 est,
954 5839 1178 5906 scriptas
1205 5841 1368 5895 fuisse
1393 5842 1605 5910 quidam
1635 5857 1858 5911 opinan-

279 5941 380 5985 tur.
409 5930 657 5988 Bt'cviore
680 5931 860 6003 utique
881 5933 1017 6004 stle
1042 5933 1121 5987 ha-
1145 5934 1466 6004 posteriores
1491 5937 1859 6007 explanantur.

3458 477 3561 532 162

1979 582 2034 634 ΕΙ
2068 582 2184 651 quia
2215 582 2627 656 Chrysostomus
2657 591 2706 638 lu
2737 588 2905 653 priore
2932 589 3162 656 Epistula
3193 590 3412 645 Paulum
3436 607 3564 662 apo-

1971 677 2164 727 stolum
2210 685 2489 744 sequutus,
2541 679 2629 748 qui
2667 677 2998 733 Christianos
3048 683 3185 737 illos.
3233 678 3285 736 in
3333 683 3561 738 ecclesia

1974 766 2229 821 tumultus
2257 775 2312 822 et
2337 767 2554 822 dissidia
2586 780 2860 825 moventes
2880 810 2898 832 ν
2926 770 3292 828 vehementius
3331 773 3560 828 insccta-

1971 859 2146 925 batur,
2180 876 2300 914 cum
2349 863 2638 917 acrimonia
2685 863 2886 934 majore
2926 875 3084 918 etlam
3130 866 3244 935 ipse
3289 867 3558 937 loquitur;

1973 949 2024 1004 in
2057 952 2287 1005 secunda
2319 962 2496 1006 autem
2540 971 2659 1008 cum
2707 956 2952 1025 apostolo
2997 957 3230 1026 pacatius
3272 960 3416 1030 agit,
3463 974 3562 1016 nec

1972 1042 2138 1111 tropis
2168 1053 2273 1097 tam
2303 1044 2669 1114 frequentibus
2695 1048 2858 1100 utitur
2885 1065 2899 1102 :
2931 1062 3029 1102 nec
3056 1063 3235 1118 parctn
3263 1059 3406 1105 certe
3431 1064 3560 1121 ope-

1970 1149 2085 1188 ram
2114 1135 2163 1188 in
2194 1137 2453 1192 ambabus
2479 1137 2785 1192 adhibuisse
2810 1137 3036 1194 videtur.

2046 1231 2106 1287 Ut
2142 1232 2192 1286 in
2223 1233 2486 1302 prioribus
2530 1233 2794 1300 homiliis,
2827 1234 2878 1288 in
2911 1234 3059 1289 hisce
3094 1234 3253 1288 etiam
3279 1235 3558 1290 Marcioni-

1968 1332 2078 1379 stas
2123 1324 2374 1395 exagitat,
2419 1325 2508 1395 qui
2555 1323 2804 1379 dicebant
2845 1339 3023 1379 rerum
3067 1323 3313 1394 opificem
3360 1323 3556 1394 justum

1968 1432 2128 1486 esse,
2153 1417 2249 1473 sed
2295 1434 2401 1472 non
2443 1418 2679 1483 bonum;
2725 1417 3049 1473 Manichmos
3078 1418 3202 1472 item
3245 1418 3552 1480 insectatur,

1967 1508 2057 1579 qui
2088 1524 2182 1564 ore
2211 1508 2374 1579 impio
2415 1507 2560 1564 hunc
2605 1523 2784 1565 rerum
2833 1507 3078 1579 opificem
3121 1507 3390 1563 diabolum
3440 1522 3560 1562 esse

1969 1599 2405 1669 pronuntiabant.
2431 1600 2725 1655 [hereticos
2753 1600 2873 1654 illos
2896 1600 3098 1670 aliquot
3128 1601 3178 1652 in
3207 1598 3337 1654 locis
3366 1599 3556 1668 carpit,

1967 1705 2176 1745 necnon
2227 1699 2282 1745 et
2309 1689 2444 1744 alios
2491 1690 2580 1760 qui
2622 1688 2877 1744 dicebant
2920 1689 3178 1744 mundum
3225 1691 3397 1759 ipsmu
3440 1703 3562 1743 esse

1966 1781 2150 1848 deum,
2197 1781 2288 1852 qui
2336 1796 2488 1836 error
2534 1781 2694 1836 etiam
2723 1797 2840 1836 :evo
2878 1792 3070 1838 nostro.
3106 1793 3396 1839 renovatus
3441 1784 3559 1838 fuit.

1965 1873 2084 1927 Alia
2130 1887 2343 1943 quoque
2390 1872 2677 1948 observatu
2723 1871 2882 1942 digna
2935 1873 2987 1927 in
3039 1873 3122 1927 his
3175 1874 3561 1942 posterioribus

1967 1964 2203 2019 homiliis
2249 1975 2560 2020 occurrunt.
2607 1963 2854 2019 Affirmat
2890 1964 2947 2019 S.
2979 1963 3172 2019 doctor
3196 1965 3559 2020 Alexandrum

1965 2073 1996 2111 a
2021 2055 2220 2112 Senatu
2245 2056 2490 2112 Romano
2519 2057 2730 2113 tertium
2755 2056 3021 2111 decimum
3047 2057 3204 2112 deum
3230 2057 3558 2114 declaratum

1967 2149 2151 2216 fuisse,
2184 2150 2236 2204 id
2265 2149 2407 2221 quod
2439 2150 2681 2220 nuspiam
2723 2151 2942 2205 utemini
2981 2165 3067 2206 me
3106 2151 3304 2221 legere.
3345 2150 3561 2207 Tertius

1965 2250 2144 2298 autem
2171 2241 2412 2298 decimus
2436 2241 2575 2298 deus
2600 2242 2773 2298 dictus
2801 2241 2934 2308 fuit,
2973 2242 3096 2314 quia
3121 2242 3400 2299 duodecim
3430 2243 3563 2299 deos

1966 2335 2140 2392 ϐττιιεὶ
2169 2336 2406 2407 itemque
2436 2336 2662 2392 Romani
2689 2335 3061 2404 admittebant,
3093 2335 3176 2393 his
3203 2335 3414 2392 duobus
3442 2351 3560 2392 vcr-

1966 2429 2113 2484 sibus
2141 2428 2560 2500 comprehensos
2592 2445 2608 2485 :

2090 2633 2230 2686 Juno,
2256 2632 2418 2688 vesta,
2441 2627 2672 2686 Minerva,
2691 2632 2856 2686 Ceres,
2885 2627 3047 2686 Diana,
3073 2633 3236 2678 Venus
3251 2663 3265 2689 ,
3292 2635 3438 2689 mars,

2091 2713 2374 2773 Mercurius,
2416 2712 2577 2772 Jovis,
2623 2717 2900 2774 Neptunus,
2939 2710 3206 2774 Vulcanus,
3250 2709 3434 2774 Apollo.

2037 2883 2496 2939 Commentarium
2539 2883 2665 2939 item
2695 2882 2748 2937 in
2777 2880 3072 2952 Epistolam
3101 2881 3167 2935 ad
3197 2880 3414 2937 Galatas
3442 2883 3556 2935 An-

1970 2973 2184 3028 tiochia:
2211 2974 2378 3029 edidit
2405 2972 2502 3047 (Τ.
2528 2973 2616 3030 10.
2655 2986 2700 3028 c.
2727 2973 2903 3044 609),
2935 2980 2998 3029 ut
3040 2973 3093 3028 in
3132 2971 3328 3026 Monito
3360 2971 3556 3026 ibidem

1969 3067 2313 3137 probavimus
2345 3085 2359 3124 :
2387 3068 2475 3123 cui
2505 3067 2817 3123 adornanda
2843 3083 2948 3123 non
2973 3066 3184 3122 solitam
3215 3082 3432 3137 operam
3461 3081 3564 3138 po-

1967 3162 2074 3214 suit
2097 3159 2533 3232 Chrysostomus.
2567 3160 2622 3214 ln
2661 3160 2780 3216 aliis
2819 3161 3014 3232 quippe
3044 3161 3097 3215 in
3125 3159 3332 3216 Novum
3371 3160 3564 3216 Testa-

1968 3261 2210 3306 mentum
2264 3251 2731 3320 explanationibns
2786 3252 2964 3307 omnia
3023 3252 3076 3306 in
3131 3252 3418 3308 conciones
3467 3267 3564 3308 seu

1968 3343 2218 3399 homilias
2243 3341 2411 3398 divisa
2441 3353 2495 3398 et
2521 3342 2801 3398 distributa
2831 3351 2990 3403 sunt;
3020 3343 3088 3397 ita
3119 3351 3175 3397 ut
3201 3343 3390 3397 concio
3415 3359 3556 3414 quav

1970 3436 2100 3490 libet
2123 3435 2295 3490 cthica
2321 3433 2694 3490 adhortatione
2719 3433 3028 3501 claudatur,
3057 3443 3110 3488 et
3159 3433 3379 3488 moralia
3411 3433 3562 3489 istaec

1970 3527 2266 3600 posteriora
2297 3538 2564 3600 praecepta
2608 3543 2853 3599 magnam
2895 3535 2954 3582 ut
2997 3527 3282 3597 plurinmm
3327 3527 3562 3582 homilia:

1970 3631 2173 3690 partem
2220 3619 2668 3690 complectantur.
2710 3618 2767 3674 lu
2811 3619 2914 3675 hoc
2954 3628 3132 3676 autem
3163 3619 3564 3674 Commentario

1968 3715 2146 3769 omnia
2176 3729 2332 3770 secus
2361 3714 2618 3769 adornata
2661 3722 2787 3768 sunt
2813 3729 2828 3766 :
2862 3729 2984 3767 nam
3023 3713 3363 3768 continenter
3386 3712 3561 3784 Chry-

1969 3815 2240 3863 sostomus
2281 3805 2348 3860 ad
2379 3806 2539 3861 linem
2571 3820 2740 3876 usque
2779 3803 3022 3874 epistolas
3045 3818 3230 3860 versus
3253 3818 3442 3858 omnes
3465 3818 3565 3860 ex.

1970 3897 2170 3968 planat.
2189 3895 2404 3952 Moralia
2433 3911 2856 3967 nonnumquam,
2879 3893 3050 3951 sicubi
3076 3893 3289 3950 occasio
3317 3893 3562 3962 offertur,

1969 3990 2264 4056 admiscet;
2315 3989 2412 4047 sed
2452 4005 2559 4046 non
2599 3997 2658 4044 ut
2708 4004 2805 4060 pro
2849 4003 3000 4045 more
3045 3988 3206 4044 solito
3247 3988 3564 4044 concionem

1969 4083 2204 4139 claudat.
2238 4082 2499 4153 Populum
2529 4091 2710 4137 autem
2754 4097 2861 4136 non
2901 4095 3028 4136 raro
3065 4079 3370 4150 alloquitur.
3415 4079 3565 4148 Qua-=

1969 4185 2193 4246 propter
2233 4174 2555 4230 crediderim
2586 4173 2704 4228 hacc
2739 4173 2886 4226 illum
2917 4173 2988 4227 ita
3027 4171 3451 4234 concinnavisse,
3481 4172 3566 4225 vel

1973 4276 2033 4323 ut
2074 4266 2320 4338 praiseuti
2355 4264 2550 4336 populo
2590 4264 2670 4321 sic
2709 4263 2911 4332 legeret
2951 4270 3044 4316 aut
3084 4263 3367 4330 recitaret,
3397 4262 3481 4317 vcl
3509 4272 3570 4317 ut

1973 4359 2146 4415 diviso
2171 4357 2354 4414 multis
2376 4357 2427 4410 in
2457 4355 2694 4428 partibus
2713 4353 3110 4410 Commentario
3130 4351 3352 4422 singulis
3380 4362 3566 4422 postea

1971 4452 2212 4524 partibus
2241 4450 2473 4506 ethicam
2502 4449 2766 4520 epilogum
2795 4447 3067 4518 adjiceret,
3098 4456 3159 4502 ut
3186 4462 3282 4517 pro
3308 4455 3566 4500 consueto

1973 4560 2126 4600 more
2164 4545 2216 4600 in
2250 4543 2498 4598 homilias
2538 4541 2876 4597 distributum
2918 4554 3053 4610 opus
3101 4538 3298 4610 populo
3326 4553 3562 4607 pronoun

1972 4637 2150 4692 tiarct.
2203 4635 2335 4691 Utro
2372 4643 2552 4689 autem
2596 4632 2758 4688 modo
2785 4629 2972 4703 egerit,
3019 4629 3232 4685 nonnisi
3279 4628 3572 4685 divinando

1971 4729 2188 4799 assequi
2213 4743 2517 4800 possumus.

2045 4821 2101 4876 In
2130 4821 2234 4876 hoc
2262 4830 2408 4875 certe
2433 4817 2828 4874 Commentario
2853 4814 3268 4888 Chrysostomus
3298 4816 3454 4885 longe
3479 4830 3563 4869 ac-

1972 4915 2210 4971 curatius
2236 4914 2493 4984 apostolis
2517 4913 2658 4968 dieta
2687 4910 2931 4982 explorat
2958 4918 3016 4965 et
3042 4911 3295 4981 explicat,
3325 4924 3481 4979 quam
3511 4909 3562 4963 io

1975 5010 2155 5065 multis
2182 5008 2300 5063 aliis
2330 5006 2563 5061 homiliis
2603 5015 2659 5061 et
2683 5004 3103 5060 commentariis.
3135 5004 3426 5057 Anomceos
3456 5015 3567 5054 non

1973 5102 2141 5156 semel
2168 5100 2382 5171 egregie
2421 5097 2646 5161 refellit,
2680 5111 2886 5151 necnon
2919 5093 3284 5149 Marcionistas
3309 5100 3365 5146 et
3392 5091 3560 5146 Mani-

1973 5196 2152 5250 cltzcos
2193 5213 2208 5250 :
2253 5201 2438 5250 contra
2484 5193 2848 5247 Antiocltcnos
2891 5190 3088 5244 multos
3135 5187 3430 5250 declamat,
3475 5187 3577 5254 qui-

1974 5288 2226 5344 .ludaieos
2255 5286 2389 5342 ritus
2417 5285 2776 5340 sectabantur.
2811 5283 2961 5338 Alios
2996 5283 3156 5338 etiam
3184 5278 3453 5347 exagitat,
3477 5279 3569 5346 qui

1974 5383 2073 5437 sibi
2100 5382 2274 5436 virilia
2300 5380 2665 5450 amputabant,
2690 5393 2848 5448 quem
2877 5391 3082 5432 morem
3111 5375 3334 5430 innuere
3358 5369 3575 5425 videtur

1973 5493 2007 5532 a
2037 5475 2341 5532 Manichaeis
2371 5475 2636 5529 invectum
2669 5472 2855 5528 fuisse.

2046 5567 2498 5623 loter-selectiora
2527 5565 2762 5621 doctoris
2792 5561 2957 5617 nostri
2990 5559 3074 5631 (Τ.
3106 5561 3193 5624 ll,
3219 5556 3386 5627 initio)
3409 5555 3571 5610 Com-

1975 5660 2231 5717 menta-ria
2247 5661 2454 5716 censeri
2466 5659 2669 5715 debent
2685 5656 2922 5710 llomilia:
2941 5655 2991 5708 in
3013 5652 3244 5723 Epistula
3253 5668 3302 5705 ru
3317 5651 3381 5704 ad
3401 5649 3572 5720 Epire-

1975 5755 2106 5820 sios,
2141 5763 2250 5809 ttnn
2277 5755 2398 5822 quia
2431 5753 2481 5806 in
2514 5752 2595 5805 his
2625 5764 2710 5804 res
2739 5747 2956 5801 uberius
2982 5745 3232 5816 expendit
3257 5785 3271 5807 ,
3305 5752 3414 5797 tum
3445 5741 3569 5812 quia

1978 5846 2234 5899 multa-ct
2262 5840 2548 5912 singularia
2583 5839 2776 5908 passim
2809 5836 3005 5891 indicat
3027 5877 3044 5902 ,
3081 5853 3199 5905 qua:
3239 5835 3443 5902 possint
3481 5840 3573 5883 aut

1976 5938 2040 5993 ad
2070 5938 2278 5994 beatam
2307 5942 2395 5989 aut
2434 5934 2497 5989 ad
2538 5933 2786 5988 miseram
2817 5930 2974 5985 vitam
3019 5946 3122 5982 non
3167 5939 3348 5999 parum
3379 5921 3568 5976 alferrc
