  <div class='ocr_page' id='page_1' title='image "/cluster/home/n/w/nwhite01/storage/ocr_20150623/47:no.1:pt.1/coo.31924054869460/179.png"; bbox 0 0 3948 6466; ppageno 0'>
   <div class='ocr_carea' id='block_1_1' title="bbox 438 492 538 551">
    <p class='ocr_par' dir='ltr' id='par_1_1' title="bbox 438 492 538 551">
     <span class='ocr_line' id='line_1_1' title="bbox 438 492 538 551; baseline -0.02 0"><span class='ocrx_word' id='word_1_1' title='bbox 438 492 538 551; x_wconf 76' lang='grc'><strong>163</strong></span> 
     </span>
    </p>
   </div>
   <div class='ocr_carea' id='block_1_2' title="bbox 433 585 2002 659">
    <p class='ocr_par' dir='ltr' id='par_1_2' title="bbox 433 585 2002 659">
     <span class='ocr_line' id='line_1_2' title="bbox 433 585 2002 659; baseline -0.011 -1"><span class='ocrx_word' id='word_1_2' title='bbox 433 600 707 659; x_wconf 80' lang='lat' dir='ltr'><strong>momenti.</strong></span> <span class='ocrx_word' id='word_1_3' title='bbox 744 594 1037 654; x_wconf 81' lang='lat' dir='ltr'><strong>Antiochia:</strong></span> <span class='ocrx_word' id='word_1_4' title='bbox 1065 601 1240 649; x_wconf 81' lang='lat' dir='ltr'><strong>autem</strong></span> <span class='ocrx_word' id='word_1_5' title='bbox 1270 590 1477 647; x_wconf 76' lang='lat' dir='ltr'><strong>habitas</strong></span> <span class='ocrx_word' id='word_1_6' title='bbox 1518 589 1678 645; x_wconf 80' lang='lat' dir='ltr'><strong>fuisse</strong></span> <span class='ocrx_word' id='word_1_7' title='bbox 1722 590 1772 643; x_wconf 87' lang='lat' dir='ltr'><strong>itt</strong></span> <span class='ocrx_word' id='word_1_8' title='bbox 1803 585 2002 643; x_wconf 61' lang='lat' dir='ltr'><strong>Praefa-</strong></span> 
     </span>
    </p>
   </div>
   <div class='ocr_carea' id='block_1_3' title="bbox 434 687 1019 758">
    <p class='ocr_par' dir='ltr' id='par_1_3' title="bbox 434 687 1019 758">
     <span class='ocr_line' id='line_1_3' title="bbox 434 687 1019 758; baseline -0.009 -14"><span class='ocrx_word' id='word_1_9' title='bbox 434 696 577 753; x_wconf 79' lang='lat' dir='ltr'><strong>ticae</strong></span> <span class='ocrx_word' id='word_1_10' title='bbox 610 687 886 758; x_wconf 85' lang='lat' dir='ltr'><strong>probatum</strong></span> <span class='ocrx_word' id='word_1_11' title='bbox 915 695 1019 741; x_wconf 91' lang='lat' dir='ltr'><strong>est.</strong></span> 
     </span>
    </p>
   </div>
   <div class='ocr_carea' id='block_1_4' title="bbox 500 770 2006 845">
    <p class='ocr_par' dir='ltr' id='par_1_4' title="bbox 500 770 2006 845">
     <span class='ocr_line' id='line_1_4' title="bbox 500 770 2006 845; baseline -0.009 -9"><span class='ocrx_word' id='word_1_12' title='bbox 500 782 720 836; x_wconf 88' lang='lat' dir='ltr'><strong>Orditur</strong></span> <span class='ocrx_word' id='word_1_13' title='bbox 747 789 921 831; x_wconf 82' lang='lat' dir='ltr'><strong>autem</strong></span> <span class='ocrx_word' id='word_1_14' title='bbox 952 777 1020 830; x_wconf 91' lang='lat' dir='ltr'><strong>ab</strong></span> <span class='ocrx_word' id='word_1_15' title='bbox 1047 772 1255 845; x_wconf 79' lang='lat' dir='ltr'><strong>Epheso</strong></span> <span class='ocrx_word' id='word_1_16' title='bbox 1277 774 1425 838; x_wconf 86' lang='lat' dir='ltr'><strong>urbe,</strong></span> <span class='ocrx_word' id='word_1_17' title='bbox 1453 787 1609 842; x_wconf 87' lang='lat' dir='ltr'><strong>quam</strong></span> <span class='ocrx_word' id='word_1_18' title='bbox 1641 778 1697 824; x_wconf 90' lang='lat' dir='ltr'><strong>ut</strong></span> <span class='ocrx_word' id='word_1_19' title='bbox 1724 770 1862 823; x_wconf 74' lang='lat' dir='ltr'><strong>Asia:</strong></span> <span class='ocrx_word' id='word_1_20' title='bbox 1891 783 2006 822; x_wconf 92' lang='lat' dir='ltr'><strong>me-</strong></span> 
     </span>
    </p>
   </div>
   <div class='ocr_carea' id='block_1_5' title="bbox 431 858 2009 941">
    <p class='ocr_par' dir='ltr' id='par_1_5' title="bbox 431 858 2009 941">
     <span class='ocr_line' id='line_1_5' title="bbox 431 858 2009 941; baseline -0.01 -15"><span class='ocrx_word' id='word_1_21' title='bbox 431 871 662 941; x_wconf 83' lang='lat' dir='ltr'><strong>tmpolin</strong></span> <span class='ocrx_word' id='word_1_22' title='bbox 691 868 943 924; x_wconf 82' lang='lat' dir='ltr'><strong>celebrat.</strong></span> <span class='ocrx_word' id='word_1_23' title='bbox 975 866 1424 920; x_wconf 80' lang='lat' dir='ltr'><strong>Antioeltenorum</strong></span> <span class='ocrx_word' id='word_1_24' title='bbox 1451 877 1640 932; x_wconf 87' lang='lat' dir='ltr'><strong>pravos</strong></span> <span class='ocrx_word' id='word_1_25' title='bbox 1666 875 1839 913; x_wconf 92' lang='lat' dir='ltr'><strong>mores</strong></span> <span class='ocrx_word' id='word_1_26' title='bbox 1866 858 2009 912; x_wconf 89' lang='lat' dir='ltr'><strong>luse-</strong></span> 
     </span>
    </p>
   </div>
   <div class='ocr_carea' id='block_1_6' title="bbox 431 949 2008 1028">
    <p class='ocr_par' dir='ltr' id='par_1_6' title="bbox 431 949 2008 1028">
     <span class='ocr_line' id='line_1_6' title="bbox 431 949 2008 1028; baseline -0.006 -18"><span class='ocrx_word' id='word_1_27' title='bbox 431 973 607 1016; x_wconf 75' lang='lat' dir='ltr'><strong>t-tatur</strong></span> <span class='ocrx_word' id='word_1_28' title='bbox 626 1005 641 1028; x_wconf 90' lang='lat'><strong>,</strong></span> <span class='ocrx_word' id='word_1_29' title='bbox 672 976 766 1015; x_wconf 89' lang='lat' dir='ltr'><strong>eos</strong></span> <span class='ocrx_word' id='word_1_30' title='bbox 791 974 919 1012; x_wconf 89' lang='lat' dir='ltr'><strong>vero</strong></span> <span class='ocrx_word' id='word_1_31' title='bbox 946 957 1174 1011; x_wconf 77' lang='lat' dir='ltr'><strong>maxime</strong></span> <span class='ocrx_word' id='word_1_32' title='bbox 1195 997 1210 1022; x_wconf 94' lang='lat'><strong>,</strong></span> <span class='ocrx_word' id='word_1_33' title='bbox 1241 955 1328 1025; x_wconf 90' lang='lat' dir='ltr'><strong>qui</strong></span> <span class='ocrx_word' id='word_1_34' title='bbox 1353 955 1420 1008; x_wconf 89' lang='lat' dir='ltr'><strong>ab</strong></span> <span class='ocrx_word' id='word_1_35' title='bbox 1444 952 1669 1007; x_wconf 88' lang='lat' dir='ltr'><strong>ethnicis</strong></span> <span class='ocrx_word' id='word_1_36' title='bbox 1697 959 1751 1004; x_wconf 90' lang='lat' dir='ltr'><strong>et</strong></span> <span class='ocrx_word' id='word_1_37' title='bbox 1788 949 2008 1004; x_wconf 85' lang='lat' dir='ltr'><strong>idolola-</strong></span> 
     </span>
    </p>
   </div>
   <div class='ocr_carea' id='block_1_7' title="bbox 432 1041 2004 1123">
    <p class='ocr_par' dir='ltr' id='par_1_7' title="bbox 432 1041 2004 1123">
     <span class='ocr_line' id='line_1_7' title="bbox 432 1041 2004 1123; baseline -0.01 -17"><span class='ocrx_word' id='word_1_38' title='bbox 432 1055 529 1107; x_wconf 91' lang='lat' dir='ltr'><strong>tris</strong></span> <span class='ocrx_word' id='word_1_39' title='bbox 561 1069 610 1123; x_wconf 85' lang='lat' dir='ltr'><strong>pl</strong></span> <span class='ocrx_word' id='word_1_40' title='bbox 624 1058 964 1115; x_wconf 88' lang='lat' dir='ltr'><strong>omauaraut,</strong></span> <span class='ocrx_word' id='word_1_41' title='bbox 994 1061 1052 1105; x_wconf 89' lang='lat' dir='ltr'><strong>ut</strong></span> <span class='ocrx_word' id='word_1_42' title='bbox 1084 1056 1256 1103; x_wconf 77' lang='lat' dir='ltr'><strong>Sortes</strong></span> <span class='ocrx_word' id='word_1_43' title='bbox 1296 1057 1349 1101; x_wconf 89' lang='lat' dir='ltr'><strong>et</strong></span> <span class='ocrx_word' id='word_1_44' title='bbox 1386 1043 1796 1106; x_wconf 75' lang='lat' dir='ltr'><strong>incantationes,</strong></span> <span class='ocrx_word' id='word_1_45' title='bbox 1843 1041 2004 1093; x_wconf 89' lang='lat' dir='ltr'><strong>fatum</strong></span> 
     </span>
    </p>
   </div>
   <div class='ocr_carea' id='block_1_8' title="bbox 431 1131 2006 1210">
    <p class='ocr_par' dir='ltr' id='par_1_8' title="bbox 431 1131 2006 1210">
     <span class='ocr_line' id='line_1_8' title="bbox 431 1131 2006 1210; baseline -0.007 -17"><span class='ocrx_word' id='word_1_46' title='bbox 431 1145 592 1197; x_wconf 76' lang='lat' dir='ltr'><strong>etiam</strong></span> <span class='ocrx_word' id='word_1_47' title='bbox 643 1152 696 1196; x_wconf 85' lang='lat' dir='ltr'><strong>et</strong></span> <span class='ocrx_word' id='word_1_48' title='bbox 744 1139 1262 1210; x_wconf 78' lang='lat' dir='ltr'><strong>metempsycltosin;</strong></span> <span class='ocrx_word' id='word_1_49' title='bbox 1310 1135 1659 1205; x_wconf 75' lang='lat' dir='ltr'><strong>dicebantque</strong></span> <span class='ocrx_word' id='word_1_50' title='bbox 1706 1133 1780 1189; x_wconf 89' lang='lat' dir='ltr'><strong>illi</strong></span> <span class='ocrx_word' id='word_1_51' title='bbox 1829 1131 2006 1185; x_wconf 85' lang='lat' dir='ltr'><strong>omnia</strong></span> 
     </span>
    </p>
   </div>
   <div class='ocr_carea' id='block_1_9' title="bbox 429 1220 2008 1301">
    <p class='ocr_par' dir='ltr' id='par_1_9' title="bbox 429 1220 2008 1301">
     <span class='ocr_line' id='line_1_9' title="bbox 429 1220 2008 1301; baseline -0.004 -22"><span class='ocrx_word' id='word_1_52' title='bbox 429 1226 579 1282; x_wconf 80' lang='lat' dir='ltr'><strong>nulla</strong></span> <span class='ocrx_word' id='word_1_53' title='bbox 596 1245 707 1301; x_wconf 84' lang='lat' dir='ltr'><strong>gert</strong></span> <span class='ocrx_word' id='word_1_54' title='bbox 726 1229 1050 1299; x_wconf 83' lang='lat' dir='ltr'><strong>providentia</strong></span> <span class='ocrx_word' id='word_1_55' title='bbox 1070 1244 1086 1295; x_wconf 88' lang='lat'><strong>;</strong></span> <span class='ocrx_word' id='word_1_56' title='bbox 1109 1227 1195 1281; x_wconf 88' lang='lat' dir='ltr'><strong>alii</strong></span> <span class='ocrx_word' id='word_1_57' title='bbox 1222 1240 1350 1281; x_wconf 83' lang='lat' dir='ltr'><strong>vero</strong></span> <span class='ocrx_word' id='word_1_58' title='bbox 1375 1225 1532 1282; x_wconf 88' lang='lat' dir='ltr'><strong>deum</strong></span> <span class='ocrx_word' id='word_1_59' title='bbox 1553 1238 1676 1281; x_wconf 88' lang='lat' dir='ltr'><strong>esse</strong></span> <span class='ocrx_word' id='word_1_60' title='bbox 1695 1235 1886 1291; x_wconf 88' lang='lat' dir='ltr'><strong>corpus</strong></span> <span class='ocrx_word' id='word_1_61' title='bbox 1908 1220 2008 1274; x_wconf 91' lang='lat' dir='ltr'><strong>im-</strong></span> 
     </span>
    </p>
   </div>
   <div class='ocr_carea' id='block_1_10' title="bbox 433 1310 2005 1392">
    <p class='ocr_par' dir='ltr' id='par_1_10' title="bbox 433 1310 2005 1392">
     <span class='ocr_line' id='line_1_10' title="bbox 433 1310 2005 1392; baseline -0.007 -19"><span class='ocrx_word' id='word_1_62' title='bbox 433 1337 572 1392; x_wconf 83' lang='lat' dir='ltr'><strong>pune</strong></span> <span class='ocrx_word' id='word_1_63' title='bbox 584 1321 910 1375; x_wconf 86' lang='lat' dir='ltr'><strong>asserebant.</strong></span> <span class='ocrx_word' id='word_1_64' title='bbox 928 1319 1002 1373; x_wconf 91' lang='lat' dir='ltr'><strong>De</strong></span> <span class='ocrx_word' id='word_1_65' title='bbox 1021 1316 1287 1372; x_wconf 85' lang='lat' dir='ltr'><strong>ominibus</strong></span> <span class='ocrx_word' id='word_1_66' title='bbox 1303 1324 1477 1371; x_wconf 92' lang='lat' dir='ltr'><strong>autem</strong></span> <span class='ocrx_word' id='word_1_67' title='bbox 1492 1324 1544 1370; x_wconf 89' lang='lat' dir='ltr'><strong>et</strong></span> <span class='ocrx_word' id='word_1_68' title='bbox 1562 1312 1828 1384; x_wconf 77' lang='lat' dir='ltr'><strong>pra-sagiis</strong></span> <span class='ocrx_word' id='word_1_69' title='bbox 1842 1310 2005 1365; x_wconf 92' lang='lat' dir='ltr'><strong>multa</strong></span> 
     </span>
    </p>
   </div>
   <div class='ocr_carea' id='block_1_11' title="bbox 430 1403 2008 1482">
    <p class='ocr_par' dir='ltr' id='par_1_11' title="bbox 430 1403 2008 1482">
     <span class='ocr_line' id='line_1_11' title="bbox 430 1403 2008 1482; baseline -0.008 -16"><span class='ocrx_word' id='word_1_70' title='bbox 430 1411 632 1482; x_wconf 86' lang='lat' dir='ltr'><strong>profert</strong></span> <span class='ocrx_word' id='word_1_71' title='bbox 646 1411 862 1465; x_wconf 88' lang='lat' dir='ltr'><strong>omnino</strong></span> <span class='ocrx_word' id='word_1_72' title='bbox 880 1409 1183 1478; x_wconf 82' lang='lat' dir='ltr'><strong>singularia.</strong></span> <span class='ocrx_word' id='word_1_73' title='bbox 1208 1407 1361 1461; x_wconf 92' lang='lat' dir='ltr'><strong>llom.</strong></span> <span class='ocrx_word' id='word_1_74' title='bbox 1383 1405 1588 1461; x_wconf 86' lang='lat' dir='ltr'><strong>decima</strong></span> <span class='ocrx_word' id='word_1_75' title='bbox 1604 1403 1731 1458; x_wconf 88' lang='lat' dir='ltr'><strong>dicit</strong></span> <span class='ocrx_word' id='word_1_76' title='bbox 1749 1405 2008 1469; x_wconf 75' lang='grc' dir='ltr'><strong>ἀγάλματα</strong></span> 
     </span>
    </p>
   </div>
   <div class='ocr_carea' id='block_1_12' title="bbox 431 1486 2005 1568">
    <p class='ocr_par' dir='ltr' id='par_1_12' title="bbox 431 1486 2005 1568">
     <span class='ocr_line' id='line_1_12' title="bbox 431 1486 2005 1568; baseline -0.006 -14"><span class='ocrx_word' id='word_1_77' title='bbox 431 1518 523 1554; x_wconf 78' lang='lat' dir='ltr'><strong>seu</strong></span> <span class='ocrx_word' id='word_1_78' title='bbox 544 1500 737 1567; x_wconf 78' lang='lat' dir='ltr'><strong>tignms</strong></span> <span class='ocrx_word' id='word_1_79' title='bbox 763 1499 846 1553; x_wconf 96' lang='lat' dir='ltr'><strong>vel</strong></span> <span class='ocrx_word' id='word_1_80' title='bbox 875 1498 1130 1568; x_wconf 76' lang='lat' dir='ltr'><strong>imagines</strong></span> <span class='ocrx_word' id='word_1_81' title='bbox 1160 1499 1211 1550; x_wconf 93' lang='lat' dir='ltr'><strong>in</strong></span> <span class='ocrx_word' id='word_1_82' title='bbox 1228 1486 1449 1551; x_wconf 79' lang='lat' dir='ltr'><strong>ecclesia</strong></span> <span class='ocrx_word' id='word_1_83' title='bbox 1478 1509 1620 1559; x_wconf 85' lang='lat' dir='ltr'><strong>esse,</strong></span> <span class='ocrx_word' id='word_1_84' title='bbox 1656 1507 1829 1562; x_wconf 86' lang='lat' dir='ltr'><strong>neque</strong></span> <span class='ocrx_word' id='word_1_85' title='bbox 1857 1492 2005 1561; x_wconf 89' lang='lat' dir='ltr'><strong>plura</strong></span> 
     </span>
    </p>
   </div>
   <div class='ocr_carea' id='block_1_13' title="bbox 433 1581 2004 1658">
    <p class='ocr_par' dir='ltr' id='par_1_13' title="bbox 433 1581 2004 1658">
     <span class='ocr_line' id='line_1_13' title="bbox 433 1581 2004 1658; baseline -0.004 -17"><span class='ocrx_word' id='word_1_86' title='bbox 433 1589 611 1658; x_wconf 81' lang='lat' dir='ltr'><strong>adjicit</strong></span> <span class='ocrx_word' id='word_1_87' title='bbox 653 1588 706 1643; x_wconf 91' lang='lat' dir='ltr'><strong>in</strong></span> <span class='ocrx_word' id='word_1_88' title='bbox 743 1603 831 1652; x_wconf 91' lang='lat' dir='ltr'><strong>re,</strong></span> <span class='ocrx_word' id='word_1_89' title='bbox 863 1603 1021 1656; x_wconf 90' lang='lat' dir='ltr'><strong>quam</strong></span> <span class='ocrx_word' id='word_1_90' title='bbox 1058 1586 1227 1656; x_wconf 86' lang='lat' dir='ltr'><strong>magis</strong></span> <span class='ocrx_word' id='word_1_91' title='bbox 1271 1599 1562 1652; x_wconf 78' lang='lat' dir='ltr'><strong>expensam</strong></span> <span class='ocrx_word' id='word_1_92' title='bbox 1601 1582 1762 1636; x_wconf 81' lang='lat' dir='ltr'><strong>fuisse</strong></span> <span class='ocrx_word' id='word_1_93' title='bbox 1788 1581 2004 1635; x_wconf 87' lang='lat' dir='ltr'><strong>vellem.</strong></span> 
     </span>
    </p>
   </div>
   <div class='ocr_carea' id='block_1_14' title="bbox 429 1673 2002 1748">
    <p class='ocr_par' dir='ltr' id='par_1_14' title="bbox 429 1673 2002 1748">
     <span class='ocr_line' id='line_1_14' title="bbox 429 1673 2002 1748; baseline -0.008 -13"><span class='ocrx_word' id='word_1_94' title='bbox 429 1680 720 1735; x_wconf 73' lang='lat' dir='ltr'><strong>lberetieus</strong></span> <span class='ocrx_word' id='word_1_95' title='bbox 767 1679 959 1748; x_wconf 72' lang='lat' dir='ltr'><strong>passim</strong></span> <span class='ocrx_word' id='word_1_96' title='bbox 1008 1677 1269 1746; x_wconf 76' lang='lat' dir='ltr'><strong>exagitat,</strong></span> <span class='ocrx_word' id='word_1_97' title='bbox 1317 1675 1672 1737; x_wconf 79' lang='lat' dir='ltr'><strong>Marcionem,</strong></span> <span class='ocrx_word' id='word_1_98' title='bbox 1719 1673 2002 1738; x_wconf 79' lang='lat' dir='ltr'><strong>Manetem,</strong></span> 
     </span>
    </p>
   </div>
   <div class='ocr_carea' id='block_1_15' title="bbox 430 1765 2004 1833">
    <p class='ocr_par' dir='ltr' id='par_1_15' title="bbox 430 1765 2004 1833">
     <span class='ocr_line' id='line_1_15' title="bbox 430 1765 2004 1833; baseline -0.002 -13"><span class='ocrx_word' id='word_1_99' title='bbox 430 1771 790 1833; x_wconf 71' lang='lat' dir='ltr'><strong>Valentinum,</strong></span> <span class='ocrx_word' id='word_1_100' title='bbox 820 1771 1077 1824; x_wconf 87' lang='lat' dir='ltr'><strong>Catltaros</strong></span> <span class='ocrx_word' id='word_1_101' title='bbox 1102 1784 1194 1824; x_wconf 87' lang='lat' dir='ltr'><strong>seu</strong></span> <span class='ocrx_word' id='word_1_102' title='bbox 1223 1768 1542 1822; x_wconf 79' lang='lat' dir='ltr'><strong>Novatianos</strong></span> <span class='ocrx_word' id='word_1_103' title='bbox 1559 1808 1574 1832; x_wconf 91' lang='lat'><strong>,</strong></span> <span class='ocrx_word' id='word_1_104' title='bbox 1600 1765 1782 1820; x_wconf 85' lang='lat' dir='ltr'><strong>Arium</strong></span> <span class='ocrx_word' id='word_1_105' title='bbox 1809 1765 1861 1818; x_wconf 90' lang='lat' dir='ltr'><strong>in</strong></span> <span class='ocrx_word' id='word_1_106' title='bbox 1885 1780 2004 1819; x_wconf 81' lang='lat' dir='ltr'><strong>om-</strong></span> 
     </span>
    </p>
   </div>
   <div class='ocr_carea' id='block_1_16' title="bbox 426 1856 1930 1930">
    <p class='ocr_par' dir='ltr' id='par_1_16' title="bbox 426 1856 1930 1930">
     <span class='ocr_line' id='line_1_16' title="bbox 426 1856 1930 1930; baseline -0.005 -15"><span class='ocrx_word' id='word_1_107' title='bbox 426 1861 582 1915; x_wconf 85' lang='lat' dir='ltr'><strong>nibus</strong></span> <span class='ocrx_word' id='word_1_108' title='bbox 614 1876 749 1930; x_wconf 91' lang='lat' dir='ltr'><strong>pene</strong></span> <span class='ocrx_word' id='word_1_109' title='bbox 772 1860 1117 1915; x_wconf 88' lang='lat' dir='ltr'><strong>coneionibus</strong></span> <span class='ocrx_word' id='word_1_110' title='bbox 1137 1900 1151 1924; x_wconf 93' lang='lat'><strong>,</strong></span> <span class='ocrx_word' id='word_1_111' title='bbox 1181 1858 1419 1928; x_wconf 82' lang='lat' dir='ltr'><strong>aliosque</strong></span> <span class='ocrx_word' id='word_1_112' title='bbox 1442 1859 1602 1912; x_wconf 90' lang='lat' dir='ltr'><strong>etiam</strong></span> <span class='ocrx_word' id='word_1_113' title='bbox 1632 1856 1930 1912; x_wconf 65' lang='lat' dir='ltr'><strong>haereticos.</strong></span> 
     </span>
    </p>
   </div>
   <div class='ocr_carea' id='block_1_17' title="bbox 500 1946 2006 2021">
    <p class='ocr_par' dir='ltr' id='par_1_17' title="bbox 500 1946 2006 2021">
     <span class='ocr_line' id='line_1_17' title="bbox 500 1946 2006 2021; baseline -0.003 -14"><span class='ocrx_word' id='word_1_114' title='bbox 500 1953 758 2008; x_wconf 87' lang='lat' dir='ltr'><strong>llomilias</strong></span> <span class='ocrx_word' id='word_1_115' title='bbox 782 1966 994 2021; x_wconf 74' lang='lat' dir='ltr'><strong>quoque</strong></span> <span class='ocrx_word' id='word_1_116' title='bbox 1020 1952 1072 2004; x_wconf 94' lang='lat' dir='ltr'><strong>in</strong></span> <span class='ocrx_word' id='word_1_117' title='bbox 1111 1949 1377 2019; x_wconf 82' lang='lat' dir='ltr'><strong>Epistolas</strong></span> <span class='ocrx_word' id='word_1_118' title='bbox 1401 1949 1532 2003; x_wconf 87' lang='lat' dir='ltr'><strong>duas</strong></span> <span class='ocrx_word' id='word_1_119' title='bbox 1560 1946 1659 2021; x_wconf 84' lang='grc' dir='ltr'><strong>(Τ.</strong></span> <span class='ocrx_word' id='word_1_120' title='bbox 1688 1946 1839 2002; x_wconf 60' lang='lat' dir='ltr'><strong>ita.</strong></span> <span class='ocrx_word' id='word_1_121' title='bbox 1869 1950 2006 2017; x_wconf 68' lang='lat'>499)</span> 
     </span>
    </p>
   </div>
   <div class='ocr_carea' id='block_1_18' title="bbox 429 2038 2007 2111">
    <p class='ocr_par' dir='ltr' id='par_1_18' title="bbox 429 2038 2007 2111">
     <span class='ocr_line' id='line_1_18' title="bbox 429 2038 2007 2111; baseline -0.004 -15"><span class='ocrx_word' id='word_1_122' title='bbox 429 2044 495 2098; x_wconf 85' lang='lat' dir='ltr'><strong>ad</strong></span> <span class='ocrx_word' id='word_1_123' title='bbox 523 2042 858 2098; x_wconf 82' lang='lat' dir='ltr'><strong>Timotheum</strong></span> <span class='ocrx_word' id='word_1_124' title='bbox 904 2051 1149 2111; x_wconf 82' lang='lat' dir='ltr'><strong>putamus</strong></span> <span class='ocrx_word' id='word_1_125' title='bbox 1190 2056 1321 2106; x_wconf 91' lang='lat' dir='ltr'><strong>nos,</strong></span> <span class='ocrx_word' id='word_1_126' title='bbox 1354 2039 1491 2093; x_wconf 90' lang='lat' dir='ltr'><strong>haud</strong></span> <span class='ocrx_word' id='word_1_127' title='bbox 1539 2038 1741 2093; x_wconf 84' lang='lat' dir='ltr'><strong>levibus</strong></span> <span class='ocrx_word' id='word_1_128' title='bbox 1779 2039 2007 2108; x_wconf 86' lang='lat' dir='ltr'><strong>permoti</strong></span> 
     </span>
    </p>
   </div>
   <div class='ocr_carea' id='block_1_19' title="bbox 431 2116 2004 2197">
    <p class='ocr_par' dir='ltr' id='par_1_19' title="bbox 431 2116 2004 2197">
     <span class='ocr_line' id='line_1_19' title="bbox 431 2116 2004 2197; baseline -0.004 -10"><span class='ocrx_word' id='word_1_129' title='bbox 431 2116 726 2187; x_wconf 64' lang='lat' dir='ltr'><strong>rationibus</strong></span> <span class='ocrx_word' id='word_1_130' title='bbox 745 2172 762 2197; x_wconf 94' lang='lat'><strong>,</strong></span> <span class='ocrx_word' id='word_1_131' title='bbox 791 2130 1085 2186; x_wconf 69' lang='lat' dir='ltr'><strong>Antiochia:</strong></span> <span class='ocrx_word' id='word_1_132' title='bbox 1115 2130 1320 2184; x_wconf 89' lang='lat' dir='ltr'><strong>habitas</strong></span> <span class='ocrx_word' id='word_1_133' title='bbox 1338 2171 1355 2197; x_wconf 96' lang='lat'><strong>,</strong></span> <span class='ocrx_word' id='word_1_134' title='bbox 1403 2136 1462 2182; x_wconf 92' lang='lat' dir='ltr'><strong>ttt</strong></span> <span class='ocrx_word' id='word_1_135' title='bbox 1486 2128 1667 2183; x_wconf 80' lang='lat' dir='ltr'><strong>videas</strong></span> <span class='ocrx_word' id='word_1_136' title='bbox 1704 2128 1757 2182; x_wconf 87' lang='lat' dir='ltr'><strong>itt</strong></span> <span class='ocrx_word' id='word_1_137' title='bbox 1786 2128 2004 2183; x_wconf 83' lang='lat' dir='ltr'><strong>Illonito.</strong></span> 
     </span>
    </p>
   </div>
   <div class='ocr_carea' id='block_1_20' title="bbox 428 2218 2008 2290">
    <p class='ocr_par' dir='ltr' id='par_1_20' title="bbox 428 2218 2008 2290">
     <span class='ocr_line' id='line_1_20' title="bbox 428 2218 2008 2290; baseline -0.004 -12"><span class='ocrx_word' id='word_1_138' title='bbox 428 2225 486 2278; x_wconf 91' lang='lat' dir='ltr'><strong>ln</strong></span> <span class='ocrx_word' id='word_1_139' title='bbox 521 2224 602 2278; x_wconf 83' lang='lat' dir='ltr'><strong>his</strong></span> <span class='ocrx_word' id='word_1_140' title='bbox 629 2238 757 2278; x_wconf 87' lang='lat' dir='ltr'><strong>vero</strong></span> <span class='ocrx_word' id='word_1_141' title='bbox 779 2221 1153 2286; x_wconf 87' lang='lat' dir='ltr'><strong>concionihus,</strong></span> <span class='ocrx_word' id='word_1_142' title='bbox 1194 2220 1320 2275; x_wconf 89' lang='lat' dir='ltr'><strong>licet</strong></span> <span class='ocrx_word' id='word_1_143' title='bbox 1349 2220 1548 2290; x_wconf 81' lang='lat' dir='ltr'><strong>aliquot</strong></span> <span class='ocrx_word' id='word_1_144' title='bbox 1589 2219 1641 2273; x_wconf 88' lang='lat' dir='ltr'><strong>itt</strong></span> <span class='ocrx_word' id='word_1_145' title='bbox 1670 2218 1800 2273; x_wconf 89' lang='lat' dir='ltr'><strong>locis</strong></span> <span class='ocrx_word' id='word_1_146' title='bbox 1835 2219 2008 2288; x_wconf 87' lang='lat' dir='ltr'><strong>negli-</strong></span> 
     </span>
    </p>
   </div>
   <div class='ocr_carea' id='block_1_21' title="bbox 428 2313 2007 2386">
    <p class='ocr_par' dir='ltr' id='par_1_21' title="bbox 428 2313 2007 2386">
     <span class='ocr_line' id='line_1_21' title="bbox 428 2313 2007 2386; baseline -0.004 -16"><span class='ocrx_word' id='word_1_147' title='bbox 428 2320 640 2386; x_wconf 76' lang='lat' dir='ltr'><strong>getttius</strong></span> <span class='ocrx_word' id='word_1_148' title='bbox 684 2330 841 2386; x_wconf 84' lang='lat' dir='ltr'><strong>agere</strong></span> <span class='ocrx_word' id='word_1_149' title='bbox 883 2324 939 2369; x_wconf 86' lang='lat' dir='ltr'><strong>et</strong></span> <span class='ocrx_word' id='word_1_150' title='bbox 980 2328 1376 2383; x_wconf 86' lang='lat' dir='ltr'><strong>nonnumquam</strong></span> <span class='ocrx_word' id='word_1_151' title='bbox 1408 2313 1527 2367; x_wconf 87' lang='lat' dir='ltr'><strong>vilia</strong></span> <span class='ocrx_word' id='word_1_152' title='bbox 1572 2325 1671 2365; x_wconf 89' lang='lat' dir='ltr'><strong>nec</strong></span> <span class='ocrx_word' id='word_1_153' title='bbox 1711 2322 2007 2366; x_wconf 83' lang='lat' dir='ltr'><strong>memoratu</strong></span> 
     </span>
    </p>
   </div>
   <div class='ocr_carea' id='block_1_22' title="bbox 428 2407 2007 2480">
    <p class='ocr_par' dir='ltr' id='par_1_22' title="bbox 428 2407 2007 2480">
     <span class='ocr_line' id='line_1_22' title="bbox 428 2407 2007 2480; baseline -0.004 -17"><span class='ocrx_word' id='word_1_154' title='bbox 428 2413 583 2480; x_wconf 80' lang='lat' dir='ltr'><strong>digna</strong></span> <span class='ocrx_word' id='word_1_155' title='bbox 612 2420 835 2463; x_wconf 86' lang='lat' dir='ltr'><strong>tractare</strong></span> <span class='ocrx_word' id='word_1_156' title='bbox 862 2408 1124 2473; x_wconf 88' lang='lat' dir='ltr'><strong>videatur,</strong></span> <span class='ocrx_word' id='word_1_157' title='bbox 1156 2407 1349 2476; x_wconf 87' lang='lat' dir='ltr'><strong>passim</strong></span> <span class='ocrx_word' id='word_1_158' title='bbox 1380 2416 1558 2462; x_wconf 87' lang='lat' dir='ltr'><strong>tamen</strong></span> <span class='ocrx_word' id='word_1_159' title='bbox 1584 2420 1773 2460; x_wconf 84' lang='lat' dir='ltr'><strong>avaros</strong></span> <span class='ocrx_word' id='word_1_160' title='bbox 1792 2447 1807 2471; x_wconf 90' lang='lat'><strong>,</strong></span> <span class='ocrx_word' id='word_1_161' title='bbox 1836 2414 1888 2460; x_wconf 92' lang='lat' dir='ltr'><strong>ct</strong></span> <span class='ocrx_word' id='word_1_162' title='bbox 1914 2419 2007 2458; x_wconf 91' lang='lat' dir='ltr'><strong>eos</strong></span> 
     </span>
    </p>
   </div>
   <div class='ocr_carea' id='block_1_23' title="bbox 427 2496 2005 2571">
    <p class='ocr_par' dir='ltr' id='par_1_23' title="bbox 427 2496 2005 2571">
     <span class='ocr_line' id='line_1_23' title="bbox 427 2496 2005 2571; baseline -0.002 -17"><span class='ocrx_word' id='word_1_163' title='bbox 427 2502 514 2571; x_wconf 89' lang='lat' dir='ltr'><strong>qui</strong></span> <span class='ocrx_word' id='word_1_164' title='bbox 556 2499 824 2554; x_wconf 80' lang='lat' dir='ltr'><strong>facultatis</strong></span> <span class='ocrx_word' id='word_1_165' title='bbox 865 2499 1116 2569; x_wconf 74' lang='lat' dir='ltr'><strong>augenda:</strong></span> <span class='ocrx_word' id='word_1_166' title='bbox 1142 2500 1319 2555; x_wconf 88' lang='lat' dir='ltr'><strong>studio</strong></span> <span class='ocrx_word' id='word_1_167' title='bbox 1353 2510 1668 2555; x_wconf 77' lang='lat' dir='ltr'><strong>cancrorum</strong></span> <span class='ocrx_word' id='word_1_168' title='bbox 1707 2498 1844 2553; x_wconf 89' lang='lat' dir='ltr'><strong>bona</strong></span> <span class='ocrx_word' id='word_1_169' title='bbox 1873 2496 2005 2551; x_wconf 88' lang='lat' dir='ltr'><strong>diri-</strong></span> 
     </span>
    </p>
   </div>
   <div class='ocr_carea' id='block_1_24' title="bbox 428 2589 2004 2661">
    <p class='ocr_par' dir='ltr' id='par_1_24' title="bbox 428 2589 2004 2661">
     <span class='ocr_line' id='line_1_24' title="bbox 428 2589 2004 2661; baseline -0.001 -19"><span class='ocrx_word' id='word_1_170' title='bbox 428 2605 555 2661; x_wconf 87' lang='lat' dir='ltr'><strong>pere</strong></span> <span class='ocrx_word' id='word_1_171' title='bbox 605 2590 947 2661; x_wconf 79' lang='lat' dir='ltr'><strong>satagebant,</strong></span> <span class='ocrx_word' id='word_1_172' title='bbox 977 2591 1187 2661; x_wconf 76' lang='lat' dir='ltr'><strong>egregie</strong></span> <span class='ocrx_word' id='word_1_173' title='bbox 1224 2590 1394 2660; x_wconf 88' lang='lat' dir='ltr'><strong>carpit</strong></span> <span class='ocrx_word' id='word_1_174' title='bbox 1429 2600 1487 2644; x_wconf 90' lang='lat' dir='ltr'><strong>et</strong></span> <span class='ocrx_word' id='word_1_175' title='bbox 1524 2589 1844 2653; x_wconf 85' lang='lat' dir='ltr'><strong>insectatur,</strong></span> <span class='ocrx_word' id='word_1_176' title='bbox 1876 2602 2004 2641; x_wconf 90' lang='lat' dir='ltr'><strong>nus-</strong></span> 
     </span>
    </p>
   </div>
   <div class='ocr_carea' id='block_1_25' title="bbox 424 2679 2006 2752">
    <p class='ocr_par' dir='ltr' id='par_1_25' title="bbox 424 2679 2006 2752">
     <span class='ocr_line' id='line_1_25' title="bbox 424 2679 2006 2752; baseline -0.006 -13"><span class='ocrx_word' id='word_1_177' title='bbox 424 2697 583 2752; x_wconf 82' lang='lat' dir='ltr'><strong>quam</strong></span> <span class='ocrx_word' id='word_1_178' title='bbox 623 2682 781 2738; x_wconf 89' lang='lat' dir='ltr'><strong>linem</strong></span> <span class='ocrx_word' id='word_1_179' title='bbox 813 2681 938 2736; x_wconf 78' lang='lat' dir='ltr'><strong>facit</strong></span> <span class='ocrx_word' id='word_1_180' title='bbox 965 2681 1250 2751; x_wconf 88' lang='lat' dir='ltr'><strong>impetendi</strong></span> <span class='ocrx_word' id='word_1_181' title='bbox 1283 2699 1296 2734; x_wconf 93' lang='lat'>:</span> <span class='ocrx_word' id='word_1_182' title='bbox 1326 2695 1498 2751; x_wconf 87' lang='lat' dir='ltr'><strong>neque</strong></span> <span class='ocrx_word' id='word_1_183' title='bbox 1524 2681 1686 2735; x_wconf 88' lang='lat' dir='ltr'><strong>alium</strong></span> <span class='ocrx_word' id='word_1_184' title='bbox 1713 2679 1830 2749; x_wconf 85' lang='lat' dir='ltr'><strong>ejus</strong></span> <span class='ocrx_word' id='word_1_185' title='bbox 1855 2694 2006 2734; x_wconf 91' lang='lat' dir='ltr'><strong>com-</strong></span> 
     </span>
    </p>
   </div>
   <div class='ocr_carea' id='block_1_26' title="bbox 422 2771 2004 2839">
    <p class='ocr_par' dir='ltr' id='par_1_26' title="bbox 422 2771 2004 2839">
     <span class='ocr_line' id='line_1_26' title="bbox 422 2771 2004 2839; baseline -0.002 -14"><span class='ocrx_word' id='word_1_186' title='bbox 422 2771 739 2830; x_wconf 86' lang='lat' dir='ltr'><strong>mentariutn</strong></span> <span class='ocrx_word' id='word_1_187' title='bbox 767 2771 985 2838; x_wconf 89' lang='lat' dir='ltr'><strong>videas,</strong></span> <span class='ocrx_word' id='word_1_188' title='bbox 1027 2772 1113 2826; x_wconf 87' lang='lat' dir='ltr'><strong>ubi</strong></span> <span class='ocrx_word' id='word_1_189' title='bbox 1156 2771 1280 2826; x_wconf 89' lang='lat' dir='ltr'><strong>huic</strong></span> <span class='ocrx_word' id='word_1_190' title='bbox 1318 2771 1614 2825; x_wconf 90' lang='lat' dir='ltr'><strong>amovendo</strong></span> <span class='ocrx_word' id='word_1_191' title='bbox 1645 2771 1787 2825; x_wconf 91' lang='lat' dir='ltr'><strong>malo</strong></span> <span class='ocrx_word' id='word_1_192' title='bbox 1825 2785 2004 2839; x_wconf 89' lang='lat' dir='ltr'><strong>parem</strong></span> 
     </span>
    </p>
   </div>
   <div class='ocr_carea' id='block_1_27' title="bbox 420 2862 2006 2934">
    <p class='ocr_par' dir='ltr' id='par_1_27' title="bbox 420 2862 2006 2934">
     <span class='ocr_line' id='line_1_27' title="bbox 420 2862 2006 2934; baseline -0.001 -17"><span class='ocrx_word' id='word_1_193' title='bbox 420 2862 767 2932; x_wconf 84' lang='lat' dir='ltr'><strong>insumpserit</strong></span> <span class='ocrx_word' id='word_1_194' title='bbox 787 2878 1024 2934; x_wconf 86' lang='lat' dir='ltr'><strong>operam.</strong></span> <span class='ocrx_word' id='word_1_195' title='bbox 1066 2862 1219 2918; x_wconf 83' lang='lat' dir='ltr'><strong>Unde</strong></span> <span class='ocrx_word' id='word_1_196' title='bbox 1249 2863 1445 2917; x_wconf 87' lang='lat' dir='ltr'><strong>inferas</strong></span> <span class='ocrx_word' id='word_1_197' title='bbox 1474 2872 1673 2933; x_wconf 83' lang='lat' dir='ltr'><strong>pestem</strong></span> <span class='ocrx_word' id='word_1_198' title='bbox 1716 2864 1858 2917; x_wconf 85' lang='lat' dir='ltr'><strong>illaut</strong></span> <span class='ocrx_word' id='word_1_199' title='bbox 1890 2879 2006 2917; x_wconf 84' lang='lat' dir='ltr'><strong>ma-</strong></span> 
     </span>
    </p>
   </div>
   <div class='ocr_carea' id='block_1_28' title="bbox 420 2952 2005 3024">
    <p class='ocr_par' dir='ltr' id='par_1_28' title="bbox 420 2952 2005 3024">
     <span class='ocr_line' id='line_1_28' title="bbox 420 2952 2005 3024; baseline 0 -17"><span class='ocrx_word' id='word_1_200' title='bbox 420 2952 634 3015; x_wconf 81' lang='lat' dir='ltr'><strong>navisse</strong></span> <span class='ocrx_word' id='word_1_201' title='bbox 672 2953 725 3006; x_wconf 92' lang='lat' dir='ltr'><strong>in</strong></span> <span class='ocrx_word' id='word_1_202' title='bbox 768 2953 887 3008; x_wconf 89' lang='lat' dir='ltr'><strong>dies</strong></span> <span class='ocrx_word' id='word_1_203' title='bbox 934 2953 1130 3021; x_wconf 86' lang='lat' dir='ltr'><strong>latius;</strong></span> <span class='ocrx_word' id='word_1_204' title='bbox 1180 2954 1478 3023; x_wconf 86' lang='lat' dir='ltr'><strong>multosque</strong></span> <span class='ocrx_word' id='word_1_205' title='bbox 1517 2962 1643 3008; x_wconf 86' lang='lat' dir='ltr'><strong>tunc</strong></span> <span class='ocrx_word' id='word_1_206' title='bbox 1682 2953 1880 3019; x_wconf 77' lang='lat' dir='ltr'><strong>fuisse,</strong></span> <span class='ocrx_word' id='word_1_207' title='bbox 1916 2954 2005 3024; x_wconf 86' lang='lat' dir='ltr'><strong>qui</strong></span> 
     </span>
    </p>
   </div>
   <div class='ocr_carea' id='block_1_29' title="bbox 420 3044 2006 3114">
    <p class='ocr_par' dir='ltr' id='par_1_29' title="bbox 420 3044 2006 3114">
     <span class='ocr_line' id='line_1_29' title="bbox 420 3044 2006 3114; baseline -0.001 -15"><span class='ocrx_word' id='word_1_208' title='bbox 420 3044 644 3105; x_wconf 77' lang='lat' dir='ltr'><strong>aliorum</strong></span> <span class='ocrx_word' id='word_1_209' title='bbox 676 3044 955 3113; x_wconf 91' lang='lat' dir='ltr'><strong>dispendio</strong></span> <span class='ocrx_word' id='word_1_210' title='bbox 996 3058 1109 3099; x_wconf 90' lang='lat' dir='ltr'><strong>rem</strong></span> <span class='ocrx_word' id='word_1_211' title='bbox 1142 3058 1292 3099; x_wconf 86' lang='lat' dir='ltr'><strong>suam</strong></span> <span class='ocrx_word' id='word_1_212' title='bbox 1323 3059 1531 3114; x_wconf 78' lang='lat' dir='ltr'><strong>augere</strong></span> <span class='ocrx_word' id='word_1_213' title='bbox 1561 3044 1873 3112; x_wconf 85' lang='lat' dir='ltr'><strong>studerent,</strong></span> <span class='ocrx_word' id='word_1_214' title='bbox 1906 3060 2006 3098; x_wconf 86' lang='lat' dir='ltr'><strong>tto-</strong></span> 
     </span>
    </p>
   </div>
   <div class='ocr_carea' id='block_1_30' title="bbox 422 3136 2002 3208">
    <p class='ocr_par' dir='ltr' id='par_1_30' title="bbox 422 3136 2002 3208">
     <span class='ocr_line' id='line_1_30' title="bbox 422 3136 2002 3208; baseline 0.001 -19"><span class='ocrx_word' id='word_1_215' title='bbox 422 3150 623 3206; x_wconf 74' lang='lat' dir='ltr'><strong>vosque</strong></span> <span class='ocrx_word' id='word_1_216' title='bbox 650 3136 1000 3191; x_wconf 83' lang='lat' dir='ltr'><strong>insurt&#39;exisse</strong></span> <span class='ocrx_word' id='word_1_217' title='bbox 1020 3136 1278 3206; x_wconf 87' lang='lat' dir='ltr'><strong>quotidie,</strong></span> <span class='ocrx_word' id='word_1_218' title='bbox 1301 3137 1391 3206; x_wconf 89' lang='lat' dir='ltr'><strong>qui</strong></span> <span class='ocrx_word' id='word_1_219' title='bbox 1412 3136 1512 3193; x_wconf 83' lang='lat' dir='ltr'><strong>hac</strong></span> <span class='ocrx_word' id='word_1_220' title='bbox 1530 3136 1818 3208; x_wconf 83' lang='lat' dir='ltr'><strong>cupiditate</strong></span> <span class='ocrx_word' id='word_1_221' title='bbox 1841 3137 2002 3208; x_wconf 85' lang='lat' dir='ltr'><strong>capti,</strong></span> 
     </span>
    </p>
   </div>
   <div class='ocr_carea' id='block_1_31' title="bbox 420 3227 1229 3295">
    <p class='ocr_par' dir='ltr' id='par_1_31' title="bbox 420 3227 1229 3295">
     <span class='ocr_line' id='line_1_31' title="bbox 420 3227 1229 3295; baseline 0 -14"><span class='ocrx_word' id='word_1_222' title='bbox 420 3228 477 3289; x_wconf 81' lang='lat' dir='ltr'><strong>in</strong></span> <span class='ocrx_word' id='word_1_223' title='bbox 503 3228 728 3287; x_wconf 82' lang='lat' dir='ltr'><strong>aliorum</strong></span> <span class='ocrx_word' id='word_1_224' title='bbox 758 3241 888 3295; x_wconf 80' lang='lat' dir='ltr'><strong>Opes</strong></span> <span class='ocrx_word' id='word_1_225' title='bbox 914 3227 1229 3281; x_wconf 89' lang='lat' dir='ltr'><strong>involarent.</strong></span> 
     </span>
    </p>
   </div>
   <div class='ocr_carea' id='block_1_32' title="bbox 491 3318 2000 3391">
    <p class='ocr_par' dir='ltr' id='par_1_32' title="bbox 491 3318 2000 3391">
     <span class='ocr_line' id='line_1_32' title="bbox 491 3318 2000 3391; baseline 0.001 -18"><span class='ocrx_word' id='word_1_226' title='bbox 491 3318 725 3389; x_wconf 84' lang='lat' dir='ltr'><strong>Eratque</strong></span> <span class='ocrx_word' id='word_1_227' title='bbox 767 3318 911 3374; x_wconf 82' lang='lat' dir='ltr'><strong>aliud</strong></span> <span class='ocrx_word' id='word_1_228' title='bbox 954 3319 1124 3374; x_wconf 81' lang='lat' dir='ltr'><strong>morbi</strong></span> <span class='ocrx_word' id='word_1_229' title='bbox 1168 3332 1370 3390; x_wconf 86' lang='lat' dir='ltr'><strong>genus,</strong></span> <span class='ocrx_word' id='word_1_230' title='bbox 1411 3320 1580 3391; x_wconf 86' lang='lat' dir='ltr'><strong>magis</strong></span> <span class='ocrx_word' id='word_1_231' title='bbox 1621 3318 2000 3391; x_wconf 88' lang='lat' dir='ltr'><strong>periculosum,</strong></span> 
     </span>
    </p>
   </div>
   <div class='ocr_carea' id='block_1_33' title="bbox 417 3412 2004 3482">
    <p class='ocr_par' dir='ltr' id='par_1_33' title="bbox 417 3412 2004 3482">
     <span class='ocr_line' id='line_1_33' title="bbox 417 3412 2004 3482; baseline 0.004 -19"><span class='ocrx_word' id='word_1_232' title='bbox 417 3412 559 3482; x_wconf 84' lang='lat' dir='ltr'><strong>quod</strong></span> <span class='ocrx_word' id='word_1_233' title='bbox 586 3422 710 3468; x_wconf 88' lang='lat' dir='ltr'><strong>tunc</strong></span> <span class='ocrx_word' id='word_1_234' title='bbox 743 3412 898 3467; x_wconf 88' lang='lat' dir='ltr'><strong>latins</strong></span> <span class='ocrx_word' id='word_1_235' title='bbox 934 3413 1295 3482; x_wconf 74' lang='lat' dir='ltr'><strong>grassabatur.</strong></span> <span class='ocrx_word' id='word_1_236' title='bbox 1336 3413 1785 3482; x_wconf 67' lang='lat' dir='ltr'><strong>P-riestigiatorum</strong></span> <span class='ocrx_word' id='word_1_237' title='bbox 1810 3427 2004 3482; x_wconf 84' lang='lat' dir='ltr'><strong>nempe</strong></span> 
     </span>
    </p>
   </div>
   <div class='ocr_carea' id='block_1_34' title="bbox 415 3503 2000 3574">
    <p class='ocr_par' dir='ltr' id='par_1_34' title="bbox 415 3503 2000 3574">
     <span class='ocr_line' id='line_1_34' title="bbox 415 3503 2000 3574; baseline 0.002 -19"><span class='ocrx_word' id='word_1_238' title='bbox 415 3516 709 3570; x_wconf 83' lang='lat' dir='ltr'><strong>eorumque</strong></span> <span class='ocrx_word' id='word_1_239' title='bbox 724 3503 815 3572; x_wconf 87' lang='lat' dir='ltr'><strong>qui</strong></span> <span class='ocrx_word' id='word_1_240' title='bbox 843 3503 951 3555; x_wconf 84' lang='lat' dir='ltr'><strong>fato</strong></span> <span class='ocrx_word' id='word_1_241' title='bbox 970 3511 1024 3556; x_wconf 88' lang='lat' dir='ltr'><strong>et</strong></span> <span class='ocrx_word' id='word_1_242' title='bbox 1046 3503 1227 3572; x_wconf 77' lang='lat' dir='ltr'><strong>genesi</strong></span> <span class='ocrx_word' id='word_1_243' title='bbox 1252 3517 1347 3557; x_wconf 89' lang='lat' dir='ltr'><strong>seu</strong></span> <span class='ocrx_word' id='word_1_244' title='bbox 1373 3503 1797 3574; x_wconf 78' lang='lat' dir='ltr'><strong>genethlialogiae</strong></span> <span class='ocrx_word' id='word_1_245' title='bbox 1821 3504 2000 3558; x_wconf 87' lang='lat' dir='ltr'><strong>omnia</strong></span> 
     </span>
    </p>
   </div>
   <div class='ocr_carea' id='block_1_35' title="bbox 416 3590 2001 3662">
    <p class='ocr_par' dir='ltr' id='par_1_35' title="bbox 416 3590 2001 3662">
     <span class='ocr_line' id='line_1_35' title="bbox 416 3590 2001 3662; baseline 0.002 -17"><span class='ocrx_word' id='word_1_246' title='bbox 416 3590 748 3654; x_wconf 78' lang='lat' dir='ltr'><strong>tribuebant,</strong></span> <span class='ocrx_word' id='word_1_247' title='bbox 792 3591 1282 3661; x_wconf 71' lang='lat' dir='ltr'><strong>prmstigiaruntque</strong></span> <span class='ocrx_word' id='word_1_248' title='bbox 1319 3607 1518 3662; x_wconf 81' lang='lat' dir='ltr'><strong>genera</strong></span> <span class='ocrx_word' id='word_1_249' title='bbox 1560 3596 1736 3652; x_wconf 85' lang='lat' dir='ltr'><strong>omnia</strong></span> <span class='ocrx_word' id='word_1_250' title='bbox 1779 3593 2001 3648; x_wconf 84' lang='lat' dir='ltr'><strong>induce-</strong></span> 
     </span>
    </p>
   </div>
   <div class='ocr_carea' id='block_1_36' title="bbox 419 3682 2001 3753">
    <p class='ocr_par' dir='ltr' id='par_1_36' title="bbox 419 3682 2001 3753">
     <span class='ocr_line' id='line_1_36' title="bbox 419 3682 2001 3753; baseline 0.001 -15"><span class='ocrx_word' id='word_1_251' title='bbox 419 3683 573 3753; x_wconf 79' lang='lat' dir='ltr'><strong>bant,</strong></span> <span class='ocrx_word' id='word_1_252' title='bbox 591 3697 814 3753; x_wconf 86' lang='lat' dir='ltr'><strong>quarum</strong></span> <span class='ocrx_word' id='word_1_253' title='bbox 838 3682 1054 3736; x_wconf 89' lang='lat' dir='ltr'><strong>nomina</strong></span> <span class='ocrx_word' id='word_1_254' title='bbox 1075 3682 1154 3736; x_wconf 91' lang='lat' dir='ltr'><strong>sic</strong></span> <span class='ocrx_word' id='word_1_255' title='bbox 1178 3682 1268 3737; x_wconf 91' lang='lat' dir='ltr'><strong>ille</strong></span> <span class='ocrx_word' id='word_1_256' title='bbox 1292 3692 1535 3738; x_wconf 85' lang='lat' dir='ltr'><strong>recenset</strong></span> <span class='ocrx_word' id='word_1_257' title='bbox 1559 3683 1610 3736; x_wconf 93' lang='lat' dir='ltr'><strong>in</strong></span> <span class='ocrx_word' id='word_1_258' title='bbox 1640 3683 1744 3739; x_wconf 81' lang='lat' dir='ltr'><strong>ﬁne</strong></span> <span class='ocrx_word' id='word_1_259' title='bbox 1770 3683 2001 3739; x_wconf 82' lang='lat' dir='ltr'><strong>homiliae</strong></span> 
     </span>
    </p>
   </div>
   <div class='ocr_carea' id='block_1_37' title="bbox 418 3771 1996 3845">
    <p class='ocr_par' dir='ltr' id='par_1_37' title="bbox 418 3771 1996 3845">
     <span class='ocr_line' id='line_1_37' title="bbox 418 3771 1996 3845; baseline -0.001 -17"><span class='ocrx_word' id='word_1_260' title='bbox 418 3773 642 3839; x_wconf 73' lang='lat' dir='ltr'><strong>decima:</strong></span> <span class='ocrx_word' id='word_1_261' title='bbox 690 3790 707 3828; x_wconf 82' lang='lat'><strong>:</strong></span> <span class='ocrx_word' id='word_1_262' title='bbox 748 3772 868 3827; x_wconf 82' lang='lat' dir='ltr'><strong>Alia</strong></span> <span class='ocrx_word' id='word_1_263' title='bbox 911 3772 1055 3826; x_wconf 88' lang='lat' dir='ltr'><strong>mitto</strong></span> <span class='ocrx_word' id='word_1_264' title='bbox 1100 3772 1286 3844; x_wconf 77' lang='lat' dir='ltr'><strong>grandi</strong></span> <span class='ocrx_word' id='word_1_265' title='bbox 1332 3771 1471 3827; x_wconf 66' lang='lat' dir='ltr'><strong>luctu</strong></span> <span class='ocrx_word' id='word_1_266' title='bbox 1518 3774 1705 3843; x_wconf 84' lang='lat' dir='ltr'><strong>digna,</strong></span> <span class='ocrx_word' id='word_1_267' title='bbox 1750 3775 1996 3845; x_wconf 75' lang='lat' dir='ltr'><strong>auguria,</strong></span> 
     </span>
    </p>
   </div>
   <div class='ocr_carea' id='block_1_38' title="bbox 418 3867 1999 3938">
    <p class='ocr_par' dir='ltr' id='par_1_38' title="bbox 418 3867 1999 3938">
     <span class='ocr_line' id='line_1_38' title="bbox 418 3867 1999 3938; baseline -0.002 -15"><span class='ocrx_word' id='word_1_268' title='bbox 418 3869 656 3923; x_wconf 74' lang='lat' dir='ltr'><strong>vaticinia</strong></span> <span class='ocrx_word' id='word_1_269' title='bbox 674 3908 692 3935; x_wconf 94' lang='lat'><strong>,</strong></span> <span class='ocrx_word' id='word_1_270' title='bbox 721 3867 1089 3922; x_wconf 73' lang='lat' dir='ltr'><strong>observationes</strong></span> <span class='ocrx_word' id='word_1_271' title='bbox 1108 3908 1124 3937; x_wconf 82' lang='lat'><strong>,</strong></span> <span class='ocrx_word' id='word_1_272' title='bbox 1160 3867 1379 3938; x_wconf 78' lang='lat' dir='ltr'><strong>genesim</strong></span> <span class='ocrx_word' id='word_1_273' title='bbox 1403 3907 1417 3931; x_wconf 93' lang='lat'><strong>,</strong></span> <span class='ocrx_word' id='word_1_274' title='bbox 1447 3867 1704 3938; x_wconf 68' lang='lat' dir='ltr'><strong>symbolo,</strong></span> <span class='ocrx_word' id='word_1_275' title='bbox 1734 3868 1999 3938; x_wconf 77' lang='lat' dir='ltr'><strong>ligamina,</strong></span> 
     </span>
    </p>
   </div>
   <div class='ocr_carea' id='block_1_39' title="bbox 418 3958 1997 4029">
    <p class='ocr_par' dir='ltr' id='par_1_39' title="bbox 418 3958 1997 4029">
     <span class='ocr_line' id='line_1_39' title="bbox 418 3958 1997 4029; baseline -0.001 -15"><span class='ocrx_word' id='word_1_276' title='bbox 418 3959 768 4026; x_wconf 62' lang='lat' dir='ltr'><strong>diuinationes,</strong></span> <span class='ocrx_word' id='word_1_277' title='bbox 797 3958 1159 4012; x_wconf 74' lang='lat' dir='ltr'><strong>incantationes</strong></span> <span class='ocrx_word' id='word_1_278' title='bbox 1180 3999 1193 4021; x_wconf 93' lang='lat'><strong>,</strong></span> <span class='ocrx_word' id='word_1_279' title='bbox 1230 3959 1479 4029; x_wconf 82' lang='lat' dir='ltr'><strong>magicam</strong></span> <span class='ocrx_word' id='word_1_280' title='bbox 1506 3967 1686 4013; x_wconf 82' lang='lat' dir='ltr'><strong>artem.</strong></span> <span class='ocrx_word' id='word_1_281' title='bbox 1720 3959 1844 4015; x_wconf 76' lang='lat' dir='ltr'><strong>lltec</strong></span> <span class='ocrx_word' id='word_1_282' title='bbox 1876 3975 1997 4013; x_wconf 87' lang='lat' dir='ltr'><strong>out-</strong></span> 
     </span>
    </p>
   </div>
   <div class='ocr_carea' id='block_1_40' title="bbox 418 4050 1994 4122">
    <p class='ocr_par' dir='ltr' id='par_1_40' title="bbox 418 4050 1994 4122">
     <span class='ocr_line' id='line_1_40' title="bbox 418 4050 1994 4122; baseline 0.003 -20"><span class='ocrx_word' id='word_1_283' title='bbox 418 4051 502 4113; x_wconf 77' lang='lat' dir='ltr'><strong>nia</strong></span> <span class='ocrx_word' id='word_1_284' title='bbox 535 4050 638 4107; x_wconf 83' lang='lat' dir='ltr'><strong>isto</strong></span> <span class='ocrx_word' id='word_1_285' title='bbox 667 4058 906 4119; x_wconf 85' lang='lat' dir='ltr'><strong>tempore</strong></span> <span class='ocrx_word' id='word_1_286' title='bbox 931 4052 1000 4103; x_wconf 84' lang='lat' dir='ltr'><strong>ita</strong></span> <span class='ocrx_word' id='word_1_287' title='bbox 1028 4051 1433 4114; x_wconf 80' lang='lat' dir='ltr'><strong>exercebantur,</strong></span> <span class='ocrx_word' id='word_1_288' title='bbox 1470 4060 1528 4104; x_wconf 91' lang='lat' dir='ltr'><strong>nt</strong></span> <span class='ocrx_word' id='word_1_289' title='bbox 1557 4066 1814 4121; x_wconf 89' lang='lat' dir='ltr'><strong>nusquam</strong></span> <span class='ocrx_word' id='word_1_290' title='bbox 1845 4067 1994 4122; x_wconf 89' lang='lat' dir='ltr'><strong>repe-</strong></span> 
     </span>
    </p>
   </div>
   <div class='ocr_carea' id='block_1_41' title="bbox 416 4141 1991 4213">
    <p class='ocr_par' dir='ltr' id='par_1_41' title="bbox 416 4141 1991 4213">
     <span class='ocr_line' id='line_1_41' title="bbox 416 4141 1991 4213; baseline 0.001 -17"><span class='ocrx_word' id='word_1_291' title='bbox 416 4144 525 4196; x_wconf 86' lang='lat' dir='ltr'><strong>rias</strong></span> <span class='ocrx_word' id='word_1_292' title='bbox 566 4143 712 4205; x_wconf 80' lang='lat' dir='ltr'><strong>illum</strong></span> <span class='ocrx_word' id='word_1_293' title='bbox 743 4152 847 4197; x_wconf 84' lang='lat' dir='ltr'><strong>tam</strong></span> <span class='ocrx_word' id='word_1_294' title='bbox 887 4141 1192 4211; x_wconf 85' lang='lat' dir='ltr'><strong>frequenter</strong></span> <span class='ocrx_word' id='word_1_295' title='bbox 1235 4143 1478 4198; x_wconf 86' lang='lat' dir='ltr'><strong>morbum</strong></span> <span class='ocrx_word' id='word_1_296' title='bbox 1520 4141 1823 4213; x_wconf 85' lang='lat' dir='ltr'><strong>bujusmodi</strong></span> <span class='ocrx_word' id='word_1_297' title='bbox 1858 4143 1991 4201; x_wconf 80' lang='lat' dir='ltr'><strong>inse-</strong></span> 
     </span>
    </p>
   </div>
   <div class='ocr_carea' id='block_1_42' title="bbox 415 4244 671 4301">
    <p class='ocr_par' dir='ltr' id='par_1_42' title="bbox 415 4244 671 4301">
     <span class='ocr_line' id='line_1_42' title="bbox 415 4244 671 4301; baseline -0.004 -10"><span class='ocrx_word' id='word_1_298' title='bbox 415 4244 671 4301; x_wconf 72' lang='lat' dir='ltr'><strong>clamem.</strong></span> 
     </span>
    </p>
   </div>
   <div class='ocr_carea' id='block_1_43' title="bbox 485 4328 1996 4401">
    <p class='ocr_par' dir='ltr' id='par_1_43' title="bbox 485 4328 1996 4401">
     <span class='ocr_line' id='line_1_43' title="bbox 485 4328 1996 4401; baseline 0.003 -20"><span class='ocrx_word' id='word_1_299' title='bbox 485 4328 656 4383; x_wconf 78' lang='lat' dir='ltr'><strong>Aliam</strong></span> <span class='ocrx_word' id='word_1_300' title='bbox 696 4342 908 4399; x_wconf 84' lang='lat' dir='ltr'><strong>quoque</strong></span> <span class='ocrx_word' id='word_1_301' title='bbox 942 4343 1054 4384; x_wconf 88' lang='lat' dir='ltr'><strong>rem</strong></span> <span class='ocrx_word' id='word_1_302' title='bbox 1089 4328 1425 4399; x_wconf 80' lang='lat' dir='ltr'><strong>aggreditur,</strong></span> <span class='ocrx_word' id='word_1_303' title='bbox 1453 4346 1572 4399; x_wconf 70' lang='lat' dir='ltr'><strong>quat</strong></span> <span class='ocrx_word' id='word_1_304' title='bbox 1603 4336 1727 4388; x_wconf 82' lang='lat' dir='ltr'><strong>tunc</strong></span> <span class='ocrx_word' id='word_1_305' title='bbox 1750 4330 1996 4401; x_wconf 84' lang='lat' dir='ltr'><strong>serpebat</strong></span> 
     </span>
    </p>
   </div>
   <div class='ocr_carea' id='block_1_44' title="bbox 419 4416 1995 4491">
    <p class='ocr_par' dir='ltr' id='par_1_44' title="bbox 419 4416 1995 4491">
     <span class='ocr_line' id='line_1_44' title="bbox 419 4416 1995 4491; baseline 0.002 -19"><span class='ocrx_word' id='word_1_306' title='bbox 419 4416 473 4472; x_wconf 86' lang='lat' dir='ltr'><strong>it&#39;t</strong></span> <span class='ocrx_word' id='word_1_307' title='bbox 500 4418 741 4477; x_wconf 74' lang='lat' dir='ltr'><strong>ecclesia:</strong></span> <span class='ocrx_word' id='word_1_308' title='bbox 765 4419 1039 4485; x_wconf 87' lang='lat' dir='ltr'><strong>damnum,</strong></span> <span class='ocrx_word' id='word_1_309' title='bbox 1067 4420 1209 4490; x_wconf 84' lang='lat' dir='ltr'><strong>quod</strong></span> <span class='ocrx_word' id='word_1_310' title='bbox 1239 4435 1432 4491; x_wconf 87' lang='lat' dir='ltr'><strong>nempe</strong></span> <span class='ocrx_word' id='word_1_311' title='bbox 1456 4421 1688 4491; x_wconf 80' lang='lat' dir='ltr'><strong>virgines</strong></span> <span class='ocrx_word' id='word_1_312' title='bbox 1716 4424 1822 4477; x_wconf 87' lang='lat' dir='ltr'><strong>Deo</strong></span> <span class='ocrx_word' id='word_1_313' title='bbox 1850 4423 1995 4477; x_wconf 89' lang='lat' dir='ltr'><strong>dica-</strong></span> 
     </span>
    </p>
   </div>
   <div class='ocr_carea' id='block_1_45' title="bbox 415 4509 1997 4574">
    <p class='ocr_par' dir='ltr' id='par_1_45' title="bbox 415 4509 1997 4574">
     <span class='ocr_line' id='line_1_45' title="bbox 415 4509 1997 4574; baseline 0.003 -12"><span class='ocrx_word' id='word_1_314' title='bbox 415 4518 488 4562; x_wconf 74' lang='lat' dir='ltr'><strong>ta:</strong></span> <span class='ocrx_word' id='word_1_315' title='bbox 515 4510 739 4571; x_wconf 79' lang='lat' dir='ltr'><strong>vestium</strong></span> <span class='ocrx_word' id='word_1_316' title='bbox 765 4509 933 4563; x_wconf 84' lang='lat' dir='ltr'><strong>cultui</strong></span> <span class='ocrx_word' id='word_1_317' title='bbox 970 4510 1130 4564; x_wconf 89' lang='lat' dir='ltr'><strong>nimis</strong></span> <span class='ocrx_word' id='word_1_318' title='bbox 1157 4509 1469 4574; x_wconf 73' lang='lat' dir='ltr'><strong>studerent,</strong></span> <span class='ocrx_word' id='word_1_319' title='bbox 1513 4521 1567 4565; x_wconf 88' lang='lat' dir='ltr'><strong>et</strong></span> <span class='ocrx_word' id='word_1_320' title='bbox 1585 4512 1667 4565; x_wconf 68' lang='lat' dir='ltr'><strong>&quot;ex</strong></span> <span class='ocrx_word' id='word_1_321' title='bbox 1697 4512 1905 4569; x_wconf 87' lang='lat' dir='ltr'><strong>incessu</strong></span> <span class='ocrx_word' id='word_1_322' title='bbox 1941 4522 1997 4567; x_wconf 87' lang='lat' dir='ltr'><strong>et</strong></span> 
     </span>
    </p>
   </div>
   <div class='ocr_carea' id='block_1_46' title="bbox 419 4598 1994 4669">
    <p class='ocr_par' dir='ltr' id='par_1_46' title="bbox 419 4598 1994 4669">
     <span class='ocr_line' id='line_1_46' title="bbox 419 4598 1994 4669; baseline 0.003 -16"><span class='ocrx_word' id='word_1_323' title='bbox 419 4607 612 4655; x_wconf 81' lang='lat' dir='ltr'><strong>ornatu</strong></span> <span class='ocrx_word' id='word_1_324' title='bbox 627 4598 758 4657; x_wconf 83' lang='lat' dir='ltr'><strong>viris</strong></span> <span class='ocrx_word' id='word_1_325' title='bbox 774 4599 986 4668; x_wconf 83' lang='lat' dir='ltr'><strong>placere</strong></span> <span class='ocrx_word' id='word_1_326' title='bbox 1014 4608 1290 4669; x_wconf 86' lang='lat' dir='ltr'><strong>cuperent.</strong></span> <span class='ocrx_word' id='word_1_327' title='bbox 1317 4600 1452 4668; x_wconf 85' lang='lat' dir='ltr'><strong>Quid</strong></span> <span class='ocrx_word' id='word_1_328' title='bbox 1481 4602 1603 4663; x_wconf 87' lang='lat' dir='ltr'><strong>inde</strong></span> <span class='ocrx_word' id='word_1_329' title='bbox 1621 4602 1800 4656; x_wconf 84' lang='lat' dir='ltr'><strong>damni</strong></span> <span class='ocrx_word' id='word_1_330' title='bbox 1822 4620 1994 4658; x_wconf 82' lang='lat' dir='ltr'><strong>emer-</strong></span> 
     </span>
    </p>
   </div>
   <div class='ocr_carea' id='block_1_47' title="bbox 417 4691 1992 4762">
    <p class='ocr_par' dir='ltr' id='par_1_47' title="bbox 417 4691 1992 4762">
     <span class='ocr_line' id='line_1_47' title="bbox 417 4691 1992 4762; baseline 0.004 -20"><span class='ocrx_word' id='word_1_331' title='bbox 417 4702 608 4751; x_wconf 84' lang='lat' dir='ltr'><strong>surum</strong></span> <span class='ocrx_word' id='word_1_332' title='bbox 648 4696 828 4756; x_wconf 86' lang='lat' dir='ltr'><strong>esset,</strong></span> <span class='ocrx_word' id='word_1_333' title='bbox 874 4704 994 4745; x_wconf 90' lang='lat' dir='ltr'><strong>cum</strong></span> <span class='ocrx_word' id='word_1_334' title='bbox 1041 4691 1156 4759; x_wconf 87' lang='lat' dir='ltr'><strong>ipse</strong></span> <span class='ocrx_word' id='word_1_335' title='bbox 1201 4691 1439 4760; x_wconf 88' lang='lat' dir='ltr'><strong>pluribus</strong></span> <span class='ocrx_word' id='word_1_336' title='bbox 1481 4694 1992 4762; x_wconf 74' lang='lat' dir='ltr'><strong>perseqttitur,,tutn</strong></span> 
     </span>
    </p>
   </div>
   <div class='ocr_carea' id='block_1_48' title="bbox 417 4779 1626 4852">
    <p class='ocr_par' dir='ltr' id='par_1_48' title="bbox 417 4779 1626 4852">
     <span class='ocr_line' id='line_1_48' title="bbox 417 4779 1626 4852; baseline -0.001 -17"><span class='ocrx_word' id='word_1_337' title='bbox 417 4780 581 4835; x_wconf 89' lang='lat' dir='ltr'><strong>etiam</strong></span> <span class='ocrx_word' id='word_1_338' title='bbox 609 4779 784 4850; x_wconf 81' lang='lat' dir='ltr'><strong>quivis</strong></span> <span class='ocrx_word' id='word_1_339' title='bbox 807 4780 984 4835; x_wconf 85' lang='lat' dir='ltr'><strong>statim</strong></span> <span class='ocrx_word' id='word_1_340' title='bbox 1013 4780 1414 4851; x_wconf 84' lang='lat' dir='ltr'><strong>deprehendere</strong></span> <span class='ocrx_word' id='word_1_341' title='bbox 1443 4784 1626 4852; x_wconf 88' lang='lat' dir='ltr'><strong>possit.</strong></span> 
     </span>
    </p>
   </div>
   <div class='ocr_carea' id='block_1_49' title="bbox 490 4871 1989 4946">
    <p class='ocr_par' dir='ltr' id='par_1_49' title="bbox 490 4871 1989 4946">
     <span class='ocr_line' id='line_1_49' title="bbox 490 4871 1989 4946; baseline 0.001 -19"><span class='ocrx_word' id='word_1_342' title='bbox 490 4871 747 4927; x_wconf 85' lang='lat' dir='ltr'><strong>llomilias</strong></span> <span class='ocrx_word' id='word_1_343' title='bbox 789 4871 949 4926; x_wconf 89' lang='lat' dir='ltr'><strong>etiam</strong></span> <span class='ocrx_word' id='word_1_344' title='bbox 1002 4872 1054 4927; x_wconf 90' lang='lat' dir='ltr'><strong>in</strong></span> <span class='ocrx_word' id='word_1_345' title='bbox 1100 4873 1391 4943; x_wconf 83' lang='lat' dir='ltr'><strong>Epistulam</strong></span> <span class='ocrx_word' id='word_1_346' title='bbox 1439 4875 1505 4928; x_wconf 90' lang='lat' dir='ltr'><strong>ad</strong></span> <span class='ocrx_word' id='word_1_347' title='bbox 1550 4874 1727 4930; x_wconf 87' lang='lat' dir='ltr'><strong>Titum</strong></span> <span class='ocrx_word' id='word_1_348' title='bbox 1776 4874 1872 4946; x_wconf 82' lang='grc' dir='ltr'><strong>(Τ.</strong></span> <span class='ocrx_word' id='word_1_349' title='bbox 1904 4877 1989 4930; x_wconf 79' lang='grc' dir='ltr'><strong>Η.</strong></span> 
     </span>
    </p>
   </div>
   <div class='ocr_carea' id='block_1_50' title="bbox 419 4957 1993 5037">
    <p class='ocr_par' dir='ltr' id='par_1_50' title="bbox 419 4957 1993 5037">
     <span class='ocr_line' id='line_1_50' title="bbox 419 4957 1993 5037; baseline 0.003 -20"><span class='ocrx_word' id='word_1_350' title='bbox 419 4979 468 5017; x_wconf 84' lang='lat' dir='ltr'><strong>c.</strong></span> <span class='ocrx_word' id='word_1_351' title='bbox 495 4957 638 5033; x_wconf 73' lang='lat'><strong>6‘31)</strong></span> <span class='ocrx_word' id='word_1_352' title='bbox 668 4959 962 5016; x_wconf 71' lang='lat' dir='ltr'><strong>Antiochia:</strong></span> <span class='ocrx_word' id='word_1_353' title='bbox 1001 4961 1171 5019; x_wconf 82' lang='lat' dir='ltr'><strong>dictas</strong></span> <span class='ocrx_word' id='word_1_354' title='bbox 1208 4962 1368 5019; x_wconf 90' lang='lat' dir='ltr'><strong>fuisse</strong></span> <span class='ocrx_word' id='word_1_355' title='bbox 1398 4964 1655 5034; x_wconf 85' lang='lat' dir='ltr'><strong>probatur</strong></span> <span class='ocrx_word' id='word_1_356' title='bbox 1692 4980 1758 5021; x_wconf 81' lang='lat' dir='ltr'><strong>ex</strong></span> <span class='ocrx_word' id='word_1_357' title='bbox 1783 4967 1848 5022; x_wconf 92' lang='lat' dir='ltr'><strong>iis</strong></span> <span class='ocrx_word' id='word_1_358' title='bbox 1873 4982 1993 5037; x_wconf 75' lang='lat' dir='ltr'><strong>quae</strong></span> 
     </span>
    </p>
   </div>
   <div class='ocr_carea' id='block_1_51' title="bbox 413 5050 1992 5123">
    <p class='ocr_par' dir='ltr' id='par_1_51' title="bbox 413 5050 1992 5123">
     <span class='ocr_line' id='line_1_51' title="bbox 413 5050 1992 5123; baseline 0.005 -18"><span class='ocrx_word' id='word_1_359' title='bbox 413 5053 827 5123; x_wconf 80' lang='lat' dir='ltr'><strong>Chrysostontus</strong></span> <span class='ocrx_word' id='word_1_360' title='bbox 854 5050 929 5105; x_wconf 85' lang='lat' dir='ltr'><strong>ait</strong></span> <span class='ocrx_word' id='word_1_361' title='bbox 961 5050 1178 5122; x_wconf 76' lang='lat' dir='ltr'><strong>ltom.5,</strong></span> <span class='ocrx_word' id='word_1_362' title='bbox 1199 5071 1347 5109; x_wconf 87' lang='lat' dir='ltr'><strong>num.</strong></span> <span class='ocrx_word' id='word_1_363' title='bbox 1371 5055 1407 5109; x_wconf 75' lang='grc'>2</span> <span class='ocrx_word' id='word_1_364' title='bbox 1436 5073 1450 5111; x_wconf 93' lang='lat'><strong>:</strong></span> <span class='ocrx_word' id='word_1_365' title='bbox 1480 5055 1618 5121; x_wconf 83' lang='lat' dir='ltr'><strong>Quid</strong></span> <span class='ocrx_word' id='word_1_366' title='bbox 1644 5057 1778 5111; x_wconf 78' lang='lat' dir='ltr'><strong>enim</strong></span> <span class='ocrx_word' id='word_1_367' title='bbox 1801 5057 1865 5111; x_wconf 81' lang='lat' dir='ltr'><strong>de</strong></span> <span class='ocrx_word' id='word_1_368' title='bbox 1888 5058 1992 5113; x_wconf 83' lang='lat' dir='ltr'><strong>illis</strong></span> 
     </span>
    </p>
   </div>
   <div class='ocr_carea' id='block_1_52' title="bbox 412 5141 1991 5218">
    <p class='ocr_par' dir='ltr' id='par_1_52' title="bbox 412 5141 1991 5218">
     <span class='ocr_line' id='line_1_52' title="bbox 412 5141 1991 5218; baseline 0.004 -22"><span class='ocrx_word' id='word_1_369' title='bbox 412 5141 604 5198; x_wconf 69' lang='lat' dir='ltr'><strong>dixeris</strong></span> <span class='ocrx_word' id='word_1_370' title='bbox 623 5180 639 5206; x_wconf 93' lang='lat'><strong>,</strong></span> <span class='ocrx_word' id='word_1_371' title='bbox 669 5141 873 5212; x_wconf 89' lang='lat' dir='ltr'><strong>inquit,</strong></span> <span class='ocrx_word' id='word_1_372' title='bbox 909 5143 995 5212; x_wconf 92' lang='lat' dir='ltr'><strong>qui</strong></span> <span class='ocrx_word' id='word_1_373' title='bbox 1020 5159 1136 5197; x_wconf 88' lang='lat' dir='ltr'><strong>cum</strong></span> <span class='ocrx_word' id='word_1_374' title='bbox 1159 5141 1357 5200; x_wconf 76' lang='lat' dir='ltr'><strong>Judteis</strong></span> <span class='ocrx_word' id='word_1_375' title='bbox 1374 5145 1615 5217; x_wconf 81' lang='lat' dir='ltr'><strong>jejunant</strong></span> <span class='ocrx_word' id='word_1_376' title='bbox 1634 5187 1649 5212; x_wconf 91' lang='lat'><strong>,</strong></span> <span class='ocrx_word' id='word_1_377' title='bbox 1676 5149 1762 5218; x_wconf 87' lang='lat' dir='ltr'><strong>qui</strong></span> <span class='ocrx_word' id='word_1_378' title='bbox 1785 5156 1991 5203; x_wconf 69' lang='lat' dir='ltr'><strong>sabbata</strong></span> 
     </span>
    </p>
   </div>
   <div class='ocr_carea' id='block_1_53' title="bbox 410 5230 1992 5312">
    <p class='ocr_par' dir='ltr' id='par_1_53' title="bbox 410 5230 1992 5312">
     <span class='ocr_line' id='line_1_53' title="bbox 410 5230 1992 5312; baseline 0.005 -25"><span class='ocrx_word' id='word_1_379' title='bbox 410 5240 611 5287; x_wconf 78' lang='lat' dir='ltr'><strong>servant</strong></span> <span class='ocrx_word' id='word_1_380' title='bbox 634 5231 662 5287; x_wconf 71' lang='grc'><em>2</em></span> <span class='ocrx_word' id='word_1_381' title='bbox 695 5230 761 5287; x_wconf 77' lang='lat' dir='ltr'><strong>de</strong></span> <span class='ocrx_word' id='word_1_382' title='bbox 799 5232 863 5287; x_wconf 86' lang='lat' dir='ltr'><strong>iis</strong></span> <span class='ocrx_word' id='word_1_383' title='bbox 899 5233 987 5303; x_wconf 82' lang='lat' dir='ltr'><strong>qui</strong></span> <span class='ocrx_word' id='word_1_384' title='bbox 1028 5233 1096 5288; x_wconf 81' lang='lat' dir='ltr'><strong>ad</strong></span> <span class='ocrx_word' id='word_1_385' title='bbox 1136 5246 1423 5290; x_wconf 82' lang='lat' dir='ltr'><strong>consecrata</strong></span> <span class='ocrx_word' id='word_1_386' title='bbox 1450 5237 1542 5291; x_wconf 86' lang='lat' dir='ltr'><strong>itla</strong></span> <span class='ocrx_word' id='word_1_387' title='bbox 1581 5237 1694 5293; x_wconf 83' lang='lat' dir='ltr'><strong>loca</strong></span> <span class='ocrx_word' id='word_1_388' title='bbox 1735 5249 1992 5312; x_wconf 74' lang='lat' dir='ltr'><strong>pergunt;</strong></span> 
     </span>
    </p>
   </div>
   <div class='ocr_carea' id='block_1_54' title="bbox 407 5320 1992 5396">
    <p class='ocr_par' dir='ltr' id='par_1_54' title="bbox 407 5320 1992 5396">
     <span class='ocr_line' id='line_1_54' title="bbox 407 5320 1992 5396; baseline 0.006 -21"><span class='ocrx_word' id='word_1_389' title='bbox 407 5323 459 5377; x_wconf 87' lang='lat' dir='ltr'><strong>in</strong></span> <span class='ocrx_word' id='word_1_390' title='bbox 509 5320 794 5395; x_wconf 73' lang='lat' dir='ltr'><strong>Daphnen,</strong></span> <span class='ocrx_word' id='word_1_391' title='bbox 838 5322 1065 5394; x_wconf 84' lang='lat' dir='ltr'><strong>inquam,</strong></span> <span class='ocrx_word' id='word_1_392' title='bbox 1110 5333 1262 5394; x_wconf 80' lang='lat' dir='ltr'><strong>atque</strong></span> <span class='ocrx_word' id='word_1_393' title='bbox 1301 5327 1357 5380; x_wconf 87' lang='lat' dir='ltr'><strong>in</strong></span> <span class='ocrx_word' id='word_1_394' title='bbox 1401 5327 1691 5396; x_wconf 80' lang='lat' dir='ltr'><strong>speluncam</strong></span> <span class='ocrx_word' id='word_1_395' title='bbox 1738 5328 1992 5386; x_wconf 64' lang='lat' dir='ltr'><strong>Matrona</strong></span> 
     </span>
    </p>
   </div>
   <div class='ocr_carea' id='block_1_55' title="bbox 409 5415 1992 5493">
    <p class='ocr_par' dir='ltr' id='par_1_55' title="bbox 409 5415 1992 5493">
     <span class='ocr_line' id='line_1_55' title="bbox 409 5415 1992 5493; baseline 0.008 -28"><span class='ocrx_word' id='word_1_396' title='bbox 409 5416 633 5480; x_wconf 82' lang='lat' dir='ltr'><strong>dictam,</strong></span> <span class='ocrx_word' id='word_1_397' title='bbox 671 5415 727 5470; x_wconf 86' lang='lat' dir='ltr'><strong>in</strong></span> <span class='ocrx_word' id='word_1_398' title='bbox 766 5415 933 5472; x_wconf 85' lang='lat' dir='ltr'><strong>locum</strong></span> <span class='ocrx_word' id='word_1_399' title='bbox 969 5416 1116 5471; x_wconf 86' lang='lat' dir='ltr'><strong>illum</strong></span> <span class='ocrx_word' id='word_1_400' title='bbox 1161 5416 1353 5473; x_wconf 76' lang='lat' dir='ltr'><strong>Cilicia:</strong></span> <span class='ocrx_word' id='word_1_401' title='bbox 1388 5418 1600 5474; x_wconf 85' lang='lat' dir='ltr'><strong>Saturni</strong></span> <span class='ocrx_word' id='word_1_402' title='bbox 1636 5422 1992 5493; x_wconf 75' lang='lat' dir='ltr'><strong>appellatum?</strong></span> 
     </span>
    </p>
   </div>
   <div class='ocr_carea' id='block_1_56' title="bbox 408 5505 1990 5589">
    <p class='ocr_par' dir='ltr' id='par_1_56' title="bbox 408 5505 1990 5589">
     <span class='ocr_line' id='line_1_56' title="bbox 408 5505 1990 5589; baseline 0.012 -36"><span class='ocrx_word' id='word_1_403' title='bbox 408 5505 663 5568; x_wconf 74' lang='lat' dir='ltr'><strong>quomodo</strong></span> <span class='ocrx_word' id='word_1_404' title='bbox 688 5507 767 5562; x_wconf 86' lang='lat' dir='ltr'><strong>illi</strong></span> <span class='ocrx_word' id='word_1_405' title='bbox 805 5509 920 5563; x_wconf 85' lang='lat' dir='ltr'><strong>sani</strong></span> <span class='ocrx_word' id='word_1_406' title='bbox 942 5519 1057 5564; x_wconf 80' lang='lat' dir='ltr'><strong>sunt</strong></span> <span class='ocrx_word' id='word_1_407' title='bbox 1076 5508 1104 5564; x_wconf 71' lang='lat'><strong><em>7</em></strong></span> <span class='ocrx_word' id='word_1_408' title='bbox 1139 5507 1267 5564; x_wconf 82' lang='lat' dir='ltr'><strong>Ideo</strong></span> <span class='ocrx_word' id='word_1_409' title='bbox 1294 5511 1655 5566; x_wconf 74' lang='lat' dir='ltr'><strong>vehementiore</strong></span> <span class='ocrx_word' id='word_1_410' title='bbox 1683 5517 1837 5586; x_wconf 83' lang='lat' dir='ltr'><strong>plaga</strong></span> <span class='ocrx_word' id='word_1_411' title='bbox 1863 5531 1990 5589; x_wconf 74' lang='lat' dir='ltr'><strong>Opus</strong></span> 
     </span>
    </p>
   </div>
   <div class='ocr_carea' id='block_1_57' title="bbox 414 5590 1989 5671">
    <p class='ocr_par' dir='ltr' id='par_1_57' title="bbox 414 5590 1989 5671">
     <span class='ocr_line' id='line_1_57' title="bbox 414 5590 1989 5671; baseline 0.013 -29"><span class='ocrx_word' id='word_1_412' title='bbox 414 5590 618 5646; x_wconf 77' lang='lat' dir='ltr'><strong>habent.</strong></span> <span class='ocrx_word' id='word_1_413' title='bbox 665 5593 791 5651; x_wconf 72' lang='lat' dir='ltr'><strong>limo</strong></span> <span class='ocrx_word' id='word_1_414' title='bbox 831 5600 945 5654; x_wconf 86' lang='lat' dir='ltr'><strong>loca</strong></span> <span class='ocrx_word' id='word_1_415' title='bbox 991 5599 1241 5671; x_wconf 85' lang='lat' dir='ltr'><strong>Daphnes</strong></span> <span class='ocrx_word' id='word_1_416' title='bbox 1276 5610 1332 5656; x_wconf 89' lang='lat' dir='ltr'><strong>et</strong></span> <span class='ocrx_word' id='word_1_417' title='bbox 1356 5603 1612 5671; x_wconf 86' lang='lat' dir='ltr'><strong>spelunca</strong></span> <span class='ocrx_word' id='word_1_418' title='bbox 1640 5603 1891 5662; x_wconf 71' lang='lat' dir='ltr'><strong>Matrona:</strong></span> <span class='ocrx_word' id='word_1_419' title='bbox 1934 5608 1989 5662; x_wconf 92' lang='lat' dir='ltr'><strong>in</strong></span> 
     </span>
    </p>
   </div>
   <div class='ocr_carea' id='block_1_58' title="bbox 414 5681 1988 5769">
    <p class='ocr_par' dir='ltr' id='par_1_58' title="bbox 414 5681 1988 5769">
     <span class='ocr_line' id='line_1_58' title="bbox 414 5681 1988 5769; baseline 0.011 -34"><span class='ocrx_word' id='word_1_420' title='bbox 414 5681 713 5739; x_wconf 78' lang='lat' dir='ltr'><strong>Antiochia:</strong></span> <span class='ocrx_word' id='word_1_421' title='bbox 739 5687 1006 5744; x_wconf 89' lang='lat' dir='ltr'><strong>suburbiis</strong></span> <span class='ocrx_word' id='word_1_422' title='bbox 1032 5701 1204 5745; x_wconf 88' lang='lat' dir='ltr'><strong>erant.</strong></span> <span class='ocrx_word' id='word_1_423' title='bbox 1237 5692 1415 5763; x_wconf 87' lang='lat' dir='ltr'><strong>Pergit</strong></span> <span class='ocrx_word' id='word_1_424' title='bbox 1454 5703 1637 5763; x_wconf 87' lang='lat' dir='ltr'><strong>postea</strong></span> <span class='ocrx_word' id='word_1_425' title='bbox 1664 5693 1988 5769; x_wconf 80' lang='lat' dir='ltr'><strong>Chrysosto-</strong></span> 
     </span>
    </p>
   </div>
   <div class='ocr_carea' id='block_1_59' title="bbox 415 5774 1990 5857">
    <p class='ocr_par' dir='ltr' id='par_1_59' title="bbox 415 5774 1990 5857">
     <span class='ocr_line' id='line_1_59' title="bbox 415 5774 1990 5857; baseline 0.011 -32"><span class='ocrx_word' id='word_1_426' title='bbox 415 5786 568 5839; x_wconf 85' lang='lat' dir='ltr'><strong>ntus,</strong></span> <span class='ocrx_word' id='word_1_427' title='bbox 610 5780 665 5828; x_wconf 90' lang='lat' dir='ltr'><strong>et</strong></span> <span class='ocrx_word' id='word_1_428' title='bbox 692 5774 944 5831; x_wconf 88' lang='lat' dir='ltr'><strong>adversus</strong></span> <span class='ocrx_word' id='word_1_429' title='bbox 985 5792 1113 5845; x_wconf 90' lang='lat' dir='ltr'><strong>eos,</strong></span> <span class='ocrx_word' id='word_1_430' title='bbox 1142 5780 1233 5850; x_wconf 89' lang='lat' dir='ltr'><strong>qui</strong></span> <span class='ocrx_word' id='word_1_431' title='bbox 1272 5780 1524 5838; x_wconf 90' lang='lat' dir='ltr'><strong>Judaicos</strong></span> <span class='ocrx_word' id='word_1_432' title='bbox 1561 5782 1696 5840; x_wconf 91' lang='lat' dir='ltr'><strong>ritus</strong></span> <span class='ocrx_word' id='word_1_433' title='bbox 1725 5785 1777 5840; x_wconf 93' lang='lat' dir='ltr'><strong>in</strong></span> <span class='ocrx_word' id='word_1_434' title='bbox 1819 5788 1990 5857; x_wconf 89' lang='lat' dir='ltr'><strong>pretio</strong></span> 
     </span>
    </p>
   </div>
   <div class='ocr_carea' id='block_1_60' title="bbox 412 5861 1741 5936">
    <p class='ocr_par' dir='ltr' id='par_1_60' title="bbox 412 5861 1741 5936">
     <span class='ocr_line' id='line_1_60' title="bbox 412 5861 1741 5936; baseline 0.01 -17"><span class='ocrx_word' id='word_1_435' title='bbox 412 5861 674 5921; x_wconf 81' lang='lat' dir='ltr'><strong>haberent</strong></span> <span class='ocrx_word' id='word_1_436' title='bbox 700 5863 764 5920; x_wconf 84' lang='lat' dir='ltr'><strong>ad</strong></span> <span class='ocrx_word' id='word_1_437' title='bbox 794 5864 957 5920; x_wconf 80' lang='lat' dir='ltr'><strong>linem</strong></span> <span class='ocrx_word' id='word_1_438' title='bbox 986 5881 1152 5936; x_wconf 86' lang='lat' dir='ltr'><strong>usque</strong></span> <span class='ocrx_word' id='word_1_439' title='bbox 1179 5872 1448 5931; x_wconf 85' lang='lat' dir='ltr'><strong>conciunis</strong></span> <span class='ocrx_word' id='word_1_440' title='bbox 1474 5871 1741 5933; x_wconf 88' lang='lat' dir='ltr'><strong>edisserit.</strong></span> 
     </span>
    </p>
   </div>
   <div class='ocr_carea' id='block_1_61' title="bbox 1557 468 3685 541">
    <p class='ocr_par' dir='ltr' id='par_1_61' title="bbox 1557 468 3685 541">
     <span class='ocr_line' id='line_1_61' title="bbox 1557 468 3685 541; baseline 0.001 -10"><span class='ocrx_word' id='word_1_441' title='bbox 1557 479 1613 535; x_wconf 87' lang='lat' dir='ltr'><strong>S.</strong></span> <span class='ocrx_word' id='word_1_442' title='bbox 1656 470 1931 535; x_wconf 72' lang='lat' dir='ltr'><strong>JO.\NNIS</strong></span> <span class='ocrx_word' id='word_1_443' title='bbox 1969 468 2440 528; x_wconf 65' lang='lat' dir='ltr'><strong>CllRYSOSTOJII</strong></span> <span class='ocrx_word' id='word_1_444' title='bbox 2485 471 2660 541; x_wconf 68' lang='lat' dir='ltr'><strong>\‘ITA,</strong></span> <span class='ocrx_word' id='word_1_445' title='bbox 3590 477 3685 538; x_wconf 70' lang='lat' dir='ltr'><strong>liii</strong></span> 
     </span>
    </p>
   </div>
   <div class='ocr_carea' id='block_1_62' title="bbox 2184 581 3691 655">
    <p class='ocr_par' dir='ltr' id='par_1_62' title="bbox 2184 581 3691 655">
     <span class='ocr_line' id='line_1_62' title="bbox 2184 581 3691 655; baseline 0.003 -17"><span class='ocrx_word' id='word_1_446' title='bbox 2184 583 2239 638; x_wconf 94' lang='lat' dir='ltr'><strong>lu</strong></span> <span class='ocrx_word' id='word_1_447' title='bbox 2267 583 2411 638; x_wconf 87' lang='lat' dir='ltr'><strong>hisce</strong></span> <span class='ocrx_word' id='word_1_448' title='bbox 2436 582 2667 638; x_wconf 86' lang='lat' dir='ltr'><strong>hontiliis</strong></span> <span class='ocrx_word' id='word_1_449' title='bbox 2690 581 2804 652; x_wconf 87' lang='lat' dir='ltr'><strong>plus</strong></span> <span class='ocrx_word' id='word_1_450' title='bbox 2829 582 2986 638; x_wconf 69' lang='lat' dir='ltr'><strong>stadii</strong></span> <span class='ocrx_word' id='word_1_451' title='bbox 3015 591 3064 637; x_wconf 89' lang='lat' dir='ltr'><strong>cl</strong></span> <span class='ocrx_word' id='word_1_452' title='bbox 3093 583 3380 655; x_wconf 75' lang='lat' dir='ltr'><strong>diligentia:</strong></span> <span class='ocrx_word' id='word_1_453' title='bbox 3406 584 3691 654; x_wconf 72' lang='lat' dir='ltr'><strong>observes,</strong></span> 
     </span>
    </p>
   </div>
   <div class='ocr_carea' id='block_1_63' title="bbox 2112 674 3691 748">
    <p class='ocr_par' dir='ltr' id='par_1_63' title="bbox 2112 674 3691 748">
     <span class='ocr_line' id='line_1_63' title="bbox 2112 674 3691 748; baseline 0.002 -17"><span class='ocrx_word' id='word_1_454' title='bbox 2112 693 2268 747; x_wconf 86' lang='lat' dir='ltr'><strong>quam</strong></span> <span class='ocrx_word' id='word_1_455' title='bbox 2302 677 2351 730; x_wconf 89' lang='lat' dir='ltr'><strong>itt</strong></span> <span class='ocrx_word' id='word_1_456' title='bbox 2384 676 2562 731; x_wconf 89' lang='lat' dir='ltr'><strong>multis</strong></span> <span class='ocrx_word' id='word_1_457' title='bbox 2601 675 2754 742; x_wconf 90' lang='lat' dir='ltr'><strong>aliis,</strong></span> <span class='ocrx_word' id='word_1_458' title='bbox 2797 674 2974 728; x_wconf 88' lang='lat' dir='ltr'><strong>omnia</strong></span> <span class='ocrx_word' id='word_1_459' title='bbox 3018 676 3107 731; x_wconf 92' lang='lat' dir='ltr'><strong>ille</strong></span> <span class='ocrx_word' id='word_1_460' title='bbox 3135 675 3303 732; x_wconf 81' lang='lat' dir='ltr'><strong>fusius</strong></span> <span class='ocrx_word' id='word_1_461' title='bbox 3331 680 3691 748; x_wconf 84' lang='lat' dir='ltr'><strong>prosequitur.</strong></span> 
     </span>
    </p>
   </div>
   <div class='ocr_carea' id='block_1_64' title="bbox 2113 764 3697 837">
    <p class='ocr_par' dir='ltr' id='par_1_64' title="bbox 2113 764 3697 837">
     <span class='ocr_line' id='line_1_64' title="bbox 2113 764 3697 837; baseline 0.001 -16"><span class='ocrx_word' id='word_1_462' title='bbox 2113 766 2267 822; x_wconf 73' lang='lat' dir='ltr'><strong>Initio</strong></span> <span class='ocrx_word' id='word_1_463' title='bbox 2309 766 2479 821; x_wconf 67' lang='lat' dir='ltr'><strong>tertire</strong></span> <span class='ocrx_word' id='word_1_464' title='bbox 2522 764 2753 819; x_wconf 78' lang='lat' dir='ltr'><strong>homilire</strong></span> <span class='ocrx_word' id='word_1_465' title='bbox 2794 764 2860 819; x_wconf 93' lang='lat' dir='ltr'><strong>de</strong></span> <span class='ocrx_word' id='word_1_466' title='bbox 2899 764 3237 821; x_wconf 86' lang='lat' dir='ltr'><strong>Cretensium</strong></span> <span class='ocrx_word' id='word_1_467' title='bbox 3269 768 3413 822; x_wconf 88' lang='lat' dir='ltr'><strong>vitiis</strong></span> <span class='ocrx_word' id='word_1_468' title='bbox 3455 769 3697 837; x_wconf 84' lang='lat' dir='ltr'><strong>pluribus</strong></span> 
     </span>
    </p>
   </div>
   <div class='ocr_carea' id='block_1_65' title="bbox 2111 857 3697 928">
    <p class='ocr_par' dir='ltr' id='par_1_65' title="bbox 2111 857 3697 928">
     <span class='ocr_line' id='line_1_65' title="bbox 2111 857 3697 928; baseline 0.003 -17"><span class='ocrx_word' id='word_1_469' title='bbox 2111 859 2249 928; x_wconf 74' lang='lat' dir='ltr'><strong>agit,</strong></span> <span class='ocrx_word' id='word_1_470' title='bbox 2294 867 2343 912; x_wconf 91' lang='lat' dir='ltr'><strong>et</strong></span> <span class='ocrx_word' id='word_1_471' title='bbox 2391 858 2442 912; x_wconf 90' lang='lat' dir='ltr'><strong>in</strong></span> <span class='ocrx_word' id='word_1_472' title='bbox 2473 860 2677 928; x_wconf 89' lang='lat' dir='ltr'><strong>quinta,</strong></span> <span class='ocrx_word' id='word_1_473' title='bbox 2722 864 2779 912; x_wconf 91' lang='lat' dir='ltr'><strong>nt</strong></span> <span class='ocrx_word' id='word_1_474' title='bbox 2821 857 2873 912; x_wconf 93' lang='lat' dir='ltr'><strong>in</strong></span> <span class='ocrx_word' id='word_1_475' title='bbox 2914 865 3110 927; x_wconf 87' lang='lat' dir='ltr'><strong>quanta</strong></span> <span class='ocrx_word' id='word_1_476' title='bbox 3150 857 3351 914; x_wconf 87' lang='lat' dir='ltr'><strong>scelera</strong></span> <span class='ocrx_word' id='word_1_477' title='bbox 3381 857 3697 916; x_wconf 76' lang='lat' dir='ltr'><strong>Cra-corum</strong></span> 
     </span>
    </p>
   </div>
   <div class='ocr_carea' id='block_1_66' title="bbox 2111 947 3699 1018">
    <p class='ocr_par' dir='ltr' id='par_1_66' title="bbox 2111 947 3699 1018">
     <span class='ocr_line' id='line_1_66' title="bbox 2111 947 3699 1018; baseline 0 -14"><span class='ocrx_word' id='word_1_478' title='bbox 2111 948 2443 1004; x_wconf 87' lang='lat' dir='ltr'><strong>celeberrimi</strong></span> <span class='ocrx_word' id='word_1_479' title='bbox 2488 948 2614 1002; x_wconf 91' lang='lat' dir='ltr'><strong>olim</strong></span> <span class='ocrx_word' id='word_1_480' title='bbox 2657 947 2997 1018; x_wconf 82' lang='lat' dir='ltr'><strong>proruperint</strong></span> <span class='ocrx_word' id='word_1_481' title='bbox 3023 957 3438 1014; x_wconf 88' lang='lat' dir='ltr'><strong>commonstret,</strong></span> <span class='ocrx_word' id='word_1_482' title='bbox 3483 949 3699 1004; x_wconf 83' lang='lat' dir='ltr'><strong>illorum</strong></span> 
     </span>
    </p>
   </div>
   <div class='ocr_carea' id='block_1_67' title="bbox 2113 1037 3700 1108">
    <p class='ocr_par' dir='ltr' id='par_1_67' title="bbox 2113 1037 3700 1108">
     <span class='ocr_line' id='line_1_67' title="bbox 2113 1037 3700 1108; baseline 0.002 -16"><span class='ocrx_word' id='word_1_483' title='bbox 2113 1038 2366 1094; x_wconf 87' lang='lat' dir='ltr'><strong>historias</strong></span> <span class='ocrx_word' id='word_1_484' title='bbox 2392 1039 2564 1093; x_wconf 89' lang='lat' dir='ltr'><strong>tacitis</strong></span> <span class='ocrx_word' id='word_1_485' title='bbox 2587 1037 2889 1093; x_wconf 78' lang='lat' dir='ltr'><strong>nominibus</strong></span> <span class='ocrx_word' id='word_1_486' title='bbox 2915 1037 3147 1093; x_wconf 87' lang='lat' dir='ltr'><strong>breviter</strong></span> <span class='ocrx_word' id='word_1_487' title='bbox 3171 1037 3429 1108; x_wconf 90' lang='lat' dir='ltr'><strong>decerpit.</strong></span> <span class='ocrx_word' id='word_1_488' title='bbox 3458 1039 3514 1094; x_wconf 95' lang='lat' dir='ltr'><strong>In</strong></span> <span class='ocrx_word' id='word_1_489' title='bbox 3546 1050 3700 1095; x_wconf 78' lang='lat' dir='ltr'><strong>sexta</strong></span> 
     </span>
    </p>
   </div>
   <div class='ocr_carea' id='block_1_68' title="bbox 2113 1118 3680 1199">
    <p class='ocr_par' dir='ltr' id='par_1_68' title="bbox 2113 1118 3680 1199">
     <span class='ocr_line' id='line_1_68' title="bbox 2113 1118 3680 1199; baseline 0.001 -16"><span class='ocrx_word' id='word_1_490' title='bbox 2113 1118 2328 1185; x_wconf 78' lang='lat' dir='ltr'><strong>humilia</strong></span> <span class='ocrx_word' id='word_1_491' title='bbox 2362 1130 2429 1185; x_wconf 91' lang='lat' dir='ltr'><strong>de</strong></span> <span class='ocrx_word' id='word_1_492' title='bbox 2457 1129 2665 1184; x_wconf 82' lang='lat' dir='ltr'><strong>duobus</strong></span> <span class='ocrx_word' id='word_1_493' title='bbox 2692 1128 3038 1196; x_wconf 88' lang='lat' dir='ltr'><strong>Christianis,</strong></span> <span class='ocrx_word' id='word_1_494' title='bbox 3079 1129 3167 1199; x_wconf 91' lang='lat' dir='ltr'><strong>qui</strong></span> <span class='ocrx_word' id='word_1_495' title='bbox 3195 1144 3291 1199; x_wconf 85' lang='lat' dir='ltr'><strong>pro</strong></span> <span class='ocrx_word' id='word_1_496' title='bbox 3314 1129 3534 1186; x_wconf 89' lang='lat' dir='ltr'><strong>Christo</strong></span> <span class='ocrx_word' id='word_1_497' title='bbox 3562 1145 3680 1185; x_wconf 88' lang='lat' dir='ltr'><strong>mar</strong></span> 
     </span>
    </p>
   </div>
   <div class='ocr_carea' id='block_1_69' title="bbox 2113 1219 3705 1293">
    <p class='ocr_par' dir='ltr' id='par_1_69' title="bbox 2113 1219 3705 1293">
     <span class='ocr_line' id='line_1_69' title="bbox 2113 1219 3705 1293; baseline 0.001 -18"><span class='ocrx_word' id='word_1_498' title='bbox 2113 1221 2308 1292; x_wconf 85' lang='lat' dir='ltr'><strong>tyrium</strong></span> <span class='ocrx_word' id='word_1_499' title='bbox 2340 1219 2586 1288; x_wconf 89' lang='lat' dir='ltr'><strong>subiere,</strong></span> <span class='ocrx_word' id='word_1_500' title='bbox 2633 1220 2807 1275; x_wconf 86' lang='lat' dir='ltr'><strong>tacitis</strong></span> <span class='ocrx_word' id='word_1_501' title='bbox 2847 1219 3007 1276; x_wconf 86' lang='lat' dir='ltr'><strong>etiam</strong></span> <span class='ocrx_word' id='word_1_502' title='bbox 3053 1220 3355 1276; x_wconf 90' lang='lat' dir='ltr'><strong>nominibus</strong></span> <span class='ocrx_word' id='word_1_503' title='bbox 3395 1221 3502 1292; x_wconf 86' lang='lat' dir='ltr'><strong>agit</strong></span> <span class='ocrx_word' id='word_1_504' title='bbox 3539 1235 3705 1293; x_wconf 74' lang='lat' dir='ltr'><strong>:quze</strong></span> 
     </span>
    </p>
   </div>
   <div class='ocr_carea' id='block_1_70' title="bbox 2112 1311 3375 1383">
    <p class='ocr_par' dir='ltr' id='par_1_70' title="bbox 2112 1311 3375 1383">
     <span class='ocr_line' id='line_1_70' title="bbox 2112 1311 3375 1383; baseline -0.002 -16"><span class='ocrx_word' id='word_1_505' title='bbox 2112 1313 2329 1368; x_wconf 89' lang='lat' dir='ltr'><strong>historia</strong></span> <span class='ocrx_word' id='word_1_506' title='bbox 2359 1313 2542 1369; x_wconf 89' lang='lat' dir='ltr'><strong>nescio</strong></span> <span class='ocrx_word' id='word_1_507' title='bbox 2568 1328 2635 1368; x_wconf 88' lang='lat' dir='ltr'><strong>an</strong></span> <span class='ocrx_word' id='word_1_508' title='bbox 2665 1312 2869 1383; x_wconf 79' lang='lat' dir='ltr'><strong>uSpiam</strong></span> <span class='ocrx_word' id='word_1_509' title='bbox 2898 1312 3025 1367; x_wconf 89' lang='lat' dir='ltr'><strong>alibi</strong></span> <span class='ocrx_word' id='word_1_510' title='bbox 3056 1311 3375 1383; x_wconf 86' lang='lat' dir='ltr'><strong>reperiatur.</strong></span> 
     </span>
    </p>
   </div>
   <div class='ocr_carea' id='block_1_71' title="bbox 2185 1400 3705 1474">
    <p class='ocr_par' dir='ltr' id='par_1_71' title="bbox 2185 1400 3705 1474">
     <span class='ocr_line' id='line_1_71' title="bbox 2185 1400 3705 1474; baseline 0.001 -17"><span class='ocrx_word' id='word_1_511' title='bbox 2185 1402 2456 1457; x_wconf 85' lang='lat' dir='ltr'><strong>Nectarius</strong></span> <span class='ocrx_word' id='word_1_512' title='bbox 2484 1401 2662 1474; x_wconf 80' lang='lat' dir='ltr'><strong>Episc.</strong></span> <span class='ocrx_word' id='word_1_513' title='bbox 2685 1401 2743 1457; x_wconf 71' lang='grc' dir='ltr'><strong>(Σ.</strong></span> <span class='ocrx_word' id='word_1_514' title='bbox 2770 1400 2835 1455; x_wconf 87' lang='grc' dir='ltr'><strong>Ρ.</strong></span> <span class='ocrx_word' id='word_1_515' title='bbox 2859 1402 3091 1456; x_wconf 88' lang='lat' dir='ltr'><strong>moritur.</strong></span> <span class='ocrx_word' id='word_1_516' title='bbox 3120 1431 3193 1443; x_wconf 92' lang='lat'>—</span> <span class='ocrx_word' id='word_1_517' title='bbox 3217 1402 3448 1457; x_wconf 87' lang='lat' dir='ltr'><strong>Tantum</strong></span> <span class='ocrx_word' id='word_1_518' title='bbox 3489 1400 3705 1459; x_wconf 87' lang='lat' dir='ltr'><strong>dicendi</strong></span> 
     </span>
    </p>
   </div>
   <div class='ocr_carea' id='block_1_72' title="bbox 2111 1493 3705 1565">
    <p class='ocr_par' dir='ltr' id='par_1_72' title="bbox 2111 1493 3705 1565">
     <span class='ocr_line' id='line_1_72' title="bbox 2111 1493 3705 1565; baseline 0 -18"><span class='ocrx_word' id='word_1_519' title='bbox 2111 1495 2399 1559; x_wconf 89' lang='lat' dir='ltr'><strong>artilicem,</strong></span> <span class='ocrx_word' id='word_1_520' title='bbox 2441 1495 2531 1564; x_wconf 90' lang='lat' dir='ltr'><strong>qui</strong></span> <span class='ocrx_word' id='word_1_521' title='bbox 2562 1509 2667 1548; x_wconf 91' lang='lat' dir='ltr'><strong>non</strong></span> <span class='ocrx_word' id='word_1_522' title='bbox 2712 1494 2887 1548; x_wconf 89' lang='lat' dir='ltr'><strong>minus</strong></span> <span class='ocrx_word' id='word_1_523' title='bbox 2916 1493 3112 1565; x_wconf 84' lang='lat' dir='ltr'><strong>pietate</strong></span> <span class='ocrx_word' id='word_1_524' title='bbox 3149 1501 3306 1563; x_wconf 89' lang='lat' dir='ltr'><strong>atque</strong></span> <span class='ocrx_word' id='word_1_525' title='bbox 3332 1494 3461 1549; x_wconf 68' lang='lat' dir='ltr'><strong>vita)</strong></span> <span class='ocrx_word' id='word_1_526' title='bbox 3496 1496 3705 1549; x_wconf 88' lang='lat' dir='ltr'><strong>sancti-</strong></span> 
     </span>
    </p>
   </div>
   <div class='ocr_carea' id='block_1_73' title="bbox 2113 1584 3707 1655">
    <p class='ocr_par' dir='ltr' id='par_1_73' title="bbox 2113 1584 3707 1655">
     <span class='ocr_line' id='line_1_73' title="bbox 2113 1584 3707 1655; baseline 0.001 -16"><span class='ocrx_word' id='word_1_527' title='bbox 2113 1585 2290 1640; x_wconf 89' lang='lat' dir='ltr'><strong>monia</strong></span> <span class='ocrx_word' id='word_1_528' title='bbox 2315 1625 2333 1651; x_wconf 91' lang='lat'><strong>,</strong></span> <span class='ocrx_word' id='word_1_529' title='bbox 2378 1600 2538 1655; x_wconf 84' lang='lat' dir='ltr'><strong>quam</strong></span> <span class='ocrx_word' id='word_1_530' title='bbox 2590 1584 2831 1639; x_wconf 90' lang='lat' dir='ltr'><strong>facundia</strong></span> <span class='ocrx_word' id='word_1_531' title='bbox 2857 1625 2874 1651; x_wconf 95' lang='lat'><strong>,</strong></span> <span class='ocrx_word' id='word_1_532' title='bbox 2919 1584 3174 1655; x_wconf 85' lang='lat' dir='ltr'><strong>pupulum</strong></span> <span class='ocrx_word' id='word_1_533' title='bbox 3216 1585 3615 1640; x_wconf 81' lang='lat' dir='ltr'><strong>Antiochenum</strong></span> <span class='ocrx_word' id='word_1_534' title='bbox 3653 1594 3707 1640; x_wconf 87' lang='lat' dir='ltr'><strong>et</strong></span> 
     </span>
    </p>
   </div>
   <div class='ocr_carea' id='block_1_74' title="bbox 2110 1675 3706 1749">
    <p class='ocr_par' dir='ltr' id='par_1_74' title="bbox 2110 1675 3706 1749">
     <span class='ocr_line' id='line_1_74' title="bbox 2110 1675 3706 1749; baseline 0.001 -19"><span class='ocrx_word' id='word_1_535' title='bbox 2110 1678 2380 1732; x_wconf 91' lang='lat' dir='ltr'><strong>auditores</strong></span> <span class='ocrx_word' id='word_1_536' title='bbox 2414 1691 2604 1731; x_wconf 88' lang='lat' dir='ltr'><strong>omnes</strong></span> <span class='ocrx_word' id='word_1_537' title='bbox 2646 1676 2745 1730; x_wconf 88' lang='lat' dir='ltr'><strong>sibi</strong></span> <span class='ocrx_word' id='word_1_538' title='bbox 2789 1675 3140 1742; x_wconf 78' lang='lat' dir='ltr'><strong>devinxerat,</strong></span> <span class='ocrx_word' id='word_1_539' title='bbox 3186 1677 3368 1731; x_wconf 89' lang='lat' dir='ltr'><strong>nuntia</strong></span> <span class='ocrx_word' id='word_1_540' title='bbox 3415 1676 3561 1731; x_wconf 85' lang='lat' dir='ltr'><strong>fama</strong></span> <span class='ocrx_word' id='word_1_541' title='bbox 3605 1692 3706 1749; x_wconf 89' lang='lat' dir='ltr'><strong>per</strong></span> 
     </span>
    </p>
   </div>
   <div class='ocr_carea' id='block_1_75' title="bbox 2110 1764 3703 1823">
    <p class='ocr_par' dir='ltr' id='par_1_75' title="bbox 2110 1764 3703 1823">
     <span class='ocr_line' id='line_1_75' title="bbox 2110 1764 3703 1823; baseline 0 0"><span class='ocrx_word' id='word_1_542' title='bbox 2110 1767 2383 1823; x_wconf 89' lang='lat' dir='ltr'><strong>Orientem</strong></span> <span class='ocrx_word' id='word_1_543' title='bbox 2427 1776 2594 1822; x_wconf 88' lang='lat' dir='ltr'><strong>totum</strong></span> <span class='ocrx_word' id='word_1_544' title='bbox 2636 1767 2971 1822; x_wconf 84' lang='lat' dir='ltr'><strong>netissimnm</strong></span> <span class='ocrx_word' id='word_1_545' title='bbox 3017 1764 3242 1823; x_wconf 87' lang='lat' dir='ltr'><strong>fecerat.</strong></span> <span class='ocrx_word' id='word_1_546' title='bbox 3282 1766 3493 1822; x_wconf 81' lang='lat' dir='ltr'><strong>Accidit</strong></span> <span class='ocrx_word' id='word_1_547' title='bbox 3522 1777 3703 1823; x_wconf 88' lang='lat' dir='ltr'><strong>autem</strong></span> 
     </span>
    </p>
   </div>
   <div class='ocr_carea' id='block_1_76' title="bbox 2111 1856 3705 1929">
    <p class='ocr_par' dir='ltr' id='par_1_76' title="bbox 2111 1856 3705 1929">
     <span class='ocr_line' id='line_1_76' title="bbox 2111 1856 3705 1929; baseline 0.003 -20"><span class='ocrx_word' id='word_1_548' title='bbox 2111 1867 2167 1913; x_wconf 91' lang='grc' dir='ltr'><strong>ιιι</strong></span> <span class='ocrx_word' id='word_1_549' title='bbox 2194 1858 2489 1925; x_wconf 83' lang='lat' dir='ltr'><strong>Nectarius,</strong></span> <span class='ocrx_word' id='word_1_550' title='bbox 2518 1859 2606 1929; x_wconf 90' lang='lat' dir='ltr'><strong>qui</strong></span> <span class='ocrx_word' id='word_1_551' title='bbox 2634 1873 2775 1912; x_wconf 91' lang='lat' dir='ltr'><strong>anno</strong></span> <span class='ocrx_word' id='word_1_552' title='bbox 2803 1857 2900 1912; x_wconf 79' lang='grc'><strong>581</strong></span> <span class='ocrx_word' id='word_1_553' title='bbox 2929 1857 3191 1927; x_wconf 80' lang='lat' dir='ltr'><strong>Gregorio</strong></span> <span class='ocrx_word' id='word_1_554' title='bbox 3218 1856 3556 1913; x_wconf 84' lang='lat' dir='ltr'><strong>Nazianzeno</strong></span> <span class='ocrx_word' id='word_1_555' title='bbox 3581 1872 3705 1913; x_wconf 89' lang='lat' dir='ltr'><strong>suc-</strong></span> 
     </span>
    </p>
   </div>
   <div class='ocr_carea' id='block_1_77' title="bbox 2109 1947 3705 2019">
    <p class='ocr_par' dir='ltr' id='par_1_77' title="bbox 2109 1947 3705 2019">
     <span class='ocr_line' id='line_1_77' title="bbox 2109 1947 3705 2019; baseline 0 -15"><span class='ocrx_word' id='word_1_556' title='bbox 2109 1958 2364 2013; x_wconf 72' lang='lat' dir='ltr'><strong>cesserat,</strong></span> <span class='ocrx_word' id='word_1_557' title='bbox 2397 1950 2789 2019; x_wconf 80' lang='lat' dir='ltr'><strong>episcopttsque</strong></span> <span class='ocrx_word' id='word_1_558' title='bbox 2812 1947 3431 2016; x_wconf 79' lang='lat' dir='ltr'><strong>ConsLaminopolitanus</strong></span> <span class='ocrx_word' id='word_1_559' title='bbox 3460 1949 3705 2004; x_wconf 83' lang='lat' dir='ltr'><strong>adlectus</strong></span> 
     </span>
    </p>
   </div>
   <div class='ocr_carea' id='block_1_78' title="bbox 2112 2038 3703 2108">
    <p class='ocr_par' dir='ltr' id='par_1_78' title="bbox 2112 2038 3703 2108">
     <span class='ocr_line' id='line_1_78' title="bbox 2112 2038 3703 2108; baseline 0.001 -15"><span class='ocrx_word' id='word_1_560' title='bbox 2112 2038 2303 2102; x_wconf 83' lang='lat' dir='ltr'><strong>fuerat,</strong></span> <span class='ocrx_word' id='word_1_561' title='bbox 2345 2055 2486 2093; x_wconf 90' lang='lat' dir='ltr'><strong>anno</strong></span> <span class='ocrx_word' id='word_1_562' title='bbox 2527 2039 2652 2104; x_wconf 73' lang='lat'><strong>397,</strong></span> <span class='ocrx_word' id='word_1_563' title='bbox 2699 2038 2787 2093; x_wconf 90' lang='lat' dir='ltr'><strong>die</strong></span> <span class='ocrx_word' id='word_1_564' title='bbox 2823 2038 2887 2093; x_wconf 84' lang='lat' dir='ltr'><strong>l7</strong></span> <span class='ocrx_word' id='word_1_565' title='bbox 2930 2038 3281 2108; x_wconf 81' lang='lat' dir='ltr'><strong>Septembris,</strong></span> <span class='ocrx_word' id='word_1_566' title='bbox 3325 2040 3432 2093; x_wconf 88' lang='lat' dir='ltr'><strong>vita</strong></span> <span class='ocrx_word' id='word_1_567' title='bbox 3464 2039 3703 2107; x_wconf 87' lang='lat' dir='ltr'><strong>functus,</strong></span> 
     </span>
    </p>
   </div>
   <div class='ocr_carea' id='block_1_79' title="bbox 2112 2129 3703 2205">
    <p class='ocr_par' dir='ltr' id='par_1_79' title="bbox 2112 2129 3703 2205">
     <span class='ocr_line' id='line_1_79' title="bbox 2112 2129 3703 2205; baseline 0.003 -21"><span class='ocrx_word' id='word_1_568' title='bbox 2112 2130 2293 2184; x_wconf 87' lang='lat' dir='ltr'><strong>sedem</strong></span> <span class='ocrx_word' id='word_1_569' title='bbox 2326 2143 2600 2186; x_wconf 83' lang='lat' dir='ltr'><strong>vacantem</strong></span> <span class='ocrx_word' id='word_1_570' title='bbox 2646 2131 2972 2201; x_wconf 86' lang='lat' dir='ltr'><strong>relinqueret</strong></span> <span class='ocrx_word' id='word_1_571' title='bbox 3018 2132 3036 2202; x_wconf 93' lang='lat'>(</span> <span class='ocrx_word' id='word_1_572' title='bbox 3061 2129 3269 2185; x_wconf 84' lang='lat' dir='ltr'><strong>Pallad.</strong></span> <span class='ocrx_word' id='word_1_573' title='bbox 3299 2148 3351 2202; x_wconf 87' lang='lat' dir='ltr'><strong>p.</strong></span> <span class='ocrx_word' id='word_1_574' title='bbox 3376 2132 3447 2187; x_wconf 73' lang='grc'><strong>42</strong></span> <span class='ocrx_word' id='word_1_575' title='bbox 3467 2131 3510 2205; x_wconf 93' lang='grc'><strong>).</strong></span> <span class='ocrx_word' id='word_1_576' title='bbox 3554 2132 3703 2189; x_wconf 86' lang='lat' dir='ltr'><strong>Tunc</strong></span> 
     </span>
    </p>
   </div>
   <div class='ocr_carea' id='block_1_80' title="bbox 2114 2221 3703 2299">
    <p class='ocr_par' dir='ltr' id='par_1_80' title="bbox 2114 2221 3703 2299">
     <span class='ocr_line' id='line_1_80' title="bbox 2114 2221 3703 2299; baseline 0 -23"><span class='ocrx_word' id='word_1_577' title='bbox 2114 2222 2301 2290; x_wconf 88' lang='lat' dir='ltr'><strong>multi,</strong></span> <span class='ocrx_word' id='word_1_578' title='bbox 2329 2222 2417 2292; x_wconf 89' lang='lat' dir='ltr'><strong>qui</strong></span> <span class='ocrx_word' id='word_1_579' title='bbox 2460 2230 2621 2277; x_wconf 73' lang='lat' dir='ltr'><strong>tanta:</strong></span> <span class='ocrx_word' id='word_1_580' title='bbox 2660 2221 2983 2299; x_wconf 75' lang='lat' dir='ltr'><strong>occupanda:</strong></span> <span class='ocrx_word' id='word_1_581' title='bbox 3020 2221 3165 2277; x_wconf 86' lang='lat' dir='ltr'><strong>sedis</strong></span> <span class='ocrx_word' id='word_1_582' title='bbox 3190 2222 3481 2291; x_wconf 88' lang='lat' dir='ltr'><strong>cupiditate</strong></span> <span class='ocrx_word' id='word_1_583' title='bbox 3509 2222 3703 2295; x_wconf 82' lang='lat' dir='ltr'><strong>ﬂagra-</strong></span> 
     </span>
    </p>
   </div>
   <div class='ocr_carea' id='block_1_81' title="bbox 2115 2314 3701 2387">
    <p class='ocr_par' dir='ltr' id='par_1_81' title="bbox 2115 2314 3701 2387">
     <span class='ocr_line' id='line_1_81' title="bbox 2115 2314 3701 2387; baseline 0.001 -16"><span class='ocrx_word' id='word_1_584' title='bbox 2115 2316 2274 2382; x_wconf 87' lang='lat' dir='ltr'><strong>bant,</strong></span> <span class='ocrx_word' id='word_1_585' title='bbox 2324 2314 2451 2369; x_wconf 89' lang='lat' dir='ltr'><strong>nihil</strong></span> <span class='ocrx_word' id='word_1_586' title='bbox 2484 2329 2589 2369; x_wconf 90' lang='lat' dir='ltr'><strong>non</strong></span> <span class='ocrx_word' id='word_1_587' title='bbox 2626 2324 2850 2386; x_wconf 86' lang='lat' dir='ltr'><strong>egerunt</strong></span> <span class='ocrx_word' id='word_1_588' title='bbox 2879 2325 2936 2369; x_wconf 91' lang='lat' dir='ltr'><strong>ttt</strong></span> <span class='ocrx_word' id='word_1_589' title='bbox 2964 2323 3202 2385; x_wconf 85' lang='lat' dir='ltr'><strong>eplatum</strong></span> <span class='ocrx_word' id='word_1_590' title='bbox 3246 2327 3701 2387; x_wconf 85' lang='lat' dir='ltr'><strong>assequerentur;</strong></span> 
     </span>
    </p>
   </div>
   <div class='ocr_carea' id='block_1_82' title="bbox 2113 2405 3703 2476">
    <p class='ocr_par' dir='ltr' id='par_1_82' title="bbox 2113 2405 3703 2476">
     <span class='ocr_line' id='line_1_82' title="bbox 2113 2405 3703 2476; baseline 0.003 -16"><span class='ocrx_word' id='word_1_591' title='bbox 2113 2408 2199 2462; x_wconf 87' lang='lat' dir='ltr'><strong>alii</strong></span> <span class='ocrx_word' id='word_1_592' title='bbox 2233 2405 2628 2476; x_wconf 87' lang='lat' dir='ltr'><strong>magistratibus</strong></span> <span class='ocrx_word' id='word_1_593' title='bbox 2657 2405 2936 2461; x_wconf 86' lang='lat' dir='ltr'><strong>adulantes</strong></span> <span class='ocrx_word' id='word_1_594' title='bbox 2957 2448 2970 2472; x_wconf 93' lang='lat'><strong>,</strong></span> <span class='ocrx_word' id='word_1_595' title='bbox 2999 2406 3088 2461; x_wconf 88' lang='lat' dir='ltr'><strong>alii</strong></span> <span class='ocrx_word' id='word_1_596' title='bbox 3115 2407 3271 2461; x_wconf 91' lang='lat' dir='ltr'><strong>donis</strong></span> <span class='ocrx_word' id='word_1_597' title='bbox 3302 2422 3364 2463; x_wconf 90' lang='lat' dir='ltr'><strong>ac</strong></span> <span class='ocrx_word' id='word_1_598' title='bbox 3393 2410 3703 2466; x_wconf 85' lang='lat' dir='ltr'><strong>muneribus</strong></span> 
     </span>
    </p>
   </div>
   <div class='ocr_carea' id='block_1_83' title="bbox 2111 2496 3702 2571">
    <p class='ocr_par' dir='ltr' id='par_1_83' title="bbox 2111 2496 3702 2571">
     <span class='ocr_line' id='line_1_83' title="bbox 2111 2496 3702 2571; baseline 0.003 -20"><span class='ocrx_word' id='word_1_599' title='bbox 2111 2497 2384 2561; x_wconf 82' lang='lat' dir='ltr'><strong>adhibitis,</strong></span> <span class='ocrx_word' id='word_1_600' title='bbox 2407 2496 2496 2551; x_wconf 90' lang='lat' dir='ltr'><strong>alii</strong></span> <span class='ocrx_word' id='word_1_601' title='bbox 2526 2497 2702 2568; x_wconf 89' lang='lat' dir='ltr'><strong>populi</strong></span> <span class='ocrx_word' id='word_1_602' title='bbox 2728 2498 2949 2561; x_wconf 72' lang='lat' dir='ltr'><strong>gratiam</strong></span> <span class='ocrx_word' id='word_1_603' title='bbox 2970 2507 3244 2566; x_wconf 86' lang='lat' dir='ltr'><strong>captantes</strong></span> <span class='ocrx_word' id='word_1_604' title='bbox 3270 2507 3429 2569; x_wconf 90' lang='lat' dir='ltr'><strong>atque</strong></span> <span class='ocrx_word' id='word_1_605' title='bbox 3452 2501 3505 2553; x_wconf 92' lang='lat' dir='ltr'><strong>in</strong></span> <span class='ocrx_word' id='word_1_606' title='bbox 3529 2516 3702 2571; x_wconf 73' lang='lat' dir='ltr'><strong>genus</strong></span> 
     </span>
    </p>
   </div>
   <div class='ocr_carea' id='block_1_84' title="bbox 2110 2588 3703 2660">
    <p class='ocr_par' dir='ltr' id='par_1_84' title="bbox 2110 2588 3703 2660">
     <span class='ocr_line' id='line_1_84' title="bbox 2110 2588 3703 2660; baseline 0.003 -17"><span class='ocrx_word' id='word_1_607' title='bbox 2110 2590 2547 2660; x_wconf 84' lang='lat' dir='ltr'><strong>procumbentes,</strong></span> <span class='ocrx_word' id='word_1_608' title='bbox 2572 2588 2864 2659; x_wconf 78' lang='lat' dir='ltr'><strong>presbyteri,</strong></span> <span class='ocrx_word' id='word_1_609' title='bbox 2897 2588 3070 2658; x_wconf 88' lang='lat' dir='ltr'><strong>inquit</strong></span> <span class='ocrx_word' id='word_1_610' title='bbox 3097 2589 3380 2653; x_wconf 84' lang='lat' dir='ltr'><strong>Palladius,</strong></span> <span class='ocrx_word' id='word_1_611' title='bbox 3407 2607 3511 2645; x_wconf 83' lang='lat' dir='ltr'><strong>non</strong></span> <span class='ocrx_word' id='word_1_612' title='bbox 3534 2609 3703 2646; x_wconf 78' lang='lat' dir='ltr'><strong>sacer-</strong></span> 
     </span>
    </p>
   </div>
   <div class='ocr_carea' id='block_1_85' title="bbox 2110 2679 3701 2750">
    <p class='ocr_par' dir='ltr' id='par_1_85' title="bbox 2110 2679 3701 2750">
     <span class='ocr_line' id='line_1_85' title="bbox 2110 2679 3701 2750; baseline 0.002 -17"><span class='ocrx_word' id='word_1_613' title='bbox 2110 2680 2249 2734; x_wconf 86' lang='lat' dir='ltr'><strong>dotio</strong></span> <span class='ocrx_word' id='word_1_614' title='bbox 2276 2690 2493 2746; x_wconf 86' lang='lat' dir='ltr'><strong>tantum,</strong></span> <span class='ocrx_word' id='word_1_615' title='bbox 2525 2680 2614 2733; x_wconf 80' lang='lat' dir='ltr'><strong>sed</strong></span> <span class='ocrx_word' id='word_1_616' title='bbox 2637 2679 2786 2733; x_wconf 83' lang='lat' dir='ltr'><strong>etiam</strong></span> <span class='ocrx_word' id='word_1_617' title='bbox 2812 2680 2905 2732; x_wconf 81' lang='lat' dir='ltr'><strong>uiri</strong></span> <span class='ocrx_word' id='word_1_618' title='bbox 2930 2679 3133 2733; x_wconf 85' lang='lat' dir='ltr'><strong>nomine</strong></span> <span class='ocrx_word' id='word_1_619' title='bbox 3158 2680 3373 2750; x_wconf 82' lang='lat' dir='ltr'><strong>indigni.</strong></span> <span class='ocrx_word' id='word_1_620' title='bbox 3403 2681 3472 2735; x_wconf 79' lang='lat' dir='ltr'><strong>At</strong></span> <span class='ocrx_word' id='word_1_621' title='bbox 3501 2680 3701 2737; x_wconf 85' lang='lat' dir='ltr'><strong>Ortho-</strong></span> 
     </span>
    </p>
   </div>
   <div class='ocr_carea' id='block_1_86' title="bbox 2109 2765 3696 2844">
    <p class='ocr_par' dir='ltr' id='par_1_86' title="bbox 2109 2765 3696 2844">
     <span class='ocr_line' id='line_1_86' title="bbox 2109 2765 3696 2844; baseline 0.002 -19"><span class='ocrx_word' id='word_1_622' title='bbox 2109 2773 2367 2827; x_wconf 74' lang='lat' dir='ltr'><strong>doxornm</strong></span> <span class='ocrx_word' id='word_1_623' title='bbox 2396 2787 2521 2842; x_wconf 86' lang='lat' dir='ltr'><strong>pars</strong></span> <span class='ocrx_word' id='word_1_624' title='bbox 2546 2765 2807 2826; x_wconf 80' lang='lat' dir='ltr'><strong>sincerior</strong></span> <span class='ocrx_word' id='word_1_625' title='bbox 2828 2771 3206 2840; x_wconf 85' lang='lat' dir='ltr'><strong>Imperatorem</strong></span> <span class='ocrx_word' id='word_1_626' title='bbox 3229 2773 3426 2828; x_wconf 74' lang='lat' dir='ltr'><strong>obnixe</strong></span> <span class='ocrx_word' id='word_1_627' title='bbox 3451 2775 3696 2844; x_wconf 78' lang='lat' dir='ltr'><strong>rogabat,</strong></span> 
     </span>
    </p>
   </div>
   <div class='ocr_carea' id='block_1_87' title="bbox 2113 2863 3698 2935">
    <p class='ocr_par' dir='ltr' id='par_1_87' title="bbox 2113 2863 3698 2935">
     <span class='ocr_line' id='line_1_87' title="bbox 2113 2863 3698 2935; baseline 0.003 -18"><span class='ocrx_word' id='word_1_628' title='bbox 2113 2863 2200 2918; x_wconf 87' lang='lat' dir='ltr'><strong>tali</strong></span> <span class='ocrx_word' id='word_1_629' title='bbox 2245 2863 2461 2933; x_wconf 89' lang='lat' dir='ltr'><strong>dignum</strong></span> <span class='ocrx_word' id='word_1_630' title='bbox 2493 2863 2692 2933; x_wconf 85' lang='lat' dir='ltr'><strong>gradu,</strong></span> <span class='ocrx_word' id='word_1_631' title='bbox 2723 2872 2778 2917; x_wconf 93' lang='lat' dir='ltr'><strong>ct</strong></span> <span class='ocrx_word' id='word_1_632' title='bbox 2820 2864 2871 2917; x_wconf 90' lang='lat' dir='ltr'><strong>in</strong></span> <span class='ocrx_word' id='word_1_633' title='bbox 2916 2863 3075 2918; x_wconf 90' lang='lat' dir='ltr'><strong>rebus</strong></span> <span class='ocrx_word' id='word_1_634' title='bbox 3116 2863 3310 2919; x_wconf 91' lang='lat' dir='ltr'><strong>divinis</strong></span> <span class='ocrx_word' id='word_1_635' title='bbox 3337 2869 3566 2935; x_wconf 85' lang='lat' dir='ltr'><strong>peritum</strong></span> <span class='ocrx_word' id='word_1_636' title='bbox 3599 2868 3698 2922; x_wconf 90' lang='lat' dir='ltr'><strong>sibi</strong></span> 
     </span>
    </p>
   </div>
   <div class='ocr_carea' id='block_1_88' title="bbox 2112 2953 3698 3023">
    <p class='ocr_par' dir='ltr' id='par_1_88' title="bbox 2112 2953 3698 3023">
     <span class='ocr_line' id='line_1_88' title="bbox 2112 2953 3698 3023; baseline 0.003 -16"><span class='ocrx_word' id='word_1_637' title='bbox 2112 2953 2393 3021; x_wconf 75' lang='lat' dir='ltr'><strong>prmsulem</strong></span> <span class='ocrx_word' id='word_1_638' title='bbox 2442 2954 2811 3009; x_wconf 78' lang='lat' dir='ltr'><strong>constitueret.</strong></span> <span class='ocrx_word' id='word_1_639' title='bbox 2876 2953 3164 3023; x_wconf 78' lang='lat' dir='ltr'><strong>Eutmpius</strong></span> <span class='ocrx_word' id='word_1_640' title='bbox 3215 2970 3344 3009; x_wconf 80' lang='lat' dir='ltr'><strong>vero</strong></span> <span class='ocrx_word' id='word_1_641' title='bbox 3394 2957 3698 3023; x_wconf 88' lang='lat' dir='ltr'><strong>eunuchus,</strong></span> 
     </span>
    </p>
   </div>
   <div class='ocr_carea' id='block_1_89' title="bbox 2112 3043 3701 3115">
    <p class='ocr_par' dir='ltr' id='par_1_89' title="bbox 2112 3043 3701 3115">
     <span class='ocr_line' id='line_1_89' title="bbox 2112 3043 3701 3115; baseline 0.002 -16"><span class='ocrx_word' id='word_1_642' title='bbox 2112 3045 2434 3115; x_wconf 71' lang='lat' dir='ltr'><strong>l’rtepositus</strong></span> <span class='ocrx_word' id='word_1_643' title='bbox 2461 3045 2598 3099; x_wconf 87' lang='lat' dir='ltr'><strong>sacri</strong></span> <span class='ocrx_word' id='word_1_644' title='bbox 2626 3043 2889 3109; x_wconf 88' lang='lat' dir='ltr'><strong>cubiculi,</strong></span> <span class='ocrx_word' id='word_1_645' title='bbox 2922 3045 3011 3114; x_wconf 84' lang='lat' dir='ltr'><strong>qui</strong></span> <span class='ocrx_word' id='word_1_646' title='bbox 3042 3060 3308 3099; x_wconf 81' lang='lat' dir='ltr'><strong>summam</strong></span> <span class='ocrx_word' id='word_1_647' title='bbox 3340 3061 3519 3102; x_wconf 90' lang='lat' dir='ltr'><strong>rerum</strong></span> <span class='ocrx_word' id='word_1_648' title='bbox 3551 3056 3701 3103; x_wconf 88' lang='lat' dir='ltr'><strong>tene-</strong></span> 
     </span>
    </p>
   </div>
   <div class='ocr_carea' id='block_1_90' title="bbox 2110 3134 3695 3201">
    <p class='ocr_par' dir='ltr' id='par_1_90' title="bbox 2110 3134 3695 3201">
     <span class='ocr_line' id='line_1_90' title="bbox 2110 3134 3695 3201; baseline 0.004 -13"><span class='ocrx_word' id='word_1_649' title='bbox 2110 3135 2220 3201; x_wconf 85' lang='lat' dir='ltr'><strong>bat,</strong></span> <span class='ocrx_word' id='word_1_650' title='bbox 2248 3134 2509 3189; x_wconf 86' lang='lat' dir='ltr'><strong>Joannem</strong></span> <span class='ocrx_word' id='word_1_651' title='bbox 2541 3143 2781 3189; x_wconf 89' lang='lat' dir='ltr'><strong>nostrum</strong></span> <span class='ocrx_word' id='word_1_652' title='bbox 2805 3135 3196 3190; x_wconf 74' lang='lat' dir='ltr'><strong>AntiOeltenum</strong></span> <span class='ocrx_word' id='word_1_653' title='bbox 3222 3137 3560 3192; x_wconf 83' lang='lat' dir='ltr'><strong>sacerdotem</strong></span> <span class='ocrx_word' id='word_1_654' title='bbox 3594 3154 3695 3195; x_wconf 71' lang='lat' dir='ltr'><strong>oze-</strong></span> 
     </span>
    </p>
   </div>
   <div class='ocr_carea' id='block_1_91' title="bbox 2111 3225 3691 3299">
    <p class='ocr_par' dir='ltr' id='par_1_91' title="bbox 2111 3225 3691 3299">
     <span class='ocr_line' id='line_1_91' title="bbox 2111 3225 3691 3299; baseline 0.003 -20"><span class='ocrx_word' id='word_1_655' title='bbox 2111 3229 2239 3280; x_wconf 77' lang='lat' dir='ltr'><strong>tet-is</strong></span> <span class='ocrx_word' id='word_1_656' title='bbox 2287 3225 2541 3281; x_wconf 88' lang='lat' dir='ltr'><strong>anteferri</strong></span> <span class='ocrx_word' id='word_1_657' title='bbox 2572 3227 2902 3296; x_wconf 85' lang='lat' dir='ltr'><strong>peroptabat.</strong></span> <span class='ocrx_word' id='word_1_658' title='bbox 2948 3225 3078 3280; x_wconf 90' lang='lat' dir='ltr'><strong>Cum</strong></span> <span class='ocrx_word' id='word_1_659' title='bbox 3119 3228 3261 3282; x_wconf 90' lang='lat' dir='ltr'><strong>enint</strong></span> <span class='ocrx_word' id='word_1_660' title='bbox 3293 3227 3441 3283; x_wconf 89' lang='lat' dir='ltr'><strong>illum</strong></span> <span class='ocrx_word' id='word_1_661' title='bbox 3486 3228 3691 3299; x_wconf 88' lang='lat' dir='ltr'><strong>imperii</strong></span> 
     </span>
    </p>
   </div>
   <div class='ocr_carea' id='block_1_92' title="bbox 2108 3317 3689 3389">
    <p class='ocr_par' dir='ltr' id='par_1_92' title="bbox 2108 3317 3689 3389">
     <span class='ocr_line' id='line_1_92' title="bbox 2108 3317 3689 3389; baseline 0.002 -18"><span class='ocrx_word' id='word_1_662' title='bbox 2108 3318 2319 3389; x_wconf 85' lang='lat' dir='ltr'><strong>negotia</strong></span> <span class='ocrx_word' id='word_1_663' title='bbox 2363 3318 2414 3371; x_wconf 90' lang='lat' dir='ltr'><strong>in</strong></span> <span class='ocrx_word' id='word_1_664' title='bbox 2471 3317 2775 3372; x_wconf 88' lang='lat' dir='ltr'><strong>interiorem</strong></span> <span class='ocrx_word' id='word_1_665' title='bbox 2818 3317 3054 3372; x_wconf 87' lang='lat' dir='ltr'><strong>Orientis</strong></span> <span class='ocrx_word' id='word_1_666' title='bbox 3103 3328 3303 3386; x_wconf 90' lang='lat' dir='ltr'><strong>partem</strong></span> <span class='ocrx_word' id='word_1_667' title='bbox 3352 3330 3689 3389; x_wconf 89' lang='lat' dir='ltr'><strong>evocassent,</strong></span> 
     </span>
    </p>
   </div>
   <div class='ocr_carea' id='block_1_93' title="bbox 2105 3406 3690 3475">
    <p class='ocr_par' dir='ltr' id='par_1_93' title="bbox 2105 3406 3690 3475">
     <span class='ocr_line' id='line_1_93' title="bbox 2105 3406 3690 3475; baseline 0.004 -13"><span class='ocrx_word' id='word_1_668' title='bbox 2105 3406 2367 3463; x_wconf 81' lang='lat' dir='ltr'><strong>Joannem</strong></span> <span class='ocrx_word' id='word_1_669' title='bbox 2405 3407 2699 3461; x_wconf 66' lang='lat' dir='ltr'><strong>Antiochiae</strong></span> <span class='ocrx_word' id='word_1_670' title='bbox 2740 3407 2968 3474; x_wconf 88' lang='lat' dir='ltr'><strong>viderat,</strong></span> <span class='ocrx_word' id='word_1_671' title='bbox 3009 3422 3072 3462; x_wconf 88' lang='lat' dir='ltr'><strong>ea</strong></span> <span class='ocrx_word' id='word_1_672' title='bbox 3115 3409 3331 3475; x_wconf 88' lang='lat' dir='ltr'><strong>virtute,</strong></span> <span class='ocrx_word' id='word_1_673' title='bbox 3373 3410 3440 3465; x_wconf 90' lang='lat' dir='ltr'><strong>iis</strong></span> <span class='ocrx_word' id='word_1_674' title='bbox 3475 3410 3690 3469; x_wconf 83' lang='lat' dir='ltr'><strong>dotibus</strong></span> 
     </span>
    </p>
   </div>
   <div class='ocr_carea' id='block_1_94' title="bbox 2104 3500 3691 3572">
    <p class='ocr_par' dir='ltr' id='par_1_94' title="bbox 2104 3500 3691 3572">
     <span class='ocr_line' id='line_1_94' title="bbox 2104 3500 3691 3572; baseline 0.001 -15"><span class='ocrx_word' id='word_1_675' title='bbox 2104 3501 2387 3572; x_wconf 63' lang='lat' dir='ltr'><strong>proditum</strong></span> <span class='ocrx_word' id='word_1_676' title='bbox 2404 3540 2417 3566; x_wconf 94' lang='lat'><strong>,</strong></span> <span class='ocrx_word' id='word_1_677' title='bbox 2452 3515 2571 3571; x_wconf 67' lang='lat' dir='ltr'><strong>quae</strong></span> <span class='ocrx_word' id='word_1_678' title='bbox 2597 3509 2742 3555; x_wconf 91' lang='lat' dir='ltr'><strong>tanto</strong></span> <span class='ocrx_word' id='word_1_679' title='bbox 2770 3500 3099 3570; x_wconf 84' lang='lat' dir='ltr'><strong>capessendo</strong></span> <span class='ocrx_word' id='word_1_680' title='bbox 3123 3502 3329 3557; x_wconf 90' lang='lat' dir='ltr'><strong>muneri</strong></span> <span class='ocrx_word' id='word_1_681' title='bbox 3360 3516 3545 3572; x_wconf 87' lang='lat' dir='ltr'><strong>parem</strong></span> <span class='ocrx_word' id='word_1_682' title='bbox 3571 3503 3691 3559; x_wconf 83' lang='lat' dir='ltr'><strong>red-</strong></span> 
     </span>
    </p>
   </div>
   <div class='ocr_carea' id='block_1_95' title="bbox 2103 3593 2313 3648">
    <p class='ocr_par' dir='ltr' id='par_1_95' title="bbox 2103 3593 2313 3648">
     <span class='ocr_line' id='line_1_95' title="bbox 2103 3593 2313 3648; baseline -0.014 0"><span class='ocrx_word' id='word_1_683' title='bbox 2103 3593 2313 3648; x_wconf 89' lang='lat' dir='ltr'><strong>dereut.</strong></span> 
     </span>
    </p>
   </div>
   <div class='ocr_carea' id='block_1_96' title="bbox 2174 3681 3690 3751">
    <p class='ocr_par' dir='ltr' id='par_1_96' title="bbox 2174 3681 3690 3751">
     <span class='ocr_line' id='line_1_96' title="bbox 2174 3681 3690 3751; baseline 0.004 -16"><span class='ocrx_word' id='word_1_684' title='bbox 2174 3684 2436 3751; x_wconf 83' lang='lat' dir='ltr'><strong>Quoniam</strong></span> <span class='ocrx_word' id='word_1_685' title='bbox 2471 3690 2615 3737; x_wconf 81' lang='lat' dir='ltr'><strong>vero‘</strong></span> <span class='ocrx_word' id='word_1_686' title='bbox 2640 3681 2930 3736; x_wconf 90' lang='lat' dir='ltr'><strong>timendum</strong></span> <span class='ocrx_word' id='word_1_687' title='bbox 2973 3683 3193 3737; x_wconf 90' lang='lat' dir='ltr'><strong>omnino</strong></span> <span class='ocrx_word' id='word_1_688' title='bbox 3235 3691 3379 3751; x_wconf 85' lang='lat' dir='ltr'><strong>erat,</strong></span> <span class='ocrx_word' id='word_1_689' title='bbox 3409 3699 3480 3740; x_wconf 91' lang='lat' dir='ltr'><strong>ne</strong></span> <span class='ocrx_word' id='word_1_690' title='bbox 3504 3686 3690 3742; x_wconf 83' lang='lat' dir='ltr'><strong>Antio-</strong></span> 
     </span>
    </p>
   </div>
   <div class='ocr_carea' id='block_1_97' title="bbox 2101 3758 3688 3845">
    <p class='ocr_par' dir='ltr' id='par_1_97' title="bbox 2101 3758 3688 3845">
     <span class='ocr_line' id='line_1_97' title="bbox 2101 3758 3688 3845; baseline 0.001 -15"><span class='ocrx_word' id='word_1_691' title='bbox 2101 3776 2305 3830; x_wconf 88' lang='lat' dir='ltr'><strong>cltenns</strong></span> <span class='ocrx_word' id='word_1_692' title='bbox 2331 3774 2576 3843; x_wconf 90' lang='lat' dir='ltr'><strong>populus,</strong></span> <span class='ocrx_word' id='word_1_693' title='bbox 2601 3772 2695 3842; x_wconf 91' lang='lat' dir='ltr'><strong>qui</strong></span> <span class='ocrx_word' id='word_1_694' title='bbox 2724 3758 2914 3827; x_wconf 87' lang='lat' dir='ltr'><strong>Joauui</strong></span> <span class='ocrx_word' id='word_1_695' title='bbox 2941 3788 3067 3828; x_wconf 90' lang='lat' dir='ltr'><strong>vere</strong></span> <span class='ocrx_word' id='word_1_696' title='bbox 3091 3774 3481 3845; x_wconf 81' lang='lat' dir='ltr'><strong>Cltrysostomo</strong></span> <span class='ocrx_word' id='word_1_697' title='bbox 3501 3776 3688 3831; x_wconf 69' lang='lat' dir='ltr'><strong>adm</strong></span> 
     </span>
    </p>
   </div>
   <div class='ocr_carea' id='block_1_98' title="bbox 2102 3865 3685 3937">
    <p class='ocr_par' dir='ltr' id='par_1_98' title="bbox 2102 3865 3685 3937">
     <span class='ocr_line' id='line_1_98' title="bbox 2102 3865 3685 3937; baseline -0.001 -15"><span class='ocrx_word' id='word_1_698' title='bbox 2102 3867 2228 3922; x_wconf 87' lang='lat' dir='ltr'><strong>dum</strong></span> <span class='ocrx_word' id='word_1_699' title='bbox 2260 3866 2503 3920; x_wconf 89' lang='lat' dir='ltr'><strong>addictus</strong></span> <span class='ocrx_word' id='word_1_700' title='bbox 2538 3875 2690 3932; x_wconf 88' lang='lat' dir='ltr'><strong>erat,</strong></span> <span class='ocrx_word' id='word_1_701' title='bbox 2723 3866 2867 3921; x_wconf 90' lang='lat' dir='ltr'><strong>illum</strong></span> <span class='ocrx_word' id='word_1_702' title='bbox 2890 3865 2992 3920; x_wconf 88' lang='lat' dir='ltr'><strong>sibi</strong></span> <span class='ocrx_word' id='word_1_703' title='bbox 3023 3866 3195 3936; x_wconf 88' lang='lat' dir='ltr'><strong>abripi</strong></span> <span class='ocrx_word' id='word_1_704' title='bbox 3224 3881 3367 3936; x_wconf 80' lang='lat' dir='ltr'><strong>aegre</strong></span> <span class='ocrx_word' id='word_1_705' title='bbox 3396 3876 3685 3937; x_wconf 79' lang='lat' dir='ltr'><strong>pateretur,</strong></span> 
     </span>
    </p>
   </div>
   <div class='ocr_carea' id='block_1_99' title="bbox 2101 3958 3685 4028">
    <p class='ocr_par' dir='ltr' id='par_1_99' title="bbox 2101 3958 3685 4028">
     <span class='ocr_line' id='line_1_99' title="bbox 2101 3958 3685 4028; baseline 0 -13"><span class='ocrx_word' id='word_1_706' title='bbox 2101 3974 2237 4015; x_wconf 85' lang='lat' dir='ltr'><strong>neve</strong></span> <span class='ocrx_word' id='word_1_707' title='bbox 2280 3959 2336 4014; x_wconf 90' lang='lat' dir='ltr'><strong>in</strong></span> <span class='ocrx_word' id='word_1_708' title='bbox 2379 3958 2617 4014; x_wconf 90' lang='lat' dir='ltr'><strong>discessu</strong></span> <span class='ocrx_word' id='word_1_709' title='bbox 2655 3958 2771 4028; x_wconf 85' lang='lat' dir='ltr'><strong>ejus</strong></span> <span class='ocrx_word' id='word_1_710' title='bbox 2816 3959 3076 4013; x_wconf 89' lang='lat' dir='ltr'><strong>tumultus</strong></span> <span class='ocrx_word' id='word_1_711' title='bbox 3122 3960 3517 4025; x_wconf 89' lang='lat' dir='ltr'><strong>concitaretur;</strong></span> <span class='ocrx_word' id='word_1_712' title='bbox 3565 3976 3685 4016; x_wconf 88' lang='lat' dir='ltr'><strong>cum</strong></span> 
     </span>
    </p>
   </div>
   <div class='ocr_carea' id='block_1_100' title="bbox 2100 4051 3685 4123">
    <p class='ocr_par' dir='ltr' id='par_1_100' title="bbox 2100 4051 3685 4123">
     <span class='ocr_line' id='line_1_100' title="bbox 2100 4051 3685 4123; baseline 0.001 -16"><span class='ocrx_word' id='word_1_713' title='bbox 2100 4054 2261 4107; x_wconf 90' lang='lat' dir='ltr'><strong>etiam</strong></span> <span class='ocrx_word' id='word_1_714' title='bbox 2293 4066 2398 4105; x_wconf 91' lang='lat' dir='ltr'><strong>non</strong></span> <span class='ocrx_word' id='word_1_715' title='bbox 2436 4052 2611 4105; x_wconf 90' lang='lat' dir='ltr'><strong>minus</strong></span> <span class='ocrx_word' id='word_1_716' title='bbox 2639 4051 2983 4105; x_wconf 89' lang='lat' dir='ltr'><strong>metuendum</strong></span> <span class='ocrx_word' id='word_1_717' title='bbox 3017 4060 3188 4111; x_wconf 85' lang='lat' dir='ltr'><strong>esset.</strong></span> <span class='ocrx_word' id='word_1_718' title='bbox 3220 4067 3289 4105; x_wconf 91' lang='lat' dir='ltr'><strong>ne</strong></span> <span class='ocrx_word' id='word_1_719' title='bbox 3312 4052 3546 4109; x_wconf 82' lang='lat' dir='ltr'><strong>Joannes</strong></span> <span class='ocrx_word' id='word_1_720' title='bbox 3575 4054 3685 4123; x_wconf 87' lang='lat' dir='ltr'><strong>ipse</strong></span> 
     </span>
    </p>
   </div>
   <div class='ocr_carea' id='block_1_101' title="bbox 2102 4141 3685 4215">
    <p class='ocr_par' dir='ltr' id='par_1_101' title="bbox 2102 4141 3685 4215">
     <span class='ocr_line' id='line_1_101' title="bbox 2102 4141 3685 4215; baseline 0.003 -18"><span class='ocrx_word' id='word_1_721' title='bbox 2102 4152 2249 4197; x_wconf 87' lang='lat' dir='ltr'><strong>tanto</strong></span> <span class='ocrx_word' id='word_1_722' title='bbox 2274 4157 2333 4197; x_wconf 89' lang='lat' dir='ltr'><strong>se</strong></span> <span class='ocrx_word' id='word_1_723' title='bbox 2358 4141 2526 4212; x_wconf 85' lang='lat' dir='ltr'><strong>gradu</strong></span> <span class='ocrx_word' id='word_1_724' title='bbox 2567 4142 2838 4212; x_wconf 82' lang='lat' dir='ltr'><strong>indignant</strong></span> <span class='ocrx_word' id='word_1_725' title='bbox 2879 4154 3106 4213; x_wconf 84' lang='lat' dir='ltr'><strong>putans,</strong></span> <span class='ocrx_word' id='word_1_726' title='bbox 3134 4144 3561 4215; x_wconf 80' lang='lat' dir='ltr'><strong>subterfugeret;</strong></span> <span class='ocrx_word' id='word_1_727' title='bbox 3606 4146 3685 4201; x_wconf 85' lang='lat' dir='ltr'><strong>his</strong></span> 
     </span>
    </p>
   </div>
   <div class='ocr_carea' id='block_1_102' title="bbox 2101 4238 3684 4309">
    <p class='ocr_par' dir='ltr' id='par_1_102' title="bbox 2101 4238 3684 4309">
     <span class='ocr_line' id='line_1_102' title="bbox 2101 4238 3684 4309; baseline 0.003 -16"><span class='ocrx_word' id='word_1_728' title='bbox 2101 4239 2431 4308; x_wconf 83' lang='lat' dir='ltr'><strong>prospiciens</strong></span> <span class='ocrx_word' id='word_1_729' title='bbox 2456 4238 2740 4308; x_wconf 87' lang='lat' dir='ltr'><strong>Eutropius</strong></span> <span class='ocrx_word' id='word_1_730' title='bbox 2785 4238 3099 4309; x_wconf 85' lang='lat' dir='ltr'><strong>Imperatori</strong></span> <span class='ocrx_word' id='word_1_731' title='bbox 3147 4252 3333 4295; x_wconf 89' lang='lat' dir='ltr'><strong>auctor</strong></span> <span class='ocrx_word' id='word_1_732' title='bbox 3373 4242 3501 4307; x_wconf 87' lang='lat' dir='ltr'><strong>fuit,</strong></span> <span class='ocrx_word' id='word_1_733' title='bbox 3535 4252 3594 4297; x_wconf 91' lang='lat' dir='ltr'><strong>ut</strong></span> <span class='ocrx_word' id='word_1_734' title='bbox 3619 4243 3684 4299; x_wconf 88' lang='lat' dir='ltr'><strong>ad</strong></span> 
     </span>
    </p>
   </div>
   <div class='ocr_carea' id='block_1_103' title="bbox 2098 4329 3683 4403">
    <p class='ocr_par' dir='ltr' id='par_1_103' title="bbox 2098 4329 3683 4403">
     <span class='ocr_line' id='line_1_103' title="bbox 2098 4329 3683 4403; baseline 0.003 -18"><span class='ocrx_word' id='word_1_735' title='bbox 2098 4332 2357 4386; x_wconf 83' lang='lat' dir='ltr'><strong>Comitem</strong></span> <span class='ocrx_word' id='word_1_736' title='bbox 2384 4329 2620 4385; x_wconf 83' lang='lat' dir='ltr'><strong>Orientis</strong></span> <span class='ocrx_word' id='word_1_737' title='bbox 2653 4331 2942 4398; x_wconf 88' lang='lat' dir='ltr'><strong>scriberet,</strong></span> <span class='ocrx_word' id='word_1_738' title='bbox 2973 4331 3228 4403; x_wconf 90' lang='lat' dir='ltr'><strong>illumque</strong></span> <span class='ocrx_word' id='word_1_739' title='bbox 3251 4333 3468 4402; x_wconf 87' lang='lat' dir='ltr'><strong>jnberet</strong></span> <span class='ocrx_word' id='word_1_740' title='bbox 3495 4337 3683 4390; x_wconf 78' lang='lat' dir='ltr'><strong>Antio-</strong></span> 
     </span>
    </p>
   </div>
   <div class='ocr_carea' id='block_1_104' title="bbox 2098 4420 3683 4491">
    <p class='ocr_par' dir='ltr' id='par_1_104' title="bbox 2098 4420 3683 4491">
     <span class='ocr_line' id='line_1_104' title="bbox 2098 4420 3683 4491; baseline 0.006 -19"><span class='ocrx_word' id='word_1_741' title='bbox 2098 4420 2273 4479; x_wconf 88' lang='lat' dir='ltr'><strong>chiam</strong></span> <span class='ocrx_word' id='word_1_742' title='bbox 2303 4420 2562 4491; x_wconf 83' lang='lat' dir='ltr'><strong>proﬁcisci</strong></span> <span class='ocrx_word' id='word_1_743' title='bbox 2584 4461 2599 4486; x_wconf 86' lang='lat'><strong>,</strong></span> <span class='ocrx_word' id='word_1_744' title='bbox 2629 4430 2686 4475; x_wconf 89' lang='grc' dir='ltr'><strong>ιιι</strong></span> <span class='ocrx_word' id='word_1_745' title='bbox 2711 4431 2828 4476; x_wconf 87' lang='lat' dir='ltr'><strong>arte</strong></span> <span class='ocrx_word' id='word_1_746' title='bbox 2852 4422 3079 4490; x_wconf 87' lang='lat' dir='ltr'><strong>quadam</strong></span> <span class='ocrx_word' id='word_1_747' title='bbox 3107 4422 3367 4479; x_wconf 83' lang='lat' dir='ltr'><strong>Joannem</strong></span> <span class='ocrx_word' id='word_1_748' title='bbox 3395 4426 3513 4480; x_wconf 87' lang='lat' dir='ltr'><strong>sine</strong></span> <span class='ocrx_word' id='word_1_749' title='bbox 3544 4433 3683 4481; x_wconf 80' lang='lat' dir='ltr'><strong>stre-</strong></span> 
     </span>
    </p>
   </div>
   <div class='ocr_carea' id='block_1_105' title="bbox 2100 4512 3681 4585">
    <p class='ocr_par' dir='ltr' id='par_1_105' title="bbox 2100 4512 3681 4585">
     <span class='ocr_line' id='line_1_105' title="bbox 2100 4512 3681 4585; baseline 0.004 -18"><span class='ocrx_word' id='word_1_750' title='bbox 2100 4512 2211 4581; x_wconf 88' lang='lat' dir='ltr'><strong>pittt</strong></span> <span class='ocrx_word' id='word_1_751' title='bbox 2236 4521 2516 4578; x_wconf 84' lang='lat' dir='ltr'><strong>evocaret,</strong></span> <span class='ocrx_word' id='word_1_752' title='bbox 2561 4513 2842 4583; x_wconf 88' lang='lat' dir='ltr'><strong>ipsumque</strong></span> <span class='ocrx_word' id='word_1_753' title='bbox 2864 4513 3376 4585; x_wconf 87' lang='lat' dir='ltr'><strong>Constantinopolim</strong></span> <span class='ocrx_word' id='word_1_754' title='bbox 3426 4520 3681 4574; x_wconf 87' lang='lat' dir='ltr'><strong>mitteret.</strong></span> 
     </span>
    </p>
   </div>
   <div class='ocr_carea' id='block_1_106' title="bbox 2096 4603 3682 4674">
    <p class='ocr_par' dir='ltr' id='par_1_106' title="bbox 2096 4603 3682 4674">
     <span class='ocr_line' id='line_1_106' title="bbox 2096 4603 3682 4674; baseline 0.006 -17"><span class='ocrx_word' id='word_1_755' title='bbox 2096 4603 2290 4660; x_wconf 84' lang='lat' dir='ltr'><strong>Comes</strong></span> <span class='ocrx_word' id='word_1_756' title='bbox 2319 4605 2496 4658; x_wconf 89' lang='lat' dir='ltr'><strong>statim</strong></span> <span class='ocrx_word' id='word_1_757' title='bbox 2519 4644 2534 4670; x_wconf 93' lang='lat'><strong>,</strong></span> <span class='ocrx_word' id='word_1_758' title='bbox 2563 4605 2797 4674; x_wconf 87' lang='lat' dir='ltr'><strong>acceptis</strong></span> <span class='ocrx_word' id='word_1_759' title='bbox 2827 4604 2996 4660; x_wconf 88' lang='lat' dir='ltr'><strong>literis</strong></span> <span class='ocrx_word' id='word_1_760' title='bbox 3014 4648 3031 4671; x_wconf 95' lang='lat'><strong>,</strong></span> <span class='ocrx_word' id='word_1_761' title='bbox 3067 4606 3328 4662; x_wconf 80' lang='lat' dir='ltr'><strong>Joannem</strong></span> <span class='ocrx_word' id='word_1_762' title='bbox 3358 4609 3602 4665; x_wconf 85' lang='lat' dir='ltr'><strong>hortatur</strong></span> <span class='ocrx_word' id='word_1_763' title='bbox 3627 4619 3682 4666; x_wconf 84' lang='lat' dir='ltr'><strong>ut</strong></span> 
     </span>
    </p>
   </div>
   <div class='ocr_carea' id='block_1_107' title="bbox 2096 4696 3682 4769">
    <p class='ocr_par' dir='ltr' id='par_1_107' title="bbox 2096 4696 3682 4769">
     <span class='ocr_line' id='line_1_107' title="bbox 2096 4696 3682 4769; baseline 0.006 -20"><span class='ocrx_word' id='word_1_764' title='bbox 2096 4704 2248 4749; x_wconf 81' lang='lat' dir='ltr'><strong>extra</strong></span> <span class='ocrx_word' id='word_1_765' title='bbox 2292 4696 2560 4751; x_wconf 85' lang='lat' dir='ltr'><strong>civitatem</strong></span> <span class='ocrx_word' id='word_1_766' title='bbox 2603 4697 2671 4752; x_wconf 89' lang='lat' dir='ltr'><strong>ad</strong></span> <span class='ocrx_word' id='word_1_767' title='bbox 2717 4697 2972 4769; x_wconf 72' lang='lat' dir='ltr'><strong>martyris</strong></span> <span class='ocrx_word' id='word_1_768' title='bbox 3017 4712 3078 4754; x_wconf 88' lang='lat' dir='ltr'><strong>se</strong></span> <span class='ocrx_word' id='word_1_769' title='bbox 3117 4700 3382 4755; x_wconf 80' lang='lat' dir='ltr'><strong>conferat.</strong></span> <span class='ocrx_word' id='word_1_770' title='bbox 3437 4703 3520 4757; x_wconf 87' lang='lat' dir='ltr'><strong>Eo</strong></span> <span class='ocrx_word' id='word_1_771' title='bbox 3561 4718 3682 4757; x_wconf 86' lang='lat' dir='ltr'><strong>cum</strong></span> 
     </span>
    </p>
   </div>
   <div class='ocr_carea' id='block_1_108' title="bbox 2097 4787 3679 4858">
    <p class='ocr_par' dir='ltr' id='par_1_108' title="bbox 2097 4787 3679 4858">
     <span class='ocr_line' id='line_1_108' title="bbox 2097 4787 3679 4858; baseline 0.005 -19"><span class='ocrx_word' id='word_1_772' title='bbox 2097 4788 2333 4841; x_wconf 85' lang='lat' dir='ltr'><strong>venisset</strong></span> <span class='ocrx_word' id='word_1_773' title='bbox 2357 4787 2484 4842; x_wconf 88' lang='lat' dir='ltr'><strong>nihil</strong></span> <span class='ocrx_word' id='word_1_774' title='bbox 2510 4787 2759 4844; x_wconf 85' lang='lat' dir='ltr'><strong>dubitans</strong></span> <span class='ocrx_word' id='word_1_775' title='bbox 2783 4787 3038 4858; x_wconf 82' lang='lat' dir='ltr'><strong>Joannes,</strong></span> <span class='ocrx_word' id='word_1_776' title='bbox 3060 4791 3215 4845; x_wconf 85' lang='lat' dir='ltr'><strong>militi</strong></span> <span class='ocrx_word' id='word_1_777' title='bbox 3236 4793 3446 4848; x_wconf 91' lang='lat' dir='ltr'><strong>cuidam</strong></span> <span class='ocrx_word' id='word_1_778' title='bbox 3473 4795 3539 4848; x_wconf 89' lang='lat' dir='ltr'><strong>ad</strong></span> <span class='ocrx_word' id='word_1_779' title='bbox 3565 4809 3679 4848; x_wconf 84' lang='lat' dir='ltr'><strong>eam</strong></span> 
     </span>
    </p>
   </div>
   <div class='ocr_carea' id='block_1_109' title="bbox 2098 4878 3682 4955">
    <p class='ocr_par' dir='ltr' id='par_1_109' title="bbox 2098 4878 3682 4955">
     <span class='ocr_line' id='line_1_109' title="bbox 2098 4878 3682 4955; baseline 0.006 -24"><span class='ocrx_word' id='word_1_780' title='bbox 2098 4892 2210 4932; x_wconf 91' lang='lat' dir='ltr'><strong>rem</strong></span> <span class='ocrx_word' id='word_1_781' title='bbox 2240 4879 2404 4932; x_wconf 91' lang='lat' dir='ltr'><strong>misso</strong></span> <span class='ocrx_word' id='word_1_782' title='bbox 2431 4878 2678 4944; x_wconf 85' lang='lat' dir='ltr'><strong>traditur,</strong></span> <span class='ocrx_word' id='word_1_783' title='bbox 2706 4889 2761 4934; x_wconf 88' lang='lat' dir='ltr'><strong>et</strong></span> <span class='ocrx_word' id='word_1_784' title='bbox 2780 4881 2962 4936; x_wconf 78' lang='lat' dir='ltr'><strong>rltedte</strong></span> <span class='ocrx_word' id='word_1_785' title='bbox 2987 4883 3215 4953; x_wconf 73' lang='lat' dir='ltr'><strong>publica:</strong></span> <span class='ocrx_word' id='word_1_786' title='bbox 3243 4884 3525 4955; x_wconf 88' lang='lat' dir='ltr'><strong>impositus</strong></span> <span class='ocrx_word' id='word_1_787' title='bbox 3544 4886 3682 4942; x_wconf 80' lang='lat' dir='ltr'><strong>Con-</strong></span> 
     </span>
    </p>
   </div>
   <div class='ocr_carea' id='block_1_110' title="bbox 2096 4968 2827 5038">
    <p class='ocr_par' dir='ltr' id='par_1_110' title="bbox 2096 4968 2827 5038">
     <span class='ocr_line' id='line_1_110' title="bbox 2096 4968 2827 5038; baseline 0.004 -15"><span class='ocrx_word' id='word_1_788' title='bbox 2096 4968 2498 5038; x_wconf 80' lang='lat' dir='ltr'><strong>stantiuopolim</strong></span> <span class='ocrx_word' id='word_1_789' title='bbox 2523 4970 2827 5027; x_wconf 79' lang='lat' dir='ltr'><strong>adducitur.</strong></span> 
     </span>
    </p>
   </div>
   <div class='ocr_carea' id='block_1_111' title="bbox 2167 5061 3679 5140">
    <p class='ocr_par' dir='ltr' id='par_1_111' title="bbox 2167 5061 3679 5140">
     <span class='ocr_line' id='line_1_111' title="bbox 2167 5061 3679 5140; baseline 0.006 -25"><span class='ocrx_word' id='word_1_790' title='bbox 2167 5061 2266 5116; x_wconf 92' lang='lat' dir='ltr'><strong>lllo</strong></span> <span class='ocrx_word' id='word_1_791' title='bbox 2290 5071 2510 5131; x_wconf 79' lang='lat' dir='ltr'><strong>venerat</strong></span> <span class='ocrx_word' id='word_1_792' title='bbox 2547 5064 2613 5119; x_wconf 88' lang='lat' dir='ltr'><strong>ad</strong></span> <span class='ocrx_word' id='word_1_793' title='bbox 2655 5064 2914 5121; x_wconf 77' lang='lat' dir='ltr'><strong>Joannem</strong></span> <span class='ocrx_word' id='word_1_794' title='bbox 2944 5067 3312 5123; x_wconf 84' lang='lat' dir='ltr'><strong>ordinandum</strong></span> <span class='ocrx_word' id='word_1_795' title='bbox 3351 5068 3679 5140; x_wconf 80' lang='lat' dir='ltr'><strong>Theophilus</strong></span> 
     </span>
    </p>
   </div>
   <div class='ocr_carea' id='block_1_112' title="bbox 2097 5152 3675 5230">
    <p class='ocr_par' dir='ltr' id='par_1_112' title="bbox 2097 5152 3675 5230">
     <span class='ocr_line' id='line_1_112' title="bbox 2097 5152 3675 5230; baseline 0.006 -24"><span class='ocrx_word' id='word_1_796' title='bbox 2097 5152 2488 5209; x_wconf 78' lang='lat' dir='ltr'><strong>Alexandrinus</strong></span> <span class='ocrx_word' id='word_1_797' title='bbox 2512 5155 2708 5224; x_wconf 70' lang='lat' dir='ltr'><strong>pra-sul</strong></span> <span class='ocrx_word' id='word_1_798' title='bbox 2730 5197 2745 5221; x_wconf 94' lang='lat'><strong>,</strong></span> <span class='ocrx_word' id='word_1_799' title='bbox 2774 5156 2937 5210; x_wconf 89' lang='lat' dir='ltr'><strong>homo</strong></span> <span class='ocrx_word' id='word_1_800' title='bbox 2965 5157 3114 5212; x_wconf 80' lang='lat' dir='ltr'><strong>vafer</strong></span> <span class='ocrx_word' id='word_1_801' title='bbox 3138 5167 3194 5212; x_wconf 88' lang='lat' dir='ltr'><strong>et</strong></span> <span class='ocrx_word' id='word_1_802' title='bbox 3214 5158 3466 5227; x_wconf 86' lang='lat' dir='ltr'><strong>callidus,</strong></span> <span class='ocrx_word' id='word_1_803' title='bbox 3496 5163 3583 5230; x_wconf 86' lang='lat' dir='ltr'><strong>qui</strong></span> <span class='ocrx_word' id='word_1_804' title='bbox 3611 5177 3675 5215; x_wconf 77' lang='lat' dir='ltr'><strong>ex</strong></span> 
     </span>
    </p>
   </div>
   <div class='ocr_carea' id='block_1_113' title="bbox 2096 5244 3678 5320">
    <p class='ocr_par' dir='ltr' id='par_1_113' title="bbox 2096 5244 3678 5320">
     <span class='ocr_line' id='line_1_113' title="bbox 2096 5244 3678 5320; baseline 0.006 -23"><span class='ocrx_word' id='word_1_805' title='bbox 2096 5256 2314 5315; x_wconf 85' lang='lat' dir='ltr'><strong>aspectu</strong></span> <span class='ocrx_word' id='word_1_806' title='bbox 2337 5244 2455 5301; x_wconf 83' lang='lat' dir='ltr'><strong>solo</strong></span> <span class='ocrx_word' id='word_1_807' title='bbox 2479 5245 2754 5302; x_wconf 91' lang='lat' dir='ltr'><strong>hominum</strong></span> <span class='ocrx_word' id='word_1_808' title='bbox 2783 5249 3005 5305; x_wconf 88' lang='lat' dir='ltr'><strong>consilia</strong></span> <span class='ocrx_word' id='word_1_809' title='bbox 3033 5259 3088 5306; x_wconf 87' lang='lat' dir='ltr'><strong>et</strong></span> <span class='ocrx_word' id='word_1_810' title='bbox 3117 5251 3311 5320; x_wconf 84' lang='lat' dir='ltr'><strong>ingenii</strong></span> <span class='ocrx_word' id='word_1_811' title='bbox 3333 5251 3488 5306; x_wconf 88' lang='lat' dir='ltr'><strong>dotes</strong></span> <span class='ocrx_word' id='word_1_812' title='bbox 3518 5269 3678 5307; x_wconf 82' lang='lat' dir='ltr'><strong>nove-</strong></span> 
     </span>
    </p>
   </div>
   <div class='ocr_carea' id='block_1_114' title="bbox 2095 5336 3664 5410">
    <p class='ocr_par' dir='ltr' id='par_1_114' title="bbox 2095 5336 3664 5410">
     <span class='ocr_line' id='line_1_114' title="bbox 2095 5336 3664 5410; baseline 0.003 -20"><span class='ocrx_word' id='word_1_813' title='bbox 2095 5345 2198 5390; x_wconf 83' lang='lat' dir='ltr'><strong>rat.</strong></span> <span class='ocrx_word' id='word_1_814' title='bbox 2228 5336 2280 5390; x_wconf 89' lang='lat' dir='ltr'><strong>ls</strong></span> <span class='ocrx_word' id='word_1_815' title='bbox 2310 5347 2586 5407; x_wconf 84' lang='lat' dir='ltr'><strong>perspecta</strong></span> <span class='ocrx_word' id='word_1_816' title='bbox 2614 5338 2834 5400; x_wconf 81' lang='lat' dir='ltr'><strong>Joannis</strong></span> <span class='ocrx_word' id='word_1_817' title='bbox 2864 5341 3111 5410; x_wconf 84' lang='lat' dir='ltr'><strong>loquendi</strong></span> <span class='ocrx_word' id='word_1_818' title='bbox 3138 5342 3402 5408; x_wconf 70' lang='lat' dir='ltr'><strong>libertate,</strong></span> <span class='ocrx_word' id='word_1_819' title='bbox 3428 5354 3664 5398; x_wconf 78' lang='lat' dir='ltr'><strong>eonstsu.</strong></span> 
     </span>
    </p>
   </div>
   <div class='ocr_carea' id='block_1_115' title="bbox 2096 5428 3676 5504">
    <p class='ocr_par' dir='ltr' id='par_1_115' title="bbox 2096 5428 3676 5504">
     <span class='ocr_line' id='line_1_115' title="bbox 2096 5428 3676 5504; baseline 0.003 -22"><span class='ocrx_word' id='word_1_820' title='bbox 2096 5428 2203 5495; x_wconf 83' lang='lat' dir='ltr'><strong>tia,</strong></span> <span class='ocrx_word' id='word_1_821' title='bbox 2237 5429 2453 5491; x_wconf 85' lang='lat' dir='ltr'><strong>virtute,</strong></span> <span class='ocrx_word' id='word_1_822' title='bbox 2501 5429 2672 5499; x_wconf 84' lang='lat' dir='ltr'><strong>ipsum</strong></span> <span class='ocrx_word' id='word_1_823' title='bbox 2701 5432 2847 5493; x_wconf 59' lang='lat' dir='ltr'><strong>votis,</strong></span> <span class='ocrx_word' id='word_1_824' title='bbox 2883 5432 2994 5486; x_wconf 85' lang='lat' dir='ltr'><strong>suis</strong></span> <span class='ocrx_word' id='word_1_825' title='bbox 3039 5448 3149 5487; x_wconf 90' lang='lat' dir='ltr'><strong>non</strong></span> <span class='ocrx_word' id='word_1_826' title='bbox 3189 5431 3676 5504; x_wconf 82' lang='lat' dir='ltr'><strong>obtemperaturum</strong></span> 
     </span>
    </p>
   </div>
   <div class='ocr_carea' id='block_1_116' title="bbox 2095 5521 3675 5595">
    <p class='ocr_par' dir='ltr' id='par_1_116' title="bbox 2095 5521 3675 5595">
     <span class='ocr_line' id='line_1_116' title="bbox 2095 5521 3675 5595; baseline 0.003 -21"><span class='ocrx_word' id='word_1_827' title='bbox 2095 5534 2216 5575; x_wconf 90' lang='lat' dir='ltr'><strong>esse</strong></span> <span class='ocrx_word' id='word_1_828' title='bbox 2256 5521 2621 5592; x_wconf 85' lang='lat' dir='ltr'><strong>prospiciens;</strong></span> <span class='ocrx_word' id='word_1_829' title='bbox 2656 5524 2946 5593; x_wconf 81' lang='lat' dir='ltr'><strong>imperandi</strong></span> <span class='ocrx_word' id='word_1_830' title='bbox 2986 5525 3130 5580; x_wconf 83' lang='lat' dir='ltr'><strong>enim</strong></span> <span class='ocrx_word' id='word_1_831' title='bbox 3171 5525 3421 5595; x_wconf 88' lang='lat' dir='ltr'><strong>cupidine</strong></span> <span class='ocrx_word' id='word_1_832' title='bbox 3463 5527 3675 5582; x_wconf 66' lang='lat' dir='ltr'><strong>teut-ba-</strong></span> 
     </span>
    </p>
   </div>
   <div class='ocr_carea' id='block_1_117' title="bbox 2098 5611 3671 5685">
    <p class='ocr_par' dir='ltr' id='par_1_117' title="bbox 2098 5611 3671 5685">
     <span class='ocr_line' id='line_1_117' title="bbox 2098 5611 3671 5685; baseline 0.004 -21"><span class='ocrx_word' id='word_1_833' title='bbox 2098 5617 2218 5676; x_wconf 91' lang='lat' dir='ltr'><strong>tur;</strong></span> <span class='ocrx_word' id='word_1_834' title='bbox 2260 5611 2378 5681; x_wconf 87' lang='lat' dir='ltr'><strong>ejus</strong></span> <span class='ocrx_word' id='word_1_835' title='bbox 2419 5612 2741 5674; x_wconf 88' lang='lat' dir='ltr'><strong>ordinationi</strong></span> <span class='ocrx_word' id='word_1_836' title='bbox 2779 5615 3094 5685; x_wconf 77' lang='lat' dir='ltr'><strong>obsistebat.</strong></span> <span class='ocrx_word' id='word_1_837' title='bbox 3136 5615 3208 5673; x_wconf 83' lang='lat' dir='ltr'><strong>Ut</strong></span> <span class='ocrx_word' id='word_1_838' title='bbox 3232 5633 3361 5671; x_wconf 84' lang='lat' dir='ltr'><strong>vero</strong></span> <span class='ocrx_word' id='word_1_839' title='bbox 3389 5618 3489 5672; x_wconf 88' lang='lat' dir='ltr'><strong>sibi</strong></span> <span class='ocrx_word' id='word_1_840' title='bbox 3522 5618 3671 5670; x_wconf 81' lang='lat' dir='ltr'><strong>obse-</strong></span> 
     </span>
    </p>
   </div>
   <div class='ocr_carea' id='block_1_118' title="bbox 2095 5700 3673 5778">
    <p class='ocr_par' dir='ltr' id='par_1_118' title="bbox 2095 5700 3673 5778">
     <span class='ocr_line' id='line_1_118' title="bbox 2095 5700 3673 5778; baseline 0.004 -24"><span class='ocrx_word' id='word_1_841' title='bbox 2095 5708 2347 5770; x_wconf 90' lang='lat' dir='ltr'><strong>quentem</strong></span> <span class='ocrx_word' id='word_1_842' title='bbox 2374 5702 2429 5757; x_wconf 92' lang='lat' dir='ltr'><strong>in</strong></span> <span class='ocrx_word' id='word_1_843' title='bbox 2458 5700 3046 5776; x_wconf 83' lang='lat' dir='ltr'><strong>Constantinopolitana</strong></span> <span class='ocrx_word' id='word_1_844' title='bbox 3084 5706 3215 5763; x_wconf 80' lang='lat' dir='ltr'><strong>sede</strong></span> <span class='ocrx_word' id='word_1_845' title='bbox 3235 5707 3544 5778; x_wconf 77' lang='lat' dir='ltr'><strong>episcopum</strong></span> <span class='ocrx_word' id='word_1_846' title='bbox 3583 5706 3673 5760; x_wconf 81' lang='lat' dir='ltr'><strong>ha-</strong></span> 
     </span>
    </p>
   </div>
   <div class='ocr_carea' id='block_1_119' title="bbox 2094 5790 3671 5869">
    <p class='ocr_par' dir='ltr' id='par_1_119' title="bbox 2094 5790 3671 5869">
     <span class='ocr_line' id='line_1_119' title="bbox 2094 5790 3671 5869; baseline 0.004 -23"><span class='ocrx_word' id='word_1_847' title='bbox 2094 5790 2247 5847; x_wconf 86' lang='lat' dir='ltr'><strong>beret</strong></span> <span class='ocrx_word' id='word_1_848' title='bbox 2283 5791 2454 5865; x_wconf 66' lang='lat' dir='ltr'><strong>(bocr.</strong></span> <span class='ocrx_word' id='word_1_849' title='bbox 2484 5796 2523 5850; x_wconf 94' lang='lat' dir='ltr'><strong>l.</strong></span> <span class='ocrx_word' id='word_1_850' title='bbox 2544 5795 2599 5849; x_wconf 83' lang='lat'><strong>6.</strong></span> <span class='ocrx_word' id='word_1_851' title='bbox 2625 5811 2674 5849; x_wconf 75' lang='grc' dir='ltr'><strong>ε.</strong></span> <span class='ocrx_word' id='word_1_852' title='bbox 2695 5796 2805 5866; x_wconf 68' lang='grc'><strong>2),</strong></span> <span class='ocrx_word' id='word_1_853' title='bbox 2836 5796 3097 5854; x_wconf 86' lang='lat' dir='ltr'><strong>lsidorum</strong></span> <span class='ocrx_word' id='word_1_854' title='bbox 3129 5798 3383 5853; x_wconf 73' lang='lat' dir='ltr'><strong>Ecclesia:</strong></span> <span class='ocrx_word' id='word_1_855' title='bbox 3417 5813 3528 5853; x_wconf 82' lang='lat' dir='ltr'><strong>suae</strong></span> <span class='ocrx_word' id='word_1_856' title='bbox 3557 5812 3671 5869; x_wconf 83' lang='lat' dir='ltr'><strong>pre-</strong></span> 
     </span>
    </p>
   </div>
   <div class='ocr_carea' id='block_1_120' title="bbox 2100 5881 3675 5957">
    <p class='ocr_par' dir='ltr' id='par_1_120' title="bbox 2100 5881 3675 5957">
     <span class='ocr_line' id='line_1_120' title="bbox 2100 5881 3675 5957; baseline 0.004 -22"><span class='ocrx_word' id='word_1_857' title='bbox 2100 5881 2370 5957; x_wconf 71' lang='lat' dir='ltr'><strong>sbyterum</strong></span> <span class='ocrx_word' id='word_1_858' title='bbox 2392 5927 2406 5951; x_wconf 89' lang='lat'><strong>,</strong></span> <span class='ocrx_word' id='word_1_859' title='bbox 2436 5902 2592 5955; x_wconf 82' lang='lat' dir='ltr'><strong>quem</strong></span> <span class='ocrx_word' id='word_1_860' title='bbox 2616 5886 2703 5942; x_wconf 90' lang='lat' dir='ltr'><strong>ille</strong></span> <span class='ocrx_word' id='word_1_861' title='bbox 2720 5884 2949 5944; x_wconf 69' lang='lat' dir='ltr'><strong>Nectarii</strong></span> <span class='ocrx_word' id='word_1_862' title='bbox 2968 5902 3336 5945; x_wconf 81' lang='lat' dir='ltr'><strong>successorem</strong></span> <span class='ocrx_word' id='word_1_863' title='bbox 3357 5887 3675 5954; x_wconf 77' lang='lat' dir='ltr'><strong>destinabat,</strong></span> 
     </span>
    </p>
   </div>
  </div>
