3948 6398
225 389 323 450 185

227 499 725 571 Constantinejmlin
767 497 947 562 misit,
989 495 1301 552 muneribus
1341 495 1651 569 Imperatori
1682 499 1814 554 offe-

226 591 412 648 rcndis
441 592 687 661 binisque
714 590 881 646 literis
922 589 1260 644 instructum.
1297 589 1488 645 Verum
1515 590 1705 646 Lector
1729 592 1816 661 qui

227 687 399 754 ipsum
463 684 855 750 comitabatur,
903 681 1084 738 literas
1128 684 1265 736 clam
1321 683 1618 754 surripuit,
1666 685 1818 754 queis

229 785 397 832 totmn
424 774 708 843 Theophili
733 774 1060 846 prapositum
1087 771 1478 832 declarabatur.
1507 773 1583 828 Ea
1611 790 1672 829 re
1699 789 1820 845 per-

231 867 447 922 territus
479 865 746 928 Isidorus,
781 864 926 918 illico
968 863 1171 932 aufugit
1208 863 1604 921 Alexandriam.
1639 863 1818 919 Theo-
1867 857 1871 860 λ

231 957 404 1028 philus
431 966 614 1010 autem
642 971 763 1010 cum
787 953 1284 1026 Conatantinopolin
1310 956 1564 1020 venisset,
1588 971 1617 1008 a
1639 956 1822 1010 multis

233 1049 620 1113 accusabatur,
667 1047 756 1118 qui
809 1046 1024 1101 libellos
1073 1047 1218 1101 varia
1270 1047 1491 1102 crimina
1539 1047 1824 1102 efferentes

233 1137 532 1208 rpiscopis,
574 1137 662 1207 qui
711 1145 835 1192 tunc
877 1138 1122 1204 aderant,
1166 1136 1482 1192 oﬂ'erehant.
1536 1138 1824 1208 Eutropius

226 1237 480 1296 acceptos
529 1227 740 1282 libellos
783 1226 1082 1297 Theophilo
1130 1227 1404 1294 ostendit,
1457 1228 1654 1299 eligere
1697 1244 1822 1283 eum

221 1321 425 1392 jubens
471 1330 646 1374 utrum
693 1319 901 1385 mallet,
947 1319 1283 1376 Joannemne
1329 1319 1601 1387 ordinare,
1645 1335 1713 1375 an
1758 1321 1827 1374 de

228 1411 548 1468 Criminibus
583 1410 681 1466 sibi
709 1411 935 1482 ohjectis
959 1411 1216 1483 judicium
1241 1412 1440 1472 subire.
1793 1459 1795 1463 .

299 1501 392 1556 Jo.
425 1501 683 1572 Chrysost.
707 1499 994 1573 Episcopus
1019 1503 1080 1558 C.
1107 1501 1174 1556 P.
1195 1503 1478 1560 ordinatur.
1499 1533 1572 1546 —
1588 1503 1683 1558 llis
1707 1519 1830 1574 per-

231 1593 551 1650 terrefactus
575 1589 905 1666 Theophilus
927 1593 1188 1651 Joannem
1216 1595 1483 1652 ordinavit
1507 1604 1698 1666 quarto
1721 1595 1830 1650 Ka-

233 1685 425 1740 tendas
448 1683 517 1740 de
545 1683 718 1739 Martii
749 1699 890 1740 anno
918 1685 1044 1741 598.

306 1777 584 1833 Conciones
604 1779 732 1848 ejus.
750 1807 823 1818 —
843 1777 1004 1834 Verbi
1027 1776 1198 1834 divini
1219 1777 1565 1834 concionator
1582 1778 1830 1834 assiduus

233 1868 682 1940 Chrysostomus,
711 1870 870 1940 paulo
896 1877 1015 1940 post
1037 1886 1198 1942 quam
1225 1870 1503 1927 ordinatus
1532 1870 1702 1926 fuerat
1729 1870 1828 1924 ho-

235 1961 440 2015 miliam
481 1959 695 2025 habuit,
741 1976 861 2032 quae
898 1961 1009 2029 jam
1049 1977 1156 2016 non
1197 1971 1471 2033 comparet
1504 1971 1561 2018 et
1589 1961 1832 2016 fortassis

236 2051 436 2121 injuria
481 2059 779 2120 temporum
821 2050 1045 2106 interiit.
1083 2051 1190 2108 Sed
1229 2051 1344 2123 ejus
1379 2063 1748 2122 argumentum
1777 2055 1830 2108 in

236 2141 432 2203 altera,
459 2156 615 2210 quam
641 2139 1105 2212 Constantinopoli
1127 2139 1281 2202 dixit.
1307 2144 1463 2214 paulo
1485 2153 1604 2214 post
1624 2143 1830 2198 initium

237 2233 422 2290 retulit
455 2231 540 2303 (Τ.
569 2233 622 2289 1.
641 2247 688 2286 c.
717 2229 876 2307 797).
903 2232 971 2288 In
999 2234 1164 2304 prima
1193 2236 1348 2300 enim,
1373 2235 1563 2306 inquit,
1590 2235 1654 2292 de
1677 2237 1834 2290 armis

241 2320 458 2376 Doridis
486 2331 532 2375 et
565 2319 792 2376 Coliathi
831 2323 972 2393 apud
999 2340 1086 2379 vos
1117 2324 1631 2396 philosophabamur,
1661 2334 1832 2378 osten—

240 2414 420 2468 dentes
437 2455 455 2480 ,
486 2413 618 2468 hunc
642 2413 846 2485 quidem
873 2415 1143 2486 omnigena
1172 2417 1408 2489 gravique
1435 2424 1706 2471 armatura
1733 2433 1833 2470 un-

243 2507 398 2578 dique
421 2507 694 2574 munitum,
728 2506 870 2562 illum
900 2517 1068 2562 autem
1096 2508 1255 2562 armis
1283 2505 1476 2562 nudum
1493 2547 1508 2574 ,
1534 2508 1637 2576 [iac
1663 2508 1834 2578 muni-

243 2577 497 2652 tissimum
521 2614 540 2663 ;
587 2599 722 2652 hunc
750 2599 1060 2654 extrinsecus
1089 2598 1348 2670 fulgidum
1369 2599 1574 2654 thorace
1599 2608 1646 2654 et
1671 2577 1834 2656 scuto

241 2689 396 2741 illum
423 2689 560 2742 intus
586 2689 769 2757 spiritu
805 2699 854 2744 et
895 2689 1060 2760 gratia
1088 2689 1410 2756 radiantem,
1440 2698 1588 2759 atque
1611 2691 1746 2744 hanc
1773 2691 1837 2746 ob

239 2792 455 2831 causam
501 2794 532 2830 a
572 2795 729 2848 puero
772 2779 1045 2834 certamine
1086 2780 1272 2836 victum
1309 2780 1581 2851 juvenem,
1626 2796 1660 2834 a
1701 2780 1837 2834 nudo

237 2879 543 2940 superatum
571 2881 824 2925 armatum
845 2913 861 2938 ,
889 2888 922 2925 a
949 2881 1151 2944 pastore
1184 2881 1494 2944 prostratum
1533 2873 1776 2940 militem,
1805 2889 1838 2928 a

240 2961 523 3030 pastoralis
546 2961 736 3032 lapidis
763 2972 946 3016 natura
977 2961 1143 3018 bellici
1169 2963 1287 3017 teris
1311 2971 1547 3018 naturam
1572 2965 1838 3019 contritam

237 3063 292 3109 et
336 3053 717 3126 labefactatam.
757 3053 890 3122 Quia
921 3070 1054 3110 vero
1081 3055 1568 3125 Constantinopoli.
1617 3057 1840 3126 perinde

235 3153 411 3216 atque
446 3145 746 3200 Antiochiae
783 3145 934 3200 multi
983 3157 1108 3202 tunc
1136 3155 1294 3204 erant
1317 3147 1596 3210 Anommi,
1626 3161 1686 3202 se
1719 3146 1840 3201 illos

239 3251 625 3307 aggressurum
671 3251 794 3292 esse
835 3237 1107 3307 pollicitus
1149 3247 1232 3292 est
1272 3238 1328 3292 in
1368 3240 1538 3307 prima
1569 3237 1690 3300 illa,
1721 3252 1841 3306 qua:

239 3325 484 3394 interiit,
515 3327 804 3394 concione,
833 3342 937 3381 non
963 3327 1258 3382 ratiociniis
1279 3369 1294 3394 ,
1323 3327 1416 3382 sed
1447 3343 1512 3381 ex
1536 3325 1808 3396 Scriptura

238 3434 372 3475 rum
399 3419 714 3476 auctoritate
736 3461 750 3486 ,
782 3435 901 3490 qua:
929 3420 1030 3475 tela
1072 3421 1365 3476 ratiociniis
1399 3419 1558 3490 longe
1587 3419 1841 3476 validiora

241 3518 398 3565 sunt.

319 3596 514 3653 Paucis
543 3611 672 3653 vero
716 3607 898 3669 postea
927 3597 1116 3654 diebus
1135 3641 1150 3668 ,
1195 3607 1252 3654 ut
1279 3599 1543 3669 pollicitus
1567 3609 1684 3655 erat
1702 3642 1716 3668 ,
1747 3600 1844 3654 ho-

243 3689 454 3745 miliam
485 3700 671 3745 contra
694 3692 986 3746 Anomreos
1025 3692 1210 3747 habuit
1238 3691 1334 3765 (T.
1359 3693 1413 3746 i.
1452 3707 1499 3744 c.
1521 3690 1660 3763 795)
1682 3734 1698 3758 ,
1725 3708 1844 3764 quae

243 3781 592 3837 continenter
621 3791 674 3836 et
706 3782 850 3836 nulla
879 3782 1190 3852 interposita
1212 3823 1226 3847 ,
1256 3783 1486 3838 secunda
1518 3783 1634 3838 fuit.
1667 3783 1723 3840 In
1757 3785 1843 3837 illa

245 3873 430 3944 primo
471 3871 617 3937 dicit,
662 3887 754 3938 se,
796 3873 907 3943 jam
951 3873 1120 3928 semel
1164 3874 1559 3940 conciouatum,
1605 3890 1842 3928 amorum

245 3977 382 4034 erga
407 3962 1030 4032 Constantinopolitanos
1058 3962 1390 4020 Christianos
1420 3974 1624 4019 tantum
1653 3980 1844 4019 conce-

249 4053 423 4123 pisse,
451 4062 706 4122 quanlum
731 4053 774 4108 si
797 4068 918 4106 cum
949 4053 1050 4108 illis
1075 4054 1142 4108 ab
1173 4055 1323 4109 initio
1349 4054 1536 4109 fuisset
1557 4055 1846 4124 educatus;

248 4147 420 4216 idque
443 4147 694 4216 quoniam
727 4148 778 4202 in
808 4148 914 4203 illis
953 4147 1256 4204 adverterat
1293 4149 1504 4218 igneum
1533 4147 1726 4214 zelum,
1755 4163 1846 4202 ca-

248 4240 474 4294 ritatem
503 4239 706 4308 absque
748 4240 1090 4294 simulatione
1112 4282 1126 4306 ,
1161 4239 1592 4313 henevolentiant
1625 4240 1676 4293 in
1709 4257 1848 4309 pra--

247 4339 545 4400 ceptores,
591 4331 930 4384 concordiam
981 4331 1122 4385 inter
1161 4345 1220 4385 se
1263 4347 1277 4384 :
1329 4329 1454 4397 Qua:
1492 4346 1614 4382 sane
1657 4330 1847 4396 omnia,

250 4418 434 4490 pergit
469 4419 556 4474 ille
575 4460 590 4486 ,
630 4420 752 4474 satis
789 4431 951 4475 essent
978 4431 1032 4474 ut
1072 4420 1149 4475 vel
1176 4421 1436 4491 lapideum
1461 4420 1686 4473 animum
1713 4419 1851 4473 vobis

249 4509 636 4565 conciliarent?
687 4510 888 4566 Deinde
925 4511 1546 4581 Coustantinopolitauos
1591 4524 1711 4564 cum
1743 4510 1852 4564 An-

251 4601 526 4656 tiochenis
563 4616 884 4670 comparans
928 4603 998 4656 ita
1032 4604 1372 4674 prosequitur
1400 4621 1414 4659 :
1445 4603 1724 4674 Pr0pterea
1752 4619 1853 4658 non

251 4697 432 4750 minus
461 4710 547 4749 uos
574 4711 806 4748 amamus
827 4737 840 4762 ,
869 4711 1019 4765 quant
1043 4695 1323 4750 Ecclesium
1350 4696 1494 4750 illam
1521 4697 1698 4767 inqua
1723 4695 1852 4762 nati,

250 4786 466 4841 educati
503 4795 548 4839 et
592 4786 777 4840 eruditi
815 4803 1007 4840 sumus.
1060 4787 1224 4842 Soror
1263 4787 1398 4843 enim
1438 4788 1576 4842 illius
1615 4788 1722 4842 luec
1760 4799 1850 4851 est,

251 4894 449 4948 vosque
489 4879 840 4950 cognationem
887 4879 1032 4933 illam
1073 4895 1223 4950 opere
1251 4879 1578 4934 declarastis.’
1615 4879 1857 4946 Quamvis

257 4979 434 5024 autem
473 4967 566 5022 illa
609 4977 831 5040 tempore
872 4969 938 5024 sit
970 4969 1248 5040 antiquior,
1278 4968 1389 5025 [nec
1428 4980 1593 5024 tamen
1621 4969 1722 5034 [ide
1749 4971 1857 5040 [cr-

261 5058 464 5116 rentior
505 5069 619 5128 est;
661 5070 706 5114 et
747 5061 854 5116 illic
897 5063 1066 5133 major
1087 5073 1358 5117 conventus
1387 5073 1494 5130 est,
1534 5073 1582 5116 et
1611 5063 1858 5118 celebrius

259 5151 554 5215 theatrum,
597 5151 686 5205 sed
723 5151 806 5206 hic
833 5154 1001 5224 major
1031 5154 1274 5226 patientia
1312 5155 1620 5226 majorisque
1647 5155 1860 5225 fortitu-

257 5241 403 5296 dinis
442 5241 708 5296 indicium.
741 5242 884 5298 Nam
913 5245 1054 5299 video
1083 5245 1166 5300 hic
1193 5245 1412 5318 undique
1438 5247 1585 5317 lupos
1613 5244 1859 5301 obambu-

259 5335 398 5388 lare.
445 5333 576 5404 Lupi
626 5347 805 5390 autem
855 5337 928 5392 illi
974 5349 1129 5394 erant
1163 5339 1410 5395 Anomoei
1455 5349 1511 5394 ct
1553 5338 1860 5396 vetustioris

261 5423 492 5493 originis
518 5425 773 5491 haeretici,
804 5437 864 5483 ut
892 5428 1270 5496 Marcionistm,
1293 5430 1568 5486 Manichmi
1591 5438 1648 5484 et
1669 5429 1864 5485 Valen-

263 5514 492 5576 tiniani,
523 5517 717 5586 quibus
757 5531 1074 5575 annumerat
1111 5521 1272 5578 etiam
1297 5520 1602 5577 Judmorum
1645 5531 1858 5579 cretus:

263 5622 448 5678 neque
468 5609 685 5667 dubium
708 5621 788 5671 est
817 5611 902 5674 his
921 5613 1080 5670 etiam
1107 5613 1466 5672 aceensendos
1487 5629 1608 5672 esse
1627 5603 1858 5686 gentiles

263 5708 329 5752 et
356 5697 681 5771 idololatras,
709 5705 800 5775 qui
827 5719 934 5761 non
961 5719 1127 5776 parvo
1153 5720 1378 5762 numero
1397 5705 1857 5777 Constantinopoli

268 5787 450 5848 adhuc
489 5804 664 5852 erant.
697 5795 886 5859 Postea
915 5811 1045 5854 vero
1088 5798 1379 5857 Anomteos
1421 5797 1630 5856 fortiter
1669 5813 1861 5872 aggch

1385 383 1568 444 nunc
1602 385 1870 445 PRIMUM
1906 339 2300 446 iooausn.

3409 395 3508 454 i66

1923 499 2096 566 ditur,
2145 501 2332 570 prohat
2362 499 2628 556 Christum
2663 503 2856 558 Filium
2885 505 2928 561 ῐ)
2964 505 2980 562 i
3023 506 3184 565 Deum
3214 523 3370 570 esse.
3405 509 3508 564 l‘a-

1927 592 2023 644 tris
2065 590 2463 658 consiliarium,
2500 593 2637 646 l‘atri
2682 596 2977 663 aequalem;
3020 597 3250 652 affirmat
3295 615 3508 665 quoque
3563 647 3567 652 .

1925 689 2111 735 contra
2159 681 2478 738 Mauichmos
2520 682 2686 738 Vetus
2735 685 3130 742 Testamentum
3189 707 3308 743 cum
3365 689 3513 746 Novo
3580 682 3593 698 ⁸

1927 789 2264 841 consonare,
2313 775 2618 845 clauditque
2671 777 2870 830 docens
2921 789 3149 846 quantm
3199 781 3400 836 fructus
3446 800 3510 838 ex

1929 867 2170 922 collectis
2219 869 2517 938 proveniat.
2572 870 2684 923 Duo
2727 869 3068 942 Manuscriptt
3119 874 3270 927 titulo
3316 875 3514 930 addunt

1931 957 2071 1013 hanc
2113 959 2425 1014 concionem
2481 959 2710 1014 habitam
2767 960 2930 1015 fuisse
2981 963 3030 1015 in
3085 979 3217 1018 nova
3269 965 3512 1020 ecclesia.

1935 1049 2130 1103 Verum
2161 1066 2269 1103 rem
2295 1061 2496 1104 certam
2531 1067 2634 1106 non
2673 1067 2794 1107 esse
2824 1053 2875 1107 in
2907 1051 3102 1107 Monito
3131 1055 3408 1123 probatur.

2003 1142 2192 1196 Pani-is
2231 1143 2331 1196 sub
2373 1142 2486 1197 hace
2523 1143 2710 1198 diebus
2740 1146 3052 1199 concionem
3085 1145 3304 1200 alteram
3335 1156 3519 1202 contra

1931 1231 2224 1288 Anomtnos
2267 1232 2449 1288 habuit
2485 1231 2585 1302 (T.
2615 1234 2666 1287 i.
2694 1249 2740 1288 c.
2767 1231 2928 1300 801),
2975 1235 3127 1304 cujus
3171 1236 3352 1291 titulus
3394 1247 3475 1290 est
3503 1254 3518 1290 :

1934 1323 1998 1376 In
2027 1323 2409 1394 Paralyticum,
2435 1325 2524 1394 qui
2559 1341 2720 1378 annos
2759 1325 2968 1394 triginta
3007 1336 3118 1381 octo
3145 1326 3444 1380 decubuerat
3469 1327 3520 1380 in

1931 1417 2228 1482 inﬁrmitate
2261 1433 2398 1483 sua;
2434 1427 2489 1472 et
2529 1417 2584 1472 in
2626 1417 2786 1483 illud,
2823 1417 2978 1472 Pater
3015 1435 3154 1472 meus
3185 1436 3338 1488 usque
3373 1419 3523 1472 modo

1933 1519 2188 1577 aperatur,
2210 1523 2260 1562 et
2285 1525 2376 1580 ego
2397 1526 2578 1580 aperor
2599 1525 2620 1564 :
2639 1511 2726 1566 tthi
2750 1511 2928 1565 statim
2955 1511 3064 1566 Deo
3091 1512 3358 1568 hcnedlcit
3383 1511 3523 1581 quod

1934 1609 2232 1654 conventus
2255 1601 2491 1669 quotidie
2521 1610 2830 1668 accrescat,
2867 1612 2920 1654 et
2949 1601 3186 1655 divinum
3217 1617 3399 1657 semen
3430 1617 3524 1655 co—

1839 1754 1844 1759 1
1937 1692 2084 1762 piose
2114 1693 2392 1760 germinet.
2427 1693 2712 1762 Postquam
2740 1703 2915 1746 autem
2939 1693 3008 1748 de
3039 1693 3328 1762 paralytico
3359 1693 3528 1748 multa

1935 1783 2163 1843 dixerat.
2200 1792 2387 1836 contra
2419 1786 2711 1838 Anommos
2751 1783 2947 1852 stylum
2979 1785 3272 1848 convertit,
3306 1783 3528 1853 prohat-

1936 1890 2042 1944 que
2075 1875 2260 1928 Filium
2286 1884 2342 1929 et
2368 1891 2492 1929 vere
2519 1875 2683 1928 Deum
2713 1883 2768 1930 et
2789 1869 2930 1928 Patri
2959 1875 3214 1944 :rqualem
3243 1889 3384 1928 esse.
3518 1864 3524 1869 ’

2009 1967 2240 2020 Joannes
2268 1968 2318 2020 in
2351 1975 2498 2020 tanto
2524 1965 2798 2035 dignitatis
2837 1976 3057 2020 evectus
3095 1965 3362 2027 culmine,
3394 1979 3526 2034 pra--

1937 2059 2146 2127 cipuam
2184 2074 2364 2112 curam
2409 2057 2614 2122 hahuit,
2661 2066 2719 2111 ιιι
2751 2057 2850 2112 sihi
2891 2057 3160 2112 commissi
3188 2057 3362 2127 gregis
3389 2057 3532 2110 vitiis

1940 2150 2278 2216 mederetur,
2343 2158 2586 2204 errantes
2637 2147 2704 2203 ad
2765 2159 2964 2204 rectam
3022 2149 3160 2204 viam
3215 2147 3528 2212 reduceret,

1942 2241 2188 2309 pietatem
2239 2248 2505 2293 sectantes
2555 2237 2776 2293 foveret.
2831 2239 3021 2293 Rerum
3073 2253 3249 2292 curam
3301 2238 3532 2308 aggredi?

1945 2343 2056 2392 tur,
2109 2331 2279 2400 inquit
2329 2329 2595 2384 Palladius
2659 2329 2754 2400 (p.
2803 2329 2914 2398 45)
2944 2370 2958 2392 ,
3033 2344 3123 2398 per
3179 2326 3532 2382 rationabilem

1941 2419 2166 2492 ﬁstulam
2213 2437 2326 2474 oves
2369 2421 2582 2489 probare
2623 2435 2850 2474 exorsus.
2899 2421 3042 2474 Raro
3080 2428 3248 2472 autent
3290 2419 3534 2473 adhibens

1941 2513 2093 2565 etiam
2121 2511 2303 2582 pedum
2332 2511 2714 2580 increpationis,
2752 2525 3132 2580 sermonemque
3154 2509 3329 2578 dirigit
3357 2511 3535 2562 adver-

1942 2617 2029 2654 sus
2072 2602 2356 2680 ementitum
2397 2604 2616 2672 fratrum
2657 2617 2988 2670 sororumque
3025 2600 3336 2664 convictum,
3363 2615 3536 2654 revera

1943 2703 2111 2746 autem
2150 2701 2348 2762 turpem
2383 2692 2792 2763 improbumque,
2822 2691 2885 2744 de
2913 2690 3336 2753 subintroductis,
3369 2698 3423 2742 ut
3451 2705 3536 2742 ro-

1943 2795 2080 2854 rant,
2123 2802 2297 2856 agens,
2341 2785 2704 2850 ostendensque
2742 2784 2790 2837 si
2832 2783 3083 2837 malorum
3126 2784 3333 2836 daretur
3375 2781 3533 2850 Optio,

1902 2906 1906 2909 -
1944 2879 2174 2932 meliores
2198 2877 2308 2930 istis
2345 2877 2548 2930 lenones
2577 2892 2700 2930 esse.
2745 2873 2838 2929 Illi
2873 2889 3088 2940 namque
3117 2872 3350 2942 procula
3379 2871 3537 2924 medi-

1945 2971 2018 3025 cis
2041 2969 2323 3024 habitantes
2347 2969 2488 3030 apud
2513 2985 2568 3023 se
2605 2969 2834 3022 morbum
2859 2967 3068 3032 habent,
3101 2965 3190 3020 sed
3218 2964 3492 3019 volentibus
3517 2979 3536 3018 :

1945 3061 2001 3115 hi
2027 3073 2195 3114 autem
2219 3061 2271 3134 in
2297 3059 2477 3112 salutis
2515 3058 2712 3128 ofﬁcina
2735 3058 3040 3123 habitantes,
3085 3057 3236 3110 etiam
3261 3073 3413 3109 sanos
3439 3056 3536 3108 im-

1946 3152 2138 3222 pellunt
2167 3151 2236 3204 ad
2269 3151 2519 3204 morbum.
2564 3149 2698 3202 Inde
2723 3166 2842 3218 pars
2867 3146 3002 3203 Cleri
3044 3149 3252 3202 minime
3275 3147 3535 3216 religiosa,

1943 3257 2058 3312 qua:
2083 3241 2256 3318 morbo
2283 3241 2372 3294 illa
2401 3242 2684 3305 tenebatur,
2713 3248 2962 3292 contmota
2989 3249 3083 3293 est.
3110 3238 3237 3305 Quae
3265 3246 3323 3291 ut
3345 3239 3538 3292 clarius

1945 3334 2330 3404 percipiantur,
2356 3333 2536 3403 paucis
2558 3330 2873 3400 explicanda
2897 3339 3039 3384 sunt.
3067 3331 3230 3384 Erant
3257 3329 3538 3384 tuucCou-

1947 3425 2286 3494 stantinopoli
2319 3425 2507 3494 puellm
2523 3423 2864 3486 Christianm,
2887 3437 3006 3492 qum
3023 3421 3380 3492 virginitatem
3411 3436 3538 3488 pro-

1949 3519 2233 3572 fitebantur
2265 3535 2279 3570 :
2313 3517 2408 3572 has
2449 3517 2666 3569 dommn
2698 3515 3021 3568 inducehant
3049 3513 3143 3568 viri
3167 3555 3180 3575 ,
3213 3512 3388 3583 Specie
3419 3511 3538 3582 qui-

1948 3611 2070 3666 dem
2115 3619 2174 3663 ut
2219 3624 2316 3664 ceu
2367 3608 2558 3662 fratres
2601 3623 2721 3660 cum
2766 3605 3043 3658 sororibus
3082 3613 3228 3665 caste
3271 3603 3536 3664 viverent,

1950 3702 2042 3756 sed
2074 3717 2138 3754 ex
2172 3701 2264 3754 tali
2307 3699 2580 3754 consortio
2625 3707 2674 3751 et
2708 3697 2966 3750 societate
3003 3705 3198 3763 quanta
3230 3702 3540 3772 pari-rentur

1949 3793 2088 3846 mala
2114 3789 2255 3846 haud
2277 3791 2494 3846 difficile
2518 3797 2602 3844 est
2625 3787 2892 3858 augurari.
2924 3785 3002 3838 Ad
3030 3785 3144 3838 haec
3165 3797 3291 3837 vero
3310 3783 3540 3852 virgines

1950 3886 2054 3942 ilhc
2081 3886 2245 3942 cultui
2274 3883 2518 3954 corporis
2553 3892 2608 3936 et
2641 3881 2868 3937 vestium
2903 3878 3189 3932 admodum
3235 3875 3534 3938 studebant,

1951 3993 2070 4048 quae
2118 3977 2272 4047 signo
2317 3984 2473 4030 erant
2511 3974 2690 4027 omnia
2733 3971 2869 4025 hanc
2913 3969 3144 4022 virorum
3186 3976 3241 4021 et
3278 3967 3536 4035 virginum

1951 4069 2262 4122 societatem
2309 4075 2512 4136 pestem
2554 4078 2674 4116 esse
2712 4061 3000 4115 exitialem.
3047 4059 3316 4112 Adversus
3355 4055 3508 4122 hujus

1954 4159 2095 4214 tnodi
2138 4157 2451 4212 societatem
2497 4153 2755 4206 acerrime
2797 4151 3067 4204 invehitur
3101 4149 3542 4218 Chrysostomus,

1955 4252 2036 4305 vel
2063 4251 2185 4303 hinc
2209 4246 2524 4301 abolendam
2550 4243 2708 4297 talem
2730 4241 3167 4296 consuetudinem
3189 4253 3310 4292 esse
3335 4236 3548 4308 dicens,

1955 4335 2094 4403 quod
2127 4331 2309 4388 multis
2334 4313 2652 4385 oll'endiculo
2679 4335 2843 4380 esset.
2873 4323 2950 4378 Ex
2983 4321 3254 4376 consortio
3281 4319 3554 4388 v.rgiuuut,

1956 4425 2101 4480 nasci
2159 4421 2462 4478 necessario
2515 4415 3004 4488 concupiscentiam
3055 4411 3308 4466 afﬁrmat.
3367 4409 3556 4475 Aliam,

1957 4515 2142 4588 paucis
2168 4511 2494 4582 interpositis
2522 4509 2713 4566 diebus
2737 4507 2923 4562 eadem
2951 4504 3020 4558 de
3049 4501 3108 4557 re
3139 4501 3323 4556 hahoit
3350 4500 3556 4565 oratioq

1959 4621 2080 4662 nem
2117 4603 2213 4676 (T.
2246 4605 2297 4658 i.
2335 4619 2382 4655 c.
2409 4601 2550 4672 515)
2571 4642 2587 4666 ,
2613 4613 2772 4670 qttam
2804 4612 2901 4668 per
2929 4594 3374 4650 exclamationem
3406 4589 3544 4643 ord'u

1960 4708 2066 4764 tur,
2098 4698 2355 4752 adversus
2379 4694 2613 4765 virgines
2652 4691 2800 4756 illas,
2825 4705 2944 4760 qum
2969 4687 3286 4757 virginitatis
3315 4683 3558 4752 speciem,

1959 4807 2071 4861 pra:
2096 4805 2154 4844 se
2181 4789 2450 4853 ferentes,
2481 4787 2624 4840 viros
2647 4784 2740 4854 qui
2773 4796 2955 4836 serum
2985 4773 3140 4834 domi
3163 4783 3437 4832 manerent
3474 4775 3546 4827 ius

1961 4881 2244 4938 ducebant.
2277 4879 2470 4946 Aitque
2491 4876 2749 4946 virginem
2777 4887 2881 4927 non
2909 4870 3102 4925 decere
3129 4869 3328 4923 cultum
3357 4879 3550 4932 corpow

1962 4976 2038 5028 ris
2061 4981 2374 5040 vestemque
2408 4967 2728 5038 pretiosam,
2760 4953 3076 5032 nuptiasque
3115 4955 3416 5026 hojusmoili
3447 4955 3553 5007 νίις

1961 5063 2168 5136 ginitati
2209 5059 2583 5118 anteferendus
2623 5071 2786 5112 esse:
2830 5055 3067 5122 talesque
3096 5051 3362 5122 virgines,
3403 5047 3554 5112 dicit,

1963 5157 2169 5212 etiamsi
2195 5169 2301 5210 non
2327 5151 2467 5208 male
2491 5157 2730 5222 agerent,
2755 5147 2858 5202 hoc
2886 5148 3002 5216 ipso
3029 5158 3250 5214 peccare
3272 5140 3410 5212 quod
3438 5138 3556 5193 aliis

1965 5246 2285 5306 oh‘endiculo
2323 5251 2526 5303 essent.
2569 5241 2724 5296 Verre
2751 5238 2973 5310 virginis
3013 5249 3194 5290 mores
3236 5237 3416 5303 postea
3457 5228 3557 5288 dos

1965 5340 2170 5404 scribit,
2201 5337 2530 5405 domumque
2554 5333 2866 5388 concionem
2895 5327 3115 5384 claudit.

2041 5431 2176 5488 Ilinc
2203 5429 2418 5488 Clerum
2463 5440 2619 5482 suum
2657 5423 2877 5478 adortus
2913 5427 2997 5475 est
3037 5413 3290 5488 (Pallad.
3320 5431 3371 5483 ρ.
3398 5412 3466 5466 t3
3487 5410 3516 5483 ).
3539 5427 3564 5464 :.

1967 5539 2090 5582 nam
2133 5521 2372 5594 plerique
2416 5519 2606 5575 eodem
2645 5516 2835 5572 morbo
2876 5510 3211 5566 tenebantur.
3255 5505 3388 5572 Quia
3430 5519 3566 5563 vero.

1966 5615 2238 5672 ferventer
2265 5624 2366 5683 pro
2389 5623 2540 5668 more
2563 5621 2662 5665 suo
2689 5604 2812 5663 vitia
2839 5599 3196 5658 insectabatur
3213 5639 3228 5666 ,
3253 5597 3309 5652 in
3335 5595 3564 5652 clerico‘

1969 5720 2086 5764 rum
2117 5701 2472 5775 complurium
2502 5697 2850 5758 offensionem
2881 5693 3113 5751 incurrit
3133 5735 3150 5762 ,
3180 5701 3244 5748 ut
3269 5699 3448 5760 postea
3477 5686 3560 5737 νίς.

1975 5805 2239 5864 (labimus.
2265 5803 2321 5862 In
2344 5795 2639 5863 avaritiam,
2661 5807 2819 5860 quam
2839 5799 2990 5846 vocat
3013 5783 3279 5844 Palladius
3300 5781 3562 5838 malorum,
