3948 6464
403 426 500 480 167

398 539 636 594 nuntium
679 531 1028 601 nictropolin,
1081 542 1224 596 sa'pe
1266 525 1490 582 vidimus
1537 528 1977 597 Chrysostomum

401 628 696 684 Antiochiae
725 623 1150 686 concionantem,
1193 626 1247 674 et
1280 619 1400 688 quia
1439 617 1638 673 malum
1683 611 1985 683 hujusmodi

401 736 506 775 non
531 718 706 771 minus
735 713 983 783 serpebat
1005 708 1464 777 Constantinopoli
1487 723 1645 777 quant
1668 701 1984 765 Antiochige,

401 805 861 880 frequentissime,
910 801 1037 856 dum
1078 801 1362 869 episcopus
1413 807 1561 862 erat,
1603 796 1655 849 in
1702 808 1891 848 avaros
1935 801 1990 846 et

401 915 620 970 rapaces
647 897 992 954 invehebatur
1025 913 1037 948 :
1071 893 1124 948 in
1151 892 1451 948 adulatores
1479 889 1726 944 similiter
1753 895 1806 940 ct
1832 901 1989 956 para-

401 996 552 1059 sitos,
575 991 665 1061 qui
688 989 909 1044 divitum
933 1000 1146 1041 mensas
1173 983 1533 1046 sectabantur,
1564 989 1723 1050 atque
1747 979 1822 1034 sic
1849 976 1992 1031 mul-

406 1097 578 1140 torum
607 1084 658 1138 in
690 1098 749 1138 se
777 1081 956 1136 odium
983 1078 1286 1134 concitavit.

476 1175 659 1228 Tanta:
688 1170 987 1228 severitatis
1029 1177 1297 1223 oratorem
1338 1163 1698 1222 necessarium
1740 1169 1857 1217 erat
1896 1174 1993 1216 sua

407 1268 567 1322 etiam
585 1273 827 1319 accurate
844 1262 1106 1330 dispicere
1121 1258 1357 1332 (Pallad.
1376 1275 1428 1326 p.
1442 1256 1558 1324 ιϐ),
1577 1270 1643 1310 ne
1655 1253 1795 1325 quod
1814 1254 1864 1307 in
1877 1250 1996 1306 aliis

408 1357 825 1429 reprehensione
854 1355 1070 1424 dignum
1103 1350 1456 1424 prmdicabat,
1497 1348 1597 1404 sibi
1638 1348 1796 1402 etiam
1836 1341 1997 1413 objici

413 1458 608 1522 posset.
632 1449 726 1502 llic
742 1447 846 1500 duo
868 1455 1018 1500 erant
1032 1442 1402 1506 examinanda,
1424 1440 1674 1496 Ecclesia:
1693 1447 1745 1492 et
1760 1434 1996 1506 episcopi

412 1539 631 1595 reditus.
654 1537 833 1592 l‘rimo
857 1544 1037 1589 autem
1058 1533 1311 1587 Ecclesia:
1333 1529 1597 1587 meonomi
1621 1527 1828 1581 tabulas
1846 1541 1998 1579 scru-

414 1641 575 1695 tatur,
605 1631 977 1699 impensasque
1005 1625 1216 1680 inutiles
1242 1622 1485 1693 abrogari
1507 1620 1659 1691 jubet
1687 1639 1701 1675 :
1730 1618 1855 1672 hinc
1883 1615 1999 1686 epi-

411 1721 557 1790 scopi
585 1727 828 1787 sumptus
857 1716 1074 1779 excutit,
1110 1713 1326 1766 nimiam
1357 1710 1713 1781 profusionem
1746 1705 1997 1772 ostendit,

409 1811 666 1880 jubetque
704 1807 914 1861 inutiles
955 1805 1074 1858 illas
1100 1818 1362 1873 expensas
1401 1800 1466 1855 ad
1495 1797 1796 1854 nosocomia
1831 1807 2003 1852 trans-

415 1904 561 1958 ferri.
613 1901 940 1957 Necessitate
985 1907 1161 1952 autem
1214 1896 1265 1950 id
1316 1899 1650 1965 postulante,
1696 1890 2001 1946 nosocomia

416 1997 642 2067 plurima
671 1993 1002 2054 construxit,
1029 1991 1220 2061 quibus
1262 1987 1602 2060 presbyteros
1640 1986 1776 2040 duos
1812 1985 2006 2054 pietate

419 2089 704 2142 instructos
733 2083 1019 2154 praeposuit
1037 2123 1051 2144 ,
1091 2081 1326 2135 ﬂlCtllClIS
1352 2081 1477 2133 item
1502 2087 1557 2132 et
1581 2092 1782 2148 coquos
1802 2119 1814 2140 ,
1842 2076 2003 2130 alios-

419 2196 524 2252 que
568 2179 636 2234 ad
681 2176 970 2234 ministeria
1015 2173 1343 2237 destinatos,
1392 2185 1492 2226 nec
1541 2169 1885 2240 conjugatos,
1916 2166 2007 2237 qui

421 2272 766 2327 advenientes
790 2267 1024 2336 hospites
1049 2273 1104 2319 et
1123 2278 1294 2333 a'gros
1315 2270 1564 2316 curarent
1586 2275 1649 2314 ac
1676 2259 1936 2314 foverent.

491 2362 603 2419 Sub
633 2362 747 2417 haec
787 2369 963 2415 autem
1006 2356 1071 2410 ad
1105 2354 1289 2409 viduas
1315 2367 1608 2409 conversus
1648 2360 1730 2406 est
1770 2347 2006 2422 (Pallad.

425 2473 477 2526 ρ.
503 2455 624 2524 47),
651 2468 767 2522 qua:
800 2460 923 2504 tunc
963 2449 1014 2502 in
1050 2445 1287 2501 Ecclesia
1318 2444 1548 2516 aliquem
1577 2442 1798 2514 gradmn
1837 2449 1893 2497 et
1915 2456 2009 2495 or-

422 2547 601 2602 dinem
643 2545 983 2610 obtinebant,
1027 2553 1084 2598 ut
1111 2558 1292 2596 earum
1330 2550 1384 2598 et
1424 2541 1584 2594 vitam
1622 2549 1676 2593 et
1713 2547 1862 2609 gesta
1895 2553 2014 2607 per-

424 2639 660 2706 quireret
680 2677 695 2701 ,
729 2645 782 2690 et
819 2636 861 2688 si
896 2650 1027 2704 quas
1058 2633 1321 2688 inueniret
1352 2631 1526 2687 carnis
1551 2630 1754 2686 deliciis
1779 2629 2011 2695 deditas,

427 2729 678 2785 mouebat
716 2736 772 2782 ut
809 2727 1146 2797 jejunarent,
1183 2725 1514 2780 abstinerent
1538 2737 1568 2776 a
1599 2720 1838 2784 balneis,
1868 2730 1921 2774 et
1947 2720 2014 2773 ab

425 2819 702 2891 exquisitis
732 2818 997 2875 vestibus.
1031 2826 1121 2870 aut
1147 2821 1390 2886 protinus
1417 2813 1483 2868 ad
1511 2812 1774 2868 sectmdas
1803 2810 2016 2882 nuptias

425 2910 803 2974 eonvolarent,
846 2923 915 2963 ne
957 2909 1046 2962 lex
1097 2906 1302 2961 Domini
1341 2905 1647 2960 violaretur.
1697 2900 2019 2959 ilortahatur

426 3001 586 3056 etiam
631 3000 888 3069 populos,
931 3009 986 3053 ut
1018 2999 1068 3052 iu
1109 2997 1382 3052 nocturnis
1415 2995 1662 3066 precibus
1695 2994 1894 3051 aSsidui
1929 3009 2016 3049 es-

430 3101 582 3155 sent;
625 3107 818 3146 uxores
843 3101 1020 3146 autem
1042 3132 1056 3154 ,
1089 3098 1147 3144 ut
1185 3087 1327 3143 domi
1359 3095 1669 3154 manerent,
1698 3095 1754 3142 et
1789 3083 2018 3141 interdtu

430 3201 614 3253 preces
642 3184 923 3240 funderent
960 3184 1118 3252 ips:c,
1147 3182 1266 3252 quia
1298 3180 1502 3236 diurnis
1533 3179 1680 3234 boris
1701 3178 1822 3242 viri,
1852 3193 2018 3250 nego-

432 3279 517 3332 tiis
541 3286 596 3334 et
635 3277 711 3332 rei
745 3276 984 3332 familiari
1025 3291 1242 3346 operam
1271 3274 1494 3339 dantes,
1523 3271 1774 3344 precibus
1814 3271 2021 3326 incum-

435 3368 559 3423 bere
594 3384 699 3422 non
725 3367 989 3422 valebant.

501 3460 628 3528 Que
658 3461 725 3513 de
753 3459 1025 3512 nocturnis
1057 3457 1302 3526 precibus
1340 3456 1431 3512 ille
1468 3464 1730 3512 statuerat
1759 3456 2021 3511 Constan-

433 3553 806 3621 tin0politanos
835 3551 1060 3605 clericos
1085 3549 1385 3616 mordebat,
1414 3550 1506 3620 qui
1549 3550 1904 3620 negligentius
1934 3563 2021 3604 res

431 3645 637 3699 divinas
685 3653 1008 3707 tractantes,
1057 3651 1165 3696 tota
1206 3651 1362 3696 nocte
1402 3657 1594 3696 somno
1637 3642 1802 3698 dediti
1845 3650 2020 3696 erant.

434 3737 544 3790 lmo
573 3752 717 3800 vero,
765 3737 885 3803 quia
915 3733 1119 3803 jamdiu
1149 3733 1430 3788 clericatus
1465 3733 1638 3788 officia
1682 3735 1842 3788 missa
1879 3732 2023 3788 fece-

435 3839 574 3893 rant,
600 3826 714 3881 hare
748 3827 923 3880 omnia
948 3824 1087 3894 apud
1116 3825 1238 3879 illos
1265 3833 1482 3894 propter
1503 3831 1824 3879 vetustatem
1859 3823 2022 3879 obso-

436 3919 690 3973 lcverant.
740 3917 938 3972 Divites
981 3925 1158 3970 autem
1205 3914 1471 3978 maxime,
1503 3913 1576 3970 uti
1617 3913 1820 3970 solt-bat
1861 3914 2022 3970 etiam

435 4009 766 4076 Antiuchim,
816 4009 867 4062 in
921 4007 1266 4062 conciouibus
1323 4009 1632 4076 frequenter
1678 4005 1746 4060 ad
1788 4006 2023 4061 officium

439 4100 748 4167 revocabat,
787 4099 984 4153 docens
1012 4114 1078 4152 ne
1107 4097 1334 4153 sublime
1361 4106 1646 4168 saperent,
1673 4107 1728 4152 et
1761 4097 2022 4153 bonorum

438 4201 640 4263 partem
665 4191 847 4260 egenis
874 4190 1226 4259 impertirent.
1252 4189 1375 4244 "tEC
1399 4189 1466 4244 ab
1489 4189 1640 4244 initio
1661 4190 1861 4244 monita
1882 4205 2026 4260 szrpe

434 4283 628 4351 sa-pius
654 4282 813 4337 dabat
856 4283 962 4336 ille.
1012 4282 1083 4335 Ea
1116 4297 1264 4348 vero,
1303 4297 1422 4349 qum
1460 4281 1646 4351 primis
1685 4281 2026 4353 episcOpatus

434 4375 514 4426 sui
545 4373 815 4428 mensibus
836 4373 888 4426 in
911 4372 1256 4427 concionibus
1280 4373 1434 4436 dixit,
1459 4371 1735 4442 speciatim
1759 4381 1814 4427 et
1839 4371 2026 4428 ordine

437 4464 696 4517 recensita
745 4479 848 4517 non
896 4473 1231 4533 comparent,
1277 4463 1360 4517 vel
1407 4463 1459 4516 in
1499 4463 1616 4532 ejus
1656 4467 1903 4534 scriptis,
1942 4465 2024 4521 vel

437 4553 574 4622 apud
610 4555 898 4623 scriptores
924 4555 1318 4609 ecclesiasticos
1343 4554 1426 4610 sui
1453 4555 1572 4609 teri.
1607 4555 1783 4626 Ipsum
1812 4573 2027 4627 semper

436 4642 652 4697 assidue
673 4643 1046 4698 concionatum
1073 4658 1193 4698 esse
1233 4644 1452 4698 scimus.
1496 4641 1606 4698 luto
1635 4645 1828 4700 nmltas
1858 4645 2025 4702 habe-

440 4748 561 4787 mus
591 4733 834 4787 homilias
871 4733 1212 4805 episcopatus
1240 4735 1321 4788 sui
1365 4747 1606 4805 tempore
1649 4736 1890 4806 habitas;
1931 4739 2027 4795 sed

438 4839 662 4894 quarmn
708 4821 938 4877 maxima
985 4839 1106 4893 pars
1155 4824 1356 4879 nullam
1404 4825 1487 4881 vel
1532 4825 1733 4882 mensis
1771 4827 1858 4884 vel
1902 4829 2028 4886 anni

440 4925 621 4970 notam
653 4931 761 4984 pra:
789 4929 848 4969 se
880 4915 998 4969 fert.

511 5005 679 5062 Nora:
719 5007 980 5062 conciones
1016 5025 1081 5063 ea:
1118 5009 1486 5081 Mannscriptis
1525 5022 1702 5068 eruite.
1729 5044 1804 5056 —
1826 5013 2028 5072 Verum

438 5117 527 5158 res
567 5100 770 5170 pridem
801 5109 950 5154 erant
997 5101 1153 5172 longe
1190 5104 1375 5174 pejore
1415 5105 1742 5161 conditione.
1785 5106 2027 5178 Magnam

439 5197 594 5251 nobis
620 5195 672 5248 in
699 5193 1064 5266 Chrysostomi
1107 5196 1343 5266 episcopi
1374 5196 1594 5253 historia
1635 5199 1806 5254 lucem
1851 5200 2031 5256 attulit

440 5305 574 5345 nova
614 5289 700 5345 illa
741 5297 796 5344 et
831 5288 1005 5360 ampla
1046 5289 1381 5345 homiliarum
1412 5292 1684 5359 accessio,
1729 5309 1850 5364 quae
1889 5292 2028 5349 haud

440 5381 510 5434 ita
545 5381 747 5450 pridem
778 5380 860 5436 vel
885 5396 948 5436 ex
977 5390 1158 5436 monte
1180 5382 1349 5446 Atho,
1374 5392 1430 5436 ut
1463 5383 1676 5452 quidam
1697 5424 1713 5449 ,
1745 5383 1828 5440 vel
1851 5399 1915 5438 ex
1943 5385 2030 5438 in-

447 5475 555 5527 sula
586 5473 837 5540 l'athmo,
869 5485 918 5528 ut
950 5475 1037 5529 alii
1069 5474 1285 5540 volunt,
1315 5475 1372 5530 in
1402 5471 1790 5531 Bibliotbeeam
1818 5477 2030 5533 Vatica-

443 5579 566 5616 nam
599 5564 790 5626 allatze.
821 5582 850 5620 a
875 5567 1149 5622 sodalibus
1181 5567 1400 5631 nostris,
1426 5564 1516 5635 qui
1544 5576 1655 5621 tum
1686 5567 1870 5623 Romae
1891 5570 2030 5625 Con-

439 5657 767 5725 gregationis
815 5660 986 5714 sancti
1040 5658 1210 5714 Mauri
1264 5658 1492 5727 negotiis
1547 5657 1942 5729 advigilabaut,
1997 5677 2026 5715 a

439 5747 630 5803 tich
655 5750 967 5804 amanuensi
997 5750 1299 5818 descriptae,
1330 5751 1658 5806 transmissa:
1683 5751 1816 5808 mihi
1846 5751 2025 5820 fuere;

439 5836 692 5894 nimirum
731 5853 760 5892 a
803 5839 865 5892 D.
909 5839 1068 5894 Petro
1112 5841 1321 5908 Maloet,
1366 5843 1457 5915 qui
1505 5854 1616 5901 tum
1661 5845 2028 5908 Procuratoris

1465 397 1502 448 S
1555 389 1834 448 JOANNIS
1875 386 2347 450 (ῑιιιιῖθοετοιιι
2392 397 2569 455 “TA.

3575 403 3687 462 168

2089 521 2355 590 generalis
2403 517 2581 573 officio
2626 516 2942 588 fungebatur
2979 526 3032 572 et
3077 531 3219 574 nune
3256 518 3307 572 in
3354 521 3689 574 monasterio

2091 611 2260 666 sancti
2290 609 2540 666 Germani
2580 625 2610 663 a
2653 609 2831 664 Pratis
2871 609 3025 663 Prior
3060 617 3173 673 est,
3204 619 3259 664 et
3287 626 3316 664 a
3358 609 3694 680 D.Josc.plio

2093 701 2243 755 Avril
2265 701 2381 769 ejus
2400 700 2570 767 socio,
2590 699 2700 770 jam
2723 701 2774 754 in
2796 701 3121 755 monasterio
3140 700 3456 756 Corbeiensi
3477 701 3692 763 Priore.

2094 791 2183 860 qui
2213 791 2372 845 ambo
2398 806 2631 861 semper,
2659 790 2786 846 dum
2806 790 2993 846 Romae
3017 801 3228 858 essent,
3255 792 3528 847 assiduam
3557 792 3698 847 mihi

2097 887 2393 956 praestitere
2421 901 2662 957 operam.

2167 977 2428 1048 Quodque
2461 993 2680 1046 prorsus
2717 993 2912 1032 novum
2955 979 3331 1048 insolitumque
3360 989 3445 1035 est
3481 978 3570 1044 (Τ.
3604 981 3696 1033 Η.

2101 1085 2150 1124 c.
2185 1068 2376 1122 469.ct
2406 1068 2533 1140 ιφ),
2564 1077 2722 1139 atque
2749 1069 2988 1124 utilitatis
3015 1070 3236 1123 multum
3268 1068 3454 1134 affert,
3481 1069 3568 1122 hze
3598 1070 3672 1123 ho

2099 1159 2262 1214 milia:
2286 1159 2566 1228 descriptae
2595 1161 2743 1215 fuere
2767 1175 2797 1213 a
2825 1159 3054 1230 quodam
3079 1159 3169 1229 qui
3194 1159 3249 1234 ξ.
3275 1159 3514 1214 doctoris
3542 1161 3701 1214 lateri

2100 1249 2323 1306 hmsisse
2351 1250 2592 1319 videtur,
2638 1251 2834 1322 quique
2880 1251 2932 1305 in
2981 1251 3320 1306 homiliarnm
3366 1252 3539 1306 titulis
3581 1253 3698 1306 loc:

2101 1344 2268 1399 refert
2310 1344 2397 1400 ubi
2437 1346 2724 1400 conciones
2771 1344 2964 1399 habita:
3007 1353 3162 1405 sunt.
3205 1353 3260 1399 et
3287 1359 3432 1414 sa'pe
3475 1360 3699 1400 cauam

2101 1451 2199 1490 cur
2224 1437 2573 1490 concionatus
2595 1435 2665 1490 sit
2691 1434 2922 1499 indicat,
2956 1449 3018 1490 ac
3057 1451 3163 1489 non
3208 1449 3369 1505 pauca
3413 1435 3700 1506 prxclara.

2102 1526 2169 1581 ad
2203 1527 2477 1581 historiam
2509 1527 2650 1582 illius
2685 1526 2810 1582 anni
2852 1527 3171 1598 pertinentia
3195 1570 3210 1593 ,
3235 1526 3520 1581 admiscet.
3567 1525 3704 1580 Cer-

2107 1617 2476 1688 tissimumque
2508 1629 2590 1673 est
2636 1618 2754 1674 illas
2778 1617 3243 1688 ConstantinOpoli
3284 1617 3494 1672 habitas
3538 1617 3706 1671 fuisse

2065 1778 2070 1782 _
2105 1709 2260 1762 annis
2299 1707 2406 1764 398
2435 1719 2488 1764 et
2525 1707 2652 1766 599.
2694 1710 2774 1764 Au
2809 1725 2934 1764 vero
2977 1710 3318 1764 continenter
3357 1717 3410 1763 et
3457 1708 3553 1763 illo
3597 1723 3705 1777 quo

2107 1804 2264 1858 dicta:
2290 1803 2438 1861 fuere
2463 1803 2652 1859 ordine
2677 1804 2763 1858 hic
2793 1803 3111 1869 referantur,
3133 1802 3202 1858 de
3232 1802 3411 1856 multis
3438 1801 3704 1871 liquidum

2108 1905 2212 1956 est,
2240 1893 2307 1948 de
2334 1894 2584 1949 omnibus
2609 1893 2878 1950 afﬁrmare
2901 1910 3008 1948 non
3037 1895 3206 1948 ausim
3233 1910 3248 1959 ;
3278 1893 3387 1948 imo
3411 1893 3708 1948 verisimile

2110 1994 2194 2040 est
2217 1985 2374 2051 alias,
2402 2000 2522 2056 quae
2543 1985 2654 2055 jam
2683 2001 2788 2040 non
2817 1994 3046 2050 exstant,
3082 1985 3387 2055 interjectas
3413 1984 3604 2038 fuisse.

2184 2076 2358 2131 Prima
2399 2091 2528 2131 vero
2570 2075 2710 2132 dicta
2749 2075 2850 2131 fuit
2888 2091 3008 2132 cum
3051 2076 3289 2131 nondum
3331 2076 3546 2146 triginta
3591 2075 3708 2129 dies

2111 2167 2468 2234 effluxissent,
2513 2169 2582 2224 ab
2623 2168 2823 2239 ingenti
2873 2168 2963 2224 illo
3001 2178 3156 2224 teme
3191 2178 3355 2234 motu,
3399 2170 3490 2239 qui
3536 2177 3706 2223 totam

2115 2261 2299 2317 urbem
2327 2260 2810 2332 Constantinopolin
2825 2263 3496 2331 concusseratla).Certum
3522 2274 3707 2319 autem

2113 2372 2235 2412 esse
2261 2356 2472 2411 videtur
2499 2363 2660 2412 terra:
2701 2365 2904 2411 motum
2949 2356 3095 2410 illum
3140 2372 3210 2411 ex
3251 2372 3476 2410 numero
3516 2372 3707 2411 eorum

2115 2447 2318 2514 fuisse,
2375 2463 2512 2519 quos
2563 2447 2882 2504 Claudianus
2938 2447 3396 2519 Constantinopoli
3442 2448 3711 2503 accidisse

2117 2550 2384 2596 memorat
2424 2550 2549 2596 ante
2585 2538 2934 2597 COnsulalttm
2979 2540 3216 2611 Eutr0pii
3239 2581 3256 2604 ,
3295 2555 3435 2595 anno
3459 2540 3712 2596 videlicet

2118 2634 2246 2689 598.
2273 2633 2472 2688 Omnes
2499 2633 2697 2704 quippe
2728 2633 2972 2687 homilias
3015 2633 3143 2689 istas
3172 2634 3252 2687 vel
3285 2642 3409 2688 ante
3443 2633 3710 2688 Ceusula-

2120 2735 2231 2781 tum
2256 2727 2519 2795 Eutropii,
2544 2726 2632 2795 qui
2657 2727 2818 2796 cmpit
2845 2726 2996 2780 initio
3017 2727 3142 2780 anni
3170 2725 3294 2792 599,
3320 2726 3402 2780 vel
3430 2726 3546 2796 ipso
3568 2726 3708 2780 Con-

2119 2819 2258 2885 sule,
2305 2818 2398 2874 sed
2439 2828 2565 2874 ante
2607 2818 2783 2888 fugam
2828 2817 3136 2886 eaedemque
3175 2817 3325 2889 ejus,
3367 2833 3487 2888 quae
3525 2831 3712 2872 mense

2120 2912 2335 2966 circiter
2361 2911 2583 2980 Augusti
2616 2911 2740 2964 anni
2776 2910 2882 2966 399
2909 2909 3124 2976 accidit,
3159 2908 3366 2965 habitas
3400 2908 3564 2964 fuisse
3589 2924 3710 2964 cer-

2123 3014 2233 3057 tum
2259 3013 2362 3060 εει.

2191 3093 2380 3150 Concio
2405 3104 2516 3165 post
2532 3104 2680 3150 terra!
2704 3093 3190 3149 motum—Prima
3224 3093 3561 3162 prommtiata
3596 3091 3706 3155 fuit,

2123 3197 2178 3240 ιιι
2199 3185 2358 3241 modo
2378 3186 2706 3249 dicebamus,
2728 3197 2846 3257 post
2862 3187 3124 3256 ingentem
3151 3186 3292 3240 illum
3314 3196 3466 3239 terra:
3487 3195 3708 3248 motmn,

2122 3292 2244 3331 cum
2277 3275 2510 3331 nondum
2539 3277 2752 3347 triginta
2781 3277 2898 3331 dies
2922 3276 3253 3331 effluxissent
3282 3277 3461 3332 abillo
3483 3276 3590 3341 die,
3610 3291 3711 3345 quo

2125 3365 2255 3421 urbs
2285 3375 2393 3420 tota
2418 3365 2764 3421 vehementer
2789 3382 3048 3421 concussa
3077 3382 3106 3421 a
3139 3376 3294 3422 terrae
3324 3376 3468 3419 motu
3501 3365 3709 3420 fuerat:

2123 3456 2446 3528 videturque
2483 3456 2662 3511 habita
2708 3457 2871 3512 fuisse
2899 3473 3042 3512 anno
3085 3467 3326 3512 vertente
3359 3457 3461 3513 593
3483 3457 3535 3510 in
3569 3472 3710 3510 mar~

2128 3549 2265 3619 tyrio
2299 3549 2415 3605 sive
2455 3549 2680 3604 ecclesia
2735 3558 3070 3621 martyrum,
3120 3565 3241 3619 qua:
3288 3557 3406 3604 erat
3446 3547 3501 3602 in
3531 3547 3708 3602 Veteri

2125 3639 2308 3707 Petra,
2339 3649 2397 3695 ut
2426 3641 2594 3694 fertur
2619 3639 2671 3694 in
2705 3640 2879 3694 titulo.
2923 3640 3092 3711 lfujus
3132 3641 3376 3713 martyrii
3423 3649 3479 3695 et
3511 3639 3712 3694 Veteris

2127 3731 2299 3786 Petra:
2357 3729 2558 3785 nullam
2602 3730 2776 3785 adhuc
2817 3733 3145 3787 mentionem
3192 3731 3367 3786 inveni
3411 3730 3551 3801 apud
3586 3731 3714 3785 scri-

2128 3834 2308 3894 plores
2336 3839 2516 3878 rerum
2539 3823 3243 3892 Constantinopolitanarum
3280 3839 3293 3875 :
3325 3837 3498 3892 neque
3525 3822 3711 3876 mirum

2129 3915 2257 3971 illud
2285 3924 2406 3982 est;
2449 3916 2614 3971 multa
2643 3915 2785 3971 enim
2816 3916 2916 3969 alia
2962 3915 3369 3986 praetermisisse
3412 3915 3533 3970 illos
3576 3930 3715 3970 com-

2131 4009 2264 4077 peri.
2297 4005 2353 4062 ln
2375 4006 2606 4063 exordio
2634 4017 2811 4061 autem
2844 4007 3112 4062 invehitur
3141 4007 3195 4060 in
3233 4007 3353 4060 illos
3378 4006 3469 4076 qui
3497 4005 3568 4060 ob
3599 4007 3708 4075 plu.

2130 4099 2270 4154 viam
2303 4107 2356 4154 et
2395 4098 2564 4154 lutum
2613 4099 2663 4154 in
2694 4099 2975 4154 ecclesiam
3024 4115 3132 4153 non
3178 4111 3572 4165 convenerant,
3598 4099 3714 4168 quia

2131 4207 2325 4261 nempe
2352 4189 2420 4247 de
2446 4207 2506 4246 re
2532 4191 2676 4261 gravi
2720 4201 2776 4246 et
2803 4191 2867 4244 ad
2897 4191 3094 4245 multos
3121 4190 3419 4244 absentium
3442 4199 3714 4260 spectante

2131 4283 2393 4352 agendum
2438 4282 2538 4336 sibi
2585 4291 2720 4337 erat.
2769 4281 2902 4337 Cum
2953 4283 3096 4336 enim
3143 4291 3266 4337 ante
3293 4280 3512 4351 triginta
3554 4282 3716 4336 ferme

2129 4374 2246 4429 dies
2283 4373 2412 4430 urbs
2438 4383 2547 4429 tota
2577 4373 2779 4446 ingenti
2829 4383 2990 4429 terra:
3035 4385 3180 4429 motu
3207 4383 3539 4445 quati-retur,
3570 4374 3715 4429 multi

2131 4463 2419 4521 formidine
2447 4466 2701 4536 correpti,
2727 4466 2979 4520 domibus
3003 4507 3016 4531 ,
3041 4466 3185 4536 agris
3210 4507 3224 4530 ,
3251 4466 3532 4535 mancipiis
3552 4507 3568 4531 ,
3593 4480 3717 4519 auro

2129 4567 2185 4612 et
2231 4565 2454 4628 argento
2503 4557 2746 4622 relictis,
2794 4558 2977 4627 procul
3015 4569 3070 4613 et
3130 4558 3181 4611 in
3233 4555 3392 4611 aliam
3443 4557 3714 4627 regionem

2131 4647 2469 4719 aufugerant.
2509 4646 2660 4704 Tunc
2685 4664 2812 4704 vero
2846 4649 3060 4719 plurimi
3087 4664 3152 4702 ex
3195 4648 3259 4702 iis
3289 4648 3377 4718 qui
3406 4647 3550 4702 domi
3577 4663 3716 4701 man.

2132 4750 2317 4799 serant
2354 4740 2408 4796 in
2457 4739 2804 4813 fugitivorum
2849 4742 2985 4797 bona
3019 4741 3318 4796 involarant
3342 4782 3356 4805 ,
3389 4755 3526 4811 quos
3572 4755 3714 4795 acer-

2133 4837 2301 4904 rime,
2332 4844 2388 4892 et
2410 4835 2531 4907 jure
2558 4835 2774 4908 quidem
2793 4877 2809 4901 ,
2857 4836 3151 4891 insectatur
3180 4834 3601 4905 Chrysostomus
3624 4874 3639 4899 ,
3667 4842 3714 4888 et

2135 4926 2186 4981 in
2220 4934 2420 4981 tantam
2451 4935 2556 4981 tam
2597 4925 2880 4982 absurdam
2911 4927 3084 4981 aliena
3130 4925 3414 4980 invadendi
3457 4925 3713 4995 cupidita-

2135 5026 2267 5085 tem,
2309 5018 2566 5092 quidquid
2595 5018 2904 5075 exulcerato
2933 5017 3112 5071 animo
3137 5032 3260 5072 sese
3287 5016 3480 5072 obtulit
3505 5032 3572 5070 ex
3597 5025 3714 5071 tem-

2138 5127 2271 5183 pore
2319 5113 2372 5168 in
2406 5127 2628 5184 rapaces
2673 5110 2918 5167 homines
2947 5109 3182 5180 profudit
3220 5125 3236 5177 ;
3278 5109 3519 5165 abscisso
3546 5118 3713 5164 autent

2137 5202 2282 5269 folio,
2312 5203 2555 5274 quaedam
2602 5217 2670 5258 ex
2700 5201 2856 5273 hujus
2879 5201 3154 5257 concionis
3182 5200 3359 5255 medio
3383 5200 3709 5256 exciderunt.

2134 5294 2344 5351 Claudit
2370 5303 2549 5349 autem
2582 5293 2852 5349 homiliam
2881 5292 3068 5347 dicens
3093 5334 3109 5359 ,
3139 5300 3629 5362 quantumcumque
3655 5290 3716 5345 sit

2137 5394 2433 5457 peccatum,
2465 5385 2510 5441 si
2541 5384 2856 5456 pmoitentia
2903 5385 3032 5439 moti
3061 5385 3117 5450 ii,
3147 5383 3234 5454 qtti
3262 5383 3384 5437 talia
3418 5383 3537 5437 ausi
3566 5397 3713 5448 sunt,

2135 5476 2201 5531 ad
2233 5476 2488 5533 Eceleslze
2516 5475 2798 5547 pratfectos
2820 5474 3096 5543 accedant,
3120 5473 3350 5543 benigne
3368 5471 3715 5528 admittendos

2137 5579 2190 5624 et
2222 5569 2433 5623 veniam
2457 5563 2772 5637 accepturos
2799 5580 2940 5622 esse.

2205 5657 2478 5716 σειρὸν-ἔται
2505 5677 2689 5734 magna
2716 5660 2770 5715 in
2799 5659 3126 5714 translatione
3153 5656 3716 5731 Reliquiarttm.-—Jatn

2135 5759 2203 5817 ad
2237 5761 2596 5818 celebritatem
2624 5779 2928 5830 evocamur,
2951 5767 3188 5821 oninium
3221 5769 3443 5820 toi-cisse
3465 5781 3584 5834 qua?
3607 5779 3710 5818 mtt-

2137 5870 2297 5924 quam
2347 5853 2807 5922 Constantinopoli
2853 5854 2998 5911 fuere
3041 5859 3324 5911 maximam
3357 5900 3371 5916 .
3405 5871 3568 5925 quam
3613 5866 3707 5909 tum

515 5936 610 6019 (1f).
625 5937 729 6019 15.9.9
754 5943 1036 6019 mittam
1057 5943 1261 5998 motum!
1281 5939 1365 5987 δθδ
1390 5947 1501 6000 Ρθδί
1531 5942 1780 6006 ἀθλοεωτη
1819 5944 2112 6007 Ευιτοιιίιιπη
2147 5952 2389 6011 l‘l‘mtunti
2413 5957 2508 6002 tatu
2539 5951 2688 6002 fuisse
2718 5955 2842 6003 hanc
2874 5956 3124 6004 homiliam
3145 5954 3276 6004 bene
3302 5969 3362 6019 pr
3395 5954 3475 6003 bat
3503 5955 3702 6013 Stilting.

448 6015 494 6051 [ν.
521 5999 752 6060 ὓυϐεϋυδ,
779 5999 910 6046 lim.
