3948 6398
164 364 260 425 169

160 480 343 535 titulus
374 477 645 535 concionis
672 521 687 546 ,
721 488 830 534 tum
875 477 1061 534 concio
1102 477 1216 551 ipsa
1261 478 1416 536 nobis
1444 479 1747 536 minutatim

157 573 484 630 describunt.
529 572 653 627 Haec
678 588 836 643 porro
864 574 1044 645 paucis
1069 582 1192 645 post
1214 572 1447 628 habitam
1476 571 1749 629 homiliam

157 664 549 735 przucetleatem
603 663 792 720 diebus
841 673 958 719 acta
1013 673 1158 720 sunt.
1200 664 1458 720 Nimirum
1509 663 1749 721 Eudoxia

155 756 497 826 lmpemtrix,
530 755 619 826 pio
651 763 890 826 permota
917 755 1094 810 studio
1115 798 1129 817 ,
1159 755 1413 827 reliquias
1440 764 1748 812 sanctorum

152 858 455 921 martyrum
484 848 763 919 quasdatn,
799 864 1025 918 quorum
1057 864 1184 904 vero
1232 857 1524 922 martyrum
1570 856 1752 905 essent

151 958 254 997 non
308 941 602 1008 indicatur,
639 940 928 997 transferre
978 941 1141 995 voluit
1187 956 1216 996 a
1249 941 1437 1012 Magna
1480 940 1704 997 ecclesia
1730 983 1745 1005 ,

148 1052 268 1106 quae
300 1034 777 1105 Constantinopoli
801 1044 937 1101 erat,
971 1034 1038 1089 ad
1085 1034 1398 1107 martyrium
1428 1035 1542 1090 sive
1570 1033 1748 1090 eccle-

148 1127 283 1181 siam
319 1124 381 1181 S.
410 1125 652 1192 Thomte,
693 1140 812 1196 qua:
840 1139 1031 1180 novem
1059 1124 1246 1195 signis,
1278 1139 1373 1181 seu
1412 1124 1747 1193 milliaribus,

149 1217 216 1274 ab
245 1218 380 1275 urbe
403 1216 649 1283 distabat,
678 1227 733 1273 et
761 1216 826 1271 ad
858 1231 1006 1272 oram
1046 1216 1212 1272 maris
1237 1216 1337 1271 sita
1357 1224 1494 1273 erat.
1514 1214 1624 1271 Cur
1650 1230 1749 1271 au-

151 1320 257 1367 tem
290 1321 455 1367 noctu
482 1310 641 1367 talem
671 1309 787 1365 fieri
816 1308 1218 1366 translationem
1261 1308 1525 1377 voluerit,
1555 1308 1749 1365 frustra

148 1418 407 1475 quazras:
450 1411 566 1459 utut
605 1417 693 1459 res
718 1410 820 1470 est,
875 1403 954 1458 sic
997 1402 1085 1457 illa
1135 1401 1396 1459 solemnis
1444 1402 1749 1472 exportatio

150 1498 284 1552 facta
310 1494 432 1550 fuit.

221 1589 399 1645 Media
441 1597 598 1645 nocte
623 1586 881 1658 Reliquiae
902 1586 1005 1642 illae
1029 1595 1346 1661 martyrum,
1369 1586 1421 1641 in
1451 1585 1603 1642 theca
1634 1584 1751 1640 velo

150 1690 339 1753 operta
372 1680 583 1752 positae,
615 1694 678 1735 ex
705 1678 890 1749 Magna
921 1679 1148 1735 ecclesia
1168 1720 1185 1744 ,
1215 1694 1335 1748 qua:
1374 1678 1427 1733 in
1455 1677 1585 1733 urbe
1609 1675 1752 1732 Con-

151 1773 500 1845 stantinopoli
521 1782 656 1840 erat,
674 1781 1045 1843 exportantur,
1059 1771 1349 1827 comitante
1377 1770 1577 1840 ingenti
1605 1769 1749 1823 mul-

152 1865 380 1921 titudine
402 1907 419 1932 ,
456 1881 612 1936 quam
644 1864 714 1920 ita
742 1864 995 1920 describit
1021 1866 1135 1934 ipse
1163 1861 1580 1935 Chrysostomus
1603 1902 1619 1926 ,
1659 1861 1749 1932 qui

150 1973 268 2013 cum
315 1956 560 2013 Eudoxia
598 1955 943 2027 lmperatrice
987 1963 1148 2010 tanta:
1194 1953 1527 2010 celebritatis
1565 1963 1752 2008 auctor

151 2058 284 2104 erat.
321 2046 425 2103 Hic
470 2048 638 2103 uidere
679 2056 787 2101 erat
841 2046 1206 2101 monachorum
1259 2054 1449 2108 caelus,
1500 2044 1752 2116 virginum

151 2142 355 2207 choros,
376 2140 698 2195 sacerdotum
725 2137 950 2206 ordines,
981 2137 1306 2193 stecularium
1351 2136 1574 2190 uirorum
1614 2135 1750 2189 mul-

154 2233 420 2288 titudinem
441 2273 459 2299 ,
486 2249 762 2297 servorum,
789 2230 1082 2297 liberorum,
1100 2230 1283 2285 ciuium
1304 2269 1320 2296 ,
1346 2227 1748 2300 peregrinorum,

152 2324 441 2397 principum
472 2332 521 2379 et
563 2323 879 2378 subditorum
901 2364 921 2392 ,
945 2339 1060 2377 cum
1087 2321 1275 2393 gaudio
1294 2322 1347 2375 in
1396 2320 1488 2374 tali
1511 2319 1752 2374 comitatu

152 2417 555 2487 properantium.
573 2413 813 2469 Mulieres
836 2414 892 2469 in
911 2412 1150 2469 thalamis
1174 2414 1363 2469 versari
1384 2413 1549 2469 solita:
1568 2420 1612 2466 et
1633 2428 1750 2466 cera

152 2509 410 2564 molliores
430 2549 449 2576 ,
474 2508 660 2563 relictis
707 2507 904 2563 aedibus
949 2523 1067 2562 cum
1125 2505 1485 2562 robustissimis
1529 2505 1750 2560 virorum

150 2601 417 2656 alacritate
441 2599 720 2668 certabant,
751 2616 869 2655 cum
917 2609 1115 2655 tantunt
1151 2601 1345 2655 itineris
1368 2608 1517 2654 noctu
1540 2599 1753 2669 perﬁce-

149 2703 261 2749 rent
285 2708 307 2749 :
328 2710 431 2748 non
448 2694 658 2765 juvenes
688 2692 839 2749 modo
855 2735 871 2760 ,
901 2694 990 2749 sed
1020 2694 1173 2748 etiam
1210 2710 1340 2748 anus
1366 2709 1424 2748 eo
1443 2693 1750 2765 pergebant,

152 2802 311 2857 neque
340 2794 538 2841 natura:
564 2785 1058 2860 inﬁrmitastneque
1081 2785 1384 2841 celebritatis
1411 2801 1620 2855 pompa,
1665 2802 1754 2840 ne-

150 2895 247 2948 que
272 2877 445 2934 solitae
469 2879 584 2933 vita:
623 2877 863 2933 mollities
891 2878 1248 2950 impedimento
1295 2882 1456 2949 fuere.
1490 2876 1755 2947 Principes

151 2987 331 3025 rursus
369 2980 415 3025 et
462 2969 788 3041 magistratus
815 3011 832 3038 ,
875 2970 1063 3025 relictis
1112 2969 1378 3039 curribus,
1408 2967 1668 3024 lictoribus
1698 2977 1745 3023 et

152 3062 479 3128 satellitibus,
512 3061 643 3133 plebi
664 3079 773 3117 sese
800 3061 1139 3117 admiscuere.

220 3153 431 3226 Ecquid
478 3152 714 3208 mulieres
762 3152 1113 3224 principesque
1158 3168 1490 3207 memoremus
1509 3194 1525 3219 ,
1549 3150 1757 3219 quando

153 3249 263 3314 ipsa
296 3246 550 3302 Eudoxio
569 3245 653 3301 Im
661 3247 909 3317 peratrix,
926 3262 1038 3316 qua:
1060 3246 1293 3301 diadema
1313 3244 1533 3317 gestabat
1558 3254 1606 3300 et
1633 3260 1760 3315 pur-

154 3358 281 3411 pttra
316 3338 642 3405 induebatur,
666 3356 755 3409 per
793 3347 952 3393 totam
983 3339 1114 3395 aiam
1154 3355 1219 3393 ne
1256 3338 1509 3393 tantillum
1555 3337 1759 3410 quidem

155 3450 187 3487 a
208 3432 425 3502 reliquis
469 3432 698 3504 separari
741 3431 945 3496 uoluit;
991 3431 1082 3486 sed
1107 3429 1311 3486 ancillte
1354 3431 1515 3485 instar
1542 3472 1557 3496 ,
1590 3430 1758 3505 inquit

153 3524 576 3598 Chrysostomus
606 3567 624 3594 ,
671 3532 873 3579 sanctos
913 3521 1241 3592 sequebatur,
1276 3524 1473 3578 thecam
1514 3532 1561 3578 et
1593 3523 1759 3578 uelum

155 3616 538 3687 superpositum
563 3624 795 3686 tangens,
811 3614 1190 3685 humanumque
1215 3618 1405 3687 fastum
1424 3631 1625 3670 omnem
1646 3614 1760 3670 cal-

155 3727 300 3777 cans,
331 3708 562 3779 atquein
594 3709 722 3762 tanti
758 3708 941 3763 theatri
982 3710 1151 3765 medio
1172 3750 1189 3777 ,
1220 3726 1253 3763 a
1280 3710 1470 3781 populo
1501 3709 1763 3764 ridebatur

156 3800 268 3865 illa,
296 3815 459 3869 quam
488 3815 553 3853 ne
587 3800 831 3854 eunuchis
871 3800 1076 3881 quidem
1099 3799 1352 3867 omnibus,
1384 3800 1472 3870 qui
1496 3800 1552 3855 in
1581 3797 1760 3871 Impe-

158 3891 361 3946 ratoria
386 3890 597 3945 aluntur
646 3889 770 3945 aula
796 3931 811 3956 ,
837 3896 1128 3961 conspicere
1163 3891 1299 3947 licet.
1347 3890 1455 3947 Sed
1482 3903 1764 3964 martyrum

159 3999 309 4038 amor
340 3990 391 4036 et
417 3982 644 4037 caritatis
668 3982 880 4052 ﬂamma
903 3982 1004 4055 ipsi
1024 3994 1081 4038 ut
1101 3983 1267 4039 laruas
1300 3983 1419 4039 illas
1437 4000 1608 4038 omnes
1634 3984 1765 4057 abji-

160 4084 298 4131 ceret
362 4076 548 4128 suasit.
605 4073 779 4144 Prope
837 4073 1136 4131 Eudoxiam
1185 4075 1465 4131 incedebat
1522 4075 1758 4131 Joannes

158 4167 584 4240 Chrysostomus
614 4166 831 4238 praesul.
879 4165 970 4222 Sic
1020 4176 1200 4221 tantus
1243 4167 1336 4222 ille
1377 4177 1570 4231 canus,
1612 4167 1764 4222 theca

157 4260 255 4316 SS.
287 4268 592 4330 martyrum
645 4266 922 4329 praeeunte
949 4299 965 4324 ,
994 4273 1091 4329 per
1128 4258 1362 4314 medium
1411 4258 1654 4313 transivit
1682 4258 1764 4313 fo-

158 4368 305 4421 rum,
335 4361 393 4407 et
419 4367 483 4406 ex
513 4351 685 4423 portis
717 4352 863 4407 urbis
890 4366 1139 4423 egressus
1166 4351 1231 4406 ad
1261 4351 1509 4423 Drypiam
1527 4392 1542 4415 ,
1565 4351 1644 4407 sic
1679 4351 1766 4406 di-

157 4455 307 4500 ctum
339 4444 539 4511 locum,
560 4444 661 4500 iter
678 4443 927 4512 instituit,
952 4444 1003 4499 in
1026 4445 1337 4516 martyrium
1363 4459 1459 4499 seu
1487 4442 1766 4499 ecclesiam

159 4540 340 4597 sancti
363 4538 609 4607 Thomte,
639 4552 831 4595 novem
852 4538 1037 4609 signis,
1059 4538 1174 4594 sive
1198 4537 1620 4605 milliaribus,ab
1636 4536 1769 4593 urbe

163 4631 483 4687 distantem.

240 4723 378 4781 Pari
424 4733 603 4781 autem
654 4724 929 4780 alacritate
967 4723 1032 4778 ad
1063 4738 1213 4778 oram
1255 4722 1419 4778 maris
1448 4730 1768 4794 pergentes;

163 4816 377 4890 Drypia
404 4815 548 4870 enim
575 4814 643 4869 ad
675 4815 822 4869 littus
844 4822 995 4880 erat;
1025 4812 1228 4870 facibus
1248 4821 1304 4867 ct
1327 4813 1658 4883 lampadibus
1687 4812 1772 4867 in-

162 4906 368 4964 structi
395 4921 601 4972 omnes,
629 4907 802 4979 ipsum
831 4921 979 4961 mare
1009 4905 1298 4977 splendore
1323 4905 1624 4975 replebant.
1656 4902 1772 4958 Ne-

163 5018 263 5069 que
303 4999 619 5055 aberraverit
644 5041 660 5067 ,
690 4998 862 5070 inquit
902 4997 1320 5070 Chrysostomtts
1342 5039 1358 5064 ,
1402 4997 1487 5067 qui
1513 4997 1607 5051 ltoc
1635 5012 1776 5051 mare

166 5096 393 5164 ﬂuvium
419 5092 551 5164 ignis
567 5092 852 5155 vocaverit;
875 5092 949 5145 ita
971 5106 1150 5163 nempe
1169 5090 1455 5156 lampades,
1486 5104 1599 5159 quae
1623 5096 1775 5142 noctu

169 5186 469 5258 frequentes
512 5199 575 5239 ac
601 5183 856 5238 continuat
903 5182 972 5236 ad
1002 5196 1159 5251 usque
1186 5180 1490 5250 martyrium
1517 5179 1611 5233 Itoc
1640 5179 1776 5250 fere—

170 5282 388 5344 bantur,
402 5278 544 5349 ﬂuuii
562 5277 697 5350 ignei
719 5276 991 5347 imaginem
1017 5274 1298 5328 videntibus
1323 5271 1641 5327 exhibebant.
1668 5270 1778 5325 Eu-

171 5370 344 5428 doxia
371 5384 501 5424 vero
525 5383 647 5424 cum
677 5366 881 5421 honore
910 5380 1105 5434 magno
1136 5404 1153 5431 ,
1181 5362 1358 5419 studio
1394 5368 1554 5431 atque
1579 5362 1777 5432 pietate

173 5472 450 5534 martyres
476 5460 729 5517 comitata
753 5468 856 5525 est,
894 5457 1036 5526 plebi
1067 5455 1397 5522 intermixta,
1420 5469 1542 5509 eum
1569 5452 1778 5509 sitelli-

175 5555 315 5610 tiunt
349 5569 513 5609 omne
538 5551 851 5614 amovisset,
877 5560 933 5605 et
976 5548 1118 5605 ferre
1145 5562 1362 5604 omnem
1389 5547 1512 5602 vita:
1556 5555 1611 5601 ct
1645 5560 1779 5600 con-

171 5643 405 5700 ditionis
436 5642 851 5713 inaequalitatem
881 5639 1187 5710 abjecisset.
1242 5638 1374 5709 Ejus
1410 5636 1775 5694 assiduitatem

175 5734 520 5790 mirabantur
545 5744 600 5789 et
627 5732 823 5788 divites
836 5741 890 5789 et
916 5745 1200 5801 pauperes,
1223 5730 1465 5789 videntes
1484 5730 1627 5787 illam
1658 5729 1776 5789 sine
1822 5728 1827 5732 ’

177 5828 585 5889 intermissione
614 5842 709 5899 per
741 5835 946 5881 tantum
974 5824 1071 5879 viae
1098 5825 1327 5897 spatium
1358 5824 1569 5881 ossibus
1600 5822 1769 5878 inluc-

1333 366 1513 425 NUNC
1552 364 1818 424 PRIMUM
1853 364 2228 425 ADORNATA
2242 408 2256 424 .

3344 374 3447 432 £70

1862 488 2068 536 rentem
2090 521 2106 548 ,
2135 494 2235 537 nec
2265 496 2512 553 umquam
2542 480 2809 541 defessam
2841 485 2925 542 vel
2970 487 3319 558 resilientem,
3351 492 3443 546 sed

1859 587 1998 628 arere
2040 589 2255 645 semper
2278 574 2599 632 adstantem.

1930 665 2114 736 Populi
2141 681 2272 721 vero
2315 681 2608 723 concursus
2637 677 2814 723 tantus
2844 669 2943 724 fuit
2985 686 3199 742 semper
3223 674 3290 730 ah
3318 676 3448 731 urbe

1857 758 1923 813 ad
1970 759 2217 831 Drypiam
2263 775 2435 830 usque
2463 802 2479 826 ,
2507 768 2567 815 ut
2593 774 2713 816 eum
2753 760 2985 817 ﬂuminis
3033 765 3189 820 undis
3232 766 3447 821 assidue

1857 849 2196 905 manantibus
2225 851 2398 920 ipsum
2419 860 2697 921 comparet
2729 850 3161 924 Chrysostomus.
3201 856 3313 911 Etsi
3344 871 3446 910 an-

1859 953 1964 998 tem
1998 942 2172 999 media
2204 952 2362 999 nocte
2405 943 2665 1012 Reliquim
2693 959 2814 999 cum
2860 955 3002 1000 ccetu
3048 954 3158 1001 toto
3193 947 3445 1017 profecta:

1857 1032 2102 1099 fuerant,
2133 1034 2348 1088 nonnisi
2401 1028 2750 1089 illucescente
2801 1034 2891 1090 die
2935 1036 3001 1090 ad
3036 1036 3281 1109 Drypiam
3328 1041 3495 1107 per-‘

1858 1134 2076 1179 ventum
2106 1133 2229 1191 est;
2259 1133 2368 1178 tum
2399 1126 2519 1193 quia
2545 1124 2757 1182 nonnisi
2800 1125 3096 1182 lentissimo
3123 1128 3287 1197 gradu
3320 1144 3445 1199 per-

1856 1231 1984 1287 gere
2012 1225 2256 1286 poterant
2283 1216 2372 1286 qni
2403 1216 2610 1272 thecam
2632 1225 2688 1273 et
2729 1217 2999 1289 Reliquias
3015 1219 3310 1290 gestabant,
3336 1230 3447 1275 tum

1858 1308 1981 1377 quia
2010 1306 2301 1363 identidem
2327 1306 2552 1378 gradum
2580 1308 2772 1364 sistere
2798 1319 3051 1365 oneratos
3078 1325 3144 1367 ac
3170 1311 3449 1381 quiescere

1858 1413 1995 1469 OpllS
2018 1407 2158 1455 erat.

1931 1489 2060 1545 Post
2079 1490 2365 1546 adventum
2389 1506 2452 1547 ac
2472 1491 2862 1564 depositionem
2893 1496 3252 1567 Reliquiarum
3284 1497 3335 1553 in
3359 1513 3443 1553 ec--

1857 1578 2022 1636 clesia
2043 1576 2464 1638 Sancti'l‘homte
2489 1584 2542 1639 in
2567 1585 2789 1658 Drypia,
2819 1588 3132 1644 concionem
3161 1597 3437 1658 extempo—

1858 1670 2022 1727 ralem
2054 1670 2239 1729 hahuit
2261 1672 2677 1746 Chrysostomus
2700 1679 2894 1749 gaudio
2921 1680 3164 1750 perfusus
3181 1692 3235 1736 et
3254 1699 3318 1737 ex
3349 1683 3448 1736 hu—

1852 1762 2088 1834 jusmodi
2115 1767 2422 1836 spectaculo
2449 1770 2726 1825 attonitus.
2766 1772 3027 1840 Quoniam
3060 1790 3187 1829 vero
3213 1774 3299 1829 hic
3323 1791 3450 1830 eon-

1857 1854 2105 1912 cionandi
2151 1857 2342 1914 modus
2397 1859 2554 1931 longe
2579 1861 2849 1933 discrepat
2890 1879 2920 1917 a
2959 1865 3154 1920 ceteris
3179 1866 3447 1932 omnibus,

1854 1961 1992 2018 quos
2012 1947 2271 2004 hactenus
2301 1949 2552 2015 vidimus,
2582 1950 2739 2023 hujus
2757 1954 3036 2009 exordium
3070 1954 3158 2011 hic
3177 1972 3449 2025 apponere

1860 2037 2034 2093 visum
2064 2048 2149 2095 est
2176 2055 2192 2092 :
2227 2039 2366 2106 Quid
2395 2042 2562 2097 dicant
2590 2051 2635 2098 et
2660 2044 2785 2116 quid
2807 2045 2988 2111 loquar
3017 2047 3045 2102 .9
3068 2048 3263 2103 exsulto
3289 2060 3336 2103 et
3365 2051 3449 2102 in—

1856 2132 2023 2199 sania,
2054 2132 2150 2187 sed
2177 2132 2399 2203 insania,
2444 2152 2560 2208 quae
2584 2135 2698 2207 ipsa
2722 2139 2973 2210 sapientia
3000 2139 3179 2195 melior
3202 2151 3296 2196 est.
3346 2140 3451 2196 Vo-

1859 2223 1972 2278 luns
1994 2232 2042 2278 et
2066 2225 2276 2280 choreas
2296 2243 2453 2299 agens
2475 2228 2705 2283 sublimis
2725 2231 2864 2302 feror
2887 2228 2908 2287 ἐ
2935 2230 3100 2286 ebrius
3121 2233 3324 2287 tmul‘em
3339 2252 3453 2288 smn

1857 2330 1921 2368 ex
1944 2313 2040 2367 hac
2067 2313 2327 2386 voluptate
2359 2316 2641 2388 spirituali.
2670 2319 2807 2387 Quid
2835 2322 3001 2374 dicam
3030 2332 3078 2375 et
3101 2324 3221 2386 quid
3242 2324 3447 2393 loquari

1856 2416 2206 2478 martyrumne
2228 2409 2461 2464 virtutem
2477 2412 2504 2464 ?
2526 2428 2594 2465 an
2623 2413 2854 2468 caritatis
2874 2415 3221 2471 alacritatem?
3244 2434 3309 2471 an
3338 2417 3448 2471 lm-

1858 2498 2119 2569 peratricis
2142 2499 2336 2554 zelum?
2362 2516 2429 2554 an
2462 2500 2765 2581 Principum
2790 2507 3140 2561 concursum?
3165 2524 3231 2562 an
3262 2508 3452 2564 dinbolt

1858 2592 2156 2647 insaniam?
2180 2610 2248 2648 an
2276 2593 2564 2651 daemonum
2594 2595 2794 2651 cladem
2818 2637 2835 2664 ,
2870 2597 3112 2654 Ecclesiae
3145 2601 3455 2657 nobilitatem

1861 2685 2028 2739 crucis
2056 2685 2289 2739 uirtutem
2315 2727 2332 2753 ,
2388 2685 2635 2758 Cruci/ixi
2680 2690 2929 2744 miracula
2959 2731 2974 2755 ,
3012 2689 3186 2747 Patris
3212 2693 3451 2761 gloriam,

1863 2774 2091 2845 Spiritus
2133 2778 2354 2851 gratiam
2380 2819 2396 2845 ,
2429 2779 2610 2849 populi
2654 2779 2809 2835 totius
2853 2780 3195 2852 voluptatem,
3240 2783 3458 2838 civitatis

1858 2869 2261 2925 mttltationes?
2281 2878 2389 2925 etc.
2432 2868 2615 2941 Pergit
2641 2880 2842 2933 autem,
2874 2870 2943 2926 de
2969 2871 3329 2943 Reliquiarum
3358 2887 3459 2929 ex-

1863 2959 2165 3029 portatioue
2211 2959 2380 3017 multa
2429 2976 2695 3029 narrans,
2723 2961 3017 3017 Eudoxiam
3060 2963 3459 3034 lmperatricem

1864 3051 2110 3107 laudibus
2142 3051 2210 3106 ad
2262 3053 2449 3107 caelum
2498 3053 2731 3121 tollens,
2781 3070 2939 3123 quam
2983 3055 3144 3111 etiam
3190 3056 3457 3112 interdum

1864 3156 2185 3217 praesentem
2244 3146 2556 3217 alloquitur.
2607 3143 2822 3201 Claudit
2889 3146 3106 3201 demum
3176 3158 3456 3218 postquam

1863 3236 2105 3304 dixerat,
2134 3234 2514 3305 imperatorem
2569 3233 2871 3306 insequenti
2918 3236 3007 3291 die
3052 3252 3175 3290 cum
3218 3239 3457 3292 exercitu

1863 3342 1962 3384 suo
1982 3369 1997 3396 ,
2026 3327 2105 3382 sic
2136 3327 2246 3395 ille,
2277 3335 2563 3381 venturum
2606 3340 2750 3392 esse,
2782 3335 2838 3381 ut
2865 3342 3046 3397 parem
3075 3326 3332 3399 Rcliquiis
3362 3327 3460 3382 ho-

1864 3434 2049 3473 norem
2072 3426 2378 3488 praestaret.

1936 3508 2073 3566 Infra
2102 3509 2396 3565 videbimus
2425 3508 2585 3579 hujus
2608 3509 2987 3580 extemporalis
3007 3510 3279 3566 concionis
3307 3527 3463 3568 exor-

1866 3601 2035 3669 dium,
2076 3601 2214 3669 Quid
2244 3601 2410 3655 dicam
2437 3602 2464 3656 1’
2490 3602 2690 3657 exsulto
2711 3611 2758 3657 et
2784 3601 2984 3656 insanio
3005 3644 3020 3667 ,
3051 3604 3188 3659 inter
3209 3605 3463 3663 crimina-

1870 3698 2041 3750 tiones
2064 3695 2116 3749 in
2145 3693 2363 3765 Synodo
2382 3692 2450 3748 ad
2485 3693 2752 3763 Quercum
2794 3704 2982 3750 contra
3013 3696 3456 3769 Chrysostomum

1867 3787 2095 3853 oblatas,
2118 3796 2325 3842 sextam
2353 3786 2660 3854 numerari,
2683 3786 2737 3842 in
2767 3787 3004 3844 secundo
3024 3789 3464 3846 criminationem

1869 3878 2148 3935 laterculo.
2596 3948 2601 3951 _

1942 3969 2072 4025 ilazc
2099 3969 2210 4040 jam
2252 3978 2496 4026 vertente
2535 3984 2678 4024 anno
2707 3968 2813 4026 598
2842 3979 2993 4040 gesta
3025 3978 3080 4025 et
3108 3970 3248 4026 dicta
3297 3971 3462 4029 fuisse

1870 4072 2077 4117 certum
2106 4061 2335 4126 videtur,
2355 4068 2409 4115 et
2433 4060 2646 4131 quidem
2676 4075 2863 4116 mense
2884 4061 3100 4117 circiter
3129 4061 3463 4132 Septembri,

1871 4168 1996 4208 cum
2046 4152 2222 4208 adhuc
2258 4152 2540 4224 cetttmode
2593 4161 2812 4221 possent
2856 4163 3155 4224 martyrum
3207 4155 3464 4226 Reliquiae

1873 4262 1994 4301 cum
2028 4252 2177 4299 tanto
2202 4251 2458 4313 apparatu
2488 4242 2675 4311 procul
2705 4252 2760 4297 et
2786 4253 2947 4298 noctu
2980 4245 3277 4299 transferri.

1945 4336 2237 4409 Imperator
2263 4335 2317 4389 in
2345 4333 2611 4389 ecclesiam
2633 4331 2809 4389 Sancti
2835 4334 3047 4389 Thema:
3075 4351 3190 4389 cum
3216 4337 3461 4392 satellitio

1872 4447 1965 4486 suo
1989 4427 2537 4498 uenit.—lnsequente
2557 4425 2645 4482 die
2661 4425 2832 4500 (Anno
2848 4424 2977 4495 398)
3002 4428 3145 4482 venit
3172 4427 3466 4499 hnperator

1876 4537 1999 4579 eum
2046 4519 2301 4576 satellitio
2326 4533 2425 4574 suo
2447 4526 2504 4574 et
2541 4532 2731 4588 magna
2782 4518 3009 4573 militum
3067 4533 3226 4573 tnanu
3256 4562 3272 4586 ,
3305 4537 3465 4590 quant

1876 4612 2171 4670 exercitum
2204 4618 2360 4665 vocat
2393 4607 2812 4681 Chrysostomtts
2840 4626 2855 4663 :
2890 4608 3272 4682 ingressusque
3295 4612 3344 4666 in
3378 4628 3469 4668 ec-

1877 4705 2097 4762 clesiam
2147 4704 2204 4759 S.
2234 4703 2456 4758 Thema:
2484 4702 2708 4772 apostoli
2733 4742 2749 4766 ,
2772 4702 2949 4773 posito
2973 4700 3279 4759 diademate
3320 4703 3487 4760 dehiv

1882 4811 1991 4855 tum
2015 4800 2215 4854 cultmn
2233 4806 2290 4853 et
2311 4798 2567 4850 honorem
2592 4803 2884 4866 martyrum
2912 4794 3171 4866 Reliquiis
3189 4796 3466 4865 praestitit:

1879 4891 2229 4960 similiterque
2280 4886 2542 4942 satellites
2599 4885 2715 4956 ejus
2762 4900 2826 4940 ac
2888 4886 3086 4940 milites
3133 4928 3151 4952 ,
3212 4887 3468 4957 depositis

1881 4984 2085 5056 clypeis
2126 4992 2180 5038 et
2223 4980 2425 5035 lanceis
2477 4977 2543 5034 ad
2597 4987 2891 5050 martyrum
2944 4979 3151 5035 thecam
3206 4980 3470 5050 precaturi

1880 5084 2246 5133 accesserunt.
2285 5062 2601 5144 'Posteaque
2621 5071 2871 5129 discessit
2911 5090 3032 5129 cum
3075 5075 3330 5129 cornitam
3372 5087 3470 5127 suo

1883 5169 2143 5225 Areatlius
2172 5166 2483 5236 Imperator,
2534 5179 2634 5219 nec
2675 5165 2918 5220 cont-iani
2950 5181 3070 5221 mox
3105 5166 3362 5221 habenda:
3392 5163 3470 5218 itt-

1885 5260 2065 5316 tcrfuit
2101 5276 2115 5311 :
2147 5258 2563 5329 Chrysostotttus
2613 5271 2740 5311 vero
2786 5257 3061 5312 homiliam
3110 5273 3262 5311 suain
3310 5255 3468 5309 dixit.

1885 5354 2168 5421 Postquam
2214 5348 2429 5403 Arcadii
2472 5359 2525 5403 et
2553 5347 2787 5404 Satellitii
2816 5351 2935 5419 ejus
2963 5351 3211 5418 pietatem
3252 5356 3308 5401 et
3336 5363 3473 5402 mar-

1886 5444 2093 5518 tyrtbus
2121 5443 2414 5512 pra-stilum
2442 5442 2645 5497 cultum
2677 5441 3069 5512 descripserat,
3101 5456 3335 5508 praesens
3368 5456 3469 5493 ste-

1883 5538 2064 5594 culum
2090 5550 2214 5591 cum
2245 5532 2425 5588 futuro
2460 5533 2825 5603 comparavit,
2854 5531 2958 5586 hoc
2984 5531 3145 5586 breve
3170 5541 3225 5586 et
3252 5531 3473 5588 fabonio-

1885 5646 2005 5687 sum
2046 5644 2168 5686 esse
2213 5628 2436 5695 dicens,
2465 5625 2595 5682 illud
2646 5640 2811 5680 suave
2854 5634 2909 5680 et
2956 5624 3245 5693 inlinitutn,
3277 5626 3330 5680 in
3368 5641 3474 5698 quo

1887 5720 2278 5781 immortalibus
2307 5719 2544 5777 fruemur
2568 5716 2800 5772 coronis.
2820 5715 3065 5777 [luminis
3088 5719 3295 5775 ittstatn
3326 5720 3465 5777 iuno.

1888 5818 2075 5873 ccutiat:
2115 5816 2420 5885 dignitatem
2454 5822 2845 5883 rvprtrseatal;
2879 5810 2974 5870 scd
3002 5813 3191 5885 probat
3218 5828 3314 5867 nos
3357 5821 3476 5882 post
3533 5845 3537 5849 ι
