3948 6408
521 339 613 396 171

519 462 793 524 [uacuum
828 450 1013 506 Adami
1039 448 1106 504 ad
1144 448 1341 518 majora
1373 456 1589 503 vocatos
1619 446 1805 503 fuisse.
1836 445 2097 501 Resurre-

521 545 750 598 t-tiouem
768 541 994 595 futuram
1018 542 1070 595 in
1089 541 1253 594 veteri
1273 541 1385 610 lege
1400 539 1628 595 obscure
1644 537 1923 593 indicatam
1938 535 2100 593 fuisse

511 635 637 688 dicit
660 650 677 698 ;
707 631 798 685 sed
825 632 932 702 jam
951 632 1124 686 omnia
1150 632 1302 702 plana
1329 641 1383 686 et
1412 630 1687 700 perspicua
1715 644 1856 695 esse,
1883 625 2097 684 multis-

510 740 611 796 que
661 723 853 777 additis
880 724 1037 777 finem
1064 722 1410 777 concionaudi
1442 721 1585 776 fecit.

589 813 889 868 Verisimile
926 821 1009 867 est
1047 813 1184 867 inter
1222 812 1318 867 has
1362 812 1607 867 homilias
1654 808 1935 864 duodecim
1976 822 2096 878 qua:

515 907 585 963 ab
627 922 769 962 anno
811 914 1053 962 vertente
1098 905 1203 961 598
1253 906 1390 959 ultra
1444 905 1793 959 Pentecosten
1838 902 1962 956 anni
1991 901 2095 956 599

511 997 708 1053 habita:
739 998 985 1065 fuerunt,
1012 999 1141 1052 alias
1168 1012 1265 1053 uec
1295 1011 1495 1066 paucas
1538 994 1908 1051 intercessisse
1932 1032 1947 1060 ,
1975 1006 2095 1063 qua!

509 1092 592 1147 vel
618 1093 845 1160 periere,
877 1092 959 1148 vel
1003 1092 1140 1145 inter
1174 1090 1345 1145 editas
1378 1089 1562 1160 posita:
1606 1086 1729 1142 anni
1763 1096 1939 1140 notam
1972 1084 2091 1139 nul-

508 1181 614 1238 iam
646 1198 753 1252 pra:
779 1198 838 1237 se
868 1183 1061 1237 ferunt.
1095 1181 1223 1247 Qum
1258 1180 1499 1248 sequitur
1526 1187 1704 1232 autem
1751 1176 1804 1231 in
1834 1174 2094 1230 Vaticano

507 1272 707 1327 Codice
735 1282 919 1342 quarta
942 1287 1187 1337 numero,
1209 1281 1330 1342 post
1360 1268 1727 1341 Septembrem
1754 1281 2013 1331 mensem,
2037 1274 2095 1319 ut

508 1374 776 1432 putanms,
807 1364 929 1417 anni
957 1362 1060 1418 598
1087 1362 1262 1417 habita
1287 1359 1452 1415 fuitin
1479 1359 1676 1429 templo
1696 1356 1754 1413 S.
1776 1357 2088 1421 Anastasizc,

508 1465 562 1508 ut
593 1455 643 1508 in
671 1454 821 1508 titulo
852 1454 1037 1508 fertur.
1069 1453 1143 1507 lbi
1176 1461 1455 1521 postquam
1484 1450 1550 1504 de
1584 1450 1851 1519 paucitate
1877 1446 2090 1501 audito-

508 1561 627 1601 rum
672 1556 996 1615 conquestus
1029 1543 1220 1608 fuerat,
1249 1543 1317 1598 de
1358 1542 1609 1612 patientia
1651 1540 1769 1595 Jobi
1799 1539 2007 1608 longam
2037 1545 2092 1593 et

504 1638 800 1708 elegantem
833 1635 1017 1690 habuit
1046 1636 1366 1690 orationem.

570 1727 843 1784 Conciones
866 1726 1316 1781 alim.—llumilia
1344 1723 1527 1796 quinta
1556 1720 2090 1788 Vaiieana,utfertur

500 1819 553 1873 in
594 1818 765 1885 titulo,
796 1821 849 1874 in
898 1818 1096 1888 templo
1123 1822 1337 1877 Sancta:
1380 1815 1562 1872 lrcnes
1587 1816 1725 1871 dicta
1775 1814 1892 1869 fuit.
1939 1813 1995 1868 lu
2024 1830 2083 1870 ea

505 1910 924 1977 Chrysostomus
971 1910 1037 1963 de
1064 1908 1377 1964 absentibus
1402 1908 1745 1977 conqueritur
1769 1916 1821 1961 et
1857 1906 1924 1960 de
1953 1922 2088 1976 pra:—

498 2002 742 2055 sentibus
772 2000 1069 2070 gratulatur
1098 1999 1198 2054 :de
1229 1999 1560 2053 Psalmorum
1591 2008 1749 2052 cantu
1780 1997 1921 2064 agit,
1957 2011 2087 2065 pro-

500 2090 698 2160 hatque
725 2090 1042 2146 muliebrem
1067 2104 1254 2144 sexum
1280 2087 1715 2165 impedimentum
1747 2103 1850 2142 non
1873 2102 1993 2142 esse
2018 2087 2083 2141 ad

496 2180 706 2234 virtutis
730 2181 1066 2236 exercitium.

576 2270 738 2325 Sexta
765 2282 943 2325 autem
976 2269 1166 2325 concio
1193 2268 1370 2324 habita
1400 2276 1483 2323 cst
1538 2265 1591 2320 in
1617 2267 1839 2323 ecclesia
1858 2266 2083 2323 Sancto-

505 2376 623 2423 rum
650 2361 1029 2432 Apostolorum
1058 2404 1073 2427 ,
1105 2361 1156 2414 iu
1179 2360 1265 2415 die
1304 2360 1590 2414 Theodosii
1624 2358 1995 2430 Imperatoris,
2026 2367 2085 2411 ut

500 2451 697 2506 ibidem
725 2451 912 2506 fertur.
954 2451 1239 2522 Postquam
1263 2452 1371 2506 duo
1401 2451 1489 2506 alii
1519 2450 1776 2520 episcopi,
1809 2465 1906 2518 pro
1933 2464 2082 2503 more

502 2540 644 2597 illius
672 2541 806 2606 aevi,
854 2541 1155 2595 concionati
1196 2540 1445 2605 fuerant,
1476 2539 1905 2611 Chrysostomus
1942 2536 2081 2591 hanc

500 2641 688 2687 contra
726 2631 990 2688 Catharos
1014 2632 1126 2686 sive
1155 2631 1324 2685 Puros
1357 2629 1627 2685 homiliam
1658 2629 1791 2683 dixit
1819 2646 1833 2681 :
1861 2628 2077 2683 Cathari

495 2733 674 2777 autem
702 2723 776 2777 illi
819 2722 1095 2777 Novatiani
1133 2731 1307 2776 erant.
1336 2721 1517 2776 Primo
1557 2720 1744 2774 ambos
1796 2718 2077 2789 episcopos

490 2813 710 2878 laudat;
741 2828 968 2883 quorum
1006 2813 1142 2867 alter
1189 2812 1371 2882 junior
1397 2852 1412 2877 ,
1461 2811 1670 2883 inquit,
1719 2809 1865 2864 senis
1911 2808 2081 2878 gravi-

492 2916 657 2959 tatem
701 2920 716 2970 ;
748 2906 884 2959 alter
922 2920 1083 2959 senex
1114 2944 1131 2968 ,
1159 2904 1390 2973 junioris
1435 2904 1598 2958 robur
1640 2918 1748 2974 prae
1769 2917 1827 2957 se
1854 2902 2074 2957 ferebat.

494 2995 696 3050 Deinde
725 2995 1086 3050 Theodosium
1123 2995 1371 3066 Magnum
1424 2994 1672 3048 laudibus
1707 2993 1890 3058 elTert,
1923 2995 2076 3064 cujus

488 3075 604 3142 dies
631 3098 755 3142 tunc
783 3088 1172 3152 celebrabatur,
1199 3098 1409 3157 nempe,
1431 3095 1489 3141 nt
1511 3086 1797 3141 verisimile
1822 3093 2079 3148 est,mor-

489 3180 559 3234 tis
586 3180 721 3249 ejus,
749 3180 838 3250 qui
889 3179 1129 3235 Januarii
1181 3179 1391 3234 decimo
1442 3178 1673 3247 septimo
1702 3177 1790 3233 die
1831 3176 2072 3246 contigit.

491 3268 640 3325 Unde
656 3272 895 3340 arguitur
916 3271 1053 3325 hanc
1074 3270 1343 3324 homiliam
1364 3284 1548 3324 mense
1566 3267 1819 3323 Januario
1831 3268 1952 3322 anni
1971 3266 2076 3323 599

485 3358 681 3416 dictam
731 3360 892 3415 fuisse
919 3400 934 3424 ,
963 3359 1296 3414 Theodosius
1339 3368 1515 3414 autem
1559 3372 1701 3412 anno
1720 3358 1826 3413 595
1848 3358 2071 3413 obierat.

490 3450 639 3506 llunc
666 3450 1046 3520 Imperatorem
1081 3451 1321 3505 celebrat
1359 3450 1448 3504 ille
1469 3465 1499 3503 a
1538 3451 1737 3520 pietate
1762 3458 1815 3503 et
1852 3464 1882 3502 a
1903 3450 2073 3503 victo-

491 3541 585 3595 riis
609 3583 624 3605 ,
652 3556 784 3610 quas
809 3541 1104 3612 opitulante
1137 3540 1244 3593 Deo
1270 3541 1453 3594 retulit
1481 3540 1547 3593 de
1577 3541 1816 3612 tyrannis
1844 3539 2074 3594 Maximo

488 3641 543 3686 et
592 3632 849 3701 Eugenio.
906 3633 1050 3697 Quas
1100 3631 1189 3686 ille
1237 3632 1488 3685 victorias
1533 3633 1694 3685 tacito
1729 3642 2070 3703 tyrannorum

489 3722 701 3776 nomine
731 3723 800 3775 ita
839 3722 1023 3787 refert,
1055 3733 1111 3776 ut
1141 3723 1208 3777 ab
1231 3722 1351 3776 aliis
1388 3714 1740 3791 scriptoribus
1766 3732 2069 3777 narrantur.

490 3812 717 3865 liomilia
764 3826 895 3865 vero
923 3810 1108 3866 isthmc
1139 3812 1190 3865 in
1231 3811 1414 3867 medio
1444 3826 1633 3881 magna
1669 3813 1748 3866 sui
1777 3823 1926 3881 parte
1951 3829 2069 3866 tnu-

490 3904 581 3955 tila
609 3910 710 3965 est,
742 3903 812 3955 ita
841 3912 898 3956 ut
937 3902 1328 3971 quamplurima
1359 3917 1547 3956 eorum
1574 3943 1589 3966 ,
1615 3917 1734 3971 qua:
1756 3912 1943 3957 contra
1971 3901 2072 3957 Ca-

490 3998 673 4048 tharos
695 4009 788 4047 seu
820 3994 1145 4048 Novatianos
1172 3993 1504 4058 dicebantur,
1535 3993 1833 4048 exciderint
1859 4009 1922 4048 ac
1944 4009 2069 4063 per-

491 4085 666 4139 ierint.
698 4083 973 4138 Novatiaui
1007 4093 1184 4137 autem
1234 4094 1356 4138 tunc
1383 4082 1846 4154 Constantinopoli
1878 4098 2071 4153 magno

488 4192 713 4231 numero
739 4184 911 4241 erant,
937 4176 1248 4245 episcopum
1279 4191 1389 4229 sum
1428 4184 1589 4230 sectae
1622 4176 1945 4246 peculiarem
1975 4176 2069 4229 ha-

491 4268 685 4322 bebant
710 4308 724 4332 ,
756 4283 819 4322 ae
862 4282 983 4323 sese
1042 4284 1196 4337 puros
1243 4266 1617 4341 appellabant:
1665 4282 1769 4339 qua
1810 4266 1879 4322 de
1907 4282 2067 4322 causa

490 4360 612 4414 illos
640 4363 901 4415 acerrime
922 4361 1231 4431 perstringit
1256 4361 1670 4433 Clitj'sostomus
1690 4402 1703 4427 ,
1734 4372 1791 4416 ut
1816 4362 1869 4417 in
1898 4361 2072 4417 homi-

491 4454 575 4506 lia:
604 4452 706 4505 [ine
735 4453 936 4529 videas.

564 4543 660 4597 llic
704 4559 831 4597 vero
878 4544 1117 4613 quaedam
1161 4543 1630 4599 animadvertenda
1675 4554 1830 4611 sunt,
1876 4563 2070 4616 nempe

488 4632 758 4702 homiliam
788 4634 929 4689 illam
958 4635 1253 4690 breviorem
1278 4633 1461 4696 fuisse.
1483 4636 1602 4704 quia
1636 4646 1753 4704 post
1777 4637 1910 4692 duas
1938 4639 2071 4694 alias

487 4741 520 4787 ιι
544 4723 750 4781 duobus
770 4726 1032 4794 episcopis
1058 4725 1244 4780 eodem
1273 4725 1359 4779 die
1382 4726 1506 4780 etin
1537 4726 1722 4781 eadem
1747 4727 1876 4782 sede
1903 4728 2070 4784 dictas

488 4814 661 4869 habita
696 4814 791 4878 fuit
817 4834 830 4870 :
854 4817 1088 4872 secundo
1112 4825 1231 4886 post
1256 4816 1679 4871 hanehomiliam
1710 4819 1901 4872 multas
1932 4819 2069 4875 haud

486 4907 646 4965 dubie
668 4907 798 4960 alias
819 4907 1028 4961 habitas
1055 4908 1218 4965 fuisse
1255 4925 1283 4962 a
1341 4925 1525 4963 mense
1559 4909 1811 4964 Januario
1856 4910 1921 4964 ad
1965 4912 2069 4965 Pa-

483 4996 612 5058 scha
643 4997 766 5051 arui
789 4996 912 5058 599,
932 5012 1037 5065 quo
1057 4998 1145 5055 die
1164 4999 1299 5053 dicta
1329 4998 1423 5053 fuit
1448 5000 1636 5054 eoucio
1663 5016 1891 5070 sequens
1916 5018 1930 5053 :
1951 5016 2070 5071 qua:

490 5088 723 5143 homilia:
752 5088 833 5142 vel
865 5090 1156 5157 perierunt,
1186 5091 1269 5143 vel
1298 5093 1340 5144 si
1364 5090 1538 5146 adhuc
1586 5093 1725 5146 inter
1762 5091 1933 5146 editas
1973 5108 2069 5146 su-

483 5182 706 5260 persint,
731 5181 924 5233 tmllam
951 5181 1031 5235 vel
1056 5180 1087 5234 d
1108 5181 1162 5234 ei
1186 5182 1264 5236 vel
1292 5185 1414 5234 anui
1438 5193 1616 5235 notam
1654 5197 1762 5251 pra:
1783 5197 1843 5236 se
1869 5182 2067 5238 ferunt.

555 5272 682 5327 Pust
715 5270 984 5325 homiliam
1033 5272 1188 5341 igitur
1216 5273 1358 5326 illam
1384 5284 1567 5326 contra
1598 5276 1858 5329 (Iatharos
1887 5276 1937 5328 in
1967 5276 2071 5330 Co-

486 5362 601 5416 dice
624 5362 881 5417 Vaticano
901 5363 1140 5433 sequitur
1170 5362 1408 5427 homilia,
1424 5364 1575 5431 cujus
1597 5364 1800 5429 titulus,
1822 5365 2071 5420 Aduersus

488 5468 589 5512 cos,
616 5455 702 5521 qui
730 5457 797 5506 ad
823 5454 1144 5524 hippodromi
1169 5464 1214 5507 et
1235 5455 1546 5507 theatrorum
1566 5457 1852 5522 spertacula
1870 5474 1924 5511 se
1948 5474 2071 5511 con-

489 5542 656 5609 ferunt
683 5542 773 5609 (Τ.
803 5546 857 5597 ϐ.
889 5562 938 5598 c.
959 5544 1100 5615 265)
1139 5565 1152 5597 ;
1190 5545 1340 5611 cujus
1366 5542 1577 5596 initium
1608 5554 1710 5608 est,
1739 5546 1959 5600 hreccinc
1995 5550 2072 5618 {e-

491 5631 647 5685 renda
665 5632 690 5684 ?
718 5634 937 5688 haccine
963 5636 1269 5691 toleranda?
1306 5633 1456 5689 Vobis
1484 5635 1617 5689 enim
1657 5637 1782 5704 ipsis
1812 5640 2071 5708 judicibus

484 5732 657 5789 contra
684 5734 773 5775 eos
807 5719 994 5784 aiit‘olu
1021 5738 1181 5796 quam
1202 5724 1462 5783 edidimus
1485 5724 1569 5800 (Τ.
1594 5727 1647 5783 6.
1670 5742 1714 5781 c.
1738 5724 1866 5798 265)
1888 5747 1900 5783 :
1921 5729 2069 5786 ideo-

1599 333 1655 389 S.
1693 330 1969 389 JOANNIS
2006 327 2472 389 CIJDYSOSTOMI
2517 333 2691 402 VITA,

3695 339 3790 395 {73

2207 460 2309 511 que
2334 446 2475 503 illaut
2499 446 2550 502 iu
2574 445 2712 503 serie
2732 445 2954 502 aliarum
2982 446 3352 503 \‘aticauarum
3374 458 3789 519 pt‘mlerntlllcn-

2202 534 2324 590 dam
2361 536 2628 592 duximus.

2272 626 2403 693 Quia
2433 642 2559 682 vero
2591 627 2642 682 in
2675 626 2906 681 humilia:
2934 642 3088 683 nona:
3128 631 3401 700 sequentis
3445 629 3603 686 titulo
3639 642 3696 688 et
3739 634 3788 688 in

2203 715 2313 785 ipsa
2347 716 2560 772 homilia
2586 732 2725 772 nona
2755 718 2917 773 multa
2947 718 3229 784 habentur,
3255 738 3373 790 qua:
3399 722 3464 776 ad
3512 724 3783 779 historiam

2201 806 2338 862 hanc
2364 808 2560 863 clarius
2592 818 2647 863 et
2670 810 2889 875 certius,
2922 825 3079 879 quam
3108 810 3158 864 in
3189 811 3390 866 Monixo
3419 812 3674 879 diximus,
3706 832 3785 871 re-

2199 901 2470 957 ferendam
2493 902 2698 972 juvant,
2728 901 2815 957 hic
2838 918 2951 959 rem
2976 911 3141 958 totam
3187 904 3305 961 sine
3337 905 3519 976 lapsus
3551 908 3784 977 periculo

2198 994 2554 1049 narrabimus.

2269 1083 2459 1156 Ingens
2487 1087 2655 1155 pluvia
2693 1086 3144 1159 Constantinopoli.
3169 1116 3244 1128 —
3271 1086 3426 1142 Anno
3459 1089 3568 1144 599
3586 1131 3603 1157 ,
3637 1098 3744 1161 post
3763 1122 3775 1136 -

2196 1190 2356 1247 quam
2412 1192 2573 1232 unum
2629 1178 2739 1248 jam
2795 1193 2992 1235 annum
3054 1178 3107 1234 in
3171 1179 3477 1251 episcopatu
3531 1199 3779 1237 emenso:

2196 1275 2312 1320 erat
2359 1266 2819 1339 Chrysostomus,
2868 1268 3144 1324 ordinatus
3211 1285 3403 1339 nempe
3470 1285 3624 1324 anno
3684 1270 3782 1326 593

2193 1357 2265 1413 26
2304 1359 2614 1425 Februarii;
2674 1359 2805 1414 feria
2851 1370 3037 1430 quarta
3090 1359 3469 1427 ltehzlotnadm,
3511 1377 3637 1431 qua:
3683 1377 3768 1417 an.

2194 1465 2265 1505 uo
2321 1450 2426 1506 599
2472 1450 2737 1507 incidebat
2775 1451 2826 1505 in
2872 1461 3077 1506 sextam
3135 1453 3333 1522 Aprilis
3360 1494 3375 1515 ,
3423 1462 3530 1507 tam
3595 1456 3777 1525 ingens

2194 1542 2367 1611 pluvia
2396 1542 2615 1605 decidit,
2646 1552 2701 1597 ut
2730 1551 2901 1598 metus
2920 1552 3064 1599 esset
3092 1558 3159 1599 ne
3193 1544 3305 1615 agri
3350 1544 3774 1613 devastareutur,

2191 1647 2500 1701 messesque
2523 1648 2710 1688 omnes
2741 1633 2792 1687 in
2817 1634 3104 1704 perniciem
3126 1642 3362 1689 ruerent.
3397 1635 3530 1690 llinc
3565 1651 3773 1706 preces,

2190 1723 2626 1792 supplicationes,
2652 1733 2703 1779 et
2729 1723 3117 1794 processioues,
3140 1725 3393 1795 episcopo
3424 1725 3562 1781 duce
3592 1735 3650 1780 et
3671 1738 3778 1781 toto

2189 1823 2543 1869 concurrente
2560 1814 2754 1885 populo
2778 1814 2843 1870 ad
2871 1815 3151 1870 ecclesiam
3192 1817 3598 1886 Apostolorum.
3654 1820 3779 1875 Post

2190 1902 2303 1957 haec
2336 1903 2504 1958 imbre
2524 1915 2788 1969 cessante,
2823 1904 3049 1959 necdum
3075 1904 3281 1959 sublata
3323 1904 3636 1977 formidine,
3673 1919 3777 1963 tra-

2183 1993 2329 2062 jecto
2372 1993 2595 2049 navibus
2639 1994 2901 2065 Bosporo,
2950 1995 3016 2049 ad
3065 1995 3346 2050 ecclesiam
3394 1996 3489 2053 SS.
3549 1997 3696 2053 Petri
3726 2012 3790 2059 et.

2188 2083 2361 2149 Pauli,
2387 2085 2438 2139 in
2466 2086 2706 2154 opposita
2736 2088 2899 2140 maris
2921 2102 3013 2140 ora
3044 2086 3223 2155 sitam,
3260 2102 3381 2141 cum
3411 2089 3672 2159 episcOpo
3701 2100 3777 2143 to-

2190 2186 2270 2230 tus
2291 2186 2460 2231 ctntus
2482 2178 2731 2231 accurrit.
2767 2178 2878 2233 Hoc
2906 2177 3167 2249 perfuncti
3198 2179 3431 2249 poricqu
3460 2181 3789 2236 Constanti-.

2186 2266 2476 2334 nopolitani
2499 2266 2766 2337 plerique,
2793 2284 2892 2321 una
2922 2279 3123 2322 tantum
3150 2269 3778 2339 interposita.die,_nem-

2187 2372 2250 2425 pe
2278 2356 2405 2411 feria
2434 2358 2615 2427 quinta
2642 2359 2694 2412 in
2736 2355 2899 2413 Cmna
2939 2359 3169 2426 Domini,
3215 2375 3337 2415 cum
3379 2360 3434 2414 in
3474 2360 3789 2418 Parasoeve

2183 2446 2291 2505 ludi
2320 2456 2597 2517 equestres
2626 2449 2977 2519 agitarentur,
3005 2449 3134 2505 nihil
3164 2460 3412 2507 curantes
3439 2451 3585 2506 diem
3632 2454 3773 2509 illam

2182 2552 2423 2604 sacram,
2439 2539 2505 2593 ad
2539 2538 2642 2594 hoc
2663 2541 3027 2610 Spectaculum
3056 2552 3424 2607 accurreruut,
3454 2544 3673 2599 interim
3697 2546 3772 2599 in-

2181 2628 2507 2695 pemisccnte
2530 2628 2783 2701 domique
2806 2630 3027 2686 sedente
3051 2631 3435 2704 Chrysostomo
3463 2636 3725 2708 episcopo
3753 2655 3769 2691 :

2182 2716 2290 2771 imo
2308 2717 2395 2772 die
2414 2729 2689 2788 sequente,
2711 2736 2900 2791 nempe
2921 2722 3144 2776 sabbato
3160 2732 3365 2783 sancto.
3388 2724 3454 2778 ad
3477 2724 3770 2782 theatrales

2180 2806 2333 2862 ludos
2357 2823 2418 2863 se
2441 2810 2800 2873 contulerunt,
2831 2811 2917 2865 ubi
2945 2814 3244 2866 meretricia
3268 2824 3422 2868 erant
3441 2817 3766 2884 spectacula,

2178 2913 2299 2967 qua:
2328 2899 2630 2970 singulatim
2651 2909 2705 2955 et
2735 2902 2947 2971 egregie
2973 2903 3211 2972 depingit
3237 2903 3681 2975 Chrysostomus,
3717 2908 3765 2960 in

2177 2991 2458 3057 concione,
2492 3008 2649 3061 quam
2671 2992 2758 3047 die
2784 2993 3058 3048 Paschatis
3083 2994 3288 3061 habuit,
3318 2997 3403 3050 ubi
3436 2998 3489 3051 in
3520 3000 3762 3067 praevari-

2176 3091 2386 3136 Catorcs
2415 3080 2718 3152 hujusmodi
2743 3084 3059 3152 gravissime
3098 3085 3365 3140 invehitur
3392 3105 3406 3141 :
3442 3088 3766 3160 denunnquo

2178 3170 2229 3223 in
2254 3171 2374 3225 illos
2392 3173 2964 3227 excommunicationis
2985 3177 3303 3230 sententiam
3326 3178 3660 3247 pronuntiat,
3675 3182 3763 3235 sed

2176 3260 2552 3316 comminando
2581 3271 2806 3328 tantum,
2839 3273 2891 3319 ut
2922 3274 3071 3335 puto,
3093 3275 3148 3321 et
3178 3276 3234 3322 ut
3259 3267 3310 3322 iu
3336 3267 3527 3324 eodem
3568 3270 3763 3327 Manilo

2176 3351 2415 3419 pluribus
2436 3351 2576 3408 dixi.

2245 3440 2399 3495 Circa
2429 3441 2593 3509 diem,
2624 3457 2729 3511 qua
2758 3443 2875 3499 hare
2900 3446 3089 3500 concio
3113 3446 3252 3501 dicta
3285 3447 3401 3514 fuit,
3427 3450 3629 3520 aliquid
3661 3451 3759 3506 dif-

2178 3530 2425 3584 ficultatis
2452 3531 2579 3585 mihi
2599 3531 2778 3588 offerri
2803 3535 3099 3590 videbatur.
3126 3537 3266 3591 Dixit
3286 3539 3375 3593 ille
3400 3540 3451 3593 in
3473 3544 3755 3609 concione,

2173 3633 2289 3677 ante
2310 3634 2410 3677 tres
2435 3626 2541 3679 dies
2568 3624 2725 3679 imber
2740 3628 2937 3698 ingens.
2970 3627 3148 3683 imber
3170 3630 3257 3684 ilie
3276 3631 3400 3687 feria
3429 3647 3622 3702 quarta
3650 3653 3759 3689 ma-

2170 3713 2305 3783 juris
2333 3714 2682 3771 hebdomadze
2702 3717 2903 3773 decidit
2928 3737 2942 3775 :
2968 3719 3098 3774 feria
3123 3722 3307 3791 quinta
3339 3724 3467 3777 nihil
3500 3742 3761 3780 memora-

2176 3815 2263 3861 tur
2283 3808 2572 3873 incidisse;
2610 3808 2743 3866 feria
2771 3821 2918 3866 sexta
2946 3812 2998 3865 in
3031 3812 3325 3869 Parasceve
3350 3817 3415 3869 ad
3466 3817 3626 3872 ludos
3661 3822 3789 3873 cir-'

2173 3911 2384 3963 censes,
2416 3898 2638 3953 sabbato
2662 3900 2727 3955 ad
2754 3900 3030 3956 theatralia
3058 3905 3356 3973 spectacula
3389 3906 3521 3960 itum
3548 3919 3631 3962 est
3659 3910 3759 3963 :ita

2174 3996 2232 4040 ut
2261 3987 2475 4043 ltomilia
2509 3991 2656 4045 istaec
2680 3993 2899 4045 onmino
2931 3991 3073 4047 dicta
3112 3993 3275 4049 fuisse
3313 3995 3554 4050 videatur
3580 3998 3759 4052 Domi-

2175 4079 2294 4135 nica
2326 4080 2752 4137 Resurroctionis
2783 4085 3010 4139 Domini.
3044 4085 3238 4140 Verum
3268 4099 3392 4143 tunc
3416 4091 3559 4157 apud
3579 4106 3666 4145 nte
3687 4093 3762 4144 di-

2174 4173 2362 4227 cebam
2397 4192 2410 4227 :
2437 4174 2566 4237 Cur,
2598 4177 2643 4229 si
2673 4175 2788 4230 dies
2817 4175 3094 4230 Paschatis
3117 4188 3253 4238 erat,
3293 4194 3360 4233 ne
3388 4179 3617 4234 verbum
3643 4182 3759 4251 qni-

2175 4265 2296 4321 dem
2327 4266 2396 4321 de
2439 4266 2697 4322 Pasehate
2734 4268 2903 4322 dicit?
2946 4268 3139 4324 Verum
3190 4282 3467 4340 postquam
3513 4273 3761 4329 homilia:

2176 4358 2338 4412 hasce
2366 4356 2689 4426 deteximus,
2723 4360 2863 4413 nulla
2890 4361 3000 4433 jam
3027 4360 3313 4425 difficultas
3337 4374 3609 4431 superest,
3642 4380 3757 4421 eum

2176 4448 2228 4502 in
2253 4448 2404 4503 titulo
2432 4448 2667 4503 homilia:
2694 4466 2848 4504 noua:
2875 4446 3168 4520 sequentis,
3199 4460 3251 4506 et
3286 4452 3337 4506 in
3380 4452 3600 4508 humilia
3654 4456 3759 4524 ipsa

2173 4541 2403 4607 dicatur,
2422 4541 2565 4597 diem
2598 4542 2738 4596 illam
2767 4542 2948 4613 inqua
2979 4554 3084 4599 tam
3127 4546 3358 4613 graviter
3395 4545 3517 4600 illos
3556 4547 3766 4602 ein-en-

2174 4633 2310 4686 sium
2333 4641 2388 4687 et
2422 4632 2756 4687 theatralium
2804 4634 3047 4688 ludorum
3094 4645 3425 4704 spectatores
3469 4636 3763 4692 insectatus

2174 4733 2277 4787 est,
2307 4725 2636 4781 Domiuieam
2672 4725 2833 4782 fuisse
2853 4737 3012 4797 atque
3039 4728 3175 4783 adeo
3209 4729 3350 4783 diem
3395 4729 3763 4786 ltesnrrectiu—

2174 4818 2257 4873 nis
2275 4818 2504 4883 Domini,
2530 4834 2686 4888 quam
2710 4820 2830 4874 ideo
2852 4836 2957 4874 non
2980 4823 3418 4877 commemoravit
3442 4823 3765 4895 Chrysosto-

2175 4924 2313 4971 mus,
2338 4908 2478 4979 quod
2499 4920 2682 4965 contra
2711 4919 3038 4979 spectatores
3059 4912 3180 4967 illos
3197 4914 3430 4983 graviter
3445 4927 3759 4981 succensus,

2175 5014 2288 5052 rem
2321 5000 2461 5051 illam
2486 5000 2641 5053 unice
2665 5002 2945 5070 cogitaret.

2245 5088 2472 5143 llomilia
2494 5091 2718 5160 septima
2749 5092 2800 5145 in
2822 5092 3043 5157 ecclesia
3062 5092 3279 5149 Sanctae
3323 5094 3623 5150 Anastasis:
3672 5096 3765 5152 ha-

2176 5181 2282 5235 bitu
2314 5180 2435 5245 fuit,
2464 5181 2551 5235 ubi
2581 5184 2824 5237 modicus
2842 5193 2978 5248 ct'at,
3009 5185 3179 5253 inquit
3200 5185 3312 5251 ille,
3343 5187 3650 5241 auditurum
3670 5204 3763 5243 nu-

2175 5286 2391 5327 merus:
2419 5289 2593 5343 neque
2616 5284 2790 5329 tamen
2814 5275 2931 5329 ideo
2947 5278 3320 5341 conqueritur;
3343 5279 3439 5333 sed
3456 5281 3760 5349 exeundum

2175 5363 2524 5419 Samaritana:
2560 5365 2754 5430 atiert;
2787 5382 2943 5432 quam
2988 5367 3110 5421 licet
3158 5382 3318 5420 uuam
3369 5378 3600 5434 tantum,
3643 5371 3761 5438 quia

2178 5465 2354 5508 tamen
2386 5455 2634 5508 audiendi
2662 5456 2840 5509 studio
2883 5455 3144 5521 fervebat,
3173 5458 3333 5528 longo
3356 5469 3607 5529 tempore
3632 5460 3765 5513 allo-.

2173 5557 2368 5618 quutus
2393 5558 2476 5602 est
2516 5547 2782 5604 Christus.
2831 5549 3033 5605 Deinde
3081 5566 3210 5607 vero
3254 5553 3496 5622 pluribus
3533 5555 3758 5621 explicat

2173 5638 2299 5708 quid
2325 5639 2425 5692 sibi
2454 5639 2582 5693 velit
2602 5640 2819 5703 Paulus,
2838 5656 2957 5694 eum
2978 5642 3070 5707 ait,
3099 5643 3162 5696 de
3181 5644 3565 5714 confirmatione
3591 5644 3753 5699 Eran—

2179 5732 2321 5804 gclii,
2352 5742 2406 5789 ct
2428 5733 2479 5788 in
2507 5735 2589 5790 his
2614 5735 2909 5792 orationem
2935 5738 3152 5797 claudit.
