3948 6412
148 418 235 473 173
1290 412 1471 469 Νι]κο
1512 409 1774 469 τιωλιωι
1818 410 2213 467 ΑΒΟΠΝᾹΤᾹ.

205 529 342 584 Dicta
395 525 560 585 fuisse
601 526 810 582 videtur
856 526 970 582 haec
1014 525 1231 581 homilia
1275 526 1327 581 in
1378 526 1707 581 hebdomada

145 619 440 678 Paschalis:
476 634 594 672 nam
621 616 713 688 qui
752 617 998 672 homilias
1034 618 1194 672 hasce
1226 619 1276 672 in
1310 618 1426 687 ipso
1470 627 1711 688 tempore

150 708 424 779 colligebat,
454 723 485 761 a
519 706 790 762 Paschalis
817 716 1075 776 tempore,
1107 716 1159 761 ut
1192 723 1256 763 ex
1296 707 1463 762 titulis
1488 707 1708 762 concio-

149 816 257 857 num
282 799 719 870 deprehenditur,
752 798 842 854 illo
872 814 979 869 quo
1026 799 1341 854 dicebantur
1382 799 1572 854 ordine
1620 814 1713 853 eas

148 892 429 960 descripSIt.
453 891 592 947 Ante
617 888 817 945 Pascha
841 892 1009 958 enim,
1056 901 1114 946 ιιι
1147 906 1306 961 Supra
1344 890 1601 955 diximus,
1646 906 1713 945 ex

152 984 312 1040 multis
333 981 569 1038 homiliis
605 998 803 1054 paucas
846 982 1125 1053 collegisse
1172 982 1398 1037 videtur.
1443 982 1560 1044 Non
1593 998 1715 1036 con-

149 1077 365 1147 queritur
382 1085 561 1130 autem
583 1073 1001 1146 Chrysostomus
1028 1075 1080 1128 in
1107 1075 1207 1129 hac
1236 1075 1518 1139 concione,
1571 1073 1712 1143 quod

151 1167 283 1238 pauci
308 1165 575 1221 auditores
589 1165 861 1231 adessent,
876 1166 997 1237 quia
1029 1181 1134 1220 non
1161 1166 1213 1219 in
1238 1165 1426 1234 majori
1464 1165 1712 1232 ecclesia,

156 1258 228 1314 ubi
251 1274 470 1330 synaxes
503 1258 615 1311 ﬁeri
647 1257 918 1326 solebant,
947 1257 1041 1313 sed
1063 1257 1115 1312 in
1142 1256 1367 1313 ecclesia
1396 1256 1454 1313 S.
1491 1258 1716 1310 Anasta-

153 1350 233 1405 site
257 1347 577 1404 concionaha
588 1358 691 1402 tur.

213 1440 397 1496 Octava
423 1440 616 1494 concio
644 1455 757 1495 rem
790 1454 1009 1509 prorsus
1032 1437 1302 1495 insolitam
1332 1438 1484 1494 nobis
1500 1437 1714 1494 exhibet

156 1541 292 1600 atque
318 1529 801 1585 inauditam.’l‘unc
834 1529 1153 1586 Gotthorum
1182 1546 1306 1600 pars
1343 1530 1597 1597 maxima,
1626 1530 1715 1599 qui

156 1622 225 1675 vel
252 1621 733 1691 Cettsmntinpoli,
761 1622 846 1675 vel
889 1622 1092 1676 circum
1136 1630 1310 1686 erant,
1355 1621 1717 1676 Ariauismuut

157 1714 485 1769 sectabantur.
530 1713 702 1768 Erant
746 1722 921 1770 tamen
956 1713 1217 1768 Catholici
1262 1714 1439 1785 gentis
1478 1713 1716 1783 ejusdem

159 1820 248 1858 non
275 1806 438 1874 pauci.
456 1806 595 1861 Cum
617 1816 795 1861 autem
821 1807 872 1860 itt
900 1807 1125 1861 ecclesia
1148 1806 1209 1861 S.
1239 1805 1390 1861 Pauli
1432 1805 1719 1860 convenis-

159 1907 277 1963 sent,
299 1896 891 1972 jussitChrysostonius
920 1898 1148 1956 Gotthos
1168 1899 1280 1955 loca
1299 1899 1541 1970 quaedam
1575 1898 1721 1953 Scri-

160 1999 422 2057 pturarum,
446 2006 566 2061 quae
590 1991 643 2045 in
675 1990 977 2047 Gotthicam
1007 1991 1239 2060 linguam
1279 2005 1558 2045 conversa:
1604 1989 1720 2043 lue—

160 2089 279 2148 rant,
299 2079 536 2137 Gotthice
559 2082 761 2153 legere,
786 2093 836 2137 et
862 2092 1044 2154 postea
1070 2081 1326 2137 Gotthum
1351 2080 1719 2152 presbyterum

162 2168 379 2227 Gotthice
405 2173 741 2229 concionari.
772 2171 880 2229 Cur
904 2185 1081 2228 autem
1105 2174 1174 2228 ita
1202 2172 1441 2243 jusserit,
1475 2174 1603 2227 satis
1628 2172 1724 2227 de-

163 2262 304 2318 clarat
322 2265 369 2319 in
393 2267 659 2322 concione
688 2283 846 2337 quam
890 2266 1006 2336 ipse.
1045 2268 1385 2322 continenter
1432 2275 1548 2335 post
1594 2264 1724 2321 Got-

166 2354 293 2412 thum
319 2359 688 2431 presbyterum
714 2359 899 2415 eadem
934 2360 987 2415 in
1035 2360 1265 2416 ecclesia
1303 2357 1520 2425 habuit;
1554 2367 1611 2413 ut
1648 2359 1725 2412 vi-

163 2446 331 2504 delicet
353 2450 566 2508 Grzecos
599 2452 968 2523 philosophos,
1004 2468 1299 2523 eorumque
1339 2452 1612 2522 religionis
1632 2467 1718 2506 se-

163 2552 350 2609 quaces,
378 2544 673 2600 etJudaeos
703 2560 913 2615 quoque
942 2545 1145 2615 pudore
1179 2543 1510 2600 suil‘underet
1538 2559 1553 2610 ;
1583 2543 1722 2614 quod

163 2631 270 2687 dum
296 2635 365 2690 illi
390 2637 634 2692 veritatis
653 2638 825 2692 lucem
856 2638 1199 2706 reSpuebaut,
1229 2637 1469 2692 barbara:
1513 2651 1609 2706 per
1640 2647 1722 2690 to-

163 2732 256 2780 tum
275 2728 445 2783 orbem
474 2729 730 2784 nationes
754 2728 868 2784 sole
897 2728 1232 2800 fulgidiorem
1257 2728 1531 2798 Evangelii
1554 2729 1725 2782 lucem

165 2817 606 2886 amplecterentur.
628 2818 792 2875 Addit
817 2822 979 2876 etiam
1010 2836 1156 2887 eum,
1184 2820 1274 2891 qui
1324 2822 1379 2874 in
1417 2819 1597 2875 Veteri
1625 2816 1728 2875 Te-

165 2915 403 2965 stamento
432 2913 644 2982 primus
682 2921 902 2967 vocatus
930 2911 1026 2966 fuit
1048 2953 1061 2976 ,
1098 2927 1293 2981 nempe
1326 2910 1723 2977 Abrahamum,

164 2997 416 3057 barbarum
450 3004 623 3059 fuisse
669 3004 720 3058 in
771 3004 950 3060 medio
994 3003 1344 3060 barbarorum
1401 3014 1724 3060 versantem.

165 3086 399 3148 Barbaros
418 3094 587 3150 etiam
628 3094 793 3150 fuisse
830 3111 945 3161 eos,
983 3097 1074 3167 qui
1116 3095 1315 3152 Christi
1350 3107 1528 3152 ortum
1572 3096 1726 3167 primi

165 3185 537 3255 annuntiarum,
571 3186 828 3242 nimirum
861 3187 1059 3259 Magos,
1101 3188 1191 3259 qui
1230 3205 1297 3245 ex
1325 3190 1544 3244 Oriente
1569 3205 1731 3245 vene-

166 3286 287 3330 rant.
344 3278 467 3335 [hec
522 3288 709 3336 autem
767 3282 956 3337 concio
1005 3282 1184 3337 habita
1243 3282 1340 3337 fuit
1395 3283 1447 3338 iu
1500 3282 1729 3338 ecclesia

167 3366 549 3445 S.-Pauli_iutra
575 3372 967 3430 hebdomadam
1007 3375 1283 3431 Paschalis
1315 3376 1505 3431 fesmm
1532 3376 1728 3431 subse-

167 3467 409 3526 quentem,
438 3473 487 3519 et
525 3480 630 3535 per
669 3474 938 3530 octavam,
973 3475 1031 3520 ut
1065 3482 1132 3521 ex
1174 3466 1449 3537 sequentis
1494 3466 1731 3521 homilim

168 3550 317 3617 titulo,
349 3554 412 3610 ab
433 3571 499 3610 eo
540 3556 640 3627 qui
680 3556 762 3611 his
801 3558 1149 3613 conciouibus
1198 3558 1383 3614 aderat
1426 3561 1728 3630 prmtnisso,

165 3640 393 3715 liquidum
442 3658 527 3705 est
581 3667 599 3703 :
645 3650 913 3718 etiamque
973 3652 1324 3707 confirmatur
1378 3667 1447 3708 ex
1499 3652 1566 3708 iis
1609 3669 1732 3723 qua:

167 3736 301 3794 initio
324 3743 607 3814 sequentis
639 3738 869 3798 homilizc
892 3743 1160 3798 dicuntur.

226 3828 422 3888 Etenim
448 3850 573 3889 cum
624 3833 1247 3906 Constantinopolitanos
1285 3836 1428 3901 illos,
1470 3835 1562 3907 qui
1598 3852 1732 3891 enn-

167 3919 386 3978 cionibus
404 3926 516 3979 suis
536 3925 733 3981 adesse
763 3927 941 3981 soleha
955 3935 1034 3994 nt,
1052 3927 1368 3997 gravissime
1398 3929 1732 3999 pupugisset,

167 4007 378 4083 ipsisque
402 4017 708 4073 molestiam
738 4029 975 4074 creasset
1006 4020 1056 4079 in
1083 4020 1168 4074 illa
1190 4022 1467 4086 concione,
1498 4037 1656 4091 quam
1682 4022 1732 4075 in

169 4097 413 4160 Dominica
450 4107 886 4164 Resurrectionis
924 4109 1122 4166 Christi
1163 4110 1452 4175 habuerat,
1481 4127 1548 4167 eo
1592 4112 1733 4183 quod

167 4189 214 4245 in
236 4193 316 4249 die
339 4196 666 4255 Parasceves
686 4199 753 4255 ad
777 4201 1075 4267 circenses,
1103 4212 1158 4258 et
1184 4203 1236 4258 in
1284 4204 1508 4259 sabbato
1550 4215 1736 4259 sancto

165 4283 223 4337 ad
250 4287 528 4346 theatrales
552 4292 710 4347 ludos
731 4309 792 4349 se
816 4296 1192 4362 contulissent,
1222 4297 1331 4351 imo
1366 4298 1735 4352 excommuni-

165 4380 372 4437 cationis
406 4387 733 4440 sententiam
769 4388 959 4443 saltem
996 4390 1462 4444 comminatoriam
1512 4380 1577 4443 in
1616 4390 1737 4444 illos

165 4473 487 4542 protulisset;
520 4477 599 4531 illi
631 4486 810 4534 tamen
856 4489 1064 4549 postea,
1104 4497 1166 4537 re
1204 4497 1385 4537 secum
1425 4483 1567 4538 serio
1614 4499 1738 4553 per-

166 4574 335 4631 pensa,
368 4584 473 4622 non
501 4571 619 4625 sine
643 4586 803 4626 eausa
832 4588 892 4627 se
920 4575 1115 4627 acriter
1136 4575 1409 4646 impetitos
1450 4576 1613 4629 fuisse
1657 4576 1739 4629 vi-

163 4652 355 4724 dentes,
386 4669 441 4715 et
462 4661 614 4731 plura
664 4663 747 4717 his
783 4662 852 4718 de
899 4664 1059 4719 rebus
1103 4666 1288 4720 audire
1330 4668 1630 4735 cupientes,
1674 4668 1739 4720 ad

164 4760 392 4819 magnam
423 4754 730 4821 ecclesiam,
779 4764 839 4809 ut
872 4757 1114 4811 concioni
1158 4756 1493 4825 interiorem,
1543 4760 1742 4829 ingenti

164 4853 375 4898 numero
423 4861 483 4903 se
538 4847 837 4903 contulere.
882 4847 1079 4903 Verum
1136 4850 1331 4905 accidit
1384 4860 1440 4905 ut
1487 4851 1582 4905 illo
1630 4852 1738 4917 die,

166 4942 343 5001 nempe
369 4936 645 4992 Dominica
672 4948 789 5008 post
817 4938 1041 5006 Pascha,
1073 4939 1288 5008 quidam
1318 4940 1531 4995 adesset
1553 4957 1617 4996 ex
1641 4941 1746 4995 Ga-

166 5017 276 5075 latia
305 5025 613 5097 episcopus,
643 5031 726 5084 vir
753 5040 863 5084 tum
884 5047 949 5086 ex
986 5041 1280 5094 senectute,
1316 5043 1424 5086 tum
1470 5048 1535 5087 ex
1580 5034 1744 5087 animi

150 5110 361 5205 fdotibus
396 5120 760 5187 venerandus,
790 5122 877 5176 cui
907 5122 1256 5177 concionandi
1314 5124 1482 5178 vicem
1511 5124 1748 5194 Chryso-

166 5212 353 5261 stonuts
377 5211 566 5264 cessit.
596 5210 748 5279 Quod
785 5214 1057 5269 auditores
1083 5214 1156 5267 illi
1204 5215 1486 5284 :rgerrime
1534 5215 1742 5273 tulere:

165 5308 361 5351 minimo
385 5301 532 5355 enim
554 5300 921 5374 Chrysostomi
965 5320 1025 5359 se
1067 5303 1260 5359 iterum
1302 5306 1592 5376 carpentis,
1641 5305 1748 5358 imo

164 5388 403 5454 secantis,
437 5398 498 5445 ut
536 5392 649 5463 ipse
676 5395 752 5450 ait
777 5394 996 5463 ibidem,
1023 5396 1272 5451 audiendi
1298 5396 1567 5452 desiderio
1598 5406 1747 5452 tene-

168 5474 367 5535 bantur.

228 5568 566 5645 Quapmpter
594 5578 683 5635 ille
714 5578 1096 5652 Dominica(1’.
1124 5581 1214 5637 12.
1254 5600 1299 5635 c.
1337 5578 1498 5651 517),
1527 5586 1585 5634 ut
1625 5595 1747 5637 cre-

169 5655 287 5716 dere
315 5677 417 5733 est,
447 5673 716 5738 sequenti,
745 5674 978 5729 secunda
1013 5673 1261 5729 videlicet
1287 5683 1406 5743 post
1435 5673 1661 5739 Pascha,
1695 5674 1747 5732 in

170 5755 380 5812 ecclesia
423 5759 612 5830 Magna
649 5766 959 5819 concionem
990 5764 1127 5820 hanc
1157 5767 1381 5831 habuit,
1428 5767 1515 5820 tibi
1570 5765 1749 5821 statim

173 5849 487 5906 auditoribus
510 5857 818 5924 gratulatur,
852 5858 994 5929 quod
1027 5859 1147 5913 licet
1178 5871 1282 5914 tam
1316 5860 1549 5933 graviter
1585 5874 1747 5914 cxce-

3302 407 3401 462 ιη

1819 525 1896 595 pti
1936 526 1987 580 in
2026 525 2283 580 concione
2328 522 2415 579 illa
2460 522 2746 579 Dominica:
2794 523 3240 591 llesurrcctionis,
3270 527 3406 577 adeo

1818 618 2085 675 ferventer
2112 628 2167 672 et
2196 628 2343 672 tanto
2364 632 2586 671 numero
2626 617 2815 671 iterum
2859 627 3222 687 commreant.
3270 616 3405 670 Tum

1817 725 1937 766 sese
1987 720 2227 773 excusat,
2284 710 2425 780 quod
2468 710 2739 763 Dominica
2786 711 3100 779 praecedenti
3155 715 3407 780 episcopo

1818 800 2038 857 Galatia:
2066 802 2263 856 seniori
2290 801 2638 855 concionandi
2669 802 2842 854 locum
2860 800 3091 863 dederit;
3112 801 3410 870 iterumque

1819 902 2003 948 contra
2033 892 2303 947 circenses
2334 892 2508 956 ludos,
2538 892 2630 946 sed
2663 891 2841 945 mitius
2870 890 3298 961 moderatiusque
3328 893 3410 945 lo-

1820 988 2031 1057 quitur;
2062 1002 2278 1056 retnque
2307 986 2470 1055 tangit
2498 985 2718 1039 omnino
2748 982 3127 1054 deplorandam
3154 1000 3271 1054 qua:
3322 998 3411 1038 su-

1822 1081 2033 1151 periere
2060 1079 2146 1134 die
2174 1078 2445 1143 hesterna,
2470 1077 2661 1146 inquit,
2687 1076 2739 1129 in
2786 1073 3139 1144 hippodromo
3175 1075 3407 1144 contige-

1822 1182 1924 1235 rat,
1944 1186 2168 1242 quicque
2187 1170 2254 1224 ab
2282 1168 2583 1238 hujusmodi
2618 1166 2756 1222 ludis
2786 1166 2920 1220 alios
2958 1177 3205 1220 avertere
3250 1165 3413 1220 debe-

1822 1276 1924 1321 ret.
1976 1265 2200 1332 Quidam
2246 1263 2390 1319 enim
2435 1261 2523 1333 qui
2578 1260 2833 1331 p03tridie
2880 1273 3104 1314 uxorem
3160 1258 3413 1314 ducturus

1823 1367 1958 1423 erat,
1976 1357 2103 1412 dum
2131 1372 2251 1412 cum
2276 1354 2394 1410 aliis
2417 1353 2724 1410 cursoribus
2755 1351 2809 1406 in
2843 1352 3017 1406 stadio
3054 1361 3409 1417 conecrtaret,

1823 1450 2176 1519 interceptus.
2211 1446 2498 1502 miserabili
2545 1460 2671 1499 casu
2721 1444 2897 1513 capite
2928 1451 3222 1508 truncatus,
3247 1453 3301 1497 et
3329 1458 3407 1497 ex-

1823 1543 2011 1598 tremis
2040 1542 2296 1598 membris
2322 1539 2595 1604 ahscissis,
2628 1538 2697 1593 ibi
2731 1545 3019 1591 manserat.

1897 1634 2099 1690 Deinde
2130 1633 2362 1703 explicat
2390 1631 2517 1685 illud
2548 1629 2823 1699 Evangelii
2850 1627 3072 1693 dictum,
3100 1626 3258 1681 Pater
3277 1642 3414 1679 meus

1825 1742 1981 1796 usque
2009 1724 2160 1779 modo
2181 1732 2439 1794 aperatur,
2482 1730 2530 1775 et
2575 1736 2668 1791 ego
2706 1734 2887 1791 aper-or
2924 1734 2942 1772 :
2989 1718 3321 1786 Arianosque
3364 1726 3417 1768 et

1825 1819 2138 1883 Anommos,
2188 1815 2362 1871 tacitis
2404 1823 2578 1868 tamen
2611 1809 2932 1872 nominibus,
2966 1807 3229 1862 acerrime
3271 1807 3414 1860 inse-

1825 1918 2019 1973 ctatur.
2048 1905 2281 1978 probans
2308 1906 2500 1960 Filium
2521 1902 2658 1957 Patri
2686 1902 2965 1972 arqualem,
2988 1915 3108 1954 cum
3134 1898 3226 1953 illo
3251 1898 3415 1953 semel

1826 2001 2073 2071 cperari;
2102 2000 2225 2070 quia
2251 2015 2379 2053 vero
2406 1996 2648 2068 operatio
2674 1995 2762 2049 illa
2790 2009 3107 2063 permanens
3136 2000 3237 2054 est,
3271 2000 3420 2062 putat

1826 2068 2264 2164 Chrysostomus,
2294 2089 2381 2144 hic
2412 2086 2821 2159 providentiam,
2853 2084 3026 2139 Patris
3051 2092 3105 2137 et
3133 2082 3253 2137 Filii
3274 2068 3397 2151 'ope

1829 2186 2092 2241 rationem
2132 2184 2259 2238 dici.

1903 2277 1958 2331 ln
1990 2291 2142 2331 more
2170 2282 2286 2329 erat
2311 2283 2368 2327 ut
2394 2270 2504 2327 bini
2536 2270 2617 2325 vel
2649 2267 2786 2324 terni
2806 2266 2996 2323 eodem
3023 2265 3110 2320 die
3141 2264 3422 2319 continen-

1832 2380 1912 2426 ter
1935 2368 2158 2425 verbum
2183 2367 2278 2423 Dei
2308 2365 2682 2436 praedicarent.
2711 2361 2947 2430 ldipsum
2975 2358 3221 2413 videmus
3248 2358 3297 2411 in
3328 2356 3425 2409 ho-

1828 2462 1976 2517 milia
2003 2460 2232 2525 decima,
2262 2472 2383 2528 qua:
2423 2455 2598 2509 habita
2652 2452 2752 2507 fuit
2793 2452 2847 2507 in
2885 2450 3108 2505 ecclesia
3156 2447 3422 2517 Apostoli,

1835 2561 2113 2625 postquam
2135 2563 2300 2604 senex
2324 2547 2608 2618 epise0pus
2638 2552 2764 2598 ante
2804 2542 3247 2612 Chrysostomum
3296 2552 3425 2591 cou-

1830 2648 2074 2703 cionatus
2113 2642 2285 2697 luerat
2328 2657 2342 2693 :
2385 2638 2632 2709 quodque
2675 2632 3067 2691 observandum
3109 2640 3230 2694 est,
3277 2630 3424 2684 illum

1831 2754 2039 2803 senem,
2068 2745 2122 2793 et
2145 2750 2205 2790 se
2225 2734 2477 2804 juvenem
2507 2740 2682 2796 vocat,
2711 2728 2811 2783 etsi
2837 2743 2900 2782 ex
2932 2725 3146 2796 vulgata
3175 2723 3426 2793 opinione

1832 2846 2030 2887 annum
2060 2826 2236 2883 letalis
2282 2825 2353 2880 52
2394 2828 2505 2895 jam
2550 2834 2802 2877 emensus
2841 2824 2976 2872 erat.
3037 2817 3424 2885 Argumentum

1832 2918 2110 2977 concionis
2128 2917 2292 2973 sumit
2306 2932 2370 2971 ex
2393 2914 2497 2969 hoc
2523 2910 2795 2983 Evangelii
2820 2909 2985 2973 dicto,
3017 2906 3196 2961 Messi:
3224 2904 3428 2974 quidem

1832 3013 2014 3076 multa,
2045 3009 2264 3081 operarii
2289 3017 2454 3061 autem
2481 3006 2651 3076 pauci.
2688 3002 2883 3058 Probat
2912 3009 3091 3055 autem
3119 3009 3173 3052 et
3193 3012 3355 3052 senes
3375 3003 3430 3049 ct

1829 3106 2055 3176 juvenes
2104 3101 2381 3172 operarios
2433 3096 2689 3154 Ecclesiae
2734 3092 3020 3148 admodum
3079 3091 3238 3145 utiles
3284 3096 3428 3143 esse;

1833 3196 2129 3264 Messisque
2162 3190 2465 3263 hujusmodi
2514 3190 2714 3243 fruetus
2748 3185 2974 3241 eximios
3016 3183 3181 3237 fuisse
3220 3190 3426 3247 narrat,

1835 3298 1894 3343 ut
1919 3302 2039 3343 cum
2074 3286 2268 3341 Paulus
2292 3281 2522 3352 simplici
2546 3278 2710 3334 verbo
2738 3274 3119 3333 Proconsulem
3149 3288 3245 3327 ceu
3273 3287 3429 3343 Sage-

1835 3397 1902 3437 na
1956 3379 2139 3449 cepit,
2199 3386 2254 3432 et
2313 3390 2433 3431 cum
2484 3372 2765 3441 Philippus
2811 3366 3118 3423 eunuchum
3170 3362 3433 3420 Candacis

1837 3471 2129 3541 EthiOpiae
2160 3468 2357 3538 regina:
2383 3465 2448 3520 ad
2479 3464 2635 3518 ﬁdem
2666 3460 2952 3517 convertit.

1910 3562 2192 3619 Ilomiliam
2210 3574 2421 3631 quoque
2443 3555 2778 3611 undecimam
2799 3550 2986 3607 habuit
3001 3556 3279 3619 postquam
3296 3545 3435 3601 alius

1837 3654 2126 3711 admodum
2156 3667 2325 3708 senex
2374 3657 2644 3704 oraverat.
2686 3643 2760 3699 lbi
2802 3640 3033 3713 primum
3078 3655 3139 3696 se
3185 3637 3433 3693 audiendi

1838 3746 2034 3816 cupido
2062 3743 2223 3800 cmtui
2266 3742 2588 3813 gratulatur,
2619 3751 2683 3791 ac
2708 3736 2776 3791 de
2805 3734 3063 3789 Eleazaro
3102 3739 3157 3785 et
3192 3729 3261 3785 de
3302 3729 3440 3783 Mac-

1838 3838 2036 3893 cabzeis
2060 3837 2188 3905 agit,
2220 3849 2450 3905 quorum
2482 3830 2675 3885 festum
2704 3828 2754 3881 in
2794 3824 3030 3880 Ecclesia
3067 3821 3436 3877 Constantino-

1840 3930 2077 4001 politana
2101 3926 2495 3988 celebrabatur,
2524 3930 2577 3977 et
2603 3934 2736 3991 quos
2767 3916 2957 3987 prohat
2978 3914 3066 3968 ille
3096 3929 3191 3984 pro
3218 3912 3435 3967 Christo

1841 4036 2028 4093 passos
2048 4034 2190 4075 esse.
2220 4016 2277 4072 lu
2313 4017 2417 4071 line
2440 4012 2716 4070 concionis
2738 4024 2903 4080 pauca
2931 4005 3324 4062 desiderantur.

1915 4113 2185 4168 llaetenus
2237 4108 2469 4161 vidimus
2515 4102 2683 4174 (Anno
2709 4100 2836 4168 599)
2884 4098 3062 4153 omnia
3118 4094 3324 4165 placide
3377 4101 3439 4150 et

1836 4210 2037 4275 'spoute
2065 4201 2305 4265 ﬂuentia,
2353 4195 2651 4251 Eudoxiam
2699 4194 2993 4260 Augustam
3041 4189 3145 4259 piis
3186 4186 3438 4255 Operibus

1845 4296 2264 4357 incumbentem,
2296 4302 2351 4346 et
2396 4304 2426 4343 a
2466 4287 2854 4358 Cluysostomo
2903 4280 3146 4335 laudibus
3194 4277 3436 4333 celebra-

1847 4400 1953 4446 tam
1986 4381 2647 4451 :Coustantinopolitanos
2681 4377 2752 4432 ob
2786 4373 3045 4431 circensis
3076 4379 3131 4427 et
3161 4369 3432 4426 theatrali-1

1846 4478 2149 4552 spectacula
2171 4476 2488 4547 gravissime
2526 4472 2851 4540 increpatos,
2883 4473 3152 4536 Optantes,
3200 4463 3308 4516 imo
3355 4461 3433 4514 in-

1848 4551 2053 4631 stantes
2076 4570 2219 4641 apud
2249 4569 2690 4640 Chrysostomum
2714 4572 2773 4617 ut
2796 4577 2855 4617 se
2882 4559 3077 4614 talibus
3103 4566 3210 4610 tam
3232 4551 3439 4608 acerbis

1849 4665 2069 4720 numitis
2096 4663 2161 4717 ad
2204 4670 2405 4716 rectam
2456 4659 2598 4712 viam
2642 4655 2974 4709 deduceret:
3007 4648 3256 4713 Gotthos,
3290 4646 3441 4714 jussu

1850 4758 1967 4828 ejus
1988 4755 2238 4812 Gotthiee
2264 4751 2568 4820 Scripturas
2599 4748 2837 4817 legentes
2861 4751 2916 4798 et
2951 4741 3199 4798 Gotthice
3244 4735 3441 4805 praedi-

1850 4826 2054 4904 cantes.
2080 4847 2196 4901 Jam
2229 4859 2356 4898 vero
2381 4841 2448 4896 ad
2485 4840 2653 4894 tristia
2686 4837 2952 4898 ducimur,
2985 4848 3106 4903 quce
3146 4840 3202 4886 ut
3247 4826 3444 4882 clarius

1851 4952 2204 5008 exponamus,
2235 4936 2395 4989 altius
2426 4929 2714 5001 repetenda
2738 4942 2825 4982 res
2848 4935 2951 4981 est.

1926 5029 2161 5099 Entropii
2207 5024 2424 5081 eunuchi
2470 5022 2699 5075 historia.
2731 5048 2801 5059 —
2830 5016 3114 5086 Eutropius
3162 5009 3440 5067 eunuchus

1853 5123 2022 5190 gratia
2044 5118 2183 5190 apud
2203 5118 2578 5186 Imperatorem
2598 5112 2880 5167 Arcadium
2905 5109 3187 5179 plurimum
3207 5104 3440 5167 valebat,

1854 5214 2074 5283 ejusque
2103 5210 2327 5265 consilio
2365 5218 2421 5262 et
2459 5206 2775 5261 auctoritate
2813 5216 3038 5274 (ιηωηιιο
3079 5198 3306 5254 maxima
3343 5194 3446 5249 lm-

1856 5305 1988 5377 perii
2015 5302 2225 5372 negotia
2249 5299 2572 5371 gerebantur
2601 5296 2882 5369 (C/irysost.
2913 5294 2966 5347 in
2996 5289 3299 5358 Eutropium
3325 5297 3361 5340 t.
3386 5287 3444 5341 5.

1861 5412 1911 5447 c.
1940 5394 2091 5464 591).
2126 5392 2175 5446 ls
2200 5406 2322 5446 cum
2359 5390 2581 5446 Joannis
2608 5384 2974 5458 Chrysostonti
3007 5383 3059 5435 in
3089 5380 3270 5434 sedem
3302 5377 3443 5431 Cott-

1841 5485 2380 5555 ,stantinopolitanam
2422 5479 2767 5552 promerendi
2805 5485 2989 5530 auctor
3027 5472 3246 5537 luisset,
3295 5470 3448 5525 initio

1857 5577 1974 5647 ejus
2014 5575 2228 5631 monitis
2262 5574 2573 5645 placitisque
2615 5570 2751 5625 haud
2790 5581 2932 5637 mgre
2968 5577 3171 5618 morem
3200 5563 3444 5633 gerebat.

1857 5669 2196 5739 Subiudeque
2218 5674 2558 5723 accrescente
2587 5661 2819 5734 potentia
2846 5700 2862 5725 ,
2899 5671 3021 5712 cum
3056 5656 3194 5709 altos
3223 5654 3443 5724 spiritus

1857 5761 2252 5831 assumpsissct,
2273 5774 2376 5813 non
2391 5754 2676 5811 desistebat
2692 5746 3223 5823 Chrysostomus,sed
3236 5744 3446 5799 dicebat

1860 5854 1935 5911 illi
1965 5853 2205 5926 lugitivas
2234 5865 2351 5905 esse
2382 5848 2591 5903 divitias
2633 5845 2976 5917 fragilemque
3013 5842 3298 5915 potentiam
3341 5852 3438 5890 sae-
