3948 6466
455 392 554 445 1τὸ

453 505 708 558 cularem.
744 502 834 555 Illo
863 508 1036 555 autem
1067 513 1179 554 rem
1207 513 1346 568 aegre
1373 498 1596 564 ferente,
1622 495 1854 550 addebat
1874 494 1932 550 S.
1951 493 2046 548 do-

457 607 592 659 ctor,
626 611 684 649 se
713 593 802 662 qui
832 601 1079 662 argueret
1103 631 1119 658 ,
1147 605 1274 644 vere
1301 591 1563 653 amicum;
1597 596 1928 654 cmterosque
1957 584 2046 655 qui

456 699 599 759 gesta
644 687 811 757 ipsius
855 684 1171 751 laudarent,
1220 682 1524 736 adulatores
1567 694 1709 735 esse.
1761 677 2050 747 Eutropius

461 794 588 833 vero
616 794 728 833 rem
759 777 975 848 indigne
1014 775 1166 841 tulit,
1213 788 1278 829 ac
1316 772 1511 828 deinde
1540 770 1926 842 Chrysostomo
1951 768 2048 822 ad-

458 870 784 924 versabatur.
1969 885 1988 914 ι

532 961 674 1014 Inter
702 959 804 1013 alia
833 971 982 1020 vero,
1013 973 1132 1028 qua-3
1155 964 1351 1029 praeter
1377 949 1744 1026 Chrysostomi
1769 947 2052 1004 consilium

457 1062 513 1107 et
544 1052 870 1105 voluntatem
910 1049 1207 1119 designavit
1237 1046 1551 1116 Eutropius,
1603 1045 1770 1112 legem
1805 1041 1927 1096 ferri
1961 1054 2054 1093 cu-

463 1143 620 1211 ravit,
653 1152 712 1197 ut
736 1142 871 1214 asyli
911 1151 967 1196 et
995 1139 1348 1195 immanitatis
1369 1139 1459 1208 jus
1483 1137 1722 1192 ecclesiis
1753 1134 2054 1188 tolleretur.

466 1235 662 1290 \crum
694 1234 745 1289 id
777 1235 867 1291 ille
911 1235 964 1288 in
1007 1233 1198 1302 capitis
1237 1233 1317 1286 sui
1363 1230 1652 1301 perniciem
1698 1226 1911 1281 molitus
1951 1233 2053 1278 est.

461 1326 596 1380 Cum
628 1327 770 1382 cnim
800 1332 984 1395 postea
1013 1331 1345 1379 aecresceret
1373 1322 1473 1376 sibi
1503 1319 1640 1390 apud
1675 1318 2054 1388 Imperatorem

463 1421 662 1488 gratia,
715 1419 928 1474 Patrieii
962 1433 1155 1472 nomen
1184 1425 1240 1472 et
1265 1415 1599 1470 consulatum
1630 1411 1753 1467 anni
1786 1408 2061 1478 undequa-

464 1511 867 1580 dringeutesimi
894 1516 1254 1578 consequutus
1280 1517 1381 1560 est.
1406 1506 1536 1574 Qum
1557 1519 1645 1560 res
1669 1501 1852 1556 multis
1874 1498 2061 1569 displi—

465 1603 595 1657 Cuit.
615 1601 850 1656 Tandem
873 1600 1193 1669 'I'ribigildus
1217 1598 1462 1652 tribunus
1481 1597 1617 1650 clam
1641 1595 1850 1649 favente
1866 1590 2056 1655 Gaiua,

465 1702 648 1747 coacta
678 1692 902 1745 militum
934 1706 1093 1745 manu
1125 1705 1152 1742 a
1181 1687 1528 1743 formiduloso
1553 1685 1800 1754 Principe
1831 1681 2061 1740 Arcadio

470 1783 802 1854 impetravit,
847 1791 904 1837 ut
941 1780 1104 1851 gradu
1135 1779 1459 1850 dejiceretur
1485 1774 1908 1846 Eutropiuszqui
1937 1787 2058 1828 cum

468 1875 816 1946 Tribigildum
841 1874 1084 1944 aliosque
1112 1873 1180 1928 ad
1206 1887 1394 1929 necem
1423 1871 1523 1926 sibi
1552 1868 1884 1924 inferendam
1906 1880 2059 1937 para-

469 1977 551 2022 tos
571 1976 835 2028 cerneret,
856 1966 906 2020 in
931 1963 1234 2031 ecclesiam,
1253 1961 1394 2033 quod
1413 1962 1626 2017 unicum
1643 1959 1742 2014 sibi
1766 1956 2061 2028 perfugium

473 2066 772 2126 supererat,
802 2070 861 2110 se
893 2055 1113 2125 recepit.
1141 2053 1463 2124 Tribigildus
1487 2062 1664 2106 autem
1683 2049 1773 2121 (Τ.
1791 2052 1845 2106 '5.
1872 2049 2063 2119 c.59l)

471 2155 528 2200 et
554 2147 750 2200 milites
774 2146 922 2214 jussa
965 2145 1303 2214 imperatoris
1331 2142 1544 2198 Arcadii
1577 2157 1684 2212 prae
1713 2155 1773 2196 se
1795 2139 2063 2205 ferentes,

476 2246 536 2292 ut
566 2237 665 2291 sibi
711 2237 1000 2306 EutrOpius
1045 2233 1346 2290 traderetur
1371 2233 1720 2297 insistebant,
1767 2240 1823 2286 et
1868 2231 2067 2286 strictis

472 2326 665 2395 gladiis
703 2325 756 2380 in
796 2325 1077 2380 ecclesiam
1123 2325 1422 2395 irrumpere
1449 2323 1717 2378 volebant.
1756 2320 1952 2375 Verum
1984 2319 2067 2373 in-

475 2417 680 2486 trepide
695 2416 903 2472 obstitit
915 2414 1348 2487 Chrysostomus,
1367 2413 1587 2486 fugitivo
1603 2411 1844 2468 ecclesiae
1861 2410 2066 2483 asylum

475 2517 644 2563 totum
676 2523 796 2563 esse
820 2507 1017 2563 debere
1044 2507 1247 2563 dicens.

548 2599 698 2654 Licet
739 2609 916 2654 autem
955 2599 1006 2653 id
1048 2598 1186 2668 apud
1227 2598 1542 2668 scriptorem
1585 2596 1790 2652 nullum
1838 2595 2068 2660 feratur,

479 2691 768 2746 verisimile
793 2700 875 2745 est
901 2692 1072 2760 ipsum
1103 2692 1186 2745 vel
1219 2691 1596 2759 Imperatorem
1641 2688 1860 2754 adiisse,
1891 2686 1975 2741 vel
2003 2685 2070 2740 ad

479 2782 652 2852 ipsum
678 2782 980 2852 quempiam
997 2782 1209 2836 misisse
1226 2789 1498 2850 rogantem
1527 2790 1580 2833 ut
1596 2780 1819 2834 militum
1839 2779 2071 2834 furorem

479 2882 867 2943 compesceret.
894 2872 1046 2933 Nam,
1076 2883 1134 2926 ut
1164 2873 1279 2944 ipse
1296 2870 1715 2943 Chrysostomus
1742 2872 1793 2925 in
1818 2869 1919 2925 hac
1945 2884 2075 2924 cou-

481 2966 639 3020 cione
664 2963 812 3030 dicit,
839 2963 1154 3032 Imperator,
1183 2963 1271 3032 qui
1295 2963 1471 3017 statim
1495 2960 1743 3016 mandata
1764 2959 1987 3016 dederat
2017 2967 2075 3014 ut

485 3056 774 3126 Eutropius
795 3056 1111 3119 traderetur,
1137 3063 1334 3110 mutata
1356 3055 1618 3110 sententia
1647 3052 1733 3126 (Τ.
1757 3054 1810 3109 '5.
1842 3066 1888 3104 c.
1912 3048 2071 3122 595);

487 3147 766 3218 Postquam
788 3147 1019 3218 cognovit
1036 3163 1150 3201 eum
1170 3148 1239 3200 ad
1257 3147 1461 3218 asylum
1487 3146 1712 3201 ecclesiae
1732 3163 1786 3201 se
1803 3161 2072 3214 recepisse,

485 3241 715 3309 affluente
752 3239 974 3292 exercitu
1013 3248 1061 3292 et
1101 3239 1348 3292 concitato
1391 3239 1454 3293 ob
1489 3238 1602 3308 ejus
1633 3239 1882 3303 crimina,
1915 3246 2074 3308 depo-

484 3339 746 3399 scenteque
777 3329 1030 3383 hominem
1058 3330 1126 3383 ad
1159 3330 1492 3400 supplicium,
1522 3331 1727 3400 longam
1757 3330 1930 3384 habuit
1955 3346 2076 3383 ora-

486 3422 692 3489 tionem,
723 3438 824 3490 qua
860 3423 1130 3476 militarem
1167 3423 1565 3493 indignationem
1590 3432 1954 3492 compesceret,
1983 3439 2076 3492 po-

486 3515 683 3569 stulans
706 3525 757 3566 ut
784 3530 884 3566 non
909 3513 1174 3583 culparum
1196 3515 1367 3577 modo,
1387 3516 1475 3568 sed
1498 3515 1650 3568 etiam
1674 3525 1805 3569 recte
1829 3518 2079 3587 [actorum

490 3604 738 3655 rationem
765 3603 1035 3667 haberent;
1065 3621 1180 3656 nam
1211 3621 1304 3674 pro
1331 3605 1434 3659 illis
1459 3607 1676 3675 gratiam
1705 3607 1802 3676 ipsi
1834 3607 2079 3672 habebat;

489 3694 534 3746 si
555 3694 678 3764 quid
706 3710 819 3748 vero
840 3711 982 3748 secus
1005 3695 1221 3764 fecisset,
1250 3706 1490 3766 tanquam
1515 3698 1707 3751 homini
1730 3698 1828 3767 ipsi
1855 3700 2083 3770 ignosce-

491 3787 595 3839 bat.
627 3787 754 3842 Cum
797 3798 965 3840 autem
1003 3787 1083 3840 illi
1112 3788 1176 3842 de
1214 3789 1410 3860 integro
1451 3799 1681 3860 urgerent
1707 3791 1775 3844 ad
1805 3791 2080 3845 vindictam

493 3879 602 3933 lwsi
643 3877 973 3954 Imperatoris
993 3920 1007 3943 ,
1049 3879 1326 3934 clamantes
1345 3923 1358 3943 ,
1407 3881 1711 3946 exsilientes,
1743 3883 1812 3935 ad
1841 3883 2082 3935 ultionem

493 3972 838 4041 deposcentes,
868 3973 1041 4026 hastas
1064 3972 1312 4026 vibrantes
1337 3983 1480 4027 :tum
1508 3989 1624 4027 vero
1644 3977 1807 4045 fontes
1832 3975 2082 4046 lacryma-

493 4079 610 4118 runt
639 4063 1036 4117 clementissimis
1056 4065 1161 4117 suis
1184 4064 1345 4120 oculis
1368 4063 1660 4132 e/fundens,
1680 4075 1725 4120 et
1745 4077 2085 4122 sacrosancta:

494 4169 702 4218 meum,
723 4154 791 4207 ad
813 4171 962 4220 quant
989 4159 1316 4228 confugerat,
1349 4156 1642 4229 religionem
1668 4157 1775 4213 illis
1801 4158 2079 4226 incutiens,

493 4259 630 4316 aegre
655 4245 855 4298 tandem
879 4245 1008 4300 iram
1034 4263 1205 4301 eorum
1231 4247 1444 4302 sedauit.

569 4337 646 4390 Eo
675 4337 726 4390 in
756 4345 896 4392 statu
928 4354 1016 4394 res
1041 4349 1224 4403 erant,
1253 4354 1372 4395 cum
1415 4339 1865 4412 Chrysostomus,
1903 4343 2084 4413 paucis

494 4436 772 4496 postquam
805 4429 1095 4498 Eutropius
1124 4432 1177 4484 in
1207 4432 1486 4486 ecclesiam
1513 4435 1824 4505 confugerat
1851 4435 2042 4491 diebus
2064 4478 2079 4502 ,

499 4517 552 4570 in
580 4517 766 4572 eadem
794 4519 1020 4574 ecclesia
1045 4521 1360 4575 concionem
1394 4521 1613 4589 habuit,
1659 4536 1924 4594 praesente
1973 4527 2084 4580 Eu-

497 4609 672 4677 tr0pio
706 4618 759 4662 et
785 4609 1060 4663 innumera
1089 4612 1267 4680 populi
1315 4613 1651 4669 multitudine
1675 4656 1688 4677 ,
1731 4633 1849 4686 qua:
1879 4617 1944 4671 ad
1979 4628 2082 4671 tam

497 4698 764 4769 singulare
806 4701 1168 4768 spectaculum
1210 4702 1560 4758 confluxerat.
1610 4704 1752 4761 lnter
1792 4723 1888 4761 eos
1933 4710 2104 4764 multi'

498 4798 671 4853 erant,
703 4790 792 4859 qui
822 4790 1135 4862 Entropium
1163 4795 1564 4859 aversabantur,
1594 4797 1874 4867 ipsumque
1900 4800 2085 4854 militi-

498 4882 598 4936 bus
621 4881 753 4936 tradi
779 4883 973 4938 debere
995 4886 1304 4943 censebant.
1334 4887 1428 4942 llic
1445 4890 1640 4942 oratori
1670 4899 1854 4945 nostro
1880 4901 2088 4945 extem-

499 4987 727 5042 porauea
754 4973 994 5029 oratione
1019 4992 1152 5044 opus
1181 4978 1306 5044 fuit;
1349 4994 1470 5047 quae
1511 4989 1684 5035 tamen
1713 4980 1853 5036 inter
1874 4983 2087 5053 elegan-

499 5067 730 5121 tissimas
798 5068 1152 5138 computanda
1209 5079 1312 5126 est.
1368 5069 1484 5126 Non
1543 5074 1708 5128 semel
1767 5074 2084 5144 Eutrapium

498 5158 804 5230 compellat,
834 5169 890 5214 et
917 5161 1115 5215 monita
1162 5161 1229 5215 ab
1267 5179 1326 5217 se
1369 5164 1468 5233 ipsi
1498 5164 1616 5217 data
1649 5165 1701 5221 in
1731 5177 1961 5222 mentem
2003 5185 2078 5224 re-

499 5260 683 5317 vocat;
737 5249 861 5304 hinc
907 5251 974 5306 ad
1019 5251 1270 5320 populum
1311 5257 1673 5319 convertitur,
1715 5273 1872 5326 quem
1921 5267 1978 5312 ut
2020 5259 2086 5314 ad

498 5343 1020 5398 commiseratiouem
1049 5346 1356 5412 compellat,
1386 5346 1622 5416 Eutropii
1652 5349 1917 5406 fortunam
1949 5367 2088 5422 pra:-

505 5438 733 5500 teritam,
758 5439 1036 5504 prtesentis
1059 5449 1186 5489 vero
1206 5435 1588 5504 deplorandum
1611 5454 1795 5495 casum
1823 5452 1930 5496 tam
1951 5444 2090 5512 aptis

423 5567 426 5569 _
505 5526 679 5580 verbis
732 5537 1122 5596 repraesentat,
1179 5537 1236 5581 ut
1287 5528 1368 5582 vel
1420 5527 1772 5587 ferocioribus
1823 5534 2089 5606 laerymas

501 5627 794 5671 ελυιιιοτει.

577 5705 784 5773 Elapsis
819 5718 936 5774 post
977 5712 1114 5767 hanc
1155 5711 1387 5766 habitam
1415 5711 1724 5768 concionem
1754 5715 1953 5786 aliquot
1974 5718 2088 5774 die-

507 5785 624 5864 bus,
664 5797 946 5865 Eutropius
981 5811 1038 5854 ut
1065 5803 1399 5858 inimicorum
1429 5804 1677 5862 excubias
1705 5785 1911 5864 falleret
1939 5825 2084 5866 sese-

1530 382 1585 436 s.
1631 377 1909 438 iUANNIS
1936 367 2419 432 iziitusGS'imil
2464 365 2645 434 vnn,

3645 359 3749 414 176

2155 507 2259 562 que
2291 489 2622 560 proriperet,
2660 483 2728 538 ab
2756 481 2982 538 ecclesia
3021 479 3245 546 aufugit.
3295 478 3492 530 Verum
3521 486 3738 544 captus,

2152 593 2312 652 atque
2343 582 2395 635 in
2418 582 2648 651 Cyprum
2670 575 2974 644 relegatus;
3003 571 3304 640 deindeque
3325 565 3466 622 haud
3489 568 3563 620 ita
3585 565 3752 619 multo

2152 675 2335 742 elapso
2375 681 2614 739 tempore
2643 666 3030 722 (.halcedonem
3061 663 3321 716 adductus
3345 669 3401 716 et
3429 658 3750 722 damnatus,

2153 768 2327 834 capite
2349 763 2537 833 plexos
2557 769 2659 816 est.

2230 856 2329 909 Vix
2369 853 2566 922 elapsis
2617 848 2826 905 duobus
2863 845 2948 918 (Τ.
2980 847 3036 903 5.
3081 859 3129 898 c.
3152 839 3292 917 595)
3351 851 3474 914 post
3511 841 3752 910 Eutropif

2157 948 2334 1018 fugam
2357 946 2546 1000 diebus
2573 942 2887 998 concionem
2908 939 3068 994 aliam
3093 935 3279 991 habuit
3303 934 3751 1006 Chrysostomus,

2157 1040 2244 1093 ubi
2269 1035 2562 1106 pnemissis
2587 1029 2904 1103 quibusdam
2931 1027 2999 1084 de
3025 1026 3248 1081 utilitate
3270 1023 3524 1094 lectionis
3553 1023 3758 1076 divina-

2159 1145 2278 1184 rum
2308 1125 2706 1196 Seripturarum
2731 1163 2746 1188 ,
2777 1122 3055 1176 obsessam
3087 1117 3270 1196 paucis
3298 1125 3424 1170 ante
3451 1114 3648 1170 diebus
3674 1127 3757 1167 ee-

2157 1222 2374 1276 clesiam
2399 1195 2561 1273 fuisse
2587 1224 2797 1279 narrat,
2829 1227 3002 1282 neque
3027 1195 3206 1265 Lumen
3233 1209 3488 1262 traditum
3519 1204 3750 1261 inimicis

2163 1313 2499 1382 Eutropium,
2526 1309 2640 1380 qui,
2669 1308 2711 1361 si
2738 1305 3018 1362 ecclesiam
3051 1317 3155 1357 non
3182 1300 3546 1364 deseruisset,
3576 1309 3757 1367 captus

2162 1417 2451 1473 numquam
2475 1401 2680 1454 fuisset.
2704 1397 2924 1453 Fluxam
2947 1396 3138 1449 iterum
3164 1393 3516 1446 humanarum
3543 1388 3759 1443 faculta-

2164 1508 2274 1552 tum
2305 1495 2718 1562 divitiarumque
2756 1489 3116 1546 conditionem
3153 1487 3223 1540 ob
3247 1485 3432 1540 oculos
3458 1483 3650 1554 ponit:
3675 1481 3760 1536 de-

2161 1598 2469 1656 sertumque
2496 1585 2624 1639 dicit
2650 1583 2718 1637 ab
2745 1580 2966 1645 amicis,
3014 1594 3044 1632 a
3075 1576 3418 1640 domesticis,
3464 1589 3496 1628 a
3535 1572 3760 1628 fortunis

2162 1681 2412 1734 omnibus
2455 1677 2792 1746 Eutropium.
2838 1671 3126 1741 Multisque
3151 1667 3344 1722 additis
3369 1666 3440 1721 de
3470 1681 3608 1720 vero
3635 1663 3762 1732 legi-

2165 1773 2400 1842 timoque
2422 1769 2726 1824 divitiarum
2758 1781 2858 1820 usu
2880 1805 2894 1828 ,
2939 1764 3113 1834 deque
3150 1761 3255 1815 vita
3299 1757 3579 1829 praiseuti,
3608 1771 3762 1826 quam

2165 1863 2644 1934 peregrinationem
2664 1873 2782 1914 esse
2797 1863 3202 1917 commonstrat,
3217 1851 3284 1906 ad
3300 1849 3562 1906 Ecclesia:
3582 1843 3761 1902 laudes

2167 1957 2388 2022 transit,
2419 1954 2639 2024 ejusque
2669 1951 2877 2020 nuptias
2903 1963 3023 2004 cum
3064 1946 3280 2001 Christo
3302 1944 3550 2016 pluribus
3581 1957 3765 2012 prose-

2165 2047 2381 2118 quitur,
2440 2045 2542 2099 hoc
2593 2044 2902 2113 frequenter
2948 2054 3077 2094 usus
3120 2036 3318 2093 Psalmi
3371 2031 3764 2105 quadragesimi

2167 2140 2342 2209 quatri
2368 2137 2652 2202 versiculo,
2683 2135 2890 2188 Adstitit
2920 2132 3094 2202 regina
3113 2146 3145 2184 a
3175 2128 3367 2184 dextris
3386 2128 3487 2180 tuis
3508 2127 3562 2180 in
3591 2121 3764 2178 uestitu

2169 2231 2432 2293 deaurato,
2460 2239 2566 2285 etc.
2594 2229 2668 2283 De
2694 2227 2794 2282 hac
2824 2235 3090 2296 postrema
3116 2221 3350 2278 liomilite
3373 2228 3523 2291 parte
3547 2227 3764 2273 senten-

2171 2323 2297 2379 tiam
2326 2331 2562 2376 nostram
2593 2319 2824 2375 diximus
2851 2321 2902 2370 in
2931 2316 3151 2370 Monito.

2241 2413 2421 2468 Gaina:
2436 2412 2736 2483 petulantia.
2754 2408 3036 2465 —Gainas
3063 2416 3183 2476 post
3207 2404 3547 2474 impetratam
3577 2400 3763 2470 partim

2169 2509 2242 2576 vi,
2269 2495 2460 2579 partim
2488 2507 2613 2562 dolo
2640 2505 2877 2576 EutrOpii
2918 2505 3126 2558 ruinam
3174 2500 3579 2572 perniciemque
3600 2491 3690 2564 (Τ.
3713 2495 3760 2552 5.

2170 2620 2216 2657 c.
2249 2602 2402 2671 415),
2429 2600 2754 2670 petulantior
2779 2600 2829 2652 in
2859 2598 2972 2652 dies
2993 2596 3181 2660 evasit,
3209 2602 3369 2663 atque
3393 2609 3459 2647 eo
3487 2590 3764 2662 impuden-

2173 2693 2259 2748 tia:
2285 2692 2567 2762 processit,
2595 2699 2654 2745 ut
2679 2689 2844 2744 armis
2863 2689 3137 2758 copiisque
3159 2687 3472 2750 instructus,
3496 2682 3766 2739 Saturnini

2172 2793 2228 2840 et
2253 2782 2525 2839 Aureliani
2549 2823 2563 2847 ,
2611 2782 2701 2852 qui
2730 2781 2870 2836 inter
2899 2779 3111 2849 Imperii
3151 2793 3401 2848 proceres
3429 2775 3765 2837 eminebant,

2173 2877 2346 2949 capita
2385 2876 2736 2946 deposceret,
2781 2889 2881 2928 nec
2923 2873 3024 2928 nisi
3066 2872 3167 2927 hac
3193 2871 3508 2928 conditione
3531 2884 3595 2926 se
3623 2883 3768 2924 arma

2176 2967 2472 3038 positurum
2501 2979 2620 3021 esse
2641 2965 2996 3019 minitaretur.

2248 3059 2558 3114 Saturninus
2585 3069 2631 3112 et
2657 3057 2960 3111 Aurelianus
2983 3056 3036 3110 in
3055 3055 3288 3110 exsilium
3333 3053 3488 3124 pulsi.
3512 3081 3588 3092 —
3608 3053 3768 3106 Arca-

2174 3151 2294 3208 dius
2319 3166 2448 3206 vero
2470 3151 2786 3220 Imperator,
2810 3149 2900 3220 qui
2925 3148 2993 3205 ob
3015 3147 3255 3203 inertiam
3279 3157 3591 3217 metrumque
3610 3145 3771 3200 cuivis

2179 3243 2389 3313 injuria:
2417 3250 2751 3313 opportunus
2793 3249 2940 3306 erat,
2972 3255 3087 3295 rem
3131 3238 3471 3310 quantumvis
3499 3237 3768 3307 indignam

2177 3337 2442 3406 denegare
2468 3349 2572 3388 non
2604 3348 2786 3397 ausus,
2811 3342 2986 3387 tantos
3013 3333 3156 3386 viros
3182 3330 3248 3385 ad
3273 3345 3456 3385 necem
3482 3329 3773 3383 traditurus

2179 3437 2315 3493 erat,
2353 3427 2454 3480 nisi
2484 3424 2899 3496 Chrysostomus
2922 3463 2938 3488 ,
2977 3431 3160 3491 utpote
3190 3415 3492 3475 communis
3533 3417 3770 3472 onmimn

2181 3529 2356 3587 pater,
2391 3519 2468 3572 sic
2499 3517 2617 3580 ille,
2646 3515 2868 3571 Gainam
2902 3513 3143 3578 adiisset,
3175 3512 3504 3566 obambulans
3526 3551 3541 3573 ,
3568 3510 3770 3579 inquit,

2179 3609 2483 3672 exhortans,
2514 3607 2801 3672 obtestans,
2832 3605 3157 3676 supplicans,
3202 3613 3258 3657 ut
3300 3620 3332 3656 a
3360 3601 3583 3655 dominis
3609 3617 3667 3654 ea
3691 3616 3776 3653 ca-

2184 3698 2384 3753 lamitas
2422 3699 2794 3768 depelleretur;
2833 3696 2993 3766 idque
3031 3695 3245 3749 demum
3276 3708 3305 3746 a
3333 3693 3563 3747 barbaro
3609 3692 3772 3758 impe-

2184 3798 2412 3854 trasset,
2445 3799 2504 3843 ut
2523 3790 2650 3842 satis
2678 3789 2926 3852 haberet,
2957 3787 3000 3842 si
3034 3785 3351 3841 Saturninus
3371 3792 3427 3839 et
3456 3782 3777 3837 Aurelianus

2184 3883 2237 3937 in
2265 3883 2511 3936 exsilium
2540 3881 2900 3936 mitterentur.

2255 3974 2312 4028 Id
2339 3989 2468 4028 vero
2496 3971 2691 4027 accidit
2725 3986 2867 4026 anno
2911 3970 3128 4024 ineunte
3165 3968 3269 4024 400
3294 3987 3305 4022 :
3332 3983 3438 4038 quo
3466 3967 3645 4037 posito
3670 3964 3776 4019 cal-

2183 4067 2304 4121 culo
2326 4081 2387 4120 ea
2409 4081 2528 4137 quze
2551 4064 2857 4134 praecedunt
2880 4073 2932 4118 et
2953 4079 3072 4133 qua:
3091 4063 3487 4131 subsequuntur
3509 4071 3776 4118 constare.

2184 4169 2238 4214 et
2267 4159 2442 4213 locum
2486 4167 2799 4227 tempusque
2840 4170 2992 4210 suum
3043 4168 3304 4223 occupare
3350 4152 3619 4206 videntur.
3673 4150 3780 4204 lloc

2185 4259 2361 4303 autem
2404 4259 2619 4316 peracto
2659 4245 2871 4316 negotio
2899 4246 3210 4300 concionem
3248 4243 3432 4297 habuit
3455 4239 3776 4312 Chrysosto-

2187 4357 2326 4407 mus,
2357 4340 2447 4395 ubi
2474 4339 2541 4395 de
2573 4337 3164 4408 Constantimipolitano
3207 4335 3454 4398 tumultu,
3485 4334 3557 4389 de
3582 4334 3782 4388 vicissi-

2190 4435 2373 4488 tudine
2400 4432 2750 4486 lmmanarum
2777 4445 2956 4484 rerum
2986 4426 3113 4499 agit.
3147 4428 3354 4492 Omnia,
3382 4427 3578 4495 inquit,
3608 4429 3781 4478 turba-

2185 4543 2298 4580 rum
2325 4542 2385 4578 ac
2415 4525 2724 4577 tumultuum
2759 4521 2908 4592 plena
2944 4531 3060 4574 sunt
3079 4561 3093 4583 ,
3137 4520 3307 4574 omnia
3335 4518 3533 4584 scapuli
3561 4534 3624 4570 ac
3656 4531 3783 4586 prte-

2187 4619 2383 4685 cipitia,
2413 4617 2584 4670 omnia
2607 4633 2758 4686 rupes
2784 4614 2876 4668 sub
2904 4614 3050 4682 aquis
3071 4613 3281 4667 latentes
3303 4628 3321 4665 :
3343 4611 3513 4664 omnia
3544 4620 3779 4671 terrores,

2188 4708 2503 4769 discrimina,
2553 4708 2884 4778 suspiciones,
2923 4715 3191 4768 tremores,
3238 4713 3284 4756 et
3327 4715 3564 4773 angores.
3618 4697 3782 4754 Nemo

2188 4802 2423 4870 cuiquam
2467 4800 2599 4867 ﬁdit,
2619 4838 2632 4851 .
2653 4838 2666 4852 .
2687 4839 2700 4852 .
2718 4837 2732 4851 .
2753 4837 2766 4852 .
2813 4811 2913 4852 non
2952 4806 3024 4851 est
3066 4796 3256 4849 amicus
3292 4804 3427 4847 tutus
3450 4834 3467 4859 ,
3495 4809 3600 4846 non
3630 4793 3785 4860 frater

2191 4893 2386 4956 ﬁrmus.
2435 4890 2705 4946 Sublatum
2755 4899 2825 4942 est
2880 4888 3107 4941 caritatis
3151 4887 3364 4950 bonum,
3414 4882 3561 4939 ciuile
3603 4882 3784 4937 bellum

2189 4996 2402 5056 occupat
2435 4986 2634 5049 onmia,
2663 4984 2805 5037 civile
2826 5024 2841 5050 ,
2872 4993 2920 5036 et
2947 5000 3046 5035 non
3090 4991 3318 5051 apertum
3341 5021 3356 5046 ,
3386 4979 3475 5033 sed
3503 4977 3781 5031 obumbra-

2191 5089 2315 5132 tum.
2347 5077 2639 5132 Innumero:
2666 5074 2846 5140 ubique
2883 5079 3068 5139 larva},
3118 5070 3370 5126 simulata?
3397 5071 3555 5141 facies
3582 5087 3604 5124 :
3631 5068 3782 5122 multa

2190 5171 2354 5222 ovium
2390 5169 2604 5234 uellera,
2637 5169 2888 5220 innumeri
2915 5165 3093 5237 ubique
3140 5164 3249 5233 lupi
3275 5162 3366 5218 sub
3401 5161 3480 5217 his
3509 5160 3782 5216 occultati:

2193 5273 2246 5316 ut
2283 5264 2398 5332 jam
2436 5261 2566 5314 inter
2603 5261 2767 5314 hostes
2801 5259 2985 5330 aliquis
3034 5259 3188 5312 tutius
3230 5256 3440 5321 vixerit,
3483 5273 3640 5326 quam
3665 5255 3782 5307 inter

2193 5372 2278 5409 eos
2307 5354 2393 5424 qui
2418 5353 2650 5407 videntur
2673 5349 2842 5405 amici.
2867 5351 2964 5416 Qui
2981 5351 3089 5403 heri
3109 5346 3472 5414 adulabantur,
3503 5347 3591 5418 qui
3615 5358 3781 5398 manus

2193 5447 2573 5512 osculabantur,
2604 5443 2754 5499 hodie
2780 5455 2983 5514 repente
3011 5445 3250 5512 comperti
3281 5451 3398 5495 sunt
3427 5442 3618 5506 hostes,
3651 5437 3780 5506 abje-

2193 5543 2385 5611 ctisque
2423 5539 2575 5593 larvis
2597 5580 2610 5600 ,
2657 5538 2780 5608 facti
2813 5547 2931 5590 sunt
2975 5535 3205 5588 omnibus
3235 5533 3622 5587 accusatoribus
3651 5545 3782 5582 acer-

2194 5631 2395 5684 biores:
2418 5645 2509 5700 pro
2550 5630 2728 5697 quibus
2766 5628 2999 5680 hesterna
3046 5627 3128 5679 die
3169 5625 3361 5696 gratias
3405 5621 3646 5692 agebant,
3700 5621 3780 5668 hos

2192 5735 2327 5774 nunc
2366 5721 2599 5773 incusant
2630 5729 2677 5772 et
2704 5718 3100 5772 calumniantur.
3145 5715 3347 5770 Deinde
3381 5730 3514 5769 vero
3554 5713 3622 5768 de
3652 5709 3778 5762 divi.-

2193 5813 2384 5869 tiarutu
2445 5812 2674 5867 vanitate
2721 5812 2994 5882 eleganter
3040 5824 3136 5880 pro
3185 5823 3337 5866 more
3391 5822 3487 5861 suo
3536 5802 3772 5860 dluSCt‘il:
