3948 6410
238 340 322 395 i'l'l
1395 331 1576 389 NUNC
1615 329 1764 389 PRM}

1872 330 1877 386 ἱ
1907 331 2304 393 ΑυΟΙὶΝΑΤΛ.

235 448 525 521 paupertatis
578 449 711 502 bona
763 444 1121 518 deprtedicat,
1178 452 1362 517 utpote
1412 462 1533 518 qua:
1575 456 1774 503 tantam

232 551 423 612 pnestet
448 541 776 594 securitatem
798 581 812 605 ,
843 549 1097 608 quantum
1139 539 1338 594 divitia:
1363 539 1657 610 periculum
1687 556 1780 611 pa-

228 635 371 686 riunt.
411 631 623 686 Demnm
659 631 904 700 exentplo
927 628 1045 685 Jobi
1080 629 1146 684 ad
1191 630 1526 686 calamitates
1569 631 1777 686 fortiter

227 721 446 778 ferendas
470 721 724 776 hortatur.

284 811 461 866 Cainas
511 811 752 882 Magister
806 811 1002 866 militiis
1042 813 1360 868 constitutus.
1385 813 1770 884 —Postqttam

223 903 510 956 Saturninus
551 911 603 955 et
643 901 959 955 Aurelianus
993 902 1141 975 (Sos.
1187 903 1226 957 I.
1270 904 1330 959 8.
1363 920 1411 957 c.
1454 904 1532 975 4),
1583 915 1774 974 pacato

222 995 365 1048 Gaina
386 1035 398 1054 ,
426 995 474 1048 in
496 992 735 1050 exsilium
764 995 866 1048 acti
897 995 1101 1049 fuerant
1130 995 1302 1066 (Anna
1327 995 1454 1068 400)
1477 1037 1492 1060 ,
1523 1011 1643 1050 cum
1672 1000 1774 1051 Ar-

223 1084 352 1137 cadio
385 1083 693 1152 lmperatore
721 1084 919 1139 Gainas
962 1086 1014 1140 in
1063 1086 1288 1141 ecclesia
1306 1087 1449 1156 juxta
1478 1087 1774 1142 Chalcedo-

223 1190 324 1228 nem
348 1175 458 1240 sita,
482 1176 568 1228 ubi
599 1175 653 1228 S.
688 1175 996 1245 Euphemice
1023 1178 1272 1247 martyris
1297 1177 1602 1247 sepulcrum
1629 1188 1767 1242 erat,

221 1265 506 1334 colloquium
549 1265 766 1331 habuit,
798 1282 1024 1339 cumque
1049 1283 1114 1323 ex
1147 1279 1302 1338 pacto
1326 1279 1592 1325 convento
1621 1285 1770 1325 arma

219 1358 541 1426 deposuisset,
570 1368 622 1413 et
636 1359 988 1430 jurejurando
1008 1360 1250 1421 adhibito
1273 1361 1430 1416 fidem
1460 1346 1770 1432 Imperatori

219 1449 462 1516 dedisset,
521 1453 782 1520 equestris
845 1453 1214 1524 pedestrisque
1275 1454 1479 1509 militiae
1523 1454 1773 1524 Magister

218 1543 505 1600 declaratur.
545 1546 718 1600 Tanto
756 1555 932 1600 autem
966 1546 1180 1601 inflatus
1209 1546 1448 1613 honore,
1492 1560 1582 1601 res
1605 1561 1772 1601 novas

219 1637 372 1690 moliri
403 1652 502 1690 non
543 1637 766 1692 distulit.
798 1639 927 1694 Erat
953 1639 1043 1694 ille
1071 1639 1298 1698 Arianus
1318 1680 1331 1701 ,
1364 1639 1584 1710 perinde
1612 1648 1771 1708 atque

218 1730 346 1784 multi
369 1731 452 1785 alii
475 1730 681 1798 Gotthi,
705 1731 794 1801 qui
819 1739 944 1787 tunc
968 1733 1276 1802 episcopum
1307 1731 1770 1802 Constantinopoli

219 1822 450 1878 habebant
475 1841 490 1878 :
514 1823 864 1880 suadentibus
891 1835 1072 1880 autem
1103 1825 1344 1896 ejusdem
1374 1835 1536 1881 sectae
1564 1827 1772 1896 episco-

217 1914 284 1982 pis
318 1913 688 1984 hnperatorem
734 1918 970 1988 rogavit,
1024 1933 1185 1972 unam
1212 1934 1277 1973 ex
1304 1917 1548 1974 ecclesiis
1573 1919 1771 1976 urbicis

213 2019 306 2058 suae
324 2017 471 2061 secta:
490 2009 759 2075 traderet;
789 2009 1095 2065 indecorum
1117 2026 1239 2067 esse
1263 2012 1446 2067 dicens
1461 2012 1770 2082 Magistrum

213 2093 436 2152 Romana:
467 2099 670 2154 militia:
695 2111 844 2155 extra
872 2101 1059 2156 urbem
1088 2102 1276 2158 orandi
1300 2119 1460 2158 causa
1485 2105 1767 2174 proficisci.

213 2186 438 2243 Arcadius
461 2205 608 2257 vero,
637 2191 726 2262 qui
749 2190 973 2247 Gainam
997 2194 1288 2261 metuebat,
1315 2203 1375 2248 ut
1398 2204 1450 2249 et
1471 2195 1627 2250 auliei
1653 2196 1772 2265 ejus

210 2292 370 2334 omnes
392 2322 404 2343 ,
431 2298 490 2336 ea
515 2283 587 2339 de
616 2299 673 2338 re
707 2284 1118 2339 deliberaturum
1149 2300 1210 2341 se
1235 2285 1401 2352 dixit,
1442 2302 1770 2358 operamque

205 2369 421 2428 datorum
453 2384 509 2429 ut
550 2376 724 2447 ipsius
761 2375 1032 2432 desiderio
1076 2376 1230 2433 fieret
1273 2379 1424 2433 satis.
1474 2380 1772 2449 Imperator

204 2473 356 2519 autem
390 2465 653 2523 Joannem
697 2480 938 2524 nostrum
989 2467 1248 2535 advocat,
1295 2469 1479 2525 Gainte
1525 2479 1766 2540 optatum

203 2556 370 2626 decet,
401 2561 515 2630 ejus
543 2563 841 2632 potentiam
874 2571 1294 2630 commemorat,
1336 2563 1508 2632 ipsum
1531 2563 1769 2635 tyranni-

200 2647 303 2703 dem
345 2653 587 2709 meditari
634 2670 740 2708 non
784 2653 1014 2709 obscure
1062 2653 1280 2722 indicat,
1322 2653 1670 2726 hortaturque
1711 2665 1769 2710 ut

199 2740 386 2797 barbari
416 2747 658 2800 animum
710 2746 759 2800 id
789 2746 1134 2802 concedendo
1163 2757 1472 2816 compescat
1502 2747 1766 2821 (Theodo-

197 2846 278 2887 ret.
310 2838 343 2888 ι.
369 2837 418 2891 5.
463 2855 508 2892 ε.
555 2839 677 2911 52).
711 2840 1004 2910 Respondit
1037 2839 1272 2896 Joannes
1295 2880 1312 2907 ,
1344 2840 1657 2911 Imperatori
1687 2841 1765 2897 fas

196 2941 285 2979 non
323 2943 436 2984 esse
463 2932 592 2985 talia
635 2931 910 3001 polliceri,
953 2941 1008 2987 et
1047 2941 1233 2987 sancta
1268 2933 1493 2989 canibus
1516 2933 1766 2992 dare:se

198 3031 309 3070 vero
338 3021 642 3091 neutiquam
688 3036 843 3091 posse
887 3022 1194 3078 Catholicos
1231 3024 1299 3080 ab
1323 3023 1548 3079 ecclesia
1575 3025 1765 3094 quavis

192 3109 398 3178 ejicere,
429 3124 487 3168 ut
530 3114 754 3169 inducat
790 3114 1057 3181 Arianos,
1098 3115 1188 3186 qtti
1221 3114 1275 3170 in
1313 3114 1504 3169 Filium
1531 3115 1624 3170 Dei
1650 3115 1763 3170 bla-

190 3202 387 3269 spltcma
423 3208 749 3276 proferrent,
791 3222 965 3276 neque
994 3217 1142 3261 metu
1169 3206 1387 3261 barbari
1416 3204 1615 3261 debere
1644 3222 1761 3260 mo-

187 3294 282 3348 veri
303 3313 314 3349 :
336 3298 424 3352 sed
451 3300 646 3354 ambos
663 3299 928 3354 advocare
949 3309 1122 3369 rogat,
1143 3313 1202 3354 se
1225 3312 1418 3368 nempe
1439 3306 1494 3351 et
1513 3296 1760 3363 Gainam,

186 3400 485 3460 sperareque
527 3406 594 3447 se
650 3391 797 3446 illum
846 3405 914 3446 eo
956 3389 1315 3445 adducturum
1356 3403 1514 3456 esse,
1567 3399 1622 3442 ut
1654 3404 1760 3443 non

185 3476 302 3531 ultra
330 3483 473 3549 paria
504 3484 824 3554 postularet.
866 3483 959 3538 llis
989 3483 1186 3538 auditis
1211 3483 1514 3553 imperator
1543 3499 1765 3552 magno-

184 3579 294 3634 pere
316 3572 526 3640 gavisus
550 3583 679 3642 est,
718 3584 772 3629 et
799 3573 1057 3645 postridie
1083 3563 1375 3642 utrumque'
1391 3573 1551 3643 jussit
1577 3573 1759 3628 acciri.

179 3661 399 3717 Accessit
441 3664 649 3720 Gainas
689 3663 922 3739 (Sozam.
972 3665 1009 3720 Ι.
1050 3665 1104 3721 8.
1151 3681 1198 3720 c.
1239 3665 1334 3738 4);
1383 3665 1556 3719 adfuit
1598 3665 1759 3720 etiam

178 3751 575 3825 (Ihrysostomus
603 3773 724 3813 cum
755 3759 1026 3830 episcopis
1053 3761 1144 3830 qui
1174 3768 1282 3814 tum
1300 3758 1761 3830 Constantinopoli

175 3856 315 3897 erant
350 3845 688 3918 (Tlteodoret.
727 3850 764 3903 ι.
802 3849 858 3905 5.
898 3865 946 3903 c.
985 3849 1099 3919 52).

237 3935 418 3993 Cainus
468 3958 500 3993 a
555 3941 919 4012 Cltrysostamo
974 3957 1257 4011 repressus.
1290 3970 1360 3984 --
1387 3941 1524 3996 Tum
1564 3940 1761 3996 Gainas

171 4029 414 4092 promissa
455 4033 560 4088 sibi
609 4032 722 4087 dari
767 4032 1058 4104 ﬂagitabat.
1103 4033 1450 4090 Reclamabat
1493 4032 1757 4098 Joannes,

171 4137 264 4177 non
301 4126 460 4183 licere
502 4130 818 4199 Imperatori
853 4132 940 4200 qui
970 4131 1110 4200 piam
1141 4130 1454 4199 religionem
1479 4128 1759 4198 profitere-

166 4224 279 4281 tur,
321 4220 586 4277 adversus
623 4237 712 4276 res
762 4222 971 4276 divinas
1008 4221 1295 4291 quidquam
1331 4228 1614 4273 attentare.
1658 4218 1760 4274 lie-

167 4312 305 4376 ponit
330 4314 606 4384 Cotthus,
650 4333 862 4387 aequum
910 4332 1029 4373 esse
1077 4325 1136 4371 ut
1178 4317 1293 4388 ipse
1335 4330 1547 4385 quoque
1587 4313 1758 4368 tndem

161 4413 378 4473 Sacram,
407 4409 461 4463 in
485 4425 594 4481 qua
618 4419 950 4480 precaretur,
985 4410 1225 4464 haberet.
1251 4409 1386 4463 Tum
1415 4423 1640 4479 magnus
1669 4406 1758 4462 ille

163 4491 415 4554 Joannes:
439 4501 636 4555 Omnes
659 4501 746 4554 tibi
769 4511 961 4572 aperta:
985 4510 1100 4555 sunt
1129 4503 1262 4556 cedes
1286 4515 1466 4564 sacrm,
1494 4514 1585 4553 nec
1617 4497 1754 4551 ullus

158 4585 345 4643 aditum
386 4592 696 4660 prohibebit,
737 4593 781 4648 si
824 4593 1020 4664 precari
1057 4594 1296 4648 volueris.
1334 4594 1398 4647 At
1429 4609 1551 4664 ego,
1590 4591 1758 4661 inquit

157 4678 365 4750 Cainas,
415 4685 635 4739 alterius
673 4703 786 4740 sum
823 4696 1004 4751 seetse,
1045 4695 1092 4740 et
1132 4701 1249 4739 cum
1283 4685 1598 4739 consortibus
1636 4685 1758 4738 nteis

154 4786 299 4828 uuam
328 4777 605 4832 ecclesiam
632 4789 745 4846 peto
761 4795 778 4842 ,'
808 4779 960 4850 idque
980 4780 1100 4849 jure
1117 4779 1243 4833 mihi
1263 4788 1428 4851 petere
1443 4778 1644 4843 videor,
1673 4777 1759 4846 qui

153 4866 304 4919 multa
347 4885 445 4938 pro
497 4870 746 4924 Romanis
791 4869 1040 4925 bellorum
1095 4871 1396 4926 discrimina
1445 4870 1754 4940 pertulerint.

151 4956 224 5012 Ad
254 4958 372 5016 haec
393 4960 642 5017 Joannes
668 4981 681 5017 :
703 4963 808 5018 Sed
838 4963 1009 5028 habes,
1039 4964 1230 5034 inquit,
1262 4964 1473 5030 prwmia
1502 4962 1757 5018 laboribus

148 5050 241 5101 tuis
268 5051 424 5123 longe
448 5055 656 5123 majora
675 5069 693 5106 :
711 5070 831 5107 nam
865 5063 913 5107 et
943 5053 1190 5126 Magister
1221 5054 1442 5107 militum
1468 5062 1685 5119 creatus,
1711 5061 1758 5106 et

121 5143 405 5232 qronsulari
434 5155 575 5199 veste
599 5155 809 5199 ornatus
837 5162 910 5200 es.
943 5145 1242 5201 Consideres
1262 5153 1456 5216 oportet
1485 5145 1608 5214 quid
1636 5147 1758 5199 olim

110 5227 130 5242 ⁵⁷
148 5237 299 5302 {ueris
325 5247 374 5291 et
402 5238 540 5308 quid
568 5255 702 5292 nunc
726 5241 834 5302 sis;
872 5249 1064 5310 quanta
1093 5239 1244 5308 fuerit
1270 5239 1409 5308 yrior
1429 5249 1621 5310 egestas
1648 5249 1755 5301 tua,

145 5342 332 5397 quanta
361 5348 509 5385 nunc
540 5349 707 5386 rerum
745 5334 925 5400 copia;
967 5331 1146 5402 quibus
1194 5332 1499 5386 vestimentis
1533 5349 1656 5386 usus
1688 5332 1758 5384 sis

142 5422 450 5493 priusquam
501 5421 699 5477 lstmm
753 5425 1049 5490 trajiceres,
1101 5423 1281 5494 quibus
1344 5439 1480 5477 nunc
1526 5423 1758 5477 induaris

144 5510 383 5579 (Sozam.
430 5513 471 5568 ι.
518 5513 573 5567 8.
618 5529 669 5567 c.
712 5515 792 5584 4).
837 5513 892 5567 In
923 5514 1236 5568 memoriam
1269 5513 1754 5580 revocavitetiam,

142 5609 428 5672 quomodo
460 5622 590 5662 cum
621 5622 648 5662 a
679 5609 852 5678 patria
877 5606 1171 5679 aufugisset
1193 5623 1224 5662 a
1254 5607 1559 5664 Theodosro
1584 5607 1758 5677 Impe-

140 5710 322 5755 rutorc
352 5711 413 5755 et
460 5701 676 5755 Arcadii
718 5709 868 5770 patre
892 5708 1143 5754 servatus
1166 5700 1382 5767 fuisset,
1420 5701 1760 5770 jurassetque

140 5804 194 5843 se
222 5792 500 5847 ltornanis
532 5793 781 5861 amicum,
804 5791 1012 5861 ipsique
1031 5806 1093 5845 ac
1112 5789 1293 5846 liberis
1315 5791 1428 5862 ejus
1449 5807 1510 5845 ac
1529 5789 1752 5861 legibus.

3377 349 3474 408 HS

1889 459 2024 519 quas
2048 466 2190 508 nunc
2214 453 2469 525 abrogare
2499 457 2813 520 conabatur,
2845 459 3004 515 fidunt
3032 472 3289 532 perpetuo
3317 479 3470 518 man-

1884 557 2069 598 surum
2099 561 2238 601 esse.
2281 547 2534 619 Tuncque
2560 548 2730 620 legem
2757 567 2785 604 a
2815 552 3117 609 Theodosio
3147 555 3306 610 latam
3350 572 3472 628 pro-

1884 635 2038 704 tulit,
2075 652 2196 707 qtue
2231 647 2475 693 vetuerat
2517 656 2584 694 ne
2626 639 2858 697 harrettci
2901 645 3037 699 intra
3083 646 3229 701 urbis
3270 651 3469 704 mantia

1882 729 2133 784 collectas
2160 729 2516 786 celebrarent.
2548 731 2672 787 Post
2700 732 2814 788 hmc
2840 736 2904 789 ad
2936 739 3314 809 Imperatorem
3338 755 3466 793 con-

1880 835 2068 876 versus
2105 821 2274 876 suasit
2315 821 2413 892 ipsi
2455 831 2513 878 ut
2555 823 2760 895 legem,
2799 843 2917 896 qua:
2947 829 3202 884 adversus
3233 829 3468 887 haereses

1879 911 1981 964 lata
2005 914 2197 978 fuerat,
2218 925 2386 968 ratam
2413 924 2684 971 servaret:
2703 919 2869 971 satius
2891 934 3011 974 esse
3031 920 3215 976 dicens
3243 924 3468 992 imperio

1876 1003 2100 1069 cedere,
2130 1022 2286 1075 quam
2322 1008 2525 1076 prodita
2560 1009 2652 1064 Dei
2699 1011 2858 1065 dotno
2891 1013 3152 1081 piaculum
3185 1016 3468 1074 admittere

1879 1093 2204 1167 (Theadoret.
2233 1096 2337 1152 ιδ.
2365 1114 2410 1152 e.
2444 1099 2560 1170 52).
2579 1101 2890 1171 llujusmodi
2919 1106 3256 1161 sermonibus
3279 1107 3470 1164 doctor

1877 1187 1966 1242 ille
1993 1189 2138 1244 orbis
2163 1199 2425 1245 terrarum
2475 1191 2570 1263 (sic
2595 1191 2987 1266 Tlteadoretus),
3009 1197 3188 1252 Gaium
3219 1214 3280 1253 os
3306 1201 3467 1254 obtu-

1877 1279 2031 1344 ravit,
2065 1290 2120 1335 et
2149 1293 2326 1337 tacere
2352 1298 2474 1338 eum
2498 1285 2760 1356 compulit
2791 1284 3024 1358 (Sozam.
3050 1288 3087 1342 ι.
3120 1289 3169 1353 8,
3204 1307 3248 1344 c.
3280 1293 3356 1362 4).

1950 1370 2130 1426 Gaime
2156 1383 2296 1442 gesta
2319 1383 2366 1427 et
2385 1391 2718 1431 recessus.—-
2753 1375 2860 1447 Spe
2914 1377 3095 1448 lapsus
3141 1380 3372 1448 Gainas,
3415 1392 3468 1438 et

1877 1462 2029 1533 quasi
2078 1465 2132 1519 in
2161 1464 2396 1522 furorem
2425 1476 2610 1537 actus,
2633 1469 2791 1524 fidem
2819 1470 3021 1527 violare
3049 1482 3104 1527 et
3143 1475 3327 1528 urbem
3375 1475 3468 1528 de-

1877 1554 2102 1625 praedari
2124 1555 2235 1626 jam
2259 1557 2636 1614 meditabatur.
2667 1560 2795 1631 Ejus
2821 1571 3000 1617 autem
3028 1563 3244 1618 insidias
3262 1605 3278 1630 ,
3298 1564 3468 1634 inquit

1875 1644 2238 1713 Sozomenus,
2271 1650 2652 1718 praenuntiavit
2684 1661 2957 1718 cometes,
2995 1653 3086 1722 qui
3139 1663 3264 1709 tunc
3305 1671 3466 1724 supra

1874 1737 2147 1793 civitatem
2173 1740 2436 1794 maximus
2463 1742 2741 1811 apparuit,
2796 1758 2964 1814 usque
3009 1744 3077 1799 ad
3120 1753 3316 1800 terram
3355 1747 3468 1802 fere

1875 1831 2212 1901 pertingens,
2234 1843 2290 1887 et
2314 1833 2485 1903 qualis
2507 1849 2795 1905 numquam
2819 1845 2974 1890 antea
3002 1837 3144 1891 visus
3163 1838 3325 1893 fuisse
3349 1855 3465 1894 me-

1875 1934 2133 1978 moratur.
2157 1925 2236 1980 Ac
2266 1925 2439 1995 primo
2493 1925 2710 1996 quidem
2757 1928 3178 1998 argentariorum
3224 1931 3464 1986 officinas

1875 2013 2128 2071 invadere
2169 2016 2443 2081 tentabat,
2478 2018 2761 2072 maximam
2803 2035 2862 2073 se
2906 2021 3148 2091 pecunite
3200 2037 3462 2077 summam

1875 2106 1998 2162 inde
2026 2107 2374 2163 collecturmn
2405 2124 2650 2178 sperans.
2677 2109 2810 2164 Cum
2838 2122 3012 2165 autem
3035 2127 3250 2168 rumore
3278 2115 3466 2168 nuntio

1875 2200 1926 2255 in
1960 2201 2203 2255 notitiam
2235 2201 2470 2258 venisset
2494 2203 2641 2256 illum
2695 2204 2818 2258 talia
2870 2205 3152 2273 meditari,
3180 2209 3461 2276 argentarii

1874 2291 1926 2345 in
1950 2291 2169 2347 latebris
2197 2294 2376 2347 omnia
2409 2309 2669 2361 posuere:
2695 2295 2765 2348 ita
2787 2296 2962 2349 onmis
2987 2295 3119 2351 lucri
3177 2297 3300 2352 inde
3345 2313 3465 2367 per-

1872 2383 2103 2451 cipiendi
2121 2399 2249 2456 spes
2277 2384 2375 2455 ipsi
2398 2385 2648 2440 avolavit.
2683 2387 2818 2441 Tum
2858 2403 2954 2444 ceu
3001 2389 3147 2444 rabie
3187 2400 3464 2460 correptus

1873 2471 2070 2529 Gainas
2091 2516 2105 2539 ,
2128 2476 2240 2530 suis
2259 2475 2530 2531 mandavit
2555 2487 2612 2532 ut
2629 2477 2905 2547 imperiale
2926 2478 3175 2549 palatium
3208 2481 3462 2536 incende-

1872 2574 2011 2621 rent.
2036 2567 2132 2623 llic
2155 2584 2281 2623 vero
2309 2585 2422 2624 rem
2453 2568 2693 2640 prodigio
2717 2571 2946 2625 similem
2990 2583 3173 2628 narrat
3205 2572 3461 2628 Sozomc-

1871 2672 2008 2724 nus;
2039 2674 2230 2728 nempe
2250 2659 2518 2731 ingentem
2545 2658 2772 2715 militum
2815 2676 3097 2715 numerum
3136 2672 3259 2716 ante
3312 2664 3461 2732 pala-

1873 2749 2002 2804 tium
2030 2750 2283 2806 divinitus
2306 2754 2670 2821 comparuisse
2689 2794 2704 2820 ,
2735 2753 3095 2824 barbarosque
3133 2763 3186 2808 et
3238 2753 3460 2810 Gainant

1872 2842 2044 2911 ipsum
2069 2859 2135 2898 ne
2159 2854 2335 2912 erepta
2365 2845 2685 2914 perficerent
2706 2845 3032 2900 deterruisse
3050 2885 3067 2911 ,
3091 2845 3296 2916 aliaque
3339 2861 3461 2900 nar-

1869 2944 1952 2989 rat
1973 2950 2092 3004 qua:
2128 2935 2357 2990 fabulam
2401 2951 2591 3006 sapere
2635 2936 2907 2991 videntur.
2933 2935 3096 2991 Addit
3133 2935 3461 2991 Sozomcuus

1867 3040 1932 3080 ex
1965 3025 2206 3080 barbaris
2249 3026 2353 3080 illis
2382 3027 2518 3080 alios
2543 3028 2594 3080 in
2635 3026 2772 3082 urbe
2819 3027 3113 3093 mansisse,
3167 3026 3298 3082 alios
3339 3042 3458 3081 cum

1867 3120 2035 3176 Gaina
2062 3136 2306 3191 egressos
2323 3136 2441 3173 esse
2460 3162 2476 3186 ,
2506 3129 2560 3175 et
2580 3121 2878 3174 clanculum
2910 3136 3057 3176 arma
3099 3121 3151 3179 in
3200 3122 3458 3177 vehiculis

1867 3212 2186 3268 feminarum
2212 3253 2227 3278 ,
2251 3221 2306 3267 et
2336 3212 2387 3265 in
2415 3211 2572 3267 doliis
2599 3211 2703 3266 tela
2748 3211 3133 3280 exportavisse.
3180 3212 3284 3267 Sed
3335 3229 3456 3269 cmn

1866 3303 2186 3372 deprehensi
2214 3312 2426 3366 essent,
2461 3311 2734 3371 portarum
2784 3301 3074 3369 custodes,
3121 3303 3290 3373 inquit
3332 3305 3453 3368 ille,

1865 3396 1954 3466 qui
1983 3411 2050 3449 ne
2078 3409 2226 3449 arma
2253 3401 2598 3463 exportarcnt
2648 3393 2998 3464 prohibebant
3017 3436 3032 3460 ,
3059 3393 3454 3448 interfecerunt.

1868 3484 2058 3555 lugens
2083 3494 2206 3539 tunc
2234 3485 2489 3538 tumultus
2513 3499 2576 3538 ae
2597 3493 2773 3540 terror
2818 3499 3004 3538 omnes
3052 3485 3273 3549 invasit,
3303 3484 3456 3554 quasi

1860 3577 2082 3648 jamjam
2102 3577 2230 3630 urbs
2257 3575 2512 3646 capienda
2542 3586 2595 3630 et
2614 3575 2897 3646 expilanda
2927 3584 3091 3632 esset.
3126 3577 3192 3628 At
3223 3575 3456 3644 Impera-

1865 3677 1952 3724 tor
1971 3667 2263 3734 Arcadius,
2289 3668 2489 3738 optimo
2513 3677 2643 3722 tunc
2668 3682 2794 3721 usus
2838 3667 3061 3722 consilio
3080 3709 3094 3731 ,
3113 3666 3330 3722 Gainam
3364 3667 3456 3719 ho-

1863 3771 2002 3816 stem
2027 3760 2351 3828 declaravit,
2376 3760 2664 3826 barbaros,
2694 3761 2781 3830 qui
2813 3759 2864 3812 in
2889 3759 3018 3813 urbe
3067 3768 3219 3812 erant
3239 3800 3254 3825 ,
3285 3759 3453 3811 occidi

1861 3853 2020 3922 jussit
2059 3871 2075 3909 :
2120 3852 2424 3921 militesque
2475 3853 2675 3921 impetu
2721 3851 2773 3905 in
2826 3851 2945 3905 illos
2984 3851 3121 3904 facto
3163 3851 3452 3904 maximam

1867 3947 2078 4002 illorum
2125 3958 2328 4016 partem
2378 3947 2738 4010 trucidavere;
2783 3943 3064 3999 ecclesiam
3115 3958 3277 4010 vero,
3333 3959 3454 4013 quae

1863 4039 2145 4095 dicebatur
2193 4039 2513 4095 Gotthormn
2538 4078 2554 4102 ,
2585 4037 2829 4092 incendio
2859 4047 3340 4107 consumpserunt,
3398 4035 3451 4089 in

1863 4147 1968 4202 qua
1999 4132 2182 4187 Gotthi
2205 4131 2354 4186 multi
2383 4130 2613 4184 llannnis
2642 4129 2820 4183 traditi
2850 4130 3073 4199 periere.
3106 4129 3294 4183 Postea
3325 4145 3453 4182 vero

1864 4224 2196 4279 Sozomenns
2221 4221 2403 4277 Gaime
2433 4229 2578 4289 gesta
2619 4229 2901 4285 recenset,
2951 4229 3005 4273 et
3051 4220 3228 4272 omnia
3273 4220 3453 4288 paucis

1864 4317 2205 4387 persequitur
2228 4313 2293 4366 ad
2321 4327 2492 4382 usque
2513 4311 2628 4380 ejus
2658 4311 2862 4365 cladem
2915 4321 2968 4364 et
3016 4326 3224 4364 necem.
3282 4308 3336 4364 in
3388 4310 3452 4363 iis

1861 4423 1991 4462 vero
2023 4422 2142 4476 quae
2168 4414 2384 4473 narrat,
2413 4405 2654 4476 quaedam
2704 4418 2830 4457 vera
2883 4418 3003 4459 esse
3041 4401 3308 4466 videntur,
3356 4401 3451 4455 sed

1863 4497 2011 4553 falsis
2041 4497 2360 4552 intermixta.

1934 4591 2051 4644 Alia
2079 4599 2261 4644 narrat
2285 4588 2657 4644 Tlteodoretus
2685 4586 3013 4657 (Tlteodaret.
3046 4587 3082 4641 l.
3117 4587 3171 4644 5.
3214 4603 3262 4642 c.
3308 4586 3377 4642 32
3406 4597 3452 4639 et

1861 4681 1976 4754 35).
2009 4681 2142 4736 Cum
2172 4679 2370 4738 Gainas
2413 4681 2514 4737 sibi
2537 4689 2593 4736 ct
2641 4680 2753 4735 suis
2803 4679 3085 4734 ecclesiam
3136 4680 3451 4750 postulans,

1861 4776 1980 4848 ejus
2005 4776 2277 4848 potiundae
2306 4790 2402 4844 spe
2425 4775 2606 4845 lapsus
2634 4781 2811 4838 esset,
2841 4772 3128 4842 aliquando
3161 4781 3278 4841 post
3321 4781 3452 4824 tem-

1864 4884 1996 4938 pore
2027 4870 2078 4921 in
2109 4876 2350 4937 apertam
2376 4866 2712 4938 tyrannidem
2741 4863 2944 4932 erupit,
2977 4865 3308 4933 collectoque
3357 4875 3452 4930 per

1861 4961 2143 5017 Thraciam
2171 4959 2409 5014 exercitu
2427 4998 2444 5026 ,
2471 4968 2682 5011 vastare
2711 4956 2889 5012 omnia
2913 4965 2967 5011 et
2995 4954 3218 5026 prmdari
3267 4953 3448 5022 comit.

1863 5055 1977 5123 Qua
2003 5069 2060 5110 re
2089 5053 2348 5115 nuntiata,
2371 5058 2518 5106 metu
2541 5065 2728 5106 omnes
2750 5050 2977 5120 perculsi
3007 5057 3160 5103 sunt:
3185 5057 3289 5100 tam
3310 5046 3451 5114 opti-

1860 5155 2064 5212 mates,
2113 5159 2272 5215 quam
2315 5143 2567 5214 populum
2612 5151 2785 5196 terror
2825 5141 3037 5195 invasit.
3085 5138 3271 5209 Neque
3315 5138 3452 5192 ullus

1859 5237 2090 5308 eratqui
2117 5236 2304 5309 praelio
2329 5251 2451 5290 cum
2498 5234 2590 5290 illo
2633 5233 2884 5306 congredi
2923 5233 3117 5299 vellet,
3153 5246 3308 5287 nemo
3361 5228 3450 5297 qui

1863 5329 2186 5401 legationem
2213 5328 2278 5382 ad
2311 5328 2458 5383 illum
2481 5328 2632 5383 obire
2659 5339 2827 5381 tntum
2858 5326 3132 5390 crederet,
3160 5322 3300 5392 quod
3333 5321 3454 5374 bar-

1865 5423 2052 5478 barum
2075 5421 2192 5492 ejus
2212 5422 2446 5475 animum
2477 5437 2665 5477 omnes
2692 5419 3120 5476 reformidarent.
3153 5414 3288 5469 Cum
3326 5428 3454 5483 ergo

1862 5515 1916 5573 id
1971 5514 2168 5584 negotii
2212 5529 2371 5569 nemo
2423 5514 2695 5582 suscipere
2721 5510 2972 5575 auderet,
3019 5507 3086 5561 ad
3131 5505 3454 5576 intrepidum

1861 5606 2304 5678 Chrysostomum
2333 5606 2456 5669 itur,
2485 5605 2573 5676 qui
2595 5646 2610 5668 ,
2647 5603 2747 5659 etsi
2794 5603 2908 5672 ipse
2935 5599 3200 5670 prtccipua
3254 5598 3455 5656 irarum

1864 5713 2024 5753 causa
2056 5698 2255 5762 fuerat,
2295 5697 2348 5752 in
2371 5697 2653 5752 Thraciam
2703 5691 3095 5769 itcr‘snscepit,
3126 5689 3457 5759 Gainamqne

1868 5788 2019 5845 adiit.
2052 5789 2148 5846 llic
2172 5805 2298 5845 vero
2321 5790 2486 5858 magis
2515 5803 2576 5840 ac
2607 5785 2776 5857 magis
2813 5783 3036 5855 enituit,
3073 5787 3337 5854 quantum
3365 5796 3456 5834 va-
