3948 6402
500 294 610 363 179

499 425 603 478 icat
628 424 825 487 virtus,
852 431 1106 492 quantum
1138 422 1346 477 sincera
1374 420 1541 491 pietas
1563 464 1578 485 ,
1608 436 1734 492 erga
1758 422 1877 475 illos
1914 431 2074 476 etiam

496 530 630 585 quos
657 515 963 583 impugnare
979 512 1203 583 cogitur.
1227 512 1422 569 Gaiuas
1444 512 1701 568 barbarus
1720 522 1774 568 ct
1796 523 2074 585 tyrannus,

494 608 611 677 ejus
669 606 941 675 pristinam
973 620 1070 674 pro
1113 605 1324 675 pietatis
1370 605 1681 661 defensione
1725 604 2077 660 constantiam

498 697 750 750 memoria
779 707 1060 765 repetens,
1099 696 1280 751 libenti
1311 696 1492 750 animo
1531 697 1585 750 itt
1632 711 1912 750 occursum
1961 694 2078 765 ejus

495 788 671 851 venit,
724 787 947 856 ejusque
993 787 1266 841 dexteram
1315 787 1484 842 oculis
1535 787 1647 841 suis
1690 786 1972 859 imposuit,
2023 792 2083 840 et

498 876 636 931 ﬁlios
667 891 794 931 suos
821 878 985 931 Sacris
1012 878 1154 931 illius
1181 878 1405 948 genibus
1430 876 1663 931 admovit
1686 894 1699 931 :
1748 876 1881 931 adeo
1912 876 2077 931 virtus

496 967 580 1020 Vel
609 967 953 1023 infestissimo
981 968 1171 1035 cuique
1194 968 1547 1022 reverentiam
1573 982 1637 1022 ac
1682 977 1938 1021 terrorem
1992 967 2077 1018 in-

492 1059 659 1128 jicere
696 1062 881 1129 possit.
915 1059 1076 1113 Addit
1102 1059 1359 1127 Georgius
1416 1059 1806 1114 Alexandrinus
1852 1059 2073 1113 Gainam

494 1161 624 1206 tunc
648 1168 794 1206 arma
835 1152 1171 1220 deposuisse:
1204 1151 1344 1222 quod
1378 1150 1716 1206 falsissimum
1744 1160 1844 1205 est.
1878 1150 2073 1204 Verum

495 1241 759 1296 fabulator
780 1243 866 1297 ille
889 1242 1220 1296 niltilsanum
1239 1243 1397 1307 dicit,
1423 1242 1522 1296 nisi
1540 1258 1601 1296 ea
1615 1258 1733 1303 qua:
1749 1258 1811 1295 ex
1835 1243 2071 1305 Socrate,

495 1331 829 1396 Sozomeno,
861 1332 1200 1389 Theodoreti)
1223 1342 1278 1387 et
1334 1332 1566 1387 Pallantia
1615 1341 1903 1398 mutuatur,
1953 1347 2074 1400 qua:

491 1427 650 1480 etiam
674 1441 814 1493 saepe
841 1424 1130 1495 depravare
1152 1427 1319 1490 solet,
1344 1436 1398 1478 ιιι
1421 1426 1571 1478 initio
1592 1424 1845 1478 diximus.
1875 1423 2074 1477 Gainas

493 1515 634 1570 cnim
674 1515 724 1569 in
756 1526 931 1584 C(Bpto
961 1516 1187 1584 perstitit
1216 1532 1315 1571 nec
1349 1532 1497 1570 artua
1538 1514 1747 1585 posuit,
1774 1515 1945 1569 donec
1992 1513 2071 1566 vi-

491 1616 609 1660 ctus
639 1622 914 1674 cmsusque
942 1607 1055 1659 fuit.

560 1697 835 1748 Asiaticum
858 1697 1132 1766 negotium.
1171 1726 1243 1736 —
1278 1696 1395 1751 Jam
1445 1696 1511 1751 ad
1564 1695 1850 1750 Asiaticum
1906 1711 2071 1766 nego-

489 1785 620 1838 tium
652 1787 958 1852 veniamus,
982 1787 1121 1856 quod
1155 1787 1206 1840 in
1234 1787 1455 1842 Oriente
1485 1788 1739 1840 tumultus
1783 1787 2071 1841 dissensio-

491 1889 692 1946 nesque
731 1877 923 1930 multas
948 1879 1234 1941 excitavit,
1267 1878 1589 1946 demumque
1628 1877 2069 1947 Chrysostontum

499 1970 548 2021 in
573 1969 751 2022 Asiam
775 1970 875 2023 iter
896 1968 1068 2024 facere
1088 1970 1265 2039 ibique
1290 1985 1467 2024 moras
1485 1970 1693 2023 trahere
1715 1970 1906 2039 coegit:
1929 1969 2073 2039 quod

488 2059 585 2130 ipsi
609 2077 965 2116 arrumnarum
987 2072 1039 2116 et
1065 2063 1423 2116 calantitatnm
1475 2063 1680 2116 initium
1726 2062 1843 2117 fuit.
1898 2063 2074 2117 llisto-

489 2152 732 2222 riantque
784 2161 1025 2207 tcxctnus
1066 2169 1133 2208 ex
1181 2162 1402 2208 narratu
1454 2153 1677 2208 Palladii
1728 2154 2071 2223 Helenopoli-

488 2242 597 2296 tani
625 2244 859 2313 episcopi
886 2286 900 2307 ,
932 2245 1020 2313 qui
1052 2245 1364 2315 plerumque
1395 2245 1555 2301 rebus
1580 2247 1705 2315 ipsis
1735 2247 1996 2301 interfuit.

558 2334 849 2389 indictione
873 2335 1082 2391 decima
1110 2337 1264 2391 tertia
1300 2336 1515 2406 (mense
1540 2338 1755 2392 circiter
1777 2338 1913 2392 Maio
1944 2339 2068 2392 anni

484 2425 625 2495 £00)
690 2426 1184 2497 Constantinopolin
1257 2437 1518 2483 venerunt
1589 2429 1772 2483 Asiani
1834 2430 2068 2499 episcOpi

486 2515 508 2585 (
536 2514 804 2570 Palladius
830 2535 882 2587 p.
914 2517 1039 2572 126.
1069 2516 1225 2589 sqq.),
1249 2519 1490 2589 aliosque
1518 2521 1800 2589 episcopos
1827 2522 1915 2591 qui
1947 2531 2070 2575 tunc

488 2606 542 2660 in
573 2607 703 2662 urbe
722 2617 876 2663 erant
914 2618 1311 2676 convenerunt,
1337 2608 1627 2667 Palladium
1674 2626 1865 2684 nempe
1911 2614 2073 2669 Hele-

486 2697 885 2766 nopolitanttm,
939 2699 1276 2755 Theotimum
1342 2717 1408 2756 ex
1443 2701 1696 2773 Scythia,
1749 2706 2066 2759 Ammonem

484 2788 788 2861 A‘lgyptiutn
812 2807 876 2844 ex
906 2790 1162 2858 Thracia,
1181 2792 1506 2847 Arabianum
1528 2810 1592 2848 ex
1614 2795 1818 2850 Galatia
1843 2804 1897 2851 et
1912 2797 2066 2863 alios,

483 2879 574 2949 qui
603 2894 790 2933 omnes
822 2879 1003 2949 viginti
1027 2881 1130 2933 duo
1160 2891 1310 2935 erant
1329 2921 1345 2948 ,
1378 2883 1567 2950 quibus
1590 2894 1817 2952 prmerat
1835 2884 2069 2941 Joannes

487 2978 672 3023 noster
719 2969 1335 3039 Constantinopolitanus
1391 2974 1785 3044 episcopus.lis
1838 2992 1966 3030 vero
2013 2978 2065 3032 in

482 3059 696 3130 Synodo
722 3065 1056 3131 congregatis
1080 3063 1333 3117 Eusebius
1347 3063 1896 3135 Valentinopolitanus
1917 3068 2069 3123 libel-

484 3150 567 3206 los
595 3152 842 3214 tradidit,
893 3165 1074 3208 contra
1121 3156 1447 3210 Antoninum
1500 3157 1696 3227 Ephesi
1758 3161 2064 3230 episcopum

482 3253 685 3313 septem
715 3247 886 3314 capita
917 3248 1370 3316 contpleCIentes:
1405 3249 1577 3318 primo
1632 3250 1772 3321 quod
1824 3251 2068 3307 conﬂatis

480 3335 648 3389 sacris
676 3337 815 3390 vasis
840 3349 1117 3405 argentum
1141 3339 1262 3393 inde
1294 3340 1611 3408 provenicns
1667 3341 1718 3394 itt
1761 3358 1914 3396 usum
1971 3342 2064 3397 lilii

481 3425 561 3479 sui
593 3426 976 3481 convertisset:
1010 3428 1265 3488 secundo,
1292 3429 1430 3498 quod
1448 3429 1711 3484 sublatum
1733 3446 1802 3485 ex
1825 3432 2065 3501 ingressu

486 3514 784 3583 baptisterii
831 3531 1066 3570 marmor
1095 3518 1146 3570 in
1189 3518 1436 3572 balneum
1475 3534 1629 3574 suum
1678 3522 2062 3576 transtulisset:

484 3605 643 3658 tertio
666 3646 680 3670 ,
703 3604 845 3675 quod
880 3604 1133 3660 Ecclesia:
1170 3608 1475 3675 columnas,
1508 3624 1538 3663 a
1581 3610 1758 3665 multis
1812 3612 2067 3680 annisja-

485 3705 689 3760 centes,
715 3697 849 3750 intra
879 3696 1163 3751 triclinium
1187 3713 1339 3752 suum
1360 3700 1624 3769 posuisset
1648 3718 1661 3753 :
1693 3711 1903 3771 quarto,
1926 3703 2067 3773 quod

487 3800 619 3854 puer
644 3785 759 3855 ejus
787 3786 985 3841 caedem
1016 3797 1311 3857 patrasset,
1341 3806 1499 3861 quem
1524 3792 1697 3847 adhuc
1726 3793 1816 3848 ille
1854 3795 1906 3849 itt
1962 3796 2066 3849 mi-

420 3914 425 3923 .
486 3875 709 3929 nisterio
752 3877 1037 3935 retineret:
1093 3880 1312 3948 quinto,
1369 3880 1511 3950 quod
1560 3884 1757 3952 prtedia
1811 3862 2066 3942 Ecclesia:

485 3966 983 4022 relictaaBasilina
1030 3968 1224 4025 Juliani
1276 3970 1615 4044 imperatoris
1659 3985 1832 4032 matre
1883 3980 2069 4033 vendi-

484 4058 684 4127 disset,
740 4061 1075 4132 pretiumque
1128 4063 1229 4118 sibi
1275 4065 1597 4121 vindicasset
1640 4084 1654 4122 :
1699 4079 1872 4134 sexto,
1925 4070 2067 4139 quod

484 4151 701 4207 dimissa
727 4169 891 4210 uxore
919 4171 1011 4210 sua
1038 4195 1054 4222 ,
1085 4171 1202 4211 cum
1231 4173 1292 4211 ea
1322 4174 1509 4214 rursus
1535 4174 1859 4229 congressus
1883 4172 2024 4218 esset
2048 4206 2064 4228 ,

482 4245 722 4316 ﬁliosque
749 4254 1115 4318 procreasset:
1144 4253 1372 4320 septimo
1391 4294 1405 4318 ,
1428 4253 1567 4324 quod
1597 4256 1747 4324 quasi
1799 4256 1916 4326 lege
1967 4257 2066 4311 sibi

483 4341 829 4396 constitutum
858 4355 1000 4400 esset
1022 4355 1078 4399 ιιι
1099 4346 1466 4403 ordinationes
1513 4351 1921 4420 episcoporum,
1978 4368 2064 4406 se-

482 4431 714 4486 cundum
764 4435 1028 4489 redituum
1068 4438 1365 4503 rationem,
1398 4441 1671 4495 venderet.
1721 4443 1925 4498 Adesse
1972 4460 2066 4498 au-

483 4531 587 4574 tem
613 4537 726 4581 eos.
747 4524 834 4591 qui
866 4527 1034 4593 pretio
1063 4527 1287 4581 ordinati
1313 4529 1482 4591 luere,
1518 4546 1685 4599 seque
1706 4549 1819 4586 rem
1853 4533 2066 4588 aliunde

481 4614 712 4683 probare
735 4631 908 4684 posse.
937 4612 1030 4673 llis
1061 4620 1254 4673 auditis
1283 4620 1696 4693 Chrysostomus
1720 4664 1736 4688 ,
1768 4627 2068 4694 suspicatus

483 4703 597 4760 hzcc
623 4705 847 4760 crimina
874 4724 939 4763 ex
971 4710 1094 4764 odio
1122 4711 1202 4765 vel
1233 4711 1505 4766 inimicitia
1536 4712 1750 4768 Eusebii
1780 4717 2062 4782 proﬁcisci,

483 4791 629 4850 illum
661 4809 1006 4865 compescere
1026 4812 1249 4856 conatus
1284 4811 1397 4864 est,
1432 4803 1756 4875 Paulumque
1798 4804 2066 4861 Heraclea:

485 4885 791 4957 rpiscopum
814 4930 829 4950 ,
856 4890 944 4959 qui
976 4892 1244 4946 Antonino
1289 4891 1467 4948 favere
1495 4896 1794 4960 videbatur,
1824 4897 2066 4953 hortatus

487 4987 598 5042 est,
631 4990 687 5034 ut
714 4996 897 5049 pacem
926 4983 1061 5038 inter
1092 4993 1374 5056 utrumque
1426 4987 1640 5042 faceret.
1699 4989 1888 5045 Postea
1941 5007 2066 5045 vero

492 5065 892 5143 llltrysostotuus
916 5075 981 5129 ad
1004 5077 1322 5131 sacriﬁcium
1354 5078 1684 5134 oﬂ'ercndum
1727 5095 1850 5137 sese
1898 5097 2064 5153 appa-

496 5162 652 5221 tabat.

551 5254 699 5311 Tunc
723 5255 985 5312 Eusvbius
1017 5258 1091 5312 ira
1122 5274 1416 5315 succensus
1436 5304 1452 5328 ,
1475 5262 1737 5318 Joannem
1767 5263 2062 5334 adjuravit,

490 5339 760 5401 horrendis
785 5349 1038 5404 adhibitis
1059 5353 1408 5406 sacramentis
1432 5393 1447 5418 ,
1476 5362 1532 5406 ut
1558 5355 1712 5408 dictis
1738 5357 1848 5410 suis
1884 5366 2063 5411 atten-

487 5433 663 5491 deret:
689 5448 915 5509 tuncque
940 5456 1121 5495 coram
1148 5441 1293 5495 omni
1321 5443 1519 5513 populo
1561 5442 1798 5498 libellum
1851 5447 2060 5501 obtulit.

491 5525 891 5598 Chrysostomus
918 5542 1060 5587 tanta
1093 5532 1309 5589 Eusebii
1343 5536 1592 5590 instantia
1615 5539 2064 5611 vehementiaque

488 5628 545 5670 se
576 5628 871 5684 permotum
901 5624 1138 5679 sentiens
1157 5667 1170 5688 ,
1205 5623 1375 5679 noluit
1406 5627 1459 5678 iu
1489 5627 1578 5680 tali
1605 5629 1769 5683 animi
1795 5639 1933 5683 statu
1980 5647 2066 5685 sa-

486 5705 743 5762 criﬁcium
763 5712 985 5776 onerre;
1017 5714 1109 5768 sed
1138 5714 1496 5788 Pansophium
1520 5716 1731 5775 Pisidiae
1753 5719 2060 5792 episeopom

1549 306 1606 360 8.
1645 306 1922 362 JUANNIS
1964 306 2439 364 (IIIRYSOSTOMI
2481 308 2663 371 VITA,
3397 378 3403 385 ,
3625 319 3710 380 180

2184 424 2422 493 rogavit,
2450 422 2497 476 id
2523 424 2756 476 muneris
2784 424 3110 492 persolveret
3130 467 3143 489 ,
3173 427 3501 501 libellumque
3525 438 3713 505 recepit.

2182 524 2236 566 et
2261 530 2379 565 cunt
2402 516 2610 567 cn'teris
2634 516 2896 585 episcOpis
2924 533 3171 587 egressus
3200 530 3300 574 est.
3322 521 3586 593 Postquam
3610 544 3718 583 vero

2180 605 2382 660 dimissi
2420 607 2596 676 populi
2625 605 2807 674 fuere,
2836 625 2956 663 cum
2986 611 3194 666 caeteris
3219 613 3474 683 episcopis
3498 617 3546 672 in
3569 618 3718 689 bapti-

2181 697 2342 750 sterio
2372 697 2643 751 consedit:
2674 699 3004 769 Eusebioque
3033 701 3185 765 dixit,
3204 718 3379 757 secum
3408 709 3721 776 perpenderct

2180 802 2248 840 an
2284 787 2423 841 dicta
2478 788 2707 858 probare
2752 801 2968 858 posset,
3020 791 3177 861 idque
3225 802 3499 865 antequam
3543 797 3722 857 libellus

2180 879 2481 949 legeretur;
2525 890 2801 951 postquam
2850 883 2991 936 enim
3040 882 3209 940 lectus
3254 885 3419 951 foret,
3464 904 3560 943 non
3601 892 3721 949 ultra

2182 985 2338 1038 posse
2362 970 2508 1024 illum
2533 972 2673 1026 dicta
2701 987 2970 1029 revocare.
3000 973 3130 1028 Cum
3153 984 3330 1030 autem
3355 978 3440 1032 ille
3463 978 3513 1033 in
3550 996 3719 1051 prope.

2180 1063 2284 1113 sito
2314 1072 2714 1130 perseveraret,
2745 1062 2915 1118 lectus
2941 1072 3022 1117 est
3054 1064 3262 1119 libellus
3286 1081 3441 1136 supra
3492 1085 3722 1126 memora-

2181 1162 2345 1203 rattts.
2373 1150 2523 1205 Tunc
2550 1153 2788 1207 seniores
2811 1154 3044 1223 episcopi
3074 1154 3263 1209 Joanni
3309 1157 3575 1225 dixerunt,
3615 1175 3643 1215 e
3673 1177 3723 1217 re

2180 1240 2293 1295 fore
2320 1242 2560 1296 ultimum
2608 1253 2765 1313 caput
2813 1243 2880 1297 de
2911 1245 3139 1300 venditis
3177 1246 3585 1303 ordinationibus
3627 1251 3721 1304 dis.

2178 1331 2391 1400 quirere
2411 1329 2602 1402 :‘quia,
2627 1335 2670 1387 si
2705 1334 2830 1388 illttd
2862 1336 3195 1404 probaretur,
3223 1347 3413 1391 caitera
3435 1379 3449 1404 ,
3482 1356 3589 1406 qua:
3634 1341 3720 1396 mi-

2180 1441 2308 1478 nora
2338 1434 2512 1492 erant,
2533 1426 2869 1481 credibiliora
2885 1437 2940 1481 et
2969 1428 3186 1495 probatu
3212 1427 3441 1484 faciliora
3465 1428 3586 1485 fore.
3606 1431 3719 1486 Tum

2176 1516 2411 1572 Joannes
2432 1518 2699 1571 Antonino
2724 1529 2847 1573 tunc
2873 1518 3122 1589 praesenti
3141 1560 3158 1585 ,
3190 1520 3325 1587 Quid
3347 1520 3415 1575 ad
3451 1520 3558 1575 haec
3574 1521 3721 1575 dicis?

2177 1607 2391 1677 Negavit
2411 1617 2586 1661 autem
2615 1609 2705 1663 illc
2734 1610 2931 1663 omnia.
2951 1609 3261 1679 Interrogati
3278 1619 3403 1664 sunt
3417 1612 3567 1665 etiam
3583 1612 3721 1679 ii,qui

2177 1713 2274 1767 pro
2302 1701 2606 1769 episcoliatn
2637 1701 2917 1769 pecuniam
2964 1698 3179 1754 dedisse
3221 1700 3719 1769 accusabanturzqui

2176 1790 2421 1846 similiter
2446 1801 2723 1862 negarunt.
2746 1791 2857 1847 Sub
2884 1790 3000 1847 haec
3032 1801 3247 1847 ventum
3271 1800 3357 1847 est
3374 1790 3440 1847 ad
3459 1800 3624 1856 testes;
3643 1792 3721 1845 sed

2178 1884 2306 1938 nulli
2333 1884 2587 1939 aderant:
2615 1884 2848 1940 Joannes
2870 1900 3018 1949 vero,
3045 1897 3097 1937 ut
3129 1901 3214 1939 res
3236 1886 3536 1939 accuratius
3560 1885 3722 1939 exami-

2177 1983 2414 2040 naretur,
2437 1975 2503 2029 ad
2528 1977 2817 2030 Asiaticum
2848 1975 2947 2031 iter
2970 1976 3366 2045 suscipiendum
3395 1989 3511 2030 sese
3532 1976 3715 2029 obtulit.

2247 2065 2490 2119 Antonini
2520 2066 2724 2137 Ephesii
2751 2076 2891 2138 gesta
2928 2076 2973 2122 et
3000 2068 3185 2121 obitus.
3226 2098 3300 2109 —
3341 2067 3623 2122 Antoninus
3640 2082 3721 2120 au-

2180 2165 2283 2210 tem
2305 2199 2320 2221 ,
2343 2159 2580 2228 pecunia:
2607 2175 2764 2229 quam
2789 2158 2949 2214 ofﬁcii
2980 2160 3136 2230 longe
3177 2161 3443 2231 cupidior,
3480 2162 3564 2232 qui
3588 2161 3723 2217 Joan-

2177 2249 2259 2304 nis
2288 2260 2339 2305 et
2370 2251 2746 2320 perspicaciam
2768 2262 2818 2307 et
2846 2252 3198 2322 integritatem
3244 2253 3541 2318 metuebat,
3565 2268 3723 2322 quem-

2176 2343 2296 2395 dam
2325 2359 2356 2399 e
2388 2343 2728 2413 proceribus,
2758 2343 2913 2413 cujus
2934 2344 3132 2412 praedia
3153 2385 3167 2408 ,
3200 2348 3322 2413 qua:
3349 2345 3400 2398 in
3424 2344 3539 2398 Asia
3567 2351 3721 2404 erant,

2175 2434 2428 2500 curabat,
2468 2435 2625 2499 adiit,
2652 2435 2721 2489 ab
2745 2449 2915 2503 eoque
2937 2434 3276 2502 impetravit,
3306 2445 3364 2489 ut
3387 2434 3718 2507 impediret“

2175 2524 2407 2581 Joannes
2424 2526 2475 2579 in
2495 2526 2671 2579 Asiam
2690 2525 3028 2580 concederet.
3056 2525 3146 2580 Ille
3167 2540 3299 2580 vero
3324 2525 3374 2581 id
3391 2524 3579 2590 effecit,
3600 2533 3648 2578 ut
3669 2537 3724 2577 ex

2176 2619 2372 2688 palatio
2395 2617 2586 2673 Joanui
2618 2617 3043 2682 denuntiaretur,
3086 2616 3381 2671 absurdum
3427 2614 3536 2669 fore
3574 2614 3721 2673 illum.

2174 2725 2295 2763 cum
2325 2719 2502 2763 tantus
2526 2708 2987 2777 Constantinopoli
3011 2707 3271 2762 tumultus
3300 2715 3478 2771 esset,
3505 2714 3555 2760 et
3575 2704 3723 2759 adhuc

2174 2798 2358 2855 Gaium
2407 2798 2636 2854 formido
2683 2798 3024 2869 persisteret,
3076 2798 3128 2851 in
3179 2797 3366 2852 Asiam
3403 2794 3642 2869 proﬁcisci
3667 2790 3724 2846 ad

2176 2900 2337 2947 testes
2361 2890 2679 2962 quaerendos
2697 2932 2711 2957 ,
2740 2892 2828 2961 qui
2874 2890 3026 2945 facile
3053 2898 3269 2959 possent
3310 2886 3723 2951 Constantitmpo~

2174 2981 2247 3036 litt
2268 2981 2494 3037 adduci:
2522 2989 2846 3051 quapropter
2871 2995 2899 3033 a
2924 2980 3197 3051 proposito
3241 2978 3452 3033 destitit
3501 2976 3722 3033 Joannes.

2173 3075 2475 3131 Antoninus
2497 3074 2712 3129 interim
2743 3074 2794 3130 id
2816 3074 3054 3129 lucratus
3075 3084 3179 3140 est,
3201 3088 3266 3127 ne
3296 3078 3464 3126 testes
3491 3067 3721 3124 venirent.

2172 3183 2307 3239 quos
2328 3170 2602 3243 etiampaut
2646 3164 2868 3234 pecunia
2892 3171 2984 3218 aut
3034 3162 3269 3233 potentia
3329 3177 3424 3216 sua
3469 3174 3526 3215 se
3568 3156 3725 3226 fugare

2174 3273 2330 3327 posse
2346 3254 2611 3326 sperabat.
2631 3255 2756 3308 llaec
2773 3252 3005 3309 Joannes
3026 3252 3383 3322 prospiciens.
3403 3265 3520 3305 cum
3540 3243 3726 3319 Synotlo

2172 3347 2433 3401 deliberat
2457 3344 2713 3415 quosdam
2741 3360 2807 3399 ex
2825 3343 3174 3413 prmsentibus
3197 3340 3468 3412 episcopis
3493 3341 3544 3394 in
3572 3337 3725 3391 Asiam

2173 3439 2384 3493 mittere
2420 3437 2487 3492 ad
2537 3432 2940 3505 interrogandus
2968 3442 3151 3490 testes.
3176 3433 3255 3488 Ad
3312 3448 3430 3488 eam
3480 3445 3585 3485 rem
3637 3438 3726 3479 tres

2172 3529 2326 3583 electi
2362 3538 2485 3583 sunt
2536 3527 2805 3596 episcopi,
2829 3524 3128 3596 Syncletius
3169 3522 3557 3592 Trajanopotis,
3582 3517 3725 3584 llcsy-

2171 3620 2325 3675 chius
2355 3618 2495 3674 Parii
2526 3628 2577 3673 et
2601 3617 2868 3671 Palladius
2894 3614 3280 3684 l‘lelenopoleos
3308 3657 3325 3676 ,
3354 3613 3443 3684 qtti
3474 3607 3723 3682 Hypaepis).

2171 3729 2290 3780 qua:
2316 3712 2442 3765 urbs
2468 3710 2609 3765 Asi:c
2636 3717 2783 3773 erat,
2820 3723 2931 3763 rent
2974 3707 3379 3773 exatniuarent,
3425 3702 3725 3757 mandatum-

2171 3819 2275 3873 que
2306 3802 2563 3874 prolatutn
2589 3809 2699 3864 est,
2729 3809 2786 3853 ut
2805 3798 2893 3869 qui
2919 3799 3054 3852 intra
3083 3798 3217 3849 duos
3248 3810 3464 3849 menses
3490 3794 3537 3847 iu
3568 3790 3724 3843 urbem

2173 3895 2350 3958 illam,
2378 3909 2498 3963 qua:
2524 3892 2693 3946 vicina
2713 3899 2827 3945 erat
2846 3931 2861 3957 ,
2886 3903 3101 3944 causam
3118 3884 3311 3942 dicturi
3333 3900 3440 3940 non
3463 3883 3722 3941 venissent,

2171 3983 2776 4038 exconununiearentur.

2245 4076 2370 4128 Post
2399 4072 2512 4127 haec
2536 4074 2816 4143 Smyrnam
2846 4080 3102 4124 venerunt
3131 4064 3440 4138 Syncletius
3479 4072 3533 4118 et
3576 4057 3729 4115 Palla-

2170 4165 2321 4220 dius:
2352 4165 2646 4236 Hesychius
2665 4204 2679 4227 ,
2708 4163 2797 4233 qui
2824 4160 3075 4216 Antonini
3109 4162 3313 4213 amicus
3333 4165 3482 4220 erat,
3510 4150 3728 4208 morbum

2170 4256 2459 4311 simulavit.
2491 4255 2603 4308 Duo
2632 4263 2807 4307 autem
2840 4250 3029 4320 reliqui
3072 4265 3168 4319 per
3194 4248 3382 4303 literas
3426 4242 3649 4301 Eusebio
3685 4245 3731 4292 et

2172 4348 2444 4403 Antonino
2471 4344 2838 4417 signiﬁcarunt
2860 4385 2874 4408 ,
2894 4352 2952 4396 ut
2974 4341 3238 4413 llyp.epos
3258 4381 3274 4405 ,
3305 4354 3415 4408 quo
3445 4337 3542 4407 ipsi
3570 4342 3728 4403 perge-

2172 4440 2409 4506 bant,sc
2436 4436 2758 4493 conferrent.
2783 4432 2865 4490 Illi
2899 4448 3027 4488 vero
3052 4447 3171 4487 cum
3204 4430 3496 4484 amicitiam
3547 4431 3735 4480 contra-

2172 4535 2380 4588 xissent
2401 4531 2558 4603 (nam
2587 4529 2885 4584 Antoninus
2912 4524 3199 4580 Eusebium
3231 4521 3317 4577 vel
3349 4532 3511 4582 auro,
3542 4515 3617 4569 vel
3640 4509 3732 4566 alio

2172 4623 2330 4678 modo
2357 4633 2663 4691 corruptum
2687 4619 2785 4674 sibi
2827 4615 3190 4682 conciliarat),
3219 4621 3273 4667 et
3318 4611 3387 4666 ad
3443 4604 3734 4681 Hyp:eplno-

2171 4733 2287 4771 rum
2318 4716 2585 4769 civitatem
2628 4713 2701 4768 illi
2733 4726 2943 4782 quoque
2982 4710 3282 4769 venissent,
3306 4705 3516 4777 judiees
3540 4697 3731 4756 eludere

2172 4809 2522 4869 conabantur,
2568 4806 2919 4873 dicebantque
2977 4810 3140 4855 testes
3197 4799 3532 4869 negotiorum
3596 4800 3733 4844 eam

2174 4914 2396 4970 peregre
2436 4899 2702 4968 profectos
2751 4910 2891 4949 esse.
2938 4892 3150 4948 Judices
3203 4890 3494 4946 Eusebium
3546 4887 3732 4950 rogant.

2172 4994 2310 5048 intra
2338 5001 2466 5061 quot
2487 4990 2602 5044 dies
2631 4990 2720 5044 ille
2751 4998 2911 5043 testes
2935 4986 3259 5040 adducturus
3303 4989 3468 5038 esset.
3510 4976 3601 5033 ille
3626 4982 3735 5026 vero

2171 5098 2394 5156 sperans
2420 5082 2472 5137 itt
2502 5090 2665 5135 a'stns
2693 5078 3024 5134 vehementia
3045 5077 3249 5145 judiccs
3273 5074 3402 5128 inde
3430 5071 3735 5156 discessuros

2171 5154 2321 5239 esse,
2350 5180 2468 5227 erat
2486 5172 2678 5241 quippe
2700 5170 2900 5223 mstatis
2926 5176 3135 5235 tempus
3154 5206 3169 5230 ,
3201 5164 3402 5231 scripto
3434 5154 3666 5230 promisit
3686 5161 3736 5203 se

2173 5265 2308 5319 intra
2331 5262 2675 5334 quadraginta
2704 5261 2817 5316 dies
2838 5300 2854 5326 ,
2886 5267 2979 5313 aut
3018 5266 3182 5313 testes
3224 5254 3601 5325 producturum
3622 5286 3638 5310 ,
3661 5246 3738 5295 aut

2172 5370 2357 5426 poenas
2404 5353 2694 5409 secundum
2739 5365 2972 5406 canones
3017 5348 3259 5404 daturtttn
3307 5358 3454 5399 esse.
3503 5338 3735 5433 Dimisstts

2172 5425 2299 5518 ergo
2351 5446 2440 5502 ille
2494 5446 2559 5501 ad
2615 5444 2960 5513 inquirendos
3008 5452 3203 5505 testes,
3256 5425 3734 5497 Constantinopolin

2173 5538 2549 5609 venit,ibique
2575 5537 2802 5591 delituit.
2846 5530 3464 5605 Exspectaruutju'dices
3509 5524 3572 5578 ad
3624 5529 3735 5587 qua-

2172 5630 2529 5700 dragesimum
2561 5642 2727 5697 usque
2744 5626 2905 5681 diem.
2939 5624 3003 5678 Et
3031 5634 3151 5677 cum
3174 5616 3439 5676 Eusebius
3485 5631 3518 5669 n
3542 5630 3585 5665 un
3610 5621 3739 5664 cmu-

2176 5728 2414 5792 par'cret,
2442 5715 3003 5775 excommunicationis
3032 5711 3349 5770 sententiam
3384 5710 3437 5764 in
3466 5718 3583 5762 eum
3626 5708 3731 5769 ρων
