3948 6406
194 377 270 434 181

190 493 432 556 tulerunt,
454 487 564 543 sive
585 491 647 540 ut
675 483 999 539 desertorem
1022 525 1036 550 ,
1067 483 1177 539 sive
1198 494 1256 538 ut
1281 484 1737 540 calumniatorem.

188 582 444 648 Postquam
473 590 602 630 vero
634 571 842 644 triginta
862 571 976 628 dies
994 574 1123 627 alios
1147 573 1392 645 Hypaepis
1413 585 1738 640 manserant,

189 684 273 724 nec
315 673 644 736 compareret
691 665 806 729 ille,
836 663 934 733 ipsi
980 679 1191 734 quoque
1245 664 1738 736 Constantinopolin

191 760 454 814 redierunt.
485 755 616 811 Cum
661 766 835 810 autem
891 755 960 809 ibi
1007 757 1290 810 Eusebium
1348 757 1734 819 offendissent,

191 860 368 903 tantum
397 849 468 902 illi
498 848 695 901 facinus
724 847 1128 917 exprobrarunt.
1166 848 1423 902 Eusebius
1443 864 1568 902 vero
1594 849 1744 901 inﬁr-

190 939 401 994 mitatem
443 939 681 1006 eorprris
725 947 1056 1006 praztexi-ns,
1087 946 1251 992 testes
1295 952 1352 992 se
1390 937 1738 991 adducturum

189 1047 349 1088 rursus
366 1030 726 1100 pollicebatur.
752 1030 956 1084 Interea
979 1045 1072 1099 per
1092 1029 1368 1085 diuturnas
1393 1029 1513 1084 illas
1539 1045 1734 1093 moras,

189 1121 385 1176 moritur
412 1121 740 1174 Antoninus:
768 1118 949 1188 sicque
975 1134 1151 1173 rerum
1179 1118 1339 1174 facies
1379 1128 1629 1174 mutatur.

247 1211 344 1265 Nec
366 1211 527 1264 multo
559 1220 676 1279 post
703 1210 872 1265 literae
898 1209 962 1264 ad
986 1209 1424 1282 Chrysostomum
1475 1221 1738 1267 venerunt

189 1303 353 1372 partim
395 1301 643 1372 Ephesini
691 1301 866 1369 Cleri,
917 1303 1108 1369 partim
1151 1303 1556 1372 epiSCOporum,
1598 1302 1743 1372 inra-

189 1402 340 1447 menta
359 1407 474 1447 cum
495 1393 863 1447 obsecratione
883 1395 1238 1448 continentes.
1266 1392 1582 1448 Testabatur
1613 1393 1738 1447 Cle-

188 1501 292 1551 rns,
317 1483 532 1538 antehac
560 1485 702 1555 leges
728 1499 913 1538 omnes
935 1483 1126 1554 Ephesi
1158 1483 1523 1554 pessumdatas
1549 1482 1734 1548 fuisse,

184 1574 361 1646 jamdiu
391 1575 636 1630 afﬂictam
688 1575 1004 1644 Ephesinam
1057 1575 1346 1630 Ecclesiam
1392 1591 1510 1630 esse
1548 1574 1734 1644 partim

188 1666 243 1720 ab
265 1666 492 1732 Arianis,
521 1666 715 1735 partim
745 1666 813 1720 ab
837 1665 900 1719 iis
929 1666 1016 1734 qui
1046 1666 1282 1721 avaritia:
1330 1674 1385 1721 et
1428 1666 1736 1721 dominandi

187 1754 375 1810 libidine
406 1742 573 1826 capti,
633 1771 694 1811 se
736 1754 1034 1810 Catholicos
1063 1771 1182 1810 esse
1231 1757 1612 1826 gloriabantur,
1660 1757 1738 1812 sic

186 1847 474 1902 Antoninum
519 1846 826 1902 defunctum
879 1848 1303 1916 perstringebant
1332 1849 1439 1902 illi:
1477 1849 1738 1918 rogabant

189 1938 314 1993 illum
333 1939 640 1994 festinanter
666 1939 888 2003 veniret,
913 1939 1033 2008 quia
1061 1939 1168 2008 lupi
1192 1939 1403 2008 quidam
1453 1948 1607 1994 erant
1649 1938 1737 2008 qui

186 2031 376 2097 pecunia
417 2029 773 2100 episcopalem
811 2029 992 2083 sedem
1044 2045 1229 2099 rapere
1279 2030 1561 2084 tentabant.
1616 2030 1738 2085 Ilzcc

186 2134 320 2174 cau~a
342 2121 722 2192 Cbrysostomo
762 2120 857 2174 fuit
881 2119 1200 2189 suscipiendi
1229 2119 1445 2175 Asiatici
1494 2119 1734 2188 itineris,

186 2213 240 2268 de
255 2229 346 2283 quo
371 2229 488 2269 mox
519 2214 754 2268 dicetur.

245 2301 459 2359 Romilio:
482 2304 830 2375 Clirysostomi
853 2304 904 2357 in
937 2304 1062 2356 Acta
1089 2302 1469 2372 Apostolorum.
1498 2312 1534 2356 ι.
1585 2303 1638 2359 9.
1665 2331 1737 2345 --

185 2394 296 2448 Dum
323 2395 425 2450 baac
452 2404 767 2465 agerentur,
800 2395 1056 2450 llomilias
1087 2394 1140 2449 in
1173 2394 1306 2450 Acta
1355 2394 1734 2464 Apostolorum

188 2485 339 2542 habuit
359 2486 774 2560 Chrysoslomns
797 2529 810 2553 ,
849 2503 982 2556 quas
1009 2489 1172 2556 coepit
1223 2495 1344 2556 post
1381 2485 1734 2556 Quadragesi-

191 2590 338 2642 lnam,
368 2585 420 2630 ut
445 2577 554 2646 ipse
573 2576 716 2631 dicit
736 2577 892 2631 IIom.
918 2575 958 2642 I,
993 2587 1042 2627 c.
1074 2573 1163 2638 25,
1193 2584 1351 2644 atque
1374 2583 1429 2628 ut
1449 2586 1730 2644 putamus,

183 2664 477 2738 diximusque
505 2669 559 2724 in
589 2669 802 2724 Monito
825 2709 841 2735 ,
865 2677 1106 2736 tempore
1135 2667 1373 2722 Paschali
1420 2667 1544 2722 anni
1591 2667 1696 2722 400
1715 2709 1729 2731 ,

184 2757 240 2810 ita
261 2768 310 2814 ut
335 2761 440 2815 illas
459 2761 698 2828 dixerit,
726 2776 848 2816 cum
890 2759 1242 2816 Asiaticarum
1290 2774 1466 2814 rerum
1526 2759 1734 2828 negotia

184 2847 305 2903 illum
331 2851 646 2908 distinerent
664 2893 678 2918 ,
708 2861 762 2906 et
786 2869 904 2906 cum
928 2867 956 2906 a
984 2853 1148 2922 gratia
1177 2851 1430 2906 Eudoxim
1458 2852 1730 2922 Auguste,

183 2954 280 3006 qua:
299 2941 435 2996 initio
462 2943 809 3013 episcopatus
835 2943 914 2996 sui
940 2943 1113 3011 ipsum
1144 2941 1296 2995 valde
1325 2941 1564 3005 colebat,
1591 2941 1736 2994 exci-

185 3029 350 3088 disset;
369 3033 493 3090 Ilinc
519 3034 774 3089 fortassis
794 3033 984 3088 accidit
1009 3042 1066 3088 ut
1085 3033 1204 3088 aliis
1223 3032 1483 3087 distentus
1505 3031 1734 3102 negotiis

183 3117 580 3193 Chrysostomus,
648 3125 824 3180 minus
861 3124 1036 3190 culto,
1085 3124 1270 3194 jejuno
1311 3131 1364 3178 et
1426 3123 1736 3193 plerumque

182 3211 394 3272 intricato
418 3219 550 3290 stylo
577 3219 685 3272 has
711 3217 997 3273 conciones
1045 3216 1351 3286 scripserit,
1402 3216 1736 3284 maximeque

183 3305 310 3363 initio
329 3309 701 3378 homiliarum,
753 3311 840 3366 ubi
887 3309 1128 3381 quaedam
1175 3309 1420 3363 videntur
1463 3307 1608 3362 olere
1647 3317 1738 3362 aut

184 3411 346 3454 sonare
371 3404 709 3474 peregrinum
733 3420 745 3455 :
772 3417 894 3457 nam
923 3404 973 3456 in
999 3402 1170 3457 ethica
1201 3401 1594 3466 adhortatione,
1620 3416 1738 3470 quae

183 3486 396 3548 homilias
423 3494 664 3560 claudit,
712 3493 798 3548 hic
850 3509 1062 3565 semper
1101 3494 1182 3549 sui
1232 3492 1421 3548 similis
1467 3501 1583 3559 est,
1633 3492 1751 3560 imo.

183 3581 314 3636 eliam
366 3585 490 3640 alias
533 3585 828 3640 conciones
877 3593 1112 3654 supcrat.
1155 3583 1248 3638 Hac
1272 3599 1429 3648 vero,
1459 3599 1576 3652 qua:
1624 3590 1742 3651 post

183 3670 354 3730 Pascha
380 3677 498 3731 anni
523 3675 636 3730 400
663 3684 852 3744 empta:
893 3675 1040 3730 fuere
1069 3674 1324 3740 homilire,
1353 3672 1562 3728 nonnisi
1600 3689 1740 3727 anno

183 3761 264 3817 401
289 3766 540 3822 terminari
565 3767 811 3838 potuisse
834 3765 1096 3832 videntur,
1119 3775 1173 3820 et
1203 3765 1440 3819 fortassis
1461 3773 1739 3834 postquam

182 3867 236 3906 ex
258 3855 369 3911 Asia
395 3872 646 3914 reversus
672 3856 770 3912 fuit
797 3857 1212 3928 Chrysostomus
1229 3872 1243 3908 :
1263 3869 1445 3909 verum
1475 3853 1587 3908 haec
1610 3869 1743 3907 non-

187 3943 269 3996 nisi
311 3946 584 4004 divinando
615 3947 722 4003 dici
766 3954 1005 4017 possunt.
1037 3945 1264 4001 Ilomilia
1293 3957 1470 4000 autem
1509 3944 1740 4015 quadra-

184 4037 356 4102 gesima
402 4049 585 4110 quarta
607 4083 623 4108 ,
638 4060 689 4100 c.
705 4043 872 4113 3I2,l.
889 4041 978 4104 54,
995 4039 1309 4094 testificatur
1332 4038 1744 4108 Chrysostomus

185 4137 234 4176 se
256 4129 518 4184 triennium
550 4131 750 4186 habere
777 4137 829 4184 in
877 4129 1190 4184 Pnntifieatu
1225 4147 1237 4180 :
1271 4128 1410 4198 quod
1441 4129 1484 4182 si
1510 4127 1576 4181 ad
1629 4127 1746 4181 lite-

184 4229 278 4270 ram
306 4221 605 4292 accipiatur,
626 4221 925 4292 significare
938 4221 1144 4276 videtur
1159 4219 1304 4274 illum
1327 4219 1436 4288 jam
1459 4217 1742 4272 triennium

183 4318 432 4364 emensum
453 4312 618 4369 fuisse
638 4355 654 4381 ,
681 4311 893 4383 quando
919 4311 984 4366 ad
1009 4313 1144 4365 hanc
1169 4310 1439 4365 homiliam
1481 4309 1740 4377 pervenit.

182 4396 242 4450 At
275 4410 614 4473 praeterquam
636 4402 779 4472 quod
799 4418 904 4457 non
928 4402 1365 4457 omninoconstat
1387 4399 1473 4454 hic
1500 4407 1743 4454 exactum

184 4489 445 4549 triennium
500 4493 724 4560 notari,
787 4493 896 4563 jam
949 4507 1091 4562 saepe
1142 4491 1372 4548 vidimus
1427 4491 1745 4562 Chrysosto-

183 4594 310 4637 mum
331 4599 434 4640 non
455 4601 576 4640 cum
606 4594 753 4640 tanto
793 4584 1044 4654 scrupulo
1068 4593 1222 4640 notas
1242 4592 1542 4653 temporum
1571 4581 1746 4636 consi-

181 4685 360 4742 Snare;
401 4687 578 4734 tamen
653 4679 900 4735 omnibus
949 4687 1194 4734 accurate
1267 4677 1545 4749 perpensis
1617 4675 1747 4730 nihil

176 4763 418 4827 absonum
440 4778 776 4842 sequeretur,
809 4771 854 4826 si
883 4766 1304 4842 Chrysostomus
1323 4811 1338 4837 ,
1370 4769 1458 4838 qui
1486 4767 1745 4823 Homilias

177 4849 230 4904 ’in
249 4856 367 4910 Acta
395 4873 538 4915 anno
557 4859 665 4917 400
699 4869 937 4931 coeperat
959 4901 976 4928 ,
1007 4858 1464 4930 quadragesimam
1505 4867 1748 4930 quartam

183 4949 229 4996 et
247 4954 536 5012 postremas
558 4951 645 5004 vel
672 4961 796 5008 ante
813 4992 830 5020 ,
859 4951 946 5008 vel
968 4960 1088 5022 post
1108 4950 1333 5006 reditum
1361 4965 1514 5004 suum
1537 4965 1602 5004 ex
1625 4949 1748 5003 Asia

187 5033 386 5091 dixerit.
410 5037 467 5092 In
490 5037 720 5091 llomilia
742 5050 872 5092 vero
907 5035 1312 5106 quadragesima
1352 5031 1524 5100 prima
1559 5043 1612 5084 c.
1633 5026 1764 5094 29!,

189 5121 222 5178 Ι.
247 5126 327 5194 10,
351 5127 886 5199 aitChrysostomus,
915 5143 1059 5182 anno
1098 5125 1380 5196 superiore
1419 5124 1765 5178 concussisse

187 5217 338 5274 Deum
359 5223 664 5278 universam
681 5223 950 5277 civitatem
970 5221 1030 5276 C.
1048 5219 1132 5282 P.,
1152 5219 1242 5290 qui
1262 5228 1419 5271 terra:
1437 5227 1612 5271 motus
1630 5215 1761 5268 acci-

184 5309 312 5368 disse
353 5315 590 5370 creditur
629 5330 770 5369 anno
819 5314 959 5381 599,
1000 5323 1059 5368 ut
1106 5311 1337 5367 diximus
1383 5325 1562 5380 supra.
1617 5309 1748 5363 Nam

185 5398 261 5453 illa
289 5419 384 5458 vox
414 5406 584 5476 ρει-ιιδὶ
621 5421 814 5462 annum
856 5405 1100 5476 proxime
1150 5399 1478 5474 superiorem
1519 5399 1749 5466 indicat;

187 5489 272 5544 sed
296 5507 399 5548 non
447 5497 518 5550 ita
563 5497 870 5568 accipienda
897 5505 980 5552 est
1013 5506 1072 5550 ut
1098 5510 1297 5549 annum
1343 5493 1604 5564 integrum
1645 5491 1755 5546 ela-

191 5593 328 5649 psum
347 5586 761 5658 Chrysostomus
789 5587 1086 5658 significare
1111 5586 1256 5642 velit.

251 5671 440 5730 Ibidem
466 5687 643 5732 autem
683 5689 735 5733 et
763 5677 1096 5733 continenter
1151 5679 1192 5732 I.
1243 5676 1312 5730 56
1336 5721 1350 5743 ,
1401 5673 1586 5730 eadem
1625 5687 1753 5728 voce

193 5768 343 5830 νει-ιιεὶ
390 5769 804 5838 Chrysostomns
859 5772 1022 5823 utitur
1061 5770 1123 5822 ad
1167 5785 1277 5823 rem
1322 5767 1477 5823 aliam
1517 5766 1743 5836 carptim

489 5885 756 5948 PATROL.
803 5887 844 5946 G
859 5903 911 5946 ιι.
965 5883 1212 5944 XLVII.

1359 371 1538 428 NUNC
1580 373 1838 429 PRIMUM
1869 375 2259 430 ADORNATA.

3331 383 3436 438 i8‘2

1853 487 2190 543 indicandum
2245 509 2256 543 :
2313 490 2438 555 Quae
2490 492 2623 544 circa
2666 489 2988 547 Theodorum
3038 493 3413 563 pcrusi,anno

1847 582 2105 648 proximo,
2137 592 2275 652 gesta
2297 591 2412 637 sunt
2433 621 2448 648 ,
2479 598 2621 652 quem
2648 599 2748 636 non
2775 585 3210 654 obstupelecerunt
3227 587 3254 640 ξ’
3280 595 3326 639 et
3353 598 3424 640 ta-

1847 688 1956 725 men
1976 673 2104 726 nihil
2121 675 2339 742 amplius
2357 679 2542 744 factum
2560 686 2650 727 est.
2677 674 2809 742 Quis
2825 675 2912 730 ille
2929 675 3245 731 Theodorus
3262 687 3414 741 esset.

1846 774 1899 814 et
1924 764 2046 829 quid
2065 765 2136 818 illi
2162 765 2432 829 acciderit,
2453 766 2624 820 nullus
2647 765 2783 834 quod
2804 766 2963 820 sciam
2982 767 3210 836 scriptor
3225 767 3416 822 docuit.

1919 846 2010 900 Die
2035 847 2258 915 septima
2287 849 2558 902 Februarii
2587 848 2707 901 anni
2741 848 2835 902 401
2877 848 3175 917 (ΒοΗαηάιιε
3199 850 3268 905 26
3295 848 3420 904 Feb.

1845 952 1978 989 anno
2005 937 2130 994 401.
2163 956 2216 1007 p.
2247 940 2368 993 051.
2397 939 2425 992 b
2475 941 2548 1006 ο.)
2575 939 2630 994 S.
2659 939 3006 1010 Porphyrius,
3039 939 3194 996 Gaza:
3219 943 3423 1012 episco-

1845 1043 1964 1097 pus,
1993 1026 2482 1100 Constantinopolin
2512 1031 2654 1085 venit
2680 1070 2695 1096 ,
2723 1047 2843 1084 cum
2873 1030 3078 1086 Joanne
3104 1032 3418 1088 Cmsariensi

1843 1117 2092 1189 episc0po
2138 1120 2538 1188 Metropolitano
2567 1135 2697 1184 suo,
2745 1121 2810 1174 ab
2848 1121 3074 1174 Are-dio
3099 1121 3424 1190 Imperatore

1844 1211 2102 1280 petiturus
2132 1223 2186 1266 nt
2215 1213 2472 1268 idolorum
2505 1212 2731 1282 templa,
2759 1228 2876 1282 qum
2906 1211 3062 1268 Gaza:
3089 1223 3240 1266 erant
3266 1254 3281 1278 ,
3316 1229 3418 1266 non

1837 1302 1945 1371 jam
1973 1304 2344 1357 clauderentur
2367 1345 2379 1365 ,
2409 1303 2500 1357 sed
2533 1302 2766 1356 funditus
2794 1310 3178 1357 everterentnr.
3232 1301 3424 1356 Rhodo

1841 1402 2014 1448 autem
2047 1401 2415 1460 transeuntes,
2461 1392 2831 1448 anachoretam
2860 1391 3140 1462 quemdam
3181 1401 3420 1446 sanctum

1841 1482 2039 1547 virum,
2075 1483 2389 1554 Procopium
2421 1485 2670 1550 nomine,
2713 1483 2992 1550 adierant,
3019 1482 3110 1554 qui
3147 1494 3424 1538 monuerat

1841 1583 1894 1628 ut
1919 1575 2310 1628 sanctissimum
2343 1575 2653 1645 episcopum
2679 1574 2935 1629 Joannem
2969 1574 3261 1628 inviserent
3285 1613 3300 1638 ,
3332 1575 3421 1654 qui

1840 1664 1968 1732 ipsis
2004 1663 2054 1718 id
2099 1665 2307 1720 consilii
2346 1665 2564 1720 daturus
2607 1677 2719 1719 erat
2741 1707 2756 1731 ,
2799 1664 2936 1734 quod
2965 1681 2993 1718 a
3027 1665 3133 1720 Deo
3163 1667 3276 1734 ipso
3307 1665 3420 1719 edi-

1838 1751 2074 1808 dicisset.
2127 1753 2258 1808 Cum
2305 1754 2357 1808 in
2406 1753 2588 1808 urbem
2641 1753 2714 1806 illi
2757 1752 3133 1816 advenissent,
3169 1752 3422 1823 posxridie

1837 1843 2093 1899 Joannem
2147 1847 2428 1899 salutatum
2486 1851 2762 1898 venerunt.
2819 1843 3054 1898 Joannes
3103 1859 3232 1898 vero
3277 1844 3422 1912 ipsos

1841 1936 2133 1992 honorifice
2175 1937 2464 1992 admodum
2501 1937 2728 2004 excepit.
2761 1934 3000 2005 Cumque
3027 1936 3154 1989 tanti
3186 1935 3416 2004 suscepti

1839 2028 2046 2082 itineris
2074 2042 2286 2082 causam
2329 2026 2426 2096 ipsi
2464 2026 2832 2096 aperuissent;
2889 2023 3131 2078 hortatus
3161 2024 3248 2078 ille
3276 2024 3420 2076 viros

1839 2125 1940 2184 est,
1979 2127 2036 2171 ut
2065 2116 2274 2191 felicem
2300 2117 2500 2170 exitum
2526 2131 2553 2168 a
2585 2116 2692 2170 Deo
2721 2121 3020 2184 sperarent.
3069 2113 3182 2167 Non
3216 2122 3422 2183 poterat

1839 2209 1928 2262 ille
1981 2209 2356 2278 Imperatorem
2406 2206 2590 2273 adire,
2635 2207 2884 2276 quoniam
2936 2205 3207 2271 Endoxia,
3253 2219 3314 2258 ea
3355 2203 3423 2258 de

1837 2315 1994 2356 causa
2016 2341 2031 2367 ,
2063 2317 2218 2370 quam
2241 2300 2431 2354 dicturi
2462 2315 2667 2366 sumus,
2700 2299 2892 2354 Joanni
2917 2299 3054 2353 male
3078 2297 3283 2361 affecta,
3314 2295 3420 2350 lm-

1838 2393 2098 2464 peratoris
2142 2393 2378 2446 animum
2429 2392 2684 2445 adversus
2732 2391 2878 2444 illum
2919 2397 3418 2461 praeoccupaverat:

1837 2486 1931 2541 sed
1956 2485 2021 2540 ad
2057 2485 2389 2549 Amantium,
2424 2483 2762 2554 Imperatoris
2799 2483 3198 2536 Cambellanum
3220 2521 3234 2544 ,
3277 2479 3422 2548 ipsos

1839 2577 2070 2642 direxit,
2103 2575 2369 2630 hominem
2396 2590 2520 2629 vere
2551 2573 2906 2628 Chrisﬁanum
2940 2591 2953 2626 :
2985 2574 3072 2640 qni
3095 2617 3110 2638 ,
3158 2572 3284 2625 nihil
3326 2570 3423 2624 ob-

1838 2678 2012 2724 stante
2039 2667 2342 2722 exulcerato
2359 2667 2604 2736 Augustae
2621 2681 2742 2735 erga
2761 2665 3196 2734 Chrysostmnum
3217 2662 3419 2727 animo,

1839 2760 2082 2815 addictus
2128 2759 2226 2828 ipsi
2272 2773 2484 2828 semper
2515 2766 2654 2812 erat.
2717 2756 3017 2810 Amantium
3049 2754 3282 2808 Joannes
3323 2767 3420 2820 po-

1839 2853 2023 2908 stridie
2047 2851 2110 2906 ad
2141 2866 2200 2905 se
2223 2851 2448 2905 vocavit.
2483 2849 2546 2902 Et
2573 2864 2692 2902 cum
2725 2846 2957 2915 eri<C0pi
2986 2843 3142 2898 ambo
3168 2844 3218 2897 in
3249 2842 3422 2913 Chry-

1840 2943 2062 2998 sostomi
2091 2941 2232 2996 a'des
2263 2940 2564 3004 venissent,
2595 2939 2898 2993 Amantium
2941 2936 3304 2997 invenerunt,
3334 2931 3422 3002 qui

1841 3049 1954 3090 rem
1981 3075 1993 3097 ,
2025 3033 2092 3087 de
2119 3047 2221 3102 qua
2251 3041 2373 3085 tunc
2398 3030 2650 3100 agebatur
2669 3070 2684 3095 ,
2717 3027 2814 3098 ipsi
2842 3034 3143 3097 aperuerat,
3169 3022 3425 3093 idipsum-

1840 3141 1942 3196 que
1993 3123 2227 3193 episcopi
2281 3122 2436 3176 ambo
2487 3117 2890 3174 confirmarunt.
2954 3117 3249 3185 Posteaque
3301 3128 3420 3169 cum

1840 3215 2176 3271 sanctissimo
2203 3212 2436 3268 Praesule
2463 3210 2530 3264 de
2559 3208 2752 3266 divinis
2777 3207 3048 3276 sacrisque
3083 3205 3240 3260 rebus
3267 3202 3426 3257 verba

1841 3308 2122 3369 miscuere,
2151 3316 2204 3360 et
2231 3313 2506 3374 postquam
2535 3300 2769 3356 Joannes
2791 3297 2916 3368 ipsis
2942 3297 3083 3351 bona
3109 3302 3426 3366 apprecatns

1845 3397 2048 3462 fuerat,
2079 3397 2294 3450 domum
2333 3410 2392 3448 se
2423 3406 2693 3460 recepere.
2746 3387 2834 3444 Sic
2859 3386 3094 3456 quotidie
3133 3385 3280 3438 illum
3311 3381 3427 3436 adi-

1843 3488 1988 3552 bant,
2023 3496 2076 3541 nt
2103 3487 2218 3556 ejus
2245 3483 2467 3539 amantis
2497 3480 2655 3536 simul
2681 3489 2729 3534 et
2755 3478 2952 3535 sanctis
2967 3473 3250 3544 colloquiis
3278 3471 3428 3526 frue-

1843 3587 2046 3632 rentur.
2101 3573 2380 3630 Amantius
2422 3583 2600 3626 autetn
2641 3570 2741 3623 sibi
2785 3567 3130 3624 commissum
3162 3560 3427 3633 negotium

1845 3669 1982 3739 apud
2013 3667 2300 3723 Eudoxiam
2329 3667 2618 3735 Augustam
2649 3662 2877 3717 sollicite
2909 3660 3040 3714 ursit
3060 3701 3073 3723 ,
3109 3658 3431 3724 demnmque

1845 3760 2055 3815 favente
2097 3757 2198 3812 sibi
2239 3753 2527 3810 Theodosii
2565 3751 2794 3822 junioris
2820 3757 2875 3804 et
2915 3757 3035 3803 ortu
3061 3757 3116 3802 et
3144 3744 3428 3815 baptismo.

1845 3852 1933 3922 qui
1959 3850 2143 3904 diebus
2167 3847 2279 3902 istis
2303 3845 2545 3900 accidere
2565 3884 2580 3909 ,
2610 3850 2788 3912 optata
2816 3838 3135 3909 impetravit.

1917 3939 2272 4009 Theophanes
2310 3946 2364 3992 et
2405 3937 2625 3991 Cosmas
2665 3932 2898 3987 Vcstitor
2937 3937 3155 3984 narrant
3185 3927 3431 3984 Theodo-

1847 4034 1980 4087 sium
2029 4031 2297 4102 juniorem
2338 4043 2366 4082 a
2410 4026 2616 4082 Joanne
2663 4024 3046 4095 Chrysostomo
3100 4020 3430 4090 baptizatum

1847 4123 2044 4189 fuisse;
2095 4123 2145 4176 id
2188 4135 2315 4174 vero
2352 4119 2494 4173 clare
2521 4116 2624 4171 dici
2671 4115 2880 4169 videtur
2915 4113 2984 4167 ab
3019 4110 3264 4166 Eudoxia
3295 4114 3427 4180 ipsa,

1847 4232 1966 4287 qua:
1995 4216 2044 4268 in
2074 4211 2290 4267 bomilia
2317 4207 2686 4280 Chiysostomi
2728 4213 2847 4274 post
2881 4203 3110 4258 reditum
3152 4203 3218 4256 ab
3246 4201 3434 4257 exsilio

1849 4321 1974 4370 suo,
2005 4305 2081 4360 sic
2123 4303 2346 4372 loquens
2392 4298 2678 4362 inducitur,
2709 4293 2967 4348 Recordor
2997 4308 3087 4362 per
3116 4307 3295 4346 manta
3325 4300 3434 4343 tua:

1850 4398 1983 4466 ﬁlios
2009 4409 2142 4448 meo:
2173 4391 2451 4460 baptizatos
2481 4388 2651 4457 fuisse.
2674 4384 2828 4440 Certe
2855 4383 2994 4440 inter
3022 4381 3158 4436 Iilios
3185 4394 3430 4449 compre-

1852 4487 2011 4543 bendi
2059 4485 2279 4540 omnino
2321 4479 2534 4534 videtur
2559 4475 2895 4532 Theodosius
2921 4473 3120 4544 junior.
3173 4472 3346 4540 Atque
3374 4485 3437 4522 ex

1851 4579 1914 4632 iis
1937 4619 1952 4643 ,
2001 4591 2118 4646 qua:
2146 4574 2196 4628 in
2229 4572 2348 4626 Vita
2390 4570 2449 4626 S.
2481 4566 2764 4639 Porphyrii
2795 4564 3044 4621 dicuntur
3065 4605 3080 4629 ,
3113 4561 3441 4617 Theodosius

1847 4667 2028 4736 junior
2052 4663 2351 4735 baptizatus
2382 4659 2543 4716 fuisse
2573 4654 2992 4728 deprehenditur
3019 4651 3298 4723 IOApriIis
3317 4650 3440 4703 anni

1851 4759 1976 4814 101.
2025 4757 2282 4827 Tuncque
2305 4753 2719 4823 Chrysostmnus
2749 4749 2800 4803 in
2827 4746 2953 4802 Asia
2984 4753 3099 4801 erat
3122 4784 3138 4810 ,
3178 4742 3438 4814 siquidem

1852 4867 1973 4907 cum
2000 4848 2340 4906 Tillemontio
2391 4847 2492 4901 iter
2533 4844 2650 4914 ejus
2694 4841 2745 4895 in
2787 4838 2972 4894 Asiam
3015 4837 3067 4892 in
3111 4851 3310 4892 annum
3339 4834 3438 4890 401

1853 4941 2230 5012 consignamus
2249 4979 2262 5000 ,
2302 4944 2356 4991 et
2395 4949 2554 5006 quam
2585 4931 2884 4987 tardissime
2909 4927 3296 4999 profectionem
3326 4925 3443 4993 ejus

1855 5046 2040 5087 mense
2067 5025 2356 5084 Februario
2381 5022 2621 5094 ejusdem
2651 5019 2774 5074 anni
2802 5026 3036 5074 statuere
3062 5027 3362 5086 possumus,
3387 5021 3446 5066 ut

1855 5139 1922 5180 ex
1948 5119 2290 5191 sequentibus
2321 5116 2493 5186 palam
2523 5111 2646 5167 erit.

1930 5212 2057 5266 Post
2099 5207 2351 5264 Antonini
2389 5202 2644 5275 Ephesini
2676 5199 2911 5271 episcOpi
2952 5204 3177 5252 mortem
3213 5193 3445 5266 (Pallad.

1860 5321 1912 5373 p.
1944 5303 2046 5356 155
2077 5311 2123 5355 et
2161 5299 2324 5370 seqq.)
2349 5338 2364 5363 ,
2409 5295 2668 5366 urgebant
2705 5293 3144 5363 Chrysostomum
3203 5283 3440 5353 episcopi

1857 5393 2038 5459 vicini,
2071 5391 2290 5462 urgebat
2320 5388 2621 5457 Ephesinns
2641 5382 2826 5438 Clerus
2854 5388 2910 5435 ut
2937 5385 3182 5449 prompte
3207 5373 3442 5439 veniret,

1861 5501 1962 5542 nec
1991 5497 2168 5540 moras
2208 5481 2478 5545 traheret,
2519 5478 2666 5545 leges
2701 5472 2843 5544 apud
2871 5485 2930 5524 se
2968 5463 3338 5538 pessumdatas
3367 5463 3448 5518 di-

1859 5592 2006 5642 cens,
2039 5573 2326 5630 Ecclesiam
2355 5585 2504 5624 suam
2529 5567 2800 5627 amictam,
2825 5563 3110 5614 temeratas
3126 5567 3215 5608 res
3237 5567 3444 5619 sacras,

1862 5680 1972 5725 tum
2003 5667 2068 5721 ab
2104 5667 2209 5720 Arii
2241 5663 2458 5718 asscclis
2483 5700 2498 5725 ,
2545 5669 2652 5711 tum
2680 5655 2746 5706 ab
2775 5651 2840 5704 iis
2869 5648 2958 5718 qui
2985 5647 3224 5700 avaritia:
3265 5653 3318 5699 et
3345 5643 3438 5697 do-

1862 5759 2096 5818 minandi
2136 5757 2381 5828 cupidinc
2409 5750 2548 5821 capti
2575 5763 2632 5802 se
2659 5743 2966 5801 Catholicos
2993 5755 3113 5794 esse
3140 5738 3442 5812 gloriaban-

3017 5868 3090 5927 12
