3948 6406
503 388 602 447 183

524 517 587 554 ur
627 521 638 554 :
676 490 862 567 quibus
891 496 1045 551 dictis
1076 496 1400 549 Antoninum
1441 494 1750 565 episcopum
1797 507 1965 563 nuper
1993 491 2089 547 de—

522 600 751 647 unctum
793 587 1084 648 notabant,
1135 586 1274 655 apud
1321 600 1480 656 quem
1526 584 1734 640 venalia
1783 583 2093 653 prostabant

498 696 660 737 sacra
706 678 905 733 omnia.
962 677 1243 733 Addebam
1284 691 1495 748 quoque
1540 676 1735 730 mullos
1779 677 1974 729 instare
2015 676 2094 728 lu—

505 783 647 835 nos,
690 770 780 836 qui
826 768 1047 841 pecunia
1078 767 1435 839 episcopalem
1472 766 1652 822 sedem
1690 766 1942 821 invadere
1974 774 2092 819 ten-

503 866 711 920 tahant.

580 949 771 1005 locum.
805 951 1065 1022 Citrysosl.
1097 950 1191 1005 iter
1225 951 1277 1006 in
1307 951 1479 1006 Asiam
1512 951 1740 1021 suscipit.
1766 978 1840 992 -
1864 950 2094 1005 Joannes

507 1051 695 1097 noster
725 1052 849 1097 tunc
873 1042 1020 1112 gravi
1048 1049 1162 1097 erat
1190 1043 1431 1113 corporis
1469 1043 1778 1098 infirmitate
1822 1040 2090 1104 detentus,

514 1130 735 1187 hiberna
787 1149 999 1203 quoque
1045 1142 1335 1203 tempestas
1374 1149 1405 1189 a
1455 1143 1600 1189 tanto
1653 1133 1846 1188 itinere
1893 1146 2092 1203 a‘grum

515 1229 755 1276 avertere
789 1237 945 1291 posse
981 1223 1296 1290 videbatur,
1328 1239 1512 1280 verum
1545 1232 1691 1279 tanto
1715 1223 1801 1278 ille
1828 1222 2096 1293 religionis

515 1311 690 1367 studio
719 1311 994 1383 ﬂagrabat,
1025 1323 1082 1369 ut
1105 1314 1281 1369 omnia
1311 1314 1650 1385 posthaberet
1672 1330 1777 1385 quo
1803 1324 1878 1370 tot
1908 1314 2095 1369 tantis-

515 1416 619 1471 que
654 1404 810 1459 malis
849 1420 1065 1460 manum
1109 1407 1367 1462 medicam
1395 1407 1591 1464 aﬂ'erre
1619 1416 1866 1464 tentaret.
1915 1407 2096 1477 Neque

517 1495 657 1549 enim
704 1496 899 1564 Ephesi
944 1508 1142 1553 tantum
1167 1539 1183 1565 ,
1229 1500 1323 1554 sed
1351 1500 1508 1555 etiam
1538 1500 1589 1555 in
1623 1500 1741 1554 aliis
1771 1514 1875 1554 non
1917 1499 2097 1569 paucis

515 1585 657 1639 Asia:
680 1586 980 1642 civitatibus
1007 1589 1104 1658 ipsi
1128 1591 1382 1660 episcopi,
1424 1600 1695 1660 pastorum
1723 1593 1937 1646 nomine
1967 1590 2097 1646 falso

517 1675 747 1744 insigniti
773 1718 788 1743 ,
833 1677 1136 1733 Christiano
1177 1683 1323 1750 gregi
1365 1681 1557 1735 damna
1602 1680 1903 1738 inferebant
1940 1682 2096 1736 innu-

515 1778 679 1819 mera.
716 1765 806 1820 llis
841 1781 1100 1824 accensus
1138 1771 1189 1824 in
1216 1772 1393 1826 navim
1423 1773 1735 1843 ingreditur.
1772 1771 1965 1828 Verum
1994 1788 2095 1827 sae-

514 1857 687 1911 viente
731 1858 1010 1935 aquilone,
1057 1877 1178 1917 cum
1220 1873 1521 1919 metuerent
1561 1873 1737 1919 nauta:
1774 1880 1842 1920 ne
1880 1865 1930 1920 in
1958 1864 2095 1920 Pro-

511 1972 800 2012 connesum
828 1959 1169 2027 ejicerentur,
1206 1956 1386 2026 posito
1413 1957 1552 2023 velo,
1583 1957 1818 2013 Tritonis
1842 1972 2096 2027 promon-

513 2055 703 2100 torium
736 2050 1221 2116 prmtervchuntur,
1244 2054 1299 2101 et
1332 2046 1401 2100 ibi
1423 2047 1581 2116 jactis
1602 2049 1852 2103 anchoris
1876 2063 2093 2103 manse.

512 2145 652 2201 runt,
684 2147 922 2193 austrum
951 2147 1325 2209 exspectantes
1344 2139 1704 2207 utApameam
1735 2142 2088 2209 appellarent.

514 2228 645 2281 Cum
685 2242 813 2298 ergo
856 2229 1077 2284 biduum
1110 2228 1283 2300 jejuni
1328 2230 1715 2296 perstitissent,
1759 2230 1810 2284 in
1854 2232 2094 2286 navicula

511 2320 688 2389 agitati
714 2361 730 2386 ,
764 2322 917 2376 tertia
944 2322 1349 2399 die_Apameam
1375 2322 1632 2392 appulere
1655 2365 1670 2391 ,
1718 2324 1806 2378 ubi
1833 2323 2092 2379 Joannem

512 2419 752 2465 nostrum
779 2413 1167 2481 exspectabant
1180 2412 1381 2468 Paulus
1408 2452 1421 2476 ,
1462 2412 1691 2484 Cyrinus
1717 2425 1769 2468 et
1803 2412 2092 2468 Palladius.

511 2499 618 2554 llos
639 2501 778 2556 enim
802 2503 899 2557 viae
922 2505 1143 2560 comites
1165 2512 1536 2573 assumpserat
1551 2504 1982 2576 Chrysostomus,
2005 2522 2096 2576 pe-

508 2588 770 2660 dibusque
812 2593 1055 2648 confecto
1097 2595 1286 2651 itinere
1325 2593 1592 2666 Ephesum
1639 2597 1974 2666 perveniunt.
2030 2597 2097 2652 Et

508 2685 839 2752 congregatis
863 2684 1045 2757 Lydia:
1066 2726 1081 2751 ,
1114 2686 1256 2742 Asia:
1277 2728 1291 2753 ,
1324 2696 1483 2757 atque
1508 2685 1679 2740 Caria:
1706 2688 1969 2757 episcOpis
1992 2703 2093 2742 nu-

508 2788 659 2829 mero
687 2776 1018 2847 septuaginta
1038 2817 1056 2844 ,
1087 2777 1156 2833 de
1180 2777 1605 2834 ordinationibus
1632 2776 1886 2833 faciendis
1914 2780 2091 2834 statim

507 2872 684 2919 actum
727 2873 830 2921 est.
884 2867 1032 2922 Multi
1084 2875 1212 2922 tunc
1253 2868 1610 2931 advenerant,
1663 2870 1998 2940 maximeque
2025 2886 2093 2926 ex

508 2952 825 3027 Phrygibus,
847 2972 955 3012 uno
978 2957 1228 3013 audiendi
1255 2958 1622 3030 Chrysostomi
1644 2959 1818 3013 studio
1839 2959 2090 3031 permoti,

507 3054 620 3101 tum
651 3047 880 3104 maxime
904 3049 1023 3120 ejus
1050 3052 1308 3121 sapientia
1336 3051 1548 3107 fruituri
1569 3093 1583 3115 ,
1614 3066 1734 3107 cum
1762 3050 1972 3107 afﬂictis
2003 3066 2091 3108 re-

507 3136 607 3191 bus
630 3137 877 3195 Asiaticis
902 3180 917 3206 ,
949 3149 1002 3195 et
1028 3156 1058 3195 a
1085 3141 1265 3197 multis
1289 3141 1380 3211 qui
1410 3142 1611 3198 zizania
1659 3144 1997 3198 inseruerant
2036 3144 2089 3199 in

506 3226 827 3285 deteriorem
871 3239 1066 3285 statum
1114 3232 1346 3289 reductis
1385 3250 1397 3285 :
1442 3248 1565 3288 nam
1614 3232 1966 3303 proﬂuentem
2020 3234 2088 3303 pii

504 3316 739 3374 doctoris
764 3319 1117 3391 eloquentiam
1144 3323 1306 3379 tantis
1329 3323 1480 3378 malis
1500 3323 1747 3379 solatium
1774 3324 2087 3380 afferentem

506 3411 783 3480 excepturi
811 3421 982 3468 erant.

574 3498 781 3556 Interea
807 3503 1308 3561 accessitEusebius
1337 3505 1425 3560 ille
1445 3505 2088 3577 Valentinianopolitanus

505 3590 785 3662 episcopus
826 3591 1073 3663 (Pallad.
1118 3596 1328 3666 p.155.
1379 3598 1557 3669 156),
1601 3599 1670 3655 de
1710 3617 1818 3671 quo
1863 3603 2087 3671 plurima

507 3679 740 3737 diximus
767 3697 949 3753 supra,
979 3684 1068 3754 qui
1097 3700 1189 3739 sex
1218 3686 1499 3757 episcopos
1528 3689 1660 3744 alios
1682 3691 1988 3755 accusabat,
2019 3691 2086 3746 ad

513 3775 942 3831 communionem
972 3776 1180 3832 admitti
1223 3793 1440 3854 rogans.
1492 3779 1688 3836 Contra
1718 3798 1844 3838 vero
1871 3784 2084 3854 quidam

504 3863 735 3935 episcopi
764 3880 868 3920 non
891 3849 1276 3923 admittendum
1297 3870 1566 3938 dicebant,
1587 3881 1770 3942 utpote
1791 3849 2089 3946 sycophan-

507 3965 635 4008 tam.
685 3954 867 4026 Pergit
898 3957 988 4012 ille
1013 3958 1349 4029 supplicans,
1382 3961 1504 4032 quia
1538 3965 1647 4032 jam
1685 3964 1901 4020 biennio
1927 3980 2086 4020 causa

504 4047 844 4113 examinata,
898 4059 953 4105 et
1000 4066 1104 4105 non
1155 4051 1561 4110 advenientibus
1610 4056 1833 4112 testibus
1878 4057 2086 4127 longius

434 4195 443 4203 .
501 4144 735 4191 extracta
782 4136 990 4206 fuerat,
1041 4149 1099 4196 ut
1142 4150 1307 4198 testes
1353 4144 1889 4215 producanturzetsi
1936 4150 2084 4203 enim

500 4229 833 4297 Antoninus,
863 4232 951 4302 qui
977 4249 1225 4291 nummos
1246 4246 1527 4306 acceperat
1557 4250 1613 4293 ut
1638 4238 1948 4306 ordinaret,
1975 4240 2083 4309 jam

503 4330 748 4378 mortuus
767 4333 903 4391 erat,
926 4342 1211 4396 superesse
1241 4336 1417 4384 tamen
1447 4345 1560 4397 eos,
1590 4331 1681 4401 qui
1706 4334 1931 4401 pecunia
1963 4332 2086 4387 data

503 4413 729 4469 ordinati
742 4415 970 4473 fuerant.
988 4419 1237 4490 Synodus
1250 4436 1375 4475 vero
1391 4437 1503 4476 rem
1522 4424 1883 4492 ,perquirenda
1894 4440 1943 4479 m
1966 4439 2086 4480 esse

503 4503 730 4556 censuit.
762 4504 943 4559 Primo
972 4507 1107 4562 lecta
1135 4518 1261 4562 sunt
1287 4520 1444 4573 acta;
1476 4509 1701 4580 ingressi
1730 4522 1855 4567 sunt
1884 4524 2082 4581 testes;

504 4604 707 4647 necnon
756 4608 851 4647 sex
890 4594 1005 4661 illi,
1044 4596 1136 4667 qui
1180 4600 1404 4667 pecunia
1435 4600 1557 4655 data
1583 4601 1813 4658 ordinati
1851 4602 2084 4660 fuerant.

504 4681 572 4737 Et
594 4683 743 4739 initio
769 4686 982 4756 quidem
1010 4690 1304 4760 negabant;
1338 4693 1658 4749 instantibus
1684 4711 1814 4752 vero
1840 4698 2084 4765 testibus,

502 4790 724 4842 quorum
752 4779 965 4848 quidam
986 4782 1104 4838 laici
1122 4793 1296 4851 erant,
1318 4793 1374 4841 et
1397 4786 1609 4857 quidam
1632 4789 1949 4862 presbyteri,
1972 4792 2091 4861 qui-

501 4866 601 4923 bus
630 4885 743 4925 rem
786 4870 1119 4931 confidenter
1164 4878 1440 4947 aperuisse
1480 4878 1829 4949 videbantur,
1875 4897 2085 4938 necnon

502 4958 817 5017 mulieribus
838 4965 1129 5035 nonnullis,
1152 4983 1271 5038 quae
1296 4978 1351 5025 et
1371 4969 1650 5041 pignorum
1681 4985 1776 5027 seu
1798 4987 2085 5029 munerum

501 5051 769 5123 speciem,
808 5065 865 5111 et
901 5057 1012 5113 loca
1044 5067 1101 5115 et
1128 5069 1366 5130 tempora
1393 5072 1448 5118 et
1487 5066 1836 5135 quantitatem
1878 5066 2084 5122 indica-

500 5143 651 5211 bant,
681 5147 1003 5206 reclamante
1034 5152 1160 5209 item
1186 5156 1509 5212 conscientia
1530 5201 1544 5223 ,
1576 5159 1736 5223 ultro,
1768 5175 1868 5215 nec
1898 5161 2087 5229 majori

501 5241 821 5298 necessitate
853 5245 1148 5315 compulsi,
1191 5249 1423 5305 confessi
1464 5262 1589 5306 sunt
1625 5267 1684 5309 se
1714 5268 1938 5309 munera
1972 5254 2085 5309 sol-

507 5330 645 5389 \‘isse
672 5374 689 5400 ,
720 5335 880 5391 talem
920 5353 1040 5393 esse
1064 5342 1502 5398 consuetudinem
1529 5353 1778 5414 putantes
1799 5388 1814 5407 ,
1862 5355 1915 5401 et
1942 5360 2083 5401 nunc

503 5432 691 5487 orare,
720 5427 765 5480 si
792 5427 868 5481 fas
896 5438 1071 5486 tamen
1092 5442 1253 5497 esset,
1289 5434 1341 5488 in
1371 5434 1625 5491 Ecclesia:
1645 5437 1945 5494 ministerio
1972 5453 2087 5493 scr-

505 5514 652 5578 vari;
697 5519 780 5572 sin
823 5522 1033 5591 minus,
1084 5534 1142 5580 ut
1183 5540 1406 5594 aurum,
1453 5527 1595 5596 quod
1632 5529 1938 5598 solverant,
1983 5531 2085 5585 sibi

507 5605 816 5663 redderetur
841 5629 854 5665 :
886 5617 1098 5684 quidam
1123 5619 1265 5673 enim
1294 5634 1362 5674 ex
1389 5620 1492 5674 illis
1520 5634 1745 5674 uxorum
1784 5622 2088 5691 supellecti-

503 5696 609 5758 lem
634 5700 914 5759 dederant.
957 5707 1093 5763 Tum
1120 5709 1352 5766 Joannes
1377 5710 1792 5784 Chrysostomus
1821 5728 1851 5768 e
1886 5728 1945 5767 re
1974 5713 2087 5768 fore

501 5794 607 5848 sibi
625 5792 790 5847 videri
808 5793 960 5862 dixit,
980 5800 1021 5851 si
1040 5799 1244 5868 juberet
1262 5805 1507 5875 Synodus
1524 5804 1673 5860 reddi
1693 5804 1794 5860 illis
1814 5821 2000 5861 aurum
2019 5806 2086 5860 ab

1584 378 1641 433 S.
1686 374 1963 434 JOANNIS
2000 373 2475 433 CllRYSOSTOMl
2519 374 2697 440 “TA,
3657 382 3735 441 184

2206 490 2529 547 hteredibus.
2551 489 2810 559 Praecepit
2835 504 2964 559 ergo
2985 487 3253 559 Synodus,
3278 499 3332 543 ut
3351 489 3603 547 illicontra
3620 494 3737 567 leges

2203 596 2383 638 sacras
2406 580 2634 637 ordinati
2661 595 2849 635 aurum
2872 594 3026 635 suum
3056 580 3357 650 reciperent
3386 580 3454 636 ab
3476 580 3737 643 heredibus

2203 672 2497 739 Antonini,
2524 682 2577 727 et
2603 670 3062 727 communicarent
3087 671 3224 727 intra
3250 672 3415 728 altare
3441 691 3454 727 :
3477 684 3641 731 essent
3663 691 3741 730 au-

2205 776 2311 821 tem
2337 765 2450 835 jam
2477 781 2583 820 non
2613 764 2922 821 sacerdotes
2941 806 2956 828 ,
2993 763 3087 819 sed
3115 779 3180 820 ex
3206 764 3560 821 sacerdotibus
3583 783 3595 819 :
3619 766 3684 823 Ne
3704 772 3741 823 si

2203 859 2303 914 ista
2320 858 2756 922 concederemus,
2781 872 2899 912 mos
2926 855 3075 911 ﬂeret
3102 856 3354 912 Judaicus
3376 867 3463 913 aut
3478 856 3738 930 Egyptius,

2203 948 2465 1002 vendendi
2488 958 2646 1017 atque
2672 946 2885 1003 emendi
2915 945 3298 1002 sacerdotium.
3334 946 3609 1004 Dicebatur
3625 950 3737 1004 enim

2204 1038 2511 1093 Iudaeorum
2542 1036 2896 1108 patriarcham
2926 1037 3149 1108 singulis
3177 1038 3332 1093 annis
3355 1078 3371 1103 ,
3416 1047 3504 1093 aut
3529 1053 3654 1096 anno
3678 1041 3740 1094 in-

2206 1128 2428 1199 terjecto
2448 1169 2462 1191 ,
2503 1144 2534 1183 a
2556 1142 2842 1199 synagoga;
2868 1128 3195 1198 principibus
3235 1127 3424 1183 mutari
3448 1168 3464 1195 ,
3504 1128 3565 1185 ad
3594 1144 3741 1186 corra-

2207 1219 2433 1275 dendam
2463 1221 2765 1290 pecuniam.

2276 1313 2477 1369 Horum
2504 1317 2743 1369 omnium
2774 1315 3056 1370 exstabant
3081 1323 3197 1370 acta
3219 1323 3273 1371 et
3308 1315 3538 1386 judicum
3561 1296 3742 1372 nomina

2206 1402 2441 1473 (Pallad.
2482 1422 2534 1475 p.
2568 1404 2692 1475 157)
2724 1421 2738 1458 :
2775 1419 2839 1460 ac
2874 1404 2964 1474 qui
3008 1405 3217 1459 fuerant
3262 1405 3531 1475 depositi,
3577 1405 3741 1478 Synodi

2200 1496 2403 1566 judicio
2427 1497 2811 1567 acquieverunt
2835 1537 2849 1563 ,
2893 1512 3136 1569 unusque
3160 1513 3224 1554 ex
3253 1498 3357 1553 illis
3387 1498 3550 1553 factus
3573 1509 3645 1554 est
3667 1514 3741 1554 ne-

2203 1589 2469 1657 gotiorum
2495 1588 2822 1658 publicorum
2852 1588 3122 1645 defensor.
3148 1588 3202 1643 ln
3221 1589 3575 1661 depositorum
3599 1600 3743 1644 autem

2206 1678 2378 1734 locum
2400 1679 2591 1735 delecti
2613 1689 2737 1735 sunt
2754 1681 2843 1735 alii
2864 1696 2971 1737 non
3000 1681 3266 1753 conjngati
3295 1724 3310 1749 ,
3338 1683 3445 1737 vita
3475 1690 3526 1738 et
3543 1682 3743 1738 doctrina

2206 1772 2397 1826 ornati.
2449 1771 2781 1829 Heraclidem
2810 1787 2939 1829 vero
2973 1775 3025 1829 in
3055 1775 3310 1829 Antonini
3340 1776 3509 1831 locum
3535 1775 3744 1847 Synodns

2204 1864 2498 1929 constituit,
2518 1865 2688 1919 virum
2714 1864 3004 1937 encyclicis
3029 1864 3327 1936 disciplinis
3348 1866 3541 1937 optime
3565 1867 3744 1921 institu-

2207 1966 2316 2010 tum
2333 1998 2347 2023 ,
2393 1966 2449 2012 et
2482 1958 2533 2010 in
2563 1955 2759 2012 divinis
2787 1956 3077 2026 Scripturis
3104 1958 3342 2027 peritum
3365 2000 3380 2024 ,
3405 1959 3494 2029 qui
3522 1960 3571 2013 in
3594 1972 3745 2014 eremo

2205 2048 2552 2103 monasticam
2583 2049 2741 2103 vitam
2767 2056 2984 2119 egerat,
3013 2056 3068 2103 et
3095 2049 3185 2119 qui
3218 2063 3315 2118 per
3345 2057 3453 2105 tres
3480 2064 3633 2105 annos
3653 2049 3744 2103 dia-

2207 2151 2373 2194 conus
2398 2137 2588 2193 fuerat.
2620 2138 2887 2194 Palladius
2916 2154 3044 2194 vero
3068 2180 3080 2203 ,
3107 2138 3197 2209 qui
3229 2138 3355 2195 huic
3380 2139 3586 2212 Synodo
3609 2139 3742 2193 inter-

2205 2229 2402 2295 fuerat,
2438 2229 2567 2284 dicit
2592 2229 2853 2285 Joannem
2897 2244 2996 2285 sex
3027 2230 3310 2299 episcopos
3355 2230 3408 2285 in
3449 2231 3542 2285 hac
3574 2230 3745 2285 scilicet

2204 2321 2474 2391 provincia
2509 2330 2711 2376 tantum
2747 2316 3097 2393 deposuisse,
3132 2336 3234 2375 non
3276 2333 3456 2377 autem
3494 2318 3743 2383 sexdecim,

2204 2420 2262 2467 ut
2287 2412 2642 2468 mentiebatur
2662 2410 3012 2482 Theophilus,
3035 2410 3407 2483 Chrysostomi
3438 2420 3685 2467 accusator
3705 2420 3746 2464 ct

2205 2503 2469 2557 inimicus.

2275 2590 2605 2647 Sozomenus
2649 2608 2776 2648 vero
2823 2593 2952 2648 dicit
3002 2593 3235 2665 (Sozam.
3267 2594 3307 2649 ι.
3345 2594 3399 2650 8.
3443 2610 3489 2648 c.
3519 2592 3572 2665 6)
3605 2593 3744 2662 ipsum

2204 2683 2461 2739 tredecim
2510 2683 2790 2755 episcopos
2829 2685 3144 2755 deposuisse
3193 2686 3389 2755 partim
3435 2685 3487 2739 in
3530 2683 3669 2755 Lycia
3705 2690 3746 2735 et

2203 2775 2431 2848 Phrygia
2453 2818 2468 2843 ,
2518 2778 2709 2847 partim
2739 2777 2791 2832 in
2822 2777 2945 2832 Asia
2971 2819 2986 2842 ,
3019 2778 3090 2832 ita
3129 2786 3187 2832 ut
3218 2792 3344 2832 cum
3388 2785 3519 2832 teste
3544 2772 3744 2830 Palladio

2206 2879 2332 2925 tunc
2354 2878 2614 2940 prtesente
2641 2885 2736 2925 sex
2766 2871 2818 2924 in
2853 2870 2977 2925 Asia
3008 2870 3347 2939 deposuerit,
3395 2878 3592 2939 septem
3614 2866 3744 2919 etiam

2203 2961 2257 3016 in
2286 2961 2444 3033 Lycia
2470 2973 2524 3016 et
2563 2961 2793 3033 Phrygia
2844 2977 2910 3017 ex
2952 2960 3170 3016 sedibus
3215 2960 3464 3016 moverit.
3507 2958 3637 3013 Inter
3670 2954 3746 3008 hos

2201 3062 2377 3108 autem
2404 3052 2718 3108 Gerontium
2744 3052 3208 3108 Nieomediensem
3236 3053 3543 3123 episcopum
3568 3064 3625 3105 ex
3644 3043 3746 3102 sede

2200 3144 2424 3214 expulit.
2455 3143 2554 3199 Hic
2587 3154 2765 3199 autem
2793 3159 2914 3200 cum
2951 3144 3232 3199 Mediolani
3259 3143 3518 3200 diaconus
3543 3149 3697 3202 esset,
3722 3150 3745 3189 a

2201 3233 2260 3290 S.
2302 3233 2586 3290 Ambrosio
2628 3235 2882 3306 episcopo
2918 3243 2977 3289 ut
3013 3249 3166 3290 sacro
3198 3234 3499 3289 ministerio
3535 3231 3745 3300 indignus

2200 3327 2452 3395 expulsus
2498 3323 2690 3380 fuerat.
2742 3325 2877 3381 Hinc
2903 3339 3025 3380 cum
3060 3323 3560 3396 Constantinopolin
3600 3321 3746 3376 venis-

2201 3426 2303 3487 set,
2342 3428 2402 3473 ut
2424 3426 2541 3474 erat
2565 3419 2712 3473 vafer
2740 3427 2794 3473 et
2820 3426 3030 3473 astutus
3055 3459 3068 3481 ,
3102 3416 3463 3486 quorumdam
3497 3429 3592 3485 ope
3617 3411 3743 3466 Nico-

2200 3509 2529 3565 mediensem
2554 3508 2909 3579 episcopalem
2937 3508 3121 3565 sedem
3147 3508 3375 3578 adeptus
3397 3517 3497 3564 est.
3529 3507 3601 3561 lie
3625 3518 3745 3559 cont-

2201 3612 2349 3672 perta
2380 3602 2695 3658 Ambrosius
2722 3601 2969 3657 Nectario
2994 3602 3249 3671 episcopo
3291 3592 3746 3667 Constantinopoli-

2200 3703 2326 3749 tano
2387 3694 2598 3765 scripsit
2628 3735 2642 3759 ,
2692 3704 2748 3748 ut
2792 3692 3110 3748 Gerontium
3163 3708 3230 3747 ex
3283 3690 3571 3763 episcopali
3610 3684 3745 3758 gradu

2198 3784 2475 3856 dejiceret.
2521 3785 2660 3840 Nihil
2707 3802 2812 3840 non
2861 3785 2969 3856 egit
3014 3785 3334 3850 Nectarius,
3378 3792 3438 3839 ut
3473 3777 3745 3838 Gerontium

2198 3878 2525 3949 deponeret;
2569 3877 2664 3934 sed
2710 3877 2901 3932 frustra
2941 3892 3156 3932 cessere
3193 3884 3422 3932 conatus
3454 3868 3745 3929 :Gerontius

2198 3971 2340 4024 enim
2358 3969 2852 4025 Nicomediensibus
2868 3968 3157 4024 admodum
3176 3976 3360 4039 gratus
3376 3976 3512 4033 erat,
3528 3961 3742 4034 quoniam

2197 4063 2250 4116 in
2264 4061 2526 4117 medicina
2549 4062 2770 4131 peritus,
2802 4061 2947 4116 illam
2967 4069 3135 4116 artem
3158 4059 3462 4123 exercebat,
3478 4072 3539 4113 ac
3553 4049 3748 4111 dexteri-

2197 4163 2306 4211 tate
2327 4163 2384 4210 et
2403 4154 2713 4222 sedulitate,
2754 4155 2926 4225 inquit
2951 4154 3281 4210 Sozomenus
3303 4194 3319 4218 ,
3347 4168 3473 4224 erga
3501 4160 3674 4206 omnes
3696 4156 3745 4195 ex

2195 4262 2372 4318 aequo,
2407 4256 2511 4301 tam
2534 4262 2795 4318 pauperes
2821 4260 2979 4317 quam
3007 4244 3221 4311 divites,
3254 4244 3522 4300 utebatur.
3549 4239 3748 4296 Joannes

2198 4356 2326 4394 vero
2357 4338 2506 4393 illum
2551 4338 2838 4409 deposuit,
2887 4345 2941 4392 et
2980 4338 3032 4392 in
3071 4336 3246 4392 locum
3272 4336 3393 4405 ejus
3425 4326 3744 4399 Pansophim"

2194 4429 2481 4485 ordinavit.
2504 4428 2633 4495 Qua:
2654 4443 2741 4484 res
2767 4427 3259 4483 Nicomediensibus
3283 4424 3569 4479 admodum
3597 4413 3749 4485 displi-

2195 4521 2325 4588 cuit,
2359 4534 2459 4574 nee
2483 4535 2638 4574 secus
2667 4534 2826 4589 quam
2862 4519 2914 4572 in
2943 4517 3266 4580 calamitate,
3306 4524 3402 4568 aut
3434 4524 3583 4568 terra:
3606 4518 3745 4563 motu.

2193 4612 2279 4667 vel
2304 4611 2563 4677 siccitate,
2592 4626 2688 4680 per
2710 4609 2910 4679 plateas
2940 4606 3168 4662 civitatis
3194 4620 3307 4659 sua:
3332 4613 3389 4659 et
3411 4595 3749 4657 Constantinu-

2196 4705 2303 4776 poli
2332 4705 2730 4759 circumeuntes
2773 4701 3106 4772 psallebant,
3154 4700 3372 4768 Deoque
3417 4688 3750 4764 supplicabant

2195 4805 2253 4851 ut
2279 4797 2427 4852 illum
2452 4796 2762 4865 episcopum
2786 4793 3066 4848 haberent.
3108 4790 3235 4846 Haac
3270 4803 3402 4844 vero
3425 4776 3750 4875 Gerontii-de-

2196 4888 2388 4960 positio
2426 4887 2528 4942 sub
2574 4886 2692 4941 haec
2735 4884 2929 4942 Joanni
2969 4882 3358 4954 Chrysostomo
3403 4877 3607 4946 objecta
3650 4869 3745 4919 fuit.

2193 4979 2409 5052 quando
2436 4978 2526 5034 illa
2561 4987 2706 5032 tanta
2735 4976 2992 5032 adversus
3028 4975 3201 5045 ipsum
3231 4976 3521 5038 tempestas
3545 4970 3652 5052 orta
3683 4963 3749 5008 es!

2196 5051 2372 5146 (Socr.
2405 5071 2444 5126 ι.
2476 5070 2529 5126 6.
2553 5086 2599 5123 ο.
2629 5071 2717 5124 il.
2747 5078 2795 5122 et
2824 5066 2936 5137 l9).
2981 5060 3290 5121 Novatianis
3326 5064 3578 5149 autemet
3603 5051 3748 5149 puer-

2195 5141 2545 5219 todecimanis
2570 5161 2796 5230 aliisque
2809 5157 3075 5213 hatreticis
3092 5154 3284 5209 multas
3294 5148 3546 5206 ecclesias
3558 5141 3744 5200 ademit-

2194 5256 2372 5325 Atque
2398 5252 2594 5322 Ephesi
2616 5267 2736 5307 cum
2762 5259 2925 5316 esset,
2957 5248 3127 5318 inquit
3153 5242 3396 5308 Proclus,
3427 5238 3579 5295 Midae
3605 5232 3749 5331 culum

2194 5359 2449 5401 arcanum
2492 5358 2654 5399 omne
2689 5341 2922 5406 detexit;
2961 5348 3017 5396 et
3043 5352 3162 5394 cum
3189 5336 3244 5391 in
3278 5332 3561 5405 Phrygiam
3596 5336 3745 5380 rems-

2195 5447 2307 5501 sct,
2351 5433 2504 5488 Matri
2548 5435 2714 5489 Deum
2744 5430 2962 5503 Cybelae
2990 5428 3128 5484 filios
3155 5438 3346 5483 omnes
3374 5419 3621 5479 abstulit,
3649 5422 3746 5465 etim

2195 5542 2381 5581 eorum
2411 5525 2604 5594 templa
2633 5523 2918 5579 destruxit.
3733 5591 3739 5599 ν

2267 5624 2538 5677 lieversus
2575 5620 2990 5692 Chrysostomns
3022 5616 3145 5687 (Jo.
3170 5613 3353 5682 Chrys.
3387 5619 3425 5662 ι.
3458 5609 3510 5668 5.
3562 5620 3604 5657 c.
3630 5599 3747 5692 57‘9)

2196 5726 2261 5766 ex
2295 5713 2420 5765 Asia
2459 5713 2611 5780 quasi
2642 5685 2710 5764 ex
2738 5710 2894 5780 longa
2940 5685 3402 5778 peregrinatione,
3434 5699 3486 5753 in
3525 5708 3618 5767 qua
3651 5685 3747 5757 t"us

2195 5820 2353 5876 quam
2369 5815 2580 5860 centum
2600 5804 2713 5859 dies
2728 5795 3367 5873 iusumpserat,postridie
3382 5791 3660 5848 orationem
3679 5785 3746 5832 ιω·
