3948 6406
210 369 302 426 135

205 487 316 541 huit
340 486 404 541 ad
437 489 689 558 populum
717 506 895 558 suum,
923 506 1080 562 quem
1109 493 1330 548 summis
1359 493 1601 548 laudibus
1627 497 1799 548 cxtol-

207 577 262 632 lit
298 577 440 648 quod
472 595 593 634 cum
627 591 774 637 tanto
807 583 1000 652 gaudio
1043 583 1192 638 illum
1224 583 1536 638 redeuutem
1566 599 1797 653 excepe-

205 673 330 737 rint,
358 671 504 742 quod
528 673 797 728 civitatem
825 681 990 729 totam
1016 675 1067 729 in
1095 674 1380 730 ecclesiam
1409 678 1792 737 converterint,

202 761 344 831 quod
368 777 490 816 cum
515 763 781 818 luereticis
804 765 1072 820 colluctati
1095 766 1222 820 sint.
1248 766 1516 837 Nusquam
1536 781 1662 821 vero
1683 776 1800 820 tan.

203 861 314 906 tum
345 852 525 923 gaudii
555 855 828 920 exhibuit,
857 864 1113 924 quantum
1157 857 1209 910 in
1241 855 1340 910 hac
1379 857 1638 910 concione
1660 895 1677 920 ,
1707 856 1796 910 ubi

202 953 350 999 certe
374 944 462 1000 vel
499 946 673 1014 primo
701 945 895 1000 intuitu
922 946 1246 1016 percipitur,
1275 961 1379 1000 non
1409 948 1616 1000 minore
1645 945 1796 1000 illum

201 1037 473 1092 desiderio
497 1037 567 1092 ad
597 1038 805 1106 plebem
835 1038 1139 1093 revertendi
1181 1046 1394 1108 captmn
1425 1039 1608 1104 fuisse,
1636 1054 1795 1108 quam

204 1127 433 1194 repulus
457 1136 597 1180 totus
619 1127 847 1197 pastoris
867 1127 948 1182 sui
974 1127 1218 1184 absentis
1240 1127 1528 1198 recipiendi
1550 1129 1796 1198 cupidine

203 1217 504 1271 tenebatur.

271 1309 573 1378 Regressus
603 1325 730 1366 vero
773 1309 1127 1382 deprehendit
1167 1311 1520 1367 Severianum
1564 1311 1794 1367 Gabalo-

201 1417 319 1454 rum
365 1402 834 1474 episcopumkcui'
861 1405 913 1458 in
940 1403 1266 1473 profectione
1286 1420 1382 1461 sua
1407 1419 1623 1474 gregem
1640 1420 1792 1458 suum

200 1491 708 1559 commendaverat,
747 1493 876 1548 nihil
922 1509 1027 1548 non
1071 1495 1246 1564 egisse
1292 1504 1347 1548 ut
1391 1495 1680 1564 populum,
1710 1496 1796 1549 cui

201 1599 347 1652 sepe
367 1578 802 1650 coneionabatur,
823 1585 923 1642 sibi
945 1587 1268 1652 conciliaret,
1291 1595 1345 1641 et
1367 1601 1396 1639 a
1415 1587 1794 1658 Chrysostomo

91 1685 508 1764 {,mx'erteret;
537 1686 696 1748 atque
716 1720 730 1744 ,
765 1688 822 1733 ut
865 1680 1177 1747 putabatur,
1213 1688 1269 1733 ut
1309 1679 1456 1732 illum
1485 1695 1515 1733 a
1545 1693 1638 1733 sua
1667 1679 1793 1733 sede

181 1768 534 1834 deturbaret,
567 1785 729 1838 seque
758 1773 809 1825 in
839 1771 954 1840 ejus
985 1773 1158 1825 locum
1187 1771 1553 1836 substitueret,
1578 1771 1793 1840 jamque

203 1876 232 1914 a
272 1859 568 1930 Serapione
613 1861 836 1916 diacono
895 1863 1127 1916 monitus
1175 1861 1588 1933 Chrysostomus
1613 1903 1628 1928 ,
1668 1862 1791 1916 dum

203 1952 399 2006 absens
416 1960 578 2019 esset,
598 1961 718 2021 post
738 1952 964 2008 reditum
987 1969 1100 2008 rem
1120 1954 1420 2009 accuratius
1439 1954 1792 2019 examinavit;

203 2057 267 2096 ac
283 2058 466 2097 veram
485 2056 605 2098 esse
633 2043 899 2113 cognovit.
931 2044 1058 2098 Erat
1075 2052 1251 2098 autem
1268 2043 1587 2100 Severianus
1601 2061 1795 2116 genere

204 2131 374 2204 Syrus
393 2175 410 2200 ,
441 2134 761 2203 eloquentia:
799 2134 1020 2189 studens
1039 2177 1054 2201 ,
1086 2135 1240 2204 cujus
1270 2135 1516 2190 homilias
1539 2137 1792 2206 quasdam

205 2223 486 2288 habemus,
501 2239 724 2294 quarum
741 2225 910 2296 stylus
925 2226 1120 2296 aliquid
1140 2227 1458 2282 inventionis
1473 2243 1583 2297 pra:
1599 2243 1658 2283 se
1675 2229 1792 2294 fert,

203 2315 302 2369 sed
320 2316 581 2386 strigosus
607 2328 660 2371 et
684 2333 841 2388 aSper
862 2327 944 2373 est
965 2335 980 2383 ;
1012 2321 1079 2374 ita
1098 2330 1152 2374 ut
1178 2320 1533 2389 eloquentiam
1551 2321 1666 2389 ejus
1692 2321 1799 2376 fer-

205 2424 355 2464 ream
387 2418 541 2464 vocet
568 2410 816 2466 Savilius.
845 2411 893 2466 Is
924 2413 1100 2484 itaque
1128 2421 1182 2468 et
1209 2413 1345 2468 alius
1369 2414 1649 2484 episcOpus
1676 2415 1799 2468 Pto-

204 2498 454 2555 leinaidis
475 2541 490 2565 ,
523 2501 815 2557 Antiochus
860 2505 1111 2569 nomine,
1141 2504 1228 2573 qui
1273 2505 1593 2574 eloquentiae
1636 2507 1794 2560 etiam

201 2589 477 2658 studebat,
509 2592 646 2648 inter
676 2595 1027 2664 primipilares
1051 2595 1271 2652 Joannis
1308 2595 1672 2668 Chrysostomi
1701 2599 1796 2652 iui-

203 2681 380 2736 micos
415 2683 666 2754 deinceps
685 2687 1124 2742 numerabuutur.
1156 2687 1480 2744 Severianus
1503 2704 1606 2744 non
1629 2690 1797 2759 plebis

202 2776 370 2830 modo
388 2776 991 2849 Constantinopolitana:
1015 2781 1261 2836 affectum
1293 2794 1346 2836 et
1373 2782 1795 2838 benevolentiam

200 2866 310 2921 sibi
337 2876 553 2936 captare
580 2869 862 2936 studebat,
897 2871 988 2925 sed
1031 2873 1188 2926 etiam
1219 2873 1270 2926 in
1297 2872 1637 2942 Imperatoria
1677 2874 1797 2927 aula

199 2957 306 3010 sibi
340 2958 592 3012 Eudoxia:
616 2961 867 3028 Augustae
884 2962 1107 3031 gratiam
1127 2964 1523 3029 conciliaverat,
1551 2964 1799 3020 ambitio-

202 3049 288 3105 nis
309 3049 490 3103 studio
517 3059 808 3120 permotus.
839 3053 988 3106 Ca'ca
1011 3055 1150 3108 enim
1179 3065 1230 3109 et
1257 3057 1533 3110 temeraria
1561 3056 1801 3110 domina-

203 3142 341 3195 trice
367 3143 531 3196 animi
560 3144 846 3213 cupiditate
877 3145 1174 3200 stimulatus
1205 3148 1407 3202 nullum
1441 3148 1665 3217 lapidem
1694 3164 1798 3202 non

200 3243 470 3288 moverat.

271 3325 438 3380 Aliud
455 3325 523 3381 de
546 3325 838 3383 Severiano
858 3329 1019 3384 refert
1038 3329 1280 3386 Socrates
1301 3331 1476 3401 (Socr.
1503 3332 1540 3387 ι.
1565 3332 1616 3387 6.
1640 3350 1686 3389 c.
1714 3334 1798 3387 il.

201 3419 418 3471 .‘iozom.
445 3420 483 3472 ι.
515 3418 567 3472 8.
595 3436 643 3472 c.
675 3418 798 3488 10),
826 3421 965 3490 quod
991 3436 1187 3490 nempe
1211 3422 1432 3492 Serapio
1451 3463 1465 3488 ,
1490 3423 1558 3477 de
1583 3439 1689 3493 quo
1716 3439 1804 3478 su-

203 3527 322 3578 pra,
349 3527 470 3565 cum
498 3512 710 3567 sederet
735 3513 1040 3582 aliquando,
1068 3515 1360 3568 transeunti
1391 3515 1679 3570 Severiano
1704 3517 1802 3570 ho—

203 3618 393 3656 norem
423 3603 675 3672 episcopo
704 3603 940 3659 debitum
973 3620 1076 3660 non
1111 3607 1439 3675 prmstiterit,
1471 3608 1563 3662 sed
1592 3608 1643 3661 in
1676 3609 1804 3664 sede

198 3711 299 3748 sua
326 3697 698 3765 permanserit.
731 3697 842 3764 Qua
875 3713 931 3752 re
959 3709 1228 3766 permotus
1257 3700 1594 3766 Severianus,
1625 3717 1804 3756 coram

199 3787 459 3842 munibus
485 3787 617 3841 dixit
647 3805 660 3839 :
693 3786 753 3842 Si
787 3787 1002 3859 Serapio
1027 3791 1272 3844 moriatur
1295 3789 1633 3858 Christianus,
1659 3793 1808 3847 Chri-

196 3887 312 3932 stus
336 3877 485 3931 homo
512 3894 613 3932 non
644 3882 807 3948 factus
837 3889 930 3934 est.
960 3880 1071 3936 lloc
1090 3880 1289 3936 dictum
1314 3893 1460 3939 certe
1481 3883 1804 3954 impietatem

196 3969 381 4038 sapit;
409 3967 629 4038 Serapio
653 3978 832 4025 autem
868 3971 1115 4042 maligne,
1134 3973 1364 4043 demptis
1391 3975 1655 4043 prioribus
1685 3992 1806 4031 ver-

199 4060 309 4126 bis,
327 4059 630 4118 affirmabat
653 4064 999 4120 Severianum
1019 4066 1132 4121 haec
1153 4069 1440 4137 protulisse
1460 4071 1640 4136 verba,
1661 4070 1807 4124 Clari-

195 4163 311 4208 stus
341 4156 493 4209 homo
521 4159 686 4224 factus
716 4176 815 4212 non
848 4169 922 4212 est
947 4202 961 4228 ,
992 4162 1296 4231 multosque
1324 4177 1434 4216 sua:
1461 4162 1705 4216 factionis
1733 4171 1808 4216 te-

194 4254 318 4299 stes
349 4246 698 4314 producebat,
731 4251 818 4320 qui
847 4251 948 4305 hoc
977 4266 1034 4307 se
1062 4269 1090 4306 a
1116 4251 1406 4308 Severiano
1430 4253 1628 4308 dictum
1658 4255 1808 4309 audi-

197 4338 356 4392 visse
380 4339 730 4406 affirmarent,
762 4343 1079 4400 Severianus
1109 4361 1257 4410 vero,
1288 4361 1346 4401 se
1377 4362 1482 4400 non
1515 4348 1583 4400 ita
1609 4348 1809 4403 dixisse

193 4432 574 4500 asseverabat,
603 4437 697 4489 sed
723 4445 884 4491 totam
909 4441 1250 4507 sententiam,
1277 4449 1333 4495 ut
1357 4456 1516 4510 supra
1538 4440 1802 4494 diximus:

194 4537 328 4590 qua:
353 4530 531 4578 tamen
551 4534 603 4580 et
624 4526 736 4594 ipsa
755 4528 912 4599 impia
936 4545 1054 4584 cum
1077 4542 1237 4595 esset,
1253 4531 1571 4588 Severianus
1592 4550 1618 4585 a
1641 4531 1808 4604 Chry-

193 4623 452 4669 sostomo
476 4630 540 4670 ex
582 4619 714 4673 urbe
745 4621 926 4688 pulsus
952 4623 1050 4677 fuit
1076 4665 1089 4686 ,
1120 4633 1178 4678 ut
1203 4624 1276 4678 ait
1301 4623 1570 4680 Socrates.
1612 4624 1806 4679 Verum

191 4721 266 4760 ex
297 4704 670 4777 Chrysostomi
689 4711 844 4767 dictis
867 4724 1011 4782 patet
1028 4715 1374 4772 Severianum
1401 4734 1428 4772 a
1454 4718 1646 4787 populo
1670 4719 1806 4772 indi-

190 4808 409 4866 gnante
431 4802 709 4870 expulsum
740 4803 902 4860 fuisse
930 4806 1134 4878 (Chrys.
1170 4817 1206 4861 t.
1235 4811 1288 4865 5.
1329 4821 1428 4870 σοι.
1453 4817 1599 4885 49.6).

276 4892 590 4948 Severianus
616 4897 732 4964 ﬁcte
751 4914 863 4951 cum
888 4900 1248 4970 Cliryaostomo
1272 4904 1811 4961 reconciliatum—Sic

191 4983 469 5053 expulsus
505 4984 827 5044 Severianus
862 4989 1258 5047 Chalcedonem
1287 4996 1677 5064 commigravit.
1713 4999 1811 5052 Ve-

193 5093 325 5130 rum
345 5077 582 5133 Eudoxio
607 5081 993 5157 Augusta,apud
1005 5104 1164 5159 quam
1175 5088 1333 5160 gratia
1348 5089 1552 5145 valebat
1568 5091 1812 5146 Severia—

194 5185 330 5236 nus,
351 5167 688 5230 Chalcedone
707 5177 879 5245 ipsum
901 5181 1190 5235 revocavit.
1209 5181 1356 5234 Multi
1373 5181 1809 5254 Chrysostomum

194 5261 516 5332 rogabant,
550 5264 895 5324 Severianum
926 5282 986 5326 ut
1029 5274 1176 5342 prius
1220 5275 1270 5328 in
1305 5273 1717 5331 familiaritatem
1760 5287 1813 5332 et

193 5356 539 5424 colloquium
568 5359 891 5430 admitteret,
922 5379 1094 5436 neque
1121 5367 1172 5420 id
1199 5368 1484 5435 impetrare
1507 5381 1810 5436 potuerunt.

196 5446 437 5500 Domum
467 5449 704 5506 Eudoxia
726 5454 966 5524 Augusta
989 5457 1164 5525 ipsum
1195 5458 1344 5524 adiit,
1376 5469 1430 5512 et
1455 5459 1811 5514 Theodosium

193 5539 469 5595 tenellmn
500 5543 662 5598 filium
689 5547 913 5615 genibus
938 5549 1054 5618 ejus
1080 5550 1330 5616 admovit,
1365 5567 1460 5620 per
1489 5551 1635 5606 illius
1658 5564 1816 5622 caput

191 5633 507 5696 obtestans,
538 5643 595 5688 ut
638 5635 980 5692 Severianum
1014 5641 1063 5693 in
1095 5642 1378 5696 amicitiam
1422 5658 1571 5697 suam
1620 5643 1810 5698 admit-

197 5731 390 5783 teret;
440 5723 596 5794 idque
642 5725 893 5795 demum,
942 5746 1088 5799 a-gre
1134 5742 1309 5788 tamen
1356 5736 1676 5804 impetravit.
1727 5737 1816 5792 Sic

196 5811 379 5865 ambo
403 5813 473 5867 illi
501 5816 671 5883 palam
697 5819 912 5886 quidem
935 5824 1262 5879 reconciliati
1289 5835 1445 5894 sunt;
1475 5830 1615 5883 intus
1639 5838 1812 5885 tamen

1365 377 1542 433 NUNC
1584 378 1844 436 PRIMUM
1888 380 2278 440 ADOIiNATA.

2205 254 2315 268 *κὴ

3393 381 3492 438 186

1907 498 2041 551 alter
2065 498 2323 554 adversus
2361 497 2585 553 alterum
2626 499 2930 552 exulcerato
2957 497 3133 552 animo
3160 499 3448 565 pet-inansit
3475 537 3491 561 ,

1906 588 2074 658 inquit
2100 589 2364 644 Socrates.
2397 588 2451 643 ld
2489 603 2652 653 vero,
2684 589 2825 659 quod
2870 600 3141 658 postremo
3173 588 3391 658 adjicit,
3426 588 3491 641 de

1902 677 2188 733 Severiano
2210 679 2422 749 quidem
2453 678 2604 732 facile
2629 676 2907 738 credatur:
2941 678 3081 747 quod
3104 694 3230 733 vero
3257 677 3492 746 Chryso-

1903 778 2107 823 stomus
2135 779 2254 838 post
2293 769 2786 826 reconciliationem
2814 769 3122 824 exulcerato
3160 770 3338 825 animo
3365 785 3490 838 per-

1902 860 2178 923 manserit,
2209 861 2329 930 quis
2357 860 2576 915 credere
2601 858 2810 932 possit?
2836 859 2934 913 nisi
2962 857 3094 913 forte
3123 860 3200 913 sic
3225 859 3488 928 intelliga-

1903 960 2015 1014 tur,
2047 954 2487 1025 Chrysostomum
2515 995 2530 1020 ,
2581 967 2774 1024 nempe
2818 967 2938 1006 cum
2989 961 3168 1005 nosset
3213 951 3488 1006 Severi-ani

1902 1041 2105 1098 vafrum
2131 1053 2184 1098 et
2208 1043 2548 1098 ambitiosum
2576 1043 2834 1107 animum,
2867 1056 2971 1096 non
3003 1049 3217 1109 putasse
3246 1040 3394 1094 illum
3421 1056 3488 1092 ex

1901 1135 2109 1190 sincero
2137 1135 2297 1190 corde
2325 1135 2612 1188 amicitiam
2643 1149 2793 1188 suam
2823 1133 3126 1202 expetiisse,
3159 1147 3257 1187 nec
3280 1131 3486 1185 firtnam

1899 1223 2014 1278 fore
2063 1225 2548 1279 reconciliationem
2597 1223 3005 1278 existimavisse.
3073 1222 3226 1277 Nulla
3273 1222 3486 1276 demum

1901 1326 2075 1384 potest
2095 1316 2480 1387 Chrysosmmo
2499 1316 2732 1371 adscribi
2761 1314 2897 1370 fictae
2928 1316 3284 1369 reconciliatae
3305 1317 3488 1384 gratia:

1900 1409 2153 1477 suSpicio.
2187 1408 2440 1463 Restabat
2466 1419 2644 1462 autem
2687 1419 2742 1463 ut
2771 1408 2988 1478 populi,
3021 1409 3107 1478 qui
3141 1408 3487 1463 Severianum

1900 1501 2196 1569 expulerat,
2218 1500 2490 1555 iracundia
2512 1501 2810 1558 sedaretur.
2832 1501 2889 1556 Id
2910 1511 3084 1556 autem
3105 1501 3493 1573 Chrysostomo

1900 1591 2044 1647 dicto
2080 1592 2384 1647 audientem
2427 1594 2680 1662 pepulum
2721 1593 2935 1648 habenti
2969 1608 3074 1647 non
3114 1592 3330 1647 difficile
3373 1593 3486 1645 fuit.

1899 1684 2222 1739 Concionem
2257 1685 2464 1752 habuit,
2496 1687 2560 1740 ad
2603 1701 2785 1755 pacem
2817 1702 2937 1740 cum
2969 1687 3259 1742 Severiano
3289 1686 3488 1739 facien-

1901 1776 2021 1832 dam
2052 1777 2303 1847 populum
2332 1777 2654 1841 cohortans;
2681 1787 2840 1846 utque
2867 1793 2894 1828 a
2922 1777 3182 1845 principio
3206 1776 3360 1830 dictis
3381 1776 3490 1828 suis

1903 1870 2256 1940 obsequentes
2278 1870 2548 1925 auditores
2568 1871 2967 1934 animadvertit,
2999 1871 3050 1922 in
3078 1867 3284 1922 laudem
3305 1882 3489 1922 eorum

1902 1975 2211 2026 conversus,
2235 1960 2375 2030 quod
2404 1970 2576 2015 tantas
2606 1963 2801 2014 irarum
2829 1975 3016 2013 causas
3045 1975 3101 2012 se
3130 1959 3374 2012 hortante
3400 1957 3493 2010 de-

1906 2053 2226 2120 posuissent,
2247 2067 2431 2121 pacem
2457 2061 2764 2122 perpetuam
2788 2049 3054 2120 precando
3075 2050 3272 2104 claudit
3287 2048 3492 2102 brevis-

1903 2145 2092 2198 simam
2137 2145 2475 2199 concionem.
2526 2143 2654 2198 Post
2701 2143 2846 2197 illum
2891 2141 3214 2196 Severianus
3259 2141 3325 2194 de
3366 2156 3494 2208 pzu-e

1902 2237 2268 2301 concinnatur,
2291 2251 2448 2306 quam
2471 2242 2651 2304 postea
2682 2249 2864 2304 pacem
2891 2233 3003 2302 ipse
3031 2231 3377 2302 perturbavit,
3398 2246 3496 2284 nec

1903 2327 2068 2381 multo
2101 2336 2337 2396 tempore
2366 2341 2395 2380 a
2423 2326 2591 2381 turbis
2621 2323 2900 2379 movendis
2929 2323 3203 2377 abstinuit.

1976 2419 2053 2472 Ex
2078 2419 2140 2471 iis
2160 2456 2174 2482 ,
2209 2434 2328 2487 qua:
2357 2417 2517 2470 modo
2549 2417 2777 2471 diximus
2799 2457 2814 2481 ,
2845 2415 2998 2469 facile
3032 2415 3296 2481 conjicere
3322 2412 3495 2482 possis

1907 2525 2151 2580 magnam
2181 2519 2307 2564 tunc
2335 2508 2500 2563 fuisse
2525 2507 2980 2576 Constantinopoli
3003 2514 3056 2560 et
3083 2505 3133 2559 in
3157 2504 3343 2557 vicinis
3368 2502 3490 2557 civi-

1907 2603 2100 2657 tatibus
2123 2617 2328 2656 morum
2354 2600 2732 2669 corruptelam.
2768 2598 2951 2652 Vidisti
2975 2597 3255 2666 episcopos
3279 2595 3497 2664 presby-

1905 2703 2187 2763 terosque,
2222 2694 2310 2762 qui
2344 2694 2459 2746 auri
2502 2691 2671 2761 pretio
2712 2699 2764 2745 et
2804 2690 2914 2744 fere
2944 2689 3114 2758 palam
3146 2687 3210 2741 ad
3241 2685 3496 2740 ecclesia-

1907 2786 2068 2839 sticas
2098 2783 2382 2854 dignitates
2411 2782 2768 2836 convolabant
2792 2823 2806 2842 ,
2838 2780 3061 2849 aliisque
3089 2777 3227 2831 vitiis
3254 2776 3360 2830 imo
3386 2789 3496 2830 sce~

1904 2876 2104 2932 leribus
2142 2874 2358 2931 obnoxii
2401 2884 2592 2940 erant,
2635 2885 2689 2927 et
2727 2872 2940 2942 quidem
2989 2884 3180 2939 magno
3224 2880 3446 2920 numero
3481 2883 3494 2918 :

1909 2971 2049 3022 inter
2074 2967 2361 3022 smculares
2389 2981 2516 3019 vero
2548 2965 2698 3018 multi
2731 2971 2886 3017 erant
2913 2961 3124 3027 divites,
3158 2959 3491 3013 adulatorum

1907 3061 2368 3129 parasitorumth
2399 3057 2610 3127 agmine
2651 3055 2893 3118 obsessi,
2923 3053 3010 3122 qui
3043 3052 3258 3119 inpum
3291 3056 3498 3115 egesta-

1909 3164 2014 3210 tem
2035 3153 2166 3207 nihil
2193 3157 2444 3206 curareut
2470 3168 2481 3202 :
2505 3149 2593 3202 alii
2620 3148 2732 3202 auri
2758 3145 3008 3218 cupidine
3030 3143 3174 3197 ducti
3201 3139 3372 3194 nullas
3393 3153 3499 3192 non

1907 3244 2204 3301 ditescendi
2237 3243 2346 3297 vias
2387 3240 2666 3296 tentabant
2701 3239 2817 3292 :aita
2849 3245 2939 3302 ut,
2973 3233 3114 3304 quod
3160 3247 3320 3301 supra
3357 3232 3500 3285 dice.

1909 3340 2117 3402 bamus,
2141 3352 2262 3391 cum
2290 3346 2445 3389 terrae
2468 3343 2643 3387 motus
2669 3331 2874 3400 ingens,
2903 3327 3097 3382 multos
3123 3321 3504 3377 Constantino-

1910 3431 2267 3502 politanormn
2293 3436 2498 3482 terrore
2522 3431 2798 3492 correptos
2823 3420 2887 3474 ad
2915 3419 3090 3487 fugam
3120 3412 3500 3483 capessendam

1914 3524 2226 3594 impulisset,
2263 3529 2319 3574 ιιι
2349 3519 2399 3572 ἰιι
2433 3515 2735 3587 longinquis
2763 3511 3068 3582 regionibus
3096 3508 3212 3562 vita:
3243 3504 3501 3559 securita-

1915 3625 2018 3669 tem
2049 3612 2150 3668 sibi
2191 3618 2474 3680 pararent;
2499 3621 2620 3662 cum
2652 3614 2836 3675 postea
2870 3611 3011 3655 metu
3041 3607 3283 3653 cessante
3313 3595 3378 3649 ad
3410 3609 3502 3648 sua

1913 3706 2295 3768 revertissent,
2340 3717 2399 3757 se
2442 3700 2602 3756 rebus
2647 3697 2893 3754 omnibus
2931 3708 3124 3748 vacuos
3165 3704 3283 3745 esse
3330 3688 3502 3740 mirati

1911 3809 2034 3854 sunt
2067 3814 2080 3850 :
2115 3812 2234 3851 nam
2275 3794 2365 3865 qui
2405 3794 2459 3847 in
2504 3791 2636 3846 urbe
2679 3795 3075 3851 remanserant,
3105 3783 3240 3839 booa
3265 3780 3504 3836 omnium

1911 3892 2212 3949 absentium
2251 3889 2555 3943 invaserant
2583 3893 2636 3938 et
2673 3881 2871 3954 prmdia
2913 3880 3321 3948 occupaverant.
3355 3871 3503 3926 Vidi-

1913 4000 2035 4039 mus
2072 3993 2250 4038 autem
2295 3993 2457 4049 supra
2493 3977 2932 4048 Chrysostomum
2977 3983 3116 4024 anno
3160 3965 3266 4021 598
3313 3963 3508 4018 acriter

1914 4087 2155 4133 orantem
2181 4077 2231 4130 in
2255 4087 2368 4138 eos,
2393 4072 2480 4141 qui
2513 4079 2740 4134 tantum,
2763 4076 2868 4120 tam
2891 4062 3207 4120 Christianis
3234 4058 3503 4126 indignum

1915 4169 2119 4224 facinus
2140 4169 2532 4236 perpetrarent.
2561 4159 2744 4228 Neque
2771 4157 2911 4210 enim
2943 4156 2986 4208 is
3015 4162 3128 4206 erat
3152 4151 3385 4206 Joannes
3407 4160 3505 4198 uo-

1914 4270 2046 4324 ster,
2079 4257 2168 4326 qui
2195 4255 2448 4321 frequens
2476 4246 2914 4306 coneionabatur,
2948 4251 3006 4296 ut
3030 4242 3144 4294 hznc
3173 4247 3228 4295 et
3255 4237 3355 4292 alia
3383 4236 3506 4289 vitia

1916 4360 2150 4414 taceret;
2185 4347 2280 4403 sed
2321 4345 2516 4399 acriter
2543 4339 2905 4396 insectabatur
2931 4336 3154 4391 divitum
3190 4331 3506 4394 avaritiam,

1916 4447 2229 4516 optimatum
2253 4437 2632 4508 arrogantiam,
2653 4433 2970 4488 feminarum
2995 4427 3279 4482 illustrium
3303 4424 3508 4487 luxum,

1917 4515 2194 4590 viduarum
2224 4530 2505 4585 mollitiem
2532 4527 2804 4593 vitamque
2827 4522 3104 4584 lascivam,
3127 4515 3510 4571 monachorum

1919 4629 2129 4698 indigna
2155 4635 2304 4696 gesta
2331 4665 2344 4689 ,
2379 4637 2499 4692 quae
2530 4633 2636 4673 non
2674 4615 2840 4671 semel
2871 4611 3041 4682 carpit
3069 4610 3122 4664 in
3165 4607 3514 4664 concionibus

1917 4723 1970 4776 in
2000 4720 2294 4792 Epistulam
2320 4716 2384 4770 ad
2419 4713 2707 4768 Haebrrcos.
2741 4706 3087 4774 Clericosque
3111 4711 3165 4757 et
3192 4700 3517 4792 ecclesiasti-

1917 4829 2010 4869 cos
2036 4788 2264 4866 maxime
2289 4804 2698 4879 perstringebat,
2724 4809 2848 4855 tunc
2870 4796 3118 4852 omnibus
3143 4791 3354 4848 deditos
3378 4788 3513 4842 vitiis

1919 4917 1976 4962 et
1995 4902 2374 4974 voluptatibus.
2403 4898 2622 4953 Plebem
2653 4907 2864 4963 quoque
2894 4889 3154 4945 acerrime
3185 4882 3514 4951 increpabat.
3573 4958 3582 4967 _

1919 4997 2061 5068 quod
2092 4991 2422 5050 circensibus
2463 4997 2516 5044 et
2559 4984 2909 5040 theatralibus
2949 4981 3087 5036 ludis
3124 4977 3338 5068 dedita,
3372 4974 3420 5028 in
3453 4986 3513 5068 ea

1920 5061 2039 5159 quae
2060 5103 2122 5141 ex
2149 5085 2232 5138 his
2252 5079 2571 5152 spectaculis
2600 5075 2908 5130 oriebantur
2929 5075 3250 5140 erumperet.
3282 5066 3350 5120 At
3373 5061 3515 5134 quod

1921 5183 2116 5235 mirum
2154 5179 2378 5232 fortasse
2411 5173 2672 5237 videatur,
2703 5170 2820 5226 haec
2851 5169 3034 5223 infima
3057 5174 3111 5220 et
3158 5175 3382 5218 numero
3415 5174 3514 5211 ma-

1917 5273 2005 5343 jor
2028 5287 2150 5340 pars
2172 5268 2496 5332 auditorum,
2518 5265 2664 5319 illum
2690 5279 2748 5318 se
2773 5261 3144 5332 objurgantem
3167 5251 3517 5343 libentissime

1923 5341 2173 5418 audiebat
2197 5402 2211 5426 ,
2244 5371 2302 5413 ut
2330 5359 2562 5413 vidimus
2587 5399 2601 5423 ,
2629 5365 2753 5427 post
2795 5355 2998 5409 Pascha
3026 5349 3149 5404 anni
3177 5345 3283 5402 389
3307 5387 3322 5408 ,
3358 5351 3414 5396 et
3441 5341 3515 5396 illi

1924 5470 2139 5523 semper
2174 5452 2384 5506 addicta
2435 5452 2559 5514 fuit;
2607 5459 2766 5518 atque
2815 5438 3260 5500 invalesccntibus
3299 5437 3515 5491 demum

1925 5545 2294 5617 Chrysostomi
2343 5544 2570 5598 inimicis
2594 5583 2609 5608 ,
2641 5539 2773 5595 nihil
2813 5551 2920 5592 non
2962 5533 3102 5603 egit,
3142 5538 3198 5584 ut
3237 5543 3306 5587 ne
3337 5537 3516 5598 pastor

1925 5655 2053 5694 suus
2083 5641 2134 5693 in
2166 5637 2410 5693 exsilium
2441 5636 2744 5707 pelleretur.

1997 5732 2313 5803 TlteOphilus
2339 5730 2487 5784 Alex.
2518 5737 2565 5781 et
2591 5725 2680 5779 alii
2703 5723 2816 5776 dira
2843 5721 3124 5774 moliuntur
3147 5719 3199 5771 in
3221 5716 3512 5786 Chrysost

1930 5844 2083 5881 nutat.
2113 5856 2183 5866 —-
2209 5825 2442 5879 Joannes
2466 5836 2530 5873 ex
2568 5816 2796 5872 Asiatico
2827 5814 3016 5868 itinere
3054 5823 3300 5867 reversus
3321 5851 3333 5875 ,
3369 5814 3511 5875 post-
