3948 6408
497 403 519 460 Ι
531 403 594 457 87

491 528 647 585 quam
680 525 859 581 pacem
889 505 1087 561 fecerat
1114 519 1234 558 cum
1265 500 1579 564 Severiano,
1612 500 1893 569 tranquille
1913 499 2073 551 vitam

492 608 687 662 ducere
706 615 861 672 posse
881 598 1177 653 videbatur.
1206 595 1403 651 Verum
1428 608 1524 649 nec
1546 593 1711 647 multo
1732 600 1850 661 post
1866 592 2079 662 plurimi
2124 599 2131 604 ”

495 696 786 769 perniciem
839 693 955 761 ejus
999 689 1287 746 machinati
1334 695 1476 742 sunt.
1526 686 1884 755 Primipilares
1930 692 2081 737 erant

493 785 820 856 'l‘thphilus
843 780 1256 843 Alexandrinus,
1284 778 1509 833 Aeacius
1535 775 1760 840 Beroeaa,
1788 771 2082 827 Antiochus

495 874 862 938 Ptolomaidis,
896 882 950 927 et
988 866 1677 942 SeveriannsGabalorum,
1708 864 1795 933 qui
1825 878 1991 932 nuper
2019 863 2082 916 si-

495 967 695 1020 mulate
731 980 855 1019 cum
902 964 1017 1032 ipso
1064 975 1247 1030 pacem
1295 959 1505 1012 inierat.
1548 955 1875 1024 Theophilus
1905 962 2081 1007 autem

493 1058 909 1122 Alexandrinus,
944 1054 1033 1125 qui
1059 1052 1158 1107 sibi
1191 1052 1331 1107 dicto
1358 1051 1634 1105 audientes
1663 1049 1855 1117 ubique
1881 1046 2083 1117 episco-

496 1163 594 1217 pos
625 1163 747 1203 esse
772 1145 1037 1214 cupiebat,
1067 1143 1174 1212 jam
1203 1142 1317 1212 ejus
1355 1138 1674 1196 ordinationi
1699 1138 1998 1203 obstiterat,
2030 1144 2084 1189 et

500 1239 620 1292 loco
648 1237 868 1292 Joannis
895 1235 1060 1289 nostri
1090 1233 1347 1287 lsidorum
1375 1230 1658 1301 quemdam
1700 1230 1751 1282 in
1779 1226 2083 1281 Constanti-

499 1330 865 1398 nopolitanum
893 1328 1197 1397 episcopum
1227 1324 1480 1379 inducere
1509 1329 1817 1385 tentaverat,
1844 1329 1901 1374 ut
1922 1333 2083 1387 supra

498 1420 748 1483 vidimus,
776 1433 873 1472 nec
896 1418 1053 1470 linem
1077 1415 1199 1469 fecit
1221 1423 1406 1484 postea
1436 1412 1744 1467 occasiones
1764 1408 2010 1478 captandi
2029 1414 2086 1461 ut

500 1509 646 1561 ἱΙΙιιιη
669 1524 696 1559 a
719 1507 844 1560 sede
865 1506 1192 1560 dcturbaret.
1220 1502 1443 1557 Aeacius
1465 1510 1640 1554 autem
1662 1500 1749 1567 qui
1771 1498 1861 1552 diu
1882 1499 2086 1552 Berea:

501 1600 860 1668 episcopatum
886 1612 1005 1651 cum
1038 1596 1193 1650 laude
1239 1602 1496 1664 gesserat,
1524 1592 1657 1645 hanc
1695 1591 1796 1646 sibi
1827 1591 2085 1645 maculam

505 1690 693 1743 inussit
713 1729 727 1752 ,
759 1696 808 1742 et
836 1698 1138 1740 sanctorum
1171 1684 1442 1737 hominum
1469 1683 1647 1736 odium
1676 1683 1727 1735 in
1775 1694 1833 1736 sc
1854 1682 2089 1736 concita-

500 1782 593 1842 vit,
626 1796 744 1835 cum
775 1779 840 1833 ad
873 1787 977 1832 tam
1007 1784 1248 1832 sanctum
1278 1775 1587 1830 Pontificem
1623 1790 1653 1828 a
1679 1775 1806 1829 sede
1832 1774 2089 1843 dejicien-

500 1870 624 1923 dum
656 1869 854 1923 nullam
884 1884 988 1922 non
1019 1866 1319 1921 machinam
1361 1864 1606 1919 intendit.
1641 1864 1936 1919 Antiochus
1960 1879 2088 1919 vero

502 1959 863 2021 l‘tolemaidis,
889 1961 966 2011 vir
992 1957 1238 2027 petulans
1258 1963 1314 2010 et
1332 1969 1466 2010 nova
1496 1955 1670 2008 moliri
1694 1956 1931 2023 cupiens,
1952 1956 2090 2026 jam-

501 2048 589 2101 diu
619 2058 801 2102 contra
834 2047 1275 2119 Chrysostomum
1315 2047 1695 2100 insnrrexerat.

574 2138 629 2190 In
658 2137 815 2191 Clero
843 2146 1020 2191 atitem
1048 2138 1196 2191 multi
1236 2147 1423 2202 erant,
1453 2138 1542 2207 qui
1577 2136 1945 2208 Chrysostomi
1982 2152 2087 2190 non

503 2228 678 2279 minus
701 2228 858 2280 vitam
888 2236 1144 2289 sanetam,
1176 2236 1377 2281 arctam
1402 2236 1457 2281 ct
1482 2227 1821 2295 inculpatam,
1842 2226 2084 2293 oderant,

503 2332 660 2385 quam
690 2316 806 2385 ejus
832 2317 1041 2372 dicendi
1072 2319 1394 2384 libertatem,
1423 2326 1481 2373 et
1507 2320 1705 2373 monita
1736 2317 1877 2373 Cleri
1905 2320 1984 2373 sui
2013 2320 2102 2374 vi-

505 2405 595 2459 tiis
621 2407 968 2461 emendandis
995 2418 1291 2476 opportuna
1320 2408 1641 2470 volentibus.
1669 2408 1969 2478 importuna
2001 2408 2093 2462 ob-

504 2497 712 2551 stinatis
733 2508 905 2553 erant.
935 2499 998 2553 Hi
1022 2515 1150 2554 vero
1183 2500 1434 2569 postremi
1463 2500 1615 2570 longe
1638 2501 1840 2570 majore
1868 2516 2091 2556 numero

506 2585 652 2643 fuere
679 2587 911 2661 (Pallad.
940 2609 993 2659 p.
1018 2591 1086 2645 55
1103 2592 1141 2660 ).
1166 2590 1306 2644 lnter
1327 2589 1424 2644 hos
1445 2600 1621 2645 autem
1644 2590 1748 2644 duo
1770 2590 2087 2661 presbyteri,

503 2688 561 2734 et
583 2681 815 2750 quinque
849 2682 1059 2736 diaconi
1090 2689 1440 2735 numerantur
1462 2723 1477 2748 ,
1516 2681 1605 2750 qui
1646 2682 2011 2735 vehementius
2039 2682 2091 2736 in

502 2773 761 2829 Joannem
794 2774 1134 2828 insurrexcre
1166 2770 1336 2845 (Anno
1360 2772 1488 2843 402)
1509 2813 1522 2835 ,
1557 2773 1647 2825 alii
1676 2788 1737 2826 ea:
1764 2773 2052 2842 impuritate
2075 2815 2089 2837 ,

504 2864 595 2918 alii
623 2881 687 2918 ea:
715 2864 930 2918 obnoxio
958 2880 1164 2918 numero
1182 2864 1474 2917 consociati.
1504 2863 1627 2918 Haec
1643 2878 1803 2932 porro
1825 2863 1983 2918 verba
2011 2879 2095 2919 sa-

507 2967 574 3006 tis
603 2954 828 3009 obscure
868 2954 1005 3010 hanc
1047 2954 1241 3009 ell‘erre
1282 2955 1600 3009 sententiam
1645 2954 1891 3008 videntur
1926 2972 1939 3007 :
1974 2954 2094 3009 illos

439 3071 444 3077 -
507 3059 698 3112 nempe
727 3060 792 3099 ex
818 3045 997 3113 Clero,
1026 3046 1115 3116 qui
1144 3053 1330 3101 contra
1358 3045 1616 3101 Joannem
1643 3046 1950 3116 episcopum
1977 3044 2091 3100 dira

507 3135 792 3189 machinati
821 3145 965 3203 sunt,
996 3139 1190 3207 partim
1223 3151 1288 3190 ex
1315 3151 1501 3192 eorum
1534 3152 1758 3191 numero
1786 3136 1969 3201 fuisse,
2002 3138 2093 3204 qui

507 3225 764 3294 impuram
792 3242 941 3283 suam
967 3228 1128 3283 vitam
1148 3226 1216 3281 ab
1242 3226 1332 3282 illo
1356 3228 1707 3283 concionante
1733 3228 1877 3296 carpi
1900 3238 1953 3283 et
1976 3243 2095 3295 per-

505 3316 688 3386 stringi
718 3316 855 3371 ferre
882 3333 986 3374 non
1017 3326 1296 3387 poterant;
1327 3319 1520 3387 partim
1557 3334 1620 3373 ex
1653 3334 1836 3373 eorum
1861 3361 1876 3384 ,
1907 3319 1996 3388 qui
2027 3319 2094 3375 de

506 3419 652 3463 tanto
683 3421 895 3479 pastore
926 3411 1211 3480 malignam
1238 3420 1596 3479 conceperant
1620 3411 1945 3478 Opinionem.

576 3498 655 3553 Ex
688 3501 1025 3569 lmperatoria
1051 3503 1168 3555 aula
1198 3502 1304 3556 duo
1329 3503 1413 3557 vel
1437 3512 1543 3557 tres
1566 3511 1769 3558 tantum
1792 3502 2092 3573 Theophilo

505 3601 707 3660 praesto
736 3592 882 3646 fuere
915 3591 1158 3662 (Pallad.
1191 3611 1243 3659 ρ.
1277 3592 1382 3661 55)
1411 3635 1424 3658 ,
1455 3609 1518 3648 ac
1561 3595 1811 3649 militaris
1856 3595 2095 3663 praesidis

504 3694 660 3747 opem
691 3681 790 3749 ipsi
818 3681 1004 3746 tulere,
1039 3697 1158 3736 cum
1185 3682 1251 3737 ad
1281 3682 1720 3755 Chrysostomum
1748 3699 1779 3740 e
1803 3684 1969 3754 gradu
1994 3685 2091 3740 de-

504 3768 788 3839 jicicnduin
827 3786 1040 3828 onmem
1091 3773 1319 3842 lapidem
1363 3783 1622 3829 moveret.
1665 3774 1744 3829 Ex
1783 3776 2093 3832 mulieribus

504 3874 633 3914 vero
656 3901 673 3926 ,
706 3862 873 3932 inquit
918 3862 1216 3929 Palladius,
1250 3873 1445 3933 praeter
1472 3863 1587 3920 illas
1615 3880 1735 3935 quae
1767 3865 1925 3936 vulgo
1956 3875 2094 3922 nota:

505 3967 652 4022 sunt,
681 3966 789 4012 tres
816 3959 989 4014 vidua:
1013 4001 1027 4026 ,
1060 3962 1209 4031 queis
1237 3962 1335 4015 viri
1366 3962 1599 4017 defuncti
1632 3964 1911 4032 pecuniam
1936 3980 2093 4034 gran-

503 4044 626 4101 dem
656 4062 721 4102 ex
750 4050 954 4118 rapinis
992 4060 1197 4120 partam
1238 4053 1561 4124 reliquerant
1588 4095 1599 4118 ,
1630 4070 1750 4110 cum
1790 4057 1917 4127 ipsae
1949 4058 2014 4111 iis
2041 4059 2092 4112 in

502 4138 732 4207 propriae
753 4139 939 4195 salutis
957 4142 1246 4211 perniciem
1268 4144 1457 4211 Opibus
1474 4145 1537 4199 ad
1563 4160 1624 4201 se
1645 4160 1750 4200 non
1779 4148 2092 4217 pertinenti-

503 4226 601 4280 bus
623 4234 917 4295 uterentur,
941 4244 1040 4286 nec
1063 4230 1264 4288 ferrent
1289 4242 1558 4303 pastorem
1583 4250 1739 4291 suum
1763 4244 1947 4292 contra
1972 4251 2094 4291 usu-

504 4317 695 4385 rarios,
723 4334 916 4377 avaros
944 4331 999 4377 et
1025 4334 1268 4393 raptores
1290 4326 1680 4384 declamantem
1702 4369 1718 4395 ,
1748 4331 2004 4386 tumultus
2029 4345 2093 4385 ac

506 4408 785 4465 seditionis
802 4413 929 4481 ipsae
946 4428 1154 4484 quoque
1173 4430 1351 4471 causa:
1371 4417 1775 4477 fuerunt.Erant
1791 4431 1969 4477 autem
1988 4423 2092 4478 illae

507 4498 676 4551 Marsa
705 4500 939 4556 Promoti
971 4515 1137 4571 uxor,
1161 4503 1419 4562 Castricia
1449 4506 1723 4563 Saturnini
1776 4513 1969 4581 conjux
1997 4553 2010 4576 ,
2040 4522 2095 4568 ct

503 4586 803 4657 Eugraphia
854 4590 1130 4660 quaedam,
1162 4609 1282 4663 quae
1337 4593 1552 4652 furiosze
1592 4598 1761 4653 instar
1788 4602 1996 4672 agebat.
2028 4603 2091 4657 lli

507 4693 713 4746 omnes,
745 4688 855 4736 tum
892 4682 993 4737 viri
1025 4693 1134 4740 tum
1165 4685 1418 4743 mulieres
1443 4729 1457 4753 ,
1486 4704 1591 4743 una
1622 4693 1995 4762 conspirarunt
2035 4705 2094 4749 ut

504 4768 652 4823 illum
681 4785 710 4823 e
728 4771 893 4840 gradu
921 4772 1230 4843 dejicerent,
1260 4778 1376 4847 ejus
1414 4777 1747 4848 disciplinam
1778 4796 1886 4836 non
1914 4783 2089 4839 feren-

504 4867 606 4914 tes.
638 4860 820 4931 Neque
864 4863 1058 4920 mirum
1083 4875 1165 4924 est
1184 4907 1200 4934 ,
1242 4882 1363 4923 cum
1394 4878 1498 4925 tam
1530 4870 1774 4926 dissoluti
1804 4886 1984 4927 mores
2008 4887 2093 4929 es-

501 4958 640 5016 sent,
672 4960 777 5007 tam
806 4968 983 5010 acrem
1012 4971 1290 5015 censorem
1318 4960 1556 5029 plurimis
1583 4960 1937 5031 displicuisse.

567 5042 697 5111 Qum
722 5060 850 5102 vero
873 5057 1059 5104 contra
1094 5050 1240 5107 illum
1262 5052 1575 5121 jactitabant
1603 5055 1780 5110 aemuli
1807 5065 1862 5110 et
1892 5056 2090 5112 inimici

494 5135 612 5206 ejus
641 5136 944 5206 hujusmodi
970 5151 1144 5210 erant,
1173 5143 1314 5213 quod
1338 5146 1606 5201 neminem
1635 5146 1701 5201 ad
1727 5162 1967 5203 mensam
1992 5164 2091 5202 vo-

496 5238 659 5297 earet,
687 5231 780 5287 sed
810 5247 1023 5303 semper
1047 5237 1194 5291 solus
1233 5238 1436 5293 ederet.
1470 5239 1730 5295 Nimirum
1761 5241 1884 5310 quia
1913 5257 1978 5296 cx
2009 5242 2092 5295 in-

497 5318 747 5380 ﬁrmitate
773 5326 1056 5395 stomachi,
1088 5328 1139 5383 in
1171 5330 1387 5385 morbos
1417 5347 1561 5402 saepe
1590 5331 1829 5387 incidere
1858 5333 2084 5400 solebat,

498 5418 554 5462 ut
582 5417 775 5479 passim
797 5417 908 5487 jam
937 5420 1197 5485 vidimus;
1230 5423 1376 5477 tenui
1408 5438 1591 5477 mensa
1622 5425 1695 5477 uti
1727 5424 1952 5489 solebat,
1987 5441 2085 5479 ne-

498 5509 599 5563 llue
619 5500 759 5557 lauta
788 5507 889 5561 slbi
916 5511 1112 5579 apponi
1138 5512 1331 5568 fercula
1360 5512 1679 5581 patiebatur,
1705 5514 1756 5568 id
1782 5515 2085 5584 postulante

498 5600 608 5642 tum
647 5594 885 5661 corporis
925 5597 1144 5666 habitu,
1187 5610 1297 5656 tum
1341 5601 1538 5670 pietate
1585 5616 1687 5671 qua
1725 5605 1996 5673 apostolos
2032 5613 2088 5660 et

497 5675 693 5735 Christi
717 5682 1008 5751 discipulos
1036 5690 1273 5757 imitans,
1296 5691 1506 5746 modico
1528 5693 1772 5747 utebatur
1789 5695 1925 5750 cibo.
1951 5695 2086 5762 Qua-

502 5782 715 5843 propter
744 5774 923 5827 statim
952 5786 1110 5847 atque
1133 5781 1200 5835 ad
1225 5782 1867 5855 Constantinopolitanam
1899 5788 2078 5841 sedem

1557 388 1612 445 S.
1653 388 1928 446 JOANNIS
1967 388 2439 447 CHRYSOSTOMI
2482 388 2657 453 VITA,
3642 394 3727 450 188

2182 512 2398 556 evectus
2423 510 2523 564 est,
2555 500 2759 570 amplos
2785 503 2912 554 tanti
2941 501 3275 570 episcOpatus
3300 502 3495 559 reditus
3523 503 3571 557 in
3593 518 3730 560 noso-

2183 592 2354 645 comia
2375 602 2428 646 et
2458 591 2508 645 in
2534 606 2827 661 pauperum
2858 592 3274 647 sustentaculum
3303 591 3480 648 inferri
3502 594 3665 663 jussit,
3685 604 3731 650 et

2185 696 2321 735 nova
2348 697 2558 751 quoque
2585 683 2698 750 ipse
2746 684 3050 736 nosocomia
3096 682 3419 748 construxit;
3453 684 3520 737 ita
3548 693 3600 737 ut
3629 700 3731 754 qua:

2185 771 2393 826 laudem
2424 780 2607 825 sancto
2635 772 2748 826 viro
2775 787 2963 843 parere
2987 773 3341 841 meruissent,
3373 771 3425 827 in
3450 775 3732 843 vituperium

2185 861 2284 930 ipsi
2312 862 2380 916 ab
2400 860 2627 915 inimicis
2655 870 3007 916 verterentur.

2256 953 2508 1007 Dicebant
2550 952 2763 1023 insuper
2799 955 2969 1021 ipsum
3010 967 3131 1008 esse
3168 952 3355 1007 durum
3394 960 3448 1007 et
3491 967 3730 1023 asperum,

2186 1058 2284 1097 nec
2323 1042 2467 1097 aditu
2515 1041 2746 1108 facilem,
2780 1044 2902 1112 quia
2946 1058 3138 1112 nempe
3178 1045 3321 1112 gregi
3354 1043 3623 1112 pascendo,
3658 1044 3738 1098 do-

2185 1134 2385 1200 cendo,
2441 1134 2765 1188 instituendo
2812 1150 3024 1204 semper
3080 1136 3348 1199 intentus,
3408 1150 3511 1189 non
3557 1134 3737 1191 facilem

2188 1225 2385 1278 aditum
2418 1226 2685 1294 praebebat
2713 1226 2985 1281 inutilibus
3012 1227 3325 1296 colloquiis;
3356 1241 3564 1296 semper
3590 1237 3740 1284 tamen

2188 1322 2402 1383 paratus
2431 1313 2496 1367 ad
2524 1329 2584 1368 ea
2617 1314 2877 1369 audienda
2917 1323 3076 1385 atque
3113 1314 3368 1381 curanda,
3407 1330 3522 1384 quae
3552 1317 3627 1370 vel
3654 1316 3739 1370 Ec-

2187 1404 2362 1458 clesiae
2388 1405 2623 1474 regimen
2656 1406 2738 1459 vel
2768 1420 3058 1474 pauperum
3087 1413 3142 1459 et
3167 1404 3446 1459 viduarum
3471 1420 3641 1459 curam
3665 1419 3742 1475 pas

2190 1494 2579 1565 trociniumque
2614 1502 2933 1564 spectarent.
2978 1494 3158 1565 Neque
3204 1494 3429 1549 deerant
3469 1495 3554 1564 qui
3596 1494 3739 1564 ipsum

2190 1584 2534 1655 petulantem,
2563 1586 3032 1648 contumeliosum,
3067 1584 3377 1640 iracundum
3410 1593 3463 1639 et
3490 1586 3740 1653 superbum

2190 1677 2459 1742 dicerent;
2507 1684 2667 1747 atque
2712 1678 2912 1732 odiosis
2951 1676 3275 1742 nominibus,
3315 1675 3433 1745 ejus
3477 1676 3527 1730 in
3568 1674 3739 1744 praadi-

2190 1767 2353 1821 canda
2381 1769 2573 1822 virtute
2597 1769 2969 1831 constantiam,
2994 1775 3179 1822 contra
3206 1767 3503 1832 avaritiam,
3540 1766 3739 1836 rapinas,

2191 1859 2444 1914 adulteria
2497 1868 2797 1930 caeterath
2847 1860 2968 1913 vitia
3013 1858 3430 1914 declamationes
3480 1858 3744 1913 detrectare

2191 1958 2529 2004 conarentur.

2262 2041 2510 2096 Socrates
2537 2055 2662 2096 vero
2684 2040 2831 2110 (Soc.
2853 2040 2890 2093 l.
2909 2039 2961 2095 6.
2983 2057 3031 2093 ο.
3054 2040 3131 2109 5),
3160 2040 3250 2110 qui
3272 2039 3339 2093 ils
3357 2053 3479 2109 qua:
3497 2038 3561 2094 de
3574 2037 3746 2093 Joanne

2194 2141 2373 2185 nostro
2400 2130 2709 2187 ferebantur
2736 2146 2839 2185 non
2868 2130 3124 2185 absimilia
3150 2129 3416 2196 audierat,
3452 2129 3547 2183 hoc
3572 2127 3634 2182 de
3672 2126 3746 2180 illo

2194 2220 2397 2290 profert
2435 2220 2731 2289 judicium:
2770 2238 2791 2272 ι
2821 2220 2941 2275 Fuit
2983 2228 3185 2285 autem,
3230 2228 3290 2273 ut
3335 2218 3529 2282 ferunt,
3568 2216 3631 2270 ob
3675 2215 3743 2267 ui-

2195 2313 2357 2366 inium
2396 2312 2761 2382 temperantia:
2791 2311 3022 2365 studium
3059 2311 3322 2374 acerbior,
3352 2319 3407 2364 et
3433 2310 3563 2363 sicut
3588 2306 3740 2360 aiebat

2192 2405 2428 2474 quidam,
2478 2405 2567 2475 qui
2607 2418 2727 2457 cum
2773 2404 2861 2458 illo
2899 2403 2968 2457 ab
2994 2403 3207 2457 ineunte
3247 2411 3408 2457 aetate
3444 2399 3744 2454 familiariter

2195 2499 2415 2562 vixerat,
2448 2496 2539 2560 ira:
2566 2497 2730 2565 magis
2756 2496 2985 2559 deditus,
3015 2510 3171 2565 quam
3198 2494 3555 2549 verecundiae.
3594 2492 3654 2546 Et
3688 2490 3744 2545 ob

2196 2589 2317 2642 vitm
2341 2587 2556 2658 quidem
2590 2587 2996 2640 sanctimoniam
3024 2586 3264 2640 incautus
3297 2585 3552 2639 adversus
3576 2582 3742 2646 futura,

2193 2681 2266 2735 ob
2298 2680 2690 2750 simplicitatem
2738 2694 2864 2733 vero
2907 2687 3126 2747 apertus
3166 2686 3222 2733 et
3261 2676 3455 2732 facilis.
3500 2672 3748 2730 lmmodica

2196 2773 2354 2826 etiam
2382 2771 2629 2842 loquendi
2662 2772 2905 2825 libertate
2930 2785 3053 2840 erga
3091 2784 3278 2825 omnes
3307 2770 3570 2824 utebatur.
3611 2767 3669 2821 Et
3705 2766 3746 2818 in

2195 2862 2438 2917 docendo
2483 2862 2696 2932 quidem
2749 2862 2798 2916 id
2847 2863 3111 2931 prmcipue
3160 2862 3457 2930 spectabat,
3502 2869 3555 2914 ut
3601 2863 3747 2912 mores

2198 2952 2527 3007 audientium
2556 2951 2867 3007 emendaret
2896 2969 2909 3005 :
2940 2952 2995 3006 in
3019 2952 3396 3022 congressibus
3434 2960 3603 3006 autem
3626 2961 3750 3002 arro-

2198 3044 2406 3113 gantior
2426 3043 2703 3098 videbatur
2744 3043 2829 3109 iis,
2855 3042 2946 3113 qui
2974 3057 3152 3098 mores
3180 3043 3347 3111 ipsius
3390 3042 3700 3112 ignorabant.
3728 3052 3745 3087 ι

2201 3136 2277 3192 Ex
2305 3135 2387 3189 his
2414 3151 2542 3193 vero
2575 3135 2725 3205 argui
2758 3149 2914 3203 posse
2945 3133 3175 3197 videtur,
3218 3149 3283 3189 ex
3329 3142 3482 3203 gestu
3526 3142 3577 3187 et
3603 3146 3662 3186 ex
3685 3129 3749 3183 lo-

2195 3227 2391 3296 quendi
2423 3226 2602 3291 modo,
2630 3241 2697 3280 ex
2721 3225 2898 3279 vultus
2923 3224 3048 3290 situ,
3078 3235 3131 3279 et
3158 3225 3276 3280 aliis
3302 3239 3423 3293 qua:
3463 3233 3637 3278 natura
3660 3221 3752 3290 ipsa

2195 3319 2436 3383 dederat,
2479 3318 2917 3390 Chrysostomum
2957 3318 3221 3387 aliquibus
3258 3318 3421 3371 etiam
3458 3331 3524 3372 ex
3570 3316 3645 3377 iis,
3680 3310 3751 3380 qui

2198 3412 2382 3457 contra
2410 3404 2581 3473 ipsum
2611 3401 2913 3456 inimicitias
2943 3415 3047 3456 non
3071 3409 3437 3470 susceperant,
3464 3397 3750 3468 asperitatis,

2199 3495 2305 3551 imo
2354 3495 2669 3566 arrogantia:
2694 3493 2964 3564 quidpiam
2994 3507 3106 3562 prae
3147 3506 3206 3547 se
3238 3491 3447 3547 tulisse.
3482 3491 3550 3545 At
3572 3485 3749 3544 etiamsi

2198 3590 2251 3645 id
2282 3589 2459 3660 specie
2489 3598 2691 3642 tantum
2716 3596 2874 3642 tenus
2914 3586 3120 3650 fuisset,
3153 3584 3282 3638 nihil
3310 3584 3438 3638 hinc
3461 3590 3635 3638 contra
3660 3591 3752 3632 mo-

2196 3683 2524 3739 derationem
2551 3691 2603 3736 et
2632 3680 2980 3735 humilitatem
3002 3676 3373 3749 Chrysostomi
3394 3674 3629 3732 concludi
3654 3684 3754 3741 pos-

2198 3783 2300 3828 set.
2357 3772 2553 3828 Verum
2610 3772 2859 3827 Socrates
2913 3770 3229 3840 plerumque
3280 3768 3351 3823 de
3405 3767 3752 3837 Cbrysostomo

2197 3866 2440 3937 quaedam
2482 3864 2676 3919 similia
2720 3862 2905 3927 refert,
2938 3878 3055 3932 quae
3085 3861 3346 3929 tantisper
3384 3861 3661 3914 alienatum
3699 3853 3752 3905 ab

2199 3958 2290 4012 illo
2319 3956 2555 4011 animum
2582 3954 2938 4035 subindiccnt,
2969 3968 3031 4008 ac
3058 3968 3178 4008 cum
3204 3954 3415 4008 czeteris
3440 3948 3752 4021 scriptoribus

2198 4064 2303 4104 non
2329 4048 2691 4102 consentiunt.

2269 4140 2600 4196 Sozomenus
2637 4149 2765 4193 vero
2794 4135 3028 4207 (Sozam.
3062 4136 3099 4189 ι.
3141 4135 3195 4190 8.
3224 4151 3271 4189 c.
3305 4136 3365 4203 9)
3394 4135 3541 4188 illum
3563 4141 3751 4202 prorsus

2198 4230 2265 4283 ab
2319 4229 2400 4284 his
2451 4227 2913 4283 criminationibus
2974 4225 3237 4291 vindicat,
3292 4236 3578 4293 narratque
3628 4219 3753 4274 illum

2199 4318 2500 4393 Olympiadi
2543 4318 2745 4375 monita
2769 4317 3005 4385 dedisse,
3036 4332 3154 4387 qna:
3197 4317 3299 4372 etsi
3329 4316 3558 4371 salubria
3602 4317 3748 4372 erant,

2198 4413 2428 4467 inimicis
2456 4421 2633 4466 tamen
2658 4410 2775 4481 ejus
2799 4408 3157 4465 calumniandi
3196 4422 3382 4461 ansam
3409 4404 3621 4460 dedere.
3647 4400 3752 4455 Erat

2196 4503 2341 4558 enim
2394 4501 2668 4574 Olympias
2720 4509 2965 4556 matrona
3011 4499 3343 4553 nobilissimo
3386 4510 3582 4568 genere
3625 4501 3747 4554 orta,

2198 4596 2454 4667 piissime,
2484 4611 2603 4666 qua:
2634 4604 2911 4665 postquam
2944 4594 2995 4648 in
3018 4593 3238 4663 juvenili
3261 4601 3419 4646 :etate
3446 4588 3599 4649 vidua
3623 4598 3751 4640 man-

2196 4689 2374 4753 sisset,
2398 4702 2429 4742 a
2454 4684 2704 4742 Nectario
2728 4686 3030 4741 diaconissa
3059 4684 3299 4738 ordinata
3327 4683 3519 4745 fuerat,
3547 4693 3656 4751 quae
3690 4674 3752 4728 la-

2196 4780 2420 4834 cultates
2470 4793 2594 4834 suas
2626 4778 2929 4848 petentibus
2978 4775 3193 4846 cepiose
3232 4775 3572 4845 largiebatur,
3605 4765 3751 4826 omni-

2195 4871 2402 4940 busque
2446 4868 2907 4924 indiscriminatim
2939 4886 2951 4921 :
2980 4868 3174 4923 divinis
3218 4868 3362 4923 enim
3410 4866 3618 4922 addicta
3652 4868 3749 4914 stu-

2196 4962 2319 5027 diis,
2350 4969 2561 5018 terrena
2589 4963 2728 5018 bona
2754 4962 2825 5016 ita
2853 4974 3039 5029 parum
3069 4958 3311 5022 curabat,
3340 4967 3397 5010 ut
3427 4970 3494 5010 ne
3523 4951 3751 5023 cogitaret

2196 5054 2410 5126 quidem
2437 5069 2503 5107 an
2532 5052 2785 5107 divitibus
2811 5067 2879 5105 an
2903 5049 3229 5120 pauperibus
3253 5062 3315 5101 ea
3332 5046 3628 5114 largiretur.
3656 5038 3748 5105 Qua

2195 5144 2263 5200 de
2293 5161 2349 5200 rc
2370 5145 2574 5198 monuit
2592 5158 2711 5199 eam
2733 5141 3147 5214 Chrysostomus
3167 5138 3398 5206 dixitque
3425 5134 3519 5195 illi,
3543 5134 3613 5185 sic
3633 5129 3748 5181 bona

2196 5239 2462 5308 Opulentis
2500 5237 2649 5303 dare,
2679 5234 2901 5308 perinde
2930 5249 3050 5290 esse
3080 5243 3240 5303 atque
3268 5230 3311 5284 si
3347 5230 3398 5283 in
3440 5242 3584 5282 mare
3609 5221 3748 5279 ellua-

2195 5332 2478 5394 derentur;
2507 5328 2599 5383 sed
2624 5328 2805 5398 egenis
2833 5325 3004 5382 solum
3027 5320 3317 5394 eroganda,
3355 5327 3409 5373 et
3432 5318 3511 5372 sic
3541 5311 3746 5383 pluribus

2194 5422 2336 5477 illam
2377 5419 2633 5475 beneﬁcia
2663 5417 3018 5486 przestituram
3058 5427 3197 5469 esse.
3223 5408 3513 5465 Consilium
3544 5403 3653 5495 ejus

2193 5521 2354 5582 quuta
2387 5520 2470 5564 est
2512 5508 2804 5579 Olympias.
2844 5505 2923 5560 Illi
2966 5519 3116 5569 vero,
3145 5515 3370 5571 quorum
3400 5496 3592 5552 divitia:
3614 5490 3745 5587 donis

2192 5600 2517 5674 Olympiadis
2546 5597 2976 5661 cumulabantur,
3007 5595 3124 5664 ejus
3163 5599 3414 5647 mutatam
3458 5587 3745 5674 sententiam

2192 5668 2455 5756 videntes,
2500 5698 2685 5745 contra
2711 5687 3153 5759 Chrysostomum
3186 5682 3262 5736 rei
3290 5689 3553 5735 auctorem
3579 5668 3745 5725 debac-

2194 5784 2332 5841 ehali
2363 5793 2503 5836 sunt.
