3948 6434
233 405 334 464 [39

306 525 536 582 Maxime
579 526 818 581 omnium
845 534 1024 580 autem
1073 526 1124 580 in
1165 525 1313 580 illum
1356 535 1670 594 exasperata
1711 535 1826 582 erat

234 612 476 672 Eudoxia
517 617 790 687 Augusta;
835 615 1186 672 referentibus
1223 615 1444 672 Socrate
1489 617 1660 686 (Socr.
1695 620 1732 672 ι.
1771 619 1824 674 6.

232 724 280 760 c.
322 704 378 776 5)
404 747 420 775 ,
475 707 782 763 Sozomeuo
829 714 886 762 et
923 706 1138 761 Zosimo
1181 705 1412 778 (Sozam.
1455 709 1493 762 ι.
1537 708 1589 764 8.
1637 725 1682 763 c.
1733 709 1822 765 16.

234 795 359 854 los.
405 815 462 868 ρ.
492 796 646 870 799).
693 797 985 854 Ambitiosa
1014 800 1154 854 enim
1194 815 1316 855 cum
1347 809 1490 856 esset
1513 812 1673 872 atque
1710 803 1826 858 auri

233 888 450 959 cupida,
481 905 589 944 non
614 898 823 959 poterat
845 905 998 960 :cquo
1018 891 1198 946 animo
1225 891 1365 948 ferre
1381 909 1502 948 eum
1531 898 1618 964 qui
1639 905 1826 952 contra

232 980 543 1050 hujusmodi
571 983 694 1036 vitia
725 992 984 1053 perpetuo
1003 983 1346 1040 declamaret.
1375 985 1621 1042 Zosimus
1645 999 1822 1044 autem

229 1071 366 1126 dicit
404 1073 550 1127 illam
598 1073 650 1128 in
677 1072 936 1129 Joannem
979 1076 1368 1143 succensuisse,
1401 1077 1542 1148 quod
1580 1094 1697 1134 eam
1729 1095 1826 1150 pu-

233 1162 394 1219 blicis
426 1163 480 1220 in
521 1165 874 1220 conventibus
900 1167 1280 1236 perstringere,
1328 1171 1559 1222 mordere
1599 1184 1827 1226 consue-

231 1254 423 1309 visset.
467 1254 526 1308 In
569 1255 685 1310 Vita
723 1263 898 1310 autem
947 1255 1002 1312 S.
1056 1257 1338 1328 Porphyrii
1385 1257 1544 1329 (Boll.
1571 1258 1640 1314 26
1670 1259 1822 1316 Febr.

233 1361 285 1413 ρ.
315 1343 538 1416 652.12)
580 1353 828 1400 narratur
867 1345 1128 1402 Joannem
1173 1346 1470 1402 Eudoxiatn
1531 1349 1827 1418 reprehen-

230 1436 396 1500 disse,
437 1435 582 1506 quod
623 1443 818 1490 terram
849 1437 1130 1505 quamdam
1175 1437 1223 1492 vi
1265 1437 1572 1494 abstulisset
1617 1440 1824 1509 sibique

229 1529 505 1598 propriam
529 1525 757 1582 fecisset.
786 1527 1050 1596 Additque
1079 1527 1365 1596 Palladius,
1396 1529 1640 1585 inimicos
1661 1531 1822 1586 Joan-

230 1620 314 1674 nis
355 1619 652 1674 Eudoxiam
679 1619 931 1675 adversus
963 1620 1111 1676 illum
1150 1623 1524 1691 concitavisse,
1570 1624 1702 1679 falsa
1735 1642 1820 1680 rc-

227 1710 454 1764 ferendo
488 1710 556 1766 de
595 1712 942 1766 concionibus
983 1713 1169 1782 ipsius,
1219 1714 1290 1767 ita
1334 1723 1390 1768 ut
1417 1714 1654 1770 dicerent
1681 1719 1818 1786 quod

227 1801 344 1870 ipse
398 1801 696 1856 Eudoxiam
743 1802 1044 1859 Jezabelem
1099 1806 1444 1874 appellasset.
1505 1807 1562 1861 In
1617 1811 1816 1864 crimen

229 1892 396 1948 etiam
425 1894 718 1949 vocabatur
745 1910 773 1948 a
801 1896 1069 1950 nonnullis
1097 1897 1270 1966 (Socr.
1305 1899 1341 1952 l.
1381 1897 1436 1953 6.
1478 1915 1525 1952 c.
1566 1898 1644 1971 5),
1677 1901 1816 1969 quod

231 1982 547 2054 EutrOpium
585 1984 910 2054 eunuchum,
939 1989 1026 2057 qui
1073 1987 1126 2042 in
1172 1987 1453 2044 ecclesiam
1497 1991 1818 2060 perquisitus

228 2073 526 2146 aufugerat,
570 2077 915 2133 vehementer
953 2078 1358 2149 objurgavissct,
1405 2083 1654 2152 quodque
1697 2083 1819 2139 Gai-

229 2180 350 2219 nam
397 2175 522 2222 tunc
551 2165 858 2238 Magistrum
903 2169 1130 2224 militum
1161 2171 1548 2227 contumeliose
1577 2173 1817 2245 alloquu-

231 2265 315 2310 tus
363 2255 555 2313 fuisset
596 2275 610 2311 :
654 2260 726 2313 ita
779 2275 970 2330 nempe
1023 2261 1266 2318 solemne
1320 2266 1664 2335 sycophantis
1713 2277 1814 2335 est,

229 2349 428 2417 optima
453 2364 682 2420 quaeque
706 2361 876 2422 gesta,
909 2367 1007 2408 suo
1053 2368 1204 2409 more
1243 2366 1650 2426 reprzcsentata,
1686 2360 1816 2414 vitio

227 2447 438 2495 vertere
469 2441 552 2508 iis,
586 2456 812 2512 quorum
839 2444 1129 2513 perniciem
1155 2447 1468 2501 moliuntur.

295 2531 485 2587 Refert
519 2533 785 2590 Palladius
813 2535 1048 2608 (Pallad.
1078 2555 1128 2608 p.
1162 2537 1278 2607 66.)
1300 2537 1670 2606 Severianum,
1701 2543 1812 2597 An-

223 2619 486 2688 tiochum,
521 2629 576 2678 et
611 2623 865 2679 Acacium
911 2625 1144 2682 infensos
1187 2627 1353 2684 fuisse
1377 2629 1565 2685 Joanni
1598 2643 1816 2704 propter

223 2713 497 2769 modestos
541 2717 660 2786 ejus
713 2717 1143 2786 admonitiones;
1197 2737 1368 2792 neque
1407 2723 1523 2779 huic
1572 2741 1675 2780 una
1717 2725 1816 2782 fuit

221 2805 420 2860 Acacio
460 2806 659 2861 irarum
687 2823 882 2876 causa;
919 2810 1013 2865 sed
1044 2812 1203 2866 etiam
1229 2813 1374 2884 quod
1399 2830 1520 2870 cum
1551 2815 1814 2872 Constan-

219 2893 484 2963 tinopolin
511 2898 768 2966 venisset,
798 2913 902 2954 non
931 2899 1130 2956 bonum
1156 2901 1470 2974 hospitium,
1492 2907 1670 2963 aiebat
1697 2908 1808 2976 ille,

218 2985 362 3055 apud
394 2983 836 3058 Chrysostomum
879 3001 1067 3048 nactus
1106 3005 1267 3048 esset.
1301 2994 1638 3066 Quapropter
1677 3014 1811 3055 mm-

217 3089 344 3132 rens
385 3077 777 3136 intumescebat
820 3083 971 3152 quasi
1009 3085 1284 3154 neglectus
1317 3101 1348 3140 a
1377 3087 1604 3154 Joanne,
1646 3099 1808 3159 atque

214 3184 339 3224 cum
362 3170 494 3225 iram
515 3171 726 3228 frenare
749 3189 854 3230 non
880 3185 1082 3245 posset,
1113 3193 1160 3246 pi
1175 3179 1465 3233 wsentibus
1488 3181 1806 3251 quibusdam

213 3261 438 3318 Joannis
465 3265 695 3330 clericis,
727 3266 937 3337 dignam
983 3283 1080 3322 suo
1119 3271 1300 3324 animo
1335 3272 1552 3338 protulit
1586 3282 1806 3327 senten-

212 3355 342 3408 tiam
373 3355 580 3422 dicens,
611 3355 721 3428 Ego
753 3359 830 3411 illi
857 3360 1010 3412 ollam
1037 3376 1290 3429 praepara.
1319 3361 1468 3416 Tunc
1487 3373 1662 3418 autem
1687 3380 1807 3420 sese

209 3446 461 3516 adjunxit
502 3448 818 3518 Severiano,
849 3453 1132 3518 Antiocho,
1159 3465 1210 3508 et
1239 3453 1420 3509 lsaaco
1451 3455 1585 3528 Syro
1616 3474 1805 3512 mona-

209 3536 440 3592 chorum
489 3541 795 3610 prreposito,
837 3543 926 3613 qui
973 3554 1234 3614 perpetuo
1279 3545 1490 3602 solebat
1525 3549 1806 3620 episcopos

206 3629 493 3685 calumniis
523 3631 801 3702 impetere.

286 3720 348 3774 lli
381 3737 509 3791 ergo
536 3734 769 3794 quatuor
791 3736 976 3781 contra
1016 3727 1278 3783 Joannem
1305 3731 1621 3800 conspirant
1649 3731 1806 3801 (Pal-

205 3812 317 3866 lad.
353 3829 406 3882 p.
438 3813 550 3885 49).
583 3814 900 3886 Mittuntque
944 3819 1174 3887 primum
1211 3821 1570 3890 Antiochiam,
1603 3825 1692 3893 qui
1736 3825 1804 3880 de

203 3904 572 3959 adolescentia
618 3909 736 3976 ejus
774 3911 1148 3978 perquirereut
1177 3929 1190 3966 :
1216 3929 1403 3968 verum
1449 3915 1652 3971 inutilis
1683 3933 1804 3986 per-

202 3995 430 4064 quisitio
478 3996 596 4064 fuit,
643 4014 742 4054 nec
781 4001 1072 4072 quidquam
1126 4005 1540 4074 reprehensione
1583 4007 1802 4079 dignum

201 4083 485 4141 inventum
508 4097 609 4142 est.
639 4089 839 4146 Deinde
859 4093 1074 4147 mittunt
1105 4093 1172 4148 ad
1195 4095 1551 4164 TheOphilum
1571 4099 1805 4154 Alexan-

199 4181 450 4246 drinum,
487 4184 575 4252 qui
608 4188 881 4240 cothurnus
915 4185 1224 4241 vocabatur.
1272 4187 1404 4253 Quis
1446 4197 1590 4244 esset
1628 4191 1805 4246 Theo-

199 4271 336 4339 phili
362 4273 572 4328 animus
592 4289 716 4344 erga
737 4275 994 4331 Joannem
1013 4277 1122 4347 jam
1141 4277 1388 4346 vidimus,
1411 4295 1531 4334 cum
1553 4281 1619 4336 de
1641 4283 1803 4352 ipsius

199 4361 431 4416 Joannis
460 4365 794 4420 ordinatione
820 4368 870 4422 in
912 4369 1219 4439 episcopum
1263 4369 1802 4442 ConstantinOpolita-

201 4467 331 4507 num
377 4469 702 4524 ageremus:
744 4459 972 4514 vidimus
1021 4459 1170 4514 illum
1212 4461 1433 4515 inritum
1473 4461 1804 4518 ordinavisse

201 4544 494 4614 Joannem,
519 4547 670 4616 cujus
691 4557 744 4602 et
772 4551 935 4605 animi
960 4552 1262 4606 lirmitatem
1285 4560 1340 4607 et
1368 4553 1615 4622 loquendi
1645 4554 1804 4608 Iiber-

203 4645 371 4693 tatem
411 4642 699 4708 metuebat,
733 4660 904 4714 neque
944 4661 1195 4716 umquam
1227 4647 1492 4702 destitisse
1521 4648 1803 4718 putabatur

201 4745 230 4784 a
257 4733 537 4802 proposito
559 4735 705 4790 illum
737 4752 765 4790 a
797 4737 925 4793 sede
954 4738 1294 4808 deturbandi,
1324 4741 1489 4796 sicubi
1509 4755 1628 4796 sese
1648 4756 1802 4795 occa-

203 4823 282 4877 sio
309 4822 549 4881 oﬂ'erret.

272 4915 486 4970 Accidit
506 4928 683 4974 autem
706 4919 807 4975 hoc
829 4921 1044 4978 circiter
1065 4933 1302 4995 tempore
1331 4926 1572 4981 Fratrum
1598 4929 1805 4997 Longo-

203 5017 322 5058 rum
373 5010 666 5076 negotium,
705 5011 846 5080 quod
894 5013 1150 5068 tumultus
1189 5031 1409 5085 magnos
1451 5017 1502 5070 in
1548 5018 1802 5074 Orientali

207 5095 451 5155 Ecclesia
475 5103 780 5172 concitavit,
813 5114 864 5160 et
883 5105 1007 5162 inde
1029 5106 1356 5176 Theophilus
1377 5124 1558 5163 ansam
1583 5111 1804 5179 arripuit

206 5199 262 5244 ut
301 5193 354 5246 in
401 5191 838 5264 Chrysostomum
882 5199 1112 5253 saeviret.
1154 5199 1348 5254 Verum
1391 5215 1476 5254 res
1520 5211 1602 5255 est
1645 5202 1804 5256 altius

208 5282 518 5350 repetenda.

275 5373 471 5430 Narrat
498 5377 764 5434 Palladius
809 5379 1046 5446 (Pallad.
1079 5400 1132 5451 p.
1165 5383 1234 5438 50
1259 5392 1305 5436 et
1341 5384 1497 5454 δρψ),
1543 5383 1800 5439 Isidorum

210 5468 492 5530 quemdam
535 5469 902 5542 presbyterum
950 5475 1382 5544 octogenarium,
1433 5490 1461 5530 a
1507 5475 1804 5544 Theopt.ilo

213 5553 569 5614 Alexandrino
599 5563 825 5630 praesule
863 5563 1042 5634 inique
1083 5575 1350 5630 vexatum,
1402 5565 1470 5620 ad
1512 5567 1802 5622 monachos

215 5651 408 5705 montis
449 5650 634 5709 Nitriae
679 5654 1004 5728 confugisse.
1047 5657 1402 5728 Theophilum
1448 5672 1596 5723 vero,
1643 5675 1804 5728 quem

217 5734 328 5804 ipse
355 5753 409 5796 ut
428 5746 669 5800 omnium
698 5746 1040 5802 vaferrimum
1072 5758 1123 5804 et
1149 5750 1584 5805 scelestissimum
1611 5751 1800 5819 depin-

219 5839 310 5897 ιιι,
347 5838 397 5888 in
421 5835 714 5892 monachos
745 5839 866 5896 illos
893 5841 1148 5910 smviissc,
1187 5843 1514 5912 jussissequc
1540 5841 1798 5916 quosdam

1403 401 1584 461 NUNC
1613 402 1874 460 PRIMUM
1913 401 2313 459 ADORNATA.

3417 409 3524 467 190

1933 531 1966 573 e
1994 517 2259 588 primariis
2297 531 2368 573 ex
2405 516 2657 572 interiore
2681 515 2864 574 eremo
2891 510 3108 590 depelli.
3136 520 3213 576 Illi
3253 537 3380 578 vero
3406 539 3524 580 mo.

1933 605 2090 662 nachi
2123 620 2245 662 cum
2291 607 2574 663 Ammonio
2599 608 2850 678 quodam,
2881 610 2998 665 viro
3023 611 3310 681 grandaeva
3345 623 3400 670 et
3427 631 3522 672 ve-

1933 699 2182 766 nerabili,
2211 698 2562 770 Theophilum
2591 700 2808 764 adeunt,
2839 711 2892 756 et
2919 717 3023 772 qua
3043 701 3112 758 de
3131 719 3291 760 causa
3320 707 3524 776 pellan-

1933 797 2020 845 tur
2056 799 2278 862 rogant;
2324 799 2433 846 tum
2483 791 2573 846 ille
2619 791 2960 847 Ammonium
3004 792 3172 864 plagis
3213 807 3420 864 onerat,
3465 809 3523 854 et

1933 883 2223 938 monachos
2251 885 2402 954 quasi
2441 883 2685 954 Origenis
2725 883 2998 941 erroribus
3035 887 3258 944 infectos
3288 893 3520 960 repellit.

1935 973 2016 1029 Illi
2044 990 2170 1030 vero
2194 975 2260 1030 ad
2291 976 2496 1032 Montes
2535 976 2781 1044 redeunt,
2810 987 2866 1032 et
2893 981 3240 1036 monasticam
3269 983 3430 1038 vitam
3462 995 3522 1040 ut

1932 1067 2078 1135 prius
2121 1077 2391 1124 exercent.
2439 1068 2590 1123 Tunc
2637 1068 2966 1139 'l‘he0philus
3017 1071 3288 1129 advocatis
3333 1076 3522 1130 vicinis

1931 1156 2194 1226 episcopis
2231 1156 2502 1230 Synodum
2542 1157 2796 1226 celebrat,
2840 1159 3130 1216 monachos
3174 1177 3276 1218 nec
3313 1165 3522 1220 auditos

1929 1246 2188 1314 damnat;
2223 1256 2331 1304 tres
2365 1263 2493 1304 vero
2526 1263 2592 1304 ex
2623 1251 2922 1320 praecipuis,
2961 1266 3190 1322 quorum
3230 1269 3366 1310 unus
3393 1260 3522 1312 Am-

1931 1339 2140 1393 monius
2167 1349 2302 1407 erat,
2335 1342 2780 1396 excommunicat.
2805 1341 2962 1397 Mittit
2981 1344 3071 1414 qui
3100 1348 3391 1403 monachos
3417 1351 3525 1417 pel-

1930 1429 2038 1484 lant
2064 1445 2131 1484 ex
2160 1431 2308 1487 cellis
2335 1443 2388 1486 et
2419 1435 2758 1490 monasteriis
2788 1436 2917 1490 suis.
2943 1434 3022 1491 Illi
3047 1453 3174 1492 vero
3205 1439 3255 1493 in
3287 1440 3524 1495 Pali-sti-

1929 1535 2049 1574 nam
2083 1521 2311 1590 primum
2337 1523 2556 1592 profecti
2583 1535 2726 1580 sunt.

2001 1613 2127 1668 Inde
2141 1630 2268 1670 vero
2295 1617 2794 1686 Constantinopolin
2823 1629 3104 1687 venerunt,
3143 1623 3228 1678 ubi
3259 1625 3515 1696 quinqua-

1925 1704 2068 1774 ginta
2117 1721 2338 1760 numero
2385 1707 2451 1760 ad
2481 1707 2702 1762 Joannis
2748 1712 2988 1780 episcopi
3039 1729 3208 1782 genua
3255 1718 3522 1784 provoluti

1925 1805 2134 1864 rogant,
2180 1813 2239 1852 se
2283 1815 2402 1853 cum
2449 1799 2748 1870 Theophilo
2788 1804 3040 1873 episcopo
3088 1809 3418 1875 reconciliet,
3467 1821 3523 1864 ut

1925 1898 2135 1944 montes
2161 1899 2214 1945 et
2238 1891 2352 1944 loca
2380 1905 2472 1946 sua
2500 1900 2749 1962 repetere
2779 1896 2978 1964 ptlSsitll
3007 1915 3018 1949 :
3045 1897 3274 1968 alioquin
3303 1916 3432 1954 vero
3462 1918 3522 1958 se

1925 1979 2303 2050 Imperatorem
2345 1984 2616 2049 adituros,
2669 1994 2728 2040 ut
2776 2002 2938 2056 prava
2985 1989 3124 2044 illius
3173 1991 3223 2045 in
3267 1993 3522 2049 Ecclesia:

1923 2073 2302 2126 contumeliam
2346 2072 2578 2129 facinora
2607 2088 2898 2145 exponant.
2937 2077 3070 2132 Tum
3101 2079 3520 2152 Chrysostomus

1925 2161 2046 2217 illos
2091 2163 2320 2218 libenter
2363 2165 2593 2235 excepit,
2643 2181 2807 2236 seque
2853 2168 3148 2239 ’I‘heophilo
3197 2173 3519 2241 scripturum

1923 2254 2190 2324 pollicitus
2215 2266 2314 2312 est.
2353 2259 2429 2314 De
2459 2269 2655 2314 caetero
2684 2261 2978 2317 monachos
3011 2263 3150 2330 illos,
3183 2265 3272 2334 qui
3307 2264 3520 2320 Fratres

1925 2350 2091 2420 Longi
2120 2366 2148 2403 a
2175 2361 2376 2406 statura
2413 2363 2691 2417 vocantur,
2742 2357 2948 2410 moauit
2983 2365 3174 2411 utrem
3202 2357 3416 2413 silentio
3443 2367 3520 2414 te-

1921 2451 2128 2509 gerent,
2153 2441 2324 2498 donec
2349 2443 2475 2512 quid
2504 2445 2554 2497 in
2580 2452 2758 2500 mente
2779 2444 2998 2501 haberet
3023 2446 3352 2516 Theophilus
3373 2465 3522 2504 coru-

1924 2531 2224 2600 perissent:
2259 2533 2546 2603 hospitium
2584 2544 2760 2589 autem
2792 2536 2898 2590 illis
2939 2537 3230 2607 assignavit
3261 2539 3314 2592 in
3343 2541 3516 2617 eccle-

1919 2623 2040 2688 sia,
2092 2639 2210 2694 qua:
2261 2624 2541 2678 Auastasia
2600 2625 2904 2680 vocabatur.
2960 2627 3041 2680 Ad
3095 2629 3288 2682 vietum
3341 2641 3516 2684 autem

1921 2715 2224 2768 necessaria
2249 2715 2807 2784 ipsissuppeditabant
2833 2717 3086 2772 mulieres
3111 2718 3352 2787 quadam
3387 2723 3511 2772 reli-

1919 2807 2120 2875 giosae;
2174 2808 2272 2878 ipsi
2313 2824 2524 2878 quoque
2565 2809 2807 2864 nonnihil
2854 2797 3201 2865 conferebant
3245 2827 3315 2866 ex
3357 2827 3518 2880 opere

1917 2913 2188 2953 mmmam.
2243 2899 2410 2955 Erant
2437 2908 2561 2955 tunc
2597 2899 3059 2972 ConstantinOpoli
3099 2903 3310 2972 quidam
3342 2904 3518 2958 Theo-

1917 2989 2050 3060 phili
2079 2991 2284 3056 clerici,
2323 2991 2438 3061 ejus
2471 2994 2680 3062 negotia
2718 3003 2986 3064 gerentes.
3020 2993 3114 3048 llis
3141 2995 3325 3048 accitis
3351 2993 3514 3048 Joan-

1915 3098 2012 3136 nes
2039 3092 2378 3153 percontatus
2401 3093 2502 3147 est,
2527 3099 2593 3137 an
2621 3083 2911 3138 ruouachos
2939 3085 3068 3138 istos
3095 3096 3330 3140 nossent.
3359 3086 3434 3139 Illi
3457 3101 3518 3142 se

1913 3173 2082 3244 probe
2113 3174 2230 3228 illos
2262 3175 2474 3228 novisse
2516 3173 2784 3239 dixerunt,
2830 3183 2885 3228 et
2918 3175 3223 3228 violentiam
3269 3189 3512 3245 magnam

1915 3280 2198 3335 perpessos
2235 3279 2355 3319 esse
2397 3263 2522 3318 [τιευί
2567 3274 2710 3318 sunt.
2745 3265 2820 3319 De
2861 3273 3056 3319 caetero
3097 3264 3356 3320 Joannem
3394 3282 3512 3322 mo-

1913 3371 2097 3422 nuere,
2134 3365 2192 3410 ut
2231 3371 2297 3410 ne
2339 3355 2458 3415 illos
2498 3355 2564 3410 ad
2605 3356 3036 3410 communionem
3072 3356 3396 3422 admitteret,
3443 3374 3512 3414 ne

1913 3447 2267 3515 Theophilum
2306 3448 2689 3514 exaecrbaret;
2740 3461 2860 3502 cum
2909 3447 3012 3501 illis
3057 3457 3228 3502 tamen
3282 3449 3513 3520 benigne

1911 3551 2113 3613 ageret,
2144 3553 2201 3596 ut
2221 3542 2442 3596 decebat
2463 3542 2796 3610 episcopum.

1983 3635 2074 3689 Sic
2109 3634 2343 3688 Joannes
2381 3634 2510 3688 illos.
2535 3633 2601 3688 ad
2646 3633 3076 3688 communionem
3118 3649 3224 3687 non
3261 3633 3509 3699 admisit;

1911 3728 2006 3784 sed
2055 3727 2122 3783 ad
2165 3727 2521 3798 Theophilum
2575 3729 2808 3797 scripsit,
2865 3743 2925 3784 se
2974 3727 3138 3782 ﬁlium
3191 3740 3244 3784 et
3295 3732 3510 3783 fratrem

1911 3819 2076 3889 ipsius
2103 3819 2310 3885 dicens,
2340 3835 2534 3890 rogans
2567 3819 2685 3874 illos
2712 3820 2929 3873 demum
2959 3819 3266 3875 admitteret
3307 3829 3361 3874 et
3403 3833 3512 3873 am-

1911 3911 2250 3979 plecteretur.
2276 3909 2331 3964 Id
2361 3911 2573 3980 negavit
2599 3909 2966 3978 Theophilus;
2999 3908 3092 3964 sed
3123 3909 3382 3978 quosdam
3414 3909 3515 3964 mi-

1909 4004 1979 4056 sit
2003 4001 2066 4056 ad
2098 4003 2462 4057 contentiosas
2489 4003 2778 4056 verborum
2815 4015 3016 4072 pugnas
3051 4001 3391 4068 exercitatos,
3421 4002 3512 4072 qui

1910 4095 2146 4149 libellum
2177 4109 2394 4164 precum
2419 4093 2610 4149 Joanni
2638 4093 2850 4156 darent,
2890 4093 3182 4148 mendaciis
3209 4101 3260 4147 et
3303 4093 3511 4146 calum-

1910 4185 2014 4240 niis
2031 4185 2286 4240 adversus
2315 4184 2608 4239 monachos
2642 4184 3029 4252 plenissimum,
3061 4194 3118 4237 ut
3147 4181 3394 4236 monachi
3435 4182 3512 4236 illi

1911 4278 1962 4332 in
2010 4277 2212 4330 Palatio
2238 4277 2388 4344 quasi
2421 4275 2834 4344 prmstigiatores
2863 4273 3032 4343 digito
3059 4271 3506 4327 monstrarentur.

1909 4367 2154 4423 Mouachi
2179 4381 2332 4431 vero,
2355 4375 2414 4420 ut
2442 4366 2690 4420 viderunt
2717 4364 2918 4418 nullam
2949 4365 3047 4418 sibi
3080 4363 3365 4432 Theophili
3394 4365 3508 4434 pla-

1909 4459 2064 4514 caudi
2107 4459 2247 4512 viam
2297 4471 2602 4527 superesse,
2650 4471 2710 4511 se
2752 4465 2964 4524 paratos
3001 4470 3122 4510 esse
3159 4455 3398 4509 dicentes
3443 4457 3510 4510 ad

1910 4567 2124 4607 omnem
2153 4551 2342 4607 falsam
2374 4551 2670 4606 doctrinam
2699 4547 3263 4610 anathematizandam;
3303 4548 3511 4616 suppli-

1910 4661 1997 4698 ces
2045 4644 2256 4698 libellos
2295 4643 2490 4699 Joanni
2529 4641 2780 4706 offerunt,
2826 4642 2912 4696 ubi
2952 4639 3234 4711 Theophili
3273 4642 3510 4712 tyranni-

1910 4737 2030 4791 dem
2073 4737 2254 4792 multis
2291 4735 2688 4806 exprimebant,
2727 4735 2937 4804 aliaque
2978 4734 3356 4805 adjungcbaut,
3389 4749 3508 4804 qua.

1912 4829 2114 4885 referre
2157 4829 2384 4898 pudeat.
2415 4829 2551 4883 Tum
2591 4827 2827 4882 Joannes
2853 4835 2906 4882 et
2936 4843 3031 4896 per
3070 4843 3128 4882 se
3173 4837 3224 4882 et
3253 4843 3347 4897 per
3373 4827 3506 4882 alios

1909 4927 2189 4996 episcopos
2213 4923 2456 4978 hortatur
2482 4922 2602 4976 illos
2630 4931 2686 4976 ut
2715 4921 2836 4974 talia
2859 4920 2928 4974 de
2955 4921 3253 4990 TheOphilo
3273 4920 3511 4975 scribere

1911 5018 2178 5082 desinant,
2210 5025 2464 5087 quantum
2496 5015 2620 5068 hinc
2667 5014 2792 5070 mali
2829 5022 3280 5084 conscquuturum
3315 5013 3386 5066 sit
3412 5012 3508 5066 de-

1911 5111 2121 5164 clarans
2145 5126 2158 5161 :
2188 5104 2591 5176 Theophiloque
2615 5103 2894 5174 rescripsit
2920 5120 3144 5159 narrans
3165 5103 3238 5157 illi
3263 5117 3507 5174 quamam

1912 5203 2158 5258 monachi
2207 5200 2275 5256 de
2317 5200 2434 5270 ipso
2480 5199 2801 5269 proferrent,
2849 5197 3250 5267 testiﬁcansque
3291 5210 3350 5252 se
3387 5193 3509 5249 illos

1915 5294 2114 5349 frustra
2164 5291 2432 5346 hortatum
2485 5305 2605 5346 esse
2655 5301 2714 5345 ut
2755 5289 3214 5359 Constantinopoli
3261 5287 3498 5342 discede-

1915 5396 2065 5452 rent;
2113 5395 2365 5442 creterum
2409 5400 2528 5456 qua:
2571 5384 2672 5440 sibi
2717 5383 2972 5454 expedire
3019 5380 3326 5435 viderentur
3375 5377 3509 5434 indi-

1910 5488 2072 5534 caret.

1982 5569 2308 5639 Theophilus
2331 5587 2479 5638 vero,
2509 5569 2600 5640 qui
2630 5565 2822 5624 Joanni
2851 5575 2954 5620 tam
2979 5562 3274 5628 moderato,
3299 5562 3426 5634 quin
3457 5573 3511 5619 et

1907 5661 2083 5715 amico
2106 5660 2286 5715 animo
2309 5675 2492 5716 secum
2517 5659 2714 5730 agenti,
2743 5658 2964 5728 gratiam
2996 5654 3196 5710 habere
3221 5653 3424 5722 debuit,
3453 5655 3510 5710 in

1914 5751 2146 5806 furorem
2191 5761 2364 5816 actus,
2407 5750 2588 5806 statim
2633 5749 2702 5803 ab
2730 5748 2966 5804 Ecclesia
3015 5745 3247 5804 excludit
3288 5745 3511 5801 υἱοπο-

1915 5855 2032 5897 rum
2065 5843 2395 5913 episcopum,
2429 5854 2588 5910 quem
2621 5850 2774 5896 vocat
2814 5838 3105 5907 Palladius,
3139 5837 3356 5894 fratrem
3395 5847 3512 5890 mo-
