3948 6422
501 370 588 424 an
1589 361 1646 415 s.
1686 362 1960 420 JOANNIS
1997 361 2469 423 cuursosrom
2511 366 2692 439 vm,
3644 383 3730 438 ηρ

496 480 808 545 nachornm,
838 477 925 547 qui
969 478 1019 532 iu
1065 476 1304 533 Ecclesia
1343 484 1612 537 seuuerat,
1648 485 1703 530 et
1726 476 1914 531 Joanni
1961 476 2072 544 cpi-

492 587 658 642 scopo
686 571 799 625 haec
827 569 1011 624 scribit
1042 587 1058 624 :
1091 568 1320 623 Arbitror
1359 568 1588 639 equidem
1628 584 1730 622 non
1770 569 2007 639 ignorare
2029 576 2076 620 te

502 679 741 719 :tmonum
770 660 1097 717 Nicanorem
1126 661 1401 727 decretum,
1430 676 1527 731 quo
1571 659 1814 726 sancitur,
1861 674 1927 712 ne
1968 657 2074 726 epi-

493 772 674 825 scapus
699 752 836 808 litem
864 761 1006 807 extra
1031 752 1158 820 ﬁnes
1185 768 1302 805 suos
1322 751 1517 821 judicet
1543 765 1563 805 :
1580 751 1625 804 si
1652 759 1819 804 autem
1847 750 2071 819 ignoras,

495 844 647 909 disce,
679 852 724 897 et
748 860 781 896 a
811 842 991 897 libellis
1016 840 1254 895 adversus
1280 857 1358 893 me
1378 839 1587 893 abstine.
1620 838 1758 893 Nam
1786 839 1831 892 si
1849 838 2077 909 judicari

495 954 573 991 me
591 943 857 1006 aporteret,
882 934 944 988 ab
962 932 1226 1005 Egyptiis
1246 934 1491 1001 episcOpis
1500 931 1811 1003 judicandus
1828 947 1958 993 sum,
1976 946 2077 983 non

493 1042 526 1080 a
559 1037 621 1092 te,
651 1027 737 1097 qui
774 1026 1088 1098 septuaginta
1114 1025 1331 1096 quinque
1358 1025 1552 1079 dierum
1588 1024 1765 1079 itinere
1793 1024 1908 1077 hinc
1938 1021 2073 1077 abes.

566 1117 643 1173 Ex
677 1117 759 1172 his
785 1132 912 1173 vero
949 1117 1117 1171 literis
1144 1117 1316 1186 palam
1358 1125 1440 1171 est
1469 1132 1653 1171 verum
1694 1130 1816 1171 esse
1860 1114 1912 1169 id
1934 1112 2075 1184 quod

436 1225 439 1228 ‘
497 1208 745 1264 Socrates
788 1207 949 1263 refert
997 1206 1168 1279 (Socr.
1200 1206 1237 1260 l.
1275 1207 1325 1261 6.
1356 1224 1402 1261 c.
1433 1207 1513 1278 9),
1547 1222 1735 1275 nempe
1774 1206 1961 1261 falsum
1990 1220 2079 1258 ru-

506 1314 709 1355 morem
758 1298 826 1354 ad
860 1313 1017 1354 aures
1067 1298 1348 1369 Theophili
1400 1300 1659 1368 perlatum
1704 1298 1888 1362 fuisse,
1936 1295 2078 1367 quod

505 1406 695 1460 nempe
719 1390 952 1448 Joannes
979 1391 1099 1447 illos
1128 1389 1194 1445 ad
1223 1405 1372 1446 sacra
1400 1390 1722 1455 admisisset,
1751 1398 1806 1444 et
1829 1388 1896 1444 ad
1923 1402 2077 1457 opem

503 1483 605 1537 illis
636 1481 911 1538 ferendum
943 1491 1157 1552 paratus
1183 1481 1343 1537 esset.
1366 1480 1746 1548 Quamobrem,
1775 1479 1943 1548 pergit
1965 1478 2075 1543 ille,

495 1573 822 1643 'I'heOpbilus
866 1581 1009 1628 totus
1053 1574 1104 1627 in
1151 1572 1252 1628 hoc
1290 1573 1453 1642 cmpit
1500 1572 1825 1636 incumbere,
1873 1577 1929 1623 ut
1973 1584 2079 1623 non

494 1666 654 1721 modo
704 1666 1011 1721 Dioscorum
1065 1672 1120 1720 et
1165 1664 1422 1718 lsidorum
1476 1664 1845 1729 ulcisceretur,
1889 1676 2079 1717 verum

496 1758 657 1813 etiam
683 1756 940 1812 Joannem
970 1771 1035 1810 ex
1066 1755 1354 1826 episc0pali
1383 1754 1511 1810 sede
1530 1753 1812 1826 dejiceret.
1838 1753 2081 1823 Misitque

492 1850 742 1918 epistolas
771 1847 837 1903 ad
883 1848 1206 1918 singularum
1241 1848 1512 1903 civitatum
1553 1848 1854 1918 episcopos,
1896 1848 2080 1903 consi-

496 1941 623 1994 lium
652 1939 870 2010 quidem
918 1954 1072 1995 suum
1117 1938 1411 2007 occultans,
1452 1940 1627 2010 palam
1653 1954 1783 1996 vero
1812 1939 1862 1993 in
1904 1940 1967 1995 iis
1997 1954 2081 1994 re-

494 2031 834 2101 prehendens
856 2032 1019 2088 libros
1042 2032 1306 2104 Origenis,
1329 2046 1553 2102 quorum
1578 2040 1752 2086 tamen
1777 2030 2082 2086 testimonio

494 2126 585 2179 diu
613 2135 736 2182 ante
781 2126 926 2181 illum
958 2126 1278 2185 Athanasius
1315 2134 1500 2182 contra
1540 2126 1766 2181 Arianos
1810 2140 1937 2181 usus
1964 2124 2081 2181 fue-

497 2228 599 2273 rat.
640 2219 766 2275 lltcc
807 2219 1074 2285 Socrates,
1119 2218 1348 2290 idipsum
1395 2216 1505 2274 fere
1548 2218 1875 2273 Sozomenus
1924 2217 2083 2272 habet

496 2310 731 2378 (Sozam.
766 2310 802 2364 Ι.
836 2310 889 2365 8.
918 2327 966 2365 c.
998 2311 1066 2366 12
1085 2320 1130 2366 et
1161 2311 1275 2383 l3).

565 2402 796 2458 Joannes
823 2418 950 2458 vero
976 2412 1192 2473 accepta
1229 2403 1471 2474 lectaque
1500 2403 1779 2472 Theophili
1819 2402 2043 2474 cpistola
2063 2442 2079 2466 ,

496 2510 614 2549 eam
642 2510 805 2565 penes
831 2510 890 2551 se
914 2496 1166 2552 servavit.
1198 2494 1267 2550 Et
1292 2496 1413 2565 quia
1440 2496 1765 2567 Theophilus
1793 2496 2083 2552 monachos

496 2587 630 2642 alios
659 2586 757 2641 sibi
787 2586 1026 2642 addictos
1051 2586 1547 2659 Constantinopolin
1583 2590 1802 2644 miserat
1829 2588 1918 2659 qui
1960 2602 2083 2644 suas

498 2687 675 2746 partes
704 2686 979 2735 tuerentur
998 2721 1012 2742 ,
1043 2678 1321 2734 monachis
1352 2679 1628 2749 utriusque
1663 2679 1832 2748 partis
1858 2677 2084 2734 suadere

496 2777 720 2825 conatus
743 2779 825 2825 est
848 2769 1264 2841 Chrysostomus
1299 2781 1356 2824 ut
1394 2785 1580 2840 pacem
1607 2770 1747 2825 inter
1769 2786 1828 2826 se
1867 2771 2081 2828 inirent.

496 2859 701 2927 Quibus
739 2859 933 2915 auditis
972 2861 1044 2914 illi
1085 2861 1353 2929 utrimque
1391 2861 1558 2932 magis
1591 2863 1887 2932 exasperati
1918 2872 2043 2920 sunt
2067 2905 2081 2927 ,

495 2951 712 3017 Fratres
739 2952 952 3021 quidem
982 2952 1148 3023 Longi
1171 2962 1227 3007 ut
1253 2953 1533 3025 Theophili
1560 2956 1841 3027 tyrannide
1865 2971 2088 3026 oppresv

496 3041 578 3103 si;
606 3041 696 3095 alii
723 3056 848 3096 vero
873 3041 1153 3109 dicebant,
1184 3058 1244 3099 se
1275 3044 1476 3114 absque
1501 3044 1781 3115 TheOphili
1820 3062 2085 3102 consensu

496 3140 552 3184 et
573 3131 727 3201 jussu
766 3130 1064 3189 facultatem
1098 3150 1201 3188 non
1231 3133 1428 3191 habere
1464 3135 1708 3192 ineunda:
1741 3139 1904 3207 pacis.
1937 3138 2085 3195 Tunc

497 3221 729 3280 Joannes
759 3223 979 3295 hujusce
1007 3226 1084 3280 rei
1113 3240 1294 3282 curam
1322 3228 1543 3283 omnino
1565 3227 1834 3299 deposuit.

568 3313 701 3368 Tum
743 3316 1022 3380 monachi,
1055 3316 1145 3387 qui
1173 3332 1201 3371 a
1231 3316 1530 3388 Theophilo
1556 3319 1694 3390 pulsi
1734 3319 1978 3385 fuerant,
2018 3321 2085 3375 li-

496 3404 665 3459 bellos
704 3406 936 3474 prolixos
967 3405 1282 3473 ediderunt,
1320 3408 1473 3478 queis
1517 3408 1809 3465 monachos
1849 3410 2088 3466 adversae

499 3497 664 3562 partis
699 3506 965 3565 tamquam
996 3498 1411 3554 calumniatores
1452 3501 1873 3571 propulsabant;
1902 3511 2087 3558 contra

497 3588 851 3658 'l'hc0philum
875 3591 1037 3645 multa
1061 3590 1329 3658 dicebant,
1352 3608 1468 3662 qua:
1490 3594 1737 3649 omnibus
1765 3605 1889 3650 nota
1912 3604 2083 3649 erant.

496 3679 732 3735 Libellos
774 3690 950 3736 autem
996 3682 1250 3753 Augustis
1296 3684 1640 3751 obtulerunt,
1689 3686 2090 3757 Eudoxiamque

494 3770 893 3838 lmperatricem
924 3772 1205 3839 adierunt,
1234 3783 1360 3830 tunc
1400 3776 1451 3829 in
1496 3777 1753 3848 martyrio
1780 3777 1835 3833 S.
1865 3777 2089 3834 Joannis

494 3873 797 3920 versantem
833 3883 846 3920 :
876 3866 1149 3937 ipsamque
1175 3868 1377 3938 precati
1411 3876 1536 3921 sunt
1557 3877 1668 3929 ,λιιι
1705 3869 2088 3924 monachorum

496 3955 737 4011 adversm
765 3958 930 4026 partis
951 3957 1165 4013 libellus
1185 3958 1326 4028 apud
1353 3957 1638 4015 Prarfectos
1658 3961 2085 4025 examinaretur;

495 4045 824 4116 Theophilus
845 4062 973 4104 vero
999 4048 1082 4104 vel
1112 4049 1307 4104 invitus
1331 4050 1567 4113 adesset,
1595 4051 1767 4123 deque
1793 4052 1884 4107 illo
1908 4067 2087 4108 coram

493 4136 701 4193 Joanne
720 4137 1072 4207 judicaretur.
1103 4139 1347 4196 Admissa
1377 4142 1752 4211 postulatione,
1782 4142 2088 4199 mandatum

494 4229 590 4284 fuit
608 4271 624 4297 ,
657 4239 716 4285 ut
744 4230 1072 4302 Theophilus
1097 4248 1281 4288 volens
1309 4233 1495 4288 nolens
1515 4274 1530 4301 ,
1560 4234 1827 4290 cxhibitus
1860 4251 1954 4304 per
1977 4234 2088 4290 hla-

494 4322 718 4391 gistrum
743 4337 923 4378 coram
954 4322 1161 4379 Joanne
1188 4324 1491 4390 sisteretur,
1520 4333 1578 4379 ut
1602 4340 1818 4381 causam
1850 4327 2047 4382 diceret
2071 4344 2086 4392 ;

494 4412 741 4467 monachi
784 4429 913 4470 vero
952 4415 1190 4470 adversa:
1233 4416 1398 4485 partis
1426 4417 1511 4470 vel
1555 4418 1845 4486 probarent
1878 4434 1940 4474 ea
1969 4435 2087 4490 qua:

494 4504 752 4561 adversus
781 4515 998 4562 sanctos
1025 4521 1187 4562 senes
1224 4507 1589 4575 protulerant,
1617 4508 1702 4564 vel
1732 4509 2088 4565 calumniato-

495 4611 613 4651 rum
643 4610 826 4666 pinnas
853 4597 1112 4653 subirent.

567 4686 620 4741 lu
649 4686 943 4743 monachos
972 4698 1150 4743 autem
1182 4705 1210 4742 a
1238 4687 1538 4759 Theophilo
1567 4690 1761 4745 missos
1799 4690 1944 4761 leges
1973 4694 2090 4764 qui-

492 4777 615 4832 dem
658 4777 962 4847 instabant,
1006 4779 1327 4850 illorumque
1367 4795 1529 4837 causa
1569 4782 1921 4837 examinanda
1966 4800 2087 4838 mox

493 4883 607 4925 erat
640 4888 653 4923 :
687 4871 763 4926 illi
807 4886 937 4928 vero
976 4882 1225 4928 eventum
1273 4874 1458 4940 veriti,
1501 4890 1612 4929 rem
1654 4875 1854 4931 differri
1900 4886 2090 4946 rogant

491 4978 659 5031 usque
686 4963 750 5018 ad
779 4963 1064 5033 Theophili
1093 4967 1402 5032 adventum,
1432 4967 1521 5036 qui
1555 4966 1673 5020 illos
1701 4967 2089 5023 subornavcrat

493 5068 539 5109 et
580 5056 790 5112 libellos
820 5056 1132 5117 dictaverat.
1165 5058 1409 5114 Praefecti
1437 5075 1562 5114 vero
1589 5060 1710 5115 illos
1737 5060 1787 5114 in
1816 5076 2085 5117 carcerem

490 5146 833 5216 conjecerunt
857 5164 1027 5219 usque
1048 5149 1112 5204 ad
1135 5149 1414 5220 Theophili
1436 5152 1746 5216 adventum,
1770 5151 2013 5208 nolentes
2035 5154 2086 5206 in

491 5239 578 5291 tali
608 5254 769 5295 causa
797 5240 962 5296 vades
988 5242 1250 5312 accipere.
1284 5242 1484 5298 Horum
1512 5244 1727 5313 quidam
1756 5245 1806 5298 in
1832 5260 2050 5300 carcere
2070 5286 2083 5305 ,

491 5331 557 5384 ob
583 5331 866 5404 Theophili
896 5334 1156 5393 venientis
1187 5334 1486 5397 tarditatem
1517 5335 1606 5393 diu
1638 5336 1857 5402 morati,
1892 5337 2085 5391 mortui

490 5429 646 5483 sunt;
676 5424 767 5479 alii
798 5440 925 5480 vero
957 5434 1075 5495 post
1099 5424 1383 5481 adventum
1406 5425 1708 5495 Theophili,
1735 5425 1789 5481 in
1818 5435 2086 5496 postrema

492 5510 942 5582 interrogatione,
981 5526 1249 5587 tamquam
1284 5516 1733 5583 calumniatores,
1777 5518 2087 5575 Proconne-

494 5615 605 5654 sum
633 5616 662 5654 a
691 5602 958 5672 judicihus
985 5608 1312 5680 relegantur.

562 5688 877 5762 Theophilus
902 5697 1053 5750 libros
1079 5700 1309 5769 Origem's
1335 5700 1562 5753 damnat.
1588 5730 1655 5740 -—-
1682 5701 1889 5757 Interea
1912 5702 2088 5757 Theo-

491 5783 687 5854 philus,
716 5780 808 5854 qui
834 5786 949 5840 dira
981 5791 1296 5850 moliebatur
1323 5795 1372 5848 in
1400 5792 1681 5861 Joannem,
1712 5794 1776 5849 ad
1805 5796 2085 5866 episcopos

2185 474 2378 544 ubique
2432 491 2623 532 omnes
2681 479 2923 550 scripsit.
2978 481 3142 539 libros
3187 484 3427 555 Origenis
3472 490 3729 559 incusans,

2184 566 2481 636 multosque
2503 568 2568 622 ad
2592 570 2908 625 sententiam
2939 588 3087 627 suam
3113 578 3369 644 pertraxit
3389 578 3607 649 (Sozam.
3631 584 3664 636 ι.
3683 585 3730 641 8.

2181 671 2227 706 c.
2260 654 2348 709 14.
2380 656 2527 711 Socr.
2557 657 2596 711 ι.
2626 657 2681 713 6.
2713 675 2759 711 ε.
2790 660 2903 729 10).
2936 661 3240 733 Putansque
3266 681 3458 737 magno
3483 669 3578 724 sibi
3603 687 3730 728 emo-

2183 741 2420 799 iumento
2462 745 2609 813 fore,
2651 748 2696 803 si
2739 748 3130 820 Epiphaniam,
3171 753 3455 811 Salaminis
3496 759 3548 813 in
3581 760 3733 833 Cypro

2181 835 2521 906 episcopum,
2555 839 2727 894 virum
2765 842 3156 898 sanctissimum
3189 855 3245 900 et
3278 847 3651 917 clarissimum,
3676 855 3731 909 ad

2182 938 2305 979 suas
2332 935 2509 995 partes
2537 927 2751 985 allicere
2777 941 2975 1000 posset,
3008 948 3074 988 eo
3103 950 3295 990 nervos
3323 936 3591 995 industria:
3618 951 3733 999 totos

2182 1016 2441 1072 adhibuit.
2470 1019 2621 1075 Illum
2650 1036 2779 1077 vero
2808 1023 3013 1092 pridem
3048 1025 3404 1095 incusaverat,
3431 1030 3567 1099 quod
3593 1032 3732 1087 Deum

2184 1106 2415 1163 humana
2449 1109 2617 1165 forma
2652 1113 2931 1182 praeditum
2972 1131 3093 1171 esse
3133 1119 3461 1187 opinaretur,
3496 1137 3607 1191 qua:
3640 1134 3736 1178 erat

2184 1197 2405 1255 hteresis
2440 1201 3131 1276 Anthropomorphitarum.
3177 1206 3326 1263 Tunc
3364 1224 3524 1278 vero,
3553 1213 3592 1264 si
3624 1212 3735 1268 ﬁdes

2184 1291 2254 1346 sit
2277 1291 2481 1348 Socrati
2505 1305 2557 1351 et
2582 1294 2882 1352 Sozomeno
2900 1339 2917 1364 ,
2945 1313 3006 1354 se
3030 1298 3259 1370 idipsum
3296 1316 3360 1356 ea
3395 1302 3461 1357 de
3485 1318 3542 1357 re
3567 1306 3735 1359 sentire

2184 1383 2481 1453 simulavit,
2508 1393 2567 1441 ut
2593 1386 2945 1458 Epiphanium
2977 1390 3078 1444 sibi
3108 1391 3438 1447 conciliaret.
3470 1392 3591 1449 Erat
3615 1395 3733 1449 enim

2184 1474 2510 1546 Epiphanius
2538 1478 2621 1533 vir
2646 1479 2841 1548 pietate
2865 1481 3205 1551 conSpicuus,
3237 1483 3336 1538 sed
3364 1484 3454 1552 qui
3489 1500 3588 1539 non
3613 1501 3734 1541 sem-

2184 1580 2280 1637 per
2338 1568 2586 1622 tutiorem
2646 1571 3027 1642 melioremque
3085 1582 3289 1642 partem
3341 1576 3733 1645 amplecteretur.

2185 1656 2302 1714 Jam
2332 1659 2560 1715 vidimus
2591 1662 2640 1714 in
2675 1661 2789 1717 Vita
2817 1663 3127 1728 Athanasii,
3158 1681 3315 1735 quam
3343 1683 3485 1722 anno
3515 1669 3637 1724 1698
3660 1686 3737 1738 pu-

2184 1747 2376 1805 blicam
2400 1750 2640 1817 fecimus,
2668 1752 3021 1822 Epiphanium
3043 1770 3164 1810 cum
3182 1757 3249 1812 de
3269 1757 3478 1813 Meletio
3497 1761 3595 1829 agit
3614 1760 3737 1831 (Epi-

2185 1841 2341 1911 phan.
2365 1841 2563 1899 Hazresi
2588 1844 2700 1915 68),
2724 1846 2811 1915 qui
2837 1846 3102 1902 Meletiani
3130 1849 3434 1907 schismatis
3454 1863 3625 1907 auctor
3641 1851 3735 1919 fuit,

2185 1933 2381 2003 quique
2410 1949 2440 1988 a
2466 1933 2523 1990 S.
2554 1935 2712 1991 Petro
2733 1944 2989 2008 martyre,
3015 1939 3378 1995 Alexandrino
3402 1942 3631 2011 praesule,
3649 1951 3694 1998 et
3712 1958 3737 1997 ι

2186 2023 2403 2096 Synodo
2432 2028 2718 2084 multorum
2750 2031 3015 2086 scelerum
3052 2046 3212 2087 causa
3254 2034 3534 2090 damnatus
3559 2035 3738 2105 deposi-

2188 2125 2374 2187 tusque
2414 2116 2621 2184 fuerat,
2668 2119 2790 2176 facti
2839 2122 3091 2177 invidiam
3139 2124 3301 2179 Petro
3346 2127 3561 2199 martyri
3600 2127 3739 2197 magis

2185 2222 2342 2278 quam
2372 2208 2586 2265 Meletio
2612 2210 2861 2266 conferre
2894 2230 2908 2266 :
2942 2214 3012 2267 ita
3053 2222 3110 2268 ut
3152 2214 3331 2284 palam
3366 2217 3432 2270 sit
3462 2232 3575 2272 eum
3609 2217 3740 2271 Mcleo

2188 2300 2313 2355 tiani
2341 2300 2615 2370 cujusdam
2644 2301 2829 2359 fraude
2869 2304 2972 2359 tale
3010 2316 3373 2362 commentum
3413 2307 3647 2372 edidisse,
3670 2307 3738 2361 cui

2186 2393 2481 2448 reclamant
2515 2409 2636 2449 cum
2677 2395 2968 2451 Athanasio
3005 2411 3195 2452 omnes
3240 2398 3592 2455 Ecclesiastici
3626 2398 3738 2452 serio

2187 2494 2389 2557 ptores.

2260 2576 2322 2632 S.
2359 2577 2680 2649 Epiphanius
2711 2579 2863 2635 libros
2890 2578 3123 2652 Origenis
3152 2580 3251 2653 legi
3281 2582 3527 2653 prohibet.
3546 2611 3610 2622 —
3633 2580 3738 2635 Cum

2189 2672 2349 2727 Sciret
2376 2679 2551 2727 autem
2593 2670 2924 2741 The0philus
2952 2672 3308 2742 Epiphanium
3350 2674 3511 2729 libros
3537 2671 3740 2743 Origenis

2188 2763 2443 2829 aversari,
2471 2763 2536 2819 ad
2565 2778 2686 2819 eum
2716 2779 2927 2835 quoque
2954 2763 3136 2819 literas
3164 2764 3330 2830 misit,
3359 2765 3510 2835 queis
3532 2764 3742 2820 hortaba-

2191 2861 2274 2909 tur
2301 2853 2469 2919 illum,
2494 2862 2551 2908 ut
2575 2862 2629 2908 et
2656 2855 2770 2924 ipse
2796 2864 2984 2910 contra
3008 2854 3253 2925 Origcnis
3280 2856 3450 2911 libros
3468 2855 3739 2923 sententiam

2190 2942 2374 3000 ferret.
2405 2944 2733 3016 Epiphanius
2763 2962 2911 3013 vero,
2942 2957 3128 3006 coacta
3155 2947 3476 3019 Cypriorum
3501 2948 3742 3018 episcopo-

2189 3052 2308 3094 rum
2346 3037 2597 3110 Synodo,
2624 3040 2868 3111 Origenis
2906 3040 3070 3096 libros
3098 3041 3198 3112 legi
3240 3041 3510 3111 prohibuit
3536 3059 3548 3096 :
3575 3040 3741 3112 episto-

2192 3129 2377 3200 lasquc
2405 3130 2550 3185 misit
2572 3140 2681 3185 tum
2714 3130 2780 3185 ad
2807 3131 2939 3186 alios
2965 3132 3269 3202 episcopos,
3298 3142 3410 3186 tum
3435 3131 3500 3188 ad
3524 3132 3743 3187 Constan-

2192 3222 2601 3293 tinopolitanum
2629 3223 2934 3293 praesulem,
2956 3225 3082 3294 quid
3109 3239 3140 3278 a
3163 3222 3361 3295 Cypria
3385 3222 3593 3295 Synodo
3610 3229 3761 3279 statu-_

2194 3327 2303 3371 tum
2326 3315 2515 3372 fuisset
2532 3315 2836 3383 declarans,
2856 3316 3250 3388 cohortansque
3272 3318 3414 3382 illos,
3440 3328 3494 3373 ut
3512 3315 3743 3389 Synodum

2192 3415 2551 3463 convocarent
2579 3407 2876 3480 eademque
2903 3407 3271 3463 decernerent.
3295 3408 3612 3478 Theophilus
3633 3420 3744 3477 quo-

2192 3515 2297 3569 quc
2321 3514 2441 3554 cum
2470 3496 2738 3569 (Egyptiis
2771 3499 3035 3570 episcopis
3072 3498 3257 3554 eadem
3297 3509 3481 3555 contra
3505 3498 3743 3567 Origenetl

2193 3593 2500 3660 constituit,
2533 3593 2823 3663 literasque
2847 3593 2995 3647 misit
3025 3590 3094 3647 ad
3119 3593 3405 3663 episcopos
3433 3601 3486 3647 et
3516 3591 3577 3646 ad
3610 3589 3745 3644 Joan-

2196 3702 2338 3751 nem,
2359 3695 2489 3741 utet
2510 3686 2584 3740 illi
2608 3685 2753 3755 paria
2778 3694 3110 3755 prmstareot.
3134 3684 3372 3740 Joannes
3393 3699 3516 3739 vero
3533 3682 3637 3736 hare
3652 3691 3745 3749 qua:

2194 3780 2295 3835 sibi
2334 3778 2775 3848 significabantur
2812 3777 3203 3848 parvipendens
3225 3818 3241 3843 ,
3274 3793 3437 3831 unam
3479 3768 3743 3830 instituendi

2194 3881 2249 3923 et
2281 3869 2363 3939 pia
2394 3869 2635 3925 doctrina
2662 3869 2935 3924 imbuendi
2970 3869 3148 3940 populi
3175 3868 3277 3924 sibi
3311 3865 3573 3924 commissi
3598 3874 3744 3919 coram

2194 3959 2436 4027 gerebat,
2466 3970 2516 4013 et
2544 3974 2606 4014 ea
2638 3959 2690 4014 in
2721 3975 2782 4014 re
2807 3958 3092 4014 admodum
3118 3958 3365 4014 ﬂorebat.
3396 3957 3622 4017 Insidias,
3641 3962 3745 4022 quas

2195 4049 2295 4106 sibi
2322 4049 2493 4118 parari
2522 4049 2768 4120 ignorare
2798 4064 2902 4105 non
2929 4057 3159 4120 poterat,
3182 4058 3527 4105 contemnere
3545 4061 3599 4102 se
3622 4054 3747 4114 posse

2197 4140 2451 4209 putabat,
2478 4141 2806 4197 conscientia
2837 4139 2969 4195 mnil
2994 4140 3278 4196 adversum
3309 4139 3630 4196 testificante.

2266 4230 2611 4286 Tillemontio
2644 4231 3032 4302 adstipulamur
3056 4230 3155 4302 (T.
3185 4232 3239 4288 5.
3273 4248 3322 4284 c.
3351 4231 3490 4298 499)
3518 4228 3599 4299 qui
3626 4231 3745 4296 putat

2197 4323 2455 4378 Homilias
2492 4322 2628 4379 duas
2676 4325 2727 4378 in
2772 4323 2901 4379 illud
2944 4323 3141 4379 Psahni
3173 4323 3279 4390 48,
3316 4321 3401 4376 Ne
3424 4322 3632 4376 timueris
3661 4329 3747 4368 cum

2195 4421 2332 4473 dives
2371 4421 2538 4491 factus
2576 4418 2729 4491 fuerit
2758 4417 2909 4472 homo
2934 4459 2949 4485 ,
2982 4428 3087 4473 etc.
3113 4458 3129 4483 ,
3158 4417 3261 4472 hoc
3296 4415 3513 4472 circiter
3548 4419 3748 4478 tempore

2197 4511 2405 4566 habitas
2442 4510 2627 4566 fuisse.
2675 4510 2730 4566 In
2775 4511 2945 4580 prima
2985 4523 3113 4564 vero
3162 4518 3443 4578 postquam
3479 4502 3745 4560 divitiarum

2194 4604 2485 4657 vanitatem
2527 4600 2920 4670 descripserat,
2951 4599 3091 4654 dicta
3130 4613 3224 4652 sua
3259 4595 3516 4666 exemplis
3540 4599 3745 4657 compro-

2195 4696 2323 4751 bare
2365 4696 2571 4749 nititur.
2603 4692 2780 4748 Nostis
2806 4708 2891 4745 uos
2911 4733 2926 4757 ,
2959 4691 3157 4761 inquit,
3186 4691 3449 4744 innumera
3482 4682 3686 4752 exempla
3708 4676 3747 4726 θη

2197 4787 2291 4840 hac
2317 4786 2439 4839 urbe
2466 4786 2600 4838 circa
2630 4783 3029 4854 intempestivam
3057 4780 3351 4852 hujusmodi
3379 4779 3649 4832 divitiarum
3674 4768 3747 4838 jn-

2194 4889 2392 4933 cturam
2424 4894 2443 4931 :
2472 4887 2516 4931 et
2555 4876 2837 4933 didicistis.
2879 4874 3070 4928 vivente
3110 4887 3393 4943 possessore
3432 4863 3745 4941 possessionem

2196 4971 2403 5041 periisse
2433 4985 2451 5023 :
2479 4968 2769 5023 divitiarum
2795 4966 2927 5019 enim
2957 4965 3073 5034 ﬁnis
3100 4974 3171 5018 est
3198 4965 3407 5016 mutatio
3433 4963 3482 5013 in
3510 4960 3744 5053 paup-etta-

2195 5074 2315 5117 tem.
2345 5061 2609 5133 Perpende
2631 5062 2784 5132 igitur
2804 5075 2956 5129 quam
2978 5058 3134 5113 brevis
3164 5058 3228 5110 sit
3255 5053 3489 5125 temporis
3518 5056 3742 5119 possessio.

2197 5153 2334 5207 Nam
2374 5169 2631 5224 possessor
2668 5153 2785 5206 vivit
2821 5160 2933 5222 post
2960 5151 3221 5222 jacturam
3254 5143 3585 5216 possessionis.
3615 5137 3744 5200 Atqu

2194 5246 2387 5299 utinam
2421 5244 2649 5314 periisset
2679 5243 2952 5313 possessio,
2986 5256 3141 5310 neque
3169 5240 3220 5293 in
3252 5235 3514 5308 perniciem
3550 5227 3742 5325 traxisset

2195 5338 2359 5407 ipsum
2385 5335 2761 5407 possessorem!
2790 5333 2911 5388 Non
2937 5332 3180 5386 erraveris
3206 5331 3376 5401 igitur,
3406 5328 3451 5382 si
3486 5321 3653 5413 diutis

2192 5429 2336 5483 vilius
2361 5445 2467 5483 esse
2492 5427 2818 5482 domesticum
2843 5426 3118 5495 ingratum,
3144 5419 3519 5493 sanguinaria»:
3545 5422 3587 5466 et
3611 5411 3740 5461 honu-

2191 5520 2378 5586 cidam,
2406 5519 2754 5583 domesticum,
2780 5517 2868 5587 qui
2898 5518 2948 5569 in
2988 5514 3439 5569 remunerationem
3466 5511 3577 5562 hero
3603 5508 3737 5595 urcei»

2191 5610 2363 5679 infert.
2397 5609 2496 5666 Ubi
2532 5609 2770 5679 Eutropii
2802 5607 2926 5662 olim
2956 5614 3221 5678 potestate
3248 5611 3300 5659 et.
3326 5600 3513 5671 Opibus
3538 5595 3736 5648 ﬂorentis

2192 5704 2545 5758 calamitatem
2573 5711 2626 5757 et
2656 5716 2843 5757 necem
2883 5711 3303 5754 commemorare
3343 5691 3549 5748 omnino
3587 5679 3735 5735 viden-

2197 5805 2280 5857 tur
2308 5812 2320 5847 :
2350 5810 2555 5851 necnon
2586 5795 2812 5849 aliorum
2842 5793 3156 5858 multorum,
3177 5792 3264 5862 qui
3289 5803 3384 5860 per
3408 5785 3514 5839 lare
3536 5781 3733 5843 tempori
