3948 6402
215 416 301 474 I33

212 517 633 592 Constantinopoli
672 516 901 572 fortunae
933 507 1344 568 vicissitudinem
1381 504 1583 576 experti
1618 508 1760 557 sunt.

211 618 443 689 Quodque
481 604 1002 668 animadvertendum
1032 600 1129 673 (Τ.
1161 602 1214 656 5.
1253 614 1299 653 c.
1331 598 1455 654 591.
1492 604 1538 651 et
1566 594 1756 689 seqq),

215 682 287 769 hic
313 682 437 780 pene
465 705 588 776 ipsis
614 700 789 758 verbis
815 697 978 754 multa
1014 693 1242 766 repetit,
1269 706 1387 762 quae
1416 690 1467 744 in
1497 686 1666 759 prima
1694 682 1761 739 de

215 778 443 870 Eutropio
469 792 678 850 homilia
705 789 943 861 pluribus
970 787 1234 849 dicuntur,
1263 796 1469 837 necnon
1496 778 1648 834 initio
1677 791 1763 831 se-

211 867 398 963 quentis
422 885 645 941 homiliat
680 882 745 937 de
782 878 1060 948 Eutropio.
1100 875 1231 931 [line
1263 873 1422 930 etiam
1457 878 1510 926 et
1543 885 1607 924 ex
1645 867 1760 921 aliis

211 957 397 1053 quoque
430 976 672 1049 probatur
704 971 842 1027 hanc
870 968 1141 1024 homiliam
1167 958 1623 1030 Constantinopoli
1659 957 1762 1011 hoc

212 1049 398 1128 circiter
435 1076 666 1135 tempore
693 1062 889 1119 dictam
930 1059 1123 1123 fuisse,
1153 1064 1212 1111 ut
1242 1053 1425 1109 videas
1453 1053 1504 1106 in
1539 1049 1758 1105 Monito.

213 1166 261 1220 In
296 1164 388 1218 hac
422 1159 629 1215 humilia
671 1154 1009 1212 subindicare
1034 1149 1245 1205 videtur
1269 1146 1679 1217 Cbrysostomus
1703 1155 1762 1195 se

211 1257 281 1313 bis
305 1255 353 1310 in
379 1249 700 1309 hebdomade
731 1243 1035 1303 concionari
1060 1242 1254 1296 solere.

272 1349 426 1404 Aliam
453 1359 660 1416 quoque
687 1342 738 1397 in
769 1340 956 1397 eadem
983 1334 1142 1392 verba
1174 1336 1225 1389 in
1254 1332 1521 1388 Psalmum
1544 1329 1612 1384 48
1635 1342 1765 1383 con-

211 1443 391 1496 clauem
418 1436 594 1493 habuit
624 1428 1083 1499 Constantinopoli
1114 1427 1166 1481 in
1197 1425 1381 1495 Magna
1421 1420 1645 1477 ecclesia
1666 1460 1679 1484 ,
1708 1427 1763 1473 ut

213 1534 257 1588 in
286 1531 422 1587 titulo
450 1529 637 1586 fertur.
675 1525 804 1581 Erat
845 1531 1021 1578 autem
1061 1520 1245 1590 Magna
1282 1514 1507 1572 ecclesia
1547 1512 1669 1576 illa,
1711 1510 1760 1563 in

211 1641 296 1696 qua
322 1620 634 1694 frequentius
666 1618 945 1688 episcopus
984 1609 1427 1674 coneionabatur,
1457 1604 1639 1675 Magna
1666 1617 1761 1672 ap-

212 1717 408 1787 pellata,
433 1711 574 1785 quod
609 1709 818 1766 cretcris
847 1705 1072 1776 amplior
1106 1708 1262 1758 esset.
1296 1697 1653 1753 Concionatus
1681 1701 1765 1748 est

210 1819 390 1872 autem,
422 1814 700 1877 postquam
739 1800 872 1854 alius
908 1813 972 1852 ev
1020 1802 1234 1863 recepto
1278 1806 1428 1845 more
1469 1787 1761 1844 orationem

212 1899 468 1967 habuerat,
504 1895 874 1953 brevissimam
908 1889 1119 1962 quidem
1140 1930 1154 1954 ,
1186 1885 1278 1942 sed
1308 1899 1425 1956 qure
1463 1882 1761 1938 auditorum

210 1990 367 2045 laudes
400 1994 701 2050 meruerat,
730 1993 784 2041 et
817 1999 846 2038 a
874 1982 1256 2052 Chrysostomo
1295 1985 1351 2031 ut
1393 1974 1569 2045 magni
1610 1970 1764 2042 pretii

208 2080 489 2136 celebratur.
520 2079 651 2134 Post
676 2075 931 2131 tumultus
957 2085 1085 2127 vero
1114 2067 1367 2140 quosdam
1395 2063 1767 2119 Constantino-

210 2172 439 2240 politanos
465 2167 863 2240 pronuntiatam
892 2162 1056 2219 fuisse
1076 2159 1219 2216 hane
1241 2157 1511 2212 homiliam
1534 2153 1767 2224 Chryso-

210 2272 387 2316 stomus
407 2261 501 2316 sub
524 2260 738 2316 initium
760 2256 933 2312 docet.
965 2253 1070 2324 Age
1090 2267 1229 2322 ergo,
1254 2248 1441 2319 inquit,
1465 2262 1555 2299 nos
1574 2259 1768 2313 quoque

211 2353 478 2407 tumultuum
500 2351 596 2423 qui
615 2352 728 2423 jam
757 2347 1099 2416 contigerunt,
1130 2342 1349 2411 procella
1380 2338 1605 2401 liberati,
1633 2345 1766 2388 tam-

209 2461 335 2512 quam
356 2443 642 2515 ﬂuvialibus
655 2438 953 2513 quibusdam
971 2436 1114 2507 aquis
1133 2448 1280 2488 aures
1310 2441 1507 2486 nostras
1533 2429 1767 2484 lectiones

211 2534 561 2604 Scripturarum
589 2533 873 2587 abluamus.
901 2529 975 2584 De
1001 2540 1108 2599 quo
1137 2523 1365 2580 tumultu
1394 2529 1448 2575 et
1484 2518 1768 2591 perturba-

209 2625 410 2682 tionibus
446 2625 695 2697 qumdam
738 2622 866 2678 dicit
899 2620 1057 2676 etiam
1090 2615 1331 2672 inferius.
1364 2611 1635 2668 Putaveri'.
1663 2609 1769 2665 for-

210 2726 329 2772 tasse
354 2716 613 2787 quispiam
659 2713 745 2769 hic
783 2711 864 2782 agi
906 2710 972 2766 de
1005 2709 1184 2780 priore
1213 2705 1400 2762 exsilio
1421 2745 1436 2769 ,
1464 2702 1603 2774 quod
1629 2717 1771 2756 anno

209 2809 297 2864 60⁵5
318 2810 521 2880 contigit
550 2826 566 2862 :
597 2818 652 2864 at
677 2805 925 2861 libentius
954 2801 1227 2858 crederem
1256 2799 1344 2853 hic
1368 2796 1511 2868 loqui
1543 2794 1768 2866 Chryso—

207 2912 408 2957 stomum
438 2902 503 2958 de
540 2901 708 2957 rebus
739 2897 996 2967 Eutropii,
1030 2895 1263 2963 itemque
1291 2888 1563 2946 Aureliani
1594 2899 1647 2944 et
1672 2886 1771 2943 Sa-

208 2992 380 3045 turnini
407 2992 725 3062 optimatum
747 3032 761 3056 ,
789 2988 878 3059 qui
904 2986 1086 3041 Gainae
1111 2997 1271 3055 opera
1298 2990 1353 3038 et
1378 2980 1604 3036 tumultu
1637 2977 1772 3048 pulsi

207 3090 310 3136 sunt
338 3083 383 3153 in
406 3083 679 3145 exsilium,
708 3080 880 3149 deque
904 3077 1088 3134 Gaina:
1114 3073 1412 3130 defectione
1436 3090 1449 3136 ;
1480 3071 1659 3141 sicque
1682 3085 1776 3123 an-

208 3188 267 3227 no
287 3174 399 3241 401,
426 3175 509 3231 vel
539 3173 672 3237 402,
703 3171 881 3226 habita
910 3168 1069 3224 fuerit
1095 3167 1209 3223 haec
1230 3165 1440 3231 concio,
1465 3162 1566 3219 etsi
1591 3161 1642 3216 id
1668 3175 1775 3214 non

207 3262 403 3316 omnino
426 3270 641 3317 certum
670 3267 773 3313 est.
809 3255 905 3309 llic
923 3269 1009 3309 res
1035 3265 1224 3307 omnes
1252 3249 1513 3302 humanas
1536 3244 1779 3301 umbram

209 3369 314 3409 esse
332 3355 475 3409 dicit.
505 3354 718 3409 Luxum
748 3363 878 3403 vero
906 3342 1629 3413 Censtantinopolitanorum
1658 3351 1780 3393 nus-

206 3464 344 3516 quant
368 3448 435 3502 ita
453 3445 739 3519 speciatim
764 3440 1068 3512 descripsit,
1093 3450 1147 3494 et
1167 3444 1450 3508 postquam
1469 3431 1781 3488 ostenderat

205 3556 346 3608 quam
374 3539 615 3611 fugitiva:
640 3538 749 3593 sint
778 3549 910 3604 opes
938 3543 995 3589 et
1019 3530 1240 3595 divitiae,
1273 3526 1589 3583 concionem
1635 3522 1782 3579 clau-

205 3630 271 3685 dit
300 3631 380 3704 (Τ.
412 3634 465 3688 5.
488 3631 596 3687 col.
626 3630 730 3686 515
759 3637 806 3683 ιι
834 3625 989 3698 sqq.).

269 3724 327 3780 S.
357 3722 684 3797 Epiphanius
709 3719 1181 3789 Constantinopolin
1211 3718 1364 3774 venit.
1390 3746 1460 3757 —
1483 3715 1578 3771 His
1603 3712 1688 3768 vel
1712 3713 1786 3769 si-

206 3816 400 3872 milibus
424 3814 778 3874 concionibus
804 3812 982 3883 (Anno
1009 3809 1150 3879 405)
1174 3809 1418 3879 egregius
1443 3807 1529 3861 ille
1551 3805 1786 3861 Joannes

203 3909 333 3977 gregi
358 3924 452 3965 suo
483 3906 755 3979 pascendo
782 3902 1118 3974 advigilabat.
1146 3899 1478 3971 Theophilus
1506 3912 1634 3953 vero
1660 3897 1787 3952 Ale-

205 3991 479 4057 xandrinus
507 4002 720 4057 interea
746 4011 957 4053 omnem
982 3993 1221 4065 lapidem.
1241 3991 1527 4055 movebat,
1557 3998 1615 4043 ut
1641 3989 1787 4043 illum

203 4105 230 4143 e
257 4090 376 4146 sede
404 4107 498 4148 sua
529 4088 821 4146 detrudere
854 4092 1053 4155 posset.
1099 4081 1401 4153 Epiphanio
1439 4088 1624 4133 auctor
1664 4078 1752 4132 fuit
1773 4120 1786 4141 ,

205 4190 257 4234 ut
279 4197 393 4238 cum
418 4184 541 4238 aliis
581 4177 845 4250 episcopis
876 4172 1372 4242 Constantinopolin
1403 4185 1461 4225 se
1486 4167 1788 4230 conferret,

202 4269 318 4325 dum
348 4273 461 4343 ipse
489 4272 559 4328 ad
598 4269 738 4325 idem
778 4269 880 4323 iter
914 4262 1309 4335 suscipiendum
1341 4276 1398 4317 se
1428 4260 1788 4330 comparabat.

205 4361 345 4418 Haud
383 4364 554 4419 multo
595 4370 718 4433 post
761 4356 1089 4430 Epiphanius
1122 4369 1188 4411 ex
1230 4351 1400 4408 insula
1438 4351 1615 4422 Cypro
1649 4348 1791 4405 Con-

204 4455 579 4526 stantinopolin
604 4452 767 4516 venit,
793 4447 1098 4518 exemplum
1127 4443 1351 4501 aiferens
1370 4440 1653 4515 Synodalis
1674 4455 1794 4496 sen-

206 4546 411 4611 tentiae,
445 4562 553 4617 qua
591 4543 760 4599 libros
797 4539 1042 4610 Origenis
1075 4536 1457 4600 damnaverat;
1489 4542 1544 4590 et
1581 4547 1699 4589 cum
1729 4532 1793 4587 ad

205 4638 513 4709 martyrium
542 4651 637 4691 seu
667 4631 948 4689 ecclesiam
974 4628 1030 4685 S.
1058 4626 1278 4685 Joannis
1303 4625 1594 4696 appulisset
1620 4622 1792 4692 (Socr.

206 4729 241 4782 ι.
267 4730 318 4785 6.
363 4747 413 4786 c.
445 4728 547 4801 12)
570 4771 586 4796 ,
617 4742 736 4797 qua:
778 4733 982 4795 septem
1024 4734 1276 4793 passuum
1311 4717 1547 4772 millibus
1575 4715 1642 4771 ab
1667 4714 1798 4770 urbe

202 4820 462 4887 distabat,
491 4837 526 4877 e
558 4818 681 4874 navi
721 4829 969 4888 egressus
991 4854 1005 4876 ,
1033 4812 1107 4868 ibi
1143 4809 1366 4884 synaxin
1394 4806 1716 4872 celebravit,
1746 4813 1801 4860 et

205 4911 451 4967 ordinato
467 4911 665 4967 ibidem
687 4909 933 4971 diacono,
952 4905 1006 4960 in
1029 4903 1212 4959 urbem
1236 4902 1507 4973 ingressus
1527 4907 1626 4954 est.
1650 4896 1802 4952 Joan-

212 5021 294 5061 nes
318 5006 419 5061 etsi
447 5012 639 5061 contra
666 5001 810 5073 leges
836 4996 1227 5055 ecclesiasticas
1257 4995 1326 5048 ita
1359 4993 1553 5047 factum
1581 5004 1700 5046 esse
1727 4990 1803 5043 vi-

217 5092 363 5150 iebat
386 5111 404 5162 ;
430 5096 484 5151 id
508 5104 684 5151 tamen
705 5098 921 5164 propter
940 5087 1040 5144 viri
1065 5083 1417 5142 reverentiam
1437 5081 1804 5144 dissimulans,

211 5184 569 5257 Cpiphanium
598 5192 656 5241 ut
682 5184 734 5239 in
760 5181 963 5237 aedibus
989 5178 1100 5235 suis
1135 5176 1496 5231 diversaretur
1530 5172 1802 5226 invitabat.

204 5274 301 5334 Ille
321 5294 474 5346 vero,
508 5288 565 5333 ut
590 5294 705 5334 rem
734 5272 1032 5344 Theophila
1059 5277 1261 5341 gratam
1294 5265 1510 5332 faceret,
1538 5263 1679 5319 aliud
1705 5262 1805 5318 sibi

210 5367 542 5426 domicilium
588 5369 818 5440 delegit,
866 5364 1211 5433 collectisque
1257 5358 1506 5414 omnibus
1547 5358 1637 5426 qui
1684 5364 1809 5411 tunc

215 5461 675 5533 Constantinopoli
720 5466 875 5516 erant
909 5455 1195 5526 episcopis,
1226 5449 1622 5506 damnationem
1649 5447 1812 5503 libro-

213 5568 331 5609 rum
355 5554 611 5626 Origenis
633 5553 701 5609 ab
717 5567 775 5607 se
796 5539 1055 5621 prolatam
1084 5545 1212 5615 ipsis
1232 5541 1463 5599 ostendit
1479 5556 1542 5596 ac
1562 5540 1708 5610 legit.
1737 5538 1813 5593 Ac

216 5645 466 5700 nonnulli
511 5644 726 5715 quidem
776 5641 988 5696 illorum
1033 5637 1102 5693 ob
1141 5633 1423 5706 Epiphanii
1461 5631 1813 5688 reverentiam

218 5733 342 5792 huic
367 5736 589 5793 decreto
622 5733 1086 5802 subscripserunt;
1115 5727 1263 5783 multi
1294 5740 1421 5780 vero
1450 5723 1502 5778 id
1531 5721 1707 5779 facere
1732 5736 1817 5777 re-

223 5836 482 5882 cusarunt
515 5845 526 5881 :
554 5844 617 5884 ex
643 5840 868 5900 quorum
896 5836 1118 5877 numero
1147 5819 1239 5876 fuit
1272 5816 1582 5874 Tlieotimus
1612 5815 1817 5883 episco-

1369 390 1551 447 NUNC
1590 382 1851 442 PRIMUM
1889 384 2277 445 ADORNATA.

3353 398 3452 454 l9!

1871 520 1971 574 pus
1998 505 2252 577 Scythiae,
2275 506 2364 577 qui
2392 505 2686 578 Epiphanio
2711 508 3005 580 respondit,
3032 511 3172 567 nolle
3201 528 3259 568 se
3289 514 3458 571 virum

1861 596 1970 663 jam
1997 595 2088 651 diu
2119 597 2203 666 pie
2228 596 2536 652 defunctum
2560 600 2878 655 contumelia
2903 600 3134 667 afficere,
3159 618 3321 672 seque
3342 620 3453 659 rem

1867 685 2081 755 impiam
2109 685 2369 742 facturum
2391 696 2600 757 putare,
2622 703 2665 743 sn
2688 704 2749 745 ea
2775 690 3175 756 condemnaret,
3204 709 3322 763 qua:
3350 710 3459 747 ma-

1861 776 2008 846 jores
2028 778 2108 832 sui
2130 792 2234 833 non
2263 778 2698 848 reprobaverant.
2722 778 2981 834 Nimirum
3009 782 3220 850 putabat
3243 794 3459 838 sanctus

1866 870 1947 924 vir
1971 884 2079 925 non
2104 871 2262 925 unius
2289 880 2489 925 tantum
2516 871 2755 942 episcopi
2781 885 2901 926 esse
2929 871 3005 926 sic
3033 881 3271 927 veterum
3296 873 3460 928 libros

1869 961 2221 1046 proscribere,
2250 962 2343 1017 sed
2376 961 2425 1016 id
2453 961 2704 1017 ad‘totam
2736 962 3026 1018 Ecclesiam
3055 964 3107 1018 in
3137 982 3296 1019 unum
3331 981 3427 1021 eoa
3446 997 3459 1004 -

1867 1064 2006 1108 ctam
2038 1056 2322 1124 pertinere.

1937 1148 2172 1205 Joannes
2213 1164 2376 1217 vero,
2417 1149 2533 1205 etsi.
2557 1159 2739 1205 contra
2770 1149 3185 1205 ecclesiasticam
3220 1150 3456 1221 regulam

1870 1240 1983 1295 lucc
2009 1241 2076 1297 ab
2100 1241 2399 1313 Epiphanio
2426 1243 2536 1298 ﬁeri
2566 1243 2814 1310 videbat,
2846 1241 3159 1298 hortabatur
3187 1252 3362 1298 tamen
3391 1244 3457 1298 il-

1867 1331 1975 1386 lum
2012 1342 2070 1389 ut
2113 1333 2165 1389 in
2209 1335 2496 1405 episcopali
2526 1333 2685 1390 domo
2724 1344 2983 1390 maneret.
3018 1334 3211 1390 Verum
3243 1336 3329 1391 ille
3354 1351 3460 1390 non

1868 1442 2178 1482 mansurum
2207 1443 2266 1482 se
2294 1443 2414 1483 cum
2447 1428 2558 1491 illo,
2591 1443 2766 1499 neque
2801 1437 3139 1498 precaturum
3174 1427 3324 1493 dixit,
3359 1427 3459 1481 nisi

1870 1519 2181 1575 Dioscorum
2210 1517 2509 1589 fratresque
2534 1519 2647 1589 ejus
2675 1534 2706 1573 e
2732 1519 2944 1574 civitate
2983 1518 3233 1587 pelleret.
3263 1528 3316 1573 et
3349 1518 3461 1586 ipse

1866 1610 2297 1665 condemnationi
2338 1610 2595 1666 librorum
2625 1609 2870 1681 Origenis
2898 1625 3057 1664 manu
3090 1609 3305 1679 propria
3331 1610 3460 1663 sub-

1867 1704 2143 1760 scriberet.
2175 1703 2308 1759 Cum
2351 1710 2529 1758 autem
2573 1701 2807 1757 Joannes
2846 1701 2896 1755 id
2940 1701 3118 1755 facere
3147 1700 3343 1763 nollet,
3377 1702 3459 1755 ni—

1868 1796 2048 1866 hilque
2090 1803 2294 1850 temere
2333 1794 2595 1864 agendum
2637 1810 2757 1849 esse
2795 1796 2997 1850 diceret
3034 1804 3159 1850 ante
3196 1793 3462 1864 generalis
3508 1850 3512 1854 _

1869 1886 2089 1941 Concilii
2109 1886 2508 1949 deﬁnitionem;
2537 1884 2757 1940 Joannis
2779 1884 2976 1939 inimici
3002 1885 3142 1939 aliud
3166 1884 3463 1955 Epiphanio

1869 1986 2275 2048 suggesserunt.
2294 1976 2426 2033 Cum
2452 1976 2767 2031 celebranda
2794 1976 3011 2047 synaxis
3039 1986 3181 2031 esset
3211 1976 3263 2030 in
3291 1976 3463 2031 eccle-

1870 2070 1946 2123 sia
1978 2068 2354 2139 Apostolorum
2380 2109 2395 2134 ,
2442 2067 2738 2139 Epiphanio
2768 2075 2823 2120 ut
2864 2068 2916 2121 in
2953 2066 3186 2121 medium
3226 2065 3465 2135 prodiret

1870 2168 2187 2225 suaserunt,
2217 2168 2271 2215 et
2299 2174 2478 2215 coram
2507 2159 2757 2214 universo
2794 2157 2988 2229 populo
3017 2157 3260 2229 Origcnis
3298 2156 3464 2212 libros

1871 2253 2287 2320 condemnaret,
2318 2253 2628 2308 Dioscorum
2655 2267 2776 2307 cum
2806 2250 2916 2305 suis
2945 2248 3462 2311 excommunicaret,

1871 2357 1924 2402 et
1948 2345 2206 2402 Joannem
2238 2355 2420 2416 utpote
2456 2346 2558 2400 illis
2599 2345 2863 2400 faventem
2905 2344 3307 2415 perstringeret.
3341 2342 3466 2397 llatc

1871 2436 2061 2492 Joanni
2101 2438 2334 2491 nuntiata
2364 2443 2522 2503 sunt,
2552 2436 2638 2505 qui
2671 2434 2927 2505 postridie
2956 2434 3254 2505 Epiphanio
3287 2433 3465 2488 cccle-

1873 2531 2004 2583 siam
2021 2529 2130 2599 jam
2153 2529 2396 2600 ingresso
2421 2544 2512 2597 per
2535 2528 2879 2597 Serapionem
2909 2527 3023 2581 haec
3046 2512 3331 2596 significari
3350 2525 3464 2594 jus-

1874 2623 1943 2676 sit
1972 2639 1985 2675 :
2016 2619 2157 2690 quod
2185 2635 2373 2689 nempe
2400 2620 2485 2674 ille
2515 2618 2678 2673 multa
2703 2627 2887 2674 contra
2917 2618 3127 2688 regulas
3152 2625 3356 2687 ageret,
3378 2616 3464 2686 qui

1874 2712 1925 2766 iu
1959 2710 2199 2767 ecclesiis
2226 2710 2367 2774 suis,
2397 2725 2454 2765 se
2481 2709 2680 2775 inscio,
2713 2708 3100 2762 ordinationem
3131 2706 3350 2771 fecerit;
3377 2708 3465 2775 qui

1878 2803 2083 2871 iniussu
2126 2815 2224 2856 suo
2266 2801 2319 2856 in
2365 2799 2551 2855 iisdem
2598 2799 2839 2855 ecclesiis
2887 2799 3167 2855 missarum
3213 2798 3467 2852 solemnia

1877 2892 2205 2956 celebrarit;
2235 2891 2322 2961 qui
2366 2890 2494 2946 olim
2541 2889 2794 2944 invitatus
2840 2888 2930 2944 illo
2975 2888 3160 2943 venire.
3207 2886 3469 2951 noluerit,

1879 3004 2019 3043 nunc
2053 3002 2182 3041 vero
2212 2985 2263 3039 id
2294 2985 2392 3039 sibi
2437 2984 2551 3053 ipse
2593 2982 2909 3051 permiserit.
2939 2982 3139 3036 Cavere
3177 2988 3350 3035 autem
3383 2994 3470 3034 ro-

1879 3081 2035 3151 gabat
2061 3092 2129 3133 ne
2159 3076 2413 3131 tumultus
2447 3075 2722 3129 excitaret.

1955 3170 2016 3224 S.
2052 3167 2372 3239 Epiphanius
2398 3166 2631 3219 moritur.
2660 3194 2735 3205 —-
2763 3162 2856 3217 llis
2879 3162 3071 3217 auditis
3102 3162 3318 3217 territus
3347 3161 3471 3231 Epi-

1883 3258 2111 3331 phanius
2134 3300 2148 3323 ,
2181 3257 2249 3312 ab
2278 3255 2504 3312 ecclesia
2534 3253 2810 3318 discessit,
2838 3261 2892 3308 et
2920 3252 2987 3307 de
3012 3251 3216 3307 Joanne
3243 3252 3476 3321 graviter

1884 3358 2206 3420 conquestus
2231 3390 2250 3415 ,
2275 3344 2894 3419 Cyprumadnavigavit.
2927 3344 3092 3398 Erant
3119 3345 3209 3413 qui
3240 3342 3479 3399 dicerent

1887 3439 2238 3513 Epiphanium
2263 3479 2280 3507 ,
2326 3453 2448 3493 cum
2496 3436 2670 3491 navim
2714 3447 3106 3490 conscensurus
3143 3440 3325 3498 esset,
3365 3430 3479 3486 lucc

1886 3532 2076 3589 Joanni
2114 3529 2458 3585 denuntiasse
2490 3546 2503 3582 :
2540 3527 2710 3598 Spero
2750 3536 2802 3581 te
2850 3540 2956 3579 non
3001 3523 3313 3578 moriturum
3359 3537 3481 3578 esse

1888 3623 2236 3692 episcopum;
2279 3620 2647 3689 Joannemque
2689 3617 2920 3672 vicissim
2966 3616 3040 3670 illi
3085 3614 3427 3684 respondisse
3466 3633 3478 3667 :

1891 3714 2063 3785 Spero
2093 3723 2145 3768 te
2183 3727 2288 3767 non
2320 3718 2697 3781 perventurum
2728 3720 2847 3763 esse
2883 3707 2935 3761 in
2975 3706 3221 3777 patriam.
3252 3705 3331 3758 An
3357 3719 3481 3759 vera

1895 3803 2127 3859 narratio
2153 3802 2222 3857 sit
2250 3801 2493 3856 dubitant
2520 3798 2769 3855 Socrates
2795 3805 2850 3852 et
2877 3796 3228 3851 Sozomenus.
3261 3792 3483 3863 Utrique

1894 3904 2039 3951 certe
2067 3890 2371 3962 hujusmodi
2402 3890 2576 3946 exitus
2606 3887 2826 3958 contigit
2854 3904 2867 3939 :
2898 3901 3018 3944 nam
3047 3900 3220 3956 neque
3252 3883 3485 3953 Epipha-

1896 3987 2016 4041 nius
2038 3985 2090 4040 in
2112 3984 2347 4056 Cyprum
2370 3980 2604 4051 appulit;
2628 3987 2751 4051 post
2768 3977 3060 4033 discessum
3082 3975 3223 4031 enim
3246 3980 3486 4028 mortuus

1897 4088 1979 4135 est
2007 4080 2059 4131 in
2095 4075 2216 4130 navi
2247 4094 2260 4130 :
2292 4073 2528 4128 Joannes
2554 4085 2683 4126 vero
2712 4078 2896 4137 postea
2938 4082 3002 4121 ex
3043 4064 3329 4135 episcopali
3361 4063 3488 4119 sede

1899 4170 2080 4239 pulsus
2114 4176 2230 4232 est,
2270 4173 2429 4233 atque
2462 4162 2516 4216 in
2552 4159 2723 4216 exsilii
2758 4160 2873 4212 loco
2911 4156 3050 4213 diem
3086 4155 3273 4211 clausit
3306 4162 3488 4208 extre-

1898 4275 2064 4314 mum.

1973 4348 2132 4404 Addit
2150 4346 2480 4403 Sozomeuns
2507 4341 2754 4414 (Sozam.
2783 4338 2820 4393 ι.
2853 4338 2905 4393 8.
2939 4353 2986 4392 c.
3023 4334 3119 4408 l5)
3148 4332 3487 4389 Ammonium

1901 4449 2231 4508 cmterosque
2272 4436 2489 4491 Fratres
2528 4432 2741 4501 Longos
2778 4427 3132 4499 Epipltanium
3176 4423 3405 4487 adiisse,
3430 4438 3493 4479 ac

1901 4528 2212 4602 quaesivisse
2241 4525 2309 4582 ab
2337 4524 2427 4580 illo
2447 4522 2573 4595 quid
2599 4535 2772 4577 causa:
2793 4528 2930 4575 esset
2961 4532 3057 4572 cur
3082 4518 3226 4587 ipsos
3247 4525 3303 4569 ut
3322 4513 3492 4570 lucre-

1907 4623 2043 4679 tieos
2094 4620 2350 4684 haberet;
2399 4631 2520 4672 cum
2568 4610 2937 4683 respondisset
2975 4606 3304 4678 Epiphanius
3346 4620 3405 4661 se
3444 4603 3497 4659 id

1907 4710 2403 4781 audituaccepisse,
2426 4704 2767 4762 Ammonium
2788 4718 2850 4758 ea
2878 4701 2929 4755 in
2955 4699 3321 4755 defensionem
3347 4711 3498 4751 suam

1908 4804 2212 4877 protulisse,
2244 4816 2363 4870 quae
2388 4799 2562 4879 ipsum
2595 4795 2854 4850 leniorem
2884 4790 3234 4855 reddiderint,
3263 4801 3326 4841 ac
3347 4785 3499 4840 brevi

1912 4875 2096 4968 postea
2122 4892 2356 4965 Cyprum
2385 4875 2685 4958 navigasse,
2716 4884 2829 4938 sive
2855 4881 2998 4954 quod
3025 4875 3483 4947 ConstantinOpoli

1910 4967 2051 5043 lana:
2088 4979 2429 5055 profectionis
2468 4978 2640 5047 ipsum
2680 4974 2984 5045 paeniteret,
3028 4972 3141 5026 sive
3177 4968 3319 5039 quod
3363 4967 3504 5021 Deus

1912 5089 2139 5137 mortem
2167 5090 2318 5132 suam
2350 5071 2494 5127 brevi
2523 5069 2751 5125 futuram
2782 5066 2879 5137 ipsi
2911 5062 3338 5136 prarnuntiasset.
3369 5055 3502 5113 Cum

1914 5182 2090 5229 autem
2111 5168 2287 5224 navim
2310 5175 2700 5220 conscensurus
2725 5166 2888 5223 esset,
2912 5153 3196 5227 episcopis,
3221 5151 3311 5223 qui
3334 5151 3505 5220 ipsum

1917 5265 1982 5320 ad
2026 5263 2176 5318 littus
2216 5272 2386 5328 usque
2425 5252 2737 5326 proscquuti
2782 5250 3012 5315 fuerant,
3052 5247 3251 5302 dixisse
3296 5242 3508 5298 fertur:

1915 5353 2120 5411 Urbem
2141 5349 2291 5404 vobis
2318 5355 2373 5403 et
2400 5344 2655 5401 Palatium
2687 5350 2743 5399 et
2768 5353 2982 5396 scenam
3009 5335 3289 5403 relinquo:
3325 5340 3507 5401 atque,

1919 5457 1976 5501 ut
2016 5444 2266 5503 diximus,
2305 5448 2588 5510 antequam
2625 5434 2857 5507 Cyprum
2894 5427 3228 5492 advenisset,
3268 5435 3513 5480 mortuus

1919 5548 2021 5595 est.

1992 5627 2234 5684 Eudoxia
2257 5625 2485 5697 Augusta
2504 5622 2558 5675 in
2585 5618 2998 5688 Chrywstomum
3035 5609 3259 5665 incensa.
3287 5639 3358 5650 -—
3385 5608 3516 5665 Post

1925 5719 2206 5794 Epiphanii
2254 5717 2546 5772 discessum
2568 5752 2582 5777 ,
2628 5706 2850 5777 contigit
2877 5714 2934 5761 ut
2961 5703 3196 5762 Joannes
3231 5716 3327 5772 pro
3364 5714 3519 5758 more

1929 5791 2025 5874 suo
2063 5809 2410 5871 concionaus,
2448 5813 2630 5862 contra
2678 5800 2932 5859 mulieres
2973 5796 3133 5854 multa
3174 5791 3514 5863 profunderet
