3948 6416
455 370 565 429 195

454 483 471 541 (
502 481 651 528 Socr.
679 504 714 528 ..
748 473 799 524 6.
841 486 887 522 ε.
915 467 1020 537 l5)
1053 484 1065 520 :
1098 474 1151 521 et
1188 480 1314 520 vero
1359 479 1500 532 saepe
1539 462 1684 515 iilum
1719 460 1945 514 vidimus
1981 459 2035 512 in

453 564 801 621 concionibus
823 560 1101 613 mulierum
1133 557 1336 623 luxum,
1368 553 1559 609 fastum
1586 561 1882 621 caeteraque
1913 549 2036 602 vitia

454 660 831 713 insectantem.
863 651 1171 707 Orationem
1203 652 1272 704 ita
1305 649 1491 719 vulgus
1516 648 1747 717 excepit,
1775 662 1837 698 ac
1858 645 1901 698 si
1929 644 2038 696 Au-

451 757 661 816 gustam
692 743 779 800 ille
807 741 1206 813 perstringeret.
1248 738 1397 795 Tunc
1436 738 1502 804 ii,
1541 737 1629 806 qui
1658 735 2038 804 Chrysostomo

453 834 647 890 infensi
674 842 860 901 erant,
898 847 1014 887 rem
1054 830 1121 885 ad
1159 833 1448 900 Augustam
1495 828 1750 883 referunt.
1782 826 1871 880 Illa
1899 823 2037 893 apud

453 926 833 995 imperatorem
857 933 1168 995 conquesta,
1201 922 1551 992 Theophilum
1581 934 1770 990 urgere
1794 921 1954 988 coepit
1981 926 2041 972 ut

453 1016 849 1087 quamprimum
874 1015 1080 1070 veniret
1103 1021 1156 1068 et
1179 1011 1449 1084 Synodmn
1476 1020 1843 1081 congregaret.
1875 1008 1927 1063 ld
1957 1023 2041 1063 nec

454 1106 584 1177 gotii
623 1110 785 1162 etiam
816 1106 1161 1176 promovebat
1205 1103 1523 1159 Severianus
1564 1101 1910 1166 Gabalensis,
1952 1099 2039 1169 qui

456 1214 577 1252 cum
608 1197 997 1269 Chrysostomo
1021 1195 1265 1250 simulate
1304 1195 1674 1250 reconciliatus
1714 1192 1910 1247 nullam
1950 1208 2041 1245 ne-

456 1291 691 1361 gligebat
719 1291 819 1362 ipsi
851 1290 1075 1346 nocendi
1102 1288 1459 1343 occasionem.
1495 1287 1655 1340 Erant
1680 1286 1767 1339 alii
1800 1285 1946 1338 multi
1976 1299 2038 1337 ex

459 1382 618 1436 tilero
640 1396 764 1450 erga
789 1382 1048 1436 Joannem
1072 1380 1210 1434 male
1231 1378 1424 1442 allecti,
1452 1387 1506 1431 ut
1528 1376 1772 1437 vidimus,
1793 1375 1879 1444 qui
1905 1374 2042 1439 apud

460 1471 816 1541 Theophilum
866 1472 1165 1535 instabant,
1215 1479 1271 1523 ut
1307 1467 1619 1538 quantocius
1658 1465 1880 1519 veniret.
1929 1463 2044 1532 Ipse

462 1577 587 1616 \Ct‘O
615 1562 825 1616 tandem
857 1562 1122 1629 profectus
1146 1568 1227 1613 cst
1257 1557 1549 1629 (Chrysost.
1586 1557 1653 1608 ad
1689 1553 1867 1607 lnnoc.
1910 1563 1946 1605 ι.
1990 1554 2041 1606 5.

465 1671 513 1708 ι’.
541 1655 644 1709 550
679 1652 729 1721 ),
758 1660 812 1705 et
837 1667 957 1705 cum
987 1650 1207 1720 jubcntc
1235 1650 1555 1717 lmpcratore
1582 1647 1726 1699 solus
1754 1646 1931 1698 venire
1955 1645 2047 1697 de-

464 1744 701 1807 buisset,
742 1758 861 1795 cum
906 1742 1083 1795 multis
1126 1750 1302 1793 t:unen
1349 1739 1465 1792 aliis
1512 1738 1775 1806 episcopis
1801 1735 1963 1800 venit,
1995 1744 2049 1788 et

461 1833 659 1887 dixisse
686 1832 854 1888 fertur
879 1851 891 1885 :
917 1832 972 1885 ln
999 1830 1317 1887 Comitatum
1354 1830 1679 1901 proﬁciscor,
1714 1839 1770 1883 ut
1789 1828 2044 1883 Joannem

461 1931 753 1998 deponam-
789 1923 959 1998 Quam
987 1943 1097 1984 rem
1127 1923 1181 1984 in
1212 1921 1372 1999 Lycia
1388 1942 1602 1996 quoque
1635 1922 1885 1994 repetiit;
1918 1935 2044 1973 nam

461 2024 698 2086 pedestri
722 2021 913 2076 itinere
945 2019 1339 2075 Cbalcedonem
1368 2017 1528 2080 venit,
1559 2016 1838 2088 Aigyptios
1872 2023 2047 2068 autem

465 2119 743 2182 episcopos
765 2112 1259 2181 ConsmntinOpolin
1286 2112 1531 2179 navigare
1548 2110 1725 2183 jussit.
1750 2108 2043 2162 Chalcedo-

465 2220 585 2258 ncm
629 2214 806 2258 autem
851 2218 969 2256 cum
999 2204 1249 2268 venisset,
1293 2218 1357 2255 eo
1402 2218 1456 2255 se
1504 2201 1839 2254 contulerttnt
1888 2199 2047 2252 etiam

465 2293 554 2347 alii
574 2293 831 2362 episcopi,
866 2302 975 2347 tum
1003 2310 1030 2346 a
1059 2293 1353 2361 TheOphilo
1383 2303 1489 2345 lum
1520 2292 1586 2344 ab
1615 2293 1935 2359 lmperatore
1957 2306 2045 2343 ac-

462 2386 555 2443 citi
592 2403 605 2439 :
637 2401 834 2441 venere
883 2402 1092 2456 quoque
1139 2386 1369 2456 Aigyplii
1418 2386 1661 2457 (Sozam.
1707 2386 1740 2437 Ι.
1783 2386 1834 2439 8.
1878 2401 1920 2437 c.
1958 2383 2044 2438 16.

467 2478 615 2532 Socr.
647 2478 684 2532 l.
716 2478 767 2533 6.
795 2495 839 2531 ε.
870 2479 935 2532 15
1039 2478 1279 2548 Cumque
1308 2478 1535 2531 universi
1578 2477 1732 2531 simul
1774 2478 2050 2530 convenis-

464 2580 605 2637 sent,
634 2570 770 2625 inter
807 2584 867 2625 se
906 2569 1279 2624 consultabant
1307 2587 1408 2638 qua
1442 2571 1644 2625 ratione
1676 2569 1804 2638 ipsis
1830 2580 2050 2625 Conatus

462 2658 721 2714 adversus
744 2659 1001 2715 Joannem
1031 2676 1095 2716 ex
1119 2673 1243 2715 voto
1268 2662 1599 2716 succederet.
1628 2662 1755 2715 Erat
1784 2669 1910 2715 ῑιιιιο
1938 2663 2049 2730 epi-

462 2769 657 2821 seopus
685 2752 1036 2807 Chalcedonis
1074 2755 1300 2823 Cyrinus
1325 2795 1338 2819 ,
1380 2769 1576 2823 genere
1606 2752 1917 2823 A‘Igyptius,
1960 2754 2048 2822 qui

465 2843 632 2896 multa
679 2852 865 2897 contra
907 2842 1165 2897 Joannem
1217 2844 1610 2908 deblaterahat,
1656 2845 1872 2914 impimn
1905 2844 2049 2899 illum

463 2947 696 2995 vocans,
725 2941 1060 3001 arrogantem
1083 2940 1136 2987 et
1166 2934 1573 2997 inexorabilem,
1602 2951 1712 2988 rem
1744 2942 1945 3003 gratam
1977 2934 2051 2988 fa-

461 3024 612 3076 ciens
650 3023 769 3077 aliis
807 3023 1071 3095 episcopis
1106 3023 1326 3078 Joannis
1358 3024 1603 3077 inimicis.
1647 3024 1750 3079 Sed
1783 3024 2051 3078 Maruthas

462 3110 856 3181 Mesopotamia:
876 3115 1178 3184 episcopus,
1211 3114 1347 3169 forte
1376 3114 1702 3184 imprudens,
1736 3115 1922 3184 pedem
1954 3116 2055 3187 Uy-

463 3201 566 3257 rini
594 3202 832 3258 calcavit.
879 3205 966 3259 llle
1009 3221 1073 3260 eo
1101 3207 1316 3260 vulnere
1354 3206 1587 3275 graviter
1624 3207 1879 3274 allectos,
1913 3206 2052 3262 (lon-

459 3294 839 3363 stantiimpolin
877 3311 995 3349 cum
1025 3298 1245 3366 reliquis
1276 3297 1539 3366 episcopis
1572 3298 1917 3352 transfretare
1946 3316 2050 3352 non

461 3386 657 3454 potuit;
688 3386 779 3441 sed
805 3388 915 3455 ipse
943 3391 1137 3442 mansit
1165 3389 1524 3455 Chalcedone,
1559 3393 1737 3445 cancri
1763 3408 1889 3445 vero
1909 3390 2053 3445 Con-

459 3477 840 3546 stantinopolin
868 3478 1207 3545 trajecerunt.
1241 3478 1354 3533 Etsi
1385 3496 1543 3547 porro
1572 3497 1634 3534 ex
1667 3482 1875 3534 clericis
1906 3485 2048 3535 (Zon-

460 3565 945 3634 stantinopolitanis
972 3567 1119 3621 multi
1142 3577 1298 3621 erant
1315 3568 1504 3622 Joanni
1530 3570 1740 3635 infensi,
1764 3570 1904 3641 quod
1926 3573 2051 3625 vitia

460 3670 648 3709 eorum
678 3656 1019 3726 redargueret
1044 3668 1094 3712 et
1127 3660 1413 3714 emendare
1434 3671 1731 3731 satageret;
1767 3664 1939 3716 nullus
1972 3674 2048 3718 ta-

457 3767 583 3807 men
608 3767 638 3807 e
660 3752 815 3819 Clero
840 3754 1050 3807 obviam
1080 3755 1374 3824 Theophilo
1398 3758 1560 3822 venit,
1591 3774 1763 3826 neque
1793 3759 2049 3813 honorem

456 3855 771 3901 consuetum
794 3846 892 3915 ipsi
914 3848 1182 3907 exhibuit;
1208 3848 1379 3917 palam
1402 3848 1541 3902 enim
1564 3850 1783 3906 Joannis
1805 3850 2052 3905 inimicus

456 3937 882 4004 agnoscebatur:
916 3937 1055 3992 unde
1082 3938 1322 3992 fortassis
1348 3939 1541 4001 evenit,
1567 3939 1729 4009 utqui
1760 3941 1902 4010 paria
1928 3956 2050 3994 cum

458 4026 551 4082 illo
572 4026 892 4092 sentiebant,
926 4044 1029 4081 non
1056 4028 1315 4083 auderent
1340 4044 1519 4084 coram
1548 4032 1759 4100 populo,
1782 4048 1908 4101 erga
1934 4048 2050 4086 sau-

456 4126 601 4172 etum
646 4119 927 4188 prassulcm
972 4120 1171 4187 Optime
1217 4119 1445 4188 allecto,
1493 4123 1736 4190 concepti
1793 4123 2049 4177 adversus

456 4210 603 4264 illum
657 4210 763 4264 odii
810 4210 957 4281 signa
999 4211 1147 4267 dare.
1200 4211 1398 4267 Verum
1442 4223 1615 4267 nauta:
1667 4214 2044 4281 Alexandrini,

455 4316 678 4369 quorum
707 4300 1064 4357 frumentaria:
1085 4318 1248 4358 naves
1269 4303 1403 4359 forte
1424 4304 1666 4373 aderant,
1693 4304 1877 4360 faustis
1900 4306 2046 4361 illum

456 4392 924 4447 acclamationibus
951 4409 1230 4463 excepere.

524 4479 836 4550 Theophilus
902 4483 1371 4554 ConstmitinOpoliu
1420 4488 1571 4540 venit.
1608 4518 1678 4527 —
1720 4489 2049 4559 Theophilus

452 4586 602 4638 ergo,
641 4571 728 4638 qui
760 4586 890 4625 auro
921 4580 972 4624 et
996 4574 1240 4640 pretiosis
1270 4576 1430 4627 rebus
1466 4576 1795 4647 Egyptiacis
1825 4590 1874 4632 et
1905 4580 2048 4634 Indi-

456 4674 534 4711 cis
555 4668 778 4713 onustus
795 4660 1063 4725 veniebat,
1092 4670 1149 4717 ut
1170 4662 1372 4719 amicos
1397 4665 1494 4719 sibi
1528 4678 1760 4735 pararet,
1794 4670 2051 4725 Constan-

466 4744 722 4813 tinOpOllu
748 4744 1021 4813 ingressus
1043 4757 1124 4801 est
1146 4764 1331 4803 mense
1356 4749 1571 4803 circiter
1591 4751 1772 4805 Junio.
1800 4755 2052 4810 llortatus

462 4849 546 4891 est
575 4838 723 4893 illum
746 4838 1003 4908 Joannes,
1030 4854 1087 4897 ut
1110 4843 1249 4913 apud
1272 4858 1330 4899 se
1356 4846 1723 4900 diversaretur
1753 4863 1875 4903 cum
1914 4853 2047 4916 suis,

462 4930 514 4983 in
546 4932 881 4989 domicilium
915 4952 1106 5007 nempe
1133 4949 1449 5008 apparatum
1481 4949 1536 4995 et
1578 4943 1898 4997 necessariis
1929 4960 2049 4998 om-

459 5025 617 5079 nibus
649 5027 965 5084 instructum
986 5029 1219 5102 (Pallad.
1238 5052 1290 5102 p.
1312 5034 1398 5090 64.
1422 5035 1536 5106 65).
1553 5034 1752 5091 Renuit
1777 5037 1886 5105 ille,
1912 5049 2050 5094 etne

457 5119 509 5172 in
541 5119 825 5175 ecclesiam
858 5122 1073 5192 quidem
1106 5127 1309 5196 ingredi
1344 5129 1536 5193 voluit;
1567 5130 1660 5185 sed
1690 5131 1741 5184 in
1760 5130 2047 5202 quamdam

456 5209 791 5280 Imperialem
826 5213 1042 5271 domum
1062 5218 1282 5274 divertit
1304 5220 1590 5292 (Chrysosl.
1618 5224 1685 5276 ad
1710 5225 1897 5278 lnnoc.
1930 5235 1967 5279 ι.
1987 5225 2043 5282 5.

457 5318 498 5354 ε.
516 5303 642 5360 550.
661 5308 698 5361 l.
720 5306 754 5362 5
773 5316 820 5360 et
842 5308 997 5381 ειμι),
1023 5328 1140 5381 qum
1160 5312 1465 5369 Placidiana
1489 5316 1858 5385 appellabatur
1885 5334 1899 5369 :
1935 5318 2044 5374 imo

459 5394 716 5454 Jmmncm
763 5415 1051 5470 numquam
1102 5399 1281 5455 videre
1317 5400 1400 5454 vel
1444 5400 1639 5472 alloqui
1675 5402 1858 5455 voluit.
1888 5400 2045 5471 Saepe

462 5486 603 5541 illum
646 5489 875 5547 Joannes
919 5491 1094 5560 rogari
1138 5491 1342 5547 curavit
1385 5506 1452 5544 an
1498 5491 1622 5559 quid
1664 5491 1878 5546 fecisset
1907 5492 2040 5562 ipse,

462 5578 596 5643 aliud
627 5578 697 5633 illi
726 5579 1070 5650 displiceret,
1103 5597 1161 5637 se
1202 5582 1269 5636 ad
1315 5582 1489 5637 omnia
1521 5581 1850 5637 emendanda
1882 5597 2039 5652 para-

461 5673 571 5719 tum
601 5682 720 5721 esse
746 5685 1088 5736 asseverans;
1137 5675 1227 5729 sed
1264 5674 1458 5727 obnixe
1488 5675 1798 5742 supplicanti
1841 5691 1906 5728 ne
1951 5691 2039 5731 re-

474 5758 743 5829 Spondere
799 5759 1018 5826 quidem
1094 5763 1183 5818 ille
1250 5762 1508 5831 dignatus
1559 5771 1676 5821 est;
1735 5778 1854 5830 quae
1915 5778 2049 5816 sane

1556 350 1611 405 S.
1653 348 1931 405 JOANNIS
1959 346 2426 405 CHRYSOSTOMI
2468 343 2647 408 VlTA,
3622 341 3715 395 l‘.’6

2146 459 2380 510 ferocem
2413 456 2683 510 hominem
2708 462 2765 509 et
2789 452 3177 510 intractabilem
3204 452 3369 511 fuisse
3397 460 3644 521 arguunt.

2223 547 2426 603 Interea
2449 559 2706 619 urgenant
2734 549 3016 619 Theophili
3059 562 3419 618 accusatores,
3460 558 3551 620 qui
3592 552 3729 606 irru-

2150 644 2383 712 ptionem
2410 685 2424 709 ,
2482 642 2655 697 caules
2701 651 2758 697 et
2800 643 2904 697 alia
2951 644 3227 697 innumera
3275 644 3373 713 ipsi
3414 643 3730 713 objiciebant

2152 732 2384 804 (Pallad.
2418 752 2469 805 p.
2508 732 2596 787 l2.
2634 735 2756 805 l3).
2785 734 2898 801 Qua
2926 750 2982 789 re
3008 745 3279 805 comperta
3311 736 3608 804 imperator
3634 736 3733 789 Ar-

2149 824 2331 878 cadius
2371 823 2627 879 Joannem
2673 825 2950 879 advocavit
2977 827 3269 897 (Chrysost.
3302 827 3370 880 ad
3398 825 3585 880 lnnoc.
3616 835 3653 878 t.
3681 828 3733 881 5.

2156 932 2202 966 c.
2232 914 2327 968 551
2355 915 2394 984 ),
2415 914 2677 984 jussitque
2705 914 2850 970 illum
2877 915 2943 969 de
2972 932 3132 971 causa
3163 915 3443 986 Theophili
3470 917 3732 985 judicare,

2146 1022 2303 1075 quem
2346 1016 2401 1060 ut
2444 1007 2725 1061 scelestum
2771 1008 2922 1062 multi
2972 1008 3303 1064 incusabant.
3345 1007 3586 1063 Joannes
3613 1025 3735 1063 vero

2151 1114 2255 1150 non
2286 1096 2349 1150 ad
2377 1112 2434 1151 se
2467 1100 2732 1167 pertinere
2757 1097 2889 1151 dixit
2908 1098 2974 1152 de
2996 1098 3276 1167 Theophili
3299 1100 3460 1168 gestis
3476 1098 3734 1167 judicium

2151 1189 2306 1249 lerre,
2346 1186 2438 1240 sed
2466 1187 2531 1241 ad
2561 1186 2930 1258 IEgyptiorum
2970 1191 3252 1257 praisulum
3281 1190 3558 1261 Synodum
3590 1208 3605 1243 :
3633 1206 3733 1244 nou

2151 1280 2288 1346 quod
2320 1280 2587 1348 ignoraret
2614 1280 2704 1334 ille
2736 1295 2893 1348 posse
2927 1279 3299 1349 Theophilum,
3330 1281 3431 1336 etsi
3453 1281 3733 1350 przesulem

2150 1369 2605 1437 Alexandrinum,
2652 1386 2681 1424 a
2724 1369 2960 1425 Concilio
3012 1370 3356 1426 Orientalium
3405 1373 3645 1442 generali
3686 1372 3733 1427 in

2150 1477 2363 1514 causam
2389 1462 2562 1515 vocari
2584 1472 2638 1516 et
2659 1462 2929 1528 damnari;
2958 1463 3051 1517 sed
3077 1479 3142 1518 ex
3168 1464 3448 1534 Theophili
3471 1466 3654 1535 gestis,
3673 1482 3729 1522 ex

2152 1551 2216 1605 iis
2246 1567 2436 1621 nempe
2462 1568 2580 1621 quae
2608 1564 3008 1621 prmcesserant,
3040 1571 3107 1608 ex
3131 1555 3360 1609 motibus
3389 1572 3524 1627 quos
3556 1555 3726 1610 hacte-

2153 1657 2251 1695 nus
2276 1644 2653 1706 concitaverat,
2677 1660 2741 1697 ex
2762 1643 2966 1698 vafritie
2991 1653 3043 1699 et
3070 1645 3359 1700 calliditate
3383 1662 3484 1715 qua
3506 1649 3589 1700 vel
3612 1662 3732 1701 amo

2153 1742 2206 1785 et
2236 1734 2577 1798 muneribus,
2607 1735 2692 1788 vel
2730 1735 2845 1789 aliis
2884 1735 3084 1790 artibus
3124 1738 3316 1789 multos
3350 1737 3450 1790 sibi
3481 1741 3731 1791 concilia-

2153 1837 2321 1893 verat,
2347 1827 2707 1898 prospiciebat
2733 1828 2965 1883 Joaunes
2994 1829 3107 1883 fore
3135 1838 3191 1883 ut
3209 1870 3227 1896 ,
3256 1829 3302 1883 si
3330 1830 3660 1899 'l'he0philus
3686 1834 3734 1884 in

2154 1916 2373 1993 Synodo
2398 1917 2762 1985 damnaretur,
2786 1935 3072 1991 numquam
3100 1920 3189 1975 ille
3212 1922 3615 1991 acquiesceret,
3646 1922 3736 1977 sed

2156 2015 2395 2083 iungentes
2425 2015 2608 2073 turbas
2634 2016 2999 2073 concitaturus
3024 2020 3186 2067 esset.

2225 2108 2553 2179 Theophilus
2592 2118 2777 2164 contra
2816 2110 2950 2163 nihil
2991 2125 3096 2165 non
3142 2111 3333 2181 agebat
3379 2112 3439 2165 ut
3480 2103 3735 2167 Ιηκηηεω

2156 2217 2260 2256 non
2303 2201 2460 2255 modo
2496 2203 2756 2271 pelleret,
2802 2203 2893 2257 sed
2943 2212 2993 2257 et
3034 2205 3145 2273 ipsa
3185 2206 3291 2258 vita
3341 2206 3609 2275 privaret,
3656 2206 3735 2259 in-

2155 2292 2266 2362 quit
2313 2291 2577 2346 Palladius
2616 2294 2717 2362 (p.
2746 2293 2818 2347 63
2850 2289 2907 2362 ),
2954 2296 3141 2363 partim
3189 2295 3467 2364 largitione
3521 2296 3634 2349 auri
3688 2303 3741 2349 et

2156 2400 2435 2440 munerum
2465 2387 2787 2455 potentiores
2816 2386 2914 2439 sibi
2940 2387 3248 2449 concilians,
3282 2388 3472 2455 partim
3509 2388 3741 2442 lautiori-

2158 2478 2256 2531 bus
2285 2477 2453 2546 epulis
2480 2477 2614 2546 gula:
2639 2476 2847 2532 deditos
2872 2477 3111 2531 alliciens
3129 2519 3144 2543 ,
3173 2478 3365 2547 partim
3397 2477 3668 2532 blanditiis
3691 2487 3742 2533 ct

2155 2583 2249 2637 ενα
2290 2568 2506 2637 majoris
2545 2567 2815 2638 dignitatis
2841 2567 3061 2621 clericos
3104 2567 3169 2621 ad
3207 2583 3329 2622 suas
3361 2578 3541 2635 partes
3568 2567 3732 2621 abdu-

2156 2675 2302 2716 cens.
2335 2660 2466 2715 Cum
2489 2661 2649 2715 sciret
2674 2669 2851 2714 autem
2880 2661 3135 2714 diaconos
3160 2660 3312 2725 duos,
3339 2662 3565 2714 altermn
3593 2661 3737 2714 adul-

2160 2753 2297 2817 lerii,
2329 2753 2556 2806 alterum
2600 2750 2870 2806 homicidii
2912 2766 3071 2805 causa
3098 2767 3126 2804 a
3153 2751 3359 2807 Joanne
3394 2751 3462 2805 ab
3507 2751 3740 2805 Ecclesia

2156 2844 2357 2911 ejectos
2403 2843 2596 2909 fuisse;
2644 2843 2812 2897 suasit
2850 2842 2951 2896 illis
2985 2852 3040 2895 ut
3069 2842 3274 2897 libellos
3297 2842 3557 2896 adversus
3585 2842 3743 2897 Joan-

2159 2952 2278 2988 nem
2308 2934 2582 3001 offerrent,
2606 2935 2873 3004 pollicitus
2899 2951 2958 2990 se
2987 2936 3105 2990 illos
3133 2935 3183 2989 in
3214 2937 3494 3006 pristinum
3524 2936 3740 3006 gradum

2156 3038 2207 3079 et
2230 3028 2578 3082 miniSIcrium
2607 3027 2974 3081 restituturum
2996 3042 3134 3081 esse.
3156 3025 3231 3080 llli
3262 3042 3371 3081 rem
3391 3027 3743 3081 libentissime

2159 3119 2386 3186 amplexi
2436 3128 2595 3183 sunt,
2636 3118 2947 3188 libellosque
2978 3119 3075 3188 ipsi
3102 3118 3430 3184 obtulerunt,
3460 3135 3597 3188 quos
3637 3121 3743 3189 ipse

2158 3211 2488 3281 Theophilus
2526 3212 2836 3275 dictaverat,
2871 3212 2921 3266 in
2954 3212 3148 3281 quibus
3183 3225 3373 3266 caetera
3405 3213 3587 3265 omnia
3619 3212 3739 3264 falsa

2158 3313 2211 3357 et
2236 3304 2589 3372 supposititia,
2618 3318 2778 3356 unum
2805 3312 2980 3357 autem
3009 3312 3209 3356 tantum
3232 3318 3416 3355 verum
3443 3312 3582 3365 erat,
3606 3300 3738 3371 quod

2160 3410 2351 3463 nempe
2393 3393 2628 3449 Joannes
2668 3410 2854 3447 omnes
2898 3404 3156 3459 moneret,
3187 3403 3241 3448 ut
3273 3403 3388 3463 post
3411 3396 3759 3448 communico.

2159 3504 2299 3551 nem,
2325 3503 2515 3556 aquam
2537 3498 2629 3541 aut
2660 3488 2926 3556 pastillum
2955 3487 3316 3557 degustarent,
3341 3502 3407 3540 ne
3433 3502 3557 3540 cum
3583 3487 3736 3539 saliva

2159 3590 2249 3633 aut
2275 3579 2461 3648 pituita
2500 3594 2531 3631 e
2570 3579 2813 3648 symbolo
2839 3578 3166 3632 Sacramenti
3193 3578 3391 3647 aliquid
3417 3588 3615 3646 praeter
3643 3592 3731 3629 vo-

2159 3672 2411 3725 luntatem
2437 3679 2785 3739 exspueretur
2816 3686 2827 3721 :
2857 3668 2997 3737 quod
3025 3679 3076 3722 et
3100 3669 3210 3737 ipse
3235 3668 3478 3722 faciebat.
3506 3668 3635 3736 Qua:
3660 3681 3736 3721 res

2159 3772 2303 3817 certe
2331 3761 2459 3814 nulli
2489 3760 2658 3827 culpa:
2679 3759 2904 3812 obnoxia
2934 3759 3229 3813 videbatur.

2233 3851 2477 3921 Acceptis
2519 3850 2713 3905 libellis
2752 3848 3075 3917 Theophilus
3116 3849 3166 3902 in
3207 3848 3521 3918 Eugraphiaz
3546 3848 3731 3902 a'dihus

2159 3941 2477 4011 colloquium
2497 3940 2678 3994 habuit
2699 3955 2819 3993 cum
2837 3937 3145 4004 Severiano,
3174 3938 3436 3991 Antiocho
3453 3946 3508 3992 et
3529 3939 3716 3991 Acacio

2159 4032 2476 4101 exterisque
2522 4030 2742 4086 Joannis
2797 4029 3064 4093 inimicis,
3115 4030 3204 4099 qui
3253 4044 3389 4099 pene
3438 4044 3627 4084 omnes
3675 4041 3733 4084 ex

2157 4122 2377 4177 Joannis
2406 4121 2622 4175 monitis
2647 4120 2789 4190 juste
2818 4106 3163 4189 modesteque
3187 4118 3324 4173 datis
3351 4160 3365 4182 ,
3394 4118 3653 4173 adversus
3680 4120 3734 4174 il-

2159 4215 2264 4269 lutn
2294 4213 2581 4269 exulcerati
2611 4222 2784 4267 erant.
2829 4212 2979 4267 Unus
3006 4227 3135 4267 vero
3174 4227 3239 4267 ex
3275 4212 3336 4266 iis
3368 4212 3457 4281 qui
3488 4211 3732 4275 aderant,

2157 4307 2275 4362 aliis
2304 4305 2565 4376 suggessit
2594 4314 2648 4358 ut
2680 4303 2842 4359 libelli
2887 4303 3143 4357 darentur
3176 4301 3509 4372 Imperatori,
3540 4314 3597 4357 ut
3626 4303 3732 4370 ipse

2158 4399 2415 4453 Joannem
2445 4398 2528 4451 vel
2555 4397 2775 4449 invitum
2807 4394 2871 4450 ad
2899 4394 3172 4467 Synodum
3210 4410 3268 4449 se
3297 4394 3488 4449 sistere
3510 4400 3733 4463 cogeret.

2160 4489 2291 4555 Quia
2320 4502 2467 4551 vero,
2496 4495 2554 4541 ut
2573 4486 2766 4554 srepius
2792 4485 3116 4554 experientia
3145 4494 3476 4553 compertum
3506 4484 3622 4549 fuit,
3652 4498 3738 4535 au-

2159 4596 2272 4632 rum
2296 4579 2471 4632 omnia
2502 4592 2666 4647 prona
2692 4576 2970 4646 faciliaque
2998 4576 3201 4641 reddit;
3236 4576 3335 4629 hac
3368 4577 3449 4628 via
3482 4574 3739 4644 Theophi-

2155 4673 2236 4725 lus
2265 4672 2509 4727 effecerat
2545 4681 2601 4724 ut
2626 4670 2780 4723 aulici
2811 4668 2962 4722 multi
2992 4684 3087 4738 pro
3124 4683 3182 4723 se
3219 4679 3437 4733 starent,
3484 4677 3641 4737 atque
3669 4665 3738 4720 sic

2155 4783 2270 4834 quae
2294 4764 2343 4817 in
2370 4763 2563 4833 citatis
2588 4764 2684 4818 sibi
2714 4772 2867 4817 erant
2893 4762 3208 4832 impetravit.

2228 4856 2468 4925 Synodus
2488 4855 2554 4908 ad
2580 4855 2849 4922 Quercum.
2877 4884 2945 4893 —
2974 4852 3086 4907 Etsi
3111 4868 3236 4907 vero
3261 4852 3603 4923 imperatoris
3622 4866 3740 4906 con-

2155 4962 2316 5001 sensu
2343 4955 2395 5000 ct
2419 4946 2571 5016 jussu
2600 4944 2713 4999 fulti
2740 4943 3071 5014 The0philus
3089 4955 3141 5000 ct
3162 4944 3291 4998 socii
3317 4941 3607 5013 (Chrysost.
3631 4953 3668 4997 ι.
3689 4943 3739 4997 5.

2160 5053 2205 5089 c.
2235 5038 2340 5092 445
2364 5036 2380 5105 )
2404 5077 2417 5098 ,
2450 5052 2554 5092 non
2582 5036 2694 5090 ausi
2725 5046 2847 5089 sunt
2876 5045 3050 5088 tamen
3085 5035 3223 5088 intra
3255 5034 3438 5088 urbem
3480 5034 3740 5090 Constan-

2156 5128 2412 5196 tinopolin
2440 5126 2711 5198 Synodnm
2739 5141 2959 5195 cogere,
2994 5134 3048 5177 ut
3085 5140 3152 5179 nc
3194 5124 3400 5194 plebem
3426 5125 3627 5195 pastori
3650 5138 3744 5178 suo

2153 5220 2566 5278 addictissimam
2594 5228 3021 5281 commoverenl,
3065 5227 3118 5272 et
3154 5217 3434 5272 adversum
3463 5233 3522 5271 se
3554 5216 3722 5271 tumul

2154 5320 2265 5365 tum
2298 5312 2624 5376 excitarent;
2675 5326 2847 5380 neque
2888 5321 3055 5365 tutum
3099 5309 3199 5364 sibi
3241 5311 3352 5364 fore
3399 5310 3674 5379 putabant,
3702 5307 3742 5364 si

2154 5402 2466 5463 calumnias,
2493 5416 2625 5474 quas
2652 5399 2768 5453 falsi
2798 5400 3114 5454 convincere
3138 5398 3291 5453 facile
3323 5407 3461 5463 erat,
3491 5398 3543 5451 in
3574 5397 3745 5452 medio

2154 5491 2515 5559 Imperatoriae
2555 5490 2703 5545 urbis
2732 5489 3053 5561 proferrent.
3098 5488 3427 5557 Theophilus
3467 5490 3626 5559 igitur
3653 5502 3740 5559 per

2152 5591 2265 5638 tres
2311 5583 2674 5639 hebdomadas
2716 5582 3174 5652 Constantinopoli
3218 5586 3584 5637 commentus
3623 5577 3741 5648 (So-

2150 5689 2283 5727 zam.
2317 5674 2355 5729 Ι.
2385 5672 2439 5730 8.
2470 5691 2497 5727 c
2548 5675 2680 5745 l7),
2725 5690 2847 5729 cum
2895 5674 3015 5729 aliis
3062 5688 3241 5728 secum
3282 5668 3741 5727 consentientibus

2157 5765 2428 5832 episcopis
2465 5763 2863 5817 Cbalcedonem
2898 5761 3139 5831 perrexit
3168 5759 3405 5828 ἱηὰιιιιιιο
3450 5762 3517 5813 ad
3561 5760 3726 5822 Quer-
