3948 6400
215 363 304 419 197

201 491 328 540 cum,
351 467 698 529 Chalcedonis
721 467 1100 528 suburbanum,
1130 463 1183 518 in
1223 462 1446 518 ecclesia
1485 458 1580 518 SS.
1611 460 1758 528 Apo-

195 570 429 624 stolorum
455 562 608 618 Petri
635 568 688 614 et
718 559 886 624 Pauli,
917 571 1072 626 quam
1103 555 1322 609 Rulinus
1351 559 1759 613 construxerat,

199 657 448 730 Synodum
467 651 703 722 collegit,
725 659 923 704 etcum
953 647 1168 713 Acacio,
1188 645 1477 701 Severiano
1505 652 1561 700 et
1587 641 1764 697 Antio-

207 751 299 804 cho
317 747 544 811 iniquum
571 741 894 813 propositum
921 737 1172 808 explevit.

269 837 400 894 Nihil
443 836 514 891 ibi
555 835 622 889 de
662 833 904 902 Origeuis
934 829 1145 898 scriptis
1188 827 1240 880 in
1279 825 1456 880 medio
1500 823 1760 894 prolatum

209 933 312 997 fuit,
337 928 460 985 nihil
484 927 550 982 de
574 924 844 980 Fratribus
867 923 1064 990 Longis
1089 919 1370 974 Ammonio
1397 927 1453 973 et
1477 917 1616 981 aliis,
1644 932 1763 986 quae

211 1033 365 1076 tamen
403 1034 502 1073 una
544 1016 799 1077 hactenus
839 1011 1138 1080 TheOphilo
1179 1010 1389 1064 fuerant
1425 1007 1760 1078 querelarum

210 1126 350 1169 causa
375 1127 388 1163 :
417 1124 516 1178 pax
549 1105 684 1160 facta
729 1119 852 1160 eum
895 1104 1002 1158 illis
1041 1109 1174 1156 erat.
1221 1098 1608 1156 Consceleratis
1643 1111 1764 1152 sese

209 1203 426 1272 adjunxit
452 1198 694 1270 Cyrinus,
726 1194 1080 1252 Chalcedonis
1114 1194 1417 1262 cpiscopus,
1447 1206 1604 1260 quem
1630 1188 1772 1242 vidi—'

211 1309 314 1350 mus
348 1309 412 1348 ex
449 1291 734 1360 improviso
778 1287 1034 1342 Maruthae
1070 1300 1256 1356 gressu
1298 1283 1444 1352 pedis
1489 1280 1764 1336 doloribus

209 1387 534 1450 laborantem,
560 1382 648 1452 qui
673 1390 796 1436 tunc
822 1394 920 1434 nec
948 1377 1118 1432 morbi
1143 1377 1327 1431 dolore
1351 1373 1687 1444 prrcpcditus,
1709 1373 1761 1426 in

210 1476 437 1532 Joannem
467 1488 561 1528 ceu
590 1471 760 1526 hostis
798 1467 1084 1524 insurrexit
1127 1465 1374 1538 (Sozam.
1401 1466 1438 1519 t.
1469 1465 1523 1520 8.
1553 1480 1600 1518 c.
1631 1463 1697 1518 l6
1717 1462 1759 1535 ).

212 1568 324 1622 Illud
347 1582 487 1630 vero,
513 1573 568 1618 ut
592 1560 818 1632 carptim
845 1561 1039 1625 dicam,
1062 1574 1169 1614 non
1192 1558 1407 1626 impune
1431 1555 1555 1610 iecit
1583 1573 1594 1607 :
1626 1563 1762 1624 post-

209 1673 262 1712 ea
296 1658 425 1711 enim
467 1669 588 1709 cum
629 1652 768 1707 male
811 1651 1065 1712 haberet,
1091 1663 1216 1704 crus
1241 1648 1290 1703 ei
1323 1662 1466 1716 saepe
1489 1661 1518 1700 a
1545 1644 1763 1700 medicis

210 1750 466 1803 disse-tum
495 1754 596 1802 est.
623 1743 1014 1815 Superveniens
1041 1741 1182 1797 enim
1207 1739 1428 1810 putredo
1455 1747 1622 1794 totum
1645 1752 1760 1793 cor-

211 1853 296 1907 pus
315 1838 721 1906 depascebatur;
748 1835 883 1890 adeo
917 1843 976 1888 ut
1001 1833 1137 1888 alter
1155 1847 1366 1902 quoque
1391 1846 1484 1901 pes
1509 1831 1645 1885 idem
1671 1845 1764 1900 pa-

212 1937 389 1983 teretur
409 1943 468 1982 ex
499 1935 681 1982 mutua
710 1925 910 1980 doloris
936 1923 1437 1985 communicatione,
1465 1931 1628 1991 atque
1653 1936 1762 1976 non

208 2021 352 2074 multo
387 2027 500 2089 post
533 2020 588 2072 iu
615 2017 886 2073 doloribus
910 2016 1202 2072 exstinctus
1228 2024 1329 2070 est.
1369 2013 1451 2070 Ad
1498 2013 1766 2083 Theophi-

208 2110 299 2164 lum
327 2110 443 2164 item
469 2109 670 2164 defecit
697 2108 893 2163 Paulus
923 2107 1296 2172 Heracleotes,
1339 2105 1428 2175 qui
1459 2119 1562 2159 non
1598 2103 1762 2159 semel

207 2217 232 2258 a
260 2201 444 2258 Joanne
483 2202 534 2256 in
585 2200 809 2271 negotiis
847 2199 1114 2254 adhibitus
1153 2197 1344 2253 fuerat.
1388 2195 1524 2264 Quid
1550 2195 1593 2249 si
1623 2195 1766 2250 dica-

207 2307 324 2358 mus,
361 2307 474 2345 cum
521 2289 826 2358 'l‘heOphilo
866 2296 1054 2356 patruo
1098 2302 1196 2340 suo
1237 2285 1467 2340 adfuisse
1509 2283 1763 2354 Cyrillum

207 2381 439 2452 juvenem,
467 2383 554 2452 qui
596 2391 772 2450 postea
801 2377 1098 2446 TltcOpbilo
1125 2377 1398 2442 successit,
1427 2391 1487 2430 ac
1525 2374 1763 2428 doctrina

206 2475 638 2544 tinctimoniaque
661 2471 888 2528 celebris
919 2471 1046 2526 fuit?

263 2562 641 2620 Crimiuationes
687 2571 863 2616 contra
905 2559 1316 2631 Chrysostomum
1355 2555 1556 2610 oblatio.
1586 2584 1658 2594 -—
1699 2553 1762 2606 lli

205 2657 339 2712 simul
359 2656 590 2726 judiccs,
621 2662 956 2710 accusatores
984 2659 1038 2706 et
1076 2658 1238 2704 testes
1273 2657 1458 2711 erant,
1487 2645 1573 2701 vel
1604 2654 1765 2698 testes

207 2750 344 2806 falsos
373 2751 698 2806 advocarant
739 2745 996 2817 (Photius
1037 2739 1278 2796 Biblioth.
1307 2739 1419 2794 cod.
1453 2737 1597 2808 cur).
1635 2736 1766 2790 Tre-

205 2841 352 2896 decim
381 2841 488 2894 haec
511 2838 819 2894 actionibus
847 2843 1054 2905 peracta
1085 2842 1208 2888 sunt
1233 2851 1246 2887 :
1271 2829 1548 2887 duodecim
1574 2842 1766 2900 nempe

205 2941 366 2985 contra
391 2932 659 2986 Joannem
698 2927 916 2998 prolata:
959 2933 1116 2992 sunt,
1162 2925 1315 2979 tertia
1345 2921 1552 2978 decima
1580 2928 1764 2976 contra

209 3021 493 3078 Heracliden
520 3028 666 3084 erat,
695 3034 853 3088 quem
886 3016 1130 3086 Ephesiis
1153 3014 1242 3069 ille
1261 3013 1532 3067 ordinarat
1556 3011 1770 3082 cpiscoo

207 3127 310 3180 pum
338 3131 350 3166 :
379 3111 522 3182 cujus
553 3120 738 3166 tamen
765 3107 1150 3178 depositiouem
1181 3104 1464 3158 invalidam
1501 3101 1724 3156 reddere
1746 3141 1762 3166 ,

205 3201 306 3255 aliis
328 3202 598 3257 nonnullis
627 3197 1050 3269 prohibentibus,
1079 3195 1296 3250 minime
1321 3199 1624 3262 potuerunt.
1656 3191 1764 3246 lle-

205 3293 394 3347 raclida:
409 3301 593 3348 autem
615 3297 890 3344 accusator
915 3288 1010 3341 l‘uit
1035 3285 1310 3349 Macarius,
1333 3283 1628 3352 Magnetum
1650 3281 1766 3350 epi-

205 3397 391 3450 scopus.
451 3381 681 3438 Joannis
726 3394 854 3434 vero
916 3373 1278 3448 Chrysostomi
1340 3381 1616 3428 accusator
1673 3369 1771 3424 fuit

203 3470 408 3528 Joannes
437 3474 728 3538 Diaconus,
761 3469 991 3539 cpiscOpi
1033 3467 1114 3522 sui
1153 3466 1323 3536 palam
1351 3463 1538 3529 hostis,
1563 3463 1652 3532 qui
1683 3477 1770 3517 se-

205 3576 402 3632 quentes
427 3564 835 3622 criminationes
869 3561 920 3616 iu
961 3560 1220 3616 Joannem
1247 3557 1551 3626 episcopum
1573 3554 1766 3608 attulit.

267 3657 334 3710 l".
373 3657 520 3724 Quod
547 3671 616 3710 se
641 3670 672 3710 e
700 3654 980 3709 diaconatu
1008 3650 1316 3715 amovisset,
1345 3648 1468 3719 quia
1498 3648 1613 3716 ipse
1641 3660 1770 3716 pue-

204 3759 305 3799 rum
326 3761 473 3802 suum
502 3745 860 3802 domesticum
883 3743 1272 3798 verberaverat.

263 3835 334 3891 2°.
362 3837 507 3906 Quod
535 3836 778 3890 Joannes
799 3833 1013 3904 quidam
1042 3830 1328 3885 Monachus
1353 3828 1502 3899 jussu
1533 3826 1649 3896 ejus
1673 3841 1766 3879 va-

203 3925 444 3994 pulasset,
494 3932 876 3996 raptatusquc,
925 3935 989 3976 ac
1032 3935 1154 3976 cum
1202 3918 1544 3974 daemoniacis
1583 3926 1770 3972 catena

202 4012 353 4070 ferrea
374 4016 702 4070 constrictus
733 4012 938 4066 luisset.

265 4106 336 4161 5°.
363 4107 512 4173 Quod
532 4105 871 4164 cimeliorum
903 4097 1200 4175 (Ecclesiaa)
1234 4111 1479 4169 magnam
1506 4095 1614 4149 vim
1643 4109 1773 4149 ven—

201 4197 419 4254 didisset.

263 4291 336 4344 t'.
364 4290 512 4356 Quod
560 4299 856 4350 marmora,
897 4298 1014 4354 quae
1055 4281 1331 4336 Nectarius
1371 4275 1659 4344 reliquerat
1704 4273 1769 4327 ad

203 4387 476 4438 Ornandam
515 4389 720 4436 sancta:
760 4374 1053 4432 Anastasio:
1097 4369 1379 4428 ecclesiam
1401 4409 1416 4436 ,
1445 4368 1558 4438 ipse
1584 4366 1770 4420 vcndi-

203 4476 346 4530 derit.

266 4567 342 4622 5°.
388 4568 540 4634 Quod
587 4563 816 4620 clericos
857 4559 1151 4632 appellaret
1175 4556 1330 4624 viles,
1361 4559 1659 4623 corruptos,
1691 4549 1772 4603 in-

204 4661 366 4726 mites,
400 4660 738 4714 triobolares.

269 4751 343 4804 6°.
389 4751 542 4819 Quod
585 4749 644 4804 S.
677 4744 1031 4817 Epiphanium
1060 4741 1286 4798 delirum
1325 4734 1688 4810 appellaverit,
1725 4741 1778 4788 et

205 4855 410 4908 parvum
438 4841 782 4896 dmmouium.

271 4932 344 4986 7°.
367 4932 520 5000 Quod
549 4929 840 4986 Severiano
867 4924 1083 4982 insidias
1107 4921 1390 4983 struxerit,
1423 4915 1651 4972 incitatis
1687 4913 1780 4968 ad-

206 5037 382 5078 versus
411 5023 563 5077 illum
591 5019 824 5075 decanis.

270 5113 344 5168 8°.
389 5111 542 5182 Quod
573 5118 756 5166 contra
791 5108 995 5163 clerum
1035 5103 1225 5158 librum
1263 5097 1624 5172 sycophantiis
1666 5093 1779 5164 ple-

207 5220 322 5257 tuun
348 5203 647 5274 scripserit.

273 5297 350 5350 9°.
377 5295 533 5363 Quod
565 5295 724 5349 totius
751 5291 881 5348 cieri
906 5298 1170 5345 conventu
1199 5285 1336 5340 facto
1355 5325 1368 5349 ,
1401 5291 1506 5338 tres
1531 5281 1783 5335 diaconos

209 5386 408 5452 citarit,
455 5387 731 5451 Acacium,
777 5380 1072 5451 Edaphium
1112 5387 1164 5432 et
1203 5375 1496 5436 Joannem,
1539 5379 1594 5426 et
1637 5368 1785 5438 quasi

212 5475 479 5532 humcrale
534 5492 689 5531 suum
739 5473 898 5530 furati
951 5479 1164 5536 essent,
1207 5466 1504 5528 accusavit,
1543 5477 1786 5532 qua‘rens

213 5577 380 5626 utrum
409 5571 476 5626 ad
505 5570 667 5626 alium
693 5569 920 5637 aliquem
943 5579 1094 5618 usum
1127 5562 1254 5616 illud
1285 5559 1571 5628 cepissent.

280 5660 390 5716 10⁸.
421 5657 580 5728 Quod
605 5657 912 5720 Antonium,
941 5653 1304 5722 sepulcrorum
1329 5647 1634 5701 violatorem
1664 5657 1790 5697 con-

217 5751 429 5820 victum,
460 5735 769 5820 episcopum
801 5743 1143 5804 ordinaverit.

1347 346 1528 405 NUNC
1565 345 1834 402 PRIMUM
1872 346 2264 403 ADORNATA.

3351 360 3451 418 198

1944 458 2054 514 11⁸.
2086 461 2236 528 Quod
2263 461 2519 518 Joannem
2545 466 2792 522 comitem
2841 467 2894 522 in
2932 468 3157 525 militum
3189 472 3451 530 seditione

1944 549 2183 604 ediderit.

1871 549 2183 618 prodiderit.

1942 640 2054 694 12⁸.
2105 642 2257 709 Quod
2305 657 2477 714 neque
2514 645 2567 699 in
2607 646 2886 702 ecclesiam
2921 651 3244 720 ingrediens,
3279 669 3453 726 neque

1871 732 2074 798 exiens,
2099 742 2426 802 precaretur.

1939 823 2054 876 43°.
2076 823 2232 890 Quod
2257 825 2372 880 sine
2394 827 2548 881 altari
2571 825 2916 884 diaconorum
2942 840 2996 887 et
3017 834 3450 908 presbyterorum

1869 913 2233 970 ordinationes
2260 917 2464 972 fecerit.

1940 1003 2052 1058 14⁸.
2079 1003 2233 1070 Quod
2259 1019 2362 1061 una
2389 1007 2722 1065 ordinatione
2745 1020 2975 1082 quatuor
2990 1014 3148 1070 simul
3170 1017 3452 1087 episc0pos

1868 1097 2086 1150 crearit.

1940 1186 2052 1240 15°.
2079 1185 2230 1255 Quod
2249 1189 2502 1245 mulieres
2521 1191 2832 1262 susciperet,
2857 1193 3001 1249 solus
3019 1209 3139 1250 cum
3167 1197 3314 1262 solis,
3337 1199 3454 1254 aliis

1868 1277 2116 1331 omnibus
2143 1277 2286 1334 t‘oras
2313 1280 2541 1336 emissis.

1941 1369 2054 1424 lluc
2099 1372 2366 1440 respicere
2409 1371 2617 1426 videtur
2659 1373 2799 1444 quod
2842 1375 2916 1428 ait
2957 1373 3366 1448 Chrysostomus
3401 1381 3455 1434 in

1867 1459 2104 1530 Epistula
2157 1464 2222 1518 ad
2267 1463 2570 1534 Cyriacum,
2603 1473 2748 1519 tomo
2785 1469 2987 1523 tertio:
3037 1469 3166 1534 Quin
3208 1451 3287 1524 me
3327 1489 3458 1541 quo-

1867 1569 1962 1622 que
2015 1570 2132 1606 cum
2197 1555 2404 1609 muliere
2470 1557 2796 1611 concubuisse
2862 1558 3210 1614 criminantur.
3271 1560 3454 1615 Exuit:

1869 1633 2055 1712 corpus
2107 1660 2272 1698 meum
2301 1687 2314 1709 ,
2353 1655 2403 1700 et
2461 1647 2795 1701 membrorum
2846 1650 3280 1718 mortiﬁcationem
3338 1668 3457 1722 rcpe

1865 1736 2021 1788 rietis.

1939 1825 2049 1880 16°.
2077 1825 2228 1894 Quod
2256 1826 2617 1883 brercditatem
2638 1843 2666 1881 a
2689 1828 2882 1882 Thecla
2904 1830 3140 1885 relictam
3163 1847 3259 1900 per
3279 1833 3456 1887 Theo-

1874 1915 2054 1969 dulum
2085 1916 2400 1970 vendiderit.
3037 1935 3042 1938 ·

1941 2003 2052 2059 17⁰.
2089 2005 2240 2073 Quod
2300 2006 2553 2062 Ecclesiae
2609 2007 2813 2062 reditus
2870 2024 3028 2065 nemo
3091 2013 3295 2065 noverit
3352 2027 3458 2082 quo

1871 2103 2083 2160 abeant.

1941 2194 2054 2250 18⁸.
2087 2194 2238 2260 Quod
2261 2195 2624 2265 Serapionem.
2645 2195 2697 2250 in
2723 2196 2923 2252 crimen
2950 2205 3212 2264 vocatum,
3241 2199 3461 2270 presby-

1872 2291 2042 2338 terum
2069 2285 2412 2340 nrdinaverit.

1949 2377 2055 2432 l9°.
2088 2377 2236 2443 Quod
2268 2392 2381 2443 eos,
2409 2379 2497 2448 qui
2526 2393 2646 2432 cmn
2673 2387 2785 2434 toto
2813 2380 2942 2434 orbe
2961 2381 3422 2434 communicabant
3441 2422 3458 2446 ,

1871 2467 2034 2535 ipsius
2062 2469 2321 2521 sententia
2359 2467 2594 2524 inclusos
2616 2477 2671 2523 et
2697 2470 2747 2522 in
2775 2485 2990 2524 carcere
3017 2471 3293 2536 defunctos
3323 2485 3456 2524 cnn-

1874 2559 2190 2626 tetnpscrit;
2221 2559 2290 2612 ita
2333 2569 2389 2613 ut
2421 2574 2490 2614 nc
2517 2575 2739 2629 corpora
2780 2561 2990 2630 quidem
3023 2561 3254 2630 ipsorum
3284 2561 3462 2630 sepul-

1877 2657 2008 2703 turae
2037 2651 2290 2706 mandare
2317 2651 2560 2720 dignatus
2589 2653 2677 2706 sit.

1944 2739 2058 2794 620°.
2091 2741 2241 2806 Quod
2271 2743 2662 2796 sanctissimum
2694 2743 2942 2797 Acacium
2975 2743 3163 2813 injuria
3188 2742 3456 2808 alieccrit,

1873 2839 1927 2884 et
1955 2844 2023 2884 ne
2049 2830 2114 2886 ad
2144 2831 2466 2900 colloquium
2497 2833 2710 2902 quidem
2742 2833 2911 2902 ipsum
2956 2833 3248 2888 admiserit.

1943 2921 2055 2978 21°.
2101 2921 2252 2989 Quod
2303 2924 2651 2996 Porphyrium
2698 2925 3068 2996 presbyterum
3099 2926 3372 2996 Eutropio,
3407 2935 3463 2982 ut

1872 3013 1929 3072 in
1957 3015 2197 3069 exsilium
2229 3015 2536 3083 pelleretur,
2580 3016 2872 3069 tradiderit.

1944 3105 2057 3160 ΞΥ.
2089 3105 2238 3172 Quod
2268 3105 2552 3160 Venerium
2600 3107 2722 3159 item
2764 3106 3130 3176 presbyterum
3171 3123 3292 3160 cum
3329 3121 3460 3161 cou-

1878 3195 2094 3249 tumclia
2128 3196 2288 3249 multa
2322 3194 2614 3248 tradiderit.

1945 3283 2060 3338 25°.
2111 3283 2261 3351 Quod
2308 3285 2382 3338 illi
2429 3285 2524 3338 soli
2572 3283 2816 3338 balneum
2867 3285 3236 3350 succendatur,
3277 3296 3332 3342 et
3373 3289 3460 3343 ubi

1874 3374 2102 3442 laverit,
2150 3375 2404 3446 Serapion
2466 3377 2664 3430 aditqu
2728 3377 2955 3443 claudat,
3015 3387 3070 3431 ut
3121 3379 3256 3433 alius
3305 3395 3464 3436 nemo

1851 3465 2034 3522 .lavet.

1943 3557 2061 3614 24⁸.
2090 3557 2239 3624 Quod
2269 3559 2384 3613 sine
2415 3558 2633 3612 testibus
2661 3558 2856 3612 umltos
2881 3558 3155 3612 ordinarit.

1949 3650 2067 3706 25°.
2101 3651 2250 3720 Quod
2281 3652 2425 3705 solus
2461 3651 2582 3705 edat
2611 3651 3042 3720 intemperanter,
3067 3651 3354 3723 Cyclopum
3385 3653 3462 3705 vi-

1877 3750 1984 3796 tam
2013 3757 2196 3812 agens.

1945 3831 2059 3886 ‘26".
2093 3831 2243 3898 Quod
2287 3832 2398 3901 ipse
2424 3841 2654 3896 accuset,
2683 3832 2854 3898 sitque
2883 3831 3030 3884 testis
3065 3839 3117 3884 et
3137 3831 3300 3900 judex
3352 3831 3464 3886 Pla-

1883 3937 2116 3992 uumque
2142 3921 2194 3976 id
2224 3935 2344 3977 esse
2369 3937 2434 3977 ex
2475 3921 2560 3986 iis,
2591 3937 2709 3990 quae
2755 3937 2874 3976 cum
2917 3921 3167 3991 Martyrio
3195 3923 3464 3991 proludia-

1879 4026 2037 4078 couo,
2077 4021 2130 4066 ct
2171 4011 2524 4077 Prohmresio,
2556 4011 2728 4084 Lycia:
2755 4011 3022 4081 episcopo,
3053 4021 3197 4082 gesta
3228 4011 3465 4067 referun-

1879 4111 1980 4156 tur.

1948 4191 2066 4244 27°.
2125 4189 2279 4256 Quod
2330 4189 2661 4244 Memnonem
2708 4189 2758 4240 in
2803 4188 3029 4242 ecclesia
3065 4189 3464 4256 .Apostolorum

1878 4296 2054 4350 pugno
2083 4279 2418 4350 percusserit,
2451 4287 2505 4332 et
2545 4278 2798 4347 sanguine
2823 4290 2890 4330 ex
2918 4292 3011 4331 ore
3049 4287 3314 4342 manante,
3345 4295 3462 4350 my-

1879 4371 2040 4424 Steria
2073 4377 2250 4422 tamen
2279 4367 2548 4420 obtulerit.

1952 4459 2070 4516 28°.
2105 4460 2257 4527 Quod
2309 4461 2359 4512 in
2410 4461 2600 4514 throno
2644 4467 2927 4514 exuerctur
2967 4465 3022 4512 et
3061 4457 3384 4524 inducretur,
3415 4469 3465 4515 et

1882 4550 2150 4619 pastillum
2180 4549 2380 4602 ederet.

1951 4642 2066 4696 29°.
2095 4640 2246 4708 Quod
2274 4640 2535 4709 episcopis
2575 4639 2640 4694 ab
2665 4655 2722 4693 se
2751 4639 3008 4694 ordinatis
3033 4639 3282 4708 pecunias
3313 4639 3471 4710 largi-

1883 4742 2050 4796 retur,
2076 4739 2134 4784 ut
2155 4745 2252 4800 per
2282 4729 2400 4784 illos
2426 4728 2634 4784 Clcrum
2663 4730 3008 4799 cpprimcret.

1957 4821 2342 4891 Cltrysostomus
2361 4820 2430 4872 ad
2456 4817 2724 4886 Synodum
2776 4825 2989 4870 cooritur.
3010 4816 3214 4870 abnuit.
3238 4847 3308 4860 —-
3380 4819 3470 4874 llis

1885 4913 2077 4966 oblatis
2115 4910 2510 4964 accusationum
2541 4907 2822 4976 capitibus,
2851 4905 3175 4977 Theophilus
3201 4916 3255 4960 et
3291 4911 3467 4962 caeteri

1887 5005 2120 5074 episcopi
2153 5000 2427 5073 Synodum
2451 5001 2856 5064 constituentes,
2885 5000 3142 5054 Joannem
3165 4999 3394 5052 citarunt
3415 5007 3470 5052 ut

1888 5095 1954 5148 ad
1979 5093 2249 5163 Synodum
2279 5098 2611 5158 compareret
2655 5088 2895 5157 (Plautius
2919 5107 2972 5160 p.
3000 5091 3068 5145 55
3095 5098 3138 5142 et
3164 5105 3301 5158 seqq.
3336 5088 3460 5142 Pul-

1891 5186 1993 5238 lad.
2052 5180 2302 5252 Dialog.).
2352 5181 2518 5235 Erant
2557 5190 2681 5236 tunc
2719 5197 2838 5236 cum
2879 5181 3084 5237 Joanne
3126 5181 3468 5250 quadraginta

1891 5275 2142 5345 episcopi,
2190 5273 2439 5328 sedentes
2482 5273 2534 5327 in
2587 5273 2816 5328 triclinio
2865 5272 3150 5342 cpiscepii,
3201 5281 3472 5342 stupentes

1891 5364 2159 5434 quomodo
2199 5377 2340 5425 rcus,
2372 5370 2425 5418 et
2459 5373 2674 5434 pr0ptcr
2716 5363 2936 5418 crimina
2974 5362 3116 5416 solus
3145 5361 3211 5414 ad
3240 5359 3474 5414 Comita-

1895 5467 2002 5510 tnm
2033 5465 2086 5508 ct
2127 5453 2456 5523 Imperialcm
2495 5454 2760 5509 civitatem
2803 5452 2984 5507 venire
3019 5451 3220 5520 jussus,
3249 5467 3368 5506 cum
3399 5461 3475 5509 tot

1893 5549 2158 5618 episcopis
2183 5547 2486 5602 advenisset
2514 5564 2527 5600 :
2559 5561 2663 5616 quo
2707 5554 2860 5616 pacto
2889 5544 3182 5614 principum
3209 5552 3262 5599 ct
3304 5546 3475 5615 magi-

1895 5648 2154 5694 stratuum
2203 5637 2491 5692 sententias
2531 5636 2706 5690 subito
2751 5641 3167 5701 commutasset,
3213 5635 3504 5706 plerisque.

1898 5739 1962 5786 (te
1991 5729 2148 5784 Clem
2180 5730 2274 5800 ipsi
2305 5726 2674 5782 annitentibus.
2711 5725 2899 5780 Verum
2948 5740 3078 5780 auro
3107 5725 3282 5782 omnia
3310 5739 3471 5796 prona
