3948 6404
457 324 562 379 199

449 456 501 498 et
531 440 704 496 facilia
744 436 1055 494 redduntur.
1090 434 1295 490 Interea
1339 448 1469 489 vero
1511 432 1748 489 Joannes
1772 448 1801 486 a
1828 431 2045 503 Synodo

447 536 512 591 ad
546 534 811 601 Quereum
842 529 1035 584 citatur
1057 536 1115 585 et
1134 542 1446 596 comparere
1466 526 1700 597 iubetur.
1742 525 2050 596 RcSpondet

449 625 536 679 ille
566 643 580 676 :
614 622 677 679 Si
701 632 902 690 apertos
930 621 1096 675 hostes
1120 636 1184 675 ea:
1214 618 1452 690 judicnm
1481 618 1659 672 ordine
1677 618 2044 684 submoveritis,

448 724 633 787 prwsto
683 731 816 781 sum,
871 730 1048 785 meque
1094 712 1306 776 sistam;
1336 720 1410 775 ut,
1440 711 1488 764 si
1532 712 1642 781 quis
1693 727 1773 764 me
1800 720 2043 777 accuset,

446 821 655 859 euersam
675 806 843 859 dicant
869 821 888 859 :
913 807 994 858 sin
1030 804 1087 857 id
1112 803 1279 869 facere
1303 802 1710 867 detrectaveritis,
1741 805 1933 872 quoties
1969 803 2046 855 ci-

446 897 634 962 ιώὶιὶε,
665 896 793 951 nihil
820 895 1113 966 proﬁcietis.
1147 894 1224 948 llli
1264 909 1391 949 vero
1417 909 1552 964 quos
1588 893 1801 949 excludi
1830 893 2044 948 volebat

444 996 598 1044 erant
661 986 1023 1059 Theophilus,
1068 984 1426 1053 Severianus,
1472 984 1700 1041 Aeacius
1758 992 1814 1039 et
1857 984 2043 1039 Antio—

444 1079 598 1134 chus.

520 1172 701 1227 Primo
739 1171 1112 1228 examinarunt
1151 1179 1312 1241 caput
1354 1169 1585 1240 primum
1623 1177 1678 1225 et
1706 1167 1996 1224 secundum
2026 1207 2042 1233 ,

448 1280 569 1335 qua:
609 1264 868 1321 Joannem
896 1264 1178 1321 diaconum
1205 1273 1261 1319 et
1282 1263 1543 1319 Joannem
1574 1261 1889 1317 Monachum
1919 1276 2046 1332 spe-

449 1359 685 1413 etabant.
714 1358 849 1412 Hinc
877 1364 1156 1426 creperum
1177 1362 1363 1410 contra
1388 1353 1710 1410 Heracliden
1737 1352 1954 1423 Ephesi,
1993 1361 2048 1407 et

451 1451 744 1507 Palladium
774 1450 1167 1520 Helenopoleos
1191 1452 1473 1518 eplscopos
1497 1447 1785 1517 inquirere.
1811 1445 2045 1501 Joannes

447 1558 578 1597 vero
620 1540 932 1608 Monachus,
972 1541 1063 1611 qui
1110 1540 1162 1595 in
1192 1538 1429 1595 secundo
1453 1539 1625 1606 capite
1651 1551 1811 1605 supra
1838 1551 2044 1592 memo-

448 1646 626 1696 ratur,
672 1632 907 1688 libellum
957 1631 1168 1697 obtulit,
1216 1644 1473 1685 accusans
1519 1628 1855 1693 Heracliden,
1902 1627 2043 1698 quod

445 1721 747 1793 Origenisla
774 1730 935 1786 esset,
963 1731 1014 1776 et
1055 1720 1195 1790 quod
1222 1719 1480 1775 Caesarea:
1504 1719 1801 1775 Palaestina:
1827 1717 1879 1772 in
1904 1718 2044 1772 furto

446 1811 812 1883 deprehensus
841 1811 1051 1878 fuisset,
1081 1810 1313 1882 Aquilini
1342 1810 1553 1866 diaconi
1594 1811 1910 1864 vestimenta
1958 1808 2043 1862 fu—

445 1912 593 1959 ratus
624 1920 637 1957 :
668 1912 716 1957 et
758 1902 984 1974 quamvis
1033 1902 1150 1956 talis
1197 1910 1356 1966 esset,
1406 1900 1600 1971 inquit,
1629 1900 1856 1954 Joannes
1898 1899 2044 1953 illum

447 1992 641 2061 Ephesi
668 1992 960 2064 episcopum
978 1991 1249 2046 ordinavit.
1277 1991 1573 2046 Accusabat
1601 1999 1857 2060 praeterea
1882 1989 2043 2044 Joan-

444 2098 591 2151 nem,
623 2082 766 2153 quod
797 2082 960 2137 multa
992 2081 1131 2137 mala
1184 2080 1335 2153 (Hac
1372 2082 1546 2135 vitiata
1573 2080 1826 2151 videntur)
1854 2081 2043 2151 Orige-

446 2177 704 2232 nistarum
732 2190 893 2231 causa
918 2188 1107 2245 passus
1136 2181 1300 2240 esset,
1329 2188 1426 2244 per
1475 2172 1844 2244 Serapionem,
1875 2171 2044 2242 quod-

442 2283 548 2337 que
609 2268 755 2322 illum
821 2267 1077 2323 misisset.
1147 2267 1352 2323 Horum
1415 2267 1692 2338 praemisso
1751 2268 2039 2334 examine,

443 2359 749 2428 inquisitum
776 2368 858 2413 est
880 2357 1074 2413 deinde
1104 2358 1155 2412 in
1186 2366 1347 2428 caput
1371 2372 1571 2413 nonum
1599 2359 1995 2414 accusationum
2020 2401 2037 2426 ,

442 2447 584 2517 quod
612 2456 721 2503 tres
747 2447 1002 2503 diaconos
1031 2447 1098 2503 de
1129 2447 1269 2502 furto
1298 2447 1589 2502 humeralis
1615 2448 1696 2503 sui
1735 2449 2039 2504 accusavis-

441 2547 557 2601 set;
589 2547 642 2593 et
666 2538 978 2610 vigesimum
1006 2540 1312 2610 septimum,
1338 2541 1478 2611 quod
1504 2540 1838 2597 Memnonem
1860 2557 2041 2614 pugno

440 2631 811 2698 percussisset,
843 2640 948 2687 etc.

508 2722 643 2776 Aliae
661 2723 713 2776 in
746 2722 1158 2794 Clirysostomnm
1185 2724 1579 2779 criminationes.
1607 2755 1679 2765 —
1707 2725 1898 2781 Postea
1922 2743 2041 2781 rur-

435 2828 553 2866 sum
574 2802 815 2884 lsaacius
838 2814 1145 2884 episc0pum
1174 2813 1489 2869 Heracliden
1520 2815 1786 2869 accusavit
1813 2824 1873 2870 ut
1913 2815 2037 2872 Ori-

434 2906 732 2975 genistam,
781 2905 871 2975 qui
925 2921 955 2958 a
1009 2905 1346 2959 sanctissimo
1403 2905 1702 2976 Epiphanio
1760 2922 1934 2977 neque
1984 2908 2036 2962 in

438 2996 779 3063 precationis,
825 3012 999 3068 neque
1040 2997 1106 3051 ad
1158 3012 1357 3052 mensa:
1403 2999 1730 3053 consortium
1771 2999 2036 3056 admissus

440 3084 646 3141 fuisset.
681 3086 905 3142 Protulit
930 3088 1068 3142 idem
1100 3087 1329 3143 lsaacius
1352 3088 1587 3143 libellum
1633 3099 1818 3145 contra
1856 3090 2035 3162 Chry-

434 3184 751 3244 sostomum,
779 3176 894 3234 haec
934 3179 1321 3234 continentem.

506 3268 582 3321 1°.
620 3269 691 3323 De
716 3268 922 3324 Joanne
950 3269 1209 3324 Mouacho
1235 3272 1343 3340 jam
1375 3282 1696 3339 memorato,
1723 3273 1865 3344 quod
1906 3288 2033 3346 pro-

431 3368 552 3429 pter
576 3358 904 3430 Origenistas
930 3362 1234 3429 vapulasset
1257 3372 1310 3417 et
1336 3362 1476 3418 ferro
1508 3365 1716 3419 vinctus
1754 3364 1958 3421 fuisset.

498 3452 578 3504 2⁸³.
605 3452 756 3519 Quod
783 3453 845 3507 Β.
893 3452 1227 3522 Epiphanius
1273 3466 1491 3525 propter
1535 3457 1634 3512 hos
1659 3456 1987 3529 Origenistas
2011 3503 2026 3525 ,

431 3543 798 3609 Ammoniutn,
842 3541 1211 3614 Euthymium,
1255 3544 1569 3614 Eusebium,
1618 3548 1933 3606 Heracliden
1978 3561 2032 3606 et

431 3631 743 3697 l‘ulladium,
774 3647 896 3687 cum
923 3633 1015 3687 illo
1046 3634 1303 3690 noluisset
1328 3639 1741 3695 communicare.

499 3719 576 3775 5°.
608 3721 761 3789 Quod
805 3721 1248 3795 hospitalitatem,
1279 3726 1426 3782 solus
1451 3729 1691 3798 quotidie
1715 3732 2025 3800 comedens,

426 3811 749 3879 despiceret.

495 3905 576 3958 4⁸³.
606 3905 760 3971 Quod
790 3905 844 3960 in
869 3906 1094 3963 ecclesia
1118 3908 1340 3966 dixisset
1360 3910 1594 3967 Mensam
1621 3927 1743 3968 esse
1770 3912 2025 3971 furiarum

427 3996 658 4063 plenam.
1444 4070 1448 4074 θ

602 4087 755 4154 Quod
799 4089 852 4143 in
895 4090 1118 4148 ecclesia
1159 4093 1437 4164 gloriando
1474 4094 1698 4151 dixisset
1730 4114 1845 4153 nino
1873 4109 1920 4153 ct
1947 4100 2027 4154 in-

417 4180 582 4233 sanio.
852 4231 857 4235 .

489 4271 587 4326 llic
614 4282 799 4330 notare
826 4276 1035 4333 videtur
1071 4278 1278 4334 initium
1312 4282 1543 4337 humilia:
1571 4283 1709 4337 illius
1738 4285 2024 4356 singularis

420 4376 575 4416 antea
606 4365 838 4431 inediltn,
890 4385 1048 4439 quam
1083 4373 1286 4438 habuit,
1320 4384 1599 4445 postquam
1649 4377 1886 4433 Eudoxia
1920 4380 2023 4434 lm-

422 4453 689 4520 peratrice
709 4457 1003 4514 comitante
1031 4469 1084 4514 et
1126 4461 1348 4530 pedibus
1391 4465 1494 4517 iter
1533 4476 1724 4534 agente
1750 4468 2021 4539 Reliquias

424 4551 717 4613 martyrum
750 4548 1093 4603 transtulerat
1134 4551 1187 4605 in
1227 4553 1510 4608 ecclesiam
1558 4571 1746 4612 novem
1777 4561 2019 4618 milliari-

421 4633 519 4685 lms
558 4633 1019 4708 Constantinopoli
1047 4641 1356 4697 distantem.
1397 4645 1485 4700 Sic
1528 4649 1670 4702 enim
1701 4651 1751 4704 iu
1793 4652 2017 4708 ecclesia

418 4723 504 4776 ilia
554 4722 827 4780 Itomiliam
872 4728 1073 4800 incipit,
1127 4732 1261 4799 Quid
1312 4735 1499 4802 dicam,
1543 4747 1591 4792 et
1633 4743 1753 4808 quia
1796 4741 2019 4811 loquar?

422 4811 641 4870 Srsntto
710 4822 761 4867 et
814 4814 1042 4873 insanio.
1078 4819 1153 4890 (Id
1184 4830 1504 4893 sequentem
1532 4825 1693 4882 etiam
1731 4833 2013 4890 articulum

413 4903 677 4977 suspicit.)

484 4995 561 5048 6°.
591 4998 740 5063 Quod
768 5003 1039 5071 explicare
1077 5005 1289 5073 debeat,
1331 5026 1450 5082 qua:
1493 5013 1600 5068 sint
1631 5015 1735 5071 iui!)
1765 5016 1935 5083 furim,
1960 5030 2014 5076 et

411 5085 538 5154 quid
592 5088 693 5142 sibi
738 5093 865 5147 velit
911 5094 1062 5162 illud,
1111 5097 1326 5155 Exsulta
1367 5113 1416 5157 et
1463 5104 1664 5160 insanio
1697 5124 1715 5161 :
1742 5108 1838 5165 has
1868 5112 2011 5166 enim

413 5175 650 5233 Ecclesia
679 5196 839 5237 voces
867 5184 1094 5255 ignorat.

478 5269 558 5323 7°.
597 5273 752 5341 Quod
783 5274 1049 5332 licentiam
1083 5284 1449 5351 peccatoribus
1479 5288 1746 5357 prmberet
1785 5292 2006 5348 dicens:

422 5354 475 5410 Si
502 5361 679 5417 iterum
710 5369 947 5434 peccasti,
980 5371 1163 5427 iterum
1198 5377 1542 5447 paenitentiam
1567 5398 1680 5449 age,
1730 5394 1775 5437 et
1817 5387 2010 5454 quoties

412 5457 711 5523 peccaveris,
742 5461 854 5515 veni
880 5463 949 5517 ad
974 5481 1054 5518 me
1080 5482 1100 5520 :
1123 5477 1171 5522 et
1203 5485 1294 5539 ego
1332 5481 1381 5524 te
1407 5474 1615 5527 sonabo.

485 5541 563 5597 8'.
596 5546 749 5611 Quod
791 5553 846 5608 in
885 5558 1117 5614 ecclesia
1160 5560 1587 5632 blasphemassct
1627 5565 1831 5637 dicens,
1855 5570 2009 5627 Chri-

412 5640 551 5685 stum
586 5649 889 5702 precantem
915 5645 1034 5702 ideo
1056 5664 1159 5704 non
1190 5652 1497 5708 exauditum
1524 5654 1706 5724 fuisse,
1736 5661 1877 5730 quod
1900 5679 2005 5719 non

414 5733 465 5771 ut
493 5724 773 5792 oportebat
800 5744 1042 5797 precatus
1064 5751 1223 5797 esset.
1754 5724 1770 5730 -
1850 5733 1862 5743 θ

1527 317 1585 374 5.
1625 314 1907 373 JOANNIS
1945 314 2422 377 CHRYSOSTOMI
2470 324 2647 390 VITA.

3657 338 3757 398 900

2229 433 2306 489 9°.
2353 437 2508 507 Quod
2535 440 2601 495 ad
2630 441 2949 502 seditionem
2991 449 3246 519 populum
3289 452 3572 522 excitaret,
3602 468 3756 513 etiarn

2154 528 2409 587 adversos
2442 532 2743 604 Synodum.

2226 622 2337 677 10°.
2370 623 2522 691 Quod
2575 627 2834 696 gentiles,
2884 632 2975 701 qui
3026 634 3192 688 multa
3243 636 3381 689 mala
3438 636 3754 696 Christianis

2154 711 2463 782 intulerant,
2496 719 2840 789 suscepisset,
2874 723 3003 778 etin
3028 722 3255 780 ecclesia
3298 726 3559 784 retineret
3602 740 3757 800 atque

2152 801 2479 859 defenderet.

2227 894 2340 948 ll°.
2385 894 2536 962 Quod
2569 897 2773 956 alienas
2818 901 3093 959 invaderet
3119 906 3443 975 provincias,
3476 919 3531 963 et
3562 910 3751 966 ibidem

2153 984 2437 1055 episcopos
2472 987 2767 1045 ordinaret.

2225 1077 2338 1131 12°.
2370 1078 2522 1144 Quod
2552 1082 2835 1153 episcopos
2859 1088 3180 1144 contumelia
3215 1091 3473 1158 afficeret,
3502 1103 3558 1148 et
3597 1099 3745 1160 ιιπιμ

2149 1172 2320 1232 γάτους
2363 1168 2519 1238 (Ηανε
2570 1188 2667 1227 eoa:
2718 1175 2893 1230 vitiata
2947 1179 3186 1252 videtur)
3235 1180 3447 1251 iuberet
3501 1185 3694 1254 expelli
3723 1201 3753 1241 e

2150 1257 2311 1313 domo
2340 1275 2460 1315 sua.

2227 1352 2343 1408 15°.
2402 1354 2553 1421 Quod
2606 1358 2833 1417 clericos
2881 1362 3147 1421 inusitatis
3189 1370 3530 1426 contumeliis
3578 1372 3752 1428 allice-

2150 1454 2253 1501 ret.

2223 1539 2336 1595 11°.
2367 1540 2519 1610 Quod
2546 1543 2775 1600 aliorum
2803 1545 3044 1617 deposita
3081 1550 3132 1605 vi
3161 1563 3391 1621 raperet.

2223 1633 2336 1686 15'.
2369 1634 2521 1701 Quod
2550 1636 2667 1693 sine
2709 1650 2972 1696 conventu
3016 1652 3072 1698 et
3111 1655 3306 1714 prater
3332 1646 3473 1720 Cleri
3503 1650 3748 1706 volunta-

2150 1730 2262 1777 tem
2288 1724 2651 1782 ordinationes
2674 1727 2893 1785 faceret.

2220 1814 2332 1871 16°.
2370 1817 2521 1885 Quod
2566 1818 2897 1891 Origenistas
2944 1824 3244 1895 reciperet,
3288 1830 3746 1889 communicantes

2149 1921 2280 1962 vero
2321 1923 2442 1963 eum
2491 1909 2754 1979 Ecclesia,
2801 1913 3010 1970 etiarnsi
3055 1917 3521 1975 commendatitias
3570 1922 3746 1978 literas

2150 1997 2425 2068 afferrent,
2460 2001 2511 2055 in
2553 2018 2829 2061 carcerem
2872 2007 3145 2077 eonjectos
3186 2024 3291 2064 non
3341 2012 3600 2082 eriperet,
3644 2016 3746 2070 imo

2148 2088 2271 2146 illos
2314 2091 2370 2146 in
2396 2108 2613 2150 carcere
2656 2096 2947 2154 morientes
2977 2115 3081 2154 non
3114 2100 3385 2157 inviseret.

2218 2184 2332 2239 17".
2386 2185 2539 2252 Quod
2581 2188 2785 2245 alienos
2831 2205 3017 2246 servos
3069 2192 3307 2247 nondum
3347 2197 3740 2264 manumissos,

2147 2274 2257 2331 imo
2278 2277 2439 2333 etiam
2464 2290 2765 2349 accusatos,
2797 2283 3079 2354 episcopos
3108 2285 3429 2343 ordinasset.

2220 2368 2331 2424 18°.
2359 2368 2513 2435 Quod
2542 2371 2718 2441 ipsum
2737 2371 2991 2429 lsaacium
3011 2376 3150 2432 male
3175 2392 3319 2447 sarpe
3344 2381 3673 2436 mulctassct.

2218 2460 2454 2515 Primum
2482 2478 2610 2519 vero
2636 2473 2796 2535 caput
2819 2465 2887 2520 de
2914 2465 3120 2523 Joanne
3144 2469 3423 2537 lllonacho,
3467 2473 3610 2541 quod
3635 2475 3741 2543 jam

2144 2561 2302 2607 antea
2333 2554 2692 2610 examinatum
2722 2554 2912 2626 fuerat,
2939 2558 3118 2615 denuo
3153 2571 3410 2618 excutere
3433 2564 3738 2621 noluerunt.

2143 2643 2247 2698 Sed
2289 2644 2357 2700 de
2383 2645 2621 2700 secundo
2648 2647 2791 2717 quod
2824 2664 3014 2720 nempe
3052 2650 3111 2707 S.
3140 2651 3471 2723 Epiphanius
3509 2671 3577 2712 eo
3602 2659 3740 2728 quod

2143 2734 2462 2808 Origcnistis
2487 2740 2711 2808 faveret,
2757 2757 2878 2797 eum
2906 2744 2999 2799 illo
3038 2749 3436 2805 communicare
3459 2750 3739 2817 noluisset,

2143 2833 2492 2903 perquisitum
2543 2834 2672 2900 fuit;
2727 2838 3078 2909 similiterque
3123 2840 3191 2895 de
3233 2842 3482 2910 septimo,
3532 2844 3587 2898 in
3638 2860 3742 2913 quo

2142 2934 2288 2981 certe
2317 2926 2451 2983 nihil
2472 2942 2503 2982 a
2532 2927 2832 2986 Christiana
2863 2931 3140 3002 disciplina
3184 2933 3417 2990 alienum
3442 2935 3742 3006 deprehen-

2141 3016 2306 3073 ditur.
2352 3018 2428 3075 De
2484 3022 2643 3075 tertio
2687 3032 2870 3091 postea
2911 3034 3088 3079 actum
3135 3024 3253 3092 fuit,
3300 3026 3353 3081 in
3398 3043 3508 3098 quo
3551 3029 3741 3085 dicitur

2140 3108 2605 3182 (lhrysostomum,
2631 3115 2718 3185 qui
2747 3117 2895 3171 solus
2920 3118 3163 3187 quotidie
3201 3120 3527 3185 eomederet,
3557 3121 3738 3193 hospi-

2145 3200 2400 3257 talitatem
2431 3202 2706 3273 despicere
2735 3206 3010 3263 videretur
3034 3226 3048 3261 :
3077 3217 3344 3281 testesque
3367 3212 3592 3268 adhibiti
3618 3225 3739 3270 sunt

2142 3291 2395 3347 Arsacias
2436 3294 2735 3367 presbyter,
2768 3299 2855 3367 qui
2889 3308 3071 3368 postea
3111 3300 3493 3373 Chrysostomo
3518 3319 3736 3360 succes-

2140 3381 2211 3434 sit
2262 3400 2275 3436 :
2325 3382 2562 3455 itemque
2618 3387 2826 3442 Atticos
2880 3397 2935 3444 et
2985 3388 3227 3460 Elpidius
3276 3393 3597 3465 presbyteri,
3649 3396 3735 3466 qui

2139 3474 2322 3527 nescio
2341 3475 2468 3545 quid
2496 3476 2620 3531 inde
2644 3478 3032 3535 eriminatiouis
3055 3497 3247 3538 eruere
3266 3492 3573 3554 potuerunt,
3598 3486 3734 3555 quod

2138 3580 2331 3635 nempe
2359 3568 2554 3636 pracsul
2585 3576 2694 3623 tam
2735 3569 3104 3641 frequentibus
3140 3575 3380 3644 corporis
3405 3576 3734 3645 aegritudini-

2138 3654 2236 3710 bus
2270 3655 2522 3711 laborans
2553 3658 2702 3714 solus
2725 3660 3052 3717 comederet.
3087 3664 3189 3734 Ipsi
3215 3679 3425 3735 quoque
3451 3680 3573 3721 cum
3603 3671 3735 3723 Aca-

2136 3744 2222 3799 eio
2251 3745 2568 3818 presbytero
2593 3748 2663 3804 de
2691 3761 2882 3820 quarto
2909 3753 3340 3810 eriminationum
3367 3758 3562 3825 capite,
3592 3761 3731 3830 quod

2136 3851 2330 3906 nempe
2374 3837 2611 3894 Joannes
2654 3840 2705 3894 in
2760 3842 2987 3898 ecclesia
3035 3844 3282 3913 dixisset,
3330 3846 3567 3903 Mensam
3616 3866 3734 3907 esse

2136 3925 2398 3982 furiarum
2450 3929 2694 3997 plenam,
2742 3940 2907 3989 testes
2948 3933 3183 3990 fuerunt.
3227 3937 3516 4009 Postquam
3554 3953 3733 3998 autem

2134 4018 2252 4074 lure
2277 4035 2499 4075 excussa
2533 4020 2702 4088 fuere,
2732 4024 2972 4093 pra-dicti
3003 4027 3320 4100 presbyteri,
3358 4041 3413 4085 et
3439 4046 3561 4087 cum
3605 4033 3731 4104 ipsis

2132 4110 2293 4164 etiam
2321 4110 2613 4169 Eudmmon
2646 4123 2699 4169 et
2736 4113 3042 4185 Onesimus,
3074 4121 3394 4176 sententiam
3435 4124 3730 4181 accelerari

2133 4201 2486 4270 postularunt.

2203 4292 2329 4347 [hcc
2364 4305 2541 4350 acta.a
2573 4296 2763 4352 Photio
2789 4299 2946 4355 allata
2993 4309 3053 4356 ut
3079 4313 3326 4372 suspecta
3359 4305 3535 4375 rejicit
3565 4301 3743 4375 Baro-’g

2130 4386 2282 4451 nius;
2316 4403 2502 4443 verum
2527 4404 2557 4443 a
2590 4390 2931 4447 Tillemontio
2966 4395 3191 4467 aliisque
3231 4398 3360 4452 viris
3402 4398 3720 4455 doctissimis

2123 4477 2246 4546 jure
2290 4479 2614 4550 exploditur.
2667 4484 2797 4537 Acta
2844 4485 2987 4539 cnim
3034 4486 3123 4541 illa
3166 4503 3253 4544 res
3303 4497 3361 4543 ut
3405 4505 3532 4546 vere
3562 4503 3714 4561 gesta

2127 4576 2252 4623 sunt
2277 4573 2576 4638 enuntiant,
2606 4584 2660 4628 et
2684 4589 2805 4628 eum
2836 4575 3072 4631 Palladio
3098 4579 3148 4632 in
3179 4580 3428 4635 omnibus
3452 4581 3566 4637 fere
3594 4599 3724 4637 con-

2125 4661 2364 4716 sentiunt
2411 4679 2425 4716 :
2470 4663 2523 4718 in
2570 4665 2889 4735 quibusdam
2933 4670 3077 4723 enim
3127 4669 3288 4725 etiam
3338 4672 3565 4727 l’alladri
3612 4689 3719 4728 :IPVC

2124 4752 2266 4806 circa
2293 4767 2384 4808 res
2410 4762 2467 4809 et
2504 4763 2621 4811 acta
2666 4756 2911 4825 qumdam
2939 4760 3101 4814 varia:
3139 4770 3293 4815 erant
3334 4764 3636 4832 opiniones,
3671 4774 3723 4818 nt

2124 4843 2177 4898 in
2221 4846 2570 4916 sequentibus
2612 4848 2898 4905 videbitur.
2950 4853 3207 4908 Actorum
3257 4855 3419 4909 etiam
3461 4872 3491 4909 a
3536 4855 3722 4912 Phutio

2123 4934 2517 5007 descriptorum
2547 4940 2830 4997 veritatem
2876 4943 3070 5013 probat
3096 4947 3367 5001 accusatio
3397 4948 3484 5001 illa
3514 4952 3717 5019 quinta,

2121 5042 2225 5097 qua
2248 5027 2446 5084 dicitur
2477 5032 2529 5085 in
2560 5033 2820 5089 concione
2852 5035 3078 5104 quadam
3109 5036 3211 5091 hoc
3246 5039 3552 5107 protulisse,
3584 5042 3720 5095 insn-

2121 5120 2225 5173 m'o.
2273 5122 2403 5188 Quae
2432 5139 2535 5177 vox
2582 5123 2807 5180 habetur
2831 5126 2982 5181 initio
3010 5128 3304 5196 concionis,
3336 5144 3493 5201 quam
3541 5131 3718 5187 habuit

2124 5208 2364 5265 Endoxia
2409 5215 2647 5285 Angusta
2696 5225 2980 5284 praesente,
3023 5234 3180 5289 quam
3221 5221 3537 5277 concionem
3583 5239 3717 5279 nunc

2120 5299 2351 5368 primum
2379 5302 2642 5360 edidimus
2667 5305 2729 5360 Τ.
2759 5306 2871 5361 XII.

2191 5391 2270 5448 Ex
2298 5395 2432 5450 actis
2461 5397 2589 5466 ipsis
2637 5407 2906 5455 mutuatus
2948 5401 3168 5456 Photius
3213 5403 3497 5473 episcopos
3543 5405 3713 5477 Syno-

2117 5485 2244 5541 dum
2276 5488 2417 5541 illam
2448 5490 2837 5547 constituentes
2862 5493 3210 5564 quadraginta
3238 5496 3475 5567 quinque
3495 5513 3714 5553 numero

2116 5575 2283 5634 fuisse
2330 5579 2476 5634 dicit.
2530 5580 2728 5638 Verum
2777 5582 2914 5640 ﬁdes
2961 5586 3140 5655 potius
3196 5587 3437 5644 habenda
3483 5589 3713 5646 Palladio

2118 5665 2353 5738 (Pallad.
2383 5669 2576 5743 Dial.),
2611 5674 2698 5742 qui
2732 5674 2945 5745 triginta
2966 5689 3058 5732 sex
3088 5684 3291 5733 tantum
3314 5677 3480 5736 fuisse
3504 5695 3709 5736 asseve

2120 5765 2237 5825 rat;
2272 5760 2339 5814 ita
2381 5770 2437 5815 ut
2481 5764 2650 5831 major
2695 5774 2818 5820 tunc
2863 5767 3236 5837 episcoporum
3286 5785 3540 5826 numerus
3589 5786 3706 5826 cum
