3948 6404
194 400 274 455 901

190 515 375 570 Joanne
408 512 549 563 esset
576 523 588 558 :
616 516 735 558 nam
779 498 1124 570 quadraginta
1169 507 1393 549 numero
1422 498 1575 545 erant
1612 504 1744 543 con-

189 600 402 673 gregati;
424 598 511 669 qui
540 596 793 650 adversus
806 587 1159 658 Theophilum
1185 582 1518 654 septuaginta
1541 578 1749 635 libellos

191 668 472 755 inhiabant,
523 684 788 753 manifesta
838 679 1042 753 piacula
1109 675 1443 732 continentes
1487 671 1506 742 (
1543 668 1746 725 Pallad.

187 778 419 853 Dialog.).
452 779 582 833 Dum
623 774 698 829 illi
741 772 808 828 de
834 771 996 826 rebus
1028 763 1402 825 ecclesiasticis
1447 774 1747 816 sermonem

194 850 453 934 haberent,
479 868 772 923 nuntiatum
798 870 882 918 est
905 861 1092 916 adesse
1116 857 1256 929 quia
1281 852 1577 924 Theophilo
1602 850 1749 906 missi

191 972 378 1027 essent,
425 973 612 1028 nempe
653 957 963 1011 Dioscorum
1013 961 1068 1006 et
1105 949 1352 1012 Paulum,
1396 945 1484 1017 qui
1527 957 1751 1013 nupere

193 1056 338 1126 Libya
364 1051 586 1108 ordinati
620 1048 845 1103 fuerant.
870 1046 1103 1101 Juvenes
1128 1041 1278 1113 jubet
1298 1040 1387 1095 ille
1414 1040 1631 1093 intrare.
1663 1036 1750 1090 ln-

192 1146 337 1217 gressi
356 1145 424 1199 illi
445 1141 722 1198 schedulas
744 1137 1039 1210 proferunt,
1055 1150 1187 1205 quas
1202 1132 1606 1188 voluitJoannes
1623 1130 1747 1200 legi.

193 1238 322 1293 Tune
346 1235 526 1306 jubent
563 1233 638 1287 illi
679 1229 959 1299 The0phili
1001 1240 1224 1298 puerum
1269 1224 1478 1294 legere;
1505 1221 1622 1275 haec
1650 1235 1741 1273 au-

194 1338 284 1383 tem
311 1327 359 1381 iu
383 1323 592 1380 scbedls
620 1321 927 1376 ferebantur
954 1336 969 1373 :
1001 1318 1193 1372 Sancta
1224 1313 1463 1378 Synodus
1490 1312 1558 1365 ad
1589 1312 1752 1378 Quer-

194 1436 290 1472 cum
315 1422 626 1487 congregata.
656 1411 878 1466 Libellos
907 1408 1189 1478 accepimus
1233 1407 1494 1461 adversum
1536 1414 1601 1465 te,
1634 1402 1753 1470 inﬁ-

194 1511 283 1563 nita
314 1508 516 1561 crimina
549 1505 872 1560 continentes.
902 1501 1083 1555 Adesto
1106 1499 1279 1569 igitur,
1312 1507 1471 1551 tecum
1497 1495 1751 1549 adducens

197 1601 495 1670 Serapionem
536 1608 582 1652 et
625 1594 850 1667 Tigrium
897 1592 1209 1665 presbyteros
1252 1606 1272 1644 :
1315 1591 1379 1644 iis
1438 1589 1570 1642 enim
1623 1602 1749 1656 opus

194 1703 269 1745 ρει.

253 1783 483 1843 Joannes,
515 1780 588 1832 uti
621 1792 779 1847 supra
810 1775 1040 1830 diximus
1066 1814 1081 1841 ,
1118 1788 1176 1828 se
1206 1780 1442 1841 paratum
1474 1784 1590 1825 esse
1622 1783 1748 1838 pro-

196 1873 343 1928 fessus
390 1872 559 1926 fuerat
604 1871 658 1925 in
708 1867 924 1940 Synodo
974 1865 1041 1920 ad
1090 1864 1356 1933 Quercum
1406 1874 1745 1929 comparere,

195 1963 451 2019 dummodo
468 1960 784 2032 exjudicum
806 1971 1029 2013 numero
1050 1956 1364 2010 tollerentur
1384 1952 1438 2017 ii,
1464 1951 1551 2021 qui
1570 1958 1750 2020 aperte

196 2054 365 2108 inimici
404 2053 482 2108 sui
513 2059 669 2107 erant
718 2068 732 2104 :
771 2062 963 2118 nempe
1002 2044 1351 2114 Theophilus,
1395 2040 1744 2104 Severianus,

196 2147 456 2203 Antiochus
504 2154 559 2202 et
605 2143 855 2199 Aeacius.
912 2140 1110 2196 Verum
1160 2136 1393 2208 episcopi
1449 2144 1576 2189 tunc
1627 2146 1748 2186 cum

198 2240 373 2296 Joanne
413 2236 857 2310 congregati,tres
899 2233 1178 2305 episcopos
1203 2229 1462 2285 miserunt
1485 2226 1550 2281 ad
1577 2225 1753 2280 Theo-

198 2332 389 2401 philum,
419 2344 612 2400 nempe
641 2325 981 2397 Lupicinum,
1014 2321 1340 2377 Demetrium
1368 2327 1422 2374 et
1450 2316 1745 2387 Eulysium,

194 2423 613 2494 presbyterosque
653 2418 822 2482 duos,
867 2414 1193 2472 Germanum
1238 2421 1399 2481 atque
1452 2406 1706 2464 Severum
1733 2447 1748 2472 ,

198 2514 315 2569 viros
335 2522 536 2569 sanctos
571 2519 624 2566 et
663 2509 767 2564 fide
791 2508 1001 2578 dignos,
1031 2504 1121 2575 qui
1150 2501 1446 2572 TheOphilo
1472 2499 1748 2554 dicerent:

194 2603 298 2658 Noli
322 2620 393 2660 res
417 2600 669 2658 Ecclesia:
694 2596 996 2660 subvertere,
1042 2610 1132 2648 nec
1180 2590 1459 2647 Ecclesium
1487 2587 1712 2642 scindere
1734 2627 1750 2653 ,

193 2706 367 2765 propter
411 2710 573 2764 quan:
622 2690 761 2745 Deus
806 2687 859 2742 in
906 2702 1109 2741 carnem
1160 2678 1437 2737 descendit.
1485 2678 1545 2734 Si
1586 2686 1753 2731 autem

193 2787 441 2841 inordinate
465 2780 721 2839 Nicwnos
764 2794 980 2834 canones
1023 2774 1262 2832 subvertis
1310 2779 1639 2827 trecentorum
1667 2768 1754 2821 de-

192 2894 279 2931 rem
301 2885 342 2931 et
364 2885 466 2930 octo
495 2873 879 2945 episcoporum,
909 2877 955 2922 et
983 2875 1126 2921 extra
1152 2864 1331 2919 limites
1359 2863 1494 2915 litem
1513 2858 1718 2931 judicas
1736 2873 1755 2910 :

192 2966 278 3034 inn
304 2967 463 3020 melius
500 2964 690 3036 facito,
722 2958 881 3014 transi
920 2957 989 3010 ad
1017 2972 1107 3010 nos
1146 2955 1199 3009 in
1242 2951 1415 3007 urbem
1444 2948 1645 3020 optimis
1684 2948 1757 3001 le-

194 3060 316 3125 qibus
358 3062 650 3131 fundatam,
696 3069 787 3107 nec
824 3066 963 3105 more
1008 3047 1153 3104 Caini
1194 3046 1395 3101 Abelem
1434 3056 1667 3112 provoces
1703 3041 1757 3094 in

192 3166 427 3222 canipum;
474 3158 526 3203 ut
589 3162 681 3200 nos
731 3154 778 3198 te
825 3144 967 3215 prius
1013 3139 1298 3194 audiamus.
1342 3135 1596 3188 Habemus
1625 3130 1758 3186 enim

192 3241 399 3299 adversus
445 3250 491 3294 te
540 3236 748 3294 libellos
814 3232 1131 3303 septuaginta
1186 3231 1410 3298 capitum
1480 3222 1756 3277 manifesta

194 3333 370 3397 piacula
396 3331 711 3385 continentes
754 3342 773 3380 :
814 3335 859 3378 et
890 3324 1054 3393 plures
1083 3337 1272 3381 sumus,
1302 3333 1451 3381 quam
1493 3324 1580 3368 tua
1600 3330 1756 3385 syno-

194 3421 289 3487 a'its,
312 3420 397 3475 Dei
418 3420 591 3491 gratia
610 3413 913 3487 congregati,
949 3428 1049 3465 non
1078 3410 1146 3463 ad
1171 3408 1470 3464 eversionem
1497 3403 1756 3470 Ecclesia,

193 3514 266 3565 sed
286 3514 348 3565 ad
386 3528 569 3583 pacem
596 3507 896 3562 curandam.
930 3502 1006 3558 Tu
1034 3502 1168 3557 enim
1198 3499 1475 3554 tricesimus
1499 3506 1670 3552 sextus
1708 3512 1759 3549 es

193 3620 247 3657 es
270 3605 405 3658 unica
447 3600 755 3674 provincia;
780 3613 871 3651 nos
905 3611 1020 3651 vero
1063 3610 1236 3648 sumus
1265 3590 1603 3662 quadraginta
1627 3604 1654 3642 e
1682 3587 1761 3641 di-

166 3692 169 3693 ⁷
195 3696 327 3749 emis
346 3693 638 3765 provinciis,
662 3690 789 3745 inter
813 3704 938 3758 quos
981 3702 1155 3740 sumus
1178 3685 1329 3738 etiam
1353 3691 1540 3752 septem
1577 3689 1762 3734 metro-

202 3786 366 3852 polita.
395 3784 457 3839 Et
480 3792 874 3839 consentaneum
900 3784 990 3843 est,
1014 3785 1070 3829 ut
1086 3775 1250 3829 minor
1272 3788 1508 3828 numerus
1527 3787 1558 3824 a
1580 3769 1763 3840 majori

199 3885 331 3945 atque
369 3875 546 3946 potiori
586 3869 864 3928 secundum
918 3882 1134 3921 canones
1183 3864 1464 3936 judicetur.
1508 3860 1764 3915 Habemus

200 3967 314 4021 enim
339 3976 381 4021 et
404 3965 669 4037 epistolam
698 3972 856 4024 tuam,
897 3975 985 4028 per
1018 3973 1172 4027 quam
1215 3971 1385 4008 mones
1416 3953 1764 4023 coepiscopum

200 4066 400 4111 nostrum
437 4056 693 4111 Joannem
720 4094 735 4119 ,
763 4050 1129 4104 accusationem
1167 4057 1309 4102 extra
1346 4046 1528 4099 limites
1551 4060 1652 4097 non
1681 4044 1768 4096 de-

202 4150 300 4202 bere
322 4136 534 4202 admitti.
572 4144 741 4210 Unde,
769 4141 1112 4197 ecclesiasticis
1134 4139 1321 4210 legibus
1357 4136 1648 4205 obsequens,
1679 4149 1764 4187 ac-

200 4249 429 4296 cusalores
450 4252 561 4295 tuos
585 4253 810 4310 precare,
837 4245 891 4288 ut
930 4234 1006 4288 vel
1026 4234 1088 4286 ab
1110 4230 1394 4285 accusando
1417 4239 1462 4283 te
1491 4228 1764 4291 desistant,

202 4334 268 4386 vel
286 4349 343 4386 ne
366 4338 636 4403 provocent
661 4339 708 4382 te
728 4337 779 4382 ut
799 4326 866 4380 ad
887 4324 1141 4380 Joannem
1162 4322 1391 4376 accedas.
1419 4319 1534 4374 Alia
1561 4334 1771 4388 quoque

204 4422 276 4478 his
299 4425 627 4493 adjecerunt,
657 4435 776 4491 qua:
806 4418 873 4473 ab
900 4416 1090 4472 eodem
1119 4413 1354 4470 Palladio
1377 4411 1696 4466 referuntur.

263 4517 343 4570 Ait
388 4531 518 4571 vero
557 4513 974 4584 Chrysostomus
1012 4508 1064 4562 in
1113 4506 1351 4577 Epistula
1391 4520 1484 4560 sua
1515 4503 1579 4558 ad
1611 4503 1771 4557 Inno-

200 4607 414 4662 centium
454 4607 658 4676 Papam
674 4647 689 4671 ,
706 4606 770 4661 T.
788 4607 841 4661 5.
857 4619 906 4659 c.
923 4603 1019 4659 551
1035 4644 1046 4656 .
1063 4598 1204 4667 1.22,
1227 4591 1587 4665 Theophilum
1605 4593 1771 4647 advo-

201 4704 389 4757 cavisse
440 4698 876 4763 archidiaconum
936 4690 1578 4760 Constanttnopolitanum
1605 4729 1620 4751 ,
1684 4685 1773 4756 qui

203 4793 330 4849 liand
377 4792 541 4849 dubie
570 4789 809 4862 partibus
852 4786 964 4842 suis
983 4784 1255 4849 haerebat;
1298 4791 1457 4852 atque
1497 4780 1611 4851 ejus
1650 4794 1778 4848 ope-

202 4898 254 4937 ra
292 4883 506 4940 Clerum
551 4896 766 4938 omnem
806 4878 906 4933 sibi
947 4876 1271 4946 adjnnxisse.
1315 4873 1430 4927 Jam
1467 4873 1607 4927 enim
1645 4869 1780 4924 vidi-

166 5048 169 5052 ,
202 4989 312 5032 mus
348 4976 566 5034 Clernm
604 4968 1249 5039 Constantinopolitanum
1272 5006 1288 5030 ,
1321 4964 1471 5032 cujus
1496 4962 1781 5017 dissolutos

160 5060 172 5169 j
204 5084 371 5125 :nores
398 5069 701 5126 incessebat
722 5063 1134 5135 Chrysostomus
1154 5100 1169 5125 ,
1196 5056 1446 5111 infestum
1473 5054 1570 5123 ipsi
1595 5052 1775 5107 fuisse.

275 5161 295 5169 ..
798 5164 808 5169 -
998 5152 1070 5169 δέ-
1118 5148 1241 5169 -14-
1270 5148 1386 5169 1-..-
1408 5144 1752 5169 ---ηΑκΔΑ-Αι

266 5161 500 5221 Joannes
519 5174 670 5223 vero,
693 5164 971 5229 postquam
998 5148 1245 5222 Synodus
1270 5148 1389 5203 haec
1408 5144 1778 5215 responderat,

206 5252 254 5305 in
282 5253 448 5322 prima
467 5252 579 5320 jam
605 5263 697 5304 sua
724 5244 1091 5318 responsione,
1120 5239 1188 5296 de
1212 5254 1315 5310 qua
1343 5236 1591 5307 superius
1611 5278 1626 5302 ,
1651 5235 1780 5289 insi-

204 5351 364 5405 stens,
394 5343 513 5397 haec
538 5341 677 5396 datis
705 5338 875 5394 literis
904 5331 1213 5405 respondit,
1241 5345 1299 5386 se
1328 5330 1381 5384 in
1424 5327 1613 5398 quovis
1642 5328 1782 5388 loco,

206 5433 298 5487 etsi
324 5432 375 5487 id
404 5433 457 5487 in
484 5430 698 5486 civitate
726 5427 840 5483 fieri
865 5423 1119 5496 uportiiit,
1144 5429 1384 5491 paratum
1413 5432 1533 5473 esse
1553 5416 1617 5470 ad
1641 5416 1784 5487 judi-

208 5521 340 5576 cium
368 5520 728 5586 subeundum,
754 5515 1042 5573 dummodo
1063 5511 1372 5568 manifestos
1395 5508 1636 5563 inimicos
1661 5522 1787 5561 suos

208 5627 269 5666 ex
292 5616 570 5668 conventu
598 5626 691 5666 suo
720 5610 996 5680 ejicerent,
1026 5620 1220 5675 nempe
1246 5600 1626 5671 Theophilum,
1654 5600 1788 5653 Aca—

210 5703 377 5765 cium,
407 5702 754 5758 Severianum
782 5709 834 5756 et
863 5697 1181 5753 Antiochum
1205 5736 1221 5760 ,
1249 5708 1383 5764 quos
1405 5691 1571 5761 aperti
1600 5689 1704 5743 odii
1736 5698 1789 5743 et

212 5793 496 5850 inimicitia:
519 5795 665 5865 signa
691 5794 899 5848 dedisse
927 5790 1179 5859 probabat
1198 5806 1209 5855 ;
1230 5787 1505 5841 declarans
1528 5800 1582 5836 se
1600 5783 1787 5836 etiam-

1360 375 1542 434 Νι]Νο
1579 375 1843 431 PRIMUM
1883 372 2278 431 ADORNATA.

3333 376 3441 429 932

1855 487 1899 541 si
1944 487 2124 542 decies
2152 487 2348 543 millies
2390 490 2653 558 miserint,
2686 489 2870 546 eadem
2900 504 3113 562 semper
3142 504 3435 560 responsu-

1854 593 1973 632 rum
1998 593 2140 634 esse.

1927 671 2041 726 lllis
2069 680 2245 727 autem
2268 673 2356 742 qui
2383 674 2729 729 mittebantur
2752 675 3003 745 egressis,
3028 676 3171 731 venit
3191 675 3442 732 Notarius

1855 760 2059 816 habens
2081 762 2399 833 rescriptum
2428 763 2800 833 Imperatoris,
2828 765 2912 818 cui
2943 765 3141 820 inserta
3172 776 3289 820 erat
3316 781 3442 833 sup-

1857 851 2067 920 plicatio
2103 852 2474 923 episcoporum
2514 855 2813 924 petentium
2851 863 2908 909 ut
2943 855 3176 911 Joannes
3207 857 3274 910 ad
3301 856 3443 926 judi-

1854 942 1993 995 cium
2037 942 2233 997 iuvitus
2275 943 2575 1012 sisteretur,
2620 945 2877 1016 illumque
2909 945 3160 1001 Notarius
3196 947 3262 1001 ad
3298 947 3443 1016 judi-

1854 1035 1995 1090 cium
2027 1036 2248 1106 urgebat
2276 1052 2290 1089 :
2324 1037 2438 1106 ipse
2463 1051 2592 1092 vero
2617 1036 2803 1092 eadem
2838 1037 2953 1107 ipsa
2992 1052 3110 1108 quae
3143 1053 3302 1107 supra
3331 1036 3442 1092 No-

1856 1128 1992 1184 tario
2020 1128 2314 1199 respondit.
2338 1129 2575 1185 Subinde
2595 1138 2772 1186 autem
2794 1171 2808 1195 ,
2836 1144 2938 1185 nec
2963 1144 3110 1184 mora
3132 1169 3148 1195 ,
3177 1138 3443 1184 venerunt

1853 1219 1960 1274 duo
1990 1219 2283 1292 presbyteri
2321 1220 2576 1286 Joannis,
2616 1221 2889 1292 Eugenius
2909 1262 2926 1286 ,
2962 1221 3051 1291 qui
3080 1220 3439 1290 episcopatum

1855 1310 2124 1365 Heraclea:
2160 1312 2212 1366 in
2243 1313 2654 1381 conspirationis
2691 1310 2997 1366 mercedem
3031 1317 3312 1380 acceperat
3333 1350 3348 1373 ,
3383 1318 3437 1363 et

1853 1401 2085 1459 Isaaeius
2110 1404 2432 1468 Monachus,
2457 1420 2562 1459 non
2592 1404 2828 1460 melioris
2855 1412 2995 1458 nota:
3026 1404 3185 1456 homo
3205 1443 3220 1467 ,
3248 1401 3314 1454 ad
3344 1398 3441 1471 Sy-

1854 1494 2050 1550 nodum
2075 1496 2220 1549 illum
2246 1496 2633 1566 compellantes
2656 1537 2673 1563 ,
2705 1506 2760 1551 ut
2787 1496 2992 1566 objecta
3021 1494 3245 1549 erimina
3271 1492 3441 1547 diluc-

1854 1593 1955 1640 ret.
1990 1586 2081 1639 His
2105 1586 2380 1655 respondit
2408 1587 2644 1642 Joannes
2671 1603 2764 1658 per
2790 1589 3069 1656 episcopos
3096 1587 3146 1640 in
3168 1584 3440 1657 Synodum

1852 1676 1917 1730 ad
1948 1676 2211 1743 Quercum
2246 1678 2459 1731 missos.
2494 1677 2907 1746 Proximumque
2951 1677 3062 1731 fore
3102 1676 3349 1743 videbat,
3383 1687 3439 1731 ut

1853 1769 1904 1822 in
1935 1778 2040 1822 tam
2067 1768 2354 1823 damnabili
2384 1776 2525 1824 coetu
2554 1769 2666 1838 ipse
2693 1769 2940 1823 innoxius
2972 1768 3128 1835 licet,
3158 1783 3317 1822 causa
3344 1782 3438 1823 ea-

1853 1857 2023 1912 deret.

1925 1947 2005 2002 llli
2030 1962 2157 2003 vero
2186 1949 2423 2019 episcopi
2450 1949 2515 2004 ad
2550 1949 2824 2022 Synodum
2856 1950 3042 2016 missi,
3077 1951 3309 2021 pessime
3342 1966 3438 2006 cx-

1853 2039 1992 2109 cepti
2021 2038 2203 2105 fuere;
2236 2041 2397 2094 alium
2424 2041 2567 2096 enim
2598 2042 2910 2096 verberibus
2940 2041 3269 2109 affecerunt,
3306 2043 3440 2097 alte-

1854 2129 1967 2184 rius
1993 2139 2169 2184 vestes
2194 2129 2619 2200 discerpserunt,
2644 2130 2794 2185 alteri
2817 2140 3034 2185 catenas
3063 2132 3265 2186 ferreas
3302 2131 3441 2186 collo

1853 2219 2286 2289 circumposuere
2311 2260 2325 2285 ,
2353 2234 2485 2289 quas
2520 2229 2705 2274 sancto
2749 2218 2942 2275 Joanni
2986 2228 3342 2289 paraverant,
3386 2228 3444 2273 ut

1856 2311 1933 2366 sic
1963 2311 2240 2380 conjectus
2272 2310 2324 2364 in
2353 2310 2652 2364 naviculam
2691 2311 2743 2363 in
2789 2309 3023 2378 ignotum
3058 2310 3231 2363 locum
3261 2323 3445 2363 amau-

1855 2404 2092 2469 daretur,
2122 2402 2366 2457 daimone
2395 2402 2536 2466 illus,
2561 2401 2728 2471 inquit
2756 2401 3044 2466 Palladius,
3074 2400 3233 2454 veluti
3262 2400 3444 2454 leones

1854 2491 2128 2549 eﬁ‘erente.
2157 2490 2382 2558 Quidam
2407 2505 2539 2546 vero
2576 2505 2642 2545 ex
2686 2490 2751 2544 iis
2774 2491 2861 2559 qui
2900 2489 3047 2544 missi
3079 2488 3291 2543 fuerant
3319 2503 3442 2557 per-

1857 2582 2028 2638 territi
2068 2581 2137 2636 ad
2189 2579 2450 2636 Joannem
2498 2595 2603 2634 non
2640 2586 2979 2634 reverterunt
3020 2579 3038 2648 (
3070 2576 3277 2631 Sozam.
3318 2577 3357 2631 l.
3387 2576 3442 2632 8.

1857 2690 1902 2726 c.
1934 2670 2023 2744 l7)
2049 2689 2063 2727 :
2091 2671 2392 2726 Demetrius
2413 2678 2613 2736 autem,
2645 2678 2700 2723 et
2725 2669 3045 2739 quicumque
3069 2666 3290 2721 Joannis
3315 2680 3446 2720 cou-

1857 2766 2079 2820 sortium
2101 2761 2306 2818 eunetis
2332 2761 2491 2816 rebus
2506 2759 2919 2830 anteponebant,
2947 2757 3012 2811 ad
3033 2757 3181 2811 illum
3211 2756 3441 2810 rediere.

1859 2856 2064 2911 Eodem
2112 2855 2199 2910 die
2234 2870 2410 2908 cursor
2451 2862 2495 2906 et
2533 2851 2757 2905 notarius
2781 2893 2796 2917 ,
2833 2866 2895 2905 ex
2938 2848 3139 2903 Palatio
3165 2832 3444 2902 venientes

1860 2948 2118 3002 Joannem
2161 2945 2418 3015 urgebant
2453 2953 2513 2997 ut
2554 2943 2619 2996 ad
2657 2942 2937 3012 episcopos
2975 2938 3256 2994 accederet
3286 2956 3299 2992 :
3328 2937 3446 2991 illos

1859 3052 1988 3094 vero
2008 3036 2199 3092 hortati
2221 3044 2363 3099 sunt,
2383 3041 2440 3088 ut
2456 3033 2716 3103 judicium
2743 3031 3123 3086 accelerarent.
3148 3029 3272 3083 Hinc
3290 3016 3449 3096 porro

1861 3128 2039 3183 omnia
2063 3166 2078 3191 ,
2119 3134 2179 3180 ut
2215 3123 2435 3179 credere
2463 3130 2581 3187 est,
2617 3120 2938 3175 moliebatur
2976 3118 3214 3173 Eudoxia
3252 3117 3448 3173 Joanni

1862 3226 2047 3273 nostro
2074 3215 2300 3270 infensa.

1933 3307 2317 3378 Chrysostomus
2332 3303 2383 3357 in
2408 3302 2618 3373 Synodo
2645 3301 2713 3353 ad
2736 3299 2985 3365 Quercum
3009 3298 3281 3351 damnatur
3299 3305 3343 3350 et
3364 3297 3452 3350 de-

1864 3401 2088 3473 ponitur.
2118 3428 2188 3440 —
2211 3397 2347 3453 Aliis
2372 3410 2502 3451 vero
2524 3394 2876 3457 instantibus,
2904 3391 3097 3445 Paulus
3136 3388 3450 3443 Heracleota

1864 3495 2068 3564 primus
2105 3505 2294 3546 omnes
2328 3487 2647 3544 sententiam
2687 3485 2865 3539 dicere
2898 3482 3122 3553 rogavit.
3165 3481 3452 3536 Statuium-

1863 3601 1969 3656 quc
2000 3584 2096 3638 fuit
2120 3582 2377 3638 Joannem
2404 3593 2434 3632 a
2460 3577 2588 3633 sede
2617 3575 2925 3646 pellendum
2955 3587 3074 3627 esse
3103 3589 3116 3624 :
3145 3587 3304 3641 quam
3330 3586 3454 3624 sen-

1866 3676 2088 3732 tentiam
2127 3672 2343 3743 protulit
2379 3669 2697 3741 Gymnasius
2731 3668 3049 3738 episcOpus,
3075 3673 3129 3719 et
3155 3674 3457 3734 postremus

1867 3766 2219 3838 Theophilus.
2246 3762 2444 3819 Omnes
2479 3770 2655 3815 autem
2689 3758 2921 3829 cpisc0pi
2968 3769 3193 3811 numero
3229 3753 3457 3825 quadra-

1867 3861 2011 3930 ginta
2037 3857 2269 3928 quinqne
2293 3860 2446 3910 erant
2464 3892 2479 3918 ,
2512 3852 2555 3907 si
2579 3849 2710 3905 ﬁdes
2738 3849 2808 3904 sit
2834 3847 2968 3902 actis
2993 3861 3024 3900 a
3048 3845 3239 3899 Photio
3261 3843 3454 3899 allatis.

1871 3951 1997 4005 Haec
2026 3963 2186 4018 porro
2226 3953 2344 3999 acta
2386 3940 2573 4011 rejecit
2599 3940 2860 3995 Baronius
2884 3979 2899 4002 ,
2930 3938 3019 4007 qui
3061 3951 3090 3990 a
3121 3935 3292 3989 doctis
3329 3934 3459 3989 viris

1865 4040 1990 4110 jure
2030 4036 2353 4107 exploditur.
2399 4032 2531 4096 Nam
2569 4040 2685 4085 acta
2717 4030 2806 4083 illa
2834 4042 2961 4082 vera
2988 4041 3108 4081 esse
3136 4034 3321 4095 putant
3347 4034 3458 4078 tum

1872 4133 1959 4185 alii
1990 4129 2131 4184 docti
2155 4128 2275 4190 viri,
2301 4137 2410 4179 tum
2446 4122 2826 4193 sagacissimus
2852 4118 3243 4173 Tillemontius.
3271 4114 3461 4170 Crimi-

1874 4221 2117 4276 nationes
2160 4230 2324 4287 porro
2363 4215 2479 4268 illas
2503 4253 2518 4279 ,
2557 4212 2642 4266 vel
2683 4209 2855 4263 nullas
2881 4248 2897 4273 ,
2930 4208 3011 4261 vel
3041 4215 3314 4261 contortas
3334 4247 3349 4270 ,
3375 4204 3458 4258 vel

1874 4312 2091 4367 omnino
2118 4310 2274 4363 falsas
2297 4320 2416 4361 esse
2442 4312 2631 4374 putant
2657 4311 2765 4356 tum
2796 4299 3035 4364 Photius,
3064 4307 3171 4351 tum
3199 4306 3461 4367 quotquot

1876 4404 1986 4459 veri
2032 4415 2216 4455 amore
2256 4406 2529 4453 tenentur.
2557 4393 2614 4448 ln
2644 4390 3000 4448 damnationis
3030 4403 3158 4441 vero
3197 4391 3460 4441 sententia

1878 4498 2009 4553 nihil
2038 4493 2177 4550 aliud
2210 4490 2496 4554 ferebatur,
2528 4501 2686 4558 quam
2717 4483 2859 4555 quod
2894 4483 2946 4537 in
2977 4479 3195 4553 Synodo
3235 4493 3453 4550 compa-

1878 4605 2001 4647 rere
2030 4586 2310 4644 noluisset.

1952 4684 2143 4737 Postea
2190 4676 2414 4732 mittitur
2440 4671 2506 4728 ad
2550 4669 2766 4727 Clerum
2810 4662 3462 4732 Constantinopolitanum

1883 4770 2106 4842 epistola
2137 4766 2332 4838 (Pltot.
2361 4763 2487 4818 Cod.
2519 4776 2610 4816 ιιι
2632 4758 2674 4825 ),
2703 4772 2804 4827 qua
2835 4753 3180 4810 nuntiabatur
3204 4750 3463 4807 Joannem

1885 4881 1914 4917 a
1941 4861 2072 4917 sede
2101 4858 2370 4927 dejectum
2402 4852 2566 4907 fuisse
2586 4892 2602 4918 ,
2629 4849 2963 4917 idipsumque
2988 4842 3299 4915 Imperatori
3331 4856 3467 4893 num

1888 4955 2087 5008 tiatur:
2120 4948 2413 5003 addebatur
2448 4943 2610 4999 etiam
2634 4940 2781 4994 illum
2824 4938 2965 4993 laesa:
2995 4932 3289 5006 majestatis
3318 4945 3467 4986 reum

1888 5041 2168 5100 declarari.
2205 5037 2527 5092 Hortahatur
2552 5041 2729 5087 autem
2765 5029 3148 5098 imperatorem
3183 5020 3466 5093 Synodus,

1888 5146 1947 5191 ut
1969 5136 2178 5206 juberet
2204 5131 2349 5185 illum
2375 5127 2519 5198 ejici,
2551 5133 2606 5180 ct
2632 5137 2818 5194 ptenas
2838 5122 2979 5177 laesae
3004 5115 3296 5189 majestatis
3320 5115 3467 5167 dare.

1890 5204 2095 5285 [ausam
2123 5232 2299 5278 autem
2333 5220 2666 5289 majestatem
2694 5216 2942 5272 dicebant
2981 5211 3123 5282 quod
3165 5204 3469 5277 lmpcratri-

1890 5339 2005 5379 cem
2045 5316 2345 5374 Jezabelem
2392 5312 2716 5382 appellasset
2770 5326 2783 5362 :
2822 5306 2890 5362 ad
2948 5304 3064 5358 haec
3102 5297 3263 5355 oblati
3307 5293 3470 5349 libelli

1892 5426 2014 5470 sunt
2038 5427 2066 5463 a
2095 5407 2371 5469 Geruutio,
2402 5404 2622 5460 Paulino
2647 5412 2701 5457 et
2724 5396 3112 5468 Eugnumunio,
3134 5389 3222 5460 qui
3247 5404 3307 5444 se
3337 5386 3476 5456 inju«

1893 5516 1972 5560 ste
1997 5518 2025 5556 a
2056 5502 2260 5555 Joanne
2298 5498 2604 5567 episcopatu
2649 5492 2831 5561 pulsos
2868 5484 3245 5555 querebantur.
3275 5478 3474 5535 Verum

1893 5596 1981 5667 qui
2013 5595 2319 5663 episcopatu
2348 5588 2416 5644 ab
2447 5602 2511 5643 eo
2540 5584 2693 5653 ejecti
2727 5581 2954 5639 fuerant,
2987 5573 3199 5629 nonnisi
3240 5581 3361 5642 post
3388 5584 3474 5623 se-

1895 5662 2126 5747 cundum
2166 5686 2413 5743 exsilium
2455 5681 2569 5751 ejus
2595 5674 2820 5730 restituti
2858 5681 3021 5735 sunt,
3051 5677 3186 5723 teste
3221 5662 3471 5721 Palladio.

1898 5783 2026 5835 l‘ost
2054 5780 2167 5834 hmc
2197 5785 2370 5830 autem
2390 5764 2715 5837 Theophilus
2737 5778 2855 5818 cum
2885 5761 3156 5815 Fratribus
3186 5756 3375 5823 Longis
3403 5752 3464 5803 la-
