3948 6410
461 358 564 413 203

458 470 657 524 eitlime
681 460 1048 519 reconciliatus
1071 463 1191 519 est;
1217 459 1361 507 tanta
1385 449 1526 505 enim
1550 443 1857 503 eliminandi
1879 442 2040 497 Joan-

460 560 543 613 nis
568 554 816 626 cupidine
853 548 1163 611 tenebatur,
1203 551 1263 598 ut
1290 550 1484 598 caztera
1523 539 1702 595 omnia
1734 550 1917 608 parum
1946 550 2039 590 cu-

458 657 618 705 raret.

530 733 792 792 Arcadius
829 729 1048 806 Synodo
1084 726 1361 796 rescripsit
1398 732 1453 780 et
1492 721 1711 778 Joannis
1749 718 2039 789 depositio-

459 842 581 885 nem
609 823 949 880 confirmavit
977 819 1174 894 (Phot.
1206 832 1295 873 ιιι
1314 858 1328 882 ,
1353 832 1420 871 1.x
1443 815 1483 887 ).
1509 813 1703 869 Verum
1730 809 1871 880 quod
1897 809 2038 863 laesa:

457 915 749 985 majestatis
774 914 976 970 crimen
1006 918 1230 979 spectat,
1261 923 1367 962 non
1392 904 1682 961 attendisse
1710 901 1914 955 videtur
1937 898 2037 951 lm-

456 1017 704 1078 perator;
758 1004 885 1072 sed,
918 1003 1089 1074 inquit
1134 1000 1398 1056 Palladius
1449 998 1467 1069 (
1497 996 1706 1050 Pallad.
1743 993 1947 1063 Dialog.
1980 990 2034 1062 ),

457 1100 600 1154 Deus
633 1112 727 1153 cor
761 1096 878 1166 ejus
907 1094 1166 1152 emollivit
1194 1133 1211 1160 ,
1254 1100 1314 1147 ut
1347 1107 1439 1147 cor
1464 1090 1678 1144 leonum
1710 1087 2039 1144 emolliverat

456 1205 581 1260 erga
609 1186 903 1243 Danielcm.
945 1187 1071 1242 lbet:
1096 1185 1317 1240 Joannis
1342 1182 1605 1253 depositio
1635 1180 1733 1236 sub
1761 1193 2037 1248 vesperam

455 1283 691 1337 nuntiata
732 1281 937 1335 fuerat:
967 1294 1071 1350 quo
1111 1285 1382 1346 comperto
1418 1275 1643 1346 p0pulus
1677 1273 1743 1328 ad
1783 1271 2034 1342 gravissi-

455 1389 596 1429 mam
638 1374 951 1429 seditionem
991 1372 1250 1426 excitatus
1278 1379 1359 1422 est
1392 1386 1404 1422 :
1439 1377 1651 1438 totaque
1689 1373 1843 1419 nocte
1872 1378 2034 1418 ercu-

452 1466 641 1519 bantes
666 1505 682 1529 ,
724 1479 845 1518 eum
874 1462 941 1517 ab
961 1461 1187 1517 ecclesia
1217 1459 1405 1513 adduci
1438 1473 1541 1511 non
1574 1456 1714 1526 passi
1744 1462 1908 1520 sunt,
1940 1452 2034 1507 scd

453 1570 665 1609 causam
690 1554 804 1622 ejus
831 1555 882 1608 in
911 1554 1110 1623 majore
1130 1552 1357 1606 concilio
1378 1548 1767 1617 dijudieandam
1790 1562 1908 1601 esse
1928 1547 2037 1599 ela-

452 1646 686 1700 mabant.
715 1644 782 1698 Et
806 1659 928 1698 cum
956 1652 1203 1713 urgerent
1229 1643 1297 1708 ii,
1328 1642 1519 1711 quibus
1544 1640 1595 1694 id
1621 1640 1687 1694 ab
1714 1639 2037 1708 imperatore

454 1734 756 1789 mandatum
794 1733 987 1798 fuerat,
1010 1745 1067 1787 ut
1089 1747 1211 1788 eum
1237 1732 1291 1785 in
1312 1732 1559 1786 exsilium
1591 1730 1931 1792 abducerent,
1961 1728 2037 1781 illi

453 1824 866 1879 reluctabantur.

525 1915 910 1987 Chrysostomus
949 1916 1002 1967 in
1043 1915 1276 1968 exsiliunt
1316 1914 1535 1967 ducitur.
1564 1942 1634 1953 —
1659 1911 1841 1981 Neque
1867 1910 2037 1980 jussui

458 2006 798 2075 Imperatoris
829 2005 928 2059 sibi
956 2004 1134 2058 statim
1161 2002 1603 2072 acquiescendum
1644 2002 1847 2070 putavit
1871 2000 2038 2071 Chry-

451 2104 721 2149 sostomus
750 2093 1051 2164 (Chrysost.
1070 2098 1107 2142 t.
1137 2092 1190 2147 3.
1221 2112 1267 2148 c.
1296 2092 1459 2160 £51);
1498 2090 1714 2145 nonnisi
1755 2090 1899 2145 enim
1920 2100 2040 2157 post

454 2186 672 2240 biduum
702 2200 760 2240 se
788 2186 850 2239 iis
881 2184 1092 2239 tradidit
1117 2224 1131 2247 ,
1169 2184 1263 2254 qui
1305 2198 1365 2238 se
1404 2183 1459 2238 in
1485 2183 1729 2238 exsilium
1757 2184 2037 2252 deportare

452 2275 725 2331 curabant.
755 2274 1053 2329 Excubanti
1081 2284 1257 2330 autem
1286 2283 1340 2329 et
1360 2289 1419 2330 se
1443 2274 1574 2329 tueri
1602 2276 1812 2330 conanti
1844 2276 2036 2344 populo

451 2366 743 2420 orationem
770 2365 971 2432 habuit,
995 2367 1047 2418 in
1069 2380 1170 2434 qua
1192 2365 1382 2419 mirum
1408 2374 1657 2434 quantam
1678 2366 1839 2419 animi
1867 2365 2033 2420 firmi-

451 2464 613 2510 tatem
638 2455 906 2520 exhibeat,
935 2470 1032 2510 nec
1060 2465 1284 2510 mortem
1320 2471 1378 2510 se
1404 2465 1641 2510 metuere
1665 2456 1792 2510 dicit
1825 2474 1837 2508 :
1868 2472 2037 2526 popu-

449 2545 665 2615 lumque
690 2545 931 2599 hortatur
950 2545 1015 2601 ad
1040 2546 1346 2614 patientiam
1373 2548 1425 2601 in
1449 2546 1689 2601 adversis
1713 2564 1725 2600 :
1747 2546 2033 2615 hostesque

450 2649 576 2688 suos
603 2635 809 2689 mordet
832 2636 1044 2689 acriter.
1071 2634 1192 2689 Non
1212 2637 1366 2703 enim,
1392 2636 1578 2706 inquit,
1604 2645 1808 2706 promer
1833 2638 2032 2694 divitias

451 2724 625 2777 mundi
658 2725 868 2779 insidias
894 2726 1060 2796 patior
1086 2741 1104 2779 :
1129 2725 1263 2794 quod
1283 2727 1326 2780 si
1351 2736 1473 2781 esset
1495 2766 1508 2793 ,
1542 2727 1712 2796 utique
1747 2727 2032 2781 contristari

449 2816 671 2869 deberent
697 2832 715 2870 :
744 2833 832 2870 nec
855 2826 1056 2886 prapter
1076 2817 1282 2885 aliquod
1306 2827 1579 2884 peccatum,
1606 2819 1692 2871 sed
1713 2828 1915 2888 prapter
1940 2836 2030 2872 ca-

448 2909 647 2960 ritatem
671 2948 685 2970 ,
713 2923 863 2976 quant
901 2923 1019 2975 erga
1057 2922 1143 2959 vos
1168 2907 1322 2959 habeo
1352 2923 1371 2960 :
1399 2908 1515 2976 quia
1545 2909 1716 2962 omnia
1742 2925 1837 2978 ago
1865 2918 1916 2961 ut
1945 2926 2031 2963 ros

448 2996 723 3064 proﬁciatis
742 3038 755 3062 ,
782 3008 825 3049 et
853 3014 915 3051 ne
936 2998 1045 3068 quis
1071 2998 1376 3051 subintrocat
1405 2999 1472 3051 ad
1492 3000 1890 3053 conturbandum
1911 3018 2027 3071 gre-

446 3103 555 3157 gem
578 3088 696 3141 bene
715 3088 1013 3153 institutum,
1039 3089 1126 3142 sed
1157 3098 1209 3142 ut
1244 3090 1580 3160 permaneatis
1619 3091 1671 3144 in
1711 3092 2029 3161 simplicitate

445 3175 581 3243 ﬁdei.
613 3176 737 3230 "(ac
762 3187 836 3230 est
856 3193 1011 3231 causa
1040 3178 1380 3248 periculorum
1406 3196 1630 3233 meorum
1655 3222 1669 3247 ,
1693 3190 1738 3233 et
1766 3183 1873 3237 hwc
1893 3184 2028 3253 διιΠὶ-

444 3265 578 3319 riunt
604 3267 726 3319 mihi
750 3268 815 3320 ad
835 3284 1092 3321 coronant.
1121 3268 1358 3323 Tandem
1389 3268 1620 3325 Joannes
1646 3270 1830 3326 videns
1857 3271 2028 3343 Impe-

446 3366 694 3423 ratorem,
718 3372 779 3413 se
804 3359 856 3410 in
877 3359 1122 3413 exsilium
1146 3360 1334 3414 abduci
1352 3360 1649 3430 jubentem,
1676 3361 1726 3415 in
1754 3365 2026 3432 proposito

443 3446 725 3516 persistere
746 3488 759 3510 ,
794 3450 947 3501 tertio
984 3458 1100 3518 post
1140 3449 1530 3505 damnationem
1562 3451 1648 3506 die
1678 3453 1815 3506 circa
1860 3455 2023 3508 meri-

443 3536 583 3590 diem
610 3537 750 3589 ultro
776 3552 833 3589 se
864 3540 975 3606 ipse
1007 3538 1240 3603 tradidit,
1262 3541 1426 3594 inscia
1446 3543 1627 3610 populi
1653 3544 2020 3600 multitudine:

440 3627 660 3682 cavebat
696 3628 838 3681 enim
879 3644 945 3683 ne
986 3629 1151 3699 ipsius
1178 3646 1338 3685 coma
1386 3636 1637 3689 tumultus
1681 3638 2019 3691 excitaretur.

441 3719 530 3774 Sic
560 3720 624 3774 ab
658 3720 893 3773 Ecclesia
919 3720 1176 3789 expulsus
1209 3721 1441 3777 Joannes
1465 3764 1479 3789 ,
1514 3724 1714 3779 ductus
1752 3737 1831 3780 est
1861 3744 1890 3780 a
1920 3727 2025 3782 Co-

441 3810 572 3863 mite
613 3825 733 3864 cum
778 3810 991 3865 militari
1023 3826 1181 3866 manu
1209 3812 1271 3866 ad
1315 3814 1500 3868 navale
1526 3817 1577 3868 in
1604 3817 1741 3871 estio
1765 3817 1916 3874 Ponti
1944 3820 2019 3872 si-

441 3910 552 3954 tum
580 3941 594 3964 ,
636 3900 774 3969 quod
808 3901 999 3956 llieron
1030 3902 1291 3956 vocabant
1319 3919 1334 3966 ;
1382 3903 1509 3958 hinc
1550 3921 1676 3958 vero
1711 3908 1775 3960 ad
1803 3924 2021 3978 campos

442 3988 667 4044 Prameti
696 3990 956 4061 Bithynia:
981 3991 1239 4047 adductus
1268 4000 1371 4060 est,
1397 3994 1535 4063 quod
1575 4005 1690 4050 erat
1730 4012 1761 4052 e
1804 3999 2020 4069 regione

437 4077 779 4133 Nicomediae.
1178 4137 1185 4143 ,

509 4172 583 4226 Ita
624 4173 806 4242 pulsus
832 4173 1064 4231 Joannes
1098 4176 1294 4246 gratias
1335 4178 1524 4247 agebat
1566 4180 1713 4245 Deo,
1765 4180 1853 4236 illa
1897 4180 2017 4238 Jobi

434 4266 595 4322 verba
614 4277 855 4336 repetens
877 4268 895 4339 (
925 4269 1108 4340 Chrys.
1131 4279 1169 4324 ι.
1190 4270 1241 4325 5.
1265 4286 1312 4324 c.
1332 4270 1456 4326 459.
1476 4268 1605 4337 441)
1622 4290 1634 4325 :
1653 4272 1902 4327 Dominus
1927 4274 2017 4327 de-

438 4359 511 4411 dit
541 4400 557 4422 ,
614 4359 860 4415 Dominus
885 4363 1128 4416 abstulit:
1158 4364 1285 4416 sicut
1314 4363 1530 4418 Domino
1561 4366 1784 4433 placuit,
1819 4368 1889 4423 ita
1935 4369 2017 4438 [a-

437 4457 573 4499 ctum
609 4457 732 4501 est:
777 4450 843 4504 sit
891 4466 1072 4504 nomen
1112 4449 1317 4504 Domini
1361 4453 1668 4507 benedictum
1710 4457 1764 4510 iu
1806 4459 2011 4512 sa'cala.

436 4536 604 4604 Quem
637 4537 687 4590 in
719 4539 891 4592 locum
922 4539 1182 4593 adductus
1210 4549 1355 4594 esset
1384 4543 1695 4608 ignorabant
1719 4546 1802 4599 vel
1831 4561 2012 4601 sacer-

433 4623 587 4679 d0tes
616 4624 690 4678 illi
721 4624 915 4679 invidia
954 4629 1239 4694 excmcati,
1270 4629 1359 4697 qui
1404 4630 1502 4697 ipsi
1548 4631 1766 4687 insidias
1803 4644 2013 4690 struxe-

432 4725 587 4770 rant:
610 4716 749 4785 quod
777 4725 998 4773 curante
1024 4717 1320 4788 Theophilo
1345 4719 1544 4777 factum
1580 4738 1699 4778 esse
1730 4726 2013 4782 verisimile

430 4814 531 4863 est.
564 4806 891 4876 TheOphilus
920 4823 1064 4874 vero,
1098 4809 1187 4880 qui
1229 4809 1500 4882 Synoduni
1530 4830 1679 4867 suam
1711 4815 2012 4871 Constanli-

431 4898 611 4969 nepoli
648 4900 922 4954 celebrare
962 4915 1123 4956 ausus
1167 4917 1272 4957 non
1316 4913 1427 4966 est,
1474 4916 1753 4976 postquam
1781 4907 2012 4964 Joannes

428 4988 808 5059 pulsusfuerat
837 4989 1145 5062 (Ibidem),
1176 4995 1228 5048 in
1269 4995 1453 5051 urbem
1510 4998 1724 5053 intravit
1750 5009 1909 5070 atque
1956 5002 2012 5057 in

425 5081 704 5136 ecclesiam
733 5083 881 5138 venit
902 5098 1022 5137 eum
1050 5086 1268 5141 asseclis
1292 5087 1422 5141 suis.
1446 5088 1501 5142 Si
1531 5089 1662 5144 fides
1688 5091 1757 5144 sit
1784 5090 2012 5162 Georgio

424 5169 786 5225 Alexandrino
809 5213 826 5236 ,
870 5172 1219 5229 barbarorum
1248 5176 1338 5230 ille
1362 5193 1514 5233 more
1543 5194 1663 5233 cum
1693 5180 2009 5236 satellitibus

423 5264 532 5317 suis
558 5263 790 5318 intravit.
815 5262 948 5330 Quia
976 5281 1102 5320 vero
1130 5267 1287 5321 minue
1310 5271 1501 5338 smpius
1542 5269 1759 5325 intenta:
1786 5288 1889 5326 non
1917 5288 2011 5341 po-

425 5358 598 5407 terant
635 5355 891 5425 populum
922 5357 1110 5412 sedare
1135 5398 1150 5423 ,
1180 5359 1315 5427 pulsi
1345 5358 1563 5415 Joannis
1588 5377 1870 5417 maerorem
1901 5378 2008 5417 non

424 5439 700 5512 fetentem,
726 5447 919 5502 violata
946 5447 1044 5503 fuit
1068 5452 1364 5504 reverentia
1388 5450 1627 5507 ccclesiis
1648 5453 1845 5509 debita.
1872 5454 2007 5510 Cum

424 5533 569 5585 enim
609 5534 959 5605 Imperatores
999 5542 1051 5597 in
1094 5543 1207 5597 haec
1239 5556 1419 5598 saneta
1447 5543 1592 5613 pacis
1616 5547 1729 5601 loca
1750 5589 1764 5615 ,
1796 5550 2006 5605 nonnisi

432 5623 618 5688 positis
645 5628 809 5680 armis
836 5644 897 5693 ac
922 5631 1220 5689 diademate
1259 5635 1460 5703 ingredi
1501 5634 1769 5701 solerent;
1803 5649 1925 5695 tunc
1954 5642 2004 5695 in

427 5711 677 5770 ecclesias
702 5715 923 5784 ingressi
951 5736 1069 5777 sunt
1098 5727 1427 5783 inimicorum
1460 5729 1643 5796 instar,
1674 5734 1858 5785 armati
1891 5733 2005 5787 telis

1512 336 1570 392 S.
1601 330 1880 390 JOANNIS
1914 324 2382 384 CHRYSOSTOMI
2426 325 2607 394 VITA,

3634 327 3736 385 204

2145 447 2198 491 et
2230 438 2406 492 clavas
2441 446 2729 507 gestantes,
2763 436 3123 506 populumque
3146 452 3213 490 ex
3243 437 3490 494 ecclesris
3511 436 3734 507 depuleo

2144 539 2304 592 runt,
2337 528 2426 598 qui
2456 529 2703 597 patientia
2730 538 2783 582 et
2826 528 3071 597 precibus
3098 537 3298 583 tantum
3334 529 3552 584 illorum
3589 522 3757 583 iuro!

2143 633 2258 674 rem
2276 633 2617 688 compescere
2636 618 2935 686 studebant,
2955 627 3008 673 et
3030 626 3204 674 tamen
3223 621 3592 692 baptisterium
3617 636 3732 676 san-
3753 617 3758 625 ⁷

2142 708 2301 779 guine
2330 708 2405 762 illi
2432 707 2854 778 compleverunt.

2212 798 2343 854 Cum
2387 800 2465 855 sic
2502 800 2853 855 abduceretur
2890 800 3159 870 Joannes,
3201 803 3292 858 ubi
3325 818 3439 857 rem
3481 802 3710 874 cognovi

2142 891 2367 960 populus
2387 931 2401 956 ,
2432 892 2737 946 tumultuari
2765 893 2947 964 coepit,
2972 906 3025 948 et
3053 892 3433 963 Imperatorem
3464 905 3731 966 totamque

2142 982 2413 1054 Synodmn
2433 1026 2450 1051 ,
2487 985 2857 1055 praecipueque
2888 985 3243 1054 Theophilum
3273 995 3327 1041 et
3356 986 3727 1055 Severianum,

2142 1075 2437 1131 maledictis
2480 1077 2699 1147 appetiit
2747 1075 2767 1150 (
2807 1076 2956 1131 Socr.
3000 1078 3037 1131 ι.
3070 1076 3124 1132 6.
3172 1094 3218 1131 c.
3249 1079 3332 1134 17.
3366 1078 3577 1133 Sosom.
3610 1080 3647 1133 ι.
3674 1080 3727 1134 8.

2141 1183 2188 1221 c.
2217 1168 2284 1223 18
2308 1166 2350 1241 ).
2378 1169 2549 1224 Ambo
2578 1170 2721 1224 enim
2752 1169 3059 1225 insidiarum
3091 1171 3144 1225 in
3175 1181 3414 1226 sanetum
3446 1172 3726 1240 praesulem

2141 1269 2384 1315 auctores
2428 1278 2548 1316 esse
2601 1260 2929 1316 ferebantur.
2984 1261 3306 1317 Severianus
3350 1279 3480 1319 vero
3515 1279 3638 1318 cum
3677 1264 3726 1319 iu

2141 1352 2365 1408 ecclesia
2400 1368 2497 1424 per
2535 1352 2589 1407 id
2628 1360 2834 1424 tempus
2865 1369 3167 1409 sermonem
3207 1353 3465 1423 haberet,
3512 1364 3727 1409 senten-

2144 1446 2292 1513 tiam,
2326 1462 2429 1517 qua
2456 1446 2689 1502 Joannes
2716 1446 2989 1516 depositus
3019 1447 3208 1512 fuerat,
3240 1445 3493 1512 laudavit,
3524 1458 3583 1501 ut
3605 1462 3729 1501 con-

2141 1544 2222 1592 tra
2249 1537 2517 1591 hominem
2565 1549 2902 1607 arrogantem
2943 1537 3147 1603 latam,
3185 1538 3394 1592 etiamsi
3436 1553 3546 1592 non
3584 1539 3727 1593 aliud

2140 1628 2344 1682 crimen
2370 1627 2528 1696 objici
2558 1638 2757 1696 posset.
2786 1628 2990 1683 Caetera
3014 1627 3159 1683 enim
3185 1628 3398 1694 delicta,
3432 1629 3722 1698 inquiebat,

2144 1720 2282 1773 Deus
2314 1719 2622 1775 hominibus
2652 1722 2893 1785 remittit,
2918 1721 3162 1790 superbis
3193 1729 3367 1775 autem
3402 1722 3625 1776 resistit.
3655 1722 3724 1776 Ea

2140 1826 2267 1864 vero
2288 1810 2353 1866 de
2372 1826 2529 1866 causa
2557 1812 2779 1881 populus
2803 1811 3102 1882 indignatus
3128 1813 3179 1866 in
3203 1814 3570 1883 maioremque
3596 1814 3723 1868 iram

2141 1902 2435 1956 concitatus
2472 1911 2572 1956 cst.
2618 1902 2798 1971 Neque
2840 1901 3061 1957 ulterius
3102 1918 3132 1956 a
3180 1903 3441 1958 seditione
3488 1905 3727 1958 revocari

2144 2004 2368 2063 poteral,
2389 1995 2481 2049 sed
2501 2006 2554 2050 et
2581 1995 2630 2049 in
2661 1996 2900 2049 ecclesiis
2925 1996 3051 2064 ipsis
3068 2004 3120 2049 et
3155 1996 3206 2049 in
3226 1994 3342 2052 foro
3373 1997 3728 2051 tumultuaba-

2142 2093 2245 2137 tur.
2277 2085 2462 2154 Ingens
2489 2101 2615 2140 vero
2647 2087 2822 2156 populi
2850 2088 3002 2141 turba
3028 2087 3094 2141 ad
3123 2087 3377 2142 Palatium
3404 2090 3650 2159 perrexit
3672 2099 3726 2144 et

2143 2175 2519 2243 Imperatorem
2559 2177 2839 2248 deprecata
2889 2188 3051 2233 estut
3093 2178 3194 2233 sibi
3240 2189 3509 2249 pastorem
3569 2196 3722 2235 suum

2140 2269 2462 2322 restitueret.

2210 2357 2291 2412 Ea:
2317 2369 2461 2412 terra:
2485 2371 2621 2413 motu
2647 2359 3030 2431 Chrysostomus
3056 2372 3422 2416 revocatur.—
3440 2363 3585 2419 Inter
3611 2363 3722 2418 hare

2137 2457 2313 2502 autem
2339 2448 2524 2503 Palatii
2548 2450 2848 2505 cubiculum
2880 2466 3196 2505 concussum
3224 2463 3323 2517 est,
3351 2462 3405 2507 et
3427 2462 3583 2508 terrze
3611 2469 3724 2509 mo-

2139 2546 2222 2591 tus
2259 2554 2480 2608 magnus
2512 2539 2694 2593 urbem
2726 2542 2997 2609 quassavit
3037 2541 3275 2614 (Pallad.
3311 2541 3450 2596 Dial.
3484 2541 3720 2597 Theodo-

2136 2638 2229 2680 ret.
2253 2627 2290 2681 ι.
2398 2629 2572 2701 σμ’ὅί).
2595 2630 2711 2699 Quo
2737 2631 2931 2685 factum
2956 2642 3010 2686 ut
3036 2634 3313 2701 perterrita
3333 2634 3592 2702 Eudoxio,
3620 2634 3720 2689 lm-

2135 2729 2381 2786 peratore
2409 2722 2566 2774 etiam
2593 2731 2879 2789 annuente,
2908 2724 3104 2792 populo
3130 2725 3513 2793 eouclamante,
3537 2726 3608 2781 de
3635 2743 3719 2782 re-

2136 2813 2373 2868 vocando
2406 2811 2613 2866 Joanne
2651 2821 2906 2867 statutum
2945 2813 3120 2869 fuerit.
3165 2815 3363 2870 Eadem
3409 2816 3521 2884 ipsa
3565 2828 3720 2872 nocte

2134 2905 2372 2959 Eudoxia
2396 2904 2602 2959 litteras
2626 2904 2694 2959 ad
2718 2905 2974 2960 Joannem
3003 2906 3166 2971 misit,
3189 2922 3412 2975 quarum
3438 2908 3717 2962 exordium

2133 2996 2222 3051 ille
2252 2994 2413 3049 refert
2439 2995 2457 3065 (
2483 2995 2668 3066 Chrys.
2693 3006 2731 3051 t.
2759 2996 2813 3051 5.
2835 3011 2883 3051 ε.
2910 2995 3583 3069 H5.L40):Nearbitretur
3612 3016 3721 3052 san-

2131 3088 2275 3140 ctitas
2306 3097 2409 3152 tua,
2435 3086 2622 3155 inquit,
2655 3102 2733 3140 me
2759 3086 2849 3139 illa
2870 3086 3063 3140 novisse
3080 3102 3192 3156 quae
3217 3095 3354 3158 gesta
3379 3098 3498 3140 sunt
3523 3103 3543 3141 :
3573 3091 3720 3141 inuo-

2132 3194 2248 3231 cens
2264 3193 2353 3248 ego
2370 3193 2481 3232 sum
2501 3193 2532 3230 a
2548 3177 2793 3248 sanguine
2817 3187 2924 3230 tuo.
2955 3175 2981 3229 1
2990 3177 3186 3245 mprobi
3214 3189 3257 3231 et
3283 3179 3471 3249 perditi
3491 3180 3717 3232 homines

2132 3269 2261 3323 hanc
2286 3278 2513 3323 struxere
2534 3268 2838 3321 machinam.
2869 3267 2922 3321 Μ
2930 3284 3100 3321 earum
3124 3269 3466 3337 lacrymarum
3489 3270 3629 3322 testis
3648 3279 3717 3322 est

2131 3359 2287 3424 Deus,
2304 3360 2386 3413 cui
2401 3376 2545 3414 sacra
2562 3360 2713 3430 facio.
2732 3358 2910 3429 Pergit
2931 3373 3056 3413 vero
3077 3358 3488 3430 Chrysostomus
3513 3377 3524 3411 :
3549 3359 3716 3427 Quam

2129 3448 2417 3502 libationem
2442 3449 2621 3516 e/fudit
2641 3451 2666 3503 .9
2696 3450 2936 3520 lacryma’
2963 3451 3072 3520 ejus
3104 3450 3274 3503 libatio
3304 3461 3463 3503 erant.
3494 3449 3593 3506 Cui
3629 3467 3716 3503 sa-

2128 3554 2218 3594 Cra
2247 3539 2400 3592 facio.
2433 3539 2684 3594 Sacerdos
2714 3540 2803 3592 illa
2837 3555 3015 3609 nempe
3034 3580 3048 3601 ,
3087 3557 3174 3609 per
3200 3540 3413 3609 seipsam
3438 3541 3677 3593 ordinata
3698 3583 3711 3605 ,

2126 3645 2239 3698 qua:
2270 3628 2377 3682 Deo
2413 3629 2649 3695 offerebat
2684 3630 2934 3699 lacrymas
2956 3670 2971 3694 ,
3004 3631 3365 3700 confessionem
3394 3639 3439 3684 et
3467 3631 3715 3700 perniten-

2125 3721 2268 3786 tiam,
2299 3736 2398 3774 non
2428 3737 2519 3790 pro
2554 3720 2841 3785 sacerdote,
2869 3721 2956 3773 sed
2982 3737 3074 3789 pro
3106 3719 3369 3785 Ecclesia,
3405 3737 3499 3791 pro
3524 3724 3715 3792 populo

2125 3813 2370 3882 disperso.
2409 3810 2608 3865 Mentor
2647 3821 2777 3866 certe
2814 3822 2919 3865 erat
2957 3823 3004 3865 et
3047 3813 3268 3880 ﬁliorum
3298 3822 3343 3865 et
3372 3814 3712 3884 baptismatis.

2124 3901 2399 3956 ltecordor
2428 3917 2523 3971 per
2548 3917 2736 3957 manus
2769 3911 2883 3955 tuas
2912 3902 3050 3955 filios
3078 3917 3229 3956 meos
3268 3901 3429 3956 fuisse
3468 3903 3711 3971 baptiza-

2124 4000 2227 4046 tos.
2266 3990 2391 4045 IIazc
2433 3991 2767 4062 lmperatrix.
2807 3991 2941 4046 lliue
2981 3992 3067 4045 illa
3112 3992 3493 4061 Imperatorem
3537 3994 3706 4060 adiit,

2122 4082 2345 4153 ejusque
2372 4098 2545 4153 genua
2583 4082 2834 4153 tangebat
2863 4099 2985 4138 cum
3017 4084 3264 4153 laerymis
3297 4084 3623 4153 obsecrans,
3655 4098 3710 4140 ut

2122 4173 2453 4228 sacerdotem
2483 4182 2756 4228 revocaret
2788 4191 2801 4227 :
2836 4172 2998 4227 Nulla
3029 4176 3170 4227 nobis
3191 4215 3206 4241 ,
3247 4174 3552 4244 inquiebat,
3597 4192 3709 4247 spes

2119 4264 2333 4335 Imperii
2361 4277 2604 4336 superest,
2637 4266 2733 4320 nisi
2757 4267 2923 4335 ipsum
2953 4266 3268 4318 reducamus.
3295 4264 3443 4319 Illam
3467 4280 3598 4319 vero
3619 4282 3707 4321 vo-

2120 4366 2205 4411 cat
2230 4354 2640 4427 Cltrysostomus
2667 4365 2886 4409 matrem
2916 4355 3292 4421 Ecclesiarum,
3323 4356 3565 4410 altricem
3595 4371 3706 4411 mo-

2120 4448 2433 4516 nachorum,
2463 4457 2767 4502 sanctorum
2795 4455 3091 4515 patronam,
3126 4460 3412 4516 pauperum
3440 4446 3705 4503 baculum.

2120 4542 2227 4595 llas
2251 4557 2410 4611 porro
2427 4539 2611 4594 laudes
2631 4537 3026 4602 Tillemontius,
3046 4553 3075 4592 a
3100 4536 3326 4607 Georgio
3344 4539 3704 4594 Alexandrino

2119 4632 2373 4701 deceptus
2396 4671 2411 4697 ,
2442 4630 2590 4701 quasi
2620 4629 2688 4683 ab
2714 4629 2954 4683 Eudoxia
2983 4628 3149 4683 dictas
3192 4629 3244 4682 in
3282 4628 3503 4684 Joannis
3536 4632 3701 4685 bono-

2116 4737 2252 4789 rem,
2284 4721 2383 4791 ipsi
2411 4720 2606 4776 Joanni
2636 4720 2836 4785 tribuit,
2862 4736 2966 4774 non
2991 4718 3420 4774 animadvertens
3446 4721 3514 4775 ad
3541 4720 3703 4776 Joanc

2118 4828 2238 4867 nem
2267 4828 2371 4866 non
2396 4810 2660 4882 quadrare
2688 4810 2839 4879 illud,
2873 4810 3091 4864 Matrem
3120 4807 3464 4864 Ecclesiarum
3489 4811 3700 4883 (Chrys.

2118 4914 2155 4958 ι.
2188 4906 2242 4960 5.
2269 4919 2315 4957 c.
2345 4902 2469 4961 tto.
2494 4902 2529 4955 l.
2559 4898 2669 4972 15).

2191 4996 2521 5066 Theophilus
2537 5012 2684 5064 vero,
2704 4998 2815 5068 qui,
2839 5005 2973 5053 teste
2994 4996 3228 5052 Palladio
3252 4995 3496 5068 (Pallad.
3514 4997 3696 5068 Dial.),

2115 5087 2369 5142 diaconos
2392 5088 2548 5154 duos,
2578 5104 2805 5159 quorum
2832 5088 2969 5143 alter
2999 5088 3302 5152 homicidii,
3332 5087 3471 5142 alter
3489 5088 3699 5144 adulte-

2116 5181 2179 5235 rii
2209 5195 2366 5236 causa
2392 5179 2617 5248 depositi
2646 5177 2874 5244 fuerant,
2908 5179 2960 5233 in
2987 5177 3270 5248 pristinum
3294 5178 3514 5248 gradum
3544 5180 3698 5233 resti-

2115 5282 2309 5338 luerat,
2328 5273 2438 5343 jam
2462 5282 2595 5327 teste
2610 5271 2839 5342 Georgio
2865 5270 3227 5326 Alexandrino
3254 5272 3307 5325 in
3336 5271 3511 5327 locum
3538 5270 3697 5325 Joan-

2114 5364 2197 5416 nis
2227 5362 2293 5417 ab
2333 5376 2391 5417 se
2434 5361 2674 5432 improbe
2702 5361 2969 5430 depositi,
3003 5360 3164 5414 alium
3192 5361 3501 5431 episcopum
3533 5361 3692 5415 desti-

2114 5463 2335 5509 naverat
2382 5462 2434 5508 et
2464 5453 2834 5509 nominaverat
2853 5495 2868 5518 ,
2901 5460 2955 5509 et
2990 5452 3305 5521 rescriptum
3333 5467 3396 5507 ea
3422 5452 3488 5507 de
3515 5468 3572 5506 re
3599 5451 3695 5505 ha-

2114 5548 2272 5604 bebat
2299 5561 2465 5619 penes
2488 5561 2566 5611 se,
2591 5546 2678 5601 cui
2704 5544 3138 5615 subscripserunt
3159 5545 3371 5613 plurimi
3396 5542 3694 5602 Constanti-

2114 5639 2404 5709 nopolitani
2432 5638 2687 5708 episcopi.
2715 5638 2784 5692 At
2803 5652 2906 5691 non
2934 5636 3173 5706 permisit
3200 5636 3343 5693 Deus
3364 5680 3377 5704 ,
3398 5635 3689 5708 improbum

2114 5732 2413 5803 hujusmodi
2444 5730 2760 5801 rescriptum
2791 5729 2842 5784 in
2873 5730 3043 5785 lucem
3074 5729 3304 5799 prodire.
