3948 6430
201 382 305 438 ⁸205

277 499 528 568 Rogante
545 500 725 568 itaque
747 495 998 561 Eudoxia,
1015 495 1307 564 Imperator
1323 493 1520 562 legatos
1542 491 1684 544 misit
1707 489 1798 559 qui

215 589 477 644 Joannem
508 589 828 643 reducerent
847 625 863 651 ,
894 595 948 641 et
964 586 1229 640 civitatem
1256 581 1488 651 periculo
1516 581 1801 636 liberarent

211 679 385 752 (Socr.
411 679 449 732 ι.
477 679 532 734 6.
557 695 604 733 c.
631 681 717 732 16.
751 677 1012 732 Sozom.l.
1030 677 1083 732 8.
1103 693 1148 728 c.
1171 677 1281 744 18).
1312 675 1436 727 Post
1465 673 1558 727 hos
1581 671 1799 726 secundi

210 769 357 823 missi
373 778 517 835 sunt,
541 777 598 824 et
638 777 758 838 post
785 767 1046 821 secundos
1083 765 1244 829 tertii,
1266 765 1334 818 ita
1361 772 1418 817 ut
1437 763 1704 830 Bosporus
1725 761 1800 814 le-

207 872 453 930 gatorum
512 857 852 912 multitudine
919 856 1236 926 operiretur.
1291 853 1379 909 Sic
1434 851 1800 906 Theodoretus

207 949 280 1020 (ι.
317 949 370 1004 5.
391 965 440 1002 c.
474 949 591 1018 54).
613 948 802 1002 Verum
835 945 1082 1002 Socrates
1116 955 1172 1001 et
1203 946 1529 999 Sozomenus
1558 943 1801 998 lacetan-

210 1051 322 1093 tum
340 1039 525 1092 dicunt
549 1056 562 1090 :
586 1037 877 1106 Imperator
895 1052 1016 1090 eum
1037 1036 1316 1091 celerrime
1335 1035 1572 1089 revocari
1615 1033 1793 1101 jussit.

207 1129 402 1184 Missus
433 1129 590 1196 igitur
619 1129 770 1182 Briso
799 1130 1049 1198 Augustae
1083 1126 1376 1192 eunuchus,
1425 1123 1647 1180 clfettdit
1675 1138 1796 1177 eum

207 1219 459 1279 Praeneti.
477 1218 618 1288 quod
639 1219 933 1287 emporium
955 1227 1036 1272 est
1058 1233 1122 1270 ex
1143 1216 1366 1270 adverso
1387 1213 1705 1268 Nicomediae
1727 1213 1798 1266 si-

206 1317 410 1374 tum,ct
431 1307 920 1376 ConstantinOpolin
949 1305 1121 1361 redire
1144 1305 1310 1373 jubet.
1341 1304 1394 1358 Id
1419 1319 1536 1357 cum
1563 1303 1798 1356 novisset

204 1400 460 1470 populus,
487 1408 541 1453 ttt
561 1401 767 1453 obviam
792 1399 862 1452 illi
889 1397 1216 1468 procederet,
1237 1396 1428 1450 ostium
1452 1394 1790 1462 Propontidis

220 1493 450 1562 navigiis
479 1492 698 1547 obtexit.
729 1491 815 1546 Sic
845 1491 1106 1544 innumeri
1126 1490 1176 1542 in
1198 1502 1476 1542 occursum
1496 1487 1609 1554 ejus
1636 1499 1794 1539 vene-

205 1591 352 1648 runt,
381 1597 566 1636 cereas
619 1581 762 1636 faces
806 1581 1166 1649 praeferentes.
1198 1577 1270 1631 lta
1315 1575 1478 1631 redux
1523 1575 1788 1636 Joannes,

200 1672 382 1726 statim
400 1673 626 1740 negabat
647 1686 705 1726 se
725 1671 774 1724 in
795 1671 976 1724 urbem
997 1670 1355 1738 ingressurum
1374 1682 1511 1728 esse,
1529 1665 1628 1718 nisi
1651 1665 1791 1732 prius

201 1761 256 1815 in
285 1764 490 1830 majore
539 1760 774 1830 judicum
797 1775 1057 1814 consessu
1091 1761 1345 1813 innocens
1385 1757 1786 1810 declaratetur:

201 1853 251 1906 Il‘;
279 1851 613 1918 suburbano,
638 1849 775 1919 quod
799 1850 1045 1903 Mariana:
1062 1849 1256 1902 dicitur
1278 1847 1632 1917 (Sozomenus
1651 1847 1791 1900 Ana-

199 1943 346 2014 plttm
365 1945 566 2011 vocat),
583 1942 834 2004 substitit,
851 1940 1028 2010 ibique
1049 1940 1396 1992 mansit.Cutn
1414 1948 1590 1991 autem
1614 1949 1790 1989 moras

199 2041 463 2098 necteret,
496 2047 667 2101 neque
695 2032 894 2100 ingredi
925 2031 1099 2092 vellet,
1127 2029 1274 2098 plebs
1300 2029 1350 2080 in
1375 2028 1786 2097 indignationem

199 2124 462 2196 prorupit,
504 2125 866 2193 stalimquein
914 2123 1056 2192 ipsos
1107 2121 1461 2190 Imperatores
1509 2120 1786 2173 maledicta

200 2215 498 2284 congessit.
530 2214 758 2284 Ideoque
799 2213 1211 2282 Chrysostomus
1257 2212 1308 2265 in
1357 2211 1539 2266 urbem
1587 2209 1788 2280 ingredi

199 2316 420 2360 coactus
441 2313 542 2369 est,
569 2305 780 2358 obviam
821 2303 896 2356 illi
927 2302 1070 2357 venit
1095 2301 1374 2356 multitudo
1403 2301 1562 2370 vulgi,
1591 2309 1643 2353 et
1669 2315 1786 2352 cum

199 2411 410 2451 summa
446 2395 742 2450 reverentia
773 2394 826 2448 in
853 2393 1136 2448 ecclesiam
1162 2392 1397 2456 deducit,
1428 2407 1588 2446 orans
1616 2401 1669 2443 ut
1693 2405 1790 2458 pro

201 2503 351 2542 more
396 2501 494 2541 sno
541 2487 592 2540 in
641 2484 928 2554 episcOpali
976 2483 1225 2537 cathedra
1267 2481 1469 2544 sedeat,
1513 2491 1566 2533 et
1605 2494 1788 2550 pacem

202 2578 398 2647 popqu
424 2585 762 2646 apprecetur.
792 2571 921 2628 Cum
964 2582 1235 2627 recusaret
1281 2573 1368 2628 ille
1393 2586 1455 2625 ac
1481 2571 1705 2637 diceret,
1736 2569 1787 2624 id

199 2669 441 2740 judicum
485 2669 702 2722 decreto
745 2665 859 2720 ﬁeri
895 2680 1027 2734 opus
1061 2679 1208 2730 esse,
1237 2671 1292 2718 et
1325 2673 1573 2732 oportere
1603 2669 1660 2714 ut
1707 2661 1788 2716 iia

202 2761 394 2832 quibus
427 2759 814 2814 condemnatus
835 2756 1028 2820 fuerat,
1054 2755 1221 2824 ipsum
1253 2753 1589 2807 absolverent
1619 2769 1632 2803 :
1663 2760 1788 2804 tunc

205 2855 430 2922 populus
459 2853 627 2920 magis
656 2851 925 2919 magisque
947 2847 1240 2900 concitatus
1267 2845 1437 2913 ipsum
1469 2842 1788 2897 concionan-

205 2957 308 3000 tetu
354 2943 535 2997 videre
586 2941 803 2996 omnino
845 2937 1044 3005 voluit,
1091 2946 1147 2992 et
1169 2936 1400 2991 Joannes
1441 2933 1541 3002 ipsi
1581 2947 1786 2985 morem

203 3052 395 3109 gerere
416 3045 632 3092 coactus
656 3043 758 3088 est.

269 3127 457 3184 Redin:
481 3127 861 3198 Cltrysostomus
883 3125 1132 3178 orationes
1149 3122 1278 3175 duas
1303 3119 1603 3174 [rubet—In
1621 3119 1790 3174 eccle-

203 3221 278 3278 sia
302 3231 484 3276 autem
513 3218 910 3290 Apostolorum,
943 3216 994 3270 itt
1021 3230 1178 3284 quam
1221 3224 1345 3266 tunc
1376 3215 1644 3283 ingressus
1683 3220 1784 3277 est,

203 3313 519 3369 concionem
559 3309 970 3378 extemporalem
999 3315 1052 3361 et
1081 3305 1449 3360 brevissimam
1495 3303 1679 3356 habuit
1723 3301 1788 3356 ad

204 3405 476 3475 populum,
502 3402 591 3456 ubi
623 3401 730 3455 Deo
755 3399 1022 3454 multoties
1049 3397 1338 3458 benedixit,
1357 3404 1408 3449 et
1427 3394 1561 3448 hanc
1580 3409 1786 3459 vocem,

205 3493 506 3548 Benedictus
557 3491 721 3557 Deus,
771 3489 1074 3558 frequenter
1115 3485 1473 3556 pronuntiavit
1502 3483 1784 3554 (Chrysost.

204 3593 243 3636 t.
283 3595 330 3639 r.
373 3581 523 3648 459)
582 3600 596 3636 :
647 3583 879 3651 dicitque
923 3579 1165 3634 inimicos
1207 3591 1332 3631 suos
1375 3588 1638 3629 amatores
1688 3575 1786 3628 sibi

204 3677 405 3731 tnultos
450 3675 818 3730 conciliavisse
857 3675 1123 3740 etiamque
1150 3669 1383 3733 Judmos,
1415 3669 1554 3738 quod
1585 3677 1636 3721 et
1657 3667 1790 3720 infra

207 3767 420 3835 repetit.
451 3767 528 3820 Ac
557 3764 625 3820 de
656 3773 802 3818 tanta
833 3761 1170 3817 multitudine
1195 3759 1452 3832 gaudens,
1472 3757 1650 3811 laetitia
1669 3773 1792 3827 per-

209 3860 354 3916 fusus
401 3859 568 3915 dicit:
602 3859 772 3913 Hodie
814 3859 1062 3914 circenses
1103 3865 1237 3922 sunt,
1264 3863 1310 3907 et
1335 3869 1480 3907 nemo
1524 3852 1683 3914 adest,
1708 3849 1796 3902 sed

208 3969 380 4007 outnes
421 3953 473 4006 in
514 3952 774 4006 ecclesiam
820 3967 909 4004 ceu
963 3959 1202 4004 torrentes
1245 3948 1617 4016 con/luxerunt.
1645 3943 1714 3998 Se
1743 3943 1794 3996 in

211 4045 440 4101 ecclesia
467 4044 560 4099 SS.
595 4043 966 4113 Apostolorum
1015 4039 1316 4096 concionari
1348 4037 1671 4099 testificatur,
1708 4033 1795 4087 tibi

209 4147 366 4194 erant
389 4137 446 4191 S.
476 4135 739 4190 Timothei
781 4133 1038 4202 reliquias.
1072 4132 1128 4186 lu
1156 4133 1259 4186 fine
1298 4143 1425 4184 vero
1455 4128 1608 4196 lupos
1645 4123 1797 4178 aufu-

211 4230 354 4300 gisse
379 4227 528 4292 dicit,
546 4240 653 4295 quo
667 4225 1001 4280 subindicare
1016 4223 1227 4276 videtur
1250 4220 1418 4288 ipsum
1441 4214 1798 4284 Theophilum

210 4323 320 4392 jam
350 4335 418 4376 ex
443 4319 658 4374 civitate
685 4329 958 4388 egressum
983 4328 1102 4368 esse
1135 4331 1147 4366 :
1179 4325 1296 4381 quae
1323 4317 1497 4362 tamen
1541 4320 1629 4359 res
1653 4303 1798 4358 diffi-

213 4415 413 4470 cultate
437 4427 542 4467 non
572 4419 744 4466 vacat.
773 4410 1091 4479 lnsequente
1114 4405 1200 4459 die
1235 4403 1394 4457 aliam
1443 4398 1626 4453 habuit
1667 4413 1798 4451 con-

215 4508 423 4562 cionetn
460 4503 753 4574 longiorem
787 4519 800 4556 :
833 4501 888 4555 in
913 4514 1015 4570 qua
1044 4498 1217 4567 primo
1261 4495 1589 4548 Pharaonem
1629 4487 1796 4558 IEgy-

220 4597 386 4668 ptiutn
407 4602 680 4663 comparat
702 4607 823 4647 cum
866 4591 970 4645 alio
1009 4587 1282 4660 Egyptio,
1323 4584 1413 4655 qui
1462 4581 1601 4670 haud
1643 4579 1801 4670 dubie

218 4697 300 4743 est
328 4685 679 4755 Theophilus,
721 4682 1001 4752 episcopus
1051 4676 1462 4740 Alexandrinus,
1498 4672 1728 4740 dicitque
1749 4669 1802 4723 in

219 4778 324 4834 hac
351 4775 605 4831 Ecclesiae
645 4773 949 4830 calamitate
980 4767 1262 4824 haireticos
1289 4765 1354 4820 ad
1382 4763 1538 4818 fidem
1583 4773 1806 4816 conver-

218 4883 312 4923 sos
354 4866 538 4922 fuisse.
564 4863 778 4920 Judzeos
820 4860 1068 4916 meliores
1091 4857 1346 4921 evasisse,
1370 4863 1527 4924 atque
1557 4851 1619 4904 ad
1647 4848 1805 4904 Chri-

219 4959 427 5016 stianos
469 4955 801 5016 accurrisse;
845 4953 899 5006 in
943 4946 1246 5019 hujusmodi
1303 4953 1478 4998 autem
1509 4940 1808 4995 calamitate

219 5049 592 5122 baptisterium
619 5047 873 5118 sanguine
902 5041 1164 5112 repletum
1201 5038 1384 5093 fuisse.
1410 5032 1617 5122 Laudat
1639 5045 1806 5122 popu-

222 5121 335 5198 lum
364 5157 394 5194 a
435 5140 540 5195 fide
574 5147 630 5193 et
668 5135 990 5192 constantia.
1042 5129 1346 5196 Deindeque
1385 5121 1713 5179 convertitur
1755 5121 1809 5173 in

225 5233 414 5288 laudes
440 5228 693 5286 Eudoxia:
717 5228 988 5296 Augustte,
1011 5221 1161 5290 cujus
1186 5216 1424 5288 epistola:
1451 5213 1514 5266 ad
1543 5227 1602 5267 se
1633 5211 1810 5264 missa}

227 5335 437 5396 partem
499 5319 706 5382 adfert,
758 5317 1008 5383 illamque
1073 5308 1330 5366 encomiis
1370 5304 1622 5359 celebrat.
1671 5300 1808 5354 Dicit

224 5429 406 5474 autem
434 5415 540 5482 hic,
577 5421 636 5466 ut
661 5425 840 5480 supra,
873 5407 1114 5462 inimicos
1143 5404 1196 5456 in
1227 5399 1401 5470 fugam
1442 5409 1626 5450 versos
1670 5407 1807 5447 esse.

228 5509 468 5564 Alteram
494 5513 615 5575 post
652 5499 879 5555 reditum
919 5511 1071 5551 suum
1099 5491 1366 5548 homiliam
1399 5486 1582 5540 habuit
1608 5483 1815 5554 longio—

226 5615 367 5664 rem,
397 5574 513 5668 qua‘.
539 5594 606 5649 de
635 5591 930 5644 Chananaea
960 5583 1287 5649 inscribitur,
1309 5581 1377 5635 de
1403 5592 1505 5649 qua
1527 5574 1812 5631 videndum

225 5693 488 5750 Mouitum
515 5694 753 5747 nostrum
783 5680 844 5734 T.
873 5679 930 5748 5,
967 5682 1017 5726 C.
1045 5673 1168 5727 447.
1602 5743 1606 5750 _

285 5782 448 5838 Aiunt
465 5778 709 5833 Socrates
725 5769 896 5844 (Socr.
913 5766 1060 5822 t.6.c.
1078 5761 1565 5836 17)etSozomcnus
1582 5754 1811 5827 (Sozam.

1401 373 1578 432 NUNC
1616 375 1876 432 PRIMUM
1917 376 2308 434 ADORNATA.

3382 393 3489 449 906

1891 490 1944 558 _l.
1965 491 2016 546 8.
2035 507 2080 544 c.
2100 491 2210 562 19),
2226 502 2498 562 postquam
2515 495 2744 552 Joannes
2761 498 2813 552 in
2832 499 3012 554 sedem
3036 515 3188 556 suam
3210 505 3486 562 restitutus

1907 581 2077 636 fuerat
2093 583 2444 654 Theophilum
2466 586 2758 642 lleraclidis
2773 603 2984 645 causam
3011 602 3066 646 ct
3093 592 3484 651 ordinationem

1906 674 2174 743 inquirere
2210 676 2462 741 voluisse,
2507 686 2565 732 ut
2609 677 2731 732 inde
2757 680 3087 736 occasionem
3133 684 3390 752 arriperet
3417 685 3483 740 ad

1904 761 2162 818 Joannem
2208 765 2584 821 damnandum.
2633 767 2938 822 Heraclides
2980 787 3106 825 vero
3141 787 3244 826 non
3277 773 3481 841 aderat,

1910 863 2188 925 tamenque
2216 857 2286 911 de
2317 858 2404 912 illo
2431 858 2648 913 absente
2669 859 3023 927 judicabatur,
3054 864 3200 930 quasi
3223 864 3480 934 quosdam

1907 945 2102 1013 injuste
2149 946 2490 1014 damnasset,
2529 958 2584 1003 et
2633 951 2834 1003 catenis
2878 950 3082 1004 vinctos
3125 967 3220 1022 per
3255 954 3481 1008 mediam

1903 1035 2253 1105 Ephesiorum
2303 1039 2486 1092 urbem
2538 1039 3142 1109 traduxisset.Cumque
3161 1041 3392 1096 Joannes
3427 1053 3482 1098 et

1903 1127 1992 1195 qui
2038 1142 2156 1180 eum
2207 1128 2296 1182 illo
2341 1129 2563 1182 aderant
2605 1128 2846 1182 dicerent
2883 1129 2950 1183 de
2991 1131 3300 1185 absentibus
3338 1131 3480 1200 judi-

1901 1217 2040 1270 cium
2083 1217 2208 1272 ferrt
2253 1233 2356 1271 non
2397 1218 2612 1283 debere,
2646 1219 2986 1273 Alexandrini
3033 1230 3217 1274 contra
3259 1230 3477 1274 conten-

1900 1308 2127 1372 debant,
2174 1309 2530 1364 admittendos
2569 1325 2688 1363 esse
2747 1318 3086 1364 accusatores
3149 1309 3476 1376 Heraclidis,

1900 1401 2024 1456 licet
2047 1417 2166 1456 eum
2197 1403 2468 1456 absentem
2515 1412 2848 1455 accusarent.
2901 1401 3089 1456 Gravis
3129 1401 3252 1456 inde
3292 1403 3479 1456 seditio

1901 1491 2042 1546 inter
2071 1491 2686 1562 Constantinopolitanos
2715 1500 2769 1545 et
2798 1491 3191 1545 Alexandrinos
3217 1503 3332 1545 orta
3357 1502 3475 1547 est:

1897 1584 2286 1652 commissaque
2331 1599 2529 1652 pugna,
2563 1583 2712 1637 multi
2739 1583 3268 1652 vulnerati,.quidam
3315 1584 3478 1636 etiam

1897 1673 2196 1742 interempti
2223 1683 2366 1728 sunt.
2403 1674 2524 1728 llaec
2565 1687 2687 1726 eum
2711 1673 2918 1726 videret
2947 1673 3303 1742 Theophilus,
3335 1673 3478 1728 illico

1895 1764 2272 1820 Alexandriam
2313 1763 2535 1833 aufugit.
2568 1762 2711 1817 Idem
2739 1763 2829 1816 alii
2860 1778 3070 1832 quoque
3109 1762 3480 1832 feceruntepi-

1893 1855 2059 1923 scopi,
2089 1862 2281 1924 praeter
2323 1868 2519 1922 paucos
2548 1853 2637 1922 qui
2667 1851 2885 1906 Joannis
2930 1863 3104 1920 partes
3152 1853 3470 1906 tuebantur:

1894 1947 2174 2014 cunctique
2200 1951 2408 2012 arrepta
2432 1943 2550 2012 fuga
2574 1942 2637 1996 ad
2669 1957 2791 1996 suas
2812 1942 2966 1996 sedes
2996 1950 3350 1996 reverterunt.

1963 2037 2106 2101 Haec,
2125 2043 2400 2104 postquam
2414 2034 2645 2087 Joannes
2661 2034 2711 2085 in
2725 2032 2905 2085 sedem
2921 2048 3067 2084 suam
3087 2033 3357 2084 restitutus
3371 2031 3474 2086 fue-

1893 2135 1994 2186 rat,
2018 2135 2164 2194 gesta
2196 2123 2360 2178 fuisse
2391 2123 2627 2178 referunt
2655 2121 2900 2176 Socrates
2925 2130 2976 2175 et
3001 2120 3360 2184 Sozomenus,
3383 2122 3472 2190 qui

1895 2225 2194 2284 postremus
2226 2217 2372 2270 illum
2401 2215 2506 2284 jam
2535 2215 2838 2269 restitumm
2865 2213 3026 2268 fuisse
3049 2221 3330 2281 antequam
3361 2212 3474 2266 haec

1893 2319 2176 2377 agerentur
2203 2317 2383 2376 aperte
2413 2305 2560 2360 dicit.
2598 2304 2848 2360 Socrates
2877 2320 3004 2358 vero
3046 2305 3272 2370 idipsum
3317 2318 3472 2372 pror-

1894 2413 1984 2451 sus
2027 2398 2278 2451 insinnat.
2310 2397 2440 2450 Nam
2491 2407 2770 2466 postquam
2793 2395 3051 2450 Joannem
3075 2397 3182 2463 jam
3211 2397 3258 2447 in
3291 2395 3471 2447 sedent

1893 2503 2041 2543 suam
2082 2487 2360 2541 reductum
2410 2486 2571 2540 fuisse
2615 2495 2961 2551 narraverat,
3007 2494 3166 2554 caput
3208 2485 3471 2538 decimum

1893 2579 2177 2648 septimum
2223 2578 2446 2644 orditur,
2499 2576 2588 2630 ubi
2633 2577 2746 2630 haec
2786 2584 3147 2640 recensentur,
3177 2584 3233 2627 ιιι
3258 2587 3470 2626 causam

1891 2669 2196 2723 certaminis
2222 2669 2358 2720 inter
2379 2665 2992 2734 Constantinopolitanos
3013 2674 3065 2719 et
3085 2663 3472 2717 Alexandrinos

1893 2769 1945 2813 et
1973 2759 2144 2828 fugam
2177 2759 2218 2812 T
2225 2757 2460 2826 lteOpbili
2481 2756 2698 2810 referat.
2728 2756 2782 2810 Si
2827 2767 3003 2809 autem
3048 2756 3161 2808 haec
3205 2755 3298 2808 ita.
3323 2761 3470 2822 gesta

1894 2851 2019 2913 sint,
2053 2849 2334 2903 dicendum
2366 2863 2485 2902 esse
2513 2847 2726 2901 videtur
2749 2846 3100 2914 Theophilum
3143 2844 3323 2913 paucis
3359 2843 3474 2896 die-

1895 2939 1992 2993 bus
2037 2947 2157 3009 post
2201 2941 2500 2992 restitutum
2528 2936 2786 2992 Joannem
2817 2935 3102 3004 aufugisse,
3135 2945 3186 2988 et
3209 2935 3329 2986 ideo
3359 2943 3474 2987 tan-

1896 3030 2065 3082 tillum
2097 3030 2358 3082 mansisse
2379 3026 2860 3095 Constantinopoli,
2909 3026 3031 3094 quia
3073 3039 3193 3079 cum
3241 3023 3474 3079 Joannes

1895 3131 2172 3174 revocatus
2201 3119 2402 3180 fuisset,
2433 3132 2538 3169 non
2565 3115 2958 3170 contradixerat
2984 3114 3194 3182 quidem
3228 3114 3346 3178 ille;
3379 3113 3472 3167 sed

1894 3225 2012 3263 cum
2056 3209 2351 3262 Heraclidis
2391 3221 2607 3260 causam
2637 3205 2687 3258 itt
2721 3205 2951 3257 medium
2983 3205 3305 3272 protulisset,
3334 3217 3472 3270 quo-

1896 3302 2035 3354 niam
2063 3299 2149 3354 hic
2174 3314 2202 3350 a
2230 3297 2434 3352 Joanne
2481 3295 2756 3350 ordinatus
2799 3293 2988 3358 fuerat,
3024 3292 3076 3345 itt
3115 3292 3473 3358 suspicionem

1895 3391 2142 3454 venisse,
2189 3387 2328 3458 quod
2377 3402 2586 3440 rursum
2637 3384 2854 3438 Joannis
2897 3397 3112 3437 causam
3175 3380 3474 3449 disquirere

1895 3483 2072 3548 vellet,
2121 3491 2177 3534 ut
2221 3482 2367 3534 illum
2421 3478 2630 3532 tandem
2663 3492 2691 3529 a
2722 3475 2847 3528 sede
2889 3471 3472 3540 Constantinopolitano

1897 3573 2220 3628 deturbaret.
2253 3571 2448 3624 Verum
2496 3579 2669 3622 tamen
2701 3577 2781 3620 est
2808 3565 3243 3634 Cltrysostomum
3275 3564 3323 3615 itt
3367 3561 3478 3629 cpi—

1896 3665 2031 3719 stola
2059 3664 2124 3716 ad
2148 3661 2508 3716 Innocentium
2538 3657 2716 3712 dicere
2769 3671 2828 3711 se
2859 3653 2962 3726 (T.
2980 3655 3030 3711 5.
3044 3644 3138 3713 col.
3153 3653 3272 3710 552.
3291 3651 3326 3704 l.
3357 3649 3469 3721 58)

1896 3765 2174 3826 postquam
2219 3753 2269 3805 in
2310 3751 2490 3804 sedem
2537 3763 2685 3802 suam
2715 3747 2990 3800 restitutus
3015 3751 3118 3809 est,
3152 3741 3221 3794 ab.
3251 3739 3482 3808 Impera-

1901 3855 2015 3900 tore
2037 3843 2348 3914 postulasse.
2380 3850 2434 3892 ut
2456 3837 2726 3909 Synodum
2750 3841 2985 3904 cogeret,
3011 3831 3099 3886 ubi
3119 3830 3186 3884 de
3201 3843 3294 3882 sua
3317 3839 3478 3882 causa

1893 3934 2220 4004 judicaretur
2249 3949 2260 3984 :
2293 3941 2346 3985 et
2374 3945 2493 3982 eunt
2540 3927 2602 3980 ad
2652 3927 2792 3979 illam
2819 3921 3109 3992 cogendam
3137 3915 3481 3988 Imperatoris

1901 4027 2069 4078 litera:
2097 4025 2146 4076 itt
2181 4021 2359 4074 omnia
2400 4019 2515 4073 loca
2562 4018 2919 4077 mitterentur,
2951 4009 3305 4080 TlteOphilum
3343 4006 3482 4062 male

1901 4117 2001 4172 sibi
2030 4115 2324 4176 conscium,
2359 4112 2530 4164 media
2558 4117 2734 4172 nocte,
2757 4121 3047 4160 conscensa
3079 4102 3197 4156 navi
3221 4117 3342 4155 cum
3373 4098 3483 4153 suis

1901 4204 2186 4275 aufugisse.
2219 4201 2367 4256 Unde
2397 4195 2651 4266 consequi
2686 4193 2917 4256 videtur,
2969 4189 3320 4258 TheOphilnm
3366 4193 3484 4254 post

1902 4296 2129 4352 reditum
2155 4291 2375 4348 Joannis
2412 4289 2613 4357 aliquot
2633 4285 2820 4338 diebus
2849 4277 3304 4346 ConstantinOpOIi
3331 4291 3484 4329 man-

1903 4387 2057 4452 sisse,
2085 4383 2254 4437 donec
2280 4379 2526 4434 videlicet
2569 4383 2790 4444 rogante
2825 4372 3029 4428 Joanne
3076 4369 3374 4437 Imperator
3417 4365 3482 4417 li-

1903 4487 2046 4532 teras
2077 4474 2268 4542 ubique
2298 4470 2441 4524 misit
2466 4469 2530 4524 ad
2555 4465 2826 4538 Synodum
2857 4460 3170 4530 cogendam.
3190 4457 3324 4511 Cum
3352 4468 3482 4524 ergo

1905 4567 1956 4621 itt
1983 4563 2342 4624 conciOuibus,
2369 4575 2498 4630 quas
2531 4560 2584 4612 in
2606 4557 2690 4610 die
2714 4554 2915 4608 reditus
2933 4561 2981 4605 ct
3000 4547 3251 4620 postridie
3275 4547 3478 4610 ltabuit,

1907 4658 2046 4712 dicat
2063 4655 2304 4710 inimicos
2321 4667 2444 4705 suos
2465 4649 2750 4718 aufugisse,
2767 4646 2844 4699 sic
2862 4640 3233 4710 intelligendus
3251 4637 3484 4691 videtur.

1981 4750 2264 4817 Postquam
2292 4742 2524 4814 episcopi
2545 4740 2638 4804 illi,
2659 4739 2744 4808 qui
2761 4733 3035 4806 Synodum
3064 4733 3115 4786 in
3137 4729 3344 4797 Quercu
3361 4741 3488 4781 con-

1910 4841 2208 4899 stituerant,
2254 4849 2372 4888 cum
2401 4831 2567 4901 gloria
2607 4828 2856 4882 reducem
2893 4823 3131 4876 videntes
3164 4818 3486 4888 Chrysosto-

1913 4945 2077 4992 mum,
2111 4927 2494 4986 discesserant;
2525 4917 2882 4987 Tlte0philus,
2908 4915 2994 4981 qtti
3029 4904 3486 4976 ConStantinopoli

1914 5031 2037 5075 tunc
2055 5028 2194 5082 erat,
2209 5015 2535 5086 quiescebat,
2567 5025 2666 5063 nec
2687 5017 2867 5062 contra
2892 5005 3039 5058 illum
3061 5001 3328 5073 quidpiam
3360 5011 3480 5066 pro-

1913 5113 2056 5168 ferre
2077 5109 2212 5163 ultra
2231 5104 2458 5159 audebat
2482 5120 2495 5155 :
2527 5103 2641 5154 [nec
2659 5107 2804 5153 certe
2823 5096 2991 5165 potuit
3009 5090 3296 5163 generatim
3311 5087 3488 5142 dicere

1913 5201 2341 5270 Chrysostomus.
2381 5192 2624 5260 Alioquin
2661 5197 2791 5243 vero
2832 5187 2948 5240 hmo
3006 5179 3483 5238 Alexandrinorum

1915 5265 2649 5354 cum-Constantinopolitanis
2671 5277 2937 5334 contentio
2954 5283 3009 5330 et
3025 5289 3195 5344 pugna
3217 5281 3320 5322 non
3339 5265 3488 5318 vide-

1918 5394 2000 5438 tur
2015 5395 2168 5452 posse
2179 5385 2302 5432 ante
2313 5373 2679 5446 Chrysostomi
2695 5371 2918 5425 reditum
2943 5361 3220 5420 accidisse.
3251 5355 3487 5412 Severia-

1904 5446 2253 5541 nus—quoque
2279 5466 2602 5522 Gabalorum
2630 5462 2821 5530 aliique
2841 5466 3030 5512 omnes
3055 5449 3267 5508 Joannis
3289 5446 3487 5501 inimici

1919 5536 2090 5634 fugam
2127 5536 2380 5616 fecerunt.
2409 5557 2567 5612 Addit
2610 5569 2735 5608 vero
2774 5546 3036 5605 Palladius
3057 5543 3086 5615 ‘(
3102 5541 3310 5598 Pallad.

1917 5629 2530 5723 Constantinpolitanos
2546 5642 2893 5712 Theophilum
2915 5637 3244 5708 quresivisse,
3269 5642 3326 5688 ut
3342 5629 3493 5686 illum

1921 5750 1974 5796 in
2005 5763 2150 5801 mare
2181 5747 2569 5812 demergercnt.
2789 5732 2794 5742 ’
