3948 6466
451 391 554 444 207

529 509 654 560 Post
678 503 959 570 TheOphili
993 500 1165 570 fugam
1194 513 1301 554 non
1351 499 1578 553 cessavit
1625 499 2037 570 Chrysostomus

455 614 472 668 t
512 600 574 654 Τ.
601 600 653 653 5.
680 613 728 649 c.
756 594 878 650 532.
902 611 955 648 η.
984 593 1018 646 '5
1047 592 1065 661 )
1093 591 1473 660 Imperatorem
1509 590 1739 660 precari,
1776 599 1830 642 ιιι
1871 590 2043 661 Syno-

455 690 555 743 dus
586 689 774 742 iterum
805 693 1085 755 cogeretur
1114 682 1179 737 ad
1209 697 1423 736 causam
1451 697 1599 736 suam
1630 681 2040 746 retractandum,

457 793 620 850 utque
660 779 989 847 TheOphilus
1028 778 1240 833 adesset
1277 777 1515 847 rogabat.
1545 776 1683 830 Misit
1729 775 2040 844 Imperator,

455 873 544 940 qni
591 870 945 940 Theophilum
991 869 1168 923 redire
1212 867 1461 937 juberent
1523 881 1645 920 cum
1707 865 2045 920 consortibus

457 963 566 1015 suis
594 963 862 1026 omnibus,
891 972 948 1015 ut
975 971 1249 1030 gestorum
1275 973 1493 1013 suorum
1546 959 1809 1013 rationem
1855 957 2046 1012 redde-

460 1065 596 1106 rent.
629 1052 722 1108 Ille
749 1069 876 1108 vero
905 1052 1243 1122 Imperatoris
1287 1051 1459 1120 jussui
1505 1067 1610 1106 non
1639 1051 2044 1121 obtemperavit,

463 1155 760 1212 prmtexens
806 1147 984 1217 p0puli
1028 1145 1364 1207 seditionem,
1394 1145 1484 1213 qui
1521 1145 1902 1215 Chrysostomo
1932 1152 2045 1196 stu-

461 1235 640 1290 debat.
667 1235 850 1306 Neque
880 1245 1054 1290 tamen
1085 1235 1312 1290 cessavit
1339 1233 1754 1306 Chrysostomus
1779 1235 1845 1288 ab
1875 1233 2046 1301 Impe-

463 1336 640 1379 ratore
684 1327 950 1395 postulare
989 1336 1047 1380 ut
1089 1325 1338 1398 Synodus
1384 1336 1682 1396 cogeretur,
1709 1327 1758 1380 in
1787 1341 1887 1395 qua
1935 1325 2048 1394 ipse

463 1431 677 1470 causam
709 1433 859 1471 suam
894 1429 1270 1488 propugnaret.
1321 1419 1648 1488 Supererant
1692 1417 1864 1472 adhuc
1909 1417 2049 1474 Con—

463 1506 805 1577 stantinopoli
837 1510 1037 1578 aliquot
1065 1511 1300 1580 episcopi
1327 1510 1467 1582 Syri,
1490 1511 1578 1580 qui
1614 1525 1734 1564 eum
1755 1509 2050 1577 'I‘thphilo

465 1597 517 1650 in
546 1597 762 1667 Synodo
788 1599 852 1652 ad
877 1599 1140 1665 Quercum
1186 1611 1369 1656 contra
1412 1599 1672 1654 Joannem
1723 1600 2043 1654 sententiam

463 1689 740 1744 dixerant:
772 1690 868 1744 hos
899 1691 1056 1745 etiam
1086 1691 1300 1762 Synodo
1329 1701 1454 1744 tunc
1494 1689 1748 1759 cogendae
1794 1691 2051 1744 interesse

462 1783 682 1851 rogabat
707 1781 959 1836 Joannes.
992 1782 1182 1836 Narrat
1219 1797 1348 1836 vero
1375 1781 1706 1837 Sozomenus
1750 1781 1982 1851 (Sozam.
2011 1780 2048 1836 Ι.

462 1873 515 1928 8.
561 1889 606 1927 c.
655 1871 773 1944 I9),
823 1883 942 1944 post
1002 1889 1304 1944 regressum
1362 1873 1731 1944 Chrysostomi
1781 1873 2051 1942 sexaginta

463 1961 677 2019 circiter
701 1965 981 2034 episeOpos
1001 2006 1015 2028 ,
1039 1965 1128 2034 qui
1169 1965 1634 2034 Constantinopoli
1653 1973 2013 2019 convenerant
2036 2005 2049 2028 ,

462 2066 577 2110 acta
623 2056 824 2126 Synodi
863 2057 916 2110 in
959 2057 1169 2124 Quercu
1208 2057 1354 2111 nulla
1399 2071 1521 2112 esse
1560 2056 1950 2122 declaravisse,
1999 2065 2054 2110 et

465 2155 592 2199 tunc
631 2144 1070 2218 Chrysostomum
1118 2147 1443 2217 episcopalia
1466 2149 1642 2203 munia
1675 2151 2049 2217 resumpsisse.

470 2234 778 2290 Reclamant
803 2251 930 2291 vero
961 2237 1145 2308 nuperi
1188 2237 1478 2306 scriptores
1525 2238 1625 2293 hac
1655 2237 1800 2292 ducti
1826 2237 2051 2291 ratione.

465 2325 519 2379 Si
551 2325 653 2380 hoc
684 2326 753 2379 ita
779 2336 988 2398 gestum
1031 2326 1237 2393 fuisset,
1271 2327 1372 2382 hoc
1397 2338 1542 2383 certe
1571 2328 1792 2383 dixisset
1820 2327 2054 2398 Chryso-

467 2428 673 2471 stomus
701 2416 1007 2473 Innocentio
1032 2418 1210 2489 Papae,
1239 2433 1360 2488 qum
1393 2426 1540 2488 gesta
1563 2417 1773 2472 fuerant
1796 2418 2050 2472 referens.

468 2507 660 2562 Verum
681 2507 1010 2564 Sozomenus
1041 2525 1144 2564 non
1175 2510 1304 2564 dicit
1335 2509 1432 2564 hos
1470 2511 1750 2579 episcopos
1777 2509 2050 2580 Synodum

465 2598 850 2665 celebravisse;
897 2601 988 2655 sed
1040 2601 1212 2654 solum
1262 2601 1565 2656 declarasse
1610 2601 2051 2672 Cltrysostomum

467 2688 658 2756 injuste
679 2689 978 2760 depositum
1011 2692 1210 2757 fuisse;
1235 2703 1288 2746 et
1311 2703 1416 2746 tam
1447 2693 1607 2746 multa
1629 2693 1861 2748 Joannes
1892 2702 2048 2760 tacet,

465 2788 521 2830 ut
552 2779 786 2833 nesciam
813 2795 879 2833 an
911 2779 1027 2849 ejus
1052 2780 1264 2834 silentio
1303 2781 1499 2850 aliquid
1544 2792 1728 2836 contra
1771 2783 2052 2837 Sozomeni

465 2870 822 2924 narrationem
847 2869 1028 2924 inferri
1058 2871 1249 2940 possit.

537 2959 654 3014 Non
703 2960 954 3015 diuturna
999 2960 1233 3016 Joannes
1284 2965 1662 3033 tranquillitate
1711 2966 1810 3020 frui
1862 2967 2050 3035 potuit.

468 3049 743 3105 Postduos
786 3067 1015 3122 namque
1055 3061 1268 3106 exactos
1312 3069 1340 3106 a
1387 3055 1558 3108 reditu
1602 3071 1834 3119 menses,
1884 3056 2054 3126 inquit

466 3137 728 3195 Palladius
753 3156 806 3210 p.
839 3142 1128 3206 75,rerum
1180 3145 1401 3198 mutatio
1441 3155 1614 3215 cmpta
1655 3156 1738 3202 est
1780 3165 1792 3198 :
1835 3147 2053 3202 Joannis

463 3232 604 3285 enim
631 3231 829 3287 inimici
866 3233 996 3288 nihil
1037 3249 1144 3289 non
1173 3236 1460 3290 movebant
1485 3243 1544 3291 ut
1568 3237 1788 3307 pristina
1819 3247 1934 3292 acta
1962 3253 2052 3294 re-

467 3333 725 3393 peterent.
774 3327 1032 3381 Arcadius
1077 3343 1206 3382 vero
1249 3328 1545 3398 Imperator
1588 3331 1730 3386 mitis
1779 3329 2052 3401 facilisque

463 3424 596 3480 erat,
622 3416 714 3471 sed
743 3431 806 3470 ex
840 3415 1033 3487 ingenii
1062 3418 1276 3473 levitate
1305 3418 1372 3474 ad
1398 3421 1716 3475 sententiam
1745 3423 2051 3477 mutandam

466 3522 684 3575 pronus.
710 3506 950 3562 Eudoxia
995 3524 1125 3562 vero
1162 3511 1400 3581 Augusta
1441 3512 1611 3577 illum,
1642 3523 1699 3567 ut
1736 3501 1970 3584 putatur,
1995 3527 2053 3572 ut

462 3608 649 3653 contra
674 3598 934 3654 Joannem
961 3600 1139 3656 denuo
1167 3604 1380 3657 saeviret
1419 3605 1722 3660 concitavit.
1755 3605 1936 3676 Neque
1963 3623 2052 3662 re-

467 3688 567 3745 fert
593 3689 881 3757 Palladius,
913 3708 1014 3763 qua
1043 3692 1111 3748 de
1140 3707 1300 3748 causa
1343 3695 1430 3749 illa
1458 3695 1716 3752 Joannem
1742 3697 1920 3751 denuo
1950 3701 2051 3754 im-

466 3785 696 3852 petierit,
731 3793 894 3855 atque
923 3794 982 3840 ut
1032 3801 1152 3840 eum
1199 3786 1507 3844 deturbaret
1544 3803 1730 3844 omnes
1779 3791 2050 3845 machinas

464 3877 729 3932 moverit:
761 3893 946 3932 verum
981 3877 1232 3934 Socrates
1260 3889 1314 3934 et
1353 3879 1683 3936 Sozomenus
1710 3883 1848 3936 hanc
1875 3882 2050 3939 denuo

465 3967 602 4036 pulsi
624 3967 844 4023 Joannis
872 3969 1208 4025 occasionem
1236 3971 1528 4040 proferunt.

535 4058 880 4131 Chrysostomi
920 4061 1118 4115 dicendi
1161 4063 1363 4116 libertas
1420 4061 1710 4118 Eudoxt'am
1749 4066 1912 4118 denuo
1959 4083 2048 4120 ea:-

461 4151 1022 4222 asperat.——Argcntea
1041 4159 1214 4207 statua
1233 4153 1490 4210 Eudoxiaz
1512 4159 1782 4226 Augusta),
1805 4157 2048 4213 muliebri

462 4241 598 4295 stola
619 4242 850 4310 amictae,
873 4259 1031 4314 supra
1053 4245 1221 4300 basim
1240 4255 1294 4301 et
1316 4247 1614 4302 columnam
1646 4258 1825 4303 erecta
1855 4248 2045 4317 fuerat,

463 4333 705 4400 proxime
735 4334 1017 4388 ecclesiam
1039 4335 1095 4390 S.
1124 4336 1367 4405 SOphizc;
1397 4337 1465 4390 ita
1493 4347 1552 4392 ut
1596 4338 1733 4392 inter
1769 4347 2048 4409 utramque

463 4422 632 4476 inedia
663 4423 936 4478 dumtaxat
965 4425 1151 4493 plateae
1172 4427 1253 4478 via
1275 4426 1552 4496 interjeela
1574 4438 1715 4483 esset
1735 4429 1905 4499 (Socr.
1934 4429 1964 4482 l.
1992 4429 2044 4484 6.

463 4528 511 4562 ι,
540 4511 625 4566 18.
655 4512 863 4567 Sozam.
891 4515 928 4567 ι.
961 4514 1016 4566 8.
1044 4531 1090 4566 c.
1136 4515 1254 4583 20).
1300 4517 1438 4570 Ante
1487 4518 1626 4570 illam
1673 4529 1899 4573 statuam
1951 4536 2047 4590 pro

466 4611 678 4670 recepto
703 4617 851 4656 more
878 4604 1159 4672 populares
1185 4604 1294 4658 ludi
1319 4605 1572 4660 celebrati
1600 4617 1742 4661 sunt.
1782 4608 1935 4679 Saepe
1967 4611 2046 4664 vi-

465 4693 639 4745 dimus
677 4690 1116 4764 Chrysoslomum
1161 4703 1345 4750 contra
1398 4695 1702 4765 hujusmodi
1747 4703 2046 4769 spectacula

463 4781 1014 4854 declamantem,quia
1051 4800 1243 4855 nempe
1273 4785 1324 4839 in
1353 4785 1657 4856 hujusmodi
1701 4789 1918 4844 ludicris
1959 4808 2047 4846 re-

467 4873 563 4926 bus
589 4887 803 4942 sempcr
823 4874 1062 4944 quadam
1089 4875 1522 4942 admittebantur,
1553 4893 1671 4948 qua:
1719 4879 2048 4937 Christiano-

466 4979 582 5016 rum
615 4963 852 5018 moribus
895 4975 949 5019 et
976 4981 1115 5020 vera:
1141 4968 1320 5036 pietati
1344 4969 1771 5026 adversarentur.
1815 4972 2047 5042 Quapro-

463 5061 580 5122 pter
603 5053 1042 5125 Chrysostomus,
1082 5071 1204 5111 cum
1250 5056 1366 5112 hazc
1407 5068 1533 5114 ante
1577 5061 1758 5116 valvas
1805 5063 2047 5120 ecclesiae

462 5143 598 5202 facta
611 5157 847 5202 cerneret
860 5147 1155 5217 ,priStinam
1172 5150 1421 5219 loquendi
1435 5150 1730 5207 libertatem
1746 5169 2042 5221 resumens,

461 5246 650 5291 contra
674 5251 766 5292 eos
783 5239 872 5308 qui
898 5239 1157 5308 ejusmodi
1181 5239 1334 5295 ludos
1359 5243 1634 5308 curabant,
1655 5245 1739 5299 vel
1761 5245 1864 5300 illis
1891 5248 2048 5302 inter-

467 5339 616 5382 erant
637 5371 652 5397 ,
685 5345 806 5384 cum
837 5329 1169 5385 vehementia
1191 5331 1345 5387 solita
1391 5335 1734 5392 concionatus
1762 5348 1864 5392 est.
1897 5338 2046 5395 Hanc

467 5429 521 5471 ut
560 5423 939 5477 contumeliam
979 5438 1009 5476 a
1050 5422 1256 5478 Joanne
1306 5425 1404 5480 sibi
1434 5426 1630 5481 illatam
1661 5428 1822 5484 fuisse
1857 5439 2046 5499 putans

469 5506 724 5578 Eudoxia,
750 5513 800 5566 in
831 5514 964 5568 iram
991 5515 1276 5576 concitata,
1312 5531 1499 5570 rursus
1534 5519 1905 5589 episcoporum
1949 5523 2046 5593 Sy-

469 5599 663 5652 nodum
689 5603 943 5658 adversus
971 5605 1121 5659 illum
1145 5607 1456 5676 congregari
1481 5610 1705 5663 curavit.

537 5687 634 5742 Hic
658 5704 819 5759 porro
841 5693 1089 5750 Socrates
1119 5710 1178 5751 se
1205 5696 1425 5752 Joannis
1448 5707 1595 5768 gesta
1619 5700 1919 5770 improbare
1943 5719 2044 5758 non

469 5777 786 5835 dissimulat.
813 5781 1089 5838 Debuisset
1110 5787 1276 5854 enim,
1311 5791 1500 5859 inquit,
1530 5795 1674 5862 prius
1699 5794 1888 5848 blanda
1917 5796 2041 5852 hor-

1521 383 1576 437 S.
1619 383 1897 438 JOANNIS
1937 381 2410 438 CI—IIIYSOSTOMI
2452 383 2633 450 VITA,

3643 387 3742 443 9.08

2149 499 2350 553 tatioue
2379 499 2709 568 Principibus
2739 499 2984 567 suadere,
3015 508 3074 554 ut
3101 499 3168 555 ab
3197 499 3499 570 hujusmodi
3530 500 3744 560 ludicris

2150 588 2504 654 abstinerent,
2535 604 2704 658 neque
2728 590 2936 658 probris
2964 591 3221 660 impetere
3247 606 3361 655 eos,
3390 595 3482 662 qui
3514 595 3615 648 ista
3639 596 3746 650 fieri

2151 688 2534 748 prmceperant.
2559 679 2755 734 Verum
2777 681 2896 748 quis
2925 681 3026 736 scit
3053 697 3119 735 an
3147 683 3441 751 Augustam
3473 699 3580 738 non
3605 686 3748 754 prius

2153 769 2421 823 monuerit
2448 778 2663 823 sanctus
2685 769 2947 823 antistes?
2967 770 3150 832 Certe,
3175 772 3442 827 referente
3463 773 3749 844 TheOpha-

2152 874 2239 924 ne,
2270 858 2685 930 Chrysostomus
2717 860 3030 915 Prmieclum
3057 861 3234 926 urbis,
3272 861 3408 917 ludis
3447 861 3748 932 hujusmodi

2153 951 2515 1021 prmpositum,
2547 950 2646 1006 hac
2673 951 2741 1006 de
2772 967 2830 1006 re
2861 951 3085 1007 monuit.
3109 949 3204 1006 Ille
3235 966 3362 1005 vero
3382 992 3397 1017 ,
3449 951 3542 1021 qui
3583 953 3748 1008 Mani-

2152 1043 2332 1096 chzcus
2358 1053 2492 1109 erat,
2528 1043 2826 1098 Eudoxiam
2859 1044 2987 1098 adiit
3022 1044 3322 1097 nuntiatum
3353 1044 3427 1100 illi
3458 1059 3567 1097 non
3599 1059 3746 1113 posse

2152 1134 2407 1188 Joannem
2440 1135 2598 1201 ferre,
2629 1143 2686 1189 ut
2707 1143 2898 1190 statuae
2919 1150 3031 1190 suae
3052 1134 3226 1190 honor
3249 1134 3620 1202 exhiberetur,
3647 1151 3748 1205 quo

2154 1227 2320 1297 magis
2348 1228 2584 1282 animum
2610 1228 2727 1297 ejus
2756 1238 3122 1297 exasperaret.

2224 1317 2460 1373 Eudoxia
2504 1319 2664 1390 igitur
2713 1319 2765 1374 id
2814 1321 2865 1373 in
2909 1319 3286 1374 contumeliam
3337 1333 3490 1372 suam
3544 1317 3746 1373 dictum

2155 1419 2426 1478 reputans,
2462 1425 2646 1464 rursus
2678 1410 2900 1466 Joannis
2928 1411 3215 1480 perniciem
3243 1410 3547 1464 machinata
3574 1421 3676 1475 est,
3699 1421 3750 1465 et

2155 1499 2427 1571 Synodum
2453 1501 2828 1570 episcoporum
2860 1502 3115 1556 adversus
3140 1502 3287 1555 illum
3318 1503 3634 1571 congregari
3660 1517 3749 1556 cu-

2157 1593 2311 1647 ravit.
2351 1593 2405 1647 Id
2453 1595 2536 1647 ubi
2586 1594 2799 1648 rescivit
2828 1593 3061 1648 Joannes
3082 1636 3096 1659 ,
3127 1595 3170 1648 si
3215 1593 3345 1646 fides
3372 1594 3441 1647 sit
3464 1594 3672 1647 Socrati
3700 1603 3750 1645 et

2155 1683 2453 1739 Sozomeno
2475 1725 2488 1747 ,
2518 1685 2662 1738 illam
2713 1685 2986 1738 homiliam
3026 1684 3242 1751 habuit,
3270 1699 3389 1754 qum
3415 1686 3495 1739 sic
3523 1685 3708 1752 incipit
3733 1700 3748 1737 :

2162 1775 2383 1829 Rursum
2411 1775 2662 1829 Herodias
2687 1776 2832 1845 furit.
2865 1775 3151 1830 Homiliam
3181 1791 3311 1830 vero
3343 1775 3426 1828 his
3457 1774 3641 1831 verbis
3669 1775 3748 1828 in-

2157 1869 2438 1936 cipientem
2465 1869 2516 1922 in
2541 1879 2728 1924 octavo
2749 1869 2919 1922 Tomo
2945 1869 3081 1922 inter
3102 1864 3629 1937 spuriasedidimusc.
3647 1868 3756 1920 583;.

2160 1961 2308 2016 Putat
2322 1973 2494 2016 autem
2509 1961 3040 2017 SaviliusGrmculum
3056 1961 3354 2030 quempiam
3370 1960 3610 2028 ineptum
3624 1958 3750 2012 etin.

2158 2051 2370 2106 doctum
2383 2092 2397 2118 ,
2416 2067 2534 2106 cum
2549 2051 2686 2122 apud
2699 2052 2969 2108 Socratem
2982 2053 3401 2107 etSozomenum
3429 2049 3533 2105 hoc
3545 2049 3752 2105 concio-

2159 2144 2241 2198 nis
2258 2143 2572 2213 principium
2589 2144 2805 2199 vidisset
2827 2185 2841 2210 ,
2868 2143 3004 2198 hanc
3021 2143 3332 2198 concionem
3358 2141 3749 2210 ineptissimam

2158 2235 2433 2303 prmmisso
2449 2234 2751 2304 hujusmodi
2777 2235 3035 2305 principio
3056 2234 3306 2289 edidisse.
3331 2236 3398 2286 At
3416 2248 3537 2287 cum
3567 2232 3751 2301 hujus-

2159 2326 2301 2380 modi
2323 2326 2564 2396 opusculi
2593 2337 2780 2380 auctor
2805 2325 3206 2395 antiquissimus
3237 2325 3305 2377 sit
3334 2324 3482 2393 (nam
3509 2323 3580 2376 ab
3607 2324 3750 2376 Ana-

2157 2419 2319 2472 stasio
2344 2417 2545 2474 Sinaita
2575 2416 2829 2489 citatur),
2864 2417 3113 2473 libentius
3152 2416 3425 2471 crederem
3475 2415 3580 2470 hoc
3623 2431 3754 2486 opu-

2157 2511 2362 2565 sculum
2405 2526 2434 2564 a
2483 2511 2728 2567 Graeculo
2763 2511 2992 2582 quodam
3020 2553 3035 2578 ,
3085 2519 3370 2580 antequam
3416 2507 3674 2564 Socrates
3702 2519 3754 2562 et

2157 2600 2485 2656 Sozomenus
2515 2601 2844 2666 scriberent,
2878 2601 3196 2656 adornatum
3227 2601 3406 2654 fuisse.
3433 2599 3554 2654 Non
3586 2615 3750 2668 pauca

2158 2693 2300 2746 enim
2349 2691 2606 2746 habemus
2655 2693 2931 2760 epuscula,
2973 2692 3135 2748 etiam
3177 2691 3543 2762 Chrysostomi
3597 2699 3753 2744 aetate

2158 2783 2318 2847 edita,
2351 2781 2466 2851 ejus
2499 2782 2716 2837 nomine
2743 2783 3026 2852 publicata.

2229 2872 2298 2929 Ut
2325 2883 2381 2928 ut
2410 2889 2494 2929 res
2520 2883 2636 2941 est,
2663 2873 2883 2930 Joannis
2927 2875 3160 2940 inimici,
3215 2890 3327 2929 rem
3374 2873 3476 2927 sibi
3519 2889 3588 2927 ex
3631 2883 3753 2925 voto

2157 2963 2350 3018 cedere
2379 2965 2653 3029 videntes,
2709 2964 2775 3019 ad
2804 2964 3160 3034 TheOphilum
3210 2961 3589 3019 Alexandriam
3633 2963 3754 3016 mit-

2159 3065 2304 3121 tttnt,
2340 3055 2614 3110 hortantes
2647 3064 2706 3110 ut
2733 3055 3234 3125 Constantinopolin
3278 3054 3522 3119 veniret,
3550 3063 3677 3118 aut,
3709 3054 3753 3106 si

2158 3149 2368 3217 plebem
2397 3147 2801 3211 reformidaret,
2847 3146 2925 3202 rei
2955 3147 3204 3217 gerenda:
3233 3145 3445 3200 modum
3476 3144 3580 3198 sibi
3613 3158 3751 3213 pra:-

2158 3239 2435 3293 scriberet.
2479 3237 2811 3308 Theophilus
2842 3253 2972 3292 vero
3003 3252 3210 3292 memor
3237 3234 3376 3290 haud
3419 3235 3493 3288 ita
3540 3233 3752 3303 pridem

2159 3330 2414 3386 transacti
2459 3331 2715 3400 periculi,
2768 3329 2944 3383 denuo
2989 3329 3124 3382 istuc
3173 3328 3274 3382 iter
3319 3326 3601 3394 suscipere
3645 3340 3752 3378 non

2157 3437 2318 3478 ausus
2342 3430 2459 3487 est;
2482 3421 2576 3477 sed
2599 3420 2744 3476 misit
2773 3428 2882 3475 tres
2903 3420 3180 3491 epiSCOpos
3199 3460 3213 3482 ,
3242 3417 3462 3472 Paulum
3487 3457 3502 3479 ,
3528 3415 3748 3470 Ptnme-

2157 3531 2278 3569 nem
2305 3522 2361 3569 et
2385 3514 2546 3568 alium
2570 3527 2756 3567 recens
2780 3511 3100 3575 ordinatum;
3125 3510 3267 3564 misit
3303 3509 3461 3563 etiam
3487 3509 3750 3577 quosdam

2156 3619 2413 3669 canones,
2432 3619 2567 3674 quos
2589 3603 2844 3658 adversus
2867 3603 3080 3657 beatum
3100 3600 3444 3654 Athanasium
3473 3599 3658 3653 Ariani
3678 3597 3753 3652 fe-

2159 3704 2374 3760 cerant,
2411 3704 2470 3747 ut
2514 3694 2578 3748 iis
2615 3701 2896 3748 uterentur
2940 3692 3198 3746 adversus
3227 3690 3510 3745 Joannem.
3550 3689 3617 3743 l-Ii
3657 3703 3751 3742 au-

2157 3795 2264 3840 tem
2293 3800 2527 3840 canones
2567 3785 2620 3839 in
2649 3783 2985 3839 Antiocheno
3011 3783 3239 3838 concilio
3267 3781 3394 3835 anni
3436 3780 3536 3835 541
3570 3780 3746 3849 publi-

2155 3875 2260 3930 cati
2283 3874 2514 3930 fuerant.
2543 3874 2600 3928 In
2624 3875 2687 3929 iis
2708 3889 2838 3929 vero
2859 3874 3216 3937 statuebatur,
3241 3881 3298 3926 ut
3319 3872 3364 3927 si
3394 3871 3517 3940 quis
3537 3871 3748 3939 episco-

2156 3982 2255 4036 pus
2285 3983 2316 4021 a
2361 3967 2594 4021 concilio
2635 3965 2865 4036 quodam
2897 3965 3175 4035 depositus
3203 3963 3291 4019 vel
3331 3977 3398 4017 ex
3447 3976 3538 4026 se,
3566 3961 3655 4016 vel
3682 3977 3744 4015 ex

2155 4059 2418 4130 imperiali
2446 4059 2763 4114 auctoritate
2787 4058 2970 4114 sedem
2999 4073 3154 4112 suam
3193 4063 3495 4126 repeteret,
3537 4058 3590 4108 in
3622 4069 3742 4123 per-

2155 4163 2380 4221 petuum
2403 4151 2512 4220 jam
2545 4151 2820 4220 depositus
2853 4160 3097 4204 maneret
3117 4191 3132 4214 ,
3159 4164 3259 4203 nee
3284 4155 3464 4217 posset
3491 4161 3740 4214 umquam

2154 4242 2219 4295 ad
2244 4256 2464 4296 causam
2493 4241 2774 4296 dicendam
2819 4241 3050 4295 admitti.
3097 4239 3207 4294 Nec
3251 4236 3610 4306 TheOphilum
3652 4251 3742 4305 pu-

2154 4332 2269 4387 duit
2319 4333 2635 4387 Arianorum
2690 4347 2965 4395 canones,
3021 4331 3088 4385 ad
3142 4328 3449 4400 pellendum
3501 4337 3737 4382 sanctqu

2153 4424 2502 4478 Athanasium
2551 4423 2840 4488 conﬂatos,
2896 4422 2964 4476 ad
2995 4422 3208 4478 beatum
3253 4419 3518 4475 Joannem
3560 4434 3592 4474 e
3618 4418 3739 4474 sedc

2153 4513 2501 4584 rejiciendum
2531 4513 2804 4568 adhibere.

2223 4608 2458 4663 Joannes
2483 4623 2611 4661 vero
2646 4605 2711 4660 ad
2733 4604 2994 4675 synodum
3036 4619 3093 4659 se
3121 4611 3402 4660 venturum
3433 4610 3487 4658 et
3524 4614 3736 4655 causam

2153 4699 2420 4754 dicturum
2465 4713 2584 4753 esse
2611 4698 2878 4768 pollicitus
2921 4695 3094 4751 fuerat
3136 4713 3147 4748 :
3192 4693 3482 4749 dummodo
3534 4693 3600 4756 ii,
3655 4689 3737 4759 qui

2152 4798 2338 4859 aperte
2363 4789 2562 4844 inimici
2586 4788 2686 4842 sibi
2711 4799 2886 4850 erant,
2914 4802 2977 4841 ex
3001 4786 3238 4855 judicum
3261 4783 3477 4839 sedibus
3509 4797 3739 4836 remove-

2151 4891 2382 4935 rentur:
2416 4895 2520 4933 non
2571 4879 2781 4934 auditus
2836 4890 3011 4932 tamen
3049 4877 3331 4931 damnatus
3377 4873 3572 4927 fuerat.
3618 4871 3740 4926 Tale

2152 4985 2281 5025 vero
2312 4969 2504 5041 synodi
2531 4985 2696 5040 genus
2730 4969 2829 5024 hoc
2860 4968 3077 5023 nomine
3104 4963 3480 5036 appellandum
3503 4977 3609 5016 non
3628 4974 3740 5016 esse

2152 5061 2498 5131 conspicuum
2527 5070 2628 5114 est.
2671 5059 2781 5114 Nec
2822 5060 2927 5113 nisi
2976 5057 3313 5128 imperatoris
3352 5056 3503 5124 jussu
3536 5069 3565 5105 a
3618 5051 3740 5105 sede

2155 5154 2340 5222 pulsus
2359 5195 2374 5219 ,
2399 5153 2749 5222 ejusdemque
2785 5153 2937 5222 jussu
2981 5153 3032 5206 in
3063 5151 3244 5204 sedem
3270 5162 3520 5202 reversus
3551 5146 3736 5199 fuerat.

2151 5247 2234 5301 Ab
2266 5247 2533 5316 episcopis
2561 5246 2896 5317 congregatis
2915 5286 2930 5310 ,
2976 5244 3180 5312 majore
3225 5255 3448 5296 numero
3477 5254 3642 5308 quam
3672 5239 3737 5300 ii,

2152 5341 2242 5410 qui
2284 5339 2560 5411 Synodum
2620 5339 2687 5393 ad
2736 5340 3001 5406 Quercum
3048 5333 3472 5398 constituebant,
3527 5345 3736 5386 causam

2152 5447 2301 5486 suam
2326 5441 2709 5502 propugnatam
2733 5431 2896 5484 fuisse
2916 5427 3144 5484 dicebat.
3168 5425 3476 5494 Eodemque
3501 5432 3740 5492 tempore

2153 5521 2502 5592 The0pliilus,
2539 5523 2626 5592 qui
2663 5523 2712 5574 in
2744 5521 2843 5576 hac
2874 5517 3295 5588 Pseudosyuodo
3322 5516 3626 5585 prmeipuus
3657 5513 3739 5580 ju-

2152 5616 2254 5670 dex
2295 5615 2550 5680 sedebat,
2600 5615 2652 5670 in
2682 5629 2898 5669 causam
2944 5620 3163 5666 vocatus
3194 5609 3396 5674 fuerat,
3442 5617 3501 5661 ut
3528 5616 3738 5674 septua-

2153 5709 2297 5776 ginta
2337 5708 2766 5768 criminationum
2797 5706 2968 5776 capita
2997 5702 3290 5774 depelleret
3317 5741 3332 5764 ,
3361 5711 3415 5754 et
3446 5699 3574 5752 falsa
3620 5710 3733 5750 esse

2157 5799 2562 5870 comprobaret,
2592 5802 2662 5854 ita
2691 5811 2746 5853 ut
2770 5800 2944 5852 cuinia
2974 5806 3157 5850 contra
3184 5796 3269 5864 jus
3301 5795 3483 5862 fasque
3507 5793 3556 5844 in
3583 5803 3642 5844 ca
3667 5787 3729 5842 ad
