3948 6400
205 317 294 373 εοθ

203 433 449 498 Quercum
475 428 692 503 Synodo
717 441 834 486 acta
865 445 1079 500 essent,
1132 436 1175 488 si
1227 446 1403 492 tamen
1445 439 1644 510 Synodi
1677 457 1772 496 ro-

203 539 310 580 men
337 535 648 579 mereretur.
677 524 808 580 Cum
838 541 966 580 vero
994 527 1191 582 Natalis
1212 529 1327 583 dies
1362 531 1570 585 Domini
1597 531 1770 588 adve-

202 614 352 668 nisset
387 613 576 685 (Socr.
611 616 646 667 ι.
674 614 726 668 6.
761 631 804 667 ε.
846 615 944 684 18)
967 658 980 682 ,
1012 616 1306 687 Imperator
1332 619 1398 674 ad
1442 621 1728 677 ecclesiam
1753 664 1767 688 ,

202 706 265 758 uti
290 715 665 770 consueverat,
703 720 806 758 non
849 708 1074 762 accessit
1105 750 1118 770 ,
1149 711 1240 763 sed
1271 710 1460 766 Joanni
1501 715 1771 769 mandavit

200 810 251 851 se
277 811 376 848 non
421 797 569 864 prius
601 811 719 849 eum
753 797 843 850 illo
872 800 1392 857 communicaturum
1422 819 1572 872 esse,
1607 822 1767 876 quam

201 888 328 940 illata
353 887 449 942 sibi
481 888 703 941 crimina
731 888 992 944 diluisset.

281 978 515 1048 Synodus
545 980 782 1033 adversus
827 980 1239 1051 Clirysostomum
1261 984 1426 1038 denuo
1454 988 1672 1055 cogitur.
1697 1019 1769 1028 —

202 1067 328 1122 lluIti
359 1084 512 1138 porro
537 1070 771 1139 episcopi
795 1086 1010 1126 venere.
1039 1072 1113 1126 Ex
1142 1073 1293 1143 Syria
1323 1091 1473 1141 vero,
1497 1074 1769 1146 Cappado-

199 1161 268 1212 cia
291 1201 305 1222 ,
347 1161 511 1215 Ponto
538 1170 592 1215 et
624 1161 848 1233 Phrygia
884 1163 1113 1219 universi
1156 1167 1548 1235 metropolitani
1575 1179 1628 1223 et
1655 1169 1770 1238 epi-

202 1253 328 1321 scopi
357 1254 654 1324 congregati
684 1264 846 1322 sunt,
880 1272 1050 1325 exque
1095 1257 1214 1312 aliis
1243 1259 1428 1313 vicinis
1455 1261 1761 1331 regionibus

203 1341 414 1412 (Pallad.
461 1343 715 1416 Dialog.).
746 1345 887 1400 Inter
911 1347 1030 1401 illos
1050 1357 1226 1402 autem
1267 1349 1355 1403 isti
1379 1361 1757 1417 memorantur,

202 1437 404 1491 Aeacius
435 1437 635 1490 Bermm
656 1479 670 1503 ,
700 1438 952 1492 Leontius
992 1441 1247 1512 Ancyra),
1280 1443 1593 1496 Ammonius
1619 1443 1756 1498 Lao-

203 1529 346 1583 diceae
397 1531 446 1584 in
501 1530 693 1602 Syria,
742 1547 859 1603 qna:
911 1533 1106 1588 Adusta
1157 1535 1564 1601 nominabatur,
1614 1537 1765 1591 Briso

203 1621 558 1692 Philippopolis
589 1625 640 1678 in
692 1625 918 1679 Thracia
943 1666 959 1692 ,
989 1626 1304 1682 Theodorus
1332 1628 1558 1700 Tyanae,
1610 1631 1762 1698 Cyri-

206 1731 290 1770 nus
316 1716 660 1772 Chalcedonis
679 1761 694 1786 ,
729 1719 969 1788 Elpidius
993 1719 1271 1776 Laodicea:
1299 1721 1349 1775 in
1377 1722 1526 1792 Syria
1549 1765 1562 1788 ,
1594 1722 1764 1776 Tran-

203 1808 370 1878 quillus
416 1819 468 1864 et
510 1811 601 1864 alii
646 1811 1041 1880 quamplurimi.
1089 1812 1221 1865 Dum
1279 1814 1392 1868 haec
1449 1824 1760 1884 agerentur,

202 1901 405 1959 Joannes
429 1903 690 1974 adjunctis
732 1904 1080 1975 quadraginta
1117 1905 1324 1960 duobus
1351 1906 1617 1976 episcopis
1637 1922 1764 1961 con-

204 2007 364 2051 vcntus
401 1997 628 2067 agebat,
659 2006 714 2052 et
757 1996 986 2066 populus
1013 2011 1202 2065 magna
1231 2013 1350 2052 cum
1385 1998 1549 2052 animi
1576 1998 1766 2052 alacri-

205 2095 293 2142 tate
315 2087 420 2158 ejus
461 2087 705 2143 doctrina
740 2087 1031 2144 fruebatur.
1061 2088 1209 2144 Solet
1237 2089 1377 2143 enim
1406 2105 1553 2143 vana:
1581 2089 1764 2159 gloria:

208 2193 372 2249 expers
415 2181 629 2236 animus
668 2181 720 2235 in
749 2180 1138 2235 calamitatibus
1159 2181 1531 2250 jncundiorem
1570 2192 1624 2237 et
1665 2197 1763 2252 po-

204 2270 450 2325 tentiorem
480 2287 789 2326 sermonem
815 2271 1112 2327 effundere.
1144 2271 1286 2326 Inter
1330 2288 1423 2326 eos
1450 2273 1538 2342 qui
1570 2272 1762 2326 Joanni

203 2361 447 2428 favebant,
493 2370 654 2418 erant
697 2362 974 2432 Elpidius,
1035 2362 1412 2433 Tranquillus,
1456 2362 1761 2417 Alexander

203 2451 597 2524 Ilasilinopoleos
641 2455 692 2509 in
738 2454 984 2524 Bithynia
1011 2496 1027 2520 ,
1058 2453 1374 2510 Theodorus
1399 2454 1595 2525 Tyana:
1618 2497 1631 2520 ,
1684 2457 1764 2508 vir

203 2543 369 2610 probus
400 2563 411 2597 :
444 2546 529 2616 qni
561 2561 688 2600 cum
719 2560 780 2598 ex
815 2546 913 2613 iis,
945 2561 1064 2615 qua:
1093 2553 1216 2600 tunc
1245 2545 1294 2599 in
1319 2545 1594 2615 colloquiis
1625 2545 1763 2600 fcre-

202 2637 362 2690 bantur
383 2678 396 2704 ,
425 2638 716 2708 Theophili
748 2637 1194 2708 conspirationem
1239 2637 1627 2701 intellexisset,
1681 2653 1764 2692 re-

201 2728 314 2784 lictis
339 2731 578 2786 omnibus
626 2730 942 2795 insalutatis,
991 2729 1279 2784 Ecclesiam
1325 2743 1472 2783 suam
1517 2731 1761 2798 repetiit,

201 2827 388 2899 longum
416 2831 725 2886 valedicens
751 2830 1036 2886 Comitatui
1065 2831 1176 2886 sive
1205 2831 1339 2885 aulae
1380 2828 1761 2900 Imperatorim,

198 2932 419 2990 suamque
436 2921 792 2992 provinciam,
811 2923 976 2992 inquit
993 2922 1256 2977 Palladius
1275 2921 1503 2992 Dialog.,
1519 2920 1585 2975 ad
1604 2921 1762 2975 tinem

199 3024 339 3083 usque
359 3014 404 3067 in
431 3015 530 3070 fide
559 3014 927 3070 Romanorum
956 3023 1386 3084 perseverantem
1411 3013 1761 3069 conservavit.

256 3103 481 3175 Episcopi
511 3113 698 3160 autem
731 3120 916 3160 omnes
950 3121 1069 3161 cum
1112 3105 1387 3161 venissent
1418 3104 1586 3176 (Anno
1615 3101 1762 3172 404),

199 3194 544 3268 cujuscumque
581 3198 748 3268 partis
779 3207 956 3253 essent
976 3240 991 3265 ,
1025 3213 1144 3252 cum
1173 3197 1374 3252 Joanne
1402 3196 1765 3252 communica-

198 3303 304 3345 vere
325 3333 338 3356 ,
374 3308 437 3349 ne
465 3293 657 3349 eadem
685 3293 829 3363 ipsa,
862 3309 980 3363 qua:
1025 3294 1172 3363 prius
1192 3335 1206 3358 ,
1249 3295 1573 3349 acciderent.
1605 3291 1760 3359 Quod

198 3393 297 3434 eum
315 3382 376 3438 ad
399 3400 554 3441 aures
593 3384 934 3454 Imperatoris
963 3394 1014 3440 et
1043 3386 1296 3456 Augustae
1323 3385 1592 3449 venisset,
1624 3399 1767 3454 :rgre

201 3475 400 3531 tulerunt
435 3479 506 3534 illi
553 3495 676 3534 eam
717 3493 839 3534 cum
889 3479 1094 3534 Joanne
1140 3479 1592 3534 communionem.
1630 3477 1764 3532 Cum

201 3579 338 3633 porro
363 3568 599 3625 Joannes
627 3571 679 3623 in
709 3568 984 3641 Synodum
1015 3570 1280 3635 venisset,
1307 3569 1525 3624 adfuere
1551 3583 1766 3624 accusa-

197 3666 319 3714 tores
334 3661 441 3731 ejus
460 3681 471 3715 :
491 3663 587 3734 qui
610 3677 729 3718 cum
754 3663 1018 3733 egregiam
1039 3663 1154 3733 ejus
1181 3663 1343 3717 animi
1365 3661 1606 3716 fiduciam
1620 3662 1769 3717 vide-

200 3759 320 3816 rent,
337 3753 508 3808 animo
535 3753 826 3818 cadebant,
847 3755 917 3808 ita
940 3765 996 3808 ut
1018 3756 1103 3809 vix
1127 3755 1267 3824 loqui
1284 3754 1558 3810 auderent.
1581 3754 1633 3808 Id
1654 3753 1766 3808 ani.

199 3843 568 3902 madvertentes
595 3846 830 3915 epise0pi
861 3846 1049 3917 reliqui
1074 3847 1244 3916 (Socr.
1275 3847 1314 3901 l.
1342 3846 1395 3901 6.
1436 3864 1482 3900 c.
1507 3846 1595 3917 I8)
1619 3887 1633 3910 ,
1662 3861 1771 3900 cte-

200 3939 320 3986 teras
342 3936 548 4004 quidem
575 3937 974 3991 criminationes
1016 3937 1302 3992 mittendas
1331 3951 1451 3992 esse
1479 3937 1765 4002 duxerunt,

198 4021 255 4076 de
281 4023 371 4079 hoc
415 4038 596 4084 autem
642 4041 749 4082 uno
779 4028 1130 4098 quaestionem
1177 4028 1477 4082 habendam
1525 4044 1645 4083 esse
1669 4028 1766 4082 de-

197 4112 541 4184 claraverunt,
586 4117 727 4188 quod
757 4126 876 4187 post
913 4117 1298 4187 depositionem
1329 4117 1530 4188 absque
1565 4117 1767 4188 Synodi

200 4205 488 4262 auctoritate
511 4248 526 4274 ,
578 4221 676 4262 suo
707 4207 874 4276 ipsius
912 4209 1135 4263 arbitrio
1176 4208 1533 4278 episcopalem
1586 4208 1768 4263 sedem

201 4288 477 4352 invasisset.
523 4295 784 4352 Leontius
831 4313 958 4354 vero
997 4300 1312 4369 Ancyrauns
1360 4307 1415 4352 et
1453 4299 1771 4354 Ammonius

200 4380 507 4445 laodicenus
535 4388 818 4461 Theophili
843 4391 1146 4461 opinionem
1174 4400 1490 4461 sequentes,
1514 4391 1651 4447 hanc
1678 4407 1771 4447 St)-

206 4473 295 4530 lam
335 4483 684 4548 qumsdonem
722 4482 1038 4538 movendam
1078 4497 1197 4539 esse
1225 4484 1473 4539 dixerunt
1517 4482 1768 4556 (Pallad.

203 4565 326 4622 Dial.
353 4570 499 4627 Socr.
533 4574 573 4627 ι.
598 4572 649 4627 6.
672 4589 718 4627 c.
746 4573 856 4643 I8).
876 4573 1172 4644 ReSpondit
1190 4589 1316 4630 vero
1344 4574 1599 4642 Joannes,
1621 4576 1776 4646 quin-

200 4672 290 4723 que
317 4668 366 4714 et
415 4664 688 4733 sexaginta
713 4664 993 4734 episeopos
1036 4666 1272 4735 quicum
1317 4665 1431 4735 ipso
1477 4667 1775 4721 communi-

202 4763 473 4822 caverant,
513 4757 616 4810 hoc
649 4755 951 4812 decrevisse
977 4801 992 4827 ,
1044 4769 1102 4812 nt
1150 4759 1351 4814 scilicet
1404 4759 1587 4815 sedem
1622 4776 1774 4815 suam

201 4852 468 4909 repeteret.
497 4847 753 4904 Leontius
778 4860 985 4916 contra,
1009 4851 1110 4905 hoc
1137 4851 1471 4906 mendacium
1493 4852 1775 4923 impuden-

207 4940 276 4986 ler
302 4938 512 5004 protulit
539 4957 552 4993 :
593 4938 802 5008 Plures,
833 4942 1029 5012 inquit,
1057 4945 1196 5014 fuere
1217 4984 1230 5009 ,
1259 4959 1288 4996 ο
1323 4942 1548 4997 Joannes
1567 4986 1582 5011 ,
1619 4947 1705 5015 qui
1733 4954 1779 4998 te

206 5025 251 5077 in
277 5027 478 5098 Synodo
505 5035 984 5090 condenmaverunl.
1015 5037 1071 5090 Id
1115 5037 1257 5107 quod
1300 5052 1367 5091 ne
1407 5039 1496 5092 alii
1527 5039 1740 5109 quidem
1761 5079 1776 5106 ,

213 5121 285 5185 tui
317 5124 364 5176 in
391 5124 605 5196 Synodo
627 5130 694 5183 ad
719 5129 985 5198 Quercum
1014 5131 1248 5198 fuerant,
1293 5131 1471 5186 dicere
1497 5132 1612 5186 ausi
1652 5131 1782 5186 fuis-

208 5222 333 5267 sem.
365 5218 444 5271 Ad
483 5218 597 5274 hmc
625 5235 753 5276 vero
782 5221 993 5276 dicebat
1033 5221 1266 5276 Joannes
1306 5237 1564 5277 canonem
1596 5223 1781 5289 illum,

211 5315 305 5370 quo
349 5307 447 5378 ipsi
499 5311 841 5378 nitebantur,
889 5329 995 5368 non
1040 5313 1294 5368 Ecclesia:
1324 5312 1643 5380 Catholicae,
1688 5314 1781 5370 sed

213 5397 516 5458 Arianorum
544 5420 665 5461 esse
699 5426 711 5460 :
739 5407 1020 5477 episcopos
1049 5407 1190 5462 enim
1223 5407 1521 5462 Antiochiae
1563 5422 1786 5477 congre-

213 5503 352 5556 gatos
398 5496 465 5549 ad
515 5499 853 5554 evertendam
893 5499 1373 5556 Consubstantialis
1420 5498 1614 5565 fidem,
1664 5516 1788 5556 cum

216 5582 332 5637 odio
358 5584 640 5658 ﬂagrarent
663 5591 920 5648 adversus
946 5591 1296 5648 Athanasium
1315 5634 1330 5658 ,
1363 5592 1503 5647 hunc
1523 5606 1784 5647 canonem

217 5675 466 5732 emisisse.

282 5765 516 5832 Synodus
535 5773 950 5844 Clirysostomum
970 5791 1001 5828 a
1025 5774 1143 5829 sede
1188 5774 1477 5849 pellendum
1515 5791 1620 5830 esse
1660 5792 1784 5846 pro-

1345 324 1528 382 i‘lUNC
1568 327 1828 386 PRIMUM
1871 331 2268 388 ADORNATA.

3370 345 3477 399 2H)

1886 447 2102 498 nuntiat.
2131 476 2201 486 —
2223 447 2470 514 Aeacius,
2501 453 2815 519 Antiochus,
2864 453 3112 526 Cyrinus,
3156 457 3476 514 Severianus

1881 549 2000 588 cum
2047 538 2332 594 Ammonio
2379 549 2434 596 et
2493 541 2718 598 Leontio
2767 544 3146 616 Imperatorem
3185 549 3468 616 adierunt,

1879 629 2232 701 dixeruntque
2276 635 2576 690 evocandos
2605 653 2724 692 esse
2759 653 2824 694 ex
2853 651 3000 709 parte
3041 641 3260 698 Joannis
3285 644 3472 700 decem

1889 725 2171 794 episcopos
2195 766 2210 790 ,
2256 726 2322 781 ad
2353 730 2735 784 conciliandam
2768 734 3061 790 canonibus
3097 737 3468 792 auctoritatem

1880 812 2136 882 (Pallad.
2177 816 2230 870 in
2283 815 2562 889 Dialogo).
2619 819 2844 890 Ingressi
2899 832 3072 878 autem
3128 825 3367 895 Elpidius
3418 837 3472 880 et

1879 905 2222 976 Tranquillus
2258 911 2554 967 suadebant
2579 912 2930 982 Imperatori,
2971 932 3075 970 non
3108 928 3356 986 oportere
3382 919 3461 974 in-

1877 995 2018 1051 dicta
2045 1014 2202 1054 causa
2229 1001 2349 1070 ejici
2372 1003 2653 1058 Joannem.
2678 1004 2807 1058 Cum
2840 1013 3016 1060 autem
3046 1005 3264 1062 Joannis
3285 1007 3469 1063 adver-

1877 1090 2004 1144 sarii
2054 1092 2472 1162 altercarentur,
2515 1097 2755 1166 Elpidius
2807 1096 3116 1167 Imperatori
3163 1102 3471 1170 preposuit,

1879 1191 1938 1235 ut
1979 1183 2207 1239 Aeacius
2245 1194 2298 1240 et
2344 1188 2638 1244 Antiochus
2681 1190 3084 1246 subseriberent
3131 1207 3189 1247 se
3233 1193 3471 1262 ejusdem

1877 1288 1995 1329 0:58
2027 1274 2147 1329 fidei
2173 1287 2330 1347 atque
2375 1294 2467 1334 eos
2489 1281 2578 1350 qui
2609 1295 2842 1337 canones
2881 1282 3196 1348 ediderunt,
3227 1299 3362 1352 quos
3391 1284 3464 1338 illi

1876 1367 2187 1422 orthodoxis
2227 1371 2615 1440 proponebant.
2680 1372 2975 1443 Imperator
3021 1389 3148 1428 vero
3190 1374 3472 1430 subridens

1875 1456 2008 1511 dixit
2029 1459 2296 1515 Antiocho
2319 1479 2330 1514 :
2354 1461 2494 1517 Nihil
2515 1463 2645 1517 mihi
2664 1465 2844 1518 utilius
2862 1463 3092 1519 videtur.
3117 1465 3193 1520 Illi
3219 1480 3348 1520 vero
3372 1480 3469 1520 ceu

1875 1548 2133 1618 vertigine
2157 1552 2319 1620 capti,
2351 1567 2410 1606 se
2435 1553 2830 1624 subscripturos
2849 1555 3060 1621 dixere,
3088 1571 3260 1626 neque
3295 1563 3470 1609 tamen

1876 1651 2056 1707 postea
2079 1642 2465 1712 subscripsere.
2487 1645 2809 1717 Interimqne
2834 1647 3068 1702 Joannes
3096 1663 3214 1703 cum
3241 1649 3468 1719 quadra-

1876 1732 2021 1801 ginta
2043 1732 2254 1789 duobus
2270 1736 2533 1806 episcopis
2547 1737 2853 1808 frequenter
2866 1741 3214 1795 conveniebat
3234 1747 3290 1795 et
3303 1741 3469 1794 collo-

1872 1826 1991 1894 quia
2019 1827 2295 1893 miscebat,
2326 1830 2624 1900 populoque
2669 1846 2765 1886 suo
2789 1846 2971 1887 sanam
3003 1831 3301 1887 doctrinam
3332 1849 3472 1902 pra:-

1871 1915 2050 1970 dicare
2074 1932 2181 1972 non
2209 1918 2517 1974 desistebat.
2541 1920 2678 1987 Quid
2699 1932 2876 1976 autem
2909 1923 2994 1977 illa
3025 1923 3470 1994 Pseudosynodus

1873 2017 2056 2060 contra
2077 2007 2518 2078 Cbrysostomum
2545 2011 2918 2079 pronuntiarit,
2943 2028 3051 2067 non
3067 2014 3314 2068 convenit
3333 2013 3471 2066 inter

1873 2099 2162 2168 scriptores
2187 2118 2200 2154 :
2224 2111 2538 2171 certumque
2562 2114 2736 2158 tamen
2780 2104 2990 2158 videtur
3011 2106 3153 2174 ipsos
3185 2106 3320 2159 hanc
3343 2121 3470 2174 prn-

1875 2191 2060 2245 tnIisse
2081 2194 2397 2248 sententiam
2419 2236 2434 2258 ,
2457 2209 2488 2248 a
2514 2194 2640 2250 sede
2664 2195 2972 2264 pellendum
3005 2211 3123 2251 esse
3149 2212 3270 2250 eum
3287 2237 3300 2258 ,
3323 2195 3411 2266 qui
3441 2214 3467 2246 a

1872 2282 2088 2352 Synodo
2121 2283 2404 2339 damnatus
2443 2295 2496 2340 et
2539 2284 2815 2355 depositus
2841 2329 2854 2351 ,
2899 2285 3079 2341 sedem
3129 2301 3278 2340 suam
3312 2301 3466 2355 repe-

1873 2375 2050 2429 tierat.

1947 2467 2148 2524 Deinde
2176 2483 2303 2524 vero
2345 2469 2642 2526 Antiochus
2672 2470 2980 2540 Imperatori
3026 2470 3192 2524 suasit
3222 2477 3278 2524 ut
3300 2509 3314 2534 ,
3343 2483 3463 2522 cum

1868 2558 1976 2628 jam
2021 2560 2224 2614 Pascha
2270 2561 2604 2625 immineret,
2636 2561 2848 2632 juberet
2877 2562 3174 2631 Imperator
3199 2562 3462 2617 Joannem

1873 2668 1937 2706 ex
1970 2653 2207 2708 Ecclesia
2233 2654 2414 2723 egredi
2450 2653 2467 2721 (
2487 2653 2627 2707 Pull.
2661 2673 2713 2721 p.
2745 2655 2804 2709 8|
2829 2655 2869 2723 ).
2916 2655 2996 2708 Illi
3023 2670 3226 2708 morem
3267 2668 3460 2724 gerens

1874 2743 2164 2809 Arcadius,
2211 2744 2403 2798 Joanni
2451 2745 2722 2798 mandavit
2776 2755 2833 2799 ut
2876 2745 3112 2799 Ecclesia
3157 2743 3459 2798 excederet.

1875 2833 2175 2904 Respondit
2202 2834 2460 2902 Joannes,
2509 2850 2567 2890 se
2595 2851 2623 2888 a
2657 2836 2764 2889 Deo
2796 2835 3086 2890 Eeelesiam
3118 2835 3386 2903 accepisse
3412 2843 3464 2886 et

1873 2927 1940 2982 ab
1991 2927 2084 2981 illo
2136 2929 2254 2982 solo
2301 2929 2419 2996 ejici
2462 2943 2640 2998 posse.
2684 2929 2771 2982 Ait
2809 2944 2968 2998 porro
2998 2927 3247 2982 Socrates
3287 2928 3363 2994 (ι.
3409 2928 3462 2980 ϋ.

1873 3035 1917 3072 c.
1949 3016 2055 3090 I8)
2100 3018 2361 3073 Joannem
2411 3021 2768 3089 obsequutum
2796 3035 2917 3074 esse
2946 3019 3194 3072 mandato
3227 3019 3460 3086 Impera-

1875 3110 2024 3164 toris.
2073 3108 2270 3165 Contra
2317 3126 2446 3164 vero
2487 3111 2756 3165 Palladius
2789 3120 2970 3164 narrat
3019 3109 3241 3164 sabbato
3282 3120 3464 3163 sancto

1874 3215 1994 3256 cum
2023 3199 2122 3270 ipsi
2168 3199 2482 3254 mandatum
2508 3200 2575 3254 ab
2622 3201 2946 3269 imperatore
2987 3199 3209 3256 missum
3238 3199 3464 3264 fuisset,

1873 3292 2134 3346 Joannem
2203 3291 2390 3346 eadem
2441 3307 2561 3361 qua:
2606 3299 2763 3346 antea
2819 3291 3160 3360 respondisse
3203 3288 3464 3358 (Pallad.

1873 3381 2105 3454 Dialog.)
2116 3420 2132 3436 .

1945 3474 2218 3528 Instabant
2238 3489 2451 3544 semper
2477 3474 2703 3529 Aeacius
2732 3482 2786 3529 et
2828 3473 3120 3529 Antiochus
3145 3515 3159 3540 ,
3187 3481 3244 3526 et
3271 3471 3464 3542 deponi

1873 3567 2132 3623 Joannem
2191 3569 2420 3639 ejicique
2471 3568 2835 3638 postulabant.
2887 3567 3127 3637 Cumque
3179 3566 3467 3635 Imperator

1875 3661 2102 3716 haereret
2129 3676 2191 3715 ac
2221 3673 2496 3715 vereretur
2517 3702 2531 3726 ,
2569 3671 2680 3714 tum
2711 3660 2814 3715 diei
2857 3660 3230 3722 sanctitatem,
3265 3665 3374 3712 tum
3404 3671 3468 3710 ne

1875 3763 2052 3808 motus
2095 3754 2275 3824 populi
2305 3755 2664 3818 excitaretur,
2699 3753 2887 3808 dixere
2936 3753 3162 3806 Aeacius
3188 3759 3243 3805 et
3282 3749 3470 3804 Antio-

1874 3848 2008 3902 chus
2041 3863 2054 3900 :
2089 3846 2144 3899 In
2173 3855 2333 3916 caput
2374 3856 2616 3900 nostrum
2658 3847 2728 3899 sit
2767 3843 2988 3900 Joannis
3017 3841 3301 3912 depositio.
3331 3840 3467 3896 Tum

1874 3937 2224 4008 quadraginta
2255 3938 2330 3991 illi
2358 3937 2592 4007 episcopi
2617 3978 2632 4003 ,
2660 3936 2748 4006 qui
2778 3950 2900 3991 cum
2941 3934 3146 3989 Joanne
3170 3932 3472 3987 consentie-

1877 4029 2001 4083 bant
2025 4070 2040 4096 ,
2070 4031 2448 4098 imperatorem
2484 4037 2538 4083 et
2581 4028 2873 4096 Augustam
2915 4027 3202 4090 adierunt,
3231 4024 3321 4094 qui
3359 4032 3470 4076 tum

1876 4124 2132 4194 martyria
2161 4137 2256 4178 seu
2283 4122 2542 4176 ecclesias
2574 4131 2837 4190 matyrum
2869 4120 3172 4173 invisehant
3195 4159 3210 4182 ,
3240 4115 3470 4168 obnixe-

1877 4229 1981 4284 que
2007 4213 2203 4282 precati
2226 4220 2350 4264 sunt
2375 4251 2390 4275 ,
2439 4219 2496 4264 ut
2527 4209 2818 4263 Ecelesiam
2846 4209 2933 4261 Dei
2969 4209 3018 4260 in
3044 4222 3173 4276 pace
3200 4205 3470 4273 relinque-

1880 4312 2039 4368 rent,
2069 4302 2408 4369 maximeque
2439 4309 2656 4370 propter
2685 4299 2888 4353 Pascha
2920 4307 2975 4352 et
3019 4305 3237 4366 propter
3256 4310 3350 4349 eos
3379 4295 3468 4364 qui

1881 4393 2236 4464 regenerandi
2277 4401 2453 4447 erant.
2484 4393 2560 4446 Ae
2589 4407 2710 4445 cum
2734 4390 2864 4445 nihil
2894 4391 3181 4459 impetrare
3209 4397 3467 4458 possent,

1881 4487 2097 4554 Paulus,
2119 4485 2402 4556 episcolius
2443 4484 2656 4548 Cratiae,
2687 4467 2977 4538 clamavit:
3007 4479 3266 4544 Eudoxia,
3304 4479 3469 4532 Deum

1883 4583 2010 4636 time
2029 4621 2044 4647 ,
2075 4591 2285 4635 tuorum
2314 4579 2605 4634 liberorum
2634 4577 2890 4630 miserere
2914 4592 2926 4627 :
2961 4587 3134 4643 neque
3159 4571 3326 4626 violes
3347 4586 3472 4625 san-

1882 4683 2021 4728 ctam
2049 4672 2249 4727 Christi
2288 4672 2684 4726 solemnitatem
2714 4668 2988 4739 sanguinis
3020 4665 3301 4732 ell‘usione.
3339 4663 3476 4717 Tum

1885 4766 1957 4820 illi
1987 4764 2334 4836 quadraginta
2365 4763 2600 4834 episcopi
2631 4762 2808 4818 moesti
2836 4761 2902 4815 ad
2923 4759 3218 4816 diversoria
3241 4772 3300 4812 se
3321 4770 3473 4811 rece-

1887 4872 2013 4927 pere
2041 4870 2157 4911 sua.

1960 4948 2011 5002 Μ
2019 4947 2149 5002 ililes
2164 4946 2425 5001 ecclesiam
2442 4943 2944 4998 invadunt.—Primi
2955 4943 3147 5012 pilares
3166 4954 3291 4994 vero
3307 4936 3480 5008 Chry—

1889 5042 2110 5098 sostomi
2152 5041 2335 5094 hostes
2402 5039 2552 5092 illum
2600 5037 2886 5092 detrudere
2933 5036 3227 5105 cogitantes
3267 5031 3476 5100 (Chrys.

1893 5144 1930 5186 t.
1952 5134 2002 5186 5.
2028 5148 2073 5186 c.
2099 5132 2220 5188 552.
2240 5147 2292 5183 η.
2313 5129 2346 5183 5
2380 5130 2398 5201 )
2426 5173 2441 5198 ,
2483 5145 2604 5185 cum
2650 5128 2992 5199 Imperatoris
3026 5127 3209 5197 copias
3251 5127 3318 5178 ad
3364 5136 3476 5178 ma-

1893 5240 2021 5280 num
2050 5223 2318 5278 haberent
2339 5264 2354 5290 ,
2376 5222 2658 5277 collectam
2690 5221 2918 5276 militum
2947 5228 3173 5274 turmam
3199 5215 3478 5270 miserunt.

1893 5315 1948 5368 ln
1976 5316 2092 5384 ipso
2121 5313 2344 5369 sabbato
2375 5323 2563 5368 sancto
2609 5312 2676 5368 ad
2708 5326 2984 5382 veSperam
3031 5311 3082 5363 in
3121 5304 3375 5362 ecclesias
3403 5303 3480 5356 in-

1893 5408 2061 5478 grcssi
2103 5407 2321 5474 milites,
2355 5406 2569 5462 Clerum
2601 5421 2817 5459 omnem
2851 5403 2940 5474 qui
2970 5417 3091 5455 cum.
3135 5399 3340 5453 Joanne
3369 5409 3483 5451 erat

1895 5500 2167 5568 ejeeerunt
2191 5540 2204 5563 ,
2235 5507 2290 5553 et
2315 5498 2480 5552 armis
2496 5495 2855 5552 sanctuarium
2876 5491 3108 5560 undique
3129 5486 3479 5543 obsederunt.

1897 5592 2144 5646 Mulieres
2171 5605 2384 5660 quoque
2413 5602 2684 5643 sacrarum
2713 5585 2905 5640 tedium
2927 5623 2942 5649 ,
2974 5597 3092 5651 qua:
3136 5595 3193 5633 se
3221 5587 3484 5633 exuerant

1898 5694 1952 5738 ut
1984 5682 2398 5753 haptizarentur,
2431 5689 2575 5735 metu
2600 5675 2896 5747 perterrita:
2917 5715 2933 5741 ,
2966 5671 3121 5728 nuda“:
3145 5669 3484 5740 aufugerunt;

1901 5793 2071 5836 neque
2102 5776 2244 5832 enim
2284 5771 2676 5828 concedebatur
2707 5768 2810 5823 illis
2839 5778 2894 5824 ut
2923 5783 2982 5822 se
3031 5766 3269 5820 vclarent
3291 5805 3303 5828 ,
3355 5762 3485 5816 sicut
