3948 6420
478 361 575 416 211

471 477 721 530 mulieres
760 475 1007 526 honestas
1035 468 1207 524 decet.
1246 467 1425 523 Multae
1460 466 1620 522 etiam
1665 463 1895 533 accrptis
1926 461 2038 514 vul-

466 564 685 620 neribus
704 562 1077 633 ejiciebantur,
1109 569 1164 616 et
1198 559 1453 630 sanguine
1494 554 1850 627 implebantur
1878 552 2037 622 pisci-

466 670 545 708 1118
567 695 581 719 ,
610 668 904 722 cruorcque
933 652 1068 705 sacri
1102 651 1285 705 latices
1324 648 1695 703 rubescebant.
1742 645 1925 713 Neque
1955 643 2041 697 hic

468 762 641 800 rerum
684 746 802 799 finis
830 744 926 799 fuit
956 762 969 797 :
1002 745 1052 798 in
1083 744 1255 797 locum
1286 742 1446 797 etiam
1478 742 1529 794 in
1571 753 1676 809 quo
1705 747 1887 791 sancta
1911 751 2040 789 eon-

468 838 575 891 dita
598 838 949 892 servabantur
977 835 1197 903 ingressi
1234 843 1357 887 sunt
1399 832 1596 887 milites
1659 843 1885 898 quorum
1936 826 2038 881 ali-

472 938 600 998 quot
657 927 821 982 nullis
870 927 1056 981 initiati
1116 933 1268 979 erant
1322 922 1588 994 mysteriis
1623 961 1637 986 ,
1689 918 2042 984 videruntque

467 1029 642 1073 tamen
670 1018 845 1073 omnia
880 1034 997 1087 qum
1023 1017 1164 1069 intus
1192 1014 1573 1069 servabantur:
1597 1012 1722 1081 quin
1744 1019 1796 1063 et
1818 1008 2041 1062 sanctis-

466 1112 632 1165 simus
652 1109 848 1165 Christi
882 1108 1093 1177 sanguis
1112 1117 1167 1161 ut
1188 1107 1237 1159 in
1272 1106 1358 1159 tali
1389 1104 1618 1159 tumultu
1638 1101 1879 1156 accidere
1902 1107 2043 1169 pote-

469 1213 571 1270 rat,
608 1204 658 1256 in
681 1203 907 1256 militum
939 1212 1115 1255 vestes
1140 1202 1339 1255 effusus
1364 1209 1464 1255 est.
1493 1199 1644 1254 Tunc
1672 1197 1846 1252 omnia
1863 1211 1960 1249 ceu
1988 1195 2040 1247 in

470 1293 743 1348 barbarica
776 1293 1069 1362 irruptione
1101 1300 1305 1361 patrata
1332 1291 1556 1346 vidisses
1588 1308 1599 1343 :
1629 1288 1883 1357 vulgusin
1914 1285 2043 1341 soli-

470 1385 706 1440 tudinem
744 1386 1047 1456 fugabatur;
1078 1384 1361 1439 multitudo
1395 1383 1568 1437 omnis
1597 1390 1745 1435 extra
1775 1378 2044 1434 civitatem

470 1477 816 1542 versabatur;
840 1486 1097 1546 erantque
1124 1476 1365 1531 ecclesia:
1388 1475 1439 1527 in
1461 1483 1601 1528 tanta
1624 1470 1905 1526 festivitate
1924 1484 2043 1521 om-

472 1568 599 1621 nino
638 1581 839 1621 vacuaz.
875 1567 1120 1637 Episcopi
1148 1568 1267 1636 plus
1296 1564 1641 1634 quadraginta
1663 1604 1677 1627 ,
1708 1561 1798 1631 qui
1826 1558 2046 1614 Joannis

470 1658 738 1712 consortio
768 1656 1097 1722 fruebantur,
1119 1672 1241 1710 cum
1262 1655 1421 1709 Clero
1446 1663 1501 1707 et
1521 1654 1713 1722 populo
1742 1652 1858 1706 sine
1886 1664 2045 1704 causa

476 1748 528 1800 in
558 1745 731 1814 fugam
779 1746 917 1800 versi
965 1753 1108 1799 sunt.
1160 1744 1451 1800 Horrcndis
1500 1741 1800 1812 huiusmodi
1837 1739 2048 1809 ﬂagitiis

470 1835 647 1891 omnia
674 1835 835 1890 mixta
866 1835 1183 1905 turbataque
1208 1842 1361 1890 erant
1392 1851 1407 1888 :
1440 1833 1635 1903 ubique
1661 1847 1759 1901 per
1783 1832 1894 1885 fora
1914 1870 1929 1895 ,
1954 1843 2049 1898 per

468 1925 654 1981 domos
682 1965 697 1991 ,
720 1939 816 1994 per
840 1924 1154 1980 solitudines
1175 1963 1190 1991 ,
1218 1939 1314 1993 per
1354 1938 1542 1979 omnes
1569 1922 1798 1976 civitatis
1836 1927 2012 1990 partes
2031 1959 2045 1983 ,

472 2015 647 2069 omnia
688 2014 933 2069 lamentis
954 2055 970 2081 ,
998 2014 1312 2084 ejulatibus,
1344 2021 1399 2067 et
1427 2012 1661 2066 fontibus
1693 2011 2047 2080 laerymarum

476 2104 630 2173 plena
655 2119 670 2168 ;
701 2110 757 2156 ut
780 2118 884 2157 non
911 2104 1070 2157 modo
1091 2103 1180 2173 qui
1209 2104 1261 2156 in
1283 2102 1534 2157 arumnis
1552 2100 1929 2162 versabantur,
1957 2097 2050 2151 sed

470 2201 526 2248 et
553 2194 646 2261 qui
674 2192 804 2246 nihil
827 2194 931 2247 tale
958 2193 1322 2262 patiebantur;
1347 2206 1451 2246 non
1473 2190 1730 2246 Catholici
1754 2188 1932 2254 modo,
1957 2188 2051 2242 sed

471 2283 629 2337 etiam
663 2283 917 2349 haeretici,
940 2282 1129 2349 Judzci,
1150 2283 1441 2338 idololatrae
1462 2296 1582 2336 cum
1604 2279 1887 2336 Catholicis
1907 2278 2052 2332 dole-

473 2381 596 2427 rent
625 2390 637 2426 :
673 2383 726 2427 et
748 2374 898 2443 quasi
920 2383 1216 2443 cltpugnata
1239 2373 1305 2427 ab
1331 2372 1571 2426 hostibus
1598 2371 1807 2426 civitate
1825 2412 1838 2436 ,
1865 2369 2052 2425 tumul-

473 2472 529 2518 tu
549 2505 563 2531 ,
598 2464 948 2533 trepidatione
975 2474 1028 2519 et
1048 2465 1261 2533 planctu
1294 2463 1450 2533 plena
1494 2471 1646 2517 erant
1672 2462 1871 2517 omnia.

543 2555 705 2610 Addit
729 2570 857 2610 vero
894 2555 1307 2627 Cbrysostomus
1350 2555 1473 2609 talia
1512 2568 1670 2608 ausos
1713 2568 1833 2608 esse
1876 2552 2053 2607 inimi-

473 2662 567 2702 eos
591 2657 784 2717 praeter
805 2649 1120 2702 sententiam
1149 2647 1372 2718 piissimi
1397 2646 1760 2718 Imperatoris.
1789 2645 2049 2700 Nimirum

474 2739 645 2793 bonus
672 2753 736 2795 ac
765 2738 906 2792 mitis
931 2738 1217 2801 Arcadius,
1249 2738 1340 2807 qui
1361 2737 1429 2790 ab
1470 2736 1787 2790 adversariis
1816 2735 2050 2806 Chryso-

472 2828 630 2881 stomi
652 2828 933 2895 deceptus,
960 2826 1259 2895 pellendum
1283 2826 1430 2879 illum
1457 2839 1577 2879 esse
1603 2833 1917 2889 censuerat,
1942 2838 2048 2877 non

474 2918 694 2987 putabat
718 2932 954 2987 eousque
995 2932 1341 2986 processuros
1385 2931 1503 2972 esse
1538 2916 1950 2971 consceleratos.
1998 2914 2052 2969 Id

478 3019 634 3064 nocte
677 3009 872 3073 multa,
903 3010 1072 3077 inquit
1113 3008 1348 3065 Joannes
1368 3049 1381 3073 ,
1411 3009 1607 3062 factum
1634 3016 1751 3073 est,
1790 3006 2053 3075 episcOpis

477 3099 593 3154 lucc
620 3099 1003 3155 instruentibus
1021 3143 1035 3165 ,
1070 3110 1121 3156 et
1150 3101 1327 3154 multis
1349 3101 1400 3154 in
1432 3100 1565 3154 locis
1582 3098 1798 3153 ordines
1817 3097 2056 3152 ducenti-

476 3192 609 3256 bus,
638 3207 735 3247 ncc
763 3192 1201 3248 erubescentibus
1225 3232 1239 3256 ,
1271 3191 1411 3261 quod
1438 3205 1537 3260 pro
1576 3189 1815 3245 diaeonis
1852 3188 2051 3256 campi-

475 3282 724 3339 ductores
750 3284 1005 3339 baberent
1031 3291 1349 3353 prmeuntes.

546 3376 662 3429 Alia
682 3377 918 3429 violenter
937 3375 1271 3429 actm—limo
1289 3375 1720 3444 Chrysostomus,
1745 3371 1832 3425 ubi
1859 3371 2055 3426 adver-

475 3473 557 3518 tas
581 3464 750 3532 ipsum
773 3463 953 3518 dicere
981 3464 1152 3532 primo
1178 3464 1291 3517 haec
1315 3463 1366 3516 in
1393 3477 1613 3531 vespera
1643 3462 1847 3517 sabbati
1887 3463 2055 3516 sancti

475 3566 651 3625 empta
675 3596 691 3620 ,
719 3566 772 3610 et
793 3556 1031 3624 qua-dam
1058 3556 1219 3608 multa
1246 3564 1405 3608 nocte
1431 3554 1563 3608 facta
1582 3596 1596 3617 ,
1622 3554 1671 3607 in
1695 3553 1935 3609 ecclesiis
1957 3570 2053 3608 au-

478 3654 583 3700 tem
611 3643 927 3713 quibusdam
958 3644 1072 3698 hare
1116 3652 1317 3713 patrata
1359 3643 1521 3698 fuisse
1563 3644 1709 3698 dicit.
1737 3643 1868 3697 Cum
1899 3659 2057 3712 porro

475 3750 539 3789 ex
569 3733 809 3789 ecclesiis
837 3734 907 3788 ita
940 3733 1076 3804 pulsi
1117 3733 1345 3789 fuissent
1383 3733 1601 3789 Joannis
1647 3734 1970 3804 presbyteri,
2004 3734 2055 3787 in

476 3824 690 3895 publico
733 3826 945 3879 lavacro
968 3866 983 3891 ,
1015 3824 1157 3893 quod
1187 3825 1600 3879 Constantianas
1631 3825 1868 3879 thermas
1897 3841 2056 3880 voca-

475 3916 604 3969 bant
646 3916 953 3971 convocatis
997 3915 1206 3985 populis
1255 3916 1462 3985 vigilias
1502 3916 1759 3986 agebant,
1790 3916 1878 3970 alii
1910 3916 2055 3971 Seri-

476 4017 659 4078 pturas
673 4007 880 4062 divinas
898 4008 1155 4078 legentes,
1172 4007 1258 4063 alii
1277 4007 1690 4064 catechumenos
1708 4008 2055 4079 baptizantes,

477 4111 535 4156 ut
578 4102 741 4157 moris
787 4112 903 4157 erat
952 4103 1004 4157 in
1049 4103 1307 4159 Pascliate
1356 4102 1602 4176 (Pallad.
1649 4102 1856 4174 Dialog.
1907 4103 2056 4159 Socr.

475 4193 513 4247 Ι.
536 4192 623 4248 16.
643 4210 690 4247 c.
721 4193 806 4249 18.
838 4194 1043 4251 Sozam.
1071 4196 1109 4250 ι.
1137 4195 1191 4251 8.
1220 4212 1267 4250 c.
1296 4195 1359 4250 21
1390 4196 1429 4266 ).
1456 4195 1604 4250 Τ11118
1629 4195 1937 4257 Antiochus.
1964 4196 2061 4250 Se-

473 4285 724 4341 verianus
751 4294 806 4341 et
829 4287 1055 4343 Aeacius
1084 4288 1342 4343 Patronos
1367 4297 1588 4358 rogant,
1622 4286 1677 4341 u't
1708 4287 1883 4358 populi
1910 4302 1940 4340 a
1970 4288 2060 4342 tali

474 4389 741 4434 conventu
768 4391 1096 4435 arcerentur.
1124 4380 1367 4448 Magister
1383 4392 1585 4443 autem,
1613 4380 1698 4434 vir
1722 4381 1937 4450 probus.
1968 4380 2061 4434 ab-

476 4468 739 4525 nuebatet
758 4479 900 4526 tanta
916 4482 1073 4526 noctu
1098 4472 1292 4525 inferre
1314 4472 1453 4525 mala
1470 4471 1663 4540 populo
1677 4472 1909 4529 nolebat.
1924 4473 2059 4527 Tum

476 4559 707 4613 Aeacius
738 4559 925 4614 timere
952 4575 1012 4616 se
1039 4560 1198 4625 dixit,
1229 4575 1295 4614 ne
1320 4560 1364 4613 si
1389 4561 1679 4629 Imperator
1704 4561 1755 4615 in
1781 4564 2059 4619 ecclesiam

478 4650 699 4705 veniens
718 4649 864 4705 illam
882 4667 1098 4706 vacuam
1129 4651 1404 4718 inveniret,
1426 4660 1551 4706 tunc
1569 4654 1744 4723 populi
1760 4669 1883 4724 erga
1902 4654 2063 4710 Joan—

478 4755 599 4797 nem
621 4742 1043 4799 benevolentiam
1071 4743 1404 4815 intelligeret,
1435 4759 1566 4799 neve
1594 4760 1651 4801 se
1672 4755 1728 4801 ut
1746 4747 1950 4801 invidos
1970 4746 2064 4802 ba—

477 4833 646 4888 beret.
666 4833 985 4904 Urgentibus
1003 4836 1126 4900 illis,
1146 4835 1366 4890 Lucium
1387 4837 1475 4892 ille
1494 4836 1773 4906 quemdam
1790 4838 2059 4893 etlmieum

472 4924 628 4993 jussit
653 4941 773 4981 cum
799 4926 1161 4980 Scutariorum
1191 4941 1351 4980 manu
1373 4926 1465 4980 illo
1493 4940 1553 4981 se
1573 4926 1837 4984 conferre.
1871 4928 2062 4983 Lucius

476 5031 602 5070 vero
622 5032 742 5072 cum
762 5016 1010 5087 populum
1031 5016 1150 5072 inde
1169 5017 1426 5072 excedere
1445 5018 1588 5072 nolle
1610 5019 1849 5085 vidisset,
1876 5035 2058 5074 rever-

475 5122 564 5162 sus
593 5116 693 5169 est.
723 5107 872 5162 Tunc
896 5107 1120 5162 Aeacius
1153 5116 1207 5161 et
1230 5107 1359 5162 socii
1387 5107 1557 5177 ipsum
1598 5108 1862 5178 deprecati
1903 5119 2058 5175 sunt,

477 5197 754 5264 promissis
782 5196 939 5249 etiam
977 5196 1190 5263 additis,
1223 5207 1277 5252 ut
1307 5200 1558 5268 pepulum
1588 5200 1637 5255 vi
1668 5200 1891 5269 pelleret
1915 5209 1969 5255 et
1994 5200 2060 5255 ad

476 5288 751 5343 ecclesiam
771 5288 1076 5342 adduceret.
1093 5288 1239 5344 Tunc
1265 5290 1351 5344 ille
1368 5292 1654 5359 assumptis
1676 5305 1856 5345 secum
1884 5292 2060 5346 Aeacii

477 5378 682 5433 clericis
712 5380 941 5436 seciinda
970 5381 1147 5451 vigilia
1172 5383 1345 5436 noctis
1371 5383 1461 5436 illo
1487 5398 1546 5437 se
1570 5384 1811 5446 confert,
1860 5392 1914 5438 et
1939 5399 2059 5438 cum

479 5468 731 5524 militibus
772 5474 969 5528 strictis
996 5473 1219 5543 gladiis,
1270 5475 1321 5527 in
1363 5473 1749 5530 multitudinem
1795 5474 2058 5543 irrttmpit,

481 5565 727 5623 penetrat
755 5575 916 5629 usque
940 5565 1008 5617 ad
1050 5574 1262 5620 sanctas
1289 5578 1452 5632 aquas
1476 5602 1491 5626 ,
1523 5573 1579 5616 ut
1618 5565 1924 5632 prohiberet
1967 5579 2062 5618 eos

480 5644 573 5714 qui
629 5645 967 5706 initialiantur
1000 5654 1358 5709 Sacramentis
1385 5655 1671 5710 Dominieae
1698 5656 2060 5711 Resurrectio-

478 5733 560 5785 nis
582 5741 665 5786 εει
688 5733 958 5795 diaconum
981 5747 1303 5800 truculentcr
1325 5746 1574 5800 invadens
1594 5746 1831 5816 symbola
1856 5746 2037 5801 effudit

1536 351 1592 407 S.
1631 346 1911 405 JOANNIS
1946 343 2422 400 CIIItYSOSTOMI
2465 343 2643 407 VITA,

3645 335 3745 392 212

2145 460 2487 529 presbyteros
2516 472 2642 512 vero
2666 456 2977 526 grandievos
2996 453 3222 510 fustibus
3242 453 3297 507 in
3327 462 3503 523 capite
3526 451 3741 517 feriens,

2143 563 2348 604 sacrum
2372 550 2565 604 fontem
2586 562 2775 603 cruore
2794 549 3105 616 conspersit.
3130 547 3279 601 Tunc
3299 561 3410 600 rem
3430 541 3744 614 stupendam

2143 640 2321 692 videre
2350 649 2482 691 erat.
2513 638 2677 692 Nuda:
2698 639 2839 692 enim
2868 639 3116 691 mulieres
3137 653 3257 692 cum
3285 637 3412 692 viris
3438 639 3574 701 suis,
3602 647 3743 692 metu

2145 731 2330 784 mortis
2352 740 2407 784 et
2436 746 2500 783 ex
2530 730 2845 783 verecundia
2870 729 3004 798 turpi
3031 744 3088 783 se
3116 727 3254 798 fugae
3279 728 3506 781 dabant:
3532 726 3743 796 quidam

2144 839 2301 878 manu
2346 824 2606 877 vulnerati
2637 823 2854 877 abibant
2897 823 3188 891 plorantes.
3221 822 3298 876 Ex
3326 820 3589 875 militibus
3623 835 3744 875 vero

2144 915 2381 967 nonnulli
2429 914 2657 981 virgines
2687 912 2897 965 trahere
2938 911 3225 966 conscissis
3254 911 3421 965 sacris
3468 909 3742 963 vestibus:

2143 1022 2331 1060 omnes
2361 1016 2536 1061 autem
2562 1020 2712 1060 sacra
2740 1020 2862 1059 vasa
2893 1004 3222 1073 deprmdare,
3250 1005 3349 1059 sibi
3376 1020 3591 1074 rapere.
3616 1004 3741 1059 Prc-

2144 1100 2343 1171 sbyteri
2376 1109 2428 1153 et
2447 1100 2654 1153 diaconi
2682 1098 2736 1152 in
2763 1113 3032 1153 carcerem
3065 1097 3434 1152 trudebantur.
3467 1096 3527 1151 In
3553 1097 3743 1166 populo

2143 1192 2230 1259 qui
2263 1191 2631 1244 honoratiores
2658 1196 2826 1253 erant,
2861 1204 2926 1243 ex
2951 1204 3139 1259 magna
3169 1189 3256 1242 illa
3278 1189 3408 1243 urbe
3432 1190 3574 1258 pulsi
3603 1199 3739 1244 sunt.

2147 1282 2328 1336 Edicta
2359 1280 2635 1336 confertim
2664 1281 3068 1351 publicabantur
3090 1321 3104 1345 ,
3137 1296 3256 1336 cum
3285 1280 3447 1334 minis
3473 1282 3746 1336 intentatis

2145 1372 2201 1426 in
2228 1387 2341 1437 eos,
2370 1373 2458 1441 qui
2487 1388 2516 1426 a
2546 1371 2766 1426 Joannis
2795 1372 3172 1426 communione
3201 1386 3306 1425 non
3337 1372 3677 1427 recederent.

2221 1463 2314 1518 Illa
2350 1479 2482 1519 vero
2513 1464 2692 1517 omnia
2732 1464 3085 1517 moliebantur
3116 1464 3339 1517 Aeacius
3383 1470 3443 1518 et
3467 1465 3744 1518 conscele-

2146 1554 2245 1608 rati
2276 1594 2291 1618 ,
2318 1562 2379 1607 ut
2408 1569 2470 1609 ex
2506 1554 2568 1608 iis
2614 1554 2745 1607 locis
2793 1553 2993 1622 ejectus
3021 1552 3245 1622 populus
3272 1553 3322 1605 in
3361 1552 3648 1607 ecclesiam
3692 1568 3746 1605 se

2146 1643 2431 1711 conferret,
2458 1645 2508 1698 in
2538 1660 2639 1713 qua
2669 1644 2766 1713 ipsi
2798 1644 2947 1713 pulso
2972 1643 3174 1697 Joanne
3210 1643 3532 1697 celebraturi
3564 1660 3737 1699 erant.

2150 1737 2342 1792 Verum
2369 1737 2605 1791 ecclesim
2634 1751 2769 1805 pene
2795 1749 2982 1789 omnes
3022 1749 3200 1788 vacuae
3229 1743 3584 1788 manserunt:
3615 1749 3748 1803 pau-

2148 1828 2346 1882 cissimi
2376 1828 2516 1882 enim
2544 1836 2729 1893 erant,
2758 1826 2847 1896 qui
2877 1840 2908 1880 a
2933 1825 3155 1881 Joannis
3184 1824 3568 1881 communione
3598 1842 3747 1880 rece-

2150 1922 2357 1973 derettt.

2221 2012 2395 2065 Clerus
2422 2021 2465 2065 et
2492 2013 2709 2080 populus
2738 2012 2789 2064 in
2819 2027 2942 2081 agro
2975 2011 3209 2063 collectus
3254 2010 3530 2063 invaditur.
3555 2039 3630 2049 —
3650 2009 3748 2064 Ubi

2154 2119 2281 2159 vero
2307 2104 2477 2158 illuxit
2502 2103 2774 2159 Paschalis
2797 2103 2932 2170 dies,
2960 2104 3133 2157 omnis
3160 2103 3345 2157 civitas
3374 2114 3526 2158 extra
3559 2119 3743 2157 muros

2156 2198 2207 2250 in
2231 2197 2406 2250 locum
2436 2197 2649 2249 nomine
2674 2196 2929 2265 Pempton
2968 2195 3309 2266 demigravit:
3348 2195 3528 2265 ibique
3569 2196 3748 2263 populi

2158 2288 2497 2343 festivitatem
2524 2289 2860 2343 celebravere
2885 2288 3035 2357 quasi
3061 2302 3188 2341 oves
3209 2288 3466 2357 dispersa:
3488 2286 3740 2358 (Pallad.

2156 2380 2411 2451 Dialog.).
2435 2380 2722 2448 Imperator
2751 2388 2925 2434 autem
2957 2393 3203 2450 egressus
3228 2387 3330 2446 est,
3352 2387 3408 2433 ut
3435 2394 3560 2433 sese
3591 2393 3750 2434 exere

2158 2478 2305 2525 ceret
2334 2472 2385 2525 in
2411 2471 2587 2525 vicino
2613 2484 2820 2539 campo,
2855 2470 3089 2541 viditque
3112 2486 3297 2541 agrum
3325 2487 3430 2524 non
3456 2471 3747 2537 consitum,

2159 2569 2440 2631 tamenque
2468 2561 2805 2625 candentem,
2836 2564 2955 2630 quia
2978 2578 3169 2632 nempe
3190 2563 3223 2616 ii
3255 2578 3440 2617 omnes
3460 2562 3554 2632 qui
3579 2578 3748 2630 nuper

2158 2652 2408 2721 haptizati
2442 2651 2677 2718 fuerant,
2706 2652 2946 2707 candidis
2971 2655 3208 2709 vestibus
3248 2654 3415 2708 induti
3452 2662 3633 2708 erant.
3665 2653 3750 2708 Ait

2155 2757 2315 2811 porro
2344 2743 2671 2797 Sozomenus
2705 2744 2879 2798 locum
2914 2744 3059 2799 illum
3098 2744 3265 2800 fuisse
3292 2761 3448 2815 quem
3483 2746 3752 2801 Constan-

2156 2832 2259 2886 tius
2282 2832 2347 2887 ad
2374 2832 2529 2887 ludos
2571 2834 2841 2889 circenses
2885 2835 3349 2904 complanaverat,
3381 2845 3436 2891 et
3480 2839 3754 2893 asseribus

2152 2923 2781 2992 eireumsepseratErant
2796 2934 2970 2979 autem
2989 2925 3062 2981 illi
3078 2926 3315 2980 candidis
3333 2927 3499 2981 induti
3520 2927 3756 2981 vestibus

2156 3021 2237 3066 ter
2265 3013 2408 3066 mille
2432 3013 2646 3067 circiter
2673 3029 2915 3070 numero.
2946 3015 3280 3085 Stupefactus
3301 3017 3565 3071 Arcadius
3587 3018 3754 3072 inter-

2154 3104 2373 3174 rogabat
2398 3105 2640 3175 quisnam
2662 3105 2749 3159 ille
2763 3116 2933 3161 cretus
2955 3115 3114 3161 esset.
3140 3108 3214 3161 Illi
3238 3122 3386 3173 vero,
3418 3124 3448 3162 a
3476 3110 3755 3163 conscele-

2157 3197 2286 3250 ratis
2311 3195 2531 3250 Joannis
2562 3196 2787 3251 iuimicis
2817 3198 3042 3251 instituti
3065 3238 3080 3261 ,
3107 3198 3499 3267 responderunt
3540 3199 3757 3254 h:ereti.

2156 3301 2338 3341 eorum
2384 3295 2579 3341 costum
2610 3301 2746 3341 esse.
2782 3287 2890 3341 Nec
2918 3303 3066 3341 mora
3095 3288 3170 3341 illi
3202 3291 3455 3343 saeviores
3481 3307 3550 3347 ex
3591 3290 3754 3345 satel-

2156 3380 2336 3436 litibus
2363 3381 2578 3434 mittunt
2596 3394 2626 3433 a
2656 3387 2804 3448 tergo
2826 3417 2840 3445 ,
2871 3380 2960 3448 qui
2985 3380 3253 3435 auditores
3279 3380 3547 3449 dissipent
3569 3392 3629 3436 et
3653 3380 3752 3435 do-

2156 3479 2335 3527 ctores
2359 3466 2835 3539 comprehendant.
2863 3469 2995 3524 Tum
3025 3471 3201 3525 clerici
3223 3472 3362 3540 capti
3383 3480 3532 3539 sunt,
3556 3481 3613 3526 et
3631 3487 3751 3527 cum

2158 3562 2262 3617 illis
2290 3562 2408 3617 laici
2445 3561 2693 3631 quidam:
2722 3561 3127 3630 comprehensa:
3170 3571 3293 3616 sunt
3320 3562 3483 3616 etiam
3515 3578 3752 3617 urorum

2160 3653 2416 3709 nobilium
2441 3652 2716 3721 coniuges,
2749 3668 2973 3721 quarum
2999 3652 3117 3708 aliis
3148 3654 3279 3722 rapti
3313 3651 3570 3709 mafortes
3595 3665 3753 3723 sunt,

2159 3742 2279 3796 aliis
2307 3743 2520 3796 inaures
2563 3757 2684 3796 cum
2718 3750 2957 3797 extrema
2983 3744 3125 3797 auris
3152 3744 3432 3812 particula.
3472 3745 3605 3799 Ilme
3632 3761 3752 3801 cum

2160 3833 2363 3888 videret
2407 3832 2680 3888 Eleutheri
2707 3833 2983 3902 cujusdam
3021 3849 3156 3888 uxor
3181 3833 3614 3904 opulentissima,
3666 3853 3750 3893 re-

2159 3923 2287 3979 licto
2307 3923 2549 3990 maforte,
2573 3932 2627 3979 et
2651 3933 2799 3978 veste
2814 3924 3054 3978 ancillari
3072 3933 3364 3993 assumpta,
3383 3940 3546 3979 cursu
3567 3926 3753 3981 civita-

2163 4024 2268 4068 tem
2301 4013 2471 4083 petiit,
2521 4023 2578 4067 ut
2606 4013 2909 4083 pudicitiam
2939 4023 3216 4078 servaret;
3242 4024 3358 4069 erat
3380 4016 3525 4069 enim
3556 4016 3750 4071 decora

2161 4104 2295 4159 facie
2324 4113 2377 4158 et
2397 4104 2625 4174 eleganti
2648 4104 2835 4158 forma.
2866 4103 2954 4179 Sic
2972 4116 3216 4160 carceres
3259 4105 3461 4174 impleti
3491 4115 3622 4161 sunt
3646 4122 3749 4162 non

2162 4197 2267 4251 reis
2290 4205 2346 4251 et
2365 4196 2622 4262 scelestis,
2643 4194 2735 4251 sed
2755 4195 3183 4252 confessor-ibus:
3210 4206 3372 4265 atque
3396 4198 3474 4252 sic
3501 4197 3558 4252 in
3579 4199 3752 4255 eccle-

2164 4287 2269 4340 sias
2296 4285 2480 4338 mutati
2503 4294 2645 4339 sunt.
2671 4285 2736 4339 Et
2753 4285 2894 4354 quod
2915 4286 3110 4340 mirum
3133 4285 3394 4353 videatur,
3415 4286 3543 4342 dum
3569 4288 3748 4359 hymni

2163 4386 2218 4432 et
2244 4375 2541 4430 oblationes
2570 4375 2623 4429 in
2653 4376 2956 4431 carceribus
2977 4368 3385 4446 peragebantur,
3414 4376 3602 4447 ﬂagra,
3625 4392 3747 4433 cru-

2163 4467 2332 4521 ciatus
2359 4474 2415 4521 et
2439 4466 2713 4521 horribilia
2734 4466 3038 4536 iuramenta
3065 4468 3117 4521 in
3142 4468 3383 4523 ecclesiis
3404 4482 3532 4538 erga
3556 4472 3749 4525 multos

2164 4556 2574 4622 adhibebantur,
2609 4568 2667 4611 ut
2691 4556 2952 4612 Joannem
2995 4557 3335 4613 anathemate
3372 4557 3631 4615 damnare
3659 4575 3749 4615 co-

2163 4657 2434 4719 gerentur.
2468 4648 2547 4702 Ex
2575 4647 2665 4702 illo
2691 4658 2869 4703 autem
2899 4657 3138 4718 tempore
3164 4648 3327 4707 variis
3357 4649 3408 4703 in
3439 4649 3573 4704 locis
3594 4649 3749 4704 modo

2166 4740 2304 4803 istic.
2331 4738 2489 4793 modo
2520 4739 2630 4792 illic
2660 4738 3079 4804 conveniebant;
3126 4747 3181 4793 et
3224 4740 3345 4807 quia
3370 4738 3563 4794 Joanni
3606 4753 3747 4794 sem-

2166 4847 2263 4902 per
2304 4831 2500 4885 addicti
2548 4821 2739 4894 erant,
2790 4830 3055 4885 Joannita:
3100 4830 3352 4900 appellati
3392 4840 3520 4886 sunt
3560 4830 3746 4901 (Socr.

2164 4923 2252 4978 lib.
2281 4923 2331 4977 6.
2360 4940 2406 4975 c.
2439 4923 2525 4978 l9.
2559 4922 2763 4977 Sozam.
2796 4923 2832 4976 ι.
2865 4923 2917 4977 8.
2948 4940 2994 4975 c.
3026 4922 3089 4976 2|

2242 5016 2329 5071 Jo.
2358 5016 2741 5087 Chrysostomus
2767 5016 2833 5068 ad
2864 5014 3218 5070 Innocenlitmt
3248 5014 3447 5081 Papam
3475 5016 3662 5069 scribit.
3681 5043 3748 5056 -

2168 5108 2280 5164 Hoc
2298 5110 2349 5162 in
2372 5118 2508 5163 statu
2528 5124 2612 5161 res
2633 5117 2805 5175 erant,
2828 5123 2947 5162 cum
2969 5107 3250 5177 epistolam
3271 5107 3490 5176 primam
3511 5106 3745 5177 Chryso-

2166 5210 2373 5255 stomns
2420 5200 2633 5269 scripsit
2673 5199 2739 5253 ad
2788 5200 3154 5253 Innocentium
3186 5199 3419 5269 Papam,
3467 5208 3746 5267 antequam

2166 5292 2283 5361 ipse
2310 5292 2362 5345 in
2386 5291 2677 5346 secundum
2710 5290 2956 5350 exsilium
2984 5299 3244 5360 pergeret,
3274 5306 3305 5344 a
3335 5306 3440 5359 quo
3463 5305 3745 5358 numquam

2167 5381 2342 5437 rediit.
2373 5380 2542 5449 Quam
2582 5382 2837 5451 temporis
2866 5392 3044 5434 notam
3071 5380 3197 5434 hinc
3221 5389 3559 5444 mutuamur,
3611 5378 3745 5449 quod

2166 5473 2579 5543 Clirysostomus
2598 5482 2874 5541 postquam
2901 5473 3076 5526 omnia
3106 5472 3391 5533 recensuit,
3423 5486 3542 5539 qua:
3567 5470 3633 5523 ab
3658 5467 3747 5521 ad-

2168 5575 2330 5617 ventu
2348 5561 3129 5632 TheophiliConstantinopolin
3146 5572 3295 5631 gesta
3311 5572 3453 5626 sunt,
3474 5570 3743 5630 postquam

2167 5654 2235 5709 de
2260 5654 2476 5725 Synodo
2503 5656 2589 5709 ubi
2620 5656 2733 5724 ipse
2758 5655 3031 5723 depositus
3062 5653 3232 5707 fuerat
3259 5654 3384 5722 egit,
3416 5662 3471 5707 et
3500 5666 3558 5706 se
3586 5648 3745 5704 desti-

2171 5756 2337 5802 tntum
2370 5748 2777 5818 restitutumque
2802 5745 2967 5800 fuisse
3010 5744 3480 5807 commemoravit;
3523 5738 3741 5796 deinde-
