3948 6402
224 341 327 398 ﬁt!

223 468 328 525 quo
351 452 552 512 lterum
576 463 894 521 exagitatum
924 465 977 503 et
1002 457 1323 506 accusatum,
1357 454 1515 513 atque
1543 460 1607 496 ex
1630 441 1810 496 Eccle-

232 546 310 597 sia
335 542 587 613 pulsum;
620 553 892 611 p05tquam
932 538 1213 592 violentam
1260 534 1603 603 irruptionem
1632 531 1683 585 in
1721 545 1812 583 ec-

225 634 443 689 clesiam
476 641 535 687 et
560 633 613 685 in
643 629 1002 700 baptisterium
1032 626 1221 682 factam
1265 625 1563 680 enarravit:
1593 621 1811 692 gradum

227 724 411 789 sistit,
449 737 621 792 neque
651 737 713 776 ea
739 736 855 791 quae
887 729 1068 790 postea
1104 729 1252 788 gesta
1298 726 1422 771 sunt
1445 757 1459 779 ,
1505 724 1559 769 et
1599 712 1811 783 quidem

226 813 583 878 atrocissima,
630 819 1026 865 commemorat.
1059 807 1154 863 Ilic
1200 818 1375 862 autem
1409 806 1659 875 plurimos
1696 802 1814 870 epi-

227 916 421 973 scopos
441 902 744 972 alloquitur,
773 900 1004 969 dicitque
1032 898 1297 954 Palladius
1314 899 1365 951 in
1385 895 1543 958 Dia|.,
1564 893 1701 948 banc
1728 892 1809 960 ip-

230 1005 346 1046 sam
377 991 658 1060 epistolam
689 990 938 1059 scriptam
967 980 1128 1042 fuisse
1148 985 1379 1041 Venerio
1409 981 1807 1043 Mediolanensi,

228 1090 284 1134 et
331 1079 639 1135 Chromatio
687 1079 1014 1149 Aquileiensi
1080 1076 1362 1146 episcopis.
1420 1073 1578 1129 Addit
1634 1081 1809 1127 autem

228 1170 643 1240 Chrysostomus
666 1209 684 1237 ,
716 1172 909 1225 malum
938 1169 1039 1224 hoc
1070 1169 1367 1240 pervasisse
1406 1169 1455 1222 in
1500 1166 1767 1221 Orientem
1794 1182 1807 1217 :

234 1261 465 1317 clericos
514 1262 655 1316 enim
686 1262 737 1315 in
766 1263 1046 1331 episcopos
1074 1262 1346 1331 insurgere
1371 1301 1385 1325 ,
1431 1258 1708 1327 episcopos
1742 1256 1810 1308 ab

240 1351 529 1422 episeOpis,
559 1352 783 1422 populos
811 1368 842 1406 a
871 1351 1079 1420 p0pulis
1105 1353 1298 1405 scissos
1327 1364 1477 1414 esse,
1507 1349 1809 1417 instareque

231 1439 549 1510 periculum,
578 1456 644 1496 ne
672 1441 934 1496 dissensio
963 1429 1140 1496 manet
1168 1441 1218 1494 in
1250 1440 1364 1494 dies
1394 1438 1570 1493 latius.
1616 1436 1811 1506 Rogat-

226 1544 334 1601 que
361 1530 479 1585 illos
499 1531 597 1585 sibi
619 1533 932 1588 subveuiant
951 1542 1001 1587 et
1020 1532 1364 1601 epitulentur.
1386 1530 1440 1585 Si
1468 1545 1593 1584 vero
1612 1529 1810 1582 instent

226 1618 519 1674 adversarii
537 1620 755 1676 crimina
784 1622 881 1676 sibi
905 1621 1237 1691 objicientcs,
1264 1631 1499 1689 paratum
1528 1633 1586 1672 se
1605 1631 1723 1671 esse
1742 1616 1807 1670 ad

226 1723 445 1763 causam
475 1724 652 1764 coram
694 1711 1013 1779 incorruptis
1035 1711 1302 1779 judicibus
1324 1708 1622 1772 dicendam,
1657 1707 1809 1777 queis

226 1797 492 1866 significat
516 1815 575 1853 se
602 1799 653 1853 id
681 1809 884 1870 optare,
912 1810 966 1854 ut
999 1801 1049 1854 in
1077 1800 1301 1855 concilio
1328 1800 1559 1870 legitime
1589 1813 1810 1867 congre-

227 1899 374 1957 gato,
408 1888 520 1943 haec
545 1904 703 1945 causa
736 1900 988 1945 tractetur
1017 1901 1069 1945 et
1099 1890 1399 1946 deﬁniatur.

303 1979 441 2034 lluic
465 1981 702 2046 epistolae
726 1981 901 2037 addita
928 1992 1009 2038 est
1032 1983 1197 2037 altera
1225 1982 1454 2052 (Pallad.
1489 1980 1655 2052 Dial.)
1697 1982 1806 2051 epi-

226 2085 509 2142 scoporum
537 2072 879 2144 quadraginta
905 2116 919 2140 ,
942 2075 1027 2144 qui
1057 2089 1176 2128 eum
1219 2073 1421 2129 Joanne
1450 2073 1809 2129 communica-

228 2160 388 2227 bant;
414 2164 565 2217 tertia
583 2177 789 2233 quoque
815 2164 953 2218 Cleri
979 2163 1566 2232 Constantinopolitani,
1594 2164 1682 2233 qui
1712 2178 1808 2233 pro

228 2251 443 2305 Joanne
471 2252 663 2306 stabat.
688 2253 795 2308 Ilas
821 2269 945 2308 vero
976 2253 1155 2308 literas
1177 2255 1229 2308 in
1257 2252 1460 2308 Italiam
1488 2253 1802 2307 deferendas

225 2357 509 2413 suscepere
538 2344 912 2415 religiosissimi
957 2346 1189 2415 episcopi
1216 2388 1231 2412 ,
1261 2346 1579 2410 Demetrius,
1609 2344 1808 2399 Panso-

228 2434 405 2502 phius,
425 2435 634 2504 Pappus
657 2444 709 2490 ct
740 2436 1023 2507 Eugenius,
1048 2437 1136 2507 qui
1166 2438 1360 2490 relictis
1392 2436 1646 2490 Ecclesiis
1670 2435 1802 2499 suis,

227 2526 417 2596 pelago
439 2541 497 2581 se
520 2527 864 2594 commisere,
892 2538 944 2584 et
971 2543 1089 2582 cum
1121 2528 1223 2582 illis
1249 2528 1447 2583 Paulus
1478 2537 1532 2582 et
1554 2528 1810 2597 Cyriacus

223 2615 438 2670 diaconi
471 2615 649 2688 (Pall.
685 2616 870 2688 Dial).
920 2620 1214 2689 Antequam
1260 2632 1387 2673 vero
1431 2617 1542 2671 hare
1585 2616 1806 2687 epistola

223 2706 291 2759 ad
328 2706 688 2763 Innocentium
734 2709 1087 2778 pervenisset,
1118 2718 1392 2778 acceperat
1418 2709 1505 2763 ille
1528 2708 1804 2777 epistolam

231 2797 515 2869 TheOpIiili
544 2800 914 2866 Alexandrini,
964 2817 1083 2873 qua:
1114 2802 1184 2855 ita
1211 2811 1466 2871 concepta
1492 2810 1637 2864 erat,
1666 2809 1724 2854 ut
1752 2799 1804 2854 in

226 2905 289 2943 ea
324 2890 572 2945 Pontifex
605 2893 917 2948 temeritatis
943 2903 996 2949 et
1025 2894 1286 2964 superbia:
1316 2903 1493 2949 notam
1516 2891 1808 2963 deprehen-

220 2980 416 3045 deret;
443 2982 584 3051 quod
606 2984 751 3039 solus
775 2985 1079 3055 scripsisset
1117 3001 1214 3041 nec
1239 2987 1436 3041 claram
1465 2988 1579 3057 ejus
1599 2986 1676 3041 rei
1705 3000 1801 3040 no—

222 3070 400 3125 titiam
428 3072 682 3141 misisset,
729 3090 827 3130 nec
853 3073 1052 3131 diceret
1078 3086 1167 3129 aut
1193 3090 1287 3130 cur
1309 3116 1326 3142 ,
1373 3084 1463 3129 aut
1503 3074 1693 3145 quibus
1720 3089 1806 3128 as-

218 3176 342 3215 sum
351 3163 455 3232 ptis
470 3162 627 3218 sociis
646 3162 902 3219 Joannem
923 3164 1274 3235 deposuisset.
1288 3162 1417 3220 Cum
1441 3178 1598 3235 porro
1612 3162 1805 3221 dubius

219 3252 396 3306 animi
424 3261 587 3319 esset,
632 3268 730 3309 nec
758 3255 826 3309 ob
854 3255 929 3310 rei
957 3267 1117 3325 gesta:
1142 3254 1407 3311 levitatem
1434 3296 1447 3319 ,
1499 3255 1665 3325 inquit
1687 3253 1804 3310 Pal-

221 3342 420 3407 ladius,
454 3344 747 3401 rescribere
771 3346 950 3412 vellet,
980 3346 1238 3402 Eusebius
1267 3346 1478 3417 quidam
1504 3343 1806 3400 Constanti-

220 3432 568 3502 nopolitanus
581 3434 852 3500 diaconus,
876 3436 963 3505 qui
988 3445 1113 3492 tunc
1135 3436 1318 3491 Roma:
1345 3445 1461 3491 erat
1485 3434 1805 3491 ecclesiasti-

218 3538 409 3578 carum
436 3538 612 3579 rerum
640 3539 817 3592 causa,
853 3526 1213 3583 Innocentium
1254 3526 1419 3593 adiit,
1460 3536 1515 3581 et
1540 3522 1813 3597 supplices

219 3613 438 3667 libellos
462 3612 645 3679 dedit,
698 3614 950 3686 adjurans
995 3632 1116 3672 eum
1148 3625 1206 3671 ut
1234 3617 1500 3672 modicum
1551 3616 1805 3687 temporis

216 3712 586 3773 exspectaret,
639 3713 695 3760 et
734 3707 1175 3777 conspirationem
1202 3708 1516 3779 patefactam
1561 3706 1800 3762 videret:

215 3809 279 3848 ac
310 3804 433 3859 post
461 3795 687 3850 triduum
717 3796 1046 3852 advenerunt
1073 3798 1303 3868 episcopi
1331 3813 1489 3869 supra
1537 3812 1803 3854 memora-

216 3895 304 3936 tas
334 3885 515 3940 literas
543 3885 843 3943 afferentes.

286 3976 591 4032 Secundum
614 3977 727 4033 haec
749 3980 1080 4036 Innocentius
1099 3982 1237 4054 Papa
1252 3985 1460 4053 utrique
1482 3986 1612 4055 parti
1637 3984 1801 4058 (Pali.

213 4065 431 4136 Dialog.
458 4065 507 4135 ).
539 4066 726 4123 Joanni
755 4070 913 4126 simul
946 4080 1000 4125 et
1041 4071 1338 4142 Theophilo
1358 4115 1373 4139 ,
1398 4074 1580 4129 literas
1631 4075 1800 4138 misit,

213 4159 499 4226 utriusque
522 4161 948 4217 communionem
977 4176 1037 4219 se
1057 4163 1336 4219 admittere
1358 4162 1567 4235 quidem
1597 4166 1799 4228 dicens,

213 4264 283 4301 nc
315 4246 613 4304 Ecclesiam
639 4249 928 4320 scinderet,
950 4254 1204 4322 judicium
1243 4263 1417 4307 tamen
1447 4270 1475 4307 a
1503 4253 1802 4324 Theophila

212 4344 386 4396 latum
442 4341 782 4412 improbans,
832 4345 1165 4415 addebatque
1189 4345 1347 4401 aliam
1374 4348 1490 4417 cogi
1528 4345 1799 4418 Synodutn

209 4443 471 4505 oportere
497 4434 916 4491 Occidentalium
963 4447 1017 4492 et
1039 4439 1411 4505 Orientalium,
1441 4440 1576 4510 {equi
1614 4454 1799 4493 aman-

210 4535 350 4592 tem,
378 4540 498 4595 qua:
519 4526 644 4583 nulli
666 4529 892 4597 partium
911 4528 1118 4585 addicta
1139 4540 1303 4586 esset.
1323 4530 1413 4584 llis
1430 4529 1610 4598 adjicit
1630 4529 1799 4584 Theo-

210 4616 425 4685 phanes
452 4614 811 4673 Innocentium
833 4627 886 4675 et
906 4618 1212 4675 Flavianum
1240 4620 1622 4676 Antiochenum
1647 4617 1800 4674 Clero

208 4707 811 4779 Constantinopolitano
822 4712 1121 4782 scripsisse,
1139 4723 1196 4767 ut
1214 4713 1364 4768 illum
1375 4712 1795 4779 consolarentur,

206 4810 261 4853 et
276 4800 702 4869 indignationem
714 4817 863 4857 suam
875 4803 1395 4873 exprimerent,quod
1408 4812 1590 4858 contra
1603 4803 1803 4871 episco-

207 4907 340 4958 pum
371 4904 522 4943 suum
546 4900 650 4946 tam
684 4894 894 4963 indigna
917 4903 1118 4963 patrata
1147 4902 1327 4947 essent
1350 4891 1582 4961 (Pallad.
1607 4893 1796 4963 Dial.).

208 4981 287 5035 lix
309 4981 586 5051 episcopis
610 4998 758 5047 vero,
782 4985 869 5051 qui
894 4984 1074 5039 literas
1094 4984 1313 5038 Joannis
1341 4984 1407 5037 ad
1436 4984 1798 5039 Innocentium

205 5072 538 5139 detulerunt,
549 5073 871 5128 Demetrium
884 5073 1183 5129 Pesinuntis
1193 5074 1462 5129 Orientem
1477 5077 1798 5146 percurrisse

207 5173 435 5217 narrant
454 5165 1188 5231 prrcdicautemftomanorutn
1211 5182 1329 5222 eum
1341 5167 1544 5223 Joanne
1560 5183 1799 5222 commuo

209 5255 454 5319 nionem,
475 5256 563 5325 qui
587 5259 745 5312 etiam
780 5258 1262 5314 Iiteraslnnoeentii
1296 5260 1452 5330 Papa:
1473 5262 1792 5330 proferebat,

208 5360 422 5401 necnon
447 5348 815 5420 episcoporum
837 5350 1024 5415 Carize,
1057 5355 1292 5422 quicum
1327 5353 1529 5409 Joanne
1557 5370 1796 5409 commu-

208 5436 485 5490 nicabant.

283 5527 478 5583 Paucis
506 5533 708 5586 exactis
731 5534 918 5589 diebus
964 5547 1080 5604 post
1103 5537 1255 5593 datas
1293 5540 1360 5593 ab
1393 5537 1703 5597 Innocentio
1734 5541 1797 5594 Ii-

212 5623 383 5683 tcras,
411 5617 635 5677 Romam
656 5623 870 5679 advenit
893 5625 1079 5682 Petrus
1106 5630 1339 5698 quidam,
1367 5631 1643 5700 Theophili
1677 5647 1794 5701 pre-

212 5718 421 5791 shyter,
440 5724 499 5776 et
532 5715 841 5787 Martyrius,
873 5716 1489 5789 Constantinopolitauus
1511 5721 1785 5791 diaconus,

540 5828 804 5892 Pnaoa.
858 5831 978 5895 Gn.
1013 5833 1265 5900 XLVII.

1389 330 1567 389 NUNC
1608 325 1869 385 PRIMUM
1909 327 2301 389 ADORNATA.

3397 328 3503 387 ΞΗ

1924 441 2016 506 qui
2034 441 2213 494 literas
2225 439 2502 511 Theophili
2531 440 2834 495 Innocentio
2848 439 3141 495 attulerunt
3165 439 3332 508 (Pali.
3358 441 3494 494 Dial.

1921 531 2025 600 ‘24)
2044 572 2060 596 ,
2091 542 2147 586 et
2174 533 2412 601 qumdam
2441 544 2559 587 acta
2582 533 2804 589 Concilii
2832 534 2899 589 ad
2927 534 3215 603 Quercum,
3249 535 3305 590 in
3345 537 3499 605 queis

1922 624 2187 676 ferebatur
2211 622 2443 678 Joannes
2467 638 2497 676 a
2526 625 2737 694 triginta
2767 639 2862 680 sex
2888 625 3152 696 episcopis
3177 625 3458 679 damnatus
3485 665 3501 687 ,

1919 728 2143 782 quorum
2170 713 2524 784 undetriginta
2545 713 2779 786 :Egyptii
2799 726 2969 783 erant,
2992 727 3192 786 septem
3221 731 3349 770 vero
3369 715 3503 768 alia-

1919 820 2035 859 rum
2067 806 2361 876 regionum.
2406 806 2610 873 Quibus
2653 809 2785 863 aetis
2830 808 3073 876 perlectis
3118 807 3456 862 Innocentius
3485 848 3501 869 ,

1917 909 2036 948 cum
2064 897 2410 966 comperisset
2433 898 2604 952 nullas
2632 913 2822 968 graves
2841 912 2963 953 esse
2987 897 3371 961 accusationes,
3397 913 3495 952 ne-

1919 1000 2023 1052 que
2046 984 2303 1042 Joannem
2330 989 2562 1045 adfuisse
2584 1031 2599 1056 ,
2627 991 2717 1060 qui
2740 1005 2953 1045 causam
2984 1004 3132 1044 suam
3161 989 3494 1056 defenderet,

1917 1074 2196 1145 Theophili
2244 1077 2471 1135 furorem
2525 1081 2806 1135 exsibilare
2852 1081 3099 1150 perstitit,
3148 1080 3287 1151 quod
3312 1091 3497 1135 contra

1917 1164 2188 1221 absentem
2214 1178 2316 1222 tam
2339 1170 2658 1238 praecipitem
2676 1172 2989 1226 sententiam
3004 1169 3497 1226 emisisset.Literas

1916 1266 2089 1309 autem
2118 1255 2263 1311 dedit
2286 1258 2359 1311 illi
2381 1258 2445 1311 ad
2472 1258 2843 1328 Theophilum,
2870 1275 3047 1330 quem,
3073 1270 3128 1313 ut
3152 1260 3309 1314 etiam
3331 1258 3496 1314 Joano

1917 1363 2036 1401 nem
2082 1348 2149 1402 ad
2192 1352 2619 1405 comuumionem
2651 1367 2711 1406 se
2753 1351 3033 1407 admittere
3077 1351 3493 1413 testificabatur.

1916 1452 2086 1508 neque
2115 1455 2172 1493 se
2198 1454 2224 1491 a
2256 1438 2474 1494 Joannis
2504 1443 2873 1496 communione
2895 1442 3207 1496 dcstiturum
3228 1456 3347 1496 esse
3372 1457 3496 1511 pro-

1915 1538 2034 1596 pter
2055 1545 2116 1583 ea
2141 1546 2259 1599 qum
2281 1546 2375 1599 per
2396 1532 2676 1587 ludibrium
2700 1543 2849 1603 gesta
2890 1533 3116 1587 fuerant.
3141 1532 3497 1601 Ilortaturqne

1916 1617 2062 1671 illum
2091 1628 2146 1672 ut
2170 1621 2235 1673 ad
2258 1619 2547 1675 Concilium
2571 1638 2691 1676 mox
2718 1624 3144 1694 eongregandum
3167 1633 3493 1694 compareat,

1916 1708 2092 1778 ibique
2118 1725 2182 1763 ex
2209 1711 2500 1766 eanonibus
2524 1711 2753 1767 Nicaenis
2777 1756 2790 1779 ,
2819 1729 2924 1767 non
2966 1714 3084 1768 aliis
3116 1713 3343 1786 (notans
3372 1714 3495 1769 illos

1914 1799 2275 1855 Antiochenos
2296 1800 2315 1870 )
2339 1843 2353 1865 ,
2386 1804 2701 1859 sententiam
2732 1804 3004 1859 ferendam
3032 1819 3151 1859 esse
3177 1804 3325 1859 dicit.

1992 1887 2318 1943 Innocentius
2361 1889 2509 1961 Papa
2545 1903 2592 1946 et
2642 1891 2901 1947 Honorius
2946 1892 3087 1962 Imp.
3133 1895 3493 1947 metmienicam

1918 1981 2184 2052 Synodum
2211 1984 2320 2053 cogi
2346 1985 2517 2038 volunt
2537 1985 2941 2040 .—Concilium
2979 1996 3155 2039 autem
3178 1984 3305 2038 illud
3333 1986 3493 2056 quasi

1918 2086 2042 2125 mox
2091 2071 2324 2125 futurum
2357 2084 2617 2128 memorat
2643 2073 3012 2139 Innocentius,
3058 2073 3179 2143 quia
3210 2073 3495 2139 Honorius,

1914 2161 2217 2219 Occidentis
2247 2165 2539 2234 Imperator
2557 2166 2845 2237 Augustus,
2877 2164 3024 2221 fratri
3048 2180 3146 2220 suo
3169 2166 3397 2221 Arcadio
3412 2154 3497 2222 ii-

1916 2263 2058 2308 teras
2086 2255 2343 2318 miserat,
2377 2256 2530 2325 queis
2577 2255 2891 2311 hortabatur
2931 2257 3077 2312 illum
3125 2267 3184 2311 ut
3226 2257 3497 2325 utriusque

1913 2361 2175 2403 consensu
2204 2389 2218 2412 ,
2268 2348 2617 2404 Orientalium
2645 2360 2698 2404 et
2736 2349 3156 2405 Occidentalium
3198 2348 3494 2404 Concilium

1916 2436 2309 2491 Thessalonica!
2340 2439 2720 2500 celebraretur,
2751 2455 2856 2508 quo
2887 2438 3091 2493 facilius
3119 2447 3342 2508 utraque
3373 2453 3494 2507 pars

1913 2538 2087 2598 posset
2115 2529 2396 2584 convenire
2420 2530 2651 2592 (Pallad.
2681 2529 2869 2599 Dial.).
2893 2530 3081 2584 Verum
3109 2540 3226 2583 astu
3258 2528 3496 2584 inimico-

1911 2636 2027 2673 rum
2059 2620 2281 2674 Joannis
2304 2662 2319 2680 ,
2347 2628 2402 2674 et
2430 2619 2498 2673 ita
2524 2631 2746 2676 curante
2780 2620 3013 2674 Eudoxia
3032 2661 3045 2684 ,
3077 2635 3194 2689 quae
3218 2620 3282 2673 ad
3311 2630 3494 2673 nututn

1909 2725 2061 2763 suum
2081 2711 2289 2764 Aread;i
2309 2710 2527 2764 consilia
2549 2711 2939 2772 moderabatur,
2968 2708 3158 2763 laetum
3185 2718 3268 2762 est
3288 2717 3343 2762 ut
3358 2707 3501 2762 Con-

1909 2802 2087 2856 cilium
2112 2799 2418 2871 bujusmodi
2443 2843 2457 2867 ,
2505 2803 2573 2855 ab
2596 2802 2899 2856 Innocentio
2929 2801 3066 2870 Papa
3095 2811 3145 2855 et
3170 2800 3236 2854 ab
3262 2799 3495 2854 Ilonorio

1914 2891 2236 2962 Imperatore
2270 2901 2547 2961 tantopere
2575 2892 2864 2962 expetitum
2892 2933 2906 2957 ,
2935 2906 3037 2944 non
3065 2890 3443 2945 celebraretur.

1983 2983 2172 3039 Sicarii
2191 2983 2443 3038 Joamicm
2471 2986 2750 3052 interﬁcere
2789 2994 2998 3038 tentant.
3025 3012 3102 3025 --
3128 2983 3330 3038 Interea
3367 2997 3495 3039 vero

1908 3073 2321 3146 Cbrysostomus
2334 3075 2793 3143 Constantinopoli
2823 3073 2999 3128 adhuc
3026 3076 3076 3127 in
3106 3073 3495 3143 episcopalibus

1908 3164 2110 3219 aedi-bus
2131 3164 2376 3219 manebat
2397 3164 2569 3233 (Socr.
2599 3163 2637 3216 Ι.
2661 3161 2716 3217 6.
2745 3179 2789 3215 c.
2823 3162 2907 3217 I8.
2934 3162 3139 3217 Sozam.
3164 3162 3201 3215 Ι.
3230 3164 3281 3216 8.
3307 3178 3353 3215 c.
3376 3162 3485 3235 21),

1906 3268 1970 3309 ac
1990 3262 2108 3325 post
2127 3253 2327 3308 Pascha
2350 3253 2585 3308 bimestri
2611 3254 2783 3322 spatio
2804 3252 2995 3307 ibidem
3019 3252 3266 3321 perstitit.
3293 3251 3489 3306 Eodem

1910 3356 2151 3415 tempore
2175 3345 2257 3399 vir
2281 3344 2493 3415 quidam
2539 3344 2897 3400 dtemouiacus
2922 3389 2935 3411 ,
2966 3355 3055 3397 aut
3079 3345 3166 3414 qui
3198 3359 3256 3399 se
3284 3344 3489 3398 daemo-

1911 3437 2119 3491 niacum
2151 3435 2451 3502 simulabat,
2485 3434 2919 3506 deprehenditur,
2942 3436 3220 3505 pugionem
3257 3433 3478 3496 habens.

1914 3536 2180 3598 tamquam
2208 3526 2275 3581 ad
2295 3526 2553 3582 Joannem
2603 3526 2950 3581 occidendum
2988 3536 3219 3595 paratus,
3254 3526 3488 3581 nondum

1910 3628 2087 3673 tamen
2113 3617 2165 3671 id
2188 3618 2389 3672 facinus
2414 3631 2714 3687 aggressus.
2742 3617 2843 3685 Qui
2868 3616 3285 3687 comprehensus
3305 3632 3333 3668 a
3355 3613 3489 3671 mul-

1908 3708 2150 3773 titudine,
2167 3708 2388 3780 perinde
2397 3718 2556 3779 atque
2567 3710 2611 3763 si
2630 3710 2801 3778 pretio
2812 3708 3104 3764 conductus
3119 3707 3301 3763 fuisset
3315 3707 3381 3763 ad
3394 3722 3491 3763 ca)-

1908 3798 2030 3855 dem
2054 3800 2386 3869 patrandam,
2409 3800 2475 3854 ad
2506 3799 2815 3854 Praefectum
2862 3800 3007 3856 urbis
3031 3800 3225 3855 ductus
3250 3808 3352 3853 est.
3382 3800 3487 3855 Sed

1905 3890 2157 3959 Joannes,
2176 3891 2353 3947 missis
2368 3890 2680 3961 quibusdam
2694 3892 2955 3962 episcopis
2970 3907 3033 3947 ex
3050 3906 3270 3949 numero
3280 3905 3485 3953 eorum.
3504 3908 3505 3913 π

1908 3998 2042 4056 quos
2069 3999 2247 4039 secum
2296 3983 2560 4049 habebat,
2592 3983 2862 4038 hominem
2893 3985 3137 4041 liberavit
3182 3985 3488 4053 priusquam

1909 4077 2186 4131 tormentis
2228 4075 2594 4143 subjiceretor.
2624 4076 2869 4131 Posthaec
2915 4090 3101 4131 servos
3142 4074 3331 4145 Elpidii
3364 4089 3486 4145 pre-

1907 4167 2103 4239 sbyteri
2136 4166 2302 4220 effuso
2322 4181 2481 4219 cursu
2508 4167 2558 4219 in
2589 4167 2733 4221 aedes
2758 4166 3086 4235 episcopales
3116 4165 3323 4234 irrupit.
3345 4163 3486 4233 Quo-

1906 4258 2025 4313 dam
2065 4266 2240 4312 antem
2269 4272 2374 4326 quo
2399 4272 2621 4311 currens
2647 4268 2892 4325 pergeret
2910 4258 3270 4325 interrogante
3293 4296 3307 4320 ,
3339 4254 3484 4308 illum

1909 4363 2098 4404 servus
2129 4348 2276 4402 nullo
2304 4347 2430 4401 dato
2454 4362 2746 4417 responso,
2778 4348 2885 4402 sica
2918 4347 3208 4418 percussit:
3235 4346 3481 4409 alterum,

1904 4440 1992 4508 qui
2016 4438 2191 4509 priore
2207 4452 2459 4510 percusso
2485 4440 2881 4504 iticlamaverat,
2902 4436 3143 4491 similiter
3169 4434 3482 4493 vulneravit:

1907 4533 2117 4585 tertium
2144 4546 2350 4603 quoque
2373 4530 2656 4586 transfixit.
2684 4530 2816 4586 Cum
2845 4542 3031 4584 omnes
3055 4528 3142 4599 qui
3168 4526 3386 4582 aderant
3405 4526 3485 4582 in~

1907 4635 2118 4695 gentem
2148 4625 2437 4680 clamorem
2460 4624 2818 4688 sustulissent,
2849 4622 2939 4677 ille
2965 4621 3147 4691 fugere
3170 4619 3354 4690 ccepit.
3382 4619 3483 4689 Qui

1912 4730 2040 4768 vero
2086 4713 2698 4783 illuminsequebantur,
2744 4711 2927 4782 procul
2955 4710 3143 4781 positis
3186 4708 3486 4765 clamabant

1906 4818 1961 4860 ut
1983 4806 2266 4877 fugientem
2289 4805 2822 4875 comprehenderent.
2847 4803 3072 4870 Quidam
3097 4819 3161 4859 ex
3190 4804 3378 4858 balneo
3400 4817 3483 4858 re-

1903 4899 2053 4953 diens
2076 4898 2344 4954 hominem
2366 4897 2750 4967 apprehendit,
2773 4897 3061 4968 lethalique
3080 4898 3148 4953 ab
3175 4912 3240 4951 eo
3262 4896 3480 4950 vulnere

1902 4991 2202 5056 confossus,
2226 5000 2464 5045 mortuus
2484 4989 2693 5045 cecidit.
2714 4991 2755 5043 Α
2780 4991 2976 5059 popqu
2999 4990 3212 5045 demum
3234 5002 3372 5057 :cgre
3393 5002 3480 5041 ca-

1903 5092 2043 5151 ptus,
2058 5082 2247 5136 ductus
2266 5092 2346 5135 est
2367 5082 2419 5134 in
2440 5079 3072 5136 PalatiumTestabantur
3086 5079 3228 5133 cives
3250 5079 3342 5132 has
3362 5091 3482 5131 esse

1906 5174 2122 5228 insidias
2151 5175 2486 5228 inimicorum
2511 5173 2727 5228 Joannis
2746 5215 2759 5239 ,
2790 5172 3197 5240 clamabantque
3222 5169 3477 5229 dicentes,

1902 5274 1956 5316 et
1984 5263 2229 5317 sicarium
2254 5271 2309 5317 et
2332 5277 2424 5318 eos
2451 5262 2539 5332 qui
2564 5263 2832 5317 misissent
2856 5275 3041 5333 poenas
3062 5260 3191 5313 dare
3210 5264 3474 5326 oportere.

1902 5352 2190 5408 Pratfectus
2215 5361 2388 5407 autem
2423 5352 2599 5418 urbis,
2632 5368 2752 5407 cum
2777 5369 2898 5406 eum
2927 5363 3190 5418 tamquam
3221 5344 3476 5417 judicium

1904 5446 2206 5514 prolaturus
2248 5452 2392 5497 esset
2414 5444 2708 5513 accepisset
2730 5484 2746 5507 ,
2777 5442 2953 5512 populi
3001 5438 3232 5491 furorem
3253 5449 3473 5504 compe-

1902 5535 2039 5590 scuit
2063 5550 2077 5599 ;
2110 5534 2202 5590 sed
2235 5543 2421 5602 postea
2442 5534 2589 5588 illum
2615 5532 2834 5587 dimisit.
2862 5528 2993 5585 Item
3020 5526 3177 5597 paulo
3204 5539 3361 5581 secus
3386 5540 3475 5580 re-

1904 5629 2009 5684 fert
2048 5627 2334 5683 Palladius.
2376 5625 2568 5696 Elpidii
2594 5665 2608 5690 ,
2650 5624 2861 5694 inquit,
2907 5619 3202 5692 presbyteri
3248 5618 3477 5673 famulus

1905 5721 2281 5794 quinquaginta
2330 5729 2389 5776 ut
2410 5720 2576 5786 aiunt,
2604 5717 2780 5772 aureis
2802 5714 3116 5779 conductus,
3148 5724 3203 5768 ut
3226 5713 3284 5769 S.
3316 5710 3478 5767 Joan-

3076 5826 3151 5889 13
