3954 6410
458 278 517 333 εἰ
527 278 560 331 5

462 401 582 439 nem
613 385 737 439 dolo
785 384 1143 447 interﬁceret,
1174 395 1294 438 eum
1342 381 1708 450 deprehensus
1747 391 1889 435 esset
1936 391 2044 432 tres

459 475 668 543 gladios
697 473 915 534 habere,
941 482 1145 541 septem
1172 487 1239 527 ex
1274 471 1334 526 iis
1364 472 1454 543 qui
1478 473 1647 543 ipsum
1674 469 2046 541 apprehende-

461 577 598 631 rant,
624 563 901 633 percussit,
925 579 1151 633 quorum
1166 572 1393 635 quatuor
1414 566 1666 621 continuo
1687 564 1879 635 sepulti
1902 572 2048 629 sunt,

463 667 569 710 tres
597 670 722 709 vero
743 654 831 707 alii
857 666 973 723 post
1000 654 1305 710 diuturnam
1327 656 1656 710 curationem
1682 654 1812 709 salvi
1834 668 2053 708 evasere

465 750 483 817 (
508 747 712 801 Pallad.
738 744 925 816 Dial.).

533 835 685 889 Plebs
712 835 905 889 Joanni
932 836 1137 890 addicta
1164 837 1327 907 ipsum
1358 836 1594 890 custodit.
1614 866 1685 876 ——
1708 834 1801 891 His
1826 849 2052 906 conspe-

462 927 577 988 ctis,
612 927 699 996 qui
731 925 1084 981 fcrrentiores
1111 936 1267 981 erant
1292 942 1357 981 ex
1380 926 1557 997 plebe,
1584 926 1842 982 Joannem
1865 937 2050 982 custo-

461 1018 576 1076 dire
607 1027 907 1088 empernnt,
939 1027 1098 1074 nontu
1121 1027 1173 1073 et
1205 1020 1433 1074 interdiu
1462 1018 1683 1073 alternis
1708 1018 1912 1073 vicibus
1933 1017 2051 1090 cpi-

461 1113 702 1184 scopales
722 1114 867 1169 mdes
892 1111 1334 1167 circumsidentes
1359 1111 1506 1184 (Sos.
1536 1110 1571 1164 ι.
1599 1110 1652 1166 8.
1690 1128 1738 1166 c.
1783 1110 1901 1181 22).
1931 1110 2053 1165 llzcc

464 1221 569 1262 non
593 1221 746 1275 mque
775 1206 955 1258 animo
988 1204 1223 1261 ferentes
1252 1204 1511 1274 episcopi,
1540 1206 1627 1273 qui
1673 1213 1858 1258 contra
1885 1203 2050 1258 Joan-

463 1314 586 1354 nem
626 1306 1008 1360 convenerant,
1052 1296 1444 1351 ecclesiasticas
1498 1296 1641 1366 lt-gcs
1687 1296 1879 1352 calcari
1920 1310 2052 1349 con-

465 1399 783 1458 querentes,
838 1389 904 1443 de
962 1389 1054 1441 illo
1107 1402 1327 1458 prorsus
1375 1388 1638 1457 ejiciendo
1686 1388 2055 1443 deliberabant

464 1479 747 1551 (Chrysost.
782 1478 950 1551 Epist.
983 1478 1131 1550 {25).
1177 1478 1375 1547 Quinto
1403 1488 1581 1534 autem
1631 1489 1751 1549 post.
1794 1479 2052 1536 Penteco-

461 1578 579 1624 sten
610 1569 718 1631 die,
754 1570 999 1635 Aeacius,
1024 1568 1369 1636 Severianus,
1396 1569 1692 1625 Antiochus
1713 1579 1871 1642 atque
1898 1570 2056 1643 Cyri-

462 1676 564 1715 nus
594 1659 976 1731 Imperatorem
1023 1660 1242 1726 adeunt,
1287 1660 1708 1732 adulatoriisque
1753 1677 1817 1717 ac
1862 1661 2054 1719 fucatis

462 1754 753 1819 praemissis
784 1755 983 1819 verbis,
1016 1763 1225 1825 rogant,
1257 1754 1515 1810 Joannem
1547 1755 1812 1826 episcopis
1834 1755 2056 1828 presby-

463 1846 696 1915 terisque
729 1863 979 1918 perosum
1007 1848 1129 1917 ejici
1154 1847 1363 1919 jubeat,
1395 1848 1534 1920 quod
1559 1849 1670 1919 jam
1698 1848 1947 1904 dixerant
1970 1848 2052 1904 ef-

462 1938 715 2007 ferentes,
750 1956 960 2011 nempe,
992 1940 1047 1995 in
1078 1950 1239 2012 caput
1259 1955 1414 1997 suum
1447 1940 1562 1995 fore
1580 1940 1806 1995 Joannis
1832 1940 2052 2011 deposi-

463 2031 684 2097 tionem,
714 2033 760 2086 si
790 2047 983 2103 nempe
1030 2033 1226 2104 injusta
1269 2042 1431 2093 esset.
1463 2033 1559 2091 His
1583 2049 1647 2088 cx
1680 2033 1929 2088 facilitate
1973 2033 2055 2089 ni-

463 2122 568 2175 mia
592 2120 749 2176 tidem
772 2122 976 2179 habens
991 2124 1307 2193 Imperator,
1329 2125 1561 2179 instante
1581 2138 1796 2194 quoque
1812 2122 2052 2179 Eudoxio

462 2213 718 2283 Augusta,
761 2213 1047 2269 Patricium
1083 2214 1361 2272 Notarium
1403 2214 1567 2281 misit,
1599 2215 1690 2285 qui
1718 2213 1832 2269 haec
1857 2213 2050 2270 Joanni

463 2304 749 2369 numiaret,
780 2320 973 2375 nempe
1019 2307 1296 2371 Acacium,
1337 2306 1681 2372 Antiochum.
1703 2308 2050 2364 Severianum

461 2408 513 2447 et
544 2394 796 2465 Cyrinum
817 2394 1205 2466 depositionem
1231 2398 1395 2469 ipsius
1412 2398 1631 2453 Joannis
1650 2400 1700 2452 in
1717 2407 1875 2468 caput
1896 2413 2049 2454 suum

460 2488 792 2555 conjecisse:
825 2501 1151 2561 quapropter
1180 2509 1238 2548 se
1271 2494 1379 2548 Deo
1419 2493 1825 2560 commendans,
1864 2491 2054 2547 Eccle-

459 2579 536 2632 sia
569 2580 873 2637 excederet.
917 2583 1053 2636 'l‘um
1095 2582 1335 2639 Joannes
1376 2585 1644 2654 episcopis
1692 2586 1781 2655 qui
1828 2584 2053 2639 aderant

458 2671 590 2726 dixit
611 2690 624 2724 :
657 2671 830 2727 Venite
848 2690 1130 2744 precemur,
1154 2686 1203 2733 et
1222 2677 1401 2748 angelo
1421 2675 1667 2733 Ecclesia:
1686 2677 2050 2743 valedicantus;

461 2762 608 2817 lwtns
626 2763 826 2832 quidem
854 2763 914 2818 ob
934 2781 1210 2831 erumnas,
1233 2768 1323 2821 sed
1343 2768 1519 2823 dolens
1540 2768 1605 2824 de
1623 2769 1798 2839 pepuli
1818 2783 2049 2823 more.

459 2850 611 2906 'l'une
639 2867 767 2909 vero
791 2854 1005 2924 quidam
1034 2870 1100 2912 cx
1132 2859 1462 2928 proceribus,
1494 2860 1577 2914 vir
1619 2860 1843 2929 probus,
1889 2859 2052 2919 Joan-

463 2959 586 2999 nem
630 2948 869 3001 monuit:
898 2947 1143 3015 Lucium,
1187 2950 1444 3007 audacem
1483 2952 1677 3021 virum,
1718 2968 1837 3008 cum
1870 2952 2052 3007 militi-

461 3038 562 3093 bus
588 3037 638 3090 in
671 3048 918 3108 promptu
949 3054 1092 3106 esse,
1120 3049 1179 3099 ut
1197 3042 1242 3096 si
1267 3042 1658 3099 contradiceret
1683 3043 1766 3098 vel
1788 3043 2047 3108 differret,

460 3129 548 3182 ille
562 3129 733 3199 ipsum
749 3130 982 3192 traheret
1000 3141 1158 3203 atque
1176 3134 1497 3203 expelleret;
1517 3149 1580 3190 ac
1595 3135 1889 3205 periculum
1909 3151 2045 3202 csse,

460 3235 527 3277 ue
541 3230 806 3276 commota
826 3223 976 3293 plebs
992 3238 1113 3280 cum
1135 3225 1392 3282 militibus
1414 3242 1641 3297 pugnam
1663 3229 2045 3285 committeret.

459 3312 607 3370 'l‘unc
625 3313 859 3370 Joannes
878 3331 999 3371 cum
1027 3317 1278 3390 Iacrymis
1303 3320 1506 3390 aliquot
1523 3338 1589 3377 ex
1609 3323 1875 3392 episcopis
1895 3337 2052 3379 oscu-

460 3405 618 3470 latus,
651 3406 887 3476 reliquos
925 3409 1067 3464 enim
1092 3411 1323 3465 osculari
1354 3428 1459 3465 non
1490 3413 1836 3482 permittebat
1872 3414 2049 3480 dolor,

458 3496 667 3551 caneris
697 3496 836 3551 intus
865 3499 917 3552 in
949 3500 1184 3555 sacrario
1210 3500 1500 3556 valedixit:
1541 3502 1761 3570 Moneta,
1780 3503 2047 3573 inquiens,

459 3587 541 3639 In'c
568 3587 786 3653 interim,
810 3600 864 3642 ut
897 3591 1155 3645 modicum
1181 3593 1455 3663 quiescam.
1485 3592 1760 3664 Ingressus
1789 3605 1968 3650 autem
1996 3597 2048 3652 iu

460 3679 848 3749 baptisterium,
879 3680 1253 3755 Olympiadem
1298 3695 1474 3749 vocat.
1521 3700 1642 3756 quae
1690 3686 1758 3741 ab
1809 3687 2049 3744 Ecclesia

459 3787 562 3828 non
591 3773 919 3840 discedebat,
951 3778 1223 3846 etiamque
1254 3777 1566 3832 Pentadiam
1589 3787 1643 3832 et
1668 3778 1914 3834 Praelata
1936 3781 2048 3835 dia-

460 3862 699 3917 conissas
723 3905 738 3927 .
788 3865 1047 3921 Silvinam
1094 3867 1256 3922 etiam
1290 3868 1348 3922 Β.
1381 3867 1614 3922 Nebridii
1650 3884 1895 3935 uxorem,
1930 3886 2050 3941 qum

458 3950 765 4008 viduitatem
811 3969 960 4010 suam
994 3957 1280 4012 honestate
1320 3972 1383 4012 ac
1428 3960 1683 4013 modestia
1728 3959 2048 4030 decorabat;

459 4045 706 4115 ipsasque
732 4046 809 4102 sic
836 4050 1143 4119 alloquutus
1168 4060 1285 4105 est:
1326 4049 1517 4113 Venite,
1542 4068 1572 4104 o
1593 4053 1735 4121 ﬁlim,
1759 4052 1931 4108 audite
1951 4071 2047 4109 ine.

461 4135 591 4201 Qua
616 4136 685 4191 ad
715 4155 792 4192 me
837 4142 1072 4208 attinent,
1120 4142 1273 4212 ﬁnem
1318 4153 1372 4197 ut
1419 4144 1561 4198 rideo
1603 4143 1820 4210 habent;
1847 4161 2051 4199 cursant

456 4245 623 4285 meum
646 4236 1008 4296 consmmnaei,
1042 4244 1088 4288 et
1115 4236 1246 4303 forte
1270 4234 1462 4290 uultum
1500 4253 1664 4290 meum
1704 4254 1805 4292 non
1832 4238 2052 4308 amplius

454 4321 699 4377 videbitis.
735 4322 849 4379 Hoc
878 4342 1033 4380 unum
1059 4337 1130 4382 est
1155 4329 1290 4397 quod
1313 4345 1457 4399 rogo,
1488 4346 1551 4383 ue
1576 4346 1608 4383 a
1634 4332 1785 4385 solita
1807 4346 1928 4402 erga
1950 4331 2052 4385 Ec-

457 4412 658 4465 clesium
680 4413 1017 4470 benevolentia
1047 4433 1132 4471 vos
1159 4418 1411 4484 ocellatis,
1459 4430 1505 4473 et
1545 4431 1598 4475 ut
1625 4423 1689 4485 ei,
1729 4424 1817 4493 qui
1842 4424 2047 4490 invitus,

458 4516 546 4553 iter:
574 4503 818 4569 ambiens,
851 4522 913 4561 cz
939 4523 1184 4561 consensu
1210 4511 1461 4577 omnium,
1490 4512 1543 4564 in
1569 4513 1699 4567 hanc
1727 4516 1894 4569 sedem
1913 4517 2054 4570 ordi-

457 4601 605 4645 natus
632 4601 677 4647 et
718 4593 951 4650 inductus
999 4598 1169 4665 fuerit,
1218 4608 1477 4666 tamquam
1524 4603 1647 4655 mihi
1676 4603 1874 4659 Joanni
1903 4617 2052 4678 caput

456 4690 675 4735 vestiant
700 4685 1024 4741 submittens.
1056 4686 1183 4743 Non
1203 4700 1364 4758 potest
1390 4693 1525 4746 enim
1551 4693 1785 4750 Ecclesia
1814 4713 1919 4751 esse
1946 4700 2053 4753 sine

453 4775 708 4846 episcopo.
742 4776 826 4833 Ita
852 4779 1249 4837 misericordiam
1277 4787 1646 4855 consequentini
1676 4805 1694 4842 :
1724 4800 1770 4843 et
1808 4807 2052 4847 memores

453 4877 608 4923 estote
623 4871 719 4924 mei
742 4871 795 4924 in
821 4874 1130 4931 orationibus
1146 4877 1338 4931 vestris.
1369 4878 1472 4932 lllm
1500 4896 1633 4934 Vero
1662 4880 1912 4954 Iacrymis
1932 4899 2051 4952 per-

455 4958 606 5025 fusa),
639 4960 706 5017 ad
727 4962 846 5033 ejus
875 4964 1040 5034 pedes
1070 4968 1509 5025 adt'olvebttntur.
1535 4972 1685 5026 Tunc
1714 4974 1949 5030 Joannes
1973 4979 2051 5029 iu-

456 5067 645 5115 nucns,
673 5055 882 5109 cuidam
925 5071 956 5111 θ
999 5060 1321 5115 venerandis
1366 5064 1694 5134 presbyteris
1733 5066 1839 5118 ait:
1865 5067 2052 5120 Amare

452 5159 535 5196 eas
563 5143 700 5211 hinc,
725 5162 789 5200 ne
811 5149 1055 5218 populum
1081 5151 1389 5219 perturbent.
1724 5211 1731 5217 _

520 5235 748 5291 Joannes
786 5239 1028 5296 militibus
1053 5258 1107 5297 se
1132 5245 1286 5297 tradit
1311 5245 1362 5298 in
1388 5248 1620 5300 exsilium
1652 5248 1958 5303 ducendmn.
1979 5279 2049 5288 ——

453 5321 543 5377 Ille
583 5342 709 5381 vero
739 5344 834 5399 per
870 5341 1077 5400 partem
1109 5332 1434 5391 Orientalcm
1473 5355 1719 5405 egressus
1757 5350 1866 5403 est;
1898 5344 2046 5409 post-

455 5429 607 5481 quam
634 5418 864 5485 iusserat
886 5439 1081 5494 equum
1110 5439 1269 5483 suum
1292 5428 1357 5481 ad
1398 5438 1603 5496 partem
1649 5430 2046 5486 Occidentalem

455 5507 663 5573 adduci,
688 5525 742 5565 ut
766 5519 993 5586 populus
1019 5535 1087 5575 eo
1111 5535 1170 5575 se
1197 5520 1497 5575 conferret:
1532 5523 1711 5591 sicque
1740 5523 1829 5576 illo
1853 5524 1936 5592 pie
1955 5522 2049 5580 dc-

456 5595 599 5659 ίιιθθνλ
629 5602 897 5664 Profectus
937 5621 1040 5675 est,
1090 5619 1144 5664 cl.
1186 5626 1244 5667 se
1290 5611 1553 5665 militibus
1578 5614 1810 5670 tradidit.
1846 5616 1894 5667 id
1926 5625 2046 5668 lau-

459 5691 735 5743 tummodo
763 5708 1001 5763 questus,
1031 5704 1172 5772 quod
1214 5713 1401 5760 contra
1445 5704 1587 5777 leges
1615 5706 1919 5773 ejicerctur,
1948 5710 2045 5765 de-

1550 270 1605 324 S.
1647 265 1927 323 JOANNIS
1964 262 2443 319 CIIItYSOSTOMI
2493 267 2669 330 VI'I'A,

3648 271 3744 330 216

2164 387 2347 446 negata
2369 378 2469 432 sibi
2492 377 2735 433 facultate
2759 393 2970 432 causam
2993 380 3201 435 dicendi
3223 392 3346 438 ante
3372 383 3638 454 legitimos
3663 385 3744 456 jn-

2160 467 2329 530 diees.
2361 469 2503 539 quod
2532 479 2708 523 tamen
2737 469 3018 525 homicidis
3042 481 3095 526 et
3124 473 3380 530 adulteris
3412 474 3746 532 concedeba-

2162 568 2278 614 tur:
2304 574 2572 631 parvoque
2598 561 2877 631 impositus
2904 564 3131 636 navigio,
3171 568 3347 622 statim
3374 569 3424 622 in
3451 568 3745 638 Bithyniam

2161 659 2555 722 transportatur
2580 652 2810 715 (Sozam.
2836 655 2871 708 ι.
2902 655 2955 712 8.
2986 674 3031 711 c.
3060 657 3176 728 22).
3197 659 3644 717 Testilicaturille
3660 677 3747 716 eos

2150 744 2277 818 (Ep.
2298 747 2381 810 l0,
2396 758 2433 801 ι.
2449 746 2730 820 5.ε.608),
2756 748 2843 815 qui
2879 762 2938 804 se
2964 749 3015 803 in
3052 750 3292 805 exsilium
3318 750 3585 808 ducebant
3613 796 3629 819 ,
3657 769 3750 807 cu-

2158 851 2274 890 ram
2297 850 2510 891 omnem
2549 846 2602 893 et
2626 837 2860 894 studium
2891 840 3213 902 adhibuisse,
3245 843 3404 897 etiam
3444 843 3563 914 plus
3590 859 3744 914 quam

2158 927 2273 996 ipse
2327 927 2582 994 volebat,
2643 936 2703 983 ut
2756 929 2927 1001 ipsum
2982 943 3288 987 rccrearent
3347 948 3409 988 ac
3465 934 3750 989 reﬁcerent

2158 1017 2348 1087 (Epist.
2383 1018 2532 1088 22!).
2568 1020 2844 1074 Profectus
2870 1031 2949 1075 est
2976 1032 3154 1077 autem
3182 1024 3253 1078 20
3276 1023 3419 1079 Junii
3450 1027 3577 1078 anni
3605 1025 3745 1081 40‘:

2157 1116 2211 1161 et
2239 1106 2469 1162 Nicmam
2502 1110 2551 1162 in
2597 1109 2842 1181 Bithynia
2881 1111 3139 1168 adductus
3187 1122 3288 1180 est,
3334 1114 3421 1169 ubi
3469 1129 3640 1185 usque
3686 1116 3749 1172 ad

2156 1209 2401 1267 quartam
2426 1198 2550 1254 Julii
2577 1201 2788 1256 mansit.
2824 1201 2955 1256 Cum
2986 1202 3075 1257 illo
3104 1213 3258 1258 erant
3280 1203 3471 1259 Nicaea:
3497 1204 3748 1276 Cyriacus

2156 1289 2403 1347 Sinnada:
2430 1293 2480 1347 in
2509 1293 2758 1366 Phrygia,
2787 1302 2842 1349 et
2872 1294 3117 1366 Eulysius
3142 1296 3393 1367 Apamea:
3423 1297 3475 1352 in
3506 1297 3746 1370 Bithynia

2157 1384 2416 1455 episcopi,
2445 1387 2533 1457 qui
2562 1402 2628 1443 eo
2658 1388 2819 1442 vineti
2862 1388 3077 1444 adducti
3105 1401 3289 1456 erant;
3336 1390 3433 1448 sed
3476 1402 3664 1463 postea
3696 1402 3749 1447 ut

2158 1477 2407 1549 inculpati
2436 1479 2637 1533 dimissi
2662 1481 2807 1536 fuere
2829 1479 3064 1551 (Pallad.
3096 1483 3148 1536 in
3174 1481 3362 1551 Dial).

2228 1569 2451 1637 Quidam
2480 1579 2656 1627 autem
2689 1586 2754 1627 ex
2784 1571 3004 1628 Joannis
3030 1574 3278 1641 inimicis,
3308 1575 3560 1630 timentes
3586 1588 3675 1639 ne,
3702 1576 3747 1630 si

2156 1663 2381 1734 populus
2412 1664 2501 1735 qui
2546 1664 2597 1718 in
2626 1665 2851 1719 ecclesia
2882 1675 2996 1720 erat
3025 1666 3319 1722 discessum
3349 1667 3463 1735 ejus
3492 1680 3747 1738 agnosce-

2155 1765 2258 1819 ret,
2288 1755 2432 1809 illum
2463 1756 2833 1825 insequeretur
2855 1771 2917 1812 ac
2939 1756 3113 1811 redire
3136 1769 3372 1828 cogeret,
3403 1756 3547 1814 fores
3572 1758 3747 1814 eccle—

2155 1846 2247 1899 siae
2269 1846 2611 1901 occluserunt
2637 1845 2868 1918 (Sozom.
2919 1848 2957 1902 l.
2992 1848 3045 1903 8.
3077 1864 3123 1902 c.
3172 1847 3288 1918 22).
3314 1848 3389 1903 Ex
3418 1849 3482 1904 iis
3508 1863 3642 1904 vero
3665 1850 3752 1920 qui

2156 1936 2209 1991 in
2233 1936 2418 2005 plateis
2439 1945 2615 2005 erant,
2637 1938 2725 1992 alii
2747 1937 2812 1992 ad
2842 1954 2988 1993 mare
3008 1949 3355 1995 accurrerunt
3376 1951 3432 1995 ut
3447 1955 3572 1995 eum
3601 1954 3748 1996 asse-

2154 2036 2464 2097 querentur,
2496 2028 2582 2083 alii
2612 2037 2754 2083 metu
2777 2029 3048 2084 conterriti
3094 2029 3271 2100 fugam
3316 2032 3617 2101 arripuere,
3647 2032 3748 2086 lm—

2157 2119 2421 2188 peratoris
2451 2121 2580 2175 iram
2610 2121 2762 2175 veriti
2786 2139 2800 2176 :
2824 2122 2855 2176 ii
2881 2137 3007 2179 vero
3025 2124 3115 2192 qui
3156 2124 3207 2178 in
3244 2125 3469 2180 ecclesia
3498 2136 3679 2193 erant,
3701 2127 3748 2182 ri

2157 2225 2341 2277 magna
2374 2218 2555 2280 portas
2579 2211 2922 2281 ell'regeruut.

2227 2299 2471 2355 Ecclesia:
2497 2303 2802 2357 incendium.
2821 2333 2894 2342 —
2920 2304 3061 2359 Inter
3089 2304 3201 2360 lucc
3227 2304 3440 2362 ﬂamma
3470 2307 3526 2362 in
3542 2308 3636 2363 iIIa
3661 2323 3746 2366 se-

2153 2392 2242 2458 de,
2270 2394 2319 2446 in
2351 2409 2453 2463 qua
2492 2394 2699 2451 solebat
2723 2394 2957 2452 Joannes
2985 2397 3313 2465 coucionari,
3344 2400 3542 2456 emissa
3570 2410 3677 2470 est,
3697 2411 3750 2458 et

2154 2497 2434 2553 progressa
2452 2483 2518 2539 ad
2544 2494 2737 2540 tectum
2762 2501 2927 2556 usque
2949 2488 3189 2555 pervenit
3209 2498 3477 2561 tutamque
3499 2491 3751 2547 combus-

2155 2572 2225 2627 sit
2249 2573 2530 2630 ecclesiam
2555 2574 2789 2646 (Pallad.
2804 2594 2863 2646 p.
2890 2576 2977 2631 9l.
3003 2577 3093 2648 92)
3119 2596 3131 2631 :
3157 2578 3280 2635 inde
3296 2596 3422 2634 vero
3441 2582 3751 2638 transiliens

2155 2663 2368 2720 llamnta
2410 2665 2541 2720 nihil
2569 2667 2694 2721 mali
2724 2668 3049 2740 interpositae
3079 2670 3259 2743 populi
3299 2671 3648 2729 multitudine
3675 2674 3753 2729 in-

2153 2754 2352 2823 ferens,
2398 2756 2464 2812 ad
2492 2757 2636 2814 aedes
2658 2769 2874 2816 senatus
2904 2763 3151 2817 transiliit
3180 2763 3360 2818 multis
3390 2765 3641 2832 passibus
3666 2766 3752 2820 di-

2156 2857 2387 2914 stantes;
2409 2849 2657 2923 quodque
2678 2853 2870 2907 mirum
2900 2854 3166 2922 videatur,
3187 2854 3382 2910 :edium
3404 2856 3622 2911 illarum
3644 2873 3751 2911 non

2155 2956 2271 2997 eam
2299 2950 2502 3012 partem
2529 2958 2647 3014 quae
2667 2945 2947 3000 ecclesiam
2982 2944 3319 3015 respiciebat,
3349 2945 3443 3001 sed
3465 2946 3752 3003 adversam

2154 3042 2384 3102 partem,
2413 3048 2533 3104 qua:
2561 3034 2762 3089 Palatio
2791 3034 3056 3105 Imperiali
3086 3036 3329 3107 proxima
3357 3045 3494 3102 erat,
3536 3037 3751 3102 invztsit,

2153 3134 2312 3197 atque
2337 3125 2415 3180 sic
2441 3124 2585 3180 aedes
2613 3123 2731 3179 illas
2757 3125 2810 3180 in
2837 3126 3069 3181 cinerem
3095 3126 3321 3198 redegit,
3342 3141 3554 3182 necnon
3582 3128 3754 3182 eccle-
3785 3110 3795 3119 ’

2154 3216 2287 3271 siam
2317 3226 2373 3272 et
2402 3216 2590 3272 domos
2611 3216 3024 3289 circumquaque
3056 3219 3275 3287 positas,
3306 3227 3360 3272 et
3386 3219 3486 3273 soli
3509 3218 3753 3273 :edicula:

2155 3308 2409 3377 pepercit,
2440 3307 2492 3363 in
2517 3324 2621 3380 qua
2650 3324 2800 3366 sacra
2828 3326 2948 3367 vasa
2977 3312 3205 3380 reposita
3235 3319 3406 3367 erant.
3424 3310 3544 3366 Non
3561 3328 3753 3366 aurum

2156 3400 2418 3456 reveritus
2462 3409 2545 3456 est
2572 3400 2730 3470 ignis,
2775 3416 2874 3457 ncc
2898 3414 3197 3473 argentum,
3227 3403 3396 3473 inquit
3436 3403 3749 3468 Palladius;

2153 3491 2247 3546 sed
2297 3501 2355 3546 ut
2399 3507 2469 3546 ne
2514 3492 2664 3548 locus
2711 3492 2931 3548 daretur
2986 3494 3457 3549 calumniatoribus
3506 3494 3752 3550 Joannis.

2154 3584 2486 3654 TheOphiIus
2505 3586 2648 3641 enim
2676 3586 2886 3643 dicebat
2907 3587 3079 3656 ipsum
3102 3589 3344 3644 ecclesia:
3370 3589 3593 3645 nmbilia
3620 3605 3754 3644 ven-

2155 3676 2378 3733 didisse.
2409 3675 2609 3733 Verum
2649 3692 2764 3733 rem
2808 3677 2997 3732 falsam
3044 3693 3164 3734 esse
3208 3679 3404 3735 clarius
3445 3680 3644 3735 enituit
3689 3696 3753 3734 ex

2155 3762 2429 3826 breviculo
2458 3770 2571 3839 illo,
2603 3785 2760 3840 quem
2793 3771 3094 3827 Germanus
3135 3773 3414 3844 presbyter
3442 3782 3499 3829 et
3540 3774 3756 3829 Cassia-

2156 3878 2254 3916 nus
2281 3862 2540 3917 diaconus
2589 3862 2852 3929 obtulere,
2899 3863 3156 3918 ell‘crcnte
3185 3864 3324 3931 quod
3355 3864 3591 3933 pretiosa
3626 3880 3754 3920 vasa

2155 3952 2499 4009 tradidissent
2523 3969 2702 4008 coram
2725 3953 3012 4022 iudicibus,
3054 3954 3242 4010 Studia
3272 3955 3532 4012 Prml‘ecto
3580 3956 3752 4022 urbis,

2157 4044 2490 4116 Eutychiano
2517 4045 2776 4100 Praefecto
2805 4045 3044 4099 Prretorii
3066 4087 3081 4110 ,
3132 4036 3347 4102 Joanne
3365 4046 3575 4101 Comite
3605 4046 3752 4102 Theo

2155 4150 2472 4200 saurorum,
2532 4135 2811 4190 Enstathio
2857 4137 3168 4203 Qttmrlﬂl'e,
3217 4145 3271 4189 et
3314 4136 3656 4203 Tabulariis,
3702 4137 3755 4191 in

2155 4243 2307 4296 auro,
2338 4240 2558 4298 argento
2586 4239 2638 4283 et
2667 4230 2918 4285 vestibus.
2949 4229 3007 4283 In
3038 4238 3181 4283 tanto
3202 4239 3381 4284 autem
3407 4240 3457 4285 et
3488 4239 3597 4291 tam
3620 4246 3756 4300 pra:-

2156 4322 2301 4392 cipiti
2323 4324 2569 4378 incendio
2600 4338 2759 4377 nemo
2798 4324 2971 4392 periit.
3011 4323 3158 4377 Circa
3189 4322 3305 4391 cjus
3333 4333 3586 4378 auctores
3612 4323 3752 4380 varia

2156 4431 2184 4469 a
2210 4416 2558 4484 scriptoribus
2598 4416 2937 4473 referuntur:
2970 4414 3240 4470 Palladius
3291 4429 3405 4470 rem
3447 4424 3668 4479 narrat,
3701 4424 3755 4469 ut

2156 4508 2410 4565 divinitus
2439 4507 2661 4562 omnino
2685 4508 2875 4562 iactam
2910 4524 2922 4559 :
2957 4508 3288 4563 Sozomenus
3312 4506 3459 4568 dicit,
3495 4508 3751 4576 pepultnn

2155 4602 2344 4657 Joanni
2375 4600 2645 4657 addictum
2675 4600 2725 4655 id
2768 4601 2820 4656 in
2860 4601 2982 4670 ejus
3016 4600 3261 4655 inimicos
3304 4599 3591 4663 retulisse;
3636 4600 3756 4655 illos

2156 4710 2285 4749 vero
2320 4695 2370 4749 id
2398 4694 2621 4751 Joannis
2662 4695 2852 4749 amicis
2885 4692 3235 4761 adseripsisse
3257 4732 3275 4755 ,
3319 4693 3573 4747 Socrates
3603 4711 3617 4745 :
3649 4691 3754 4748 Zo-

2156 4785 2322 4840 simns
2352 4786 2790 4856 etTheOphancs
2840 4784 3035 4853 popqu
3077 4782 3271 4839 Joanni
3317 4783 3538 4839 addicto
3585 4795 3754 4839 totum

2156 4876 2412 4931 referunt.

2230 4969 2283 5022 In
2315 4968 2437 5022 aula
2480 4983 2603 5022 vero
2634 4966 2974 5036 Imperatoria
3009 4963 3265 5035 ﬂagitiqu
3299 4964 3426 5019 illud
3459 4981 3487 5017 a
3525 4964 3749 5019 Joanni-

2157 5061 2223 5113 tis
2263 5068 2527 5128 patratum
2579 5057 2743 5113 fuisse
2779 5057 2862 5111 vel
2901 5056 3222 5127 pun-ibatur,
3270 5055 3349 5109 vel
3395 5054 3754 5109 simulabatur

2156 5150 2328 5221 (Socr.
2372 5150 2409 5202 l.
2448 5150 2501 5205 6.
2551 5166 2597 5202 c.
2637 5148 2719 5205 I8.
2749 5147 2959 5203 Pallad.
2992 5149 3045 5200 in
3076 5146 3271 5218 Dial.).
3302 5146 3453 5201 'I‘une
3492 5147 3752 5215 Optatus,

2156 5242 2303 5296 urbis
2346 5240 2633 5297 Praefectus
2655 5282 2670 5306 ,
2714 5240 2974 5311 religione
3001 5240 3234 5309 gentilis,
3264 5240 3315 5293 in
3342 5238 3628 5293 Joannitas
3654 5252 3748 5292 seu

2155 5334 2376 5389 Joannis
2405 5332 2641 5389 fautores
2666 5332 2955 5389 admodum
2986 5331 3179 5385 sazviit.
3228 5334 3267 5385 Α
3295 5329 3441 5384 nullo
3472 5338 3655 5384 tamen
3687 5343 3751 5381 ex

2158 5430 2262 5482 illis
2288 5429 2337 5480 vi
2370 5437 2756 5482 tormentorum
2788 5426 2838 5480 id
2867 5425 3083 5481 efﬁcere
3116 5424 3309 5493 potuit,
3343 5431 3393 5477 ut
3422 5437 3479 5475 se
3513 5422 3593 5475 vel
3622 5434 3750 5475 sues

2157 5522 2315 5592 hujus
2345 5521 2574 5577 incendii
2598 5530 2851 5575 auctores
2872 5534 2991 5575 esse
3024 5518 3382 5582 declararent,
3411 5516 3528 5586 ipso
3551 5515 3751 5569 latente

2156 5616 2371 5669 ZtNltllU
2400 5633 2411 5669 :
2453 5615 2501 5669 id
2532 5613 2673 5684 quod
2696 5613 2857 5668 etiam
2884 5611 3198 5667 testiﬁcatur
3218 5609 3452 5664 Joannes
3477 5608 3633 5676 epist.
3659 5606 3747 5659 94.

2159 5710 2279 5764 Imo
2309 5709 2483 5779 ipsum
2529 5706 2788 5763 Joannem
2838 5716 2892 5760 ut
2941 5702 3172 5759 incendii
3220 5712 3491 5759 auctorem
3536 5712 3739 5754 accusa-
