3954 6396
255 291 357 349 21‘!

260 427 426 479 vere;
459 408 708 479 ideoque,
732 417 786 461 ut
814 405 887 460 ait
916 403 1181 459 Palladius
1224 403 1274 456 in
1309 402 1531 470 Dialog.,
1567 399 1772 453 vinctus
1796 396 1847 451 in

262 504 510 577 Bithynia
534 502 787 561 detentus
814 500 907 555 fuit
926 514 1045 555 cum
1068 496 1287 569 Cyriaco
1313 502 1367 549 et
1392 492 1608 564 Eulysio
1632 490 1841 561 episco-

261 598 345 666 pis
366 636 380 658 ,
412 593 500 663 qui
530 591 790 662 postremi
816 605 936 644 cum
965 588 1086 644 aliis
1119 583 1510 641 Chalcedonem
1553 580 1762 635 adducti
1793 587 1848 635 et

258 683 519 742 custodiae
539 680 823 750 mancipati
850 686 974 736 sunt
1003 696 1017 731 :
1045 688 1204 746 atque
1232 691 1297 731 eo
1318 690 1485 743 usque
1509 669 1850 742 impudentiae

259 788 313 835 et
344 775 592 844 nequitia:
618 769 1258 842 processeruntAcacius,
1282 766 1494 830 Paulus,
1527 761 1846 829 Antiochus,

260 866 605 926 Severianus,
637 873 692 919 et
721 862 807 917 alii
833 862 1048 930 quidam
1072 902 1086 925 ,
1117 868 1174 914 ut
1203 861 1255 913 in
1277 859 1446 914 literis
1466 856 1577 911 suis
1600 856 1667 910 ad
1695 854 1849 908 luno-

257 959 495 1014 ceutium
545 957 740 1027 Papam
768 997 783 1020 ,
832 953 1090 1011 Joannem
1137 952 1287 1021 quasi
1337 948 1618 1005 ecclesiam
1666 948 1849 1001 inccn-

259 1050 467 1112 disset,
496 1046 973 1103 calumniarentur.
1026 1043 1260 1098 Joannes
1300 1056 1431 1095 vero
1459 1039 1675 1107 scripsit
1717 1037 1844 1103 illis,

260 1138 365 1194 etsi
389 1139 442 1193 in
473 1137 593 1192 aliis
620 1136 718 1193 sibi
754 1134 1075 1191 defendendi
1114 1134 1198 1189 sui
1228 1133 1401 1187 locum
1426 1146 1533 1184 nou
1564 1128 1844 1193 dede-rant,

261 1231 318 1283 in
364 1229 465 1282 hoc
493 1228 683 1284 saltem
712 1226 902 1284 darent
932 1234 991 1279 ttt
1020 1223 1088 1277 de
1122 1221 1428 1291 huiusmodi
1458 1217 1702 1275 incendio
1728 1230 1848 1273 sese

260 1327 536 1390 purgaret.

335 1411 442 1465 Alii
489 1424 701 1482 quoque
738 1423 831 1479 per
878 1408 1062 1463 urbem
1110 1406 1504 1460 circumeuntes
1529 1406 1550 1473 (
1571 1402 1693 1458 Sos.
1722 1401 1760 1454 ι.
1791 1399 1844 1455 8.

258 1522 311 1559 c.
338 1503 466 1574 22),
509 1517 603 1559 eos
641 1502 731 1571 qui
769 1500 931 1555 delati
960 1499 1171 1554 fuerant
1198 1497 1338 1568 quod
1365 1496 1553 1553 Joanni
1586 1495 1843 1557 faverent,

260 1592 789 1663 Comprehenderunt
808 1633 821 1655 ,
849 1601 901 1644 et
931 1590 983 1644 in
1014 1589 1309 1645 custodiam
1342 1588 1496 1641 datos
1519 1625 1536 1652 ,
1568 1594 1628 1639 ut
1653 1583 1845 1638 Juanui

264 1679 552 1733 anathema
571 1675 1095 1745 dicerentcogcbaut
1116 1674 1309 1745 (Epist.
1332 1674 1457 1730 118.
1482 1684 1519 1728 t.
1549 1674 1601 1729 3.
1632 1690 1678 1727 c.
1699 1672 1849 1741 675).

266 1770 378 1823 Illis
408 1783 537 1823 vero
563 1768 850 1837 episcopis,
874 1768 1205 1839 presbyteris
1226 1767 1454 1837 aliisque
1474 1766 1564 1837 qui
1591 1767 1672 1820 sui
1692 1778 1852 1819 causa

265 1863 321 1916 in
352 1875 625 1918 carcerem
671 1859 804 1914 trusi
848 1859 1080 1927 fuerant,
1124 1859 1407 1928 epistolam
1437 1857 1853 1912 consolatoriam

263 1954 416 2013 misit
440 1951 856 2026 Chrysostomus
889 1952 997 2024 (Ib.
1040 1969 1087 2008 c.
1135 1952 1286 2023 541),
1337 1951 1425 2006 ubi
1460 1951 1642 2020 paucis
1673 1950 1854 2005 horta-

258 2059 351 2103 tur
377 2048 498 2102 illos
521 2045 586 2103 ad
624 2044 933 2116 patientiam
957 2085 974 2112 ,
1024 2042 1257 2113 dicitque
1286 2054 1553 2099 aerumnas
1578 2046 1635 2092 et
1660 2049 1847 2107 ptenas

260 2138 612 2209 hujnsmodi-,
651 2152 750 2209 pro
781 2136 975 2205 pietate
1015 2141 1294 2203 susceptas
1316 2173 1330 2196 ,
1376 2143 1697 2186 coronarum
1726 2140 1845 2182 esse

256 2232 670 2288 conciliatrices.

334 2322 570 2381 Arsacias
597 2319 684 2375 Jo.
716 2318 1072 2390 Chrysostomo
1101 2316 1436 2371 substituitur.
1467 2343 1538 2354 —
1560 2313 1844 2379 Postquam

254 2414 341 2471 sic
359 2411 620 2467 abductus
641 2410 814 2465 fuerat
837 2408 1069 2463 Joannes
1093 2448 1108 2473 ,
1139 2416 1363 2462 curante
1393 2402 1636 2457 Eudoxia
1668 2402 1843 2470 Impe-

256 2506 456 2565 ratrice
480 2504 533 2558 in
573 2501 755 2561 sedem
794 2500 911 2570 ejus
952 2499 1269 2554 substitutus
1297 2496 1394 2550 fuit
1424 2494 1674 2548 Arsacius
1696 2492 1844 2561 vige-

252 2599 395 2654 sima
443 2596 665 2665 septima
711 2593 798 2650 die
835 2591 1034 2647 mensis
1073 2590 1212 2645 Junii
1262 2603 1404 2643 anno
1429 2586 1552 2641 404.
1601 2586 1729 2639 Erat
1759 2583 1845 2638 ille

254 2687 511 2742 Arsacius
538 2685 701 2740 frater
738 2683 1003 2747 Nectarii,
1031 2680 1120 2750 qui
1164 2681 1215 2733 in
1259 2678 1442 2734 sedem
1470 2675 1845 2733 Constantino-

255 2780 570 2849 politanam,
611 2774 870 2845 Gregorio
896 2772 1232 2827 Nazianzcno
1260 2768 1563 2832 secedente,
1598 2765 1845 2820 inductus

256 2870 438 2925 fuerat
481 2866 806 2939 (Chronicou.
840 2865 1020 2929 Alex”-
1048 2862 1306 2933 Cltrysost.
1342 2859 1505 2930 Epist.
1551 2857 1699 2927 125).
1736 2859 1845 2911 An-

251 2975 449 3017 norum
476 2958 746 3028 octoginta
772 2965 888 3012 erat
916 2955 1190 3021 Arsacius,
1222 2968 1380 3023 quem
1412 2952 1660 3017 delirum,
1693 2959 1847 3006 vocat

179 3111 191 3120 ,
248 3053 694 3123 Chrysostomus,
719 3058 773 3107 et
798 3049 980 3120 lupum
1001 3057 1162 3117 atque
1189 3046 1510 3111 adulterum,
1542 3045 1682 3116 quod
1715 3044 1845 3098 alie-

249 3158 380 3198 nam
408 3141 588 3197 sedem
613 3143 691 3197 sic
718 3140 1019 3197 invasisset.
1042 3138 1131 3194 Ait
1150 3137 1363 3208 quidem
1388 3138 1640 3192 Socrates
1670 3136 1842 3204 ipsum

247 3236 323 3290 ob
351 3234 674 3304 singularem
722 3230 1186 3287 mansuetudinem
1217 3228 1517 3285 Ecclesiam
1558 3225 1845 3296 tranquille

245 3328 583 3399 gubernasse
633 3324 816 3397 (Socr.
859 3325 896 3377 ι.
924 3324 978 3380 6.
1015 3341 1061 3377 c.
1098 3322 1218 3394 19).
1270 3322 1469 3377 Verum
1514 3320 1843 3383 Sozomenus

247 3426 440 3472 narrat
469 3416 620 3470 illum
644 3414 859 3485 quidem
884 3422 1220 3468 mansuetum
1245 3411 1409 3467 fuisse
1434 3420 1489 3466 ct
1517 3426 1641 3481 erga
1672 3411 1835 3465 Deum

246 3509 560 3579 religiosum
582 3525 596 3573 ;
619 3506 712 3562 sed
731 3506 938 3561 laudem
957 3507 1125 3571 illam,
1148 3521 1306 3575 quam
1323 3505 1559 3559 omnium
1578 3518 1842 3559 consensu

244 3600 479 3668 adeptus
504 3598 677 3654 fuerat
700 3599 979 3670 presbyter
998 3640 1013 3665 ,
1045 3597 1375 3654 imminuisse
1400 3596 1657 3668 quosdam
1684 3597 1844 3650 cleri-

244 3706 376 3755 cos,
412 3690 503 3759 qui
528 3690 704 3747 omnia
733 3704 829 3759 pro
860 3689 1027 3746 lubito
1053 3704 1151 3744 suo
1177 3689 1437 3759 agebant,
1473 3697 1529 3743 et
1554 3698 1708 3758 gesta
1747 3701 1841 3742 sua

244 3781 331 3835 illi
357 3781 708 3850 imputabant.
739 3781 970 3851 Anysius
991 3796 1139 3847 vero,
1181 3795 1345 3836 senex
1366 3780 1650 3851 episcopus
1675 3779 1843 3834 Thes-

244 3874 606 3931 salonicensis
625 3915 639 3937 ,
668 3888 727 3930 se
757 3874 1012 3929 Ecclesia:
1041 3872 1295 3929 Romanae
1326 3872 1608 3928 sententiae
1637 3872 1841 3926 haerere

243 3968 439 4021 dicens
463 4007 477 4029 ,
513 3983 541 4019 a
571 3966 791 4023 Joannis
832 3965 1072 4035 partibus
1111 3974 1256 4021 stare
1300 3980 1359 4020 se
1399 3965 1573 4019 dixit:
1607 3964 1843 4034 episc0pi

244 4072 465 4128 quoque
521 4056 692 4110 Caria:
737 4072 798 4112 se
842 4055 1061 4110 Joannis
1106 4057 1540 4111 communionem
1593 4054 1843 4123 amplecti

244 4149 483 4219 dixerc(
504 4147 709 4204 Pallad.
756 4150 812 4201 in
853 4147 1053 4218 Dialag.
1081 4148 1119 4217 ).
1150 4133 1298 4202 Infra.
1332 4146 1631 4203 videbimus
1672 4145 1843 4200 Palu:-

245 4242 449 4296 stinam
479 4251 532 4296 et
564 4241 887 4299 Phteniciam
918 4257 1011 4310 pro
1032 4240 1237 4299 Joanne
1266 4240 1487 4294 fecisse:
1514 4239 1699 4295 Cilicia
1715 4254 1841 4295 vero

244 4334 422 4389 divisa
454 4333 569 4389 fuit.

321 4425 529 4481 Arsacii
562 4427 776 4494 famam,
800 4426 969 4497 inquit
989 4429 1337 4494 Sozomenus,
1361 4429 1613 4483 laeserunt
1639 4443 1696 4483 ea
1723 4444 1842 4497 quce

244 4527 401 4587 gesta
431 4527 549 4572 sunt
584 4518 743 4590 (Sos.
771 4521 807 4572 ι.
828 4519 880 4574 8.
912 4536 957 4572 c.
978 4520 1093 4579 23).
1124 4520 1256 4576 Nam
1294 4537 1416 4576 cum
1455 4521 1674 4576 Joannis
1726 4520 1842 4575 fau-

246 4619 399 4665 tores
425 4626 523 4665 nec
547 4625 671 4663 cum
694 4612 913 4666 Arsacio
939 4654 953 4678 ,
978 4627 1077 4667 nec
1101 4628 1221 4667 cum
1249 4613 1364 4682 ejus
1392 4614 1686 4668 fautoribus
1710 4628 1840 4684 syn-

243 4714 384 4756 axes
422 4716 580 4770 agere
603 4702 688 4755 vel
723 4717 908 4771 preces
939 4702 1162 4758 fundere
1200 4704 1416 4771 vellent,
1449 4704 1674 4773 ideoque
1692 4719 1841 4758 seor-

244 4792 355 4846 sim
375 4799 431 4845 et
457 4790 508 4844 in
537 4793 792 4847 extremis
817 4793 1044 4847 civitatis
1068 4795 1308 4863 partibus
1328 4796 1585 4851 collectas
1597 4803 1838 4865 agerent,

245 4897 368 4938 rem
400 4882 513 4950 ipse
534 4884 600 4937 ad
629 4883 1012 4953 imperatorem
1041 4886 1242 4939 retulit.

325 4973 597 5033 Tribunus
651 4976 828 5045 itaque
878 4991 1003 5031 cum
1064 4977 1324 5031 militibus
1381 4978 1431 5031 in
1488 4986 1843 5047 congregatos

246 5063 531 5120 Joannitas
574 5066 829 5135 impetum
881 5066 1057 5121 facere
1098 5067 1278 5137 jussus
1332 5066 1351 5138 (
1384 5067 1592 5123 Sozam.
1624 5066 1765 5121 Ibid.
1798 5068 1839 5137 ),

253 5156 470 5222 plebem
518 5155 744 5215 fustibus
796 5164 850 5212 et
889 5158 1032 5212 saxis
1075 5158 1287 5212 cmdcns
1325 5157 1507 5228 fugere
1551 5158 1841 5227 compulit;

251 5247 549 5302 nobiliores
575 5262 706 5302 vero
729 5255 785 5302 et
813 5262 909 5303 eos
943 5249 1033 5318 qui
1072 5248 1292 5303 Joannis
1328 5257 1508 5318 partes
1537 5250 1842 5312 tuebantur,

251 5338 512 5393 custodia:
534 5339 768 5394 tradidit.
800 5339 950 5394 Tunc
971 5350 1148 5394 autem
1170 5382 1185 5407 ,
1230 5341 1303 5394 uti
1334 5339 1471 5395 solet
1499 5341 1711 5410 quando
1742 5341 1843 5397 mi-

255 5429 439 5486 litibus
464 5431 676 5487 licentia
707 5431 884 5498 datur,
917 5433 1168 5487 mulieres
1188 5442 1380 5487 ornatu
1411 5446 1509 5489 suo
1535 5432 1584 5486 vi
1608 5431 1845 5486 adhibita

256 5524 552 5590 spoliantur
574 5540 588 5588 ;
612 5523 735 5577 aliis
759 5524 994 5587 monilia,
1019 5539 1168 5579 zona:
1187 5539 1367 5579 aurea:
1387 5535 1441 5580 et
1466 5533 1686 5593 torques
1704 5524 1848 5580 abri-

262 5614 492 5681 piuntur,
534 5617 656 5671 aliis
690 5615 905 5675 inaures
935 5617 1095 5672 simul
1133 5606 1253 5675 eum
1279 5617 1497 5672 auribus
1548 5616 1841 5671 detrahun-

265 5713 369 5758 tur.
421 5706 659 5778 Cumque
707 5708 894 5778 ingens
934 5708 1265 5779 perturbatio
1313 5717 1366 5763 et
1408 5708 1581 5764 luctus
1618 5708 1671 5762 in
1713 5708 1846 5763 urbe

1468 282 1650 338 NUNC
1690 278 1953 337 PRIMUM
1990 280 2386 341 ADORNATA.

3424 298 3533 356 218

1956 405 2129 462 esset,
2161 412 2227 453 ne
2256 399 2333 454 sic
2360 398 2574 469 quidem
2615 400 2767 471 plebs
2808 402 3083 471 pristinam
3125 420 3250 476 erga
3278 407 3537 466 Joannem

1956 488 2382 546 benevolentiam
2411 491 2623 561 abjecit.

2027 578 2105 633 Illi
2134 594 2262 635 vero
2290 580 2499 650 publice
2531 582 2743 651 quidem
2773 587 3060 643 convenire
3081 602 3188 642 non
3217 589 3354 644 ultra
3378 591 3539 646 aude-

1955 669 2084 727 bant
2108 670 2252 742 (Soz.
2277 672 2314 726 ι.
2342 673 2399 728 8.
2426 689 2473 728 ο.
2500 672 2592 744 25)
2617 715 2633 742 ,
2681 675 2829 730 multi
2874 692 2973 733 nec
2998 678 3051 733 in
3090 678 3261 734 forum
3283 723 3299 749 ,
3334 697 3433 737 nec
3473 682 3540 738 ad

1956 761 2143 817 balnea
2185 764 2507 834 procedere;
2541 765 2856 835 quibusdam
2893 768 3052 823 etiam
3084 779 3254 827 tutum
3290 788 3397 828 non
3423 784 3540 828 erat

1954 851 2101 908 domi
2141 869 2399 919 manere;
2453 855 2550 913 sed
2598 857 2813 926 plurimi
2860 858 2959 914 viri
3011 859 3136 915 boni
3189 861 3538 934 bonestteque

1953 944 2207 1001 mulieres
2235 946 2368 1003 urbe
2407 948 2736 1006 excedebant
2764 967 2776 1004 :
2807 964 2874 1004 ex
2913 965 3141 1020 quorum
3187 969 3409 1009 numero
3441 953 3538 1010 fuit

1952 1035 2197 1093 Nicarete
2220 1038 2446 1110 Bithyna
2466 1081 2481 1104 ,
2528 1039 2694 1095 nobili
2731 1055 2928 1111 genere
2951 1041 3272 1098 Nicomedia:
3299 1056 3436 1110 orta,
3469 1044 3538 1098 ob

1954 1140 2262 1201 perpetuam
2291 1132 2644 1202 virginitatem
2688 1142 2743 1187 et
2780 1132 2904 1188 vita:
2949 1135 3355 1193 sanctimoniam
3392 1136 3537 1192 cele-

1952 1221 2182 1279 berrima
2212 1222 2382 1293 (Anno
2409 1223 2539 1294 404)
2563 1264 2578 1289 ,
2614 1225 2869 1279 virtutum
2897 1225 3136 1280 omnium
3164 1227 3424 1289 exercitio
3442 1226 3538 1280 ad.

1952 1312 2114 1376 dicta,
2147 1314 2216 1368 ita
2245 1323 2305 1369 ut
2333 1330 2453 1375 cum
2479 1315 2810 1391 amplissimo
2846 1316 3165 1385 patrimonio
3194 1318 3390 1387 injuste
3413 1332 3538 1388 spec

1951 1404 2074 1460 liata
2101 1406 2306 1473 fuisset,
2348 1422 2460 1463 rem
2490 1407 2874 1477 patientissime
2898 1408 3112 1474 tulerit;
3141 1408 3236 1463 sed
3261 1424 3331 1464 ex
3357 1409 3539 1478 paucis

1955 1497 2057 1550 sibi
2086 1497 2320 1561 relictis;
2356 1497 2605 1566 prudenti
2628 1514 2719 1554 usa
2745 1498 3223 1564 administratione,
3253 1514 3359 1555 non
3380 1500 3539 1554 modo

1951 1589 2051 1645 sibi
2076 1596 2131 1643 et
2152 1589 2459 1645 domesticis
2479 1592 2779 1647 necessaria
2799 1591 3235 1661 suppeditaverit,
3261 1592 3354 1647 sed
3376 1592 3534 1647 etiam

1950 1680 2069 1750 aliis
2093 1680 2598 1747 subministraverit,
2623 1683 2959 1754 maximeque
2981 1685 3390 1752 medicamenta,
3415 1700 3537 1755 qua:

1949 1770 2061 1841 ipsa
2084 1773 2354 1842 ingeniose
2391 1772 2457 1828 ad
2486 1788 2771 1843 pauperum
2800 1775 3166 1843 :rgrotantium
3192 1790 3344 1829 usum
3370 1789 3536 1844 appa-

1949 1863 2120 1919 rabat.
2153 1863 2367 1921 Certum
2393 1874 2569 1923 tamen
2598 1874 2681 1919 est
2703 1906 2718 1926 .
2762 1867 2920 1920 etiam
2962 1874 3088 1921 tunc
3120 1866 3256 1921 clam
3282 1906 3299 1933 ,
3327 1874 3384 1922 et
3421 1865 3533 1920 for-

1951 1962 2092 2010 tasse
2131 1956 2268 2013 intra
2297 1957 2486 2011 domos
2511 1972 2740 2028 synaxes
2768 1957 3061 2012 celebratas
3091 1957 3275 2013 fuisse.
3304 1957 3538 2013 Joannes

1950 2048 2094 2103 enim
2127 2047 2483 2118 Tthpbilum
2527 2059 2581 2104 et
2608 2048 2896 2105 Salustinm
2948 2049 3291 2121 presbyteros
3330 2049 3533 2118 culpat;

1948 2136 2091 2207 quod
2132 2139 2422 2210 synaxibus
2459 2138 2673 2194 assidue
2719 2153 2825 2193 non
2869 2139 3209 2194 interessent.
3250 2137 3362 2192 [mo
3387 2137 3537 2193 extra

1950 2231 2135 2285 urbem
2163 2247 2375 2301 quoque
2406 2232 2457 2285 in
2489 2232 2757 2290 montibus
2786 2240 2841 2287 et
2878 2232 3045 2303 sylvis
3067 2247 3296 2303 synaxes
3326 2232 3534 2287 liabitas

1951 2318 2117 2376 fuisse
2140 2361 2156 2386 ,
2200 2321 2552 2377 testiﬁcantur
2588 2323 2877 2391 scriptores
2902 2322 3117 2391 quidam
3142 2364 3156 2389 ,
3189 2333 3240 2378 et
3271 2323 3325 2380 in
3350 2322 3536 2378 codice

1949 2410 2321 2466 Theodosiano
2345 2413 2606 2479 ejusmodi
2635 2428 2866 2484 synaxes
2892 2414 3227 2469 severissime
3253 2413 3536 2485 punienda:

1948 2502 2201 2556 dicuntur
2222 2500 2468 2571 (Niceph.
2500 2502 2736 2572 Cltron.).

2021 2592 2298 2662 Eutr-cpias
2346 2592 2522 2647 Lector
2560 2594 2613 2647 in
2660 2594 2960 2648 cruciatibus
3003 2595 3216 2647 moritur
3254 2605 3303 2648 et
3346 2604 3538 2665 martyr

1952 2683 2177 2738 habetur.
2230 2714 2302 2724 —
2346 2685 2483 2740 Cum
2521 2686 2705 2755 ingens
2747 2694 2923 2740 metus
2972 2686 3224 2755 populum
3255 2700 3284 2739 a
3311 2687 3536 2739 tumultu

1949 2777 2302 2843 coercuisset,
2339 2776 2628 2833 Prmfcctus
2654 2779 2799 2831 urbis
2835 2777 2903 2831 de
2945 2776 3190 2831 incendio
3214 2778 3455 2833 ecclesia:
3482 2788 3537 2832 et

1948 2868 2112 2922 curiae
2135 2868 2483 2937 quaestionem
2531 2868 2749 2931 habuit,
2796 2868 3098 2938 multosque
3131 2868 3384 2938 gravibus
3409 2883 3535 2937 sup-

1950 2960 2120 3031 pliciis
2140 2961 2336 3016 affecit.
2367 2960 2497 3015 Cum
2527 2962 2667 3017 enim
2691 2960 2968 3015 idololatra
2996 2969 3155 3025 esset,
3191 2960 3259 3014 de
3283 2960 3538 3016 Ecclesia:

1948 3052 2335 3106 calamitatibus
2384 3051 2750 3106 delectabatur
2796 3051 2962 3122 (Sos.
3006 3052 3044 3104 ι.
3089 3050 3143 3105 8.
3182 3067 3229 3104 c.
3272 3048 3363 3106 95.
3404 3050 3531 3119 24).

1952 3141 2238 3212 Eutropius
2267 3142 2439 3196 lector
2465 3141 2532 3197 ad
2571 3141 2882 3196 iudicandos
2902 3157 3015 3206 eos,
3048 3143 3138 3212 qui
3171 3143 3345 3213 ignem
3363 3144 3537 3198 eccle-

1948 3234 2040 3288 siae
2071 3232 2400 3302 injecerant,
2447 3233 2498 3286 in
2534 3231 2792 3301 judicium
2838 3232 3131 3298 adductus,
3172 3233 3378 3287 etiamsi
3410 3233 3537 3286 loris

1947 3333 2003 3380 et
2023 3324 2248 3380 fustibus
2272 3341 2463 3390 CtBSIIS,
2505 3325 2713 3379 etiamsi
2740 3325 2788 3379 ei
2820 3325 2981 3380 latera
3010 3332 3064 3380 et
3091 3340 3241 3395 gente
3272 3324 3537 3394 unguibus

1950 3415 2314 3471 lacerarentur
2333 3457 2348 3479 ,
2376 3416 2734 3486 ardentesque
2776 3414 2917 3469 faces
2938 3415 3149 3484 corpori
3184 3414 3536 3469 admmeren-

1950 3516 2067 3571 tur,
2112 3506 2211 3561 etsi
2248 3506 2422 3561 adhuc
2462 3506 2775 3561 aduiescens
2817 3514 2871 3565 et
2907 3520 3131 3576 corpore
3170 3514 3354 3569 tener,
3403 3504 3535 3559 nihil

1949 3613 2198 3667 umquam
2244 3596 2524 3653 confessus
2566 3607 2645 3652 est
2675 3614 2687 3651 :
2716 3613 2778 3652 ac
2815 3607 2935 3666 post
2973 3606 3233 3653 tormenta
3266 3598 3317 3651 in
3356 3611 3537 3652 caree-

1948 3706 2061 3746 rem
2086 3691 2360 3759 conjectus
2381 3731 2397 3757 ,
2445 3690 2552 3744 illic
2587 3689 2820 3744 animam
2864 3688 3003 3743 haud
3034 3690 3199 3744 multo
3229 3697 3412 3758 postea
3442 3704 3536 3744 cs-

1948 3782 2164 3837 halavit.
2220 3781 2350 3850 Ejus
2387 3782 2670 3837 occasione
2709 3782 3038 3836 Sozomenus
3078 3782 3342 3836 somnium
3374 3778 3537 3836 refert

1948 3871 2164 3929 Sisinnii
2190 3873 2467 3942 cujusdam
2490 3913 2506 3939 ,
2538 3872 2951 3928 Novatianorum
2990 3872 3224 3942 episc0pi
3249 3913 3263 3938 ,
3294 3872 3377 3926 cui
3407 3870 3537 3925 dor-

1949 3967 2131 4021 mienti
2162 3966 2360 4022 dictum
2403 3966 2499 4019 fuit
2526 3966 2841 4034 Eutropium
2880 3964 3052 4019 solum
3096 3964 3319 4033 probum
3359 3963 3533 4016 virum

1950 4060 2002 4119 in
2028 4060 2241 4114 civitate
2267 4060 2450 4113 fuisse.
2477 4057 2762 4126 Eutropius
2789 4066 2967 4111 autem
2996 4055 3084 4111 hic
3107 4057 3245 4109 inter
3271 4063 3532 4123 martyres

1951 4150 2001 4203 in
2029 4149 2405 4220 Martyrologio
2442 4149 2683 4202 Romano
2711 4147 3019 4200 celebratur
3044 4187 3058 4212 ,
3104 4145 3421 4200 duodecimo
3447 4144 3536 4198 die

1948 4242 2186 4297 Januarii
2215 4241 2438 4294 mensis.

2017 4330 2222 4401 Tigrius
2258 4330 2526 4400 Presbyter
2573 4329 2847 4383 cruciatur.
2870 4358 2941 4368 -—
2961 4328 3108 4381 Tunc
3132 4326 3293 4382 etiam
3326 4326 3536 4397 Tigrius

1949 4423 2226 4492 presbyter
2244 4463 2259 4489 ,
2298 4421 2626 4476 vestimentis
2655 4430 2846 4476 exutus
2867 4428 2922 4474 et
2948 4428 3095 4488 tergo
3122 4416 3301 4487 ﬂagris
3321 4432 3491 4472 czesus
3513 4457 3528 4480 ,

1948 4516 2243 4585 vinetisque
2282 4515 2502 4584 pedibus
2527 4524 2579 4571 ct
2608 4513 2852 4568 manibus
2897 4514 2947 4565 in
2988 4511 3215 4581 equuleo
3244 4518 3495 4565 extensus
3520 4552 3534 4575 ,

1949 4608 2203 4661 membris
2231 4607 2521 4663 dissolutus
2547 4615 2628 4661 est
2649 4605 2796 4675 (Sos.
2830 4603 2865 4658 ι.
2893 4605 2947 4659 8.
2968 4621 3021 4658 σε.
3051 4603 3164 4674 24).
3206 4603 3331 4657 Erat
3360 4611 3536 4657 autem

1949 4700 2036 4755 hic
2065 4700 2277 4754 natione
2308 4700 2563 4754 barbarus
2583 4707 2637 4754 et
2657 4697 2952 4764 eunuchus,
2973 4696 3067 4752 sed
3095 4711 3199 4752 non
3213 4696 3279 4751 ab
3299 4696 3499 4763 origine
3517 4710 3538 4750 :

1948 4792 2183 4861 quicum
2232 4790 2281 4844 in
2326 4789 2486 4845 domo
2514 4788 2790 4858 cujusdam
2818 4788 3050 4857 potentis
3086 4801 3272 4843 servus
3313 4786 3533 4849 fuisset,

1949 4881 2168 4935 domino
2211 4896 2308 4934 suo
2342 4880 2592 4949 probatus
2622 4919 2636 4945 ,
2688 4880 2985 4934 libertatem
3023 4885 3314 4935 meruerat.
3349 4876 3536 4931 Postea

1948 4988 2079 5029 vero
2102 4973 2167 5027 ad
2188 4971 2501 5043 presbyterii
2522 4971 2741 5043 gradum
2765 4981 3058 5041 promotus,
3077 4970 3311 5025 moribus
3336 4978 3535 5038 gratus.

1949 5065 2118 5120 comis
2139 5107 2152 5130 ,
2196 5071 2354 5133 atque
2370 5079 2492 5133 erga
2521 5077 2784 5134 pauperes
2812 5073 2867 5117 et
2895 5063 3202 5133 peregrinos
3226 5058 3536 5129 benignissi-

1952 5172 2071 5211 mus
2098 5156 2210 5208 iuit.
2246 5155 2340 5209 Hic
2379 5155 2537 5208 etiam
2582 5156 2889 5209 enuntiatur
2925 5154 2977 5208 in
3009 5150 3386 5224 Martyrologio
3429 5147 3535 5201 Ro-

1953 5264 2111 5304 mano
2157 5247 2472 5302 duodecimo
2512 5246 2600 5302 die
2648 5247 2905 5303 Januarii.
2958 5246 3014 5301 In
3071 5254 3273 5315 partem
3328 5252 3539 5308 quoque

1953 5354 2308 5395 aerumnarum
2338 5347 2599 5393 venerunt
2632 5338 2880 5393 monachi
2921 5335 3314 5404 Mesopotamia:
3343 5342 3392 5385 et
3421 5331 3536 5384 dia—
3599 5383 3602 5391 ,

1953 5434 2179 5487 conissre
2200 5432 2256 5486 C.
2292 5432 2375 5496 P.,
2406 5448 2525 5501 qute
2554 5433 2883 5503 cogebantur
2906 5430 3125 5486 velcum
3151 5426 3366 5482 Arsacia
3386 5438 3535 5480 com-

1957 5523 2252 5589 municare,
2276 5523 2361 5577 vel
2384 5524 2500 5579 auri
2522 5523 2631 5580 200
2654 5524 2814 5579 libras
2835 5522 2983 5577 dare.

2030 5614 2295 5686 Olympias
2349 5613 2668 5670 Diacout'ssa.
2718 5640 2785 5654 —-
2848 5616 3122 5692 Olympias
3153 5620 3454 5678 diaconissa
3489 5619 3545 5675 in'

1959 5709 2061 5763 hoc
2106 5724 2282 5764 rerum
2332 5706 2642 5763 discrimine
2689 5708 3059 5767 fortitudinem
3094 5710 3261 5769 animi
3296 5708 3542 5765 exhibuit
