3954 6434
405 310 511 367 Si!)

410 424 558 485 (Sos.
593 424 636 479 ι.
666 423 716 478 8.
748 442 792 478 ε.
820 422 933 496 24).
958 420 1087 477 Nam
1104 436 1226 477 cum
1249 422 1303 476 in
1322 420 1580 492 judicium
1593 424 1817 480 adducta
1834 435 1976 481 esset

417 522 783 587 interrogante
815 513 1075 569 Praefecto
1100 527 1197 569 cur
1219 513 1498 570 ecclesiam
1531 515 1869 581 incendisset,
1910 531 1998 571 re-

413 608 628 678 spondit
663 624 677 661 :
705 606 824 662 Non
856 617 930 661 est
959 607 1056 661 hoc
1080 606 1195 661 uitta
1218 623 1342 661 mea:
1378 607 1677 663 institutum.
1706 608 1818 678 Ego
1864 610 1999 664 enim

412 699 679 766 facitItates
703 714 844 753 meas
866 713 982 768 qua:
1003 699 1177 753 multa:
1199 708 1344 754 erant
1381 709 1430 754 et
1473 702 1708 756 minima:
1730 744 1744 768 ,
1799 702 1999 771 templis

414 790 510 845 Dei
546 790 891 844 instaurandis
940 791 1184 861 impendi.
1221 790 1363 845 Cum
1414 801 1589 847 autem
1633 792 1837 848 diceret
1872 793 1998 860 ille,

414 880 579 951 probe
602 880 703 936 sibi
725 890 905 935 notam
930 896 1050 936 esse
1076 882 1215 935 illius
1251 882 1459 937 vivendi
1500 884 1760 939 rationem
1786 927 1802 952 ,
1831 899 2000 955 appo.

414 973 515 1028 site
543 972 816 1040 respondit
836 972 922 1026 illa
944 991 956 1026 :
982 971 1061 1026 Tu
1081 989 1199 1044 ergo
1219 973 1272 1027 in
1298 975 1605 1029 accusatoris
1631 975 1795 1028 locum
1821 976 2002 1040 transi,

415 1072 462 1117 et
491 1062 719 1117 aliusde
748 1062 888 1117 nobis
909 1063 1126 1131 jndicet.
1169 1062 1456 1118 Przefectus
1487 1064 1615 1119 nihil
1636 1064 1837 1120 habens
1862 1066 2003 1134 quod

416 1153 637 1223 culpare
667 1163 868 1223 posset,
892 1153 958 1207 ad
979 1152 1121 1207 aliud
1154 1169 1214 1208 se
1243 1156 1526 1223 convertit,
1556 1165 1717 1227 atque
1735 1156 2005 1229 Olympia-

417 1242 475 1298 di
529 1245 845 1315 ueterisque
912 1244 1229 1301 mulieribus
1291 1247 1583 1302 amentiam
1630 1250 2004 1319 exprobravit,

419 1335 563 1408 quod
605 1337 840 1408 episcopi
883 1336 1003 1402 sui,
1055 1338 1259 1392 Arsacii
1302 1353 1534 1410 nempe,
1576 1340 2007 1396 communionem

420 1437 816 1484 aversarentur.
849 1427 1142 1485 Prtefectus
1167 1444 1296 1484 vero
1332 1438 1471 1486 tunc
1514 1431 1727 1500 quidem
1758 1432 1902 1485 illam
1930 1431 2012 1486 dio

422 1519 611 1583 misit;
644 1521 814 1595 altero
838 1528 1017 1574 autem
1044 1520 1129 1575 die
1174 1531 1452 1577 evocatam
1485 1523 1629 1577 illam
1670 1539 1864 1595 magno
1897 1525 2011 1579 auri

423 1611 661 1682 pondere
681 1594 970 1668 mulctavit.
998 1613 1251 1681 Quaedam
1283 1624 1458 1669 autem
1486 1616 1605 1669 alia:
1633 1625 1776 1670 metu
1798 1616 2007 1687 percul-

423 1716 501 1757 sa:
531 1743 547 1766 ,
578 1704 782 1758 Arsacii
811 1705 1241 1759 communionem
1262 1707 1345 1760 vel
1371 1707 1548 1760 invitm
1575 1707 1836 1777 amplexa:
1869 1720 2011 1763 sunt.

493 1790 747 1847 Pentadio
772 1794 1076 1848 diaconissa.
1100 1823 1176 1834 —
1203 1794 1453 1850 Pentadia
1487 1811 1698 1869 quoque
1717 1798 2015 1855 diaconissa

426 1882 581 1940 vidua
602 1923 619 1950 ,
653 1884 781 1939 olim
812 1884 1031 1940 Timasii
1070 1885 1317 1941 Consulis
1348 1902 1483 1942 uxor
1510 1929 1524 1955 ,
1552 1898 1769 1945 strenue
1794 1899 1847 1945 et
1881 1905 2013 1945 con-

428 1976 757 2031 stantissime
784 1992 1015 2031 causam
1044 1976 1283 2032 Joannis
1325 1977 1581 2034 defendit.
1628 1977 1859 2051 Ideoque
1886 1979 1973 2034 illa
2000 2021 2013 2045 ,

430 2081 554 2135 quas
591 2067 799 2121 nonnisi
832 2067 1121 2122 ecclesiam
1165 2067 1576 2140 cubiculumque
1619 2085 1771 2124 suum
1800 2079 2019 2125 noverat

435 2156 724 2230 (Chrysost.
761 2158 925 2229 Epist.
954 2158 1068 2230 94),
1095 2162 1148 2214 in
1172 2160 1349 2215 forum
1385 2171 1643 2231 pertracta
1669 2163 1765 2217 fuit
1788 2204 1803 2228 ,
1842 2178 1869 2215 a
1902 2161 2019 2217 foro

427 2249 496 2305 Id
524 2251 830 2313 tribunalia,
850 2252 936 2306 ubi
955 2252 1507 2324 iirmitatisanitnique
1532 2253 1858 2309 fortitudinis
1880 2267 2019 2308 nova

430 2341 583 2411 signa
623 2342 942 2412 egregiaque
979 2340 1159 2405 dedit;
1211 2351 1393 2412 postea
1436 2357 1565 2398 vero
1604 2359 1634 2396 a
1679 2343 1924 2396 tribunali
1953 2340 2019 2396 ad

425 2445 700 2487 carcerem
754 2432 1021 2497 deducta,
1072 2434 1184 2503 pari
1226 2434 1607 2503 tranquillitate
1666 2435 2019 2505 firmitateque

427 2522 610 2576 omnia
650 2522 897 2591 pertulit;
935 2522 1161 2593 ideoque
1200 2523 1323 2593 jure
1351 2539 1382 2578 a
1408 2523 1791 2596 Chrysostomo
1828 2527 1881 2579 in
1925 2541 2019 2579 sua

433 2613 500 2667 ad
554 2613 695 2668 illam
741 2613 966 2682 epistola
1016 2614 1302 2669 admodum
1348 2615 1667 2670 celebratur.
1726 2615 1904 2670 Voluit
1928 2617 2021 2671 illa

436 2702 612 2760 hieme
651 2714 911 2775 sequente
937 2704 1133 2775 (Epist.
1150 2706 1301 2775 104),
1332 2704 1791 2776 Constantinopoli
1813 2707 2022 2768 relicta.

434 2793 544 2847 alio
568 2809 854 2864 peragrare
879 2812 894 2848 :
939 2809 1127 2849 verum
1162 2794 1396 2849 Joannes
1423 2796 1566 2849 illam
1591 2796 1833 2850 hortatus
1862 2805 1943 2851 cst
1970 2804 2027 2850 ut

435 2886 489 2937 in
512 2885 644 2939 urbe
673 2892 939 2948 maneret,
969 2883 1056 2937 ubi
1079 2882 1388 2938 concivibus
1405 2885 1561 2938 variis
1584 2884 1758 2939 modis
1788 2884 2026 2939 subsidio

436 2988 557 3028 rsse
594 2984 793 3044 posset.
834 2973 889 3028 ln
924 2974 1043 3030 illos
1072 2975 1232 3029 etiam
1265 2976 1552 3031 saevierunt
1583 2978 1670 3047 qui
1718 2977 2026 3031 vexationes

438 3063 637 3118 vitandi
667 3078 826 3120 causa
853 3063 993 3134 apud
1021 3063 1383 3120 monachosse
1401 3074 1711 3135 receperant
1731 3066 1922 3138 (Epist.
1946 3067 2023 3138 2):

438 3154 563 3223 quin
590 3154 750 3210 etiam
784 3154 927 3224 ipsos
956 3154 1246 3210 monachos
1269 3166 1325 3210 et
1353 3156 1583 3227 virgines
1606 3157 1657 3212 in
1680 3156 1877 3213 famem
1897 3172 2027 3212 con-

436 3242 617 3311 iecere
645 3252 700 3297 et
726 3243 961 3301 vestibus
988 3244 1277 3300 nudavere.
1300 3243 1587 3301 Monachus
1607 3257 1784 3301 autem
1801 3246 2028 3302 Gotthos

439 3332 813 3405 (Epist.207),
851 3336 941 3406 qui
968 3336 1021 3390 in
1052 3345 1193 3390 terra
1217 3335 1453 3391 Promoti
1485 3336 1789 3406 degebant,
1832 3351 2027 3392 conso-

438 3425 579 3483 latus
620 3436 701 3482 est
732 3426 1153 3498 Chrysostomus
1176 3469 1191 3493 ,
1219 3427 1434 3499 quando
1460 3429 1543 3484 sui
1571 3443 1732 3484 causa
1757 3428 2029 3484 molestias

442 3515 639 3572 multas
661 3526 716 3572 et
736 3533 1008 3574 aerumnas
1030 3521 1275 3589 perpessi
1296 3531 1441 3576 sunt.

511 3604 756 3678 Episwpi
787 3609 993 3677 quidam
1020 3609 1175 3681 pulsi.
1204 3639 1275 3650 —-
1301 3610 1471 3667 Tanto
1518 3613 1796 3669 fervebant
1833 3614 1864 3667 ii
1892 3654 1907 3677 ,
1937 3615 2029 3684 qui

442 3706 570 3751 tunc
591 3696 766 3751 aulam
805 3695 1660 3768 Jmperatoriammoderabantur,
1695 3705 1745 3758 in
1767 3702 2028 3761 Joannem

443 3796 498 3842 et
544 3788 662 3858 ejus
713 3802 991 3845 consortes
1047 3791 1203 3856 odio,
1250 3804 1305 3847 ut
1353 3809 1460 3848 non
1490 3795 1643 3864 pauci
1673 3806 1796 3851 tunc
1823 3797 2032 3866 episco-

446 3881 539 3949 pi,
567 3883 657 3951 qni
697 3883 862 3951 probe
902 3900 1015 3938 rem
1069 3884 1483 3941 ecclesiasticam
1536 3888 1794 3958 gerebant
1830 3929 1846 3954 ,
1887 3889 2029 3959 quod

442 3973 632 4030 Joanni
687 3974 880 4029 addicti
922 3985 1136 4038 essent,
1180 3978 1313 4046 pulsi
1352 3977 1607 4051 (Pallad.
1640 3981 1898 4052 p.195);
1940 3980 2032 4035 alii

447 4079 592 4130 vero,
618 4080 724 4118 non
752 4066 950 4135 indigni
978 4068 1157 4131 modo,
1179 4069 1270 4122 sed
1294 4070 1450 4124 etiam
1471 4070 1779 4142 plerumque
1794 4071 2028 4138 scelesti,

448 4155 502 4211 in
531 4155 736 4209 illorum
758 4157 931 4210 locum
961 4158 1383 4215 intruderentur.

515 4247 860 4318 Serapionem
908 4248 1066 4318 igitur
1094 4291 1109 4314 ,
1165 4266 1321 4322 quem
1391 4251 1626 4309 Joannes
1676 4253 1945 4309 Heraclea:
1979 4252 2029 4308 in

450 4337 676 4394 Thracia
723 4338 1030 4408 episcopum
1067 4341 1417 4398 constituerat
1473 4342 1803 4415 (Epist‘)
1831 4386 1848 4411 ,
1916 4354 2033 4412 post

445 4428 753 4484 innumeras
822 4430 1024 4500 absque
1109 4431 1212 4487 ulla
1291 4433 1606 4502 probatione
1687 4434 1982 4489 calumnias
2010 4477 2028 4499 ,

444 4532 652 4571 summa
695 4518 1007 4575 crudelitate
1057 4537 1256 4576 caesum
1327 4537 1496 4592 usque
1547 4523 1611 4578 ad
1662 4525 2030 4580 excussionem

444 4606 683 4662 dentium
726 4608 777 4660 in
827 4611 1049 4678 patriam
1101 4626 1251 4667 suam
1292 4612 1596 4683 relegarnnt
1643 4613 1875 4682 (Pallad.
1906 4615 2031 4669 Dia-

445 4700 604 4769 log.)
654 4717 667 4750 :
712 4696 800 4753 ille
849 4714 973 4754 vero
1010 4701 1077 4755 ad
1126 4701 1416 4758 monachos
1465 4702 1665 4759 Marsos
1711 4713 1765 4759 et
1805 4704 2031 4760 Gotthos

444 4790 757 4859 aufugerat,
787 4787 964 4860 ibique
986 4791 1076 4847 diu
1100 4791 1384 4849 delituerat
1410 4805 1696 4866 antequam
1724 4804 2026 4865 caperetur.

447 4880 503 4934 ln
529 4877 647 4948 ejus
674 4893 803 4934 vero
825 4878 999 4933 locum
1029 4882 1350 4939 substitutus
1376 4885 1471 4940 fuit
1497 4885 1765 4955 Eugenius
1787 4884 2026 4955 quidam,

446 4976 496 5027 in
527 4973 830 5031 mercedem
856 4972 1286 5045 conspirationis,
1312 4994 1469 5048 quam
1489 4976 1747 5033 adversus
1768 4976 2028 5033 Joannem

442 5065 755 5135 episcopum
782 5081 937 5124 suum
977 5079 1307 5138 susceperat.
1363 5070 1466 5125 Sex
1515 5069 1590 5123 illi
1632 5070 1908 5140 episcopi,
1939 5069 2030 5138 qui

444 5156 686 5211 simonizc
715 5173 876 5214 causa
915 5176 945 5214 a
975 5159 1182 5216 Joanne
1210 5161 1435 5231 depositi
1469 5161 1679 5216 fuerant
1711 5160 1944 5233 (Pallad.
1978 5162 2029 5212 in

448 5244 640 5318 Diab),
663 5259 723 5304 ut
743 5265 901 5319 supra
929 5251 1180 5317 diximus,
1208 5252 1421 5322 rejectis
1452 5252 1516 5306 iis
1542 5253 1720 5322 probis
1745 5251 2027 5322 episcopis,

446 5351 579 5405 quos
602 5339 838 5395 Joannes
870 5342 919 5397 in
951 5356 1136 5396 eorum
1168 5342 1342 5397 locum
1382 5342 1720 5397 ordinaverat
1744 5383 1759 5405 ,
1788 5343 1841 5397 in
1868 5342 2032 5398 sedes

448 5443 570 5484 suas
599 5441 724 5489 tunc
749 5434 980 5489 restituti
1002 5443 1127 5488 sunt
1149 5475 1164 5500 ,
1198 5434 1291 5488 scd
1324 5442 1600 5504 postquam
1631 5433 2030 5489 restituentibus

449 5531 506 5570 se
534 5525 769 5591 pecunia:
790 5539 1054 5579 summam
1081 5534 1489 5579 numeraveram
1517 5543 1531 5578 :
1571 5540 1675 5593 quo
1704 5535 1848 5579 certe
1875 5525 2034 5578 modo

452 5609 729 5665 simoniam
768 5616 1116 5671 renovabam.
1169 5613 1476 5672 Heraclides
1529 5627 1705 5670 autem
1751 5617 2031 5686 cpiscopus

453 5695 643 5779 Ephesi
674 5715 707 5758 a
763 5698 967 5761 Joanne
992 5710 1329 5777 constitutus,
1358 5715 1425 5765 ab
1464 5709 1690 5765 inimicis
1719 5710 1834 5778 ejus
1863 5708 2035 5777 ch°-.

1506 308 1563 365 s.
1600 308 1880 368 JOANNIS
1908 294 2378 370 cnnvs‘osrom
2400 310 2600 380 'Vl'l'A,

3584 315 3686 373 ΞΞῦ

2102 427 2261 490 situs.
2290 440 2383 494 per
2412 424 2819 495 quadriennium
2840 424 3027 480 saltem
3049 423 3372 481 Nicomediae
3398 426 3452 479 in
3473 441 3690 484 carcere

2105 515 2340 570 inclusus
2369 516 2563 569 tuansit
2619 513 2639 583 (
2669 512 2875 569 Pallad.
2928 513 3129 585 Dialog.
3162 514 3204 584 ).
3254 512 3311 569 lu
3355 512 3477 585 ejus
3514 528 3691 573 autem

2104 607 2277 662 locum
2303 606 2625 660 substituere
2650 604 2879 660 Victoris
2903 605 3100 660 tribuni
3125 604 3453 671 eunuchum,
3483 609 3692 662 manci-

2106 700 2270 769 pium,
2295 699 2465 767 inquit
2493 698 2778 761 Palladins,
2808 697 3081 752 ebriosum
3101 740 3116 765 ,
3149 697 3536 766 meretricium,
3569 714 3695 755 ava-

2106 805 2222 844 rum
2246 806 2258 851 ;
2292 799 2485 844 canora
2511 800 2637 842 vero
2668 787 2871 843 referre
2893 787 3073 856 pudet.

2175 881 2285 937 Sub
2339 880 2453 933 haec
2492 888 2671 934 autem
2738 877 3079 934 Theotecnus
3131 880 3411 950 presbyter
3470 880 3699 935 Romam

2109 973 2287 1033 venit,
2336 972 2518 1024 literas
2541 969 2770 1024 atl‘crens
2797 969 2980 1041 viginti
3011 970 3246 1039 quinque
3274 972 3652 1040 episcoporum
3681 1014 3698 1038 ,

2109 1062 2196 1131 qui
2233 1076 2352 1116 cum
2382 1061 2588 1116 Joanne
2613 1060 2680 1115 ad
2710 1059 2983 1131 Synodum
3024 1060 3399 1116 celebrandam
3429 1076 3701 1118 convene-

2110 1161 2229 1205 rant
2253 1150 2271 1221 (
2299 1150 2507 1204 Pallad.
2541 1148 2749 1221 Dialog.
2785 1151 2805 1221 )
2829 1168 2842 1203 :
2871 1152 3023 1221 queis
3054 1150 3363 1207 Innocentio
3393 1152 3554 1222 Papae
3579 1167 3704 1207 nar-

2112 1241 2299 1297 rabant
2334 1258 2440 1314 quo
2484 1252 2637 1314 pacto
2668 1242 2902 1299 Joannes
2948 1258 2978 1298 a
3023 1244 3251 1299 militum
3296 1259 3458 1300 manu
3492 1245 3702 1314 pulsus,

2112 1330 2377 1387 Cucusum
2407 1334 2458 1387 iu
2487 1333 2732 1389 exsilium
2763 1333 2956 1389 missus
2977 1332 3183 1389 fuisset.
3222 1334 3387 1390 Paulo
3406 1345 3532 1404 post
3559 1337 3708 1391 venit

2116 1422 2371 1479 Paternns
2400 1466 2415 1491 ,
2462 1425 2633 1494 quise
2660 1425 3267 1493 Constantinopolitantc
3295 1426 3555 1481 Ecclesia:
3582 1441 3708 1497 pre.

2114 1516 2387 1585 sbyterum
2416 1515 2645 1582 dicebat,
2670 1514 2997 1586 Joannisqne
3024 1516 3271 1570 inimicus
3305 1533 3319 1569 :
3360 1515 3544 1572 literas
3574 1516 3707 1574 allec

2118 1609 2262 1663 rebat
2296 1607 2469 1661 Acacii
2496 1649 2510 1672 ,
2567 1607 2759 1673 Pauli,
2808 1605 3052 1661 Antiochi
3079 1606 3426 1662 etSeveriani
3453 1608 3711 1663 aliorum-

2115 1714 2219 1769 que
2243 1740 2258 1765 ,
2314 1698 2404 1768 qui
2444 1698 2702 1753 Joannem
2747 1697 3208 1753 calumniabantur
3236 1701 3384 1769 quasi
3413 1701 3709 1755 ecclesiam

2119 1790 2464 1847 incendisset.
2497 1790 2843 1845 Innocentius
2873 1804 2999 1844 vero
3025 1789 3129 1845 illis
3156 1790 3488 1859 respondere
3518 1791 3707 1862 digna-

2118 1891 2206 1937 tus
2232 1898 2335 1937 non
2365 1890 2467 1937 est.
2532 1883 2658 1938 Post
2695 1883 2897 1952 aliquot
2931 1882 3047 1937 dies
3087 1881 3308 1936 Romam
3365 1883 3510 1938 venit
3548 1884 3709 1939 etia

2119 1974 2370 2045 Cyriacus
2390 1975 2674 2045 episcopus
2698 1990 2763 2028 ex
2793 1973 3032 2040 Oriente,
3058 1974 3241 2045 pulsus
3264 1989 3358 2044 per
3382 1989 3505 2028 eam
3533 1974 3708 2044 legem

2120 2081 2240 2135 qua:
2269 2065 2503 2121 ferebat:
2529 2066 2590 2120 Si
2616 2066 2728 2137 quis
2744 2082 2844 2119 non
2893 2066 3228 2119 communicat
3251 2082 3365 2119 cum
3391 2063 3709 2136 Theophila,

2124 2158 2332 2211 Arsacia
2358 2166 2405 2212 et
2434 2156 2747 2228 Porphyrio,
2779 2157 2867 2212 ille
2892 2156 3094 2227 quidem
3114 2157 3406 2228 episwpatu
3427 2167 3670 2211 arceatur
3693 2199 3711 2222 ,

2122 2248 2275 2301 simul
2301 2246 2453 2301 etiam
2478 2248 2680 2300 amittat
2709 2288 2723 2310 ,
2755 2247 2800 2301 si
2842 2264 2990 2317 quam
3025 2248 3161 2301 visus
3199 2247 3351 2314 fuerit
3380 2246 3567 2302 habere
3591 2248 3711 2302 sub-

2123 2340 2360 2394 stantiam
2403 2339 2733 2408 pecuniarum
2776 2349 2863 2391 aut
2907 2338 3231 2406 praediorum.
3262 2338 3387 2392 Post
3428 2338 3712 2408 Cyriacum

2123 2431 2337 2487 advenit
2382 2430 2631 2502 Eulysius
2655 2472 2669 2495 ,
2713 2439 2766 2484 et
2805 2430 2896 2484 alii
2936 2443 3147 2499 quoque
3177 2469 3193 2494 ,
3232 2428 3299 2482 de
3336 2430 3531 2498 quibus
3578 2428 3715 2484 infra

2127 2522 2498 2576 narrabimus:
2529 2537 2651 2576 nam
2700 2521 2954 2592 Cyriacus
2998 2520 3211 2574 nonnisi
3258 2534 3401 2576 anno
3425 2521 3530 2576 405
3555 2521 3720 2578 adve-

2127 2612 2270 2666 uisse
2299 2612 2486 2681 potuit.
2522 2612 2661 2666 Ante
2689 2611 3072 2682 profectionem
3102 2625 3228 2665 vero
3252 2625 3403 2666 suam
3437 2611 3718 2682 aliquanto

2128 2716 2367 2776 tempore
2391 2705 2852 2775 Constantinopoli
2879 2704 3070 2760 occulti
3107 2719 3372 2760 mansere.

2200 2796 2416 2851 Honorii
2440 2796 2465 2849 1
2475 2813 2579 2866 mp.
2608 2797 2676 2849 ad
2699 2795 2977 2848 Arcadium
3001 2794 3179 2848 litera.
3198 2823 3270 2834 —
3293 2795 3403 2849 lloc
3428 2796 3544 2864 ipso
3573 2810 3717 2850 anno

2132 2889 2257 2956 404,
2291 2904 2392 2945 nec
2427 2890 2594 2943 multo
2611 2900 2729 2958 post
2754 2888 2963 2957 pulsum
2986 2885 3270 2951 Joannem,
3294 2885 3587 2954 Honorius,
3616 2888 3716 2942 Oc-

2131 2980 2357 3035 cidentis
2395 2978 2709 3049 imperator,
2743 2978 2970 3033 Arcadio
2997 2976 3147 3031 fratri
3174 2990 3272 3031 suo
3295 2977 3542 3045 scripsit,
3571 2992 3636 3031 ac
3659 2993 3719 3032 se

2132 3086 2299 3140 nuper
2332 3071 2603 3141 accepisse
2630 3068 2758 3123 dicit
2784 3069 2835 3123 in
2863 3068 2949 3123 die
2976 3067 3036 3122 S.
3070 3066 3285 3121 Pascha:
3323 3066 3528 3138 (Chrys.
3568 3075 3611 3119 ι.
3646 3072 3702 3125 3.

2137 3177 2182 3214 c.
2214 3160 2362 3228 5'59),
2387 3164 2597 3218 clausas
2645 3161 2819 3217 subito
2868 3160 3032 3216 fuisse
3077 3158 3377 3215 Catholicas
3422 3158 3716 3216 ecclesias.

2131 3262 2306 3308 trusos
2334 3252 2385 3307 in
2415 3252 2714 3309 custodiam
2761 3251 3106 3315 sacerdotes,
3147 3250 3327 3304 omnia
3377 3248 3630 3303 bellicum
3665 3249 3717 3303 in

2131 3344 2347 3400 modum
2378 3344 2584 3398 turbata
2612 3343 2862 3415 mysteria
2886 3384 2902 3408 ,
2928 3339 3211 3396 nonnullos
3240 3338 3293 3393 in
3319 3338 3444 3408 ipsis
3473 3339 3720 3393 ecclesia

2131 3435 2380 3491 sacrariis
2402 3436 2747 3505 interemptos
2766 3434 2947 3495 fuisse,
2968 3432 3355 3502 episcoposque
3382 3430 3432 3483 in
3459 3429 3715 3483 exsilium

2134 3527 2334 3597 pulsos.
2376 3525 2431 3581 ln
2459 3530 2574 3581 hanc
2602 3534 2779 3580 autem
2802 3525 2893 3579 ille
2921 3521 3321 3578 vehementiore
3344 3520 3507 3591 stylo,
3541 3530 3600 3573 ut
3624 3535 3718 3589 par

2131 3629 2266 3683 erat,
2297 3618 2597 3679 invehitur;
2624 3617 2724 3671 sub
2751 3617 2909 3670 finem
2937 3629 3064 3670 vero
3093 3614 3263 3668 innuit
3294 3612 3713 3680 exspectandam

2135 3710 2298 3765 fuisse
2328 3709 2482 3778 Paprc
2510 3708 2878 3761 auctoritatem
2909 3748 2924 3773 ,
2946 3706 3037 3776 qui
3088 3704 3358 3775 pacificam
3384 3699 3580 3757 Joanni
3610 3704 3721 3772 epi-

2135 3818 2297 3872 scopo
2337 3802 2684 3856 concordiam
2718 3801 2953 3863 miserat,
3012 3813 3110 3852 nec
3149 3809 3469 3866 quemquam
3504 3795 3722 3862 putabat

2135 3907 2255 3950 ante
2276 3894 2531 3965 judicium
2561 3891 2927 3962 repellendum
2954 3905 3095 3945 esse.
3129 3887 3436 3943 Periculum
3475 3900 3610 3940 vero
3638 3884 3720 3938 di-

2134 3984 2205 4037 cit
2248 3999 2366 4038 esse
2388 4023 2403 4049 ,
2446 3998 2512 4037 ne
2540 3983 2591 4037 id
2622 3984 2673 4037 in
2701 3979 2918 4037 humani
2948 3979 3162 4049 generis
3199 3976 3490 4047 perniciem
3522 3974 3721 4030 factum

2208 4162 2444 4217 Eudoxio
2467 4162 2694 4231 Augusta
2715 4158 3160 4215 meritum—Nihil
3183 4158 3234 4211 in
3268 4156 3383 4210 aula
3411 4155 3719 4210 Constanti-

2139 4257 2438 4327 uopolitana
2451 4255 2571 4310 boni
2587 4261 2909 4325 pepererunt
2921 4251 3137 4307 llonorii
3156 4247 3581 4304 Iitcrm.Arcadio
3595 4261 3728 4301 sem-

2136 4363 2231 4418 per
2256 4348 2436 4402 uxoris
2460 4355 2509 4401 et
2540 4346 2830 4400 aulicorum
2852 4352 3031 4412 optata
3060 4348 3316 4410 sequente
3345 4336 3583 4409 (Sozam.
3610 4337 3650 4390 l.
3668 4336 3720 4392 8.

2137 4441 2279 4496 εδδ.
2306 4440 2425 4496 Zos.
2456 4441 2494 4493 ι.
2523 4439 2602 4507 5).
2633 4436 2834 4491 Verum
2856 4436 2933 4488 ira
2956 4432 3289 4501 vindictaquc
3315 4429 3494 4482 divina
3520 4429 3720 4491 smviit,

2136 4549 2163 4586 a
2210 4531 2492 4599 multisque
2517 4529 2794 4583 observata
2817 4526 2947 4579 fuit:
2975 4539 3094 4577 nam
3114 4524 3214 4575 hoc
3241 4533 3382 4574 anno
3411 4518 3641 4572 Thracia
3674 4527 3724 4571 et

2139 4622 2403 4692 Illyricum
2439 4619 2507 4673 ab
2536 4618 2741 4672 Hunnis
2759 4614 3029 4670 devaStata
3067 4611 3248 4666 fuere:
3276 4618 3333 4664 et
3355 4623 3460 4675 quo
3484 4616 3726 4676 tempore

2135 4712 2366 4767 Joannes
2380 4710 2692 4779 pellebatur,
2719 4708 3015 4762 Isaurorum
3034 4697 3724 4767 rebellinConsL-intinOpoli

2139 4805 2369 4858 nuntiata
2400 4801 2514 4867 fuit,
2553 4800 2640 4870 qui
2666 4800 2716 4853 in
2751 4798 2928 4863 Asiam
2946 4794 3201 4849 Minorem
3218 4793 3341 4857 etin
3359 4789 3571 4861 Syriam
3588 4788 3721 4843 mala

2138 4894 2413 4948 innumera
2444 4891 2686 4946 intulere.
2714 4887 2962 4959 Cyrinus,
2990 4883 3347 4940 Chalcedonis
3390 4880 3678 4950 episcopus
3700 4912 3713 4933 ν

2138 5000 2274 5039 unus
2298 4999 2364 5038 ex
2388 4980 2780 5037 ardentioribus
2806 4977 3026 5033 Joannis
3070 4974 3332 5037 inimicis,
3381 4970 3543 5041 quiin
3565 4980 3716 5037 caput

2137 5090 2322 5138 suum,
2349 5083 2406 5127 ttt
2443 5084 2602 5140 supra
2648 5069 2874 5123 vidimus
2904 5107 2918 5131 ,
2974 5065 3283 5135 sanguinem
3312 5060 3535 5116 Joannis
3581 5072 3710 5113 con-

2140 5165 2353 5231 tulerat,
2377 5180 2441 5219 ex
2473 5163 2660 5216 dolore
2699 5176 2822 5214 crus
2860 5159 2958 5214 sibi
2990 5155 3225 5212 exscindi
3273 5150 3460 5223 jubere
3498 5157 3714 5204 coactus

2138 5264 2222 5311 est
2246 5295 2261 5321 ,
2302 5263 2358 5307 ut
2384 5263 2566 5324 postea
2598 5253 2648 5306 in
2688 5248 2951 5304 diuturnis
2981 5246 3302 5303 cruciatibus
3332 5243 3474 5297 lente
3506 5242 3718 5310 periret.

2140 5345 2437 5413 Trigesimo
2457 5344 2542 5417 die
2557 5340 2886 5413 Septembris
2912 5332 3403 5404 Constantinopolis
3423 5341 3477 5386 et
3493 5330 3720 5384 circum-

2139 5438 2308 5506 posita
2350 5437 2496 5505 regio
2536 5434 2795 5506 grandine
2848 5430 3046 5501 ingenti
3076 5428 3271 5483 afﬂicta
3301 5427 3431 5480 fuit:
3475 5432 3532 5477 et
3576 5429 3721 5474 sexto

2140 5527 2383 5589 Octobris
2418 5525 2605 5599 infelix
2636 5523 2871 5579 Eudoxia
2904 5523 2956 5575 in
2983 5520 3171 5576 abortu
3201 5516 3377 5587 periit.
3419 5513 3548 5568 llmc
3573 5508 3718 5563 multi

2140 5621 2489 5673 observavere
2514 5659 2530 5683 ,
2572 5627 2625 5670 et
2652 5616 2746 5669 has
2786 5628 2972 5685 pinnas
2988 5612 3057 5666 ob
3078 5610 3325 5679 injustam
3353 5616 3408 5662 et
3436 5604 3718 5659 violentam

2139 5709 2359 5764 Joannis
2415 5707 2779 5778 expulsionem
2807 5720 2836 5761 a
2870 5706 2977 5760 Deo
3009 5702 3236 5777 inflictas
3268 5709 3520 5771 putaverc
3542 5691 3722 5763 (Soet.
