3954 6396
248 603 285 655 l.
312 601 367 655 6.
395 613 440 651 ρ.
471 594 538 651 19
556 592 596 663 ).
633 586 896 646 Arcadius
935 595 1111 639 tamen
1144 622 1158 650 ,
1200 589 1292 634 aut
1333 577 1509 650 potius
1547 575 1637 648 qui
1684 573 1825 628 illius

247 689 461 747 nomine
511 684 693 740 omnia
733 677 1148 736 moderabautur
1173 715 1189 740 ,
1228 673 1280 727 in
1326 680 1503 739 erepto
1529 668 1827 738 perstitere.

316 778 550 836 Joannes
569 788 699 830 vero
719 771 909 827 Nicaea:
935 771 987 824 in
1015 765 1258 836 Bithynia
1295 763 1565 833 aliquanto
1594 768 1833 828 tempore

247 872 502 925 detentus
527 908 542 930 ,
572 880 638 922 ex
673 863 812 918 aeris
840 858 1155 916 salubritate
1178 852 1534 908 valetudinem
1560 862 1613 905 et
1637 863 1831 918 corpo-

248 963 323 1015 ris
364 959 529 1014 robur
567 960 931 1024 consequutus
964 958 1087 1013 est,
1127 955 1187 1001 ut
1215 946 1328 1016 ipse
1352 945 1478 998 dicit
1513 943 1564 996 iu
1598 940 1833 1009 Epistula

246 1053 458 1107 decima
483 1048 550 1104 ad
587 1043 975 1119 Olympiadem,
999 1055 1156 1110 quam
1192 1036 1404 1107 scripsit
1431 1032 1686 1104 postridie
1710 1047 1831 1098 pro-

249 1144 491 1200 fecturus
516 1141 808 1201 Cucusum,
836 1134 1009 1190 exsilii
1039 1133 1238 1186 locum.
1270 1128 1462 1183 Milites
1487 1132 1663 1179 autem
1694 1123 1837 1175 Prm-

250 1234 397 1298 fecti,
428 1231 520 1302 qui
546 1230 695 1284 illum
727 1228 779 1282 in
808 1225 1056 1281 exsilium
1080 1220 1374 1281 ducebant,
1420 1215 1548 1270 nihil
1580 1230 1683 1267 non
1708 1228 1834 1281 age-

250 1324 384 1379 bant
413 1332 473 1376 ut
502 1321 651 1375 illum
683 1321 992 1373 recrearent
1012 1327 1074 1366 ac
1103 1309 1415 1373 reﬁcerent,
1445 1306 1648 1375 ipsique
1678 1303 1835 1358 etiam

254 1415 409 1486 plura
437 1426 596 1482 quam
627 1408 790 1464 vellet
833 1403 1008 1459 ofﬁcia
1056 1400 1398 1472 prmstabant.
1433 1397 1635 1451 [tumor
1660 1392 1834 1447 statim

251 1519 476 1576 sparsus
500 1503 668 1557 fuerat
701 1501 874 1569 ipsum
897 1497 950 1551 in
978 1494 1250 1565 Scythiam
1280 1488 1668 1559 deportandum
1696 1499 1833 1539 esse.

264 1574 451 1649 Orione
479 1601 731 1646 statutum
776 1586 942 1642 fuisse
968 1584 1174 1639 videtur
1217 1583 1269 1635 in
1312 1578 1652 1647 lmperatoria
1695 1574 1837 1636 aula,

253 1684 387 1741 dicit
430 1683 521 1738 ille
555 1683 607 1736 in
638 1677 869 1749 Epistula
909 1673 1116 1729 decima
1162 1672 1349 1734 tertia,
1388 1678 1445 1723 ut
1487 1666 1794 1722 Sehasteam
1821 1701 1837 1724 ,

258 1773 531 1830 Armeniae
552 1770 762 1834 urbem,
786 1767 1088 1822 exsulatum
1119 1761 1452 1816 mitteretur:
1485 1755 1606 1815 sed,
1641 1760 1842 1807 mutato

253 1865 486 1922 consilio
509 1905 525 1930 ,
565 1862 829 1918 Cucusum
857 1856 1050 1913 missus
1088 1864 1170 1908 est
1191 1893 1205 1917 ,
1252 1852 1426 1905 locum
1456 1845 1722 1902 Armenia:
1751 1842 1844 1895 de-

254 1956 638 2013 eertissimum.
674 1950 793 2020 Ipse
819 1963 947 2004 vero
986 1945 1280 1999 amicorum
1317 1939 1601 1994 multorum
1627 1946 1843 2004 operam

256 2050 614 2115 adhibuerat,
662 2044 794 2100 utin
818 2041 1082 2097 mitiorem
1117 2045 1173 2092 et
1209 2031 1642 2105 propiuquiorem
1670 2027 1843 2082 locum

257 2141 581 2195 mitteretur.
610 2135 831 2199 Verum,
856 2145 953 2186 nec
980 2129 1095 2183 sine
1119 2124 1358 2197 querela,
1387 2120 1516 2177 dicit
1536 2119 1680 2189 ipsos
1706 2129 1842 2180 rem,

255 2245 422 2300 quam
452 2225 697 2283 scelerati
722 2223 886 2286 etiam
926 2217 1175 2274 homines
1212 2215 1499 2283 impetrant
1530 2251 1545 2275 ,
1586 2203 1843 2274 consequi

260 2294 371 2374 non
401 2317 658 2389 potuisse.
703 2311 1092 2382 lmperatricem
1120 2318 1247 2360 vero
1276 2302 1571 2357 Eudoxiam
1590 2313 1648 2353 se
1672 2294 1848 2351 Cucu-

263 2426 387 2466 sum
403 2387 799 2476 vmittijussisse
844 2401 972 2456 dicit
1015 2399 1070 2456 iu
1110 2395 1343 2467 Epistula
1404 2393 1503 2447 l55
1556 2389 1621 2443 ad
1667 2387 1850 2459 Cyria-

258 2517 411 2556 cum.

338 2590 642 2661 Insequenti
670 2588 831 2658 igitur
858 2584 943 2641 die
971 2582 1386 2654 Chrysostumus
1406 2620 1420 2642 ,
1450 2574 1665 2630 Pancmi
1696 2587 1848 2625 mem

261 2686 341 2737 sis
357 2690 565 2752 quarto,
579 2679 670 2750 qui
694 2677 891 2733 mensis
907 2670 1359 2730 PanemusJulius
1379 2677 1461 2725 est
1488 2665 1680 2736 (Epist.
1694 2662 1846 2731 221),

262 2787 325 2829 ut
353 2774 536 2830 videas
563 2770 705 2841 apud
729 2767 962 2824 Selidam
989 2775 1045 2821 et
1071 2763 1370 2821 Usserium.
1397 2759 1571 2814 Nica‘a
1595 2758 1645 2810 in
1664 2754 1851 2824 Bithy-

265 2867 357 2919 nia
384 2864 651 2931 protectus
676 2869 780 2916 est.
812 2858 1122 2926 Eodemque
1142 2853 1230 2909 die
1251 2851 1528 2921 epistolam
1547 2847 1759 2917 scripsit
1784 2844 1850 2898 ad

259 2953 639 3009 Constantium
668 2949 1058 3021 presbyterum,
1090 2944 1377 2999 cohortaris
1419 2939 1566 2993 illum
1608 2948 1662 2991 ut
1691 2950 1757 2989 ne
1786 2949 1851 2989 ex

264 3041 549 3113 praesentis
577 3038 826 3109 procella:
854 3042 1170 3104 tempestate
1197 3038 1539 3085 amoveretur
1568 3026 1635 3079 ab
1679 3022 1854 3077 ofﬁcio

263 3143 327 3188 et
353 3148 382 3187 a
407 3146 469 3187 re
496 3138 739 3200 suscepta
765 3169 781 3193 ,
812 3126 905 3182 sed
945 3140 1041 3197 pro
1065 3138 1211 3179 more
1241 3136 1339 3177 suo
1365 3134 1459 3175 eos
1486 3158 1500 3182 ,
1545 3117 1632 3185 qui
1680 3114 1855 3168 adhuc

262 3225 582 3280 Graecorum
606 3218 989 3291 superstitioni,
1018 3231 1110 3271 seu
1133 3210 1465 3276 idololatriae,
1489 3207 1652 3263 dediti
1679 3213 1852 3267 erant,

266 3316 343 3372 ad
368 3314 526 3370 ﬁdem
543 3310 894 3366 Christianam
919 3316 1231 3364 convertere
1262 3310 1524 3372 pergeret,
1555 3308 1608 3354 et
1638 3296 1854 3366 impiam

266 3406 585 3475 religionem
606 3400 1003 3464 extermiuaret,
1031 3408 1190 3467 atque
1218 3393 1534 3457 thnicim,
1568 3388 1776 3444 Arabiae
1804 3395 1861 3440 et

267 3496 512 3551 Orientis
532 3493 888 3549 Ecclesiarutn
915 3505 1095 3544 curam
1116 3494 1328 3558 gereret
1356 3502 1369 3538 :
1400 3484 1632 3552 dicitque
1667 3495 1726 3535 se
1752 3494 1856 3533 non

267 3586 626 3650 Sehasteam,
675 3593 732 3637 ut
766 3581 1018 3651 putabat,
1062 3577 1156 3633 sed
1199 3577 1467 3631 Cucusum
1513 3574 1565 3627 in
1611 3570 1859 3626 exsilium

270 3677 437 3731 mitti.
471 3675 526 3729 In
569 3674 675 3729 ﬁne
705 3688 837 3728 vero
863 3672 965 3736 ait,
998 3670 1099 3726 sibi
1139 3677 1263 3724 ante
1303 3665 1687 3737 profectionem
1717 3677 1862 3717 curae

270 3767 465 3832 fuisse,
498 3773 556 3819 ut
579 3780 609 3818 e
640 3762 910 3819 Salamina
932 3759 1093 3832 Cypri
1116 3756 1346 3812 haeresin
1376 3754 1858 3813 Marcionistarum,

272 3872 402 3926 qua:
449 3856 521 3910 ibi
558 3852 898 3925 grassabatur
925 3892 940 3917 ,
970 3850 1289 3905 eliminaret.
1339 3847 1395 3902 Si
1438 3860 1566 3900 vero
1614 3843 1864 3914 Cyriacus

273 3947 563 4016 cpiscOpus
593 3944 768 3998 adhuc
806 3939 1267 4009 Constantirmpoli
1307 3938 1379 3992 sit
1398 3978 1426 4005 ,.
1461 3934 1661 3990 scribat
1704 3934 1777 3986 illi
1810 3941 1866 3986 ut

273 4044 471 4108 pergat
493 4050 553 4090 ea
581 4034 841 4104 periicere
865 4073 879 4098 ,
927 4046 1045 4100 quae
1087 4031 1201 4100 ipse
1248 4042 1530 4099 aggressus
1552 4024 1742 4080 fuerat.
1777 4023 1867 4079 Sic

274 4124 654 4180 sanctissimus
675 4122 764 4177 ille
791 4122 892 4188 vir,
918 4119 1170 4175 arrumnis
1201 4117 1432 4186 undique
1461 4114 1824 4185 prementibus
1847 4154 1863 4175 ,

277 4216 541 4286 augendae
571 4216 623 4268 in
652 4212 879 4267 diversis
914 4210 1218 4278 regionibus
1242 4207 1559 4263 Christianae
1586 4204 1662 4259 rei
1684 4219 1865 4258 curam

280 4319 558 4376 nunquam
590 4302 914 4372 deponehat.
948 4300 1243 4369 Epistulam
1270 4312 1399 4352 vero
1419 4296 1487 4353 ad
1516 4295 1867 4364 Theophilum

280 4397 567 4465 scripsisse
615 4405 830 4465 putatur
858 4391 1051 4462 (Epist.
1082 4390 1231 4460 119),
1261 4404 1383 4445 cum
1407 4388 1577 4442 Nicma
1607 4385 1872 4456 profectus

282 4497 458 4554 esset,
490 4498 545 4540 ut
565 4484 831 4541 Cucusum
852 4483 1200 4539 contenderet
1222 4524 1238 4549 ,
1262 4481 1607 4549 hortaturque
1640 4477 1784 4531 illum
1816 4484 1872 4529 ut

284 4587 482 4649 pergat
514 4576 746 4648 pericula
789 4575 967 4629 subire
1006 4583 1062 4629 et
1104 4582 1322 4629 strenue
1359 4586 1517 4642 agere
1548 4588 1560 4621 :
1604 4583 1703 4623 uec
1732 4567 1874 4622 clare

283 4669 423 4724 dicit
455 4668 648 4737 quibus
682 4666 770 4721 ille
799 4665 957 4719 rebus
994 4673 1118 4718 tunc
1156 4678 1372 4732 operam
1411 4661 1579 4715 daret.
1636 4658 1873 4713 Alteram

287 4759 412 4829 ejus
453 4758 518 4813 ad
553 4756 908 4825 TheOphilum
960 4753 1236 4823 epistolam
1282 4752 1539 4807 habemus
1570 4793 1583 4815 ,
1626 4750 1876 4818 scriptam

288 4858 574 4922 postquam
597 4848 862 4903 Cucusum
891 4845 1215 4901 advenisset.

371 4939 502 4994 Cum
531 4938 832 4993 Cmsaream
865 4937 917 4990 in
955 4934 1286 5004 Cappadocia
1310 4975 1325 4997 ,
1373 4933 1542 4986 Nica-a
1575 4932 1843 5000 profectus
1863 4971 1876 4989 .

290 5034 605 5097 duceretur,
632 5028 931 5100 Olympiadi
959 5028 1173 5096 scripsit
1219 5023 1411 5094 (Epist.
1443 5021 1552 5095 ll),
1581 5033 1632 5077 et
1664 5021 1877 5092 quidem

297 5123 463 5194 paulo
488 5129 767 5192 postquam
798 5119 899 5172 iter
919 5117 1045 5172 illud
1074 5124 1417 5183 susceperat,
1445 5128 1564 5168 cum
1587 5113 1761 5167 adhuc
1787 5124 1882 5164 va-

297 5212 540 5271 letudine
565 5212 653 5265 illa
680 5252 696 5278 ,
726 5225 884 5281 quam
915 5208 1102 5263 Nicaeae
1130 5213 1536 5273 recuperaverat
1560 5244 1575 5267 ,
1623 5211 1677 5259 et
1719 5202 1882 5257 animi

298 5305 569 5359 hilaritate
595 5302 878 5358 frueretur.
913 5300 989 5354 Ea
1018 5315 1181 5362 vero,
1222 5313 1339 5367 qua:
1370 5296 1435 5351 de
1458 5293 1698 5350 Praefecti
1740 5292 1884 5346 mili-

305 5398 473 5462 tibus,
499 5395 673 5467 quise
700 5396 751 5450 in
774 5394 1018 5450 exsilium
1041 5392 1303 5447 ducebant
1324 5430 1339 5456 ,
1373 5389 1459 5443 hic
1485 5396 1718 5452 enarrat,
1752 5400 1886 5457 prae-

306 5489 645 5544 termittenda
670 5501 775 5542 non
798 5486 1044 5539 duximus
1079 5501 1091 5536 :
1140 5501 1159 5534 ς
1202 5483 1373 5550 Atque
1394 5478 1635 5535 Prmfecti
1665 5478 1882 5539 milites,

309 5581 502 5649 inquit,
527 5580 563 5634 ii
587 5579 676 5649 qui
712 5577 987 5633 nobiscum
1013 5575 1412 5643 peregrinantur
1436 5612 1450 5633 ,
1485 5571 1553 5624 ita
1577 5584 1677 5624 nos
1700 5568 1889 5623 ofﬁciis

312 5679 739 5738 prosequuntur,
780 5677 836 5723 ut
876 5679 942 5720 ne
983 5663 1294 5718 famulorum
1323 5660 1533 5733 quidem
1561 5674 1778 5730 operam
1799 5673 1890 5713 re-

314 5759 527 5828 quirere
556 5773 653 5813 nus
675 5758 851 5813 sinant
871 5794 887 5821 ,
931 5769 1051 5809 cum
1080 5754 1177 5825 ipsi
1199 5752 1514 5807 himttlorum
1544 5750 1722 5804 munia
1750 5763 1894 5803 exse-

319 5856 572 5920 quantur.
609 5848 817 5905 Etenim
848 5862 945 5918 pro
967 5862 1062 5899 suo
1096 5860 1219 5915 erga
1247 5858 1343 5898 nos
1367 5857 1547 5899 amore
1577 5841 1677 5895 hoc
1702 5855 1893 5895 munus

1444 456 1622 513 NUNC
1663 452 1920 514 PRIMUM
1961 455 2354 512 ADOBNATA.

1939 578 1993 621 et
2017 567 2312 637 jussiuncm
2344 566 2749 636 praeripuerunt.
2779 574 2951 637 atque
2992 565 3188 637 ubique
3213 567 3508 624 satellitum

1938 674 2095 714 manu
2126 659 2420 728 cingimur,
2452 672 2773 728 unoquoque
2802 657 3051 713 videlicet
3091 658 3314 731 hujusce
3356 660 3517 715 inini-

1936 751 2082 805 sterii
2116 750 2329 803 nomine
2348 764 2407 803 sc
2436 749 2646 803 beatum
2670 747 3012 818 praedicante.
3046 768 3064 802 ι

2012 838 2397 910 Clrrysostomus
2420 839 2700 894 Cwsaream
2728 839 2781 893 in
2802 838 3125 911 Cappadocia
3148 844 3299 896 venit.
3324 872 3395 882 -—
3418 841 3518 897 Va-

1941 931 2175 988 letudine
2199 932 2337 987 bona
2367 931 2643 987 fruebatur
2666 933 2758 987 ille
2779 931 2968 1002 (Epist.
2999 932 3143 1005 19.0),
3174 935 3387 1005 quando
3423 934 3518 989 Ni-

1939 1037 2047 1078 czea
2076 1023 2340 1091 profectus
2368 1032 2489 1090 est;
2518 1024 2613 1080 sed
2634 1040 2757 1080 cum
2783 1025 2898 1080 dies
2923 1035 3206 1095 noctesque
3228 1028 3328 1081 iter
3349 1027 3522 1084 facere

1940 1125 2220 1185 cogeretur
2240 1157 2253 1181 ,
2288 1117 2357 1171 ita
2386 1126 2520 1172 utet
2548 1127 2678 1172 aestu
2717 1133 3006 1188 oppressus
3028 1159 3045 1187 ,
3075 1128 3129 1173 et
3168 1120 3363 1190 vigiliis
3390 1135 3521 1175 con-

1943 1205 2144 1268 fectus,
2176 1216 2231 1262 et
2255 1223 2433 1263 rerum
2467 1209 2892 1265 necessariarum
2925 1211 3142 1278 penuria
3167 1226 3402 1279 pressus,
3433 1212 3526 1267 illo

1945 1307 2224 1367 pergeret,
2254 1313 2353 1353 nec
2380 1298 2633 1355 adessent
2673 1300 2762 1369 qui
2794 1308 3009 1370 possent
3040 1301 3193 1355 illum
3210 1302 3401 1371 iuvare
3428 1318 3452 1366 ',
3474 1305 3525 1356 in

1943 1386 2130 1442 febrim
2174 1387 2410 1443 incidit:
2459 1397 2616 1457 atque
2665 1390 2750 1457 iis,
2796 1389 3003 1459 inquit,
3059 1392 3146 1461 qui
3198 1391 3267 1445 ad
3317 1391 3527 1448 metalla

1945 1479 2270 1534 damnantur
2290 1521 2306 1546 ,
2338 1480 2419 1535 vel
2449 1481 2540 1550 qui
2583 1480 2636 1535 in
2685 1480 2912 1535 vinculis
2963 1491 3209 1536 tenentur
3233 1485 3527 1553 ,.graviora

1944 1580 2000 1625 et
2050 1572 2311 1624 atrociora
2360 1572 2580 1641 pertulit
2603 1571 2792 1641 (Epist.
2825 1573 2935 1642 14).
2961 1575 3258 1643 Antequam
3308 1590 3433 1628 vero
3475 1576 3527 1631 in

1944 1660 2334 1729 Cappadociam
2362 1662 2692 1729 perveniret,
2727 1662 2985 1717 liberatus
3013 1662 3109 1716 fuit
3138 1679 3166 1715 a
3189 1664 3371 1719 Galata
3398 1704 3413 1729 ,
3446 1666 3528 1718 in-

1946 1749 2093 1820 quit,
2121 1751 2209 1819 qui
2243 1759 2467 1803 mortem
2499 1750 2599 1803 sibi
2629 1749 3008 1816 minitabatur;
3036 1750 3283 1806 videlicet
3302 1768 3331 1804 a
3359 1752 3535 1807 Leon-

1952 1842 2021 1893 tio
2042 1881 2058 1906 ,
2092 1841 2317 1911 Ancyra:
2347 1840 2398 1894 in
2426 1839 2631 1894 Galatia
2675 1843 2929 1910 episcopo
2948 1882 2965 1907 ,
2996 1842 3083 1911 qui
3126 1843 3263 1896 inter
3288 1844 3533 1914 primipi-

1950 1935 2088 1988 lares
2116 1932 2485 2003 Chrysostomi
2523 1933 2767 1991 inimicos
2810 1934 3056 2003 princeps
3089 1944 3227 1990 erat.
3254 1934 3357 1989 Sed
3398 1952 3510 1990 nun

1952 2026 2137 2079 tiatum
2186 2024 2262 2079 illi
2314 2024 2414 2079 fuit
2458 2024 2831 2090 Pharetrium,
2872 2025 3130 2081 Cresarcae
3183 2026 3530 2097 episc0pum,

1954 2115 2127 2184 ipsum
2157 2124 2506 2187 exspectare,
2535 2122 2591 2169 ut
2623 2114 2739 2184 ipse
2776 2129 2937 2170 omne
2980 2115 3218 2170 caritatis
3263 2117 3535 2184 specimen

1952 2205 2253 2264 exhiberet.
2280 2205 2375 2261 ille
2400 2190 2530 2260 vero
2580 2205 2645 2259 iis
2686 2204 2843 2260 ﬁdem
2875 2220 2982 2260 non
3011 2205 3230 2271 habuit,
3263 2208 3383 2262 imo,
3405 2222 3535 2264 con-

1954 2297 2114 2351 traria
2178 2296 2285 2351 sibi
2327 2306 2581 2353 eventura
2636 2297 2873 2365 putabat.
2943 2296 3287 2369 Tandemque
3352 2298 3537 2353 Caesa-

1954 2403 2101 2443 ream
2144 2389 2195 2443 in
2221 2387 2556 2458 Cappadocia
2584 2430 2598 2453 ,
2632 2389 2852 2458 perinde
2883 2398 3042 2459 atque
3080 2406 3110 2442 a
3141 2399 3453 2455 tempestate
3485 2393 3558 2447 in.

1955 2479 2299 2548 tranquillum
2345 2489 2552 2548 portum
2596 2479 2858 2550 pervenit.
2886 2478 3067 2550 Neque
3087 2480 3273 2537 statim
3301 2482 3471 2552 potuit
3510 2498 3542 2537 ιι

1957 2570 2118 2624 tantis
2147 2569 2310 2624 malis.
2328 2569 2595 2624 recreari:
2629 2569 2720 2624 sed
2752 2578 2926 2623 tamen
2966 2570 3201 2625 animum
3230 2572 3538 2640 resumpsit,

1958 2664 2080 2732 quia
2129 2677 2316 2732 puram
2358 2676 2549 2731 aquam
2599 2662 2769 2725 bibit,
2811 2676 3000 2731 panem
3046 2675 3150 2714 non
3202 2660 3441 2716 foetidum
3488 2673 3543 2718 et

1957 2755 2149 2810 durum
2176 2797 2190 2821 ,
2218 2763 2276 2808 ut
2312 2761 2457 2820 ante,
2484 2753 2749 2818 comedit,
2782 2752 2990 2808 balneis
3034 2763 3306 2807 recreatus
3335 2761 3417 2807 est
3442 2795 3456 2817 ,
3487 2760 3544 2808 ct

1959 2849 2014 2903 in
2043 2848 2185 2903 lecto
2233 2845 2576 2903 rccumbendi
2632 2852 2948 2916 potestatem
2999 2844 3185 2899 habuit
3214 2842 3542 2915 (Epist.H).

1961 2938 2195 3009 Eratque
2225 2939 2276 2992 in
2302 2937 2420 3007 ipso
2450 2936 2693 2992 tertiana:
2718 2935 2883 2991 febris
2910 2935 3120 3000 ardore,
3151 2935 3545 3006 hospitiumque

1962 3031 2145 3084 habuit
2190 3029 2242 3084 in
2292 3038 2533 3084 extremo
2579 3028 2725 3083 urbis
2755 3043 2991 3084 recessu.
3010 3027 3147 3082 Tum
3185 3042 3311 3081 vero
3358 3026 3541 3083 clerici

1960 3136 2167 3184 omnes,
2203 3118 2429 3189 populus
2449 3159 2466 3185 ,
2495 3117 2742 3172 monachi
2769 3159 2781 3179 ,
2812 3116 3116 3183 monachae,
3146 3116 3336 3171 medici
3362 3115 3550 3175 adhic-

1961 3219 2105 3275 runt,
2133 3224 2160 3262 a
2190 3209 2383 3278 quibus
2412 3223 2665 3277 perquam
2691 3207 2932 3263 officiose
2950 3217 3204 3277 exceptus
3230 3206 3347 3271 fuit,
3374 3208 3549 3261 omni-

1962 3300 2060 3355 bus
2089 3298 2463 3353 famulantibus
2486 3308 2544 3353 et
2568 3298 2869 3353 necessaria
2899 3312 3122 3367 quaeque
3165 3296 3264 3367 ipsi
3294 3296 3549 3353 submini-

1968 3390 2284 3449 strant'tbus.
2313 3389 2461 3445 Tunc
2490 3397 2669 3444 autem
2698 3389 2896 3458 ingenti
2927 3388 3153 3443 ﬁamtnm
3179 3388 3368 3442 ardore
3392 3387 3549 3441 delia-

1967 3495 2156 3550 grans,
2191 3480 2243 3534 iu
2275 3490 2516 3535 extremo
2546 3479 2781 3549 periculo
2810 3479 3121 3533 versabatur
3149 3495 3162 3532 :
3190 3478 3401 3533 demum
3426 3493 3553 3547 [latt-

1968 3572 2114 3626 latim
2145 3569 2418 3627 remittere
2449 3584 2512 3625 ac
2546 3569 2723 3625 sedari
2767 3569 2986 3625 morbus
3026 3569 3206 3637 εωρὶι.
3251 3567 3422 3622 l‘harc
3447 3567 3555 3623 rius

1967 3679 2095 3719 vero
2114 3705 2128 3728 ,
2158 3663 2246 3733 qui
2276 3671 2354 3716 tot
2381 3662 2613 3717 venienti
2644 3660 2868 3716 ofﬁciosi
2893 3660 3055 3714 animi
3081 3660 3229 3730 signa
3256 3659 3370 3714 dari
3395 3674 3553 3713 cura-

1967 3766 2150 3823 verat,
2166 3770 2451 3825 numquam
2482 3754 2799 3823 comparuit,
2823 3752 2931 3807 imo
2957 3751 3073 3808 dira
3103 3749 3476 3815 meditabatur,
3498 3758 3557 3803 ut

1968 3847 2286 3905 videbimus.
2318 3846 2796 3903 Praestantissimos
2823 3853 3000 3898 autem
3031 3842 3104 3896 ibi
3147 3839 3556 3897 celeberrimos-

1969 3956 2075 4013 que
2100 3939 2336 3996 medicos
2355 3939 2547 3993 habuit.
2568 3937 2755 4008 (Epist.
2778 3935 2892 4006 12),
2914 3950 2945 3991 a
2964 3933 3154 4005 quibus
3171 3948 3276 3987 non
3300 3942 3406 3986 tam
3429 3931 3557 3986 artis

1971 4031 2222 4087 subsidiis
2246 4072 2258 4094 ,
2282 4044 2440 4099 quam
2476 4027 2947 4083 commiseratione
2975 4034 3027 4080 et
3065 4023 3296 4079 amicitia
3340 4022 3557 4078 curaba-

1973 4129 2087 4179 tur.
2101 4121 2338 4187 Quorum
2368 4117 2529 4172 etiam
2579 4131 2715 4172 unus
2735 4156 2751 4181 ,
2789 4130 2893 4183 quo
2924 4115 3012 4168 ille
3054 4122 3238 4183 postea
3267 4127 3479 4179 semper
3507 4124 3561 4165 et

1974 4211 2181 4265 medico
2223 4218 2277 4264 et
2303 4208 2477 4261 amico
2523 4221 2647 4259 usus
2676 4215 2790 4267 est,
2822 4219 3003 4257 secum
3049 4201 3408 4272 profecturum
3439 4216 3559 4257 esse

1974 4299 2278 4370 spopondit,
2310 4298 2543 4366 itemque
2594 4294 2682 4348 alii
2722 4294 3025 4362 complures
3054 4306 3236 4346 eorum
3263 4292 3352 4361 qui
3392 4290 3560 4359 digni-

1977 4399 2082 4446 tate
2109 4389 2399 4459 pollebant.

2048 4483 2201 4539 lllum
2230 4481 2495 4537 visitatum
2524 4480 2671 4535 venit
2691 4479 2854 4533 frater
2884 4476 3094 4531 Maximi
3116 4475 3377 4545 episc0pi,
3405 4489 3433 4528 a
3459 4490 3563 4543 quo

1979 4590 2037 4630 se
2077 4573 2328 4645 sperabat
2368 4572 2552 4628 literas
2594 4580 2936 4640 accepturum
2966 4565 3294 4640 Olympiadis
3319 4574 3372 4621 et
3403 4564 3564 4635 Tigrii

1981 4664 2300 4736 presbyteri.
2332 4663 2526 4719 Verum
2553 4660 2826 4731 respondit
2868 4660 2955 4715 ille
2975 4701 2989 4721 .
3020 4673 3080 4713 se
3118 4657 3301 4713 literas
3329 4656 3557 4728 postula-

1983 4757 2143 4824 visse,
2174 4754 2267 4810 sed
2301 4753 2549 4809 abnuisse
2588 4753 2727 4808 illos.
2759 4750 2912 4806 Binis
2947 4748 3274 4818 interpositis
3310 4757 3431 4817 post
3470 4746 3567 4802 ad-

1984 4855 2199 4902 ventum
2228 4845 2373 4900 illius
2397 4842 2583 4898 diebus
2604 4841 2883 4910 epistolam
2915 4838 3060 4894 misit
3083 4838 3150 4893 ad
3175 4836 3562 4914 Olympiadem,

1983 4951 2141 5006 quam
2175 4934 2345 5004 primo
2367 4932 2434 4986 de
2461 4933 2702 4986 restituta
2726 4929 3033 4983 valetudine
3055 4944 3150 4984 sua
3176 4926 3458 4983 certiorem
3490 4923 3568 4979 fa—

1985 5031 2079 5094 cit,
2109 5027 2283 5094 deque
2307 5023 2534 5078 adventu
2563 5021 2739 5075 fratris
2760 5021 2821 5075 Β.
2849 5020 3059 5077 Maximi
3091 5018 3359 5088 episcopi,
3386 5017 3567 5087 objur-

1986 5127 2178 5189 gatque
2200 5116 2345 5170 illam
2368 5113 2510 5184 quod
2538 5113 2714 5167 literas
2736 5113 2802 5167 ad
2832 5127 2891 5167 se
2917 5127 3019 5166 non
3053 5111 3276 5178 miserit,
3305 5119 3360 5165 et
3385 5109 3453 5164 de
3476 5108 3567 5162 Ti-

1987 5208 2104 5277 grio
2144 5219 2354 5276 quoque
2392 5203 2578 5259 eadem
2628 5204 2696 5257 de
2738 5218 2896 5258 causa
2936 5202 3298 5272 conqueritur.
3333 5201 3409 5255 De
3454 5199 3614 5255 loco.

1992 5296 2165 5350 exsilii
2195 5295 2274 5350 sui
2306 5293 2559 5350 mutando
2587 5310 2654 5349 ne
2682 5294 2818 5348 ultra
2843 5307 3026 5358 curet,
3056 5303 3113 5349 et
3148 5308 3218 5348 ne
3256 5293 3388 5348 alios
3423 5292 3494 5345 ad
3525 5293 3574 5345 id

1993 5384 2364 5455 postulandum
2396 5383 2643 5438 adhibeat
2685 5382 2869 5447 edicit,
2902 5364 3186 5452 paucisque
3213 5380 3280 5434 de
3316 5380 3576 5450 Pergami

1989 5476 2264 5532 sororibus
2286 5516 2302 5539 ,
2335 5483 2386 5529 et
2414 5475 2483 5530 de
2506 5475 2733 5545 (Syriaco
2755 5474 3005 5543 episwpo
3034 5469 3225 5525 additis
3249 5512 3265 5536 ,
3297 5471 3580 5539 epistolam

1992 5567 2210 5624 claudit.
2239 5567 2499 5622 Caesareae
2538 5581 2658 5620 cum
2687 5571 2869 5627 esset,
2907 5562 2972 5616 ad
2996 5559 3330 5616 Theodoram
3369 5576 3580 5632 quoque

1996 5658 2210 5727 scripsit
2236 5656 2427 5727 (Epist.
2458 5653 2606 5726 120).
2639 5665 2693 5709 et
2734 5669 2854 5723 qua:
2891 5652 2990 5707 sibi
3040 5650 3092 5709 in
3139 5651 3223 5711 via
3279 5651 3587 5715 acciderant

1998 5747 2174 5817 paucis
2205 5746 2485 5817 patefecit:
2516 5745 2583 5800 de
2609 5746 2696 5799 illa
2721 5745 2881 5811 etiam
2906 5732 3254 5814 conqueritur
3274 5743 3437 5814 quod,
3463 5758 3582 5797 cum

1995 5840 2105 5911 jam
2135 5850 2375 5909 quartam
2403 5838 2483 5891 vel
2513 5836 2748 5909 quintam
2780 5837 3056 5909 epistolam
3087 5834 3349 5912 adjpsam
3375 5832 3578 5893 miserit
