3954 6402
463 474 570 533 223

464 593 656 665 (Epist.
681 586 827 658 I2I),
848 598 1002 639 unatn
1028 587 1232 634 tantum
1253 577 1320 631 ab
1342 575 1426 629 illa
1447 572 1712 665 acceperit
1728 568 2037 665 (Epithig).

530 660 789 737 Caesarea:
826 676 984 731 etiam
1012 671 1254 741 recipere
1297 666 1465 738 potuit
1509 663 1786 734 epistolam
1824 660 2038 725 Arabii,

464 773 558 828 viri
586 771 686 826 sibi
717 762 1089 829 addictissimi,
1117 761 1270 831 cujus
1306 772 1439 812 uxor
1460 751 1760 826 Olympiadi
1796 750 1962 804 amica
1990 757 2044 802 et

463 860 743 920 familiaris
768 867 903 914 erat.
931 854 980 910 Is
1002 870 1121 909 cum
1149 858 1357 922 putaret
1380 849 1530 902 illum
1558 847 1609 898 in
1641 842 1882 898 exsilium
1905 840 2040 893 milli

458 958 738 1019 Sebasten,
763 950 1077 1006 obsecrabat
1109 947 1257 1001 illum
1307 954 1363 997 ut
1405 943 1454 995 in
1478 940 1685 994 :rdibus
1735 937 1845 992 suis
1883 934 2041 989 inilla

454 1046 588 1102 urbe
616 1045 734 1100 sitis
764 1042 920 1098 sedes
943 1046 1183 1111 poneret.
1213 1034 1505 1105 Respondit
1534 1032 1606 1085 illi
1627 1030 2042 1102 Chrysostomus

456 1138 629 1192 exsilii
661 1137 740 1190 sui
790 1134 964 1189 locmn
1006 1148 1108 1185 non
1153 1126 1407 1184 Scbaslcn
1435 1169 1448 1190 ,
1482 1125 1576 1179 sed
1618 1124 1883 1178 Cucusutn
1923 1134 2042 1174 esse

459 1230 655 1300 (Epist.
684 1228 830 1297 tat).

528 1321 661 1374 Cum
694 1333 821 1388 ergo
864 1315 1095 1370 Joannes
1138 1311 1381 1366 morbum
1420 1308 1621 1364 sensim
1673 1304 1951 1359 remissum
1990 1308 2044 1355 et

458 1411 697 1466 sedatum
741 1422 861 1462 esse
899 1407 1143 1468 videret,
1176 1403 1244 1456 de.
1275 1402 1514 1455 discessu
1562 1396 1829 1465 cogitabat
1854 1400 1916 1446 ut
1938 1390 2043 1446 Cu.

458 1516 644 1556 ensum
693 1505 926 1569 peteret,
967 1504 1124 1566 atque
1169 1494 1237 1547 ab
1290 1492 1499 1546 itineris
1527 1487 1780 1543 terumuis
1829 1483 2041 1539 tandem

458 1593 777 1662 quiesceret.
809 1588 1006 1642 Verum
1048 1586 1224 1639 subito
1263 1582 1540 1637 nuntiatur
1567 1579 1778 1634 Isauros
1810 1591 1930 1630 cum
1957 1574 2041 1628 in-

458 1696 678 1736 numera
706 1678 980 1733 hominum
1030 1689 1191 1729 manu
1216 1672 1602 1727 Caesariensem
1642 1681 1826 1736 agrum
1870 1679 2042 1733 pepu-

456 1773 589 1838 lari,
632 1779 791 1840 atque
829 1781 1075 1837 magnum
1123 1763 1387 1833 quoddam
1434 1758 1685 1830 oppidum
1744 1756 2045 1811 incendisse

456 1878 575 1918 cum
605 1860 802 1932 ingenti
829 1860 998 1914 clade.
1026 1857 1141 1925 Qua
1170 1870 1229 1910 re
1256 1853 1432 1908 audita
1478 1852 1718 1906 tribunus
1747 1863 1867 1903 cum
1899 1847 2042 1900 mili-

457 1953 601 2008 tibus
625 1951 871 2007 omnibus
899 1949 1011 2003 suis
1054 1947 1183 2001 urbe
1220 1944 1450 1999 excessit
1475 1960 1487 1996 :
1519 1940 1776 1996 timebant
1802 1940 1945 1993 enim
1974 1952 2044 1991 ne

457 2044 647 2097 urbem
668 2054 881 2110 quoque
902 2036 1261 2092 adorirentur.
1291 2033 1492 2089 Omnes
1522 2033 1574 2085 in
1613 2039 1757 2084 metu
1786 2038 1841 2083 et
1883 2028 2044 2097 trepi-

457 2132 674 2187 datione
703 2137 893 2193 erant,
927 2127 993 2181 tle
1035 2127 1152 2197 ipso
1195 2139 1404 2195 quoque
1447 2123 1618 2192 patrio
1656 2121 1773 2175 solo
1818 2119 2035 2188 pericli-

460 2232 673 2288 tantes;
705 2221 839 2276 adeo
870 2227 928 2273 ut
955 2232 1113 2273 senes
1133 2217 1291 2272 etiam
1324 2214 1420 2284 ipsi
1453 2211 2041 2269 murorumeustodiam

460 2315 809 2383 susciperent.

538 2404 832 2457 Pitaretrius
856 2402 1106 2457 Joannem
1138 2417 1225 2469 per
1250 2399 1521 2453 monachos
1544 2396 1775 2452 Cmarea
1806 2395 1925 2465 pelli
1940 2395 2041 2465 jn-

458 2496 555 2549 ιρι.
582 2524 654 2534 --
680 2493 988 2549 Pharetrius
1016 2507 1164 2559 vero,
1195 2490 1282 2561 qui
1314 2489 1519 2560 pridem
1551 2487 1934 2543 benevolentia:
1963 2486 2041 2539 si-

452 2602 561 2657 gna
585 2586 773 2642 Joanni
800 2584 1021 2640 dederat
1043 2582 1236 2655 (Epist.
1263 2583 1350 2653 Ill)
1370 2624 1385 2649 ,
1418 2596 1576 2652 quem
1617 2579 2043 2650 proﬁciscentem

458 2679 812 2742 invitaverat,
836 2677 946 2747 jam
986 2676 1134 2730 illum
1163 2676 1407 2730 Cmaarea
1442 2673 1644 2742 pellere
1674 2670 1995 2726 moliebatur
2022 2687 2037 2735 ;

454 2769 646 2823 mutati
672 2776 848 2823 autem
874 2767 1036 2821 animi
1057 2781 1272 2821 causam
1297 2766 1458 2819 fuisse
1484 2763 1782 2832 suspicatur
1805 2763 2042 2818 Joannes

448 2858 709 2914 invidiam
762 2871 943 2911 unam.
987 2855 1124 2911 Cum
1179 2855 1381 2909 videret
1434 2868 1622 2909 omnes
1672 2853 1739 2908 ad
1784 2852 2045 2908 Joannem

446 2948 766 3013 confluere,
813 2947 1130 3016 optimates,
1183 2944 1502 3010 monachos,
1565 2944 1800 3015 virgines
1828 2986 1843 3011 ,
1904 2961 2045 3015 pra:-

458 3042 657 3107 fectos,
707 3040 939 3106 milites,
993 3039 1229 3095 medicos
1287 3054 1579 3109 omnesque
1634 3042 1877 3095 certatim
1944 3039 2044 3110 ipsi

458 3131 663 3199 ofﬁcia,
690 3132 1003 3198 ministeria,
1028 3130 1308 3186 facultates
1333 3130 1549 3192 offerre,
1567 3139 1725 3201 atque
1756 3133 1808 3185 in
1839 3139 2043 3201 partem

459 3226 779 3280 calamitatis
813 3226 1027 3291 venire;
1060 3224 1176 3279 hzec
1218 3238 1325 3279 non
1372 3226 1442 3279 ita
1492 3222 1723 3279 libenter
1753 3223 1918 3291 vidit,
1950 3224 2044 3279 sed

458 3317 626 3370 livore
652 3315 840 3371 ductus
867 3358 882 3382 ,
911 3317 1083 3385 ipsum
1109 3331 1140 3370 e
1162 3314 1356 3370 ﬁnibus
1392 3314 1504 3369 suis
1529 3315 1732 3385 pellere
1765 3313 2002 3370 decrevit
2027 3332 2043 3371 :

458 3407 524 3461 ad
547 3421 772 3476 eamque
798 3421 911 3459 rem
936 3405 1235 3460 ministerio
1255 3420 1384 3460 usus
1403 3413 1486 3461 est
1508 3405 1892 3463 monachorum
1914 3421 2047 3476 quo-

458 3496 735 3561 rumdam,
768 3497 858 3566 qui
907 3511 972 3550 ex
1016 3511 1077 3549 rc
1100 3506 1249 3565 gesta
1298 3495 1367 3551 ad
1417 3496 1787 3565 expeditiones
1834 3498 2039 3553 similes

459 3587 733 3644 exercitati
765 3586 927 3641 fuisse
951 3585 1297 3641 videbantur.
1327 3587 1459 3641 Cum
1499 3601 1630 3656 ergo
1670 3601 1758 3641 res
1803 3602 1869 3642 eo
1893 3628 1907 3650 ,
1938 3603 2044 3656 quo

459 3681 713 3746 diximus,
747 3680 797 3733 in
826 3688 965 3734 statu
995 3685 1175 3733 essent
1196 3679 1423 3752 quadam
1451 3679 1537 3733 die
1567 3679 1908 3733 illucescente
1945 3694 2043 3733 au-

460 3786 603 3838 rora,
626 3772 1009 3825 monachorum
1042 3784 1229 3839 agmen
1256 3811 1270 3835 ,
1302 3769 1538 3835 domum,
1563 3768 1617 3822 in
1663 3784 1766 3838 qua
1813 3768 2044 3824 Joannes

459 3862 616 3918 sedes
669 3862 898 3916 habebat
941 3863 1290 3929 invaserunt,
1338 3875 1400 3917 se
1445 3875 1565 3915 eam
1617 3860 1963 3925 ineensnros,
1992 3869 2047 3915 et

461 3951 649 4009 Joanni
682 3963 919 4009 extrema
967 3967 1192 4023 qumque
1244 3952 1382 4008 mala
1438 3951 1680 4006 illaturos
1726 3965 1845 4006 esse
1885 3951 2044 4005 mini-

462 4052 633 4099 tantes
652 4086 668 4111 ,
698 4042 800 4098 nisi
826 4043 1004 4098 statim
1026 4041 1355 4099 abscederet.
1384 4041 1490 4097 Nec
1518 4041 1821 4096 Isaurorum
1844 4050 2041 4108 metus,

459 4150 561 4191 nec
588 4136 804 4191 morbus
828 4150 935 4207 quo
965 4144 1091 4191 tunc
1118 4134 1352 4191 Joannes
1397 4135 1771 4205 premebatur,
1816 4133 1936 4189 illos
1959 4135 2043 4189 vel

460 4230 801 4285 humaniores
859 4229 945 4285 vel
1007 4228 1395 4284 moderatiores
1440 4226 1717 4283 reddebat.
1773 4227 2046 4281 lnstabant

461 4335 635 4379 autem
667 4324 1030 4394 urgebantque
1056 4338 1180 4377 cum
1210 4321 1393 4377 furore
1423 4329 1591 4388 tanto,
1617 4330 1677 4375 ut
1703 4320 1806 4390 ipsi
1832 4334 2045 4389 quoque

463 4412 703 4466 Prattorii
756 4411 952 4467 milites
984 4419 1130 4465 metu
1175 4409 1556 4464 afﬁcerentur:
1584 4425 1718 4479 quos
1754 4418 1814 4463 ut
1855 4409 2042 4480 majori

462 4498 652 4552 timore
675 4498 1050 4568 percellerent,
1071 4497 1443 4566 gloriabantur
1471 4512 1530 4553 se
1549 4496 1660 4567 jam
1688 4499 1883 4554 multos
1909 4515 2045 4569 prae-

463 4589 630 4644 torios
652 4589 845 4642 milites
870 4587 1012 4644 fmde
1040 4587 1375 4641 verberasse.

531 4678 628 4735 His
676 4678 870 4733 auditis
914 4677 1157 4734 Prtetorii
1199 4678 1395 4732 milites
1429 4677 1495 4732 ad
1543 4676 1803 4733 Joannem
1853 4679 2045 4734 confuu

460 4775 642 4844 giunt,
676 4772 956 4842 ipsumque
992 4779 1181 4841 rogant
1226 4779 1281 4825 et
1327 4770 1610 4827 obsecrant
1650 4780 1728 4839 ut,
1754 4772 1960 4828 etiarnsi
1991 4775 2042 4828 in

462 4866 763 4920 Isaurorum
789 4876 979 4917 manus
1015 4860 1353 4917 incidendum
1378 4862 1483 4926 sit,
1517 4862 1599 4917 his
1641 4870 1818 4917 tamen
1854 4861 2045 4918 belluis

464 4957 608 5026 ipsos
633 4955 906 5010 liberaret.
937 4952 1044 5010 Res
1069 4952 1329 5008 Praefecto
1373 4953 1519 5008 urbis
1550 4952 1841 5017 nuntiatur,
1867 4953 1956 5023 qui
1986 4962 2046 5008 ut

461 5047 652 5102 Joanni
689 5045 1040 5116 opitularetur
1069 5044 1337 5109 occurrit,
1374 5042 1769 5113 monachosque
1800 5053 2046 5113 precatur

460 5137 722 5193 absistant
750 5153 765 5189 :
796 5136 889 5191 sed
921 5137 1112 5190 frustra
1161 5150 1374 5191 cessere
1400 5145 1625 5191 conatus
1664 5136 1782 5206 ejus
1812 5151 2039 5202 omnes;

390 5230 395 5237 ’
462 5228 529 5283 ita
558 5236 616 5285 ut
663 5242 861 5296 auceps
889 5226 1051 5281 animi
1083 5227 1315 5281 nesciret
1360 5236 1536 5281 utrum
1579 5226 1772 5282 Joanni
1811 5228 2044 5298 optatius

462 5332 643 5387 esset,
674 5336 795 5376 cum
820 5318 982 5374 ca-dis
1007 5319 1246 5390 pericqu
1291 5334 1357 5375 ex
1401 5319 1533 5374 urbe
1561 5320 1859 5389 proﬁcisci,
1882 5336 2043 5391 quam

464 5410 770 5477 urgentibus
817 5410 1248 5483 pellentibusque
1292 5408 1507 5464 furiosis
1535 5409 1637 5465 illis
1667 5411 1944 5467 monachis
1989 5411 2045 5466 in

469 5498 600 5551 urbe
628 5514 863 5556 manere.
896 5499 1039 5557 Misit
1062 5502 1222 5571 igitur
1248 5501 1315 5554 ad
1346 5500 1681 5555 Pharetrium
1711 5504 2041 5574 episeopum,

468 5586 713 5654 precibus
736 5591 805 5646 ab
832 5591 922 5645 illo
949 5589 1277 5647 contendens
1300 5598 1361 5644 ut
1385 5589 1575 5646 Joanni
1594 5632 1608 5656 ,
1644 5600 1754 5647 tum
1794 5594 1864 5648 ob
1898 5610 2043 5649 mor-

471 5675 597 5731 bum
627 5690 732 5746 quo
757 5675 1114 5746 detinebatur,
1148 5690 1257 5735 tum
1284 5680 1354 5734 ob
1381 5680 1668 5736 imminens
1710 5684 2001 5752 perieulum
2027 5726 2043 5749 ,

468 5779 666 5834 paucos
696 5764 883 5819 adhuc
916 5766 1028 5821 dies
1070 5770 1406 5825 concederet.
1464 5769 1571 5825 Nec
1609 5771 1896 5841 quidquam
1941 5775 2042 5828 im—

474 5863 683 5926 petrare
711 5854 884 5922 potuit
909 5871 918 5904 :
946 5854 1050 5907 imo
1071 5859 1322 5923 postridie
1350 5860 1591 5915 monachi
1617 5862 1821 5917 acriore
1843 5864 2042 5933 impetu

1554 460 1610 516 S.
1643 458 1921 515 JOANNIS
1956 456 2426 514 CIIRYSOSTOMI
2454 457 2635 526 VITA,

3627 467 3727 524 SN

2149 583 2273 627 sunt
2319 573 2419 628 nsi.
2479 573 2661 642 Neque
2702 572 3001 648 presbyteri
3027 575 3139 641 Illi,
3165 577 3256 646 qui
3297 576 3489 635 Joanni
3538 582 3730 638 addicti

2146 674 2331 730 erant,
2361 678 2515 733 opem
2559 664 2636 717 illi
2677 664 2813 720 ferre
2851 667 2965 720 ausi
2993 676 3140 735 sunt,
3164 667 3259 723 sed
3287 683 3407 723 cum
3436 672 3553 726 hmo
3593 673 3730 727 Pb-i-

2148 756 2294 808 retrii
2321 756 2473 824 jussu
2506 756 2617 810 ﬁeri
2648 771 2752 809 non
2786 756 3113 824 ignorarent,
3145 773 3245 813 nec
3281 775 3403 815 cum
3450 777 3482 814 a
3527 762 3732 816 Joanne

2147 856 2569 910 accerserentur,
2600 846 2855 902 accedere
2880 848 3166 903 audebant.

2216 936 2347 990 Cum
2388 937 2439 991 in
2489 937 2578 990 tali
2631 953 2806 993 rerum
2851 939 3158 996 conditione
3208 956 3316 996 non
3366 952 3553 1010 posset
3597 945 3729 998 ultra

2145 1027 2377 1084 Joannes
2406 1029 2457 1082 in
2490 1029 2622 1083 urbe
2646 1030 2941 1085 consistere
2964 1071 2979 1093 ,
3006 1032 3104 1086 etsi
3147 1032 3280 1088 febri
3300 1034 3579 1089 laborabat
3596 1075 3609 1096 .
3635 1037 3730 1089 etsi

2148 1119 2449 1175 Isaurorum
2479 1120 2709 1175 instabat
2727 1130 2902 1175 metus
2924 1121 3055 1177 hora
3090 1123 3203 1193 ipsa
3244 1126 3559 1188 meridiana,
3583 1140 3642 1180 se
3682 1128 3730 1178 in

2148 1213 2387 1268 lecticam
2412 1214 2703 1283 conjiciens
2733 1215 3004 1283 profectus
3031 1225 3148 1282 est,
3177 1217 3427 1272 universa
3456 1218 3611 1287 plebe
3662 1223 3732 1272 la-

2146 1315 2421 1376 crymante
2444 1347 2458 1372 ,
2499 1306 2727 1375 ejulante
2751 1348 2766 1371 ,
2796 1315 2955 1375 atque
2991 1308 3066 1361 rei
3109 1317 3380 1363 auctorem
3419 1319 3734 1364 exsecrante

2148 1408 2211 1449 ac
2251 1396 2382 1450 diris
2406 1396 2719 1451 devovente.
2754 1396 3043 1467 Postquam
3074 1408 3252 1454 autem
3281 1399 3529 1454 Caesarea
3555 1414 3733 1470 egres-

2148 1500 2241 1540 sus
2267 1486 2390 1551 fuit,
2421 1486 2634 1555 quidam
2676 1487 2858 1541 clerici
2886 1497 3184 1553 venerunt,
3214 1503 3278 1543 ac
3304 1488 3547 1559 lugentes
3589 1489 3733 1544 lento

2146 1575 2312 1645 gradu
2338 1577 2507 1645 ipsum
2538 1577 2912 1645 sequebantur.
2948 1577 3025 1632 Ex
3056 1578 3161 1633 illis
3192 1593 3319 1632 vero
3346 1580 3562 1648 quidam
3593 1579 3733 1634 dice-

2147 1667 2588 1732 bantzQuonam
2643 1668 2788 1722 illum
2848 1668 2914 1721 ad
2972 1680 3196 1724 mortem
3237 1669 3541 1724 adducitis?
3589 1669 3732 1725 Unus

2146 1766 2354 1822 autem,
2385 1758 2474 1827 qui
2520 1757 2778 1811 Joannem
2828 1758 3113 1812 admodum
3166 1760 3412 1825 amabat,
3455 1762 3609 1830 quasi
3660 1762 3733 1814 ira

2148 1857 2453 1916 permotus,
2489 1848 2838 1910 Abi,obsecro
2862 1890 2875 1912 ,
2902 1850 3069 1918 inquit
3100 1866 3113 1903 :
3146 1851 3197 1905 in
3229 1850 3436 1906 Isauros
3463 1853 3629 1907 etiam
3661 1855 3735 1905 in-

2146 1938 2284 2003 cide,
2313 1940 2474 1994 modo
2504 1954 2533 1991 a
2565 1940 2718 1994 nobis
2751 1940 3003 1995 elaharis.
3052 1940 3183 1995 Nam
3218 1956 3559 2012 quocumque
3600 1943 3733 1997 inci-

2146 2029 2311 2095 deris,
2332 2039 2448 2085 tuto
2469 2031 2691 2097 incides,
2723 2031 3012 2086 dummodo
3036 2048 3227 2087 manus
3257 2044 3465 2088 neStras
3492 2034 3733 2104 eﬁ‘ugias.

2220 2121 2453 2175 Seleucia
2494 2133 2724 2200 matrona
2759 2124 2862 2194 pia.
2888 2153 2958 2163 —
2984 2123 3107 2179 Haec
3153 2124 3376 2180 audiens
3417 2140 3482 2179 ac
3526 2128 3734 2195 perspi-

2147 2213 2295 2268 ciens
2334 2214 2545 2284 egregia
2589 2224 2834 2271 matrona
2883 2215 3126 2271 Seleucia
3149 2260 3162 2279 ,
3190 2215 3365 2271 Ruﬁni
3417 2234 3586 2283 uxor,
3619 2233 3736 2288 qua:

2147 2306 2385 2363 ofﬁciose
2442 2308 2703 2364 Joannem
2759 2309 3045 2365 admodum
3094 2311 3338 2375 colebat,
3369 2312 3624 2382 precibus
3671 2312 3736 2365 ab

2149 2397 2241 2454 illo
2270 2399 2568 2471 impetravit
2593 2443 2608 2468 ,
2642 2411 2699 2456 ut
2726 2403 2776 2456 in
2801 2402 2964 2469 ipsius
2987 2403 3348 2458 suburbanam
3388 2404 3598 2471 villam,
3620 2420 3737 2473 qua:

2146 2490 2381 2561 quinque
2421 2505 2668 2560 passuum
2716 2492 2951 2546 millibus
2979 2494 3046 2547 ab
3087 2493 3217 2548 urbe
3243 2493 3491 2559 distabat,
3521 2495 3737 2563 hospitii

2147 2595 2305 2636 causa
2336 2596 2395 2637 se
2419 2582 2721 2649 conferret,
2750 2583 2997 2653 misitque
3025 2586 3112 2654 qui
3156 2593 3397 2640 sanctum
3430 2588 3605 2641 virum
3650 2589 3738 2643 illo

2146 2674 2423 2730 ducerent.
2471 2679 2537 2729 At
2581 2692 2752 2746 neque
2803 2676 2907 2730 illic
2956 2678 3007 2731 in
3049 2693 3178 2745 pace
3218 2680 3495 2748 quiescere
3544 2681 3736 2736 licuit:

2148 2779 2273 2819 nam
2306 2780 2365 2821 re
2384 2775 2660 2835 comperta
2690 2766 2999 2821 Pharetrius
3039 2768 3233 2823 multas
3269 2770 3528 2825 Seleucia:
3566 2772 3740 2824 minas

2146 2856 2444 2912 intentavit.
2468 2857 2559 2912 Illa
2581 2873 2707 2913 vero
2728 2874 2836 2912 non
2859 2859 3036 2914 minus
3057 2860 3290 2928 prudens
3315 2877 3471 2930 quam
3498 2861 3735 2916 officiosa

2147 2947 2377 3011 femina,
2404 2948 2661 3004 Joannem
2704 2950 2855 3016 adiit,
2902 2964 2965 3005 ac
3000 2950 3067 3004 de
3106 2948 3364 3005 Pharetrii
3408 2953 3573 3006 minis
3611 2954 3737 3006 nihil

2149 3037 2266 3104 ipse
2294 3038 2493 3105 retulit,
2517 3039 2612 3094 sed
2641 3039 2979 3095 Procuratori
3008 3054 3106 3094 suo
3132 3049 3298 3094 totam
3342 3056 3455 3095 rem
3488 3044 3701 3111 aperuit
3719 3085 3732 3105 ,

2149 3129 2355 3200 ipsique
2381 3130 2670 3195 mandavit,
2705 3139 2760 3185 ut
2789 3130 2981 3186 Joanni
3024 3145 3184 3187 omne
3228 3129 3386 3186 ofﬁcii
3426 3147 3599 3201 genus
3639 3134 3737 3185 im—

2150 3221 2405 3290 pertiret,
2439 3235 2502 3276 ac
2527 3221 2570 3276 si
2598 3221 2688 3290 qui
2714 3220 2959 3275 monachi
2992 3222 3271 3287 venirent,
3303 3231 3359 3276 ut
3401 3222 3574 3292 ipsum
3608 3236 3738 3276 con-

2150 3312 2385 3367 tumeliis
2405 3313 2733 3367 incesserent
2756 3320 2846 3366 aut
2870 3311 3008 3367 male
3028 3312 3080 3366 al
3086 3314 3300 3367 ﬁcerent
3319 3355 3333 3377 ,
3361 3327 3427 3366 ex
3456 3311 3578 3366 aliis
3601 3312 3738 3365 γὶιιίς

2149 3404 2261 3459 suis
2280 3405 2540 3474 agricolas
2572 3412 2809 3473 cogeret,
2837 3414 2997 3473 atque
3035 3404 3103 3457 ita
3142 3418 3261 3458 cum
3306 3405 3587 3458 monachis
3629 3421 3738 3456 ma-

2150 3511 2276 3549 num
2307 3504 2616 3550 consereret
2648 3514 2659 3547 :
2688 3493 2948 3548 Joannem
2982 3509 3109 3547 vero
3140 3492 3400 3563 rogabat,
3428 3492 3480 3547 in
3519 3490 3739 3547 domum

2148 3586 2306 3641 aliam
2349 3601 2501 3640 suam
2548 3600 2667 3655 qua:
2715 3600 2892 3640 arcem
2950 3584 3201 3650 habebat,
3231 3598 3330 3638 nec
3369 3584 3494 3637 ullis
3534 3585 3739 3639 viribus

2149 3676 2439 3745 expugnari
2470 3684 2707 3743 poterat,
2739 3675 3085 3744 confugeret,
3115 3683 3171 3728 ut
3203 3685 3387 3729 contra
3414 3674 3659 3746 episcopi
3690 3686 3739 3729 et

2149 3766 2532 3821 monachorum
2580 3766 2812 3821 furorem
2860 3767 2911 3821 in
2962 3775 3075 3821 tuto
3105 3775 3291 3821 esset:
3320 3782 3505 3821 verum
3550 3767 3739 3821 abnuit

2151 3859 2405 3914 Joannes.
2448 3858 2652 3914 Interea
2703 3872 2832 3913 vero
2870 3859 3129 3913 acerrime
3177 3858 3469 3913 Seleuciam
3516 3859 3741 3929 urgebat

2151 3949 2483 4014 Pharetrius,
2512 3965 2624 4005 rem
2675 3964 2894 4019 prorsus
2941 3950 3218 4019 ignorante
3252 3948 3456 4005 Joanne
3486 3969 3499 4003 :
3526 3951 3739 4005 uolebat

2150 4042 2293 4097 enim
2319 4040 2619 4095 verecunda
2650 4040 2841 4095 mulier
2870 4040 3130 4095 Pharetrii
3156 4041 3381 4094 insnltus
3408 4051 3597 4095 sancto
3628 4043 3738 4095 vim

2150 4133 2471 4203 patefacere.
2502 4134 2741 4188 Instante
2774 4133 2988 4188 demum
3018 4133 3329 4201 Pharetrio,
3357 4135 3528 4189 minas
3565 4136 3740 4191 iuten~

2150 4235 2296 4283 tante
2324 4236 2482 4297 atque
2501 4236 2742 4297 cogente,
2768 4237 2827 4281 ut
2853 4227 3109 4282 Joannem
3136 4243 3199 4281 ex
3221 4227 3476 4281 suburbio
3496 4227 3736 4297 ejiceret,

2150 4318 2382 4374 hominis
2433 4319 2884 4389 importunitatem
2938 4333 3042 4372 non
3086 4317 3265 4372 ferens
3303 4318 3570 4386 Seleucia,
3604 4319 3736 4373 dixit

2149 4411 2339 4467 Joanni
2389 4412 2591 4466 inStare
2633 4410 2893 4465 barbaros
2934 4425 3027 4465 seu
3068 4411 3317 4475 Isauros,
3359 4409 3587 4479 ideoque
3634 4412 3738 4467 alio

2150 4504 2250 4571 ipsi
2306 4504 2406 4557 iter
2459 4501 2844 4571 capessendum
2890 4515 3008 4556 esse
3050 4518 3063 4554 :
3104 4515 3168 4555 ex
3220 4500 3541 4554 verecundia
3597 4501 3739 4556 enim

2151 4592 2415 4647 Pharelrii
2448 4592 2755 4647 violentiam
2793 4593 3096 4661 exprimere
3137 4605 3241 4645 non
3288 4590 3539 4645 audebat.
3570 4590 3741 4645 Media

2149 4694 2327 4738 autem
2357 4694 2512 4738 nocte
2540 4685 2683 4738 venit
2708 4684 2965 4738 Evethius
2986 4684 3265 4753 presbyter
3287 4699 3349 4737 ex
3386 4682 3741 4738 familiaribus

2150 4773 2375 4830 Joannis
2395 4815 2411 4840 ,
2442 4789 2742 4844 magnoque
2781 4775 3018 4829 clamore
3055 4774 3225 4828 dixit:
3254 4773 3425 4843 Surge
3445 4817 3459 4839 ,
3489 4773 3735 4837 obsecro,

2149 4864 2437 4918 adventant
2459 4865 2707 4930 barbari,
2740 4879 2838 4919 nec
2860 4865 3018 4935 longe
3046 4864 3260 4918 absunt.
3291 4864 3426 4919 Tum
3455 4867 3582 4934 quid
3609 4881 3738 4920 eon-

2150 4955 2252 5008 silii
2276 4963 2493 5024 caperet
2522 4954 2757 5010 Joannes
2785 4956 3075 5010 nesciebat.
3110 4954 3224 5009 Nox
3250 4955 3428 5010 illunis
3466 4967 3521 5011 et
3561 4958 3739 5027 caligi-

2151 5059 2280 5101 nosa
2302 5054 2434 5111 erat,
2458 5046 2514 5100 in
2537 5047 2721 5101 urbem
2747 5062 2806 5100 se
2834 5048 3070 5116 recipere
3093 5062 3196 5099 non
3221 5056 3448 5115 poterat,
3469 5062 3569 5103 nec
3593 5049 3737 5118 quis-

2151 5151 2308 5206 quam
2359 5144 2554 5205 prtesto
2609 5146 2725 5192 erat
2770 5137 2859 5206 qui
2915 5153 3068 5206 upetn
3115 5137 3316 5191 ferret:
3360 5148 3500 5191 metu
3563 5148 3736 5194 tamen

2147 5228 2478 5297 compulsus,
2524 5230 2778 5283 mrunmis
2830 5229 3101 5284 confectus
3139 5240 3192 5285 et
3215 5230 3326 5299 jam
3377 5240 3606 5286 mortem
3649 5247 3740 5285 ex-

2150 5331 2399 5389 spectans
2424 5362 2439 5386 ,
2469 5323 2723 5377 surrexit.
2752 5321 2822 5377 Ut
2849 5331 3026 5377 autem
3060 5323 3161 5377 iter
3188 5322 3455 5378 conﬁcere
3497 5334 3733 5393 possent,

2154 5411 2209 5466 it.
2235 5411 2474 5466 lecticam
2502 5412 2780 5477 ascendit,
2816 5428 2879 5468 ac
2923 5411 3067 5468 faces
3110 5415 3375 5469 accendit.
3410 5414 3605 5469 Verum
3645 5415 3737 5469 has

2152 5501 2407 5557 Evethius
2431 5504 2607 5558 socius
2633 5505 2902 5573 exstingui
2929 5506 3152 5569 curavit,
3185 5521 3253 5561 ne
3274 5506 3510 5573 barbari,
3536 5509 3737 5576 inquie-

2151 5590 2260 5655 bat,
2303 5594 2434 5649 lucis
2479 5594 2763 5663 Splendore
2792 5595 2950 5649 exciti
2989 5596 3039 5649 in
3073 5610 3173 5650 nos
3214 5597 3473 5667 impetum
3521 5596 3732 5651 faciant.

2221 5685 2563 5756 Cltrysostomi
2619 5702 2861 5740 (erumna:
2916 5688 2968 5739 in
3006 5688 3106 5740 via.
3134 5719 3205 5731 ——
3232 5690 3520 5743 Exstinctis
3558 5689 3735 5757 itaque

2151 5775 2373 5840 facibus,
2394 5792 2458 5831 ex
2486 5778 2645 5831 mulis
2672 5793 2808 5831 unus
2835 5778 2923 5847 qui
2954 5778 3195 5832 lecticam
3227 5780 3467 5849 gestabat
3491 5781 3540 5833 in
3569 5777 3731 5833 ardua

2153 5878 2205 5922 et
2248 5878 2461 5941 petrosa
2492 5869 2572 5921 via
2614 5867 2664 5921 in
2708 5883 2845 5937 genu
2891 5868 3102 5937 lapsus,
3138 5868 3396 5925 Joannem
3450 5871 3497 5922 in
3546 5860 3731 5923 lectica
