3954 6400
236 432 341 488 29.5

254 548 523 606 inclusum
546 542 697 596 humi
727 533 1012 607 prostravit
1037 574 1052 598 ,
1082 540 1376 601 parumque
1396 522 1564 578 abfuit
1591 519 1718 591 quin
1747 516 1839 571 ille

254 637 525 697 interiret.
555 634 793 702 Surgens
816 625 1009 683 deinde
1033 621 1244 677 tractim
1268 617 1491 689 pedibus
1538 610 1836 674 incedebat,

253 730 520 794 Evethio,
573 726 666 797 qui
721 738 791 778 ex
835 734 973 790 equo
1023 714 1321 776 desilierat,
1369 708 1617 764 manibus
1665 704 1840 771 ipsum

250 795 625 878 sustentante—1
653 815 739 870 vix
777 812 920 868 enim
949 808 1058 873 ille,
1086 821 1151 861 ac
1185 821 1253 859 ne
1281 802 1367 856 vix
1394 797 1631 870 quidem,
1655 795 1707 848 in
1733 802 1841 846 tam

256 928 444 984 aspera
484 908 744 963 montium
782 905 869 959 via
916 902 1020 957 iter
1069 911 1248 969 agerc,
1278 894 1380 948 nisi
1425 894 1752 946 sustentatus
1791 891 1846 936 et

251 976 416 1071 quasi
440 1009 665 1064 tractus,
696 1002 927 1067 poterat.
958 993 1161 1046 Practer
1192 989 1292 1041 has
1316 993 1493 1038 autem
1521 976 1847 1053 calamitates

257 1064 498 1147 instabat
526 1064 732 1148 febris“,
767 1082 909 1138 haud
938 1080 1102 1135 dubie
1149 1086 1301 1132 aucta
1347 1070 1578 1126 motibus
1612 1064 1849 1121 casibus-

254 1200 406 1255 que;
435 1182 661 1253 urgebat
688 1178 852 1234 etiam
881 1174 1229 1229 barbarorum
1258 1175 1431 1220 metus
1461 1179 1474 1215 :
1503 1175 1625 1216 nam
1656 1164 1849 1211 cartera

256 1275 466 1341 ontnia,
493 1288 613 1343 qua:
660 1278 934 1340 postremo
978 1260 1290 1318 Pharetrins
1327 1262 1512 1310 contra
1554 1247 1852 1307 Seleuciam

258 1366 653 1436 designaverat,
691 1359 968 1430 ignorabat
994 1356 1101 1409 ille.

334 1456 541 1512 Similia
568 1452 731 1508 multa
756 1449 935 1521 gravia
963 1442 1166 1501 tantum
1196 1440 1405 1496 itineris
1445 1449 1609 1508 agens
1639 1444 1856 1503 perpes-

261 1566 361 1607 sus
397 1559 516 1613 est,
551 1561 672 1616 qua:
710 1538 1010 1613 Olympiadi
1054 1551 1158 1591 nou
1206 1530 1482 1602 speciatim
1505 1568 1520 1594 ,
1549 1535 1606 1581 ut
1637 1524 1811 1594 priora
1839 1560 1854 1585 ,

264 1643 434 1699 refert
461 1656 478 1694 :
501 1649 757 1695 caeterum
785 1635 1033 1688 obsecrat
1079 1628 1245 1690 illam,
1277 1634 1333 1679 ut
1359 1638 1421 1679 ea
1448 1634 1568 1691 qure
1610 1614 1858 1684 superius

267 1740 563 1790 memorata
595 1738 718 1785 sunt
742 1724 940 1781 nemini
978 1720 1252 1781 enuntiet,
1279 1714 1374 1770 sed
1403 1710 1544 1782 apud
1567 1724 1625 1763 se
1656 1714 1855 1760 tantmn

263 1826 562 1880 contineat.
593 1820 760 1875 Tanta
789 1828 919 1870 vero
947 1821 1064 1867 erat
1094 1803 1462 1879 Chrysostomi
1510 1800 1647 1855 fama
1669 1839 1683 1864 ,
1715 1803 1859 1850 tanta

265 1918 338 1972 de
364 1912 557 1970 exsilio
583 1921 638 1966 et
675 1906 929 1963 aerumnis
976 1901 1074 1972 ipsi
1130 1901 1328 1968 injuste
1368 1894 1531 1949 illatis
1573 1886 1860 1945 connnisc-

268 2010 412 2065 ratio
433 2046 449 2074 ,
478 2014 538 2060 ut
564 2003 759 2072 ubique
788 2006 964 2053 coetus
1007 1993 1282 2048 hominum
1313 1985 1547 2057 cujusvis
1588 1976 1863 2050 dignitatis

270 2103 327 2154 in
360 2110 640 2153 occursum
666 2092 783 2163 ejus
808 2087 1137 2145 venientium
1175 2081 1421 2138 vidisses.
1453 2076 1554 2133 Ubi
1583 2082 1761 2128 autem
1809 2070 1861 2124 in

266 2184 669 2259 Cappadociam
695 2157 820 2235 etin
851 2173 1278 2239 Taurociliciam,
1300 2179 1360 2224 ut
1377 2173 1532 2223 vocat
1557 2165 1673 2234 ipse
1699 2163 1716 2217 l
1726 2157 1786 2213 Τ.
1806 2158 1858 2214 5.

270 2301 320 2335 c.
351 2256 477 2335 O85.
502 2276 541 2330 ι.
568 2272 684 2345 26),
714 2269 982 2342 pervenit,
1013 2280 1207 2337 ntagno
1237 2263 1452 2333 agmine
1480 2256 1653 2312 sancti
1686 2262 1865 2323 patres

278 2376 338 2421 et
385 2340 667 2427 monachi,
699 2340 1036 2430 virginesque
1059 2355 1271 2410 obviam
1301 2350 1401 2420 ipsi
1429 2346 1677 2419 prodiere
1697 2385 1712 2411 ,
1743 2340 1865 2396 inli-

276 2462 446 2515 uitam
476 2458 838 2528 lacrymarum
866 2451 976 2506 vim
1015 2445 1419 2518 profundentes.
1448 2440 1691 2507 Cumque
1721 2434 1865 2490 illum

278 2554 332 2606 in
365 2549 619 2606 exsilium
651 2555 868 2601 euntem
895 2546 1202 2603 cernerent,
1256 2536 1307 2589 in
1356 2531 1515 2587 ﬂetus
1556 2540 1871 2599 prorumpe-

277 2647 432 2705 bant,
456 2641 539 2695 his
561 2647 746 2693 mutuo
771 2633 954 2691 verbis
987 2640 1198 2688 utentes
1234 2646 1247 2681 :
1275 2625 1454 2681 Satius
1485 2622 1672 2677 fuisset
1698 2618 1867 2674 solem

278 2733 466 2788 radios
494 2745 625 2786 suos
651 2726 974 2784 contrahere
997 2765 1012 2790 ,
1043 2737 1201 2794 quam
1240 2716 1467 2775 Joannis
1496 2729 1559 2769 os
1578 2710 1869 2767 conticere.

279 2824 603 2898 llujusmodi
626 2838 758 2879 vero
786 2818 1089 2891 spectacula
1117 2814 1286 2884 magis
1314 2813 1484 2881 ipsum
1510 2805 1796 2863 turbabant
1818 2811 1876 2859 et

275 2920 619 2985 cruciabam,
652 2930 811 2987 quam
839 2915 969 2984 ipsae
993 2923 1249 2967 mrumnac
1274 2915 1330 2963 et
1355 2904 1709 2967 calamitates,
1741 2911 1875 2969 quas

276 3009 551 3067 constanti
589 3021 804 3077 semper
841 3005 1023 3059 animo
1059 3000 1299 3073 pertulit.
1327 2996 1567 3053 Tandem
1595 3006 1727 3048 vero
1763 2988 1875 3045 Cu-

272 3117 508 3166 cusum,
552 3099 731 3155 exsilii
789 3098 965 3152 locum
987 3137 1003 3161 ,
1038 3091 1275 3148 advenit.
1307 3090 1434 3144 Erat
1466 3100 1596 3141 vero
1633 3083 1876 3140 Cucusus

278 3209 511 3266 parvum
557 3202 720 3263 atque
762 3188 1186 3244 desertissimum
1216 3180 1494 3251 oppidum,
1517 3185 1573 3232 ut
1603 3189 1745 3244 saepe
1769 3188 1876 3228 sa:-

278 3289 407 3357 pius
444 3285 610 3341 refert
650 3284 762 3352 ipse
786 3282 1205 3353 Chrysostumus
1230 3316 1243 3338 ,
1274 3275 1327 3327 in
1379 3270 1633 3326 Armenia
1678 3264 1876 3321 minori

275 3355 449 3433 situm
479 3394 494 3431 :
524 3374 738 3445 quidam
785 3388 915 3427 vero
954 3372 1005 3425 in
1046 3365 1418 3438 Cappadocia,
1461 3362 1548 3417 alii
1598 3361 1651 3414 in
1694 3355 1878 3413 Cilicia

281 3475 500 3534 locant,
535 3469 783 3539 quoniam
831 3468 882 3520 in
911 3464 1101 3519 harum
1129 3462 1409 3532 regionum
1439 3454 1690 3513 confiniis
1717 3453 1879 3506 silum

278 3573 425 3618 erat.
451 3561 580 3616 Tum
607 3560 878 3614 desertum
906 3566 1087 3610 autem
1116 3550 1427 3623 Oppidulum
1450 3556 1588 3613 erat,
1622 3549 1679 3599 ut
1708 3556 1881 3612 neque

282 3659 464 3713 forum
499 3654 763 3709 venalium
797 3649 1040 3705 haberet.

363 3748 587 3816 Quidam
630 3760 790 3817 porro
828 3744 908 3797 vir
945 3756 1012 3796 ex
1056 3734 1322 3809 primariis
1359 3730 1560 3803 oppidi,
1592 3729 1882 3783 Dioscorus

282 3843 532 3906 nurnine,
560 3840 650 3910 qui
679 3838 939 3892 Joannem
969 3839 1209 3887 nostrum
1238 3826 1479 3897 apprime
1505 3819 1879 3881 venerabatur,

283 3934 382 3989 ubi
408 3909 610 3987 audivit
637 3929 788 3984 illum
817 3924 1083 3980 Cucusum
1114 3920 1251 3975 mitti
1289 3919 1342 3972 iu
1371 3915 1639 3978 exsilium,
1667 3920 1722 3989 et
1747 3909 1886 3963 istuc

284 4031 601 4096 pergentem
625 4032 804 4073 moras
832 4014 1087 4086 quasdam
1127 4012 1384 4067 Cmsareac
1418 4006 1590 4059 facere
1610 4043 1625 4069 ,
1657 3986 1747 4056 illo
1787 3999 1889 4054 mi-

282 4121 366 4173 sit
404 4124 644 4186 rogatum
683 4121 738 4167 et
780 4110 1147 4171 obsecratnm,
1180 4119 1247 4157 ne
1282 4101 1517 4157 Joannes
1558 4095 1738 4151 domui
1776 4107 1888 4147 suae

287 4179 523 4257 alteram
552 4195 867 4252 anteferret.
918 4191 1024 4246 Alii
1076 4201 1289 4259 quoque
1337 4184 1572 4253 idipsum
1604 4179 1886 4235 fecerant:

291 4306 487 4348 verum
520 4286 760 4343 Dioscuri
785 4284 1005 4339 domum
1031 4280 1153 4335 aliis
1199 4274 1585 4349 prmferendam
1617 4285 1737 4325 esse
1763 4282 1891 4325 cen-

291 4384 407 4441 suit
434 4380 873 4453 Cltrysostomus,
896 4383 1057 4444 atque
1075 4371 1213 4442 apud
1252 4370 1396 4422 illum
1420 4365 1577 4420 sedes
1596 4360 1775 4432 posuit
1797 4358 1887 4433 (Τ.

290 4482 358 4531 ἴ».
378 4495 424 4531 c.
440 4476 565 4531 6l‘2.
585 4474 624 4528 ι.
644 4468 734 4534 47)
748 4512 761 4525 .
778 4469 950 4525 Tanta
969 4482 1097 4522 vero
1111 4465 1355 4534 largitate
1370 4475 1432 4513 ac
1452 4457 1771 4513 liberalitate
1785 4463 1894 4510 ute-

294 4573 462 4625 batur
497 4568 806 4630 Dioscorus,
841 4570 899 4616 ut
935 4575 999 4615 ea
1041 4558 1109 4614 de
1149 4571 1306 4612 causa
1346 4560 1603 4625 perpetuo
1641 4563 1762 4604 cum
1803 4546 1894 4600 illo

290 4668 524 4716 sanctus
564 4666 750 4712 uoster
785 4650 1170 4722 expostularet.
1209 4647 1280 4704 Ut
1308 4659 1436 4700 vero
1479 4643 1636 4697 latius
1665 4639 1893 4709 spatium

297 4754 697 4825 Chrysostomo
740 4745 1070 4816 relinqueret
1111 4757 1177 4798 ex
1220 4740 1426 4796 aedibus
1464 4738 1576 4793 suis
1620 4736 1673 4790 in
1716 4733 1895 4787 villam

300 4824 554 4916 migravit
611 4862 625 4898 :
677 4845 805 4912 quin
848 4838 1009 4895 etiam
1052 4835 1269 4890 domum
1314 4831 1413 4901 ipsi
1456 4829 1522 4884 ad
1568 4824 1896 4882 tolerandam

302 4941 541 4997 hiemem
582 4935 831 4991 idoneam
859 4927 1159 4985 construxit
1185 4943 1199 4979 :
1228 4935 1390 4995 atque
1422 4922 1493 4977 ita
1522 4933 1771 4991 maguum
1801 4918 1898 4972 be-

305 5031 559 5088 neficium
588 5041 783 5097 magno
803 5021 1018 5080 cumulo
1046 5020 1211 5074 auxit.

411 5123 800 5193 Chrysostomus
841 5115 1092 5170 Cucusum
1131 5110 1294 5166 exsilii
1334 5109 1498 5162 locum
1549 5103 1792 5174 pervenit.
1830 5129 1903 5141 ——

309 5221 447 5277 Cum
474 5218 742 5272 Cucusum
764 5211 999 5276 advenit,
1032 5205 1347 5278 gravissimo
1373 5201 1641 5256 laborarat
1669 5195 1857 5250 morbo
1887 5211 1900 5245 :

309 5328 340 5365 a
376 5310 566 5365 diebus
607 5307 749 5361 enim
780 5304 901 5375 plus
940 5314 1098 5372 quam
1132 5296 1343 5367 triginta
1372 5290 1742 5347 ardentissima
1772 5284 1904 5340 febri

314 5402 677 5464 cruciabatur,
694 5398 917 5466 aliisque
933 5389 1195 5450 stomachi
1214 5382 1612 5443 infirmitatibus
1630 5377 1875 5434 maximis
1892 5390 1904 5427 :

316 5509 441 5565 qua:
469 5492 604 5547 mala
628 5490 767 5544 haud
791 5488 950 5542 dubie
984 5484 1112 5539 tanti
1140 5480 1344 5536 itineris
1380 5475 1658 5537 molestiae,
1685 5471 1910 5537 aliaeque

320 5602 489 5654 curm,
519 5582 926 5643 sollicitudines,
961 5581 1262 5632 Isaurorum
1293 5581 1487 5633 metus,
1516 5576 1675 5635 atque
1705 5565 1911 5616 incom-

326 5680 483 5736 moda
505 5679 649 5733 varia
675 5672 1009 5746 pepererant.
1041 5669 1324 5737 Postquam
1352 5676 1479 5716 vero
1505 5658 1770 5713 Cucusum
1791 5664 1914 5720 pcr—

331 5777 500 5835 ‘crnit,
529 5772 619 5826 ubi
647 5741 769 5825 eum
796 5775 939 5821 tanta
969 5760 1298 5815 humanitate
1322 5761 1576 5822 exceptus
1603 5748 1732 5810 fuit,
1766 5741 1913 5797 brevi

327 5858 578 5919 marbnm
607 5874 818 5917 omnem
851 5853 1116 5925 deposuit,
1149 5852 1219 5904 ita
1250 5856 1309 5903 ut
1337 5847 1495 5902 etiam
1532 5843 1734 5909 integra
1761 5834 1909 5888 vale—

1422 406 1603 464 ΜΝ]
1642 399 1902 459 PRlMUM
1943 395 2343 454 Αυοιιξςλτλ.

3432 387 3534 443 226

1952 511 2136 566 tudine
2165 508 2449 565 frueretur.
2477 506 2594 564 Non
2630 504 2791 562 modo
2829 512 3008 561 autem
3042 502 3351 569 Dioscorus,
3395 506 3533 574 apud

1948 618 2104 673 quem
2135 601 2525 666 diversabatur,
2565 598 2793 653 ubertim
2835 598 2909 653 illi
2949 599 3125 652 omnia
3158 597 3533 653 subministra-

1949 696 2061 763 bat,
2103 695 2198 749 sed
2237 694 2395 749 etiam
2443 692 2683 762 plerique
2724 691 2811 744 alii
2849 701 3222 760 procuratores
3261 699 3315 745 et
3357 706 3536 745 rerum

1951 786 2436 850 administratores,
2476 782 2625 838 beris
2665 780 2715 836 id
2759 796 2855 850 per
2900 780 3080 835 literas
3126 780 3535 850 imperantibus,

1953 875 2180 932 subinde
2201 875 2349 929 illum
2372 873 2588 928 adibant
2606 872 2673 926 ad
2695 871 2866 926 officia
2894 871 3093 941 quaevis
3125 871 3421 940 prrestanda
3449 887 3541 939 pa-

1955 970 2055 1021 rati
2085 983 2098 1019 :
2129 964 2273 1035 quod
2299 965 2589 1017 amicorum
2628 961 2922 1017 subsidium
2952 954 3137 1014 omnes
3166 976 3299 1029 pene
3337 962 3541 1016 abster-

1955 1059 2113 1130 gebat
2138 1057 2310 1112 exsilii
2338 1057 2629 1111 molestias.

2027 1148 2264 1203 Cucusus
2292 1148 2393 1203 etsi
2418 1161 2521 1200 non
2543 1145 2776 1213 amplum
2798 1140 3050 1211 oppidum
3075 1153 3212 1209 erat,
3233 1143 3540 1212 episcopum

1960 1247 2139 1293 tamen
2174 1236 2427 1304 habebat,
2459 1236 2549 1306 qui
2575 1234 3012 1305 Chrysostomum
3052 1249 3172 1288 cum
3213 1234 3355 1288 onmi
3397 1234 3547 1289 beni-

1957 1329 2160 1399 gnitate
2186 1329 2414 1398 excepit,
2445 1341 2621 1397 exque
2653 1326 2783 1379 tanti
2816 1325 2913 1379 viri
2954 1325 3347 1379 existimatione
3374 1335 3423 1379 et
3465 1341 3550 1378 re-

1961 1421 2197 1477 verentia
2226 1436 2292 1475 eo
2315 1434 2481 1489 usque
2505 1417 2789 1486 processit,
2807 1423 2865 1469 ut
2889 1406 3247 1486 episcopalem
3273 1415 3345 1468 illi
3368 1416 3548 1471 sedem

1962 1514 2154 1569 cedere
2187 1511 2436 1567 voluerit.
2467 1510 2667 1566 Verum
2697 1508 3110 1579 Chrysostomus
3152 1522 3181 1561 a
3212 1507 3302 1561 tali
3333 1522 3554 1563 munere

1963 1603 2304 1673 suscipiendo
2360 1603 2517 1670 longe
2568 1601 2774 1656 aberat.
2833 1599 3035 1653 Eodem
3087 1598 3204 1667 ipso
3264 1598 3352 1653 die
3382 1640 3394 1663 ,
3447 1614 3555 1667 quo

1965 1704 2179 1750 sanctus
2245 1694 2325 1747 vir
2381 1691 2645 1746 Cucusum
2708 1689 2966 1752 advenit,
3023 1687 3192 1743 adfuit
3248 1688 3346 1757 ipsi
3398 1688 3554 1742 Sabi-

1967 1789 2122 1843 uizma
2148 1786 2447 1841 diaconissa
2471 1827 2484 1849 ,
2523 1794 2800 1839 senectute
2835 1783 3050 1853 quidem
3088 1792 3142 1835 et
3175 1781 3429 1835 :crumnis
3462 1797 3556 1851 pe-

1968 1896 2034 1934 ne
2069 1879 2278 1942 obruta,
2321 1877 2415 1932 sed
2475 1886 2617 1931 tanta
2675 1875 2838 1929 animi
2879 1874 3153 1928 alacritate
3180 1913 3194 1938 ,
3234 1881 3381 1926 tanto
3429 1888 3553 1944 erga

1968 1971 2411 2043 Chrysostomum
2445 1967 2639 2022 all’ectu
2680 1966 2899 2036 prtedita
2921 2007 2935 2031 ,
2965 1974 3024 2020 ut
3057 1980 3117 2020 se
3162 1973 3398 2035 paratam
3438 1954 3558 2018 esse

1969 2062 2172 2117 diceret
2214 2060 2375 2116 etiam
2413 2060 2465 2113 in
2502 2058 2773 2128 Scythiam
2819 2055 3084 2125 proficisci
3128 2073 3143 2110 :
3187 2070 3372 2109 rumor
3416 2055 3558 2109 enim

1971 2161 2087 2210 erat
2115 2154 2557 2223 Chrysostomum
2585 2150 2677 2204 illo
2706 2148 3099 2204 amandandum
3137 2163 3277 2203 esse.
3312 2147 3400 2200 Illa
3437 2162 3564 2201 vero

1971 2245 2209 2316 cognatis
2235 2243 2481 2299 omnibus
2504 2242 2724 2307 relictis,
2746 2242 2916 2311 ipsum
2942 2239 3135 2310 ubique
3156 2238 3305 2309 sequi
3333 2238 3567 2292 destina-

1972 2346 2121 2392 verat
2143 2355 2155 2390 :
2172 2342 2498 2405 quapropter
2511 2333 2577 2388 ab
2594 2332 2841 2387 omnibus
2855 2331 3110 2385 Ecclesia:
3131 2330 3359 2384 alumnis
3378 2344 3566 2397 magno

1971 2443 2094 2482 cum
2130 2426 2325 2482 alfectu
2351 2424 2736 2494 excipiebatur.
2779 2422 2935 2476 Putat
2973 2430 3155 2475 autem
3197 2418 3567 2473 Tilletnontius

1974 2535 2091 2574 eam
2129 2519 2296 2589 ipsam
2327 2517 2671 2572 Sabinianum
2701 2528 2822 2569 esse
2849 2513 3092 2566 fortassis
3113 2553 3128 2577 ,
3161 2526 3320 2581 quam
3347 2510 3563 2563 amitam

1975 2611 2346 2684 Chrysostomi
2374 2608 2540 2666 fuisse
2572 2614 2755 2663 narrat
2783 2604 3052 2661 Palladius
3079 2604 3130 2657 in
3175 2602 3399 2658 historia
3429 2601 3574 2661 Lall;

1975 2695 2220 2768 siam-(1‘.
2242 2698 2295 2752 5.
2317 2698 2414 2752 col.
2440 2697 2561 2751 611.
2590 2692 2627 2747 ι.
2657 2691 2723 2746 59
2743 2699 2786 2744 et
2808 2691 2938 2757 sqq.)

2050 2793 2371 2849 Constantius
2408 2789 2665 2862 presbyter
2709 2788 3125 2857 Chrysostontum
3160 2784 3288 2838 adit.
3316 2812 3390 2824 —
3423 2782 3562 2836 Con-

1973 2890 2210 2943 stantius
2234 2899 2365 2940 vero
2395 2882 2696 2953 presbyter,
2728 2880 2816 2950 qui
2847 2877 3217 2950 Chrysostomi
3246 2876 3441 2946 ubique
3479 2891 3562 2931 se-

1978 2977 2176 3046 quendi
2213 2974 2504 3046 cupiditate
2545 2972 2826 3042 flagrabat,
2864 2970 2973 3041 jam
3020 2969 3089 3025 ab
3129 2970 3219 3023 illo
3267 2968 3570 3023 facultatem

1983 3087 2077 3143 per
2112 3071 2295 3125 literas
2336 3068 2567 3138 petierat
2603 3067 2868 3120 Cucusum
2916 3062 3185 3125 veniendi,
3229 3072 3286 3116 ut
3325 3062 3471 3116 illum
3502 3061 3573 3116 ibi

1980 3166 2339 3230 exspectaret,
2361 3167 2415 3211 et
2449 3158 2600 3211 lateri
2636 3154 2752 3224 ejus
2777 3169 2993 3222 semper
3022 3155 3271 3208 barrerct.
3304 3152 3410 3208 Sed
3452 3160 3577 3223 post

1980 3249 2348 3322 Cbrysostomi
2374 3248 2661 3303 adventum
2684 3246 2949 3300 Cucusum
2977 3259 3042 3299 eo
3071 3258 3130 3298 se
3159 3243 3453 3298 contulisse
3473 3256 3572 3312 pu-

1985 3352 2145 3398 tatur.
2175 3340 2364 3397 Onmia
2393 3346 2542 3394 certe
2569 3336 2637 3391 ad
2667 3345 2855 3390 nutum
2885 3334 2985 3404 ipsi
3016 3333 3379 3390 succedebant
3398 3372 3413 3401 ,
3445 3348 3570 3387 eum

1982 3448 2171 3491 omnes
2191 3432 2244 3487 in
2268 3440 2379 3487 tota
2405 3430 2604 3485 circum
2634 3427 2853 3496 regione
2873 3425 3059 3480 solatia
3086 3423 3300 3489 afferre,
3323 3432 3378 3477 ct
3401 3421 3575 3477 officia

1985 3524 2294 3598 impendere
2338 3529 2609 3578 curarent.
2659 3519 2998 3588 Quapropter
3034 3516 3220 3570 amicis
3259 3513 3575 3585 quibusdam

1987 3617 2178 3689 (Epist.
2199 3612 2323 3685 “6)
2354 3628 2414 3669 ea
2438 3612 2505 3667 de
2529 3626 2590 3666 re
2615 3609 2694 3665 sic
2712 3607 3064 3678 loquebatur:
3094 3604 3163 3661 Ut
3187 3621 3357 3661 rerum
3380 3615 3580 3658 nostra-

1986 3728 2101 3766 rum
2134 3718 2272 3764 statu
2313 3706 2512 3777 cognito
2556 3702 2822 3767 ltetemini,
2865 3699 3055 3771 ingenti
3097 3698 3259 3768 quiete
3294 3707 3443 3766 atque
3480 3695 3584 3749 otio

1989 3802 2209 3874 fruimur
2236 3818 2258 3854 :
2285 3812 2564 3868 corpusque
2588 3802 2836 3858 nostrum,
2865 3791 2958 3845 etsi
2991 3789 3153 3843 multa
3184 3798 3300 3842 sunt
3334 3802 3446 3857 qua:
3472 3787 3582 3856 ejus

1990 3894 2327 3951 valetudinem
2348 3891 2673 3960 labefactent,
2698 3886 2821 3940 satis
2837 3883 3096 3938 commode
3115 3897 3168 3935 se
3193 3878 3359 3932 liabet.
3381 3877 3583 3931 Etiam-

1990 3991 2035 4043 si
2073 3989 2207 4044 enim
2243 3984 2373 4040 nihil
2413 3981 2619 4047 venale,
2668 3987 2716 4033 et
2754 3976 3117 4031 medicamenta
3144 3971 3287 4026 nulla
3333 3971 3413 4023 hic
3449 3969 3586 4030 sint;

1991 4080 2188 4136 etiamsi
2219 4077 2333 4132 caeli
2368 4071 2688 4142 intemperies
2713 4076 2941 4122 wstatem
2968 4081 3069 4119 non
3094 4064 3260 4117 minus
3295 4076 3449 4131 quant
3476 4059 3577 4111 Ilie-

1994 4186 2124 4224 ntem
2149 4167 2409 4222 molestam
2439 4161 2673 4223 reddant,
2699 4158 2811 4211 licet
2835 4154 3002 4226 gravis
3032 4161 3079 4205 et
3101 4158 3344 4220 perpetua
3367 4146 3593 4205 obsidio,

1995 4265 2277 4333 frequentes
2320 4270 2499 4324 nempe
2532 4250 2832 4305 Isauromm
2868 4244 3200 4304 incursiones.
3232 4251 3421 4293 metum
3458 4238 3590 4308 infe-

1994 4362 2130 4418 rant,
2171 4349 2371 4419 aliaque
2409 4344 2583 4416 gravia
2623 4337 2879 4401 accidant,
2916 4349 3049 4388 nunc
3084 4342 3253 4384 tamen
3290 4346 3323 4381 a
3359 4327 3592 4399 graviore

1997 4445 2222 4516 periculo
2252 4454 2403 4510 atque
2420 4455 2452 4492 a
2476 4434 2646 4490 morbo
2672 4430 2865 4486 liberati
2893 4442 3089 4482 sumus.

2070 4532 2331 4607 Epistolas
2361 4530 2545 4585 multas
2574 4524 2743 4581 scribit
2774 4521 3194 4593 Chrysostomus,
3223 4524 3270 4567 et
3299 4513 3483 4567 multas
3511 4526 3595 4563 re—

1999 4602 2220 4701 εἱρὶι’.-
2236 4627 2292 4681 1η
2322 4622 2552 4696 epistola
2576 4633 2706 4675 vero
2726 4616 2931 4672 decima
2954 4609 3109 4665 tertia
3134 4607 3198 4663 ad
3220 4602 3591 4677 Olympiadem

2001 4698 2074 4778 ait
2106 4721 2193 4775 ille
2225 4733 2305 4783 se,
2337 4716 2499 4771 biduo
2531 4718 2809 4782 postquam
2836 4703 3104 4761 Cucusum
3135 4698 3449 4760 advenerat,
3481 4706 3595 4747 mu-

2003 4815 2212 4871 lestiam
2237 4823 2452 4867 omnem
2491 4820 2558 4860 ex
2589 4812 2736 4858 tanto
2765 4799 2956 4854 itinere
2993 4803 3202 4865 partam
3242 4787 3592 4859 deposuisse,

2005 4918 2063 4964 et
2086 4906 2194 4975 jam
2227 4902 2366 4957 bene
2402 4898 2603 4953 valere.
2632 4893 2766 4961 Quia
2795 4903 2927 4944 vero
2960 4901 3067 4941 non
3100 4883 3253 4952 pauci
3296 4889 3421 4932 tunc
3456 4874 3595 4928 Con-

2007 4964 2354 5065 stantinopoli
2393 4996 2549 5047 erant
2591 4979 2965 5055 Chrysostumi
3013 4975 3192 5039 amici,
3238 4970 3329 5040 qui
3380 4969 3433 5021 in
3471 4964 3595 5020 aula

2012 5054 2354 5162 Imperatoris
2377 5083 2669 5152 impetrare
2688 5072 2975 5134 curabant,
3001 5076 3060 5122 ut
3084 5066 3235 5120 locus
3257 5057 3428 5115 exsilii
3457 5054 3596 5109 assi-

2009 5144 2265 5254 gnaretur
2300 5176 2386 5232 vel
2426 5172 2675 5236 vicinior,
2707 5165 2788 5222 vel
2826 5158 3194 5221 commodior;
3230 5144 3600 5222 Olympiadem

2013 5235 2195 5330 monet
2222 5280 2278 5326 ut
2306 5282 2427 5324 cum
2456 5264 2563 5319 illis
2590 5262 2662 5317 ita
2684 5272 2797 5315 rem
2817 5254 3108 5327 prudenter
3126 5253 3271 5318 agat,
3289 5249 3348 5296 ut
3375 5238 3419 5294 si
3447 5235 3599 5290 illum

2016 5371 2067 5424 in
2091 5370 2264 5423 locum
2285 5353 2750 5425 Constantinopoli
2779 5350 2865 5404 vel
2890 5344 3079 5402 eodem
3106 5338 3189 5394 vel
3215 5331 3407 5404 majori
3429 5327 3605 5398 spatio

2016 5462 2301 5515 distantem
2332 5451 2520 5508 adduci
2549 5423 2769 5508 vellent,
2797 5441 2850 5496 id
2875 5453 2945 5494 ne
2970 5431 3281 5489 admitteret
3305 5440 3324 5491 ;
3348 5423 3397 5479 si
3423 5429 3606 5515 autem

2017 5513 2405 5622 tielezicum,
2432 5543 2517 5599 vel
2547 5542 2772 5596 alteram
2802 5532 2992 5589 urbem
3020 5540 3128 5580 non
3164 5518 3408 5622 proco-lus
3448 5513 3608 5622 βιω-

2022 5608 2195 5699 media
2217 5608 2505 5697 distantem
2530 5633 2817 5701 impetrare
2834 5625 3078 5694 possent,
3106 5628 3299 5671 manus
3322 5610 3415 5667 illa
3435 5608 3609 5663 daret.

2026 5732 2230 5789 Brisoni
2261 5741 2472 5800 quoque
2501 5712 2715 5791 scripsit
2741 5714 2915 5770 amico
2948 5708 3079 5800 (Ep.
3106 5705 3261 5777 234),
3281 5701 3525 5800 dicitque
3543 5706 3612 5755 se

2026 5836 2146 5885 uost
2175 5789 2448 5881 emensum
2481 5789 2813 5885 septuaginta
2841 5805 3016 5861 ferme
3043 5796 3252 5859 dierum
3281 5795 3408 5859 iter,
3429 5789 3611 5844 Cucur
