3954 6460
448 452 552 513 917

449 588 567 628 smn
603 568 819 625 tandem
863 561 1165 628 advenisse,
1208 562 1593 629 innumeraque
1634 559 1771 612 mala
1811 569 2027 626 passum

448 675 589 725 esse,
622 654 733 713 tum
770 670 837 711 ex
868 654 1174 710 Isaurorum
1218 659 1365 705 metu
1386 691 1400 716 ,
1432 657 1545 702 tum
1574 662 1640 702 ex
1684 643 2033 700 intolerandis

450 747 704 803 febribus.
724 743 934 802 Obnixe
964 751 1114 812 rogat
1135 750 1334 800 autem.
1360 749 1417 793 ut
1443 739 1541 793 sibi
1572 736 1784 792 assidue
1813 734 2031 799 scribat,

450 836 593 893 haud
632 837 750 891 leve
787 834 1036 888 solatium
1067 847 1132 886 ex
1164 832 1281 902 ejus
1323 829 1491 884 literis
1528 836 1863 899 perceptum.
1900 823 2033 892 Quia

451 943 579 984 vero
616 942 685 984 ex
710 942 935 982 numero
964 940 1148 979 eorum
1179 935 1295 979 erat
1335 922 1517 985 Briso,
1550 921 1638 991 qui
1666 920 1828 974 alium
1860 916 2031 973 exsilii

394 1079 401 1086 θ
449 1020 625 1073 locum
648 1017 1009 1088 postulabant,
1036 1025 1095 1069 ut
1115 1030 1181 1070 ne
1214 1014 1264 1069 id
1294 1012 1524 1085 amplius
1552 1022 1723 1075 curet,
1746 1009 2031 1064 admonet:

450 1125 573 1165 nam
599 1124 659 1165 se
684 1125 743 1164 re
771 1107 1008 1164 omnium
1034 1105 1369 1177 gravissima,
1398 1105 1500 1159 vite
1529 1118 1723 1173 nempe
1751 1100 2032 1163 molestiis,

446 1199 558 1267 jam
603 1198 936 1268 perfunctum
986 1212 1124 1251 esse.
1175 1195 1291 1251 Non
1340 1195 1664 1249 scribentem
1709 1201 1885 1247 autem
1934 1189 2034 1244 sibi

451 1287 729 1344 Brisoncm
762 1288 814 1342 in
841 1288 943 1342 alia
966 1287 1192 1356 epistola
1212 1284 1352 1339 haud
1384 1285 1575 1339 leviter
1593 1281 1857 1353 objurgat.

522 1379 671 1434 Alias
690 1393 901 1448 quoque
928 1385 1049 1447 post
1073 1375 1358 1431 adventum
1381 1371 1646 1430 Cucusum
1667 1373 1848 1427 literas
1868 1370 2034 1435 misit,

455 1470 671 1527 Pteanio
719 1485 913 1538 nempe
952 1469 1054 1524 sibi
1101 1467 1449 1533 amicissimo,
1503 1465 1743 1522 Gemeilo
1790 1464 1938 1535 (191)
1984 1475 2040 1518 et.

459 1562 616 1617 Actio
645 1561 792 1632 (i96)
824 1579 837 1614 :
868 1560 1163 1615 Gemellum
1195 1575 1323 1615 vero
1353 1559 1533 1613 laudat
1570 1574 1599 1612 a
1640 1556 1978 1618 fortitudine,
2007 1571 2039 1609 a

456 1652 709 1725 loquendi
749 1653 1025 1713 libertate,
1067 1667 1097 1705 a
1152 1653 1359 1705 sincera
1405 1649 1794 1703 benevolentia.
1839 1648 1895 1701 In
1934 1645 2038 1700 alta

453 1759 581 1802 vero
610 1743 863 1817 epistola,
892 1758 1012 1799 cum
1041 1741 1315 1798 Gemellus
1350 1753 1380 1793 a
1410 1739 1725 1808 quibusdam
1765 1738 1879 1792 dira
1911 1752 2036 1807 per-

451 1850 640 1908 pessus
685 1848 840 1888 sacro
884 1849 942 1887 sc
996 1832 1207 1886 lavacro
1264 1831 1471 1900 tingere
1524 1829 1735 1891 vellet,
1796 1825 2041 1881 laudibus

453 1925 665 1981 extollit
702 1924 848 1980 illum
888 1922 1305 1994 Chrysostomus
1332 1924 1399 1976 ab
1432 1921 1596 1975 animi
1638 1920 1956 1982 constantia,
1986 1927 2041 1973 et

454 2025 515 2069 ut
550 2014 941 2083 quamprimum
971 2026 1094 2065 sese
1132 2025 1283 2065 sacra
1318 2010 1651 2078 baptismatis
1694 2008 1833 2062 unda
1863 2008 2042 2061 abluat

455 2105 721 2158 hortatur.
754 2102 887 2156 Cum
918 2102 1154 2154 aluisset
1180 2109 1360 2153 autem
1396 2098 1692 2153 Gemellnm
1718 2098 1783 2152 ad
1808 2099 2039 2167 aliquem

456 2194 821 2264 magistratum
851 2200 1091 2245 evectum
1123 2189 1317 2253 fuisse,
1350 2205 1411 2245 ea
1437 2189 1504 2244 de
1534 2206 1592 2245 re
1623 2190 1719 2259 ipsi
1749 2190 2043 2259 gratulatur

455 2286 508 2340 in
536 2285 640 2339 alia
669 2284 896 2354 epistola
925 2283 1096 2354 (Hi);
1115 2284 1360 2353 queritur
1390 2297 1518 2337 vero
1549 2290 1731 2352 postea
1763 2281 1887 2353 (Ep.
1924 2282 2040 2353 79),

454 2376 594 2448 quod
621 2375 688 2430 ad
717 2374 821 2431 taie
850 2388 1043 2430 munus
1061 2382 1388 2443 assumptus,
1408 2373 1509 2429 sibi
1542 2389 1646 2428 nou
1678 2373 2033 2441 rescripserit.

455 2465 701 2523 Nescitur
723 2474 899 2520 autem
925 2476 1102 2521 utrum
1122 2463 1387 2519 Cucusum
1409 2466 1518 2534 jam
1542 2464 1845 2534 pervenerit
1876 2462 1958 2534 (Τ.
1984 2465 2040 2519 5.

457 2570 508 2609 e.
536 2555 660 2613 546.
698 2564 745 2610 et
769 2554 873 2624 Ep.
898 2555 1046 2624 118).
1068 2554 1282 2625 quando
1311 2554 1562 2623 epistolas
1582 2555 1715 2609 duas
1741 2554 1955 2623 scripsit
1975 2555 2040 2608 ad

453 2646 734 2716 episcopos
757 2654 810 2700 et
833 2646 1171 2715 presbyteros
1201 2646 1411 2715 pietatis
1437 2660 1596 2700 causa
1626 2646 1679 2700 in
1708 2660 1924 2701 carcere
1954 2647 2040 2700 in-

451 2738 648 2801 clusos,
674 2751 808 2806 quos
842 2737 909 2791 ad
945 2738 1254 2806 patientiam
1281 2738 1543 2798 hortatur.
1575 2739 1862 2809 repositam
1899 2752 2041 2794 mru-

454 2828 593 2881 mnis
633 2826 826 2881 talibus
858 2841 1111 2880 coronam
1151 2840 1597 2890 commemorans,
1635 2826 1795 2895 idque
1832 2827 2043 2898 egregie

454 2916 507 2969 in
556 2916 725 2984 prima
768 2915 1062 2984 prtesertim
1110 2915 1353 2984 epistola.
1399 2914 1619 2986 Polybio
1662 2914 1805 2970 itcm-
1832 2916 2045 2987 scripsit

455 3017 583 3062 tunc
621 3007 1082 3076 Constantinopoli
1114 3006 1368 3073 versanti,
1410 3020 1471 3061 ac
1515 3006 1581 3062 de
1621 3006 1921 3062 lsaurorum
1963 3009 2043 3061 in-

455 3097 797 3152 cursionibus
822 3096 983 3152 verba
1014 3096 1137 3152 facit
1167 3095 1296 3167 (Ep.
1323 3096 1468 3169 M3),
1498 3098 1583 3167 qui
1608 3097 1873 3153 Cucusum
1905 3113 2041 3170 pene

454 3187 732 3244 obsessum
771 3188 1042 3255 tenebant,
1068 3197 1124 3243 et
1151 3187 1342 3244 famem
1386 3190 1437 3243 in
1470 3190 1739 3259 regionem
1772 3190 1914 3245 illam
1956 3190 2040 3245 in-

450 3276 733 3335 duxerant.
751 3279 919 3334 Aliam
935 3294 1147 3349 quoque
1164 3279 1382 3350 Polybio
1399 3280 1679 3351 epistolam
1702 3282 1845 3336 misit
1864 3281 1885 3351 (
1892 3281 2038 3352 “17),

449 3381 506 3427 et
526 3371 740 3442 quidem
774 3371 969 3427 hiemis
997 3379 1256 3441 tempore.
1285 3372 1351 3427 de
1380 3388 1482 3442 qua
1516 3372 1737 3428 inferius
1762 3385 1972 3445 agetur.

520 3462 590 3518 lis
615 3464 799 3525 etiam,
825 3463 912 3533 qui
943 3477 1002 3517 se
1038 3461 1295 3518 Caesarem
1324 3463 1562 3519 ofliciose
1593 3474 1934 3534 exceperant,
1970 3466 2037 3520 li-

450 3565 594 3612 teras
617 3556 763 3611 misit
788 3556 806 3623 (
840 3555 1003 3625 Epist.
1033 3554 1147 3624 8i).
1188 3554 1326 3610 inter
1357 3570 1449 3611 eos
1485 3557 1801 3627 iiymnetius
1826 3558 2034 3613 emine~

454 3646 563 3709 bat,
604 3661 764 3716 quem
802 3647 1130 3701 medicorum
1168 3649 1457 3718 principem
1498 3658 1683 3715 vocat;
1711 3663 1940 3720 eumque
1978 3661 2038 3706 ut

450 3735 551 3791 sibi
588 3736 816 3791 amicum
848 3778 865 3799 ,
898 3737 1053 3806 cujus
1092 3746 1146 3792 et
1183 3739 1429 3793 amicitia:
1470 3749 1525 3795 et
1567 3741 1767 3809 peritia:
1808 3756 2032 3796 summm

449 3829 742 3900 periculum
790 3828 1020 3892 fecerat,
1071 3829 1254 3885 videre
1298 3830 1583 3884 admodum
1638 3839 1887 3900 exoptat;
1935 3831 2031 3886 sed

447 3921 568 3993 quia
591 3922 891 3977 isaurorum
920 3922 1249 3977 incursiones
1270 3922 1461 3977 Cucusi
1486 3922 1685 3976 aditum
1709 3923 2032 3978 interelude-

446 4010 595 4075 haut,
625 4010 673 4065 id
695 4011 873 4066 damni
905 4019 964 4066 ut
1009 4012 1281 4067 literarum
1311 4013 1609 4084 frequentia
1641 4015 1839 4069 sareiat
1858 4055 1873 4078 ,
1902 4029 2030 4083 pre-

444 4109 614 4155 catur.
648 4099 702 4155 in
730 4101 830 4155 alia
856 4116 984 4157 vero
1011 4103 1231 4171 epistola
1263 4104 1376 4174 (58)
1410 4103 1691 4159 Seleucum
1718 4106 2027 4176 episcOpum

446 4191 546 4261 ipsi
573 4192 931 4259 commendat,
962 4194 1271 4263 gravissima
1304 4193 1437 4250 tussi
1476 4194 1804 4251 laborantem
1831 4196 2025 4265 (Epist.

444 4282 539 4353 57)
567 4299 580 4336 :
604 4283 693 4354 qui
719 4283 1379 4357 Seleucus,Chrysostomi
1411 4286 1624 4342 videndi
1652 4287 1920 4342 desiderio
1945 4289 2025 4343 in-

442 4370 656 4440 ductus,
679 4372 946 4430 Cucusum
975 4376 1137 4442 venit,
1165 4385 1221 4432 et
1251 4377 1440 4432 tussim
1474 4386 1528 4431 et
1555 4377 1762 4433 itineris
1795 4377 2025 4434 difficqu

444 4468 605 4515 tatem
648 4470 705 4516 et
743 4462 973 4518 hiemem
1033 4479 1153 4532 quae
1197 4466 1431 4519 instabat
1467 4466 1785 4533 despiciens.
1840 4468 2027 4525 Profe-

440 4556 623 4603 cturus
657 4558 834 4605 autem
878 4552 1199 4616 Czrsaream,
1232 4551 1656 4622 Tranquiiiiuum
1687 4557 2020 4627 episcopum,

440 4637 555 4709 qui,
582 4649 639 4694 ut
672 4655 736 4695 ex
762 4640 1127 4713 Chrysostomi
1166 4643 1323 4699 dictis
1352 4643 1609 4714 arguitur.
1649 4660 1815 4716 prope
1846 4650 2027 4703 Cmsa-

443 4736 588 4785 reat'n
616 4730 772 4785 sedes
791 4731 1038 4798 habebat,
1068 4733 1300 4789 invisere
1326 4735 1511 4789 voluit.
1547 4736 1679 4792 Huic
1701 4753 1827 4793 vero
1846 4741 2025 4797 literas

438 4819 508 4876 ad
539 4819 957 4891 Tranquillinum
986 4823 1132 4879 dedit
1156 4822 1389 4881 Joannes
1418 4835 1621 4894 noster,
1651 4844 1809 4899 quem
1838 4830 2021 4887 horta-

436 4921 526 4966 tur
550 4921 607 4966 ut
633 4911 909 4968 Seleucum
940 4914 1165 4986 benigne
1191 4918 1439 4988 excipiat.
1468 4919 1864 4991 Tranquillinus
1892 4939 2022 4979 vero

439 5000 795 5074 Eupsychium
824 5002 891 5058 ad
911 5003 1346 5077 Chrysostomum
1378 5011 1619 5075 miserat,
1648 5013 1738 5083 qui
1768 5013 1834 5067 de
1859 5015 2019 5071 rebus

438 5090 682 5162 plurimis
715 5093 862 5148 illum
895 5093 1092 5151 faceret
1120 5101 1424 5156 certiorem.
1461 5105 1532 5156 At
1560 5103 1892 5176 Eupsychins
1930 5107 2019 5162 ille

436 5183 670 5239 nondum
706 5186 1015 5242 advenerat.
1056 5188 1309 5246 Hortatur
1333 5208 1461 5248 vero
1497 5193 1919 5267 Tranquillinum
1961 5208 2017 5252 ut

431 5289 495 5331 es
517 5317 533 5344 ,
560 5292 681 5348 qua:
723 5278 823 5334 sibi
851 5279 1184 5353 Eupsyehius
1211 5295 1522 5341 narraturus
1547 5300 1680 5354 erat,
1711 5305 1807 5362 per
1837 5291 2017 5345 literas

432 5370 657 5425 nuntiet.

504 5456 669 5515 Paulo
686 5470 809 5532 post
836 5476 990 5520 suum
1020 5465 1072 5520 in
1102 5468 1275 5524 exsilii
1297 5470 1472 5525 locum
1498 5470 1807 5542 adventum,
1831 5474 2013 5530 literas

432 5547 576 5604 misit
599 5551 665 5605 ad
684 5555 816 5608 alios
842 5571 948 5610 non
974 5572 1193 5626 paucos,
1218 5561 1308 5629 qui
1330 5560 1431 5615 sibi
1456 5561 1714 5619 Czesarerc
1736 5566 1818 5621 vel
1847 5567 2010 5622 bene.-

432 5638 549 5692 ilcia
578 5643 968 5710 praestiterant,
996 5648 1082 5704 vel
1115 5652 1363 5706 amicitia:
1403 5653 1628 5709 sincera:
1669 5658 1815 5726 signa
1844 5658 2008 5715 dede.

432 5737 574 5815 rant,
617 5729 685 5784 ad
734 5731 1029 5789 Firminum
1073 5754 1283 5810 nempe,
1329 5740 1661 5813 Cytherium.
1704 5746 2003 5815 Leontium,

414 5812 765 5881 Faustinum.
790 5819 1087 5881 Beliadium
1116 5838 1170 5884 et
1206 5812 1518 5899 Evethium;
1547 5852 1679 5907 quos
1698 5883 1714 5910 ,
1743 5849 1804 5895 ut
1840 5812 2004 5897 etiam

1504 442 1563 500 s.
1599 440 1877 500 JOANNIS
1911 435 2388 497 cunrsosrom
2427 440 2603 514 vnn,

2141 569 2277 624 pene
2298 554 2430 610 alios
2453 567 2643 609 omnes
2660 554 2861 609 amicos
2890 562 2943 609 et
2963 562 3139 619 notos,
3167 554 3432 617 hortatur,
3455 566 3516 611 ut
3534 571 3597 613 se
3622 558 3730 617 fre-

2139 654 2363 713 quenter
2402 645 2570 700 literis
2609 643 2871 699 solentur.
2900 643 3138 699 Carterio
3166 659 3400 717 quoque,
3442 647 3729 718 Cappado-

2139 736 2237 791 ciae
2265 736 2498 805 prrcsidi,
2535 736 2717 792 literas
2756 736 2905 809 (256)
2934 738 3077 792 misit
3108 736 3566 809 Chrysostomus,
3605 755 3729 812 grs-

2141 828 2345 897 tiasque
2375 826 2447 882 illi
2484 826 2613 898 egit,
2640 826 2783 898 quod
2818 828 3071 883 tumultus
3110 828 3398 895 sedaverit,
3431 839 3489 886 et
3515 846 3729 887 omnem

2142 917 2371 987 lapidem
2403 919 2647 984 moverit,
2681 927 2740 974 ut
2761 919 2875 989 ipse
2903 919 2953 973 in
2976 923 3267 976 securitate
3288 933 3619 978 versaretur.
3647 923 3733 980 Ait

2140 1022 2269 1061 vero
2316 1023 2394 1075 se,
2437 1008 2564 1064 licet
2607 1010 2659 1062 in
2703 1008 3071 1064 desertissimo
3113 1009 3251 1076 loco,
3284 1011 3478 1067 Cucusi
3518 1028 3731 1082 nempe,

2142 1096 2444 1167 degentem,
2468 1099 2519 1153 in
2539 1099 2627 1155 illa
2647 1098 2933 1154 solitudine
2955 1108 3220 1170 tamquam
3245 1102 3295 1155 in
3324 1111 3480 1172 portu
3507 1105 3729 1172 versari,

2141 1203 2206 1245 ac
2248 1189 2419 1244 morbi
2467 1190 2837 1261 maiorumque
2887 1191 3141 1260 reliquias
3194 1196 3390 1246 sensim
3437 1192 3728 1263 depellere.

2144 1279 2449 1334 Amicorum
2497 1280 2756 1349 siquidem
2805 1296 2900 1350 per
2942 1282 3126 1337 literas
3164 1284 3492 1339 consortium
3544 1298 3732 1343 omnes

2142 1367 2445 1437 abstergere
2474 1367 2751 1423 videbatur
2772 1369 2945 1424 exsilii
2973 1370 3262 1424 molestias.

2215 1460 2488 1531 Episcopis
2514 1463 2672 1517 etiam
2696 1463 2906 1532 scripsit
2932 1462 3119 1533 (Epist.
3154 1466 3245 1521 85.
3275 1464 3366 1522 86.
3395 1467 3489 1524 87.
3520 1467 3615 1524 88.
3643 1470 3731 1526 89.

2143 1551 2259 1621 90),
2291 1553 2377 1621 qui
2410 1569 2506 1619 pro
2529 1569 2624 1608 sua
2660 1564 2714 1610 et
2743 1555 2996 1610 Ecclesia:
3022 1571 3182 1611 causa
3218 1559 3449 1622 stabant,
3483 1560 3732 1615 nimirum

2145 1642 2327 1709 Lucio,
2358 1643 2509 1709 Mari,
2541 1644 2764 1715 Eulogio
2805 1647 2855 1698 in
2896 1646 3174 1701 Palmstina
3214 1650 3470 1719 episcopo
3490 1691 3506 1715 ,
3537 1649 3729 1706 Joanni

2144 1734 2611 1807 Jerosolytnitaoo,
2640 1736 2943 1793 Theodosio
2969 1738 3425 1811 Scythopolitano,
3449 1750 3506 1796 et
3531 1742 3728 1814 Moysi;

2144 1839 2278 1895 quos
2307 1824 2552 1881 hortatur
2590 1836 2646 1881 ut
2687 1828 2739 1881 in
2782 1828 2969 1884 eadem
3006 1831 3167 1884 animi
3202 1830 3450 1888 firmitate
3481 1849 3732 1902 persevc-

2146 1924 2264 1971 rent
2295 1915 2540 1987 (Pallad.
2585 1916 3109 1991 Dialog.)Eulogium
3151 1936 3311 1986 vero,
3355 1923 3406 1977 in
3454 1923 3734 1980 Palzstina

2146 2007 2474 2077 epise0pum,
2503 2024 2842 2080 summopere
2862 2012 3122 2080 celebrat,
3146 2014 3237 2083 qui
3259 2015 3446 2082 quavis
3476 2015 3605 2069 tuba
3631 2017 3735 2071 cla-

2146 2098 2254 2153 rius
2292 2100 2429 2168 apud
2460 2115 2645 2156 omnes
2675 2101 2973 2158 Orientales
3003 2112 3057 2157 et
3095 2120 3252 2173 quam
3286 2106 3598 2176 longissime
3628 2108 3733 2162 dis-

2146 2190 2281 2245 sitos
2318 2190 2560 2247 homines
2595 2193 2672 2248 rei
2712 2193 2985 2249 veritatem
3027 2197 3406 2268 promulgaret.
3454 2199 3734 2272 Eulogium

2149 2289 2357 2347 tamen,
2411 2281 2672 2339 Cursarem
2720 2285 2772 2338 in
2818 2285 3097 2342 Paimstina
3137 2290 3484 2360 episcopum,
3533 2291 3737 2348 inducit

2147 2370 2432 2439 Palladius,
2457 2376 2607 2444 quasi
2630 2374 2912 2446 Theophili
2944 2378 3288 2434 Alexandrini
3322 2390 3498 2449 partes
3523 2394 3737 2439 sectan-

2147 2468 2253 2514 tem
2283 2469 2337 2514 et
2360 2476 2546 2531 aspera
2585 2479 2809 2534 qumque
2854 2467 3181 2522 molientem.
3212 2468 3317 2525 Sed
3347 2471 3429 2527 vel
3468 2473 3610 2527 alius
3640 2474 3737 2529 Pa-

2147 2549 2660 2623 lmstiuteepiseopus
2687 2555 2773 2610 hic
2795 2556 3045 2626 Eulogius
3072 2556 3253 2625 fuerit,
3281 2561 3362 2616 vel
3386 2565 3428 2616 si
3451 2563 3596 2618 idem
3627 2565 3737 2634 ipse

2145 2638 2237 2704 sit,
2269 2640 2322 2694 in
2349 2641 2625 2697 adversam
2660 2654 2861 2713 partem
2894 2658 3074 2715 postea
3108 2651 3382 2705 transiisse
3410 2660 3647 2723 oportet.

2217 2728 2300 2783 Ad
2337 2728 2661 2787 Theodorum
2703 2733 3114 2807 Mapsuestenum
3153 2740 3342 2794 scribit.
3363 2771 3435 2781 —
3461 2745 3503 2796 A
3538 2746 3737 2800 teneris

2146 2821 2300 2875 annis
2350 2824 2580 2877 amicum
2634 2825 2858 2880 habebat
2906 2827 3320 2900 Chrysostomus
3365 2831 3730 2903 Theodorum,

2145 2910 2234 2979 qui
2277 2919 2403 2966 tunc
2448 2913 2785 2983 Mepsuestiae
2830 2918 3113 2988 episcopus
3158 2930 3294 2987 erat,
3342 2925 3588 2994 nihilque
3627 2941 3732 2983 non

2145 3001 2353 3071 agebat,
2387 3014 2442 3057 ut
2470 3003 2836 3076 Chrysostomi
2865 3023 3079 3064 causam
3109 3010 3422 3069 defenderet
3446 3029 3511 3071 ac
3538 3032 3732 3087 propu-

2144 3102 2349 3160 gnaret.
2374 3094 2509 3151 Huic
2542 3099 2820 3167 epistolam
2849 3100 2995 3172 (112)
3023 3104 3167 3157 misit
3200 3104 3639 3177 Chrysostomus,
3669 3112 3733 3164 ii-

2147 3184 2287 3255 lique
2315 3196 2373 3240 ut
2394 3187 2502 3254 jam
2528 3190 2728 3259 pridem
2750 3201 2802 3245 et
2829 3192 2896 3246 ab
2927 3192 3079 3247 initio
3104 3195 3202 3249 sibi
3233 3205 3358 3250 noto
3378 3200 3582 3268 gratias
3601 3204 3730 3273 agit,

2146 3274 2493 3347 hortaturque
2516 3290 2570 3335 et
2598 3281 2843 3336 obsecrat
2866 3283 3015 3338 illum
3047 3295 3104 3338 ut
3128 3286 3370 3341 eamdem
3398 3304 3525 3359 erga
3552 3306 3615 3346 se
3640 3307 3728 3346 ca-

2144 3367 2351 3423 ritatem
2393 3380 2649 3440 perpetuo
2683 3373 2946 3444 vigentem
2983 3375 3229 3431 retineat.
3259 3376 3408 3432 Circa
3451 3379 3594 3436 hanc
3621 3384 3727 3453 cpi.

2143 3459 2330 3513 stolam
2364 3461 2555 3531 aliqua:
2597 3463 2942 3534 insurgebant
2968 3464 3342 3534 difﬁcultates,
3371 3485 3510 3539 quas
3540 3473 3731 3527 videsis

2143 3549 2195 3603 in
2224 3552 2362 3604 notis
2383 3552 2447 3606 ad
2475 3551 2630 3607 Tum.
2670 3556 2723 3619 5,
2740 3573 2789 3611 e.
2809 3557 2913 3613 668
2933 3564 2986 3610 et
3006 3554 3129 3618 669,
3149 3566 3207 3612 et
3220 3559 3271 3615 in
3283 3558 3436 3615 Tom.
3457 3560 3514 3623 6,
3533 3561 3724 3616 c.515.

2215 3641 2478 3709 Epistolas
2498 3644 2657 3697 etiam
2679 3643 2745 3696 ad
2774 3643 2907 3699 alios
2935 3646 3079 3699 misit
3100 3646 3402 3716 episcOpos,
3424 3650 3728 3704 Anatolium

2140 3730 2361 3797 Atlante,
2410 3732 2655 3787 Rufinum
2698 3735 2821 3789 item
2865 3736 3208 3804 episcopum,
3257 3737 3409 3804 cujus
3449 3752 3582 3791 vero
3625 3738 3728 3794 loci

2140 3824 2392 3887 nescitur,
2415 3823 2481 3877 ad
2511 3822 2782 3879 Urbicium
2808 3835 2861 3879 et
2892 3825 3135 3891 Bassum,
3172 3826 3396 3895 perinde
3424 3827 3727 3897 ignotorqu

2139 3911 2374 3966 iocormn
2404 3914 2703 3984 episcopos,
2734 3914 2799 3968 ad
2822 3915 3178 3986 Porphyrium
3206 3917 3365 3969 lthosi
3390 3919 3725 3988 episcOpum.

2138 4003 2389 4057 Anatolio
2415 4004 2543 4059 dicit
2570 4006 2723 4075 (lli)
2749 4020 2807 4060 se
2836 4007 3162 4075 comperisse
3192 4009 3363 4077 ipsum
3394 4024 3474 4073 sc,
3505 4009 3633 4064 licet
3659 4009 3726 4065 de

2136 4094 2273 4150 faeie
2298 4096 2398 4149 sibi
2429 4111 2533 4150 non
2566 4109 2771 4160 uotum,
2807 4098 3013 4152 ardenti
3045 4115 3231 4155 amore
3260 4103 3543 4170 prosequi,
3572 4113 3724 4171 opta-

2135 4202 2300 4257 reque
2327 4202 2669 4257 congressum
2706 4202 2885 4243 secum
2919 4205 2934 4240 :
2962 4190 3086 4257 quia
3126 4204 3255 4245 vero
3284 4190 3422 4243 nulla
3450 4206 3577 4260 spes
3603 4200 3721 4248 erat

2136 4278 2187 4333 id
2212 4279 2325 4333 fieri
2357 4295 2608 4350 umquam
2637 4294 2816 4348 posse,
2845 4279 3089 4335 hortatur
3119 4281 3266 4336 illum
3293 4294 3348 4336 ut
3371 4285 3722 4353 epistularum

2135 4369 2428 4440 frequentia
2451 4385 2792 4440 congressum
2819 4370 3119 4441 hujusmodi
3141 4385 3471 4443 compenset.
3498 4374 3720 4431 Bassum

2133 4458 2307 4532 (3i0),
2350 4476 2507 4529 quem
2547 4460 3004 4530 Constantinopoli
3044 4463 3273 4517 amicum
3319 4463 3605 4532 habuerat,
3646 4467 3720 4523 leo

2131 4553 2273 4608 niter
2292 4552 2557 4622 objurgat,
2579 4553 2717 4622 quod
2742 4569 2865 4608 cum
2889 4554 3025 4607 adeo
3042 4555 3248 4609 vit-inus
3267 4566 3431 4621 esset,
3452 4574 3519 4612 oe
3538 4559 3719 4615 literas

2129 4643 2346 4712 quidem
2392 4644 2491 4697 sibi
2545 4645 2756 4698 mittere
2797 4644 3128 4712 dignaretur.
3179 4645 3530 4718 Porphyrium
3569 4666 3713 4716 vero,

2128 4750 2288 4803 quem
2328 4733 2491 4787 Rhesi
2522 4734 2829 4802 episcopum
2868 4734 3031 4789 fuisse
3062 4736 3193 4789 nihil
3226 4736 3337 4804 jam
3377 4737 3711 4803 dubitamus,

2130 4839 2227 4894 pro
2256 4840 2405 4879 more
2433 4826 2497 4877 ad
2526 4826 2709 4881 literas
2734 4824 2835 4879 sibi
2864 4825 3172 4895 frequenter
3205 4827 3495 4881 mittendas
3524 4828 3713 4884 enitor-

2130 4924 2289 4971 tatur.
2323 4918 2413 4971 liis
2439 4918 2702 4988 iungenda
2727 4918 2952 4987 epistola
2979 4919 3093 4990 (50)
3119 4919 3185 4973 ad
3216 4920 3486 4975 lieortium
3508 4924 3710 4991 episco-

2127 5025 2276 5081 pum,
2308 5010 2458 5077 cujus
2484 5010 2642 5064 sedes
2666 5025 2771 5064 non
2808 5011 2990 5079 procul
3020 5008 3229 5064 Cucuso
3254 5021 3385 5065 erat.
3415 5009 3463 5066 is
3491 5012 3711 5069 iulirmi-

2128 5110 2237 5156 tate
2275 5103 2515 5171 corporis
2560 5102 2833 5157 laborabat
2862 5117 2876 5155 :
2921 5111 3117 5173 atque,
3149 5113 3206 5157 nt
3233 5120 3297 5158 ex
3341 5105 3707 5175 Chrysostouti

2123 5192 2278 5249 dictis
2318 5194 2465 5263 argui
2511 5195 2740 5261 videtur,
2784 5194 3032 5249 iieortius
3077 5196 3280 5250 amicus
3324 5197 3567 5254 scribere
3611 5200 3706 5252 sibi

2123 5286 2346 5350 solebat,
2389 5286 2529 5354 quod
2579 5295 2755 5342 tamen
2798 5286 3022 5341 adversa
3067 5287 3368 5343 valetudine
3419 5288 3705 5355 laboraret,

2122 5394 2229 5433 non
2261 5379 2329 5430 ab
2358 5378 2447 5432 illo
2467 5379 2743 5434 didicerat.
2785 5378 2970 5433 Verum
2990 5380 3129 5447 quin,
3161 5379 3332 5447 inquit
3352 5380 3465 5446 ilic,
3494 5382 3706 5436 (abdico

2119 5472 2309 5525 riorum
2341 5471 2555 5541 fortasse
2584 5472 2793 5540 penuria
2821 5489 2920 5525 non
2957 5472 3151 5535 scribis,
3181 5472 3295 5524 ideo
3333 5472 3591 5537 homines,
3622 5475 3707 5543 qui

2119 5564 2188 5617 ad
2211 5574 2258 5617 te
2283 5563 2667 5631 proﬁciscantur
2695 5572 2891 5627 nactus,
2924 5562 3078 5616 literis
3100 5572 3147 5615 te
3168 5562 3379 5626 lacesso,
3403 5580 3525 5635 rogo
3545 5574 3592 5616 et
3614 5564 3704 5617 ob.

2115 5672 2275 5719 secre,
2300 5664 2355 5708 ut
2380 5656 2572 5728 quaties
2603 5657 2818 5726 facultas
2846 5655 3068 5719 dabitur,
3092 5654 3234 5708 nobis
3260 5672 3412 5722 quam
3433 5657 3706 5725 sa'pissime

2116 5750 2333 5813 scribas,
2359 5759 2402 5799 et
2431 5766 2529 5818 qua
2554 5749 2839 5803 valetudine
2858 5750 2927 5803 sis
2955 5765 3202 5818 exponas.
3229 5749 3547 5818 Quamquam
3571 5754 3701 5805 (uim

2114 5841 2169 5894 in
2216 5841 2555 5897 desertissima
2599 5840 2732 5896 orbis
2785 5841 2893 5897 loco
2945 5840 3250 5909 habitamus,
3290 5869 3355 5908 σι-
3380 5849 3685 5922 praedonum
