3954 6398
223 522 356 568 metu
375 511 683 576 obsidemur,
705 510 982 580 multasque
1004 508 1057 562 in
1082 516 1185 561 tam
1214 514 1350 562 easta
1368 505 1640 561 solitudine
1658 508 1798 559 cala-

224 605 422 658 mitates
450 600 780 673 perpetimur,
804 609 968 653 tamen
994 598 1038 653 si
1058 600 1338 670 frequentes
1365 612 1397 649 a
1430 605 1496 660 te,
1533 596 1613 649 cui
1638 595 1804 650 caris-

223 695 340 751 simi
367 710 558 759 sumus,
591 693 762 747 literas
787 690 1094 760 accipiamus
1112 730 1128 753 ,
1148 705 1260 758 qua:
1292 704 1382 743 nos
1410 688 1473 742 de
1503 697 1588 742 tua
1618 689 1808 742 valetu-

223 788 346 841 dine
368 786 604 841 certiores
632 784 846 856 faciant,
880 783 1128 853 ingentem
1163 781 1300 845 hinc,
1330 789 1400 835 tot
1437 780 1549 835 licet
1569 779 1807 835 arumnis

223 869 476 946 oppressi,
505 873 895 928 consolationem
922 871 1241 940 accipiemus.
1275 872 1477 935 Quanta
1504 870 1636 923 enim
1674 868 1779 922 cari
1788 899 1805 907 -

225 969 349 1022 tatis
377 967 449 1021 vis
484 968 551 1021 sit
575 966 893 1035 exploratum
929 963 1099 1028 habes,
1131 961 1361 1032 quodque
1394 977 1496 1015 non
1533 961 1808 1014 amicorum

224 1058 494 1111 dumtaxat
535 1055 836 1126 prementia,
870 1053 960 1108 sed
995 1053 1145 1107 etiam
1182 1051 1343 1107 literas
1367 1051 1543 1121 ingens
1571 1050 1807 1104 solatium

224 1144 464 1213 aﬂ'erant.

302 1234 623 1306 llcsychium
652 1248 863 1304 quoque
882 1232 981 1287 sibi
1012 1231 1418 1295 amicissimum,
1446 1230 1677 1285 vicinum
1707 1231 1805 1283 ha-

225 1328 341 1383 buit
367 1344 383 1394 ;
405 1329 475 1380 ita
492 1335 566 1388 ut,
597 1327 641 1379 si
671 1325 868 1379 licitum
904 1324 1001 1392 ipsi
1045 1322 1249 1387 inisset,
1303 1320 1471 1391 inquit
1499 1321 1552 1379 in
1582 1319 1805 1389 epistola

223 1418 316 1484 τι,
350 1433 521 1488 neque
545 1416 843 1472 Isaurorum
874 1423 1068 1479 metns,
1111 1429 1283 1485 neque
1307 1413 1544 1481 corporis
1571 1410 1808 1467 imbecil-

225 1509 351 1564 litas
397 1508 678 1577 prohibere
715 1507 1026 1575 potuissent,
1066 1503 1346 1575 quominus
1396 1503 1567 1573 ipsum
1593 1502 1802 1565 adiret;

223 1616 401 1671 neque
428 1610 603 1655 tamen
635 1600 704 1653 ob
750 1598 1049 1652 Isaurorum
1080 1606 1277 1651 metum
1323 1595 1390 1649 ab
1445 1594 1538 1649 illo
1561 1595 1692 1663 petit
1745 1602 1803 1647 ut

224 1688 491 1747 Cucusum
512 1692 705 1753 veniat,
728 1689 821 1744 sed
839 1698 895 1743 ut
914 1704 1071 1758 quam
1093 1686 1417 1757 frequentius
1435 1686 1628 1757 poterit
1655 1684 1720 1739 ad
1746 1698 1807 1740 se

235 1780 427 1836 literas
452 1781 642 1834 mittat.
658 1778 949 1850 llesychins
970 1792 1098 1832 vero
1135 1776 1304 1832 literis
1320 1776 1385 1829 ab
1400 1774 1605 1830 Joanne
1632 1774 1801 1844 petiit,

224 1879 284 1925 ut
307 1870 410 1926 sibi
438 1871 752 1939 ignosceret,
773 1867 913 1939 quod
934 1883 1038 1922 non
1063 1868 1286 1931 venerit,
1309 1868 1429 1937 quia
1461 1881 1650 1935 nempe
1664 1881 1808 1919 mor-

227 1962 296 2014 bo
318 1960 612 2015 laborabat.
634 1958 936 2028 ReSpondet
954 1958 1360 2030 Cbrysostomus
1375 1958 1391 2021 (
1400 1956 1562 2022 Epist.
1580 1957 1674 2026 24)
1687 1956 1805 2010 lau—

225 2052 423 2120 datque
450 2065 594 2115 eum,
616 2048 754 2117 quod
776 2063 836 2103 ea
857 2047 925 2103 de
941 2062 1096 2102 causa
1125 2062 1228 2100 non
1247 2046 1453 2101 venerit
1481 2064 1495 2101 :
1524 2046 1642 2099 licet
1663 2047 1802 2100 enim

226 2153 337 2197 tam
364 2156 546 2195 carum
574 2150 733 2209 caput
756 2139 1052 2195 exosculari
1081 2147 1253 2204 aveat,
1284 2140 1413 2193 satis
1438 2138 1536 2192 sibi
1578 2136 1692 2193 fore
1711 2139 1805 2202 ait,

224 2234 270 2287 si
298 2233 549 2301 quamdiu
575 2232 689 2288 sive
718 2249 812 2302 per
827 2232 1216 2304 azgritudinem,
1245 2231 1357 2286 sive
1382 2247 1480 2301 per
1514 2232 1637 2285 anni
1662 2240 1803 2285 tem-

225 2333 490 2393 pestatem
518 2324 568 2378 id
596 2340 700 2377 non
733 2323 930 2385 licebit,
962 2323 1129 2377 litera:
1152 2323 1288 2375 ultro
1319 2322 1563 2390 citroque
1593 2321 1809 2375 mittan-

226 2425 333 2468 tur.
358 2414 471 2469 lIoc
494 2414 663 2483 ipsum
706 2413 816 2471 fere
850 2412 927 2467 illi
960 2413 1155 2482 repetit
1203 2414 1255 2466 in
1305 2412 1528 2480 epistola
1559 2411 1658 2465 1³16
1680 2430 1692 2464 :
1717 2412 1805 2465 ubi

226 2505 436 2559 itineris
469 2504 833 2559 difficultatem
871 2518 991 2557 cum
1021 2502 1263 2570 corporis
1289 2501 1649 2556 imbecillitate
1674 2516 1805 2556 con-

224 2595 413 2664 iungit,
437 2608 498 2649 ac
523 2592 820 2665 signiﬁcare
855 2593 1065 2647 videtur
1096 2607 1155 2648 se
1180 2591 1264 2647 vel
1283 2590 1459 2646 hieme
1479 2591 1587 2660 jam
1609 2607 1806 2661 appro-

226 2685 536 2754 pinquante,
558 2684 642 2739 vel
668 2683 721 2738 in
743 2684 854 2754 ipsa
903 2682 1109 2754 hyemis
1139 2689 1449 2755 tempestate
1475 2679 1574 2737 has
1594 2681 1810 2739 dedisse

223 2774 426 2831 literas.

296 2865 434 2921 Cum
478 2865 814 2920 Tillemontio
855 2866 1130 2936 opinamur
1155 2864 1313 2919 alium
1343 2863 1665 2937 Hesychium
1691 2877 1814 2919 esse

223 2960 399 3025 illum,
451 2973 606 3027 quem
652 2957 1012 3011 venerandum
1062 2965 1117 3010 et
1163 2955 1550 3011 nobilissimum
1579 2954 1727 3022 dicit,
1776 2968 1806 3008 a

222 3063 339 3119 quo
366 3064 428 3103 se
454 3048 675 3102 multum
697 3047 864 3102 amari
910 3063 975 3102 ex
1024 3048 1133 3101 sola
1163 3046 1300 3100 fama
1343 3047 1618 3111 didicerat,
1651 3061 1680 3099 a
1702 3060 1807 3116 quo

226 3139 465 3210 posuilat
490 3138 682 3209 (Epist.
706 3139 852 3207 198),
875 3148 931 3192 ιιι
951 3137 1251 3206 frequentes
1271 3139 1367 3192 sibi
1397 3137 1573 3193 literas
1595 3137 1767 3191 mittat.
1788 3154 1803 3202 ;

223 3230 280 3284 Id
297 3230 581 3300 ipsumque
600 3230 792 3299 repetit
810 3229 860 3282 in
887 3229 1104 3297 epistola
1126 3228 1251 3284 225.
1271 3227 1517 3299 Idemque
1538 3228 1805 3283 literarum

222 3323 558 3377 consortium
586 3321 817 3391 postulat
872 3337 902 3375 a
949 3319 1277 3374 Candidiano
1320 3320 1428 3389 jam
1471 3320 1600 3373 olim
1635 3320 1808 3374 amico

223 3428 349 3479 suo,
377 3414 467 3484 qui
491 3412 700 3468 Cucuso
728 3411 1147 3483 proculdegebat
1192 3412 1394 3482 (Epist.
1423 3412 1493 3468 42
1517 3417 1557 3484 ).

298 3506 624 3560 Antiochiam
652 3507 838 3560 multas
858 3506 1030 3560 literas
1055 3505 1299 3558 mittit.—
1314 3505 1645 3560 Antiochiam
1671 3519 1806 3573 quo-

222 3612 355 3668 que,
381 3597 470 3650 ubi
490 3597 541 3651 in
564 3612 750 3667 magna
774 3596 1164 3652 existimatione
1188 3605 1321 3659 erat,
1343 3596 1649 3650 innumeras
1675 3612 1808 3664 pene

220 3689 488 3761 epistolas
506 3688 803 3743 misitexsnl
835 3706 848 3742 :
872 3703 1095 3757 quarum
1118 3688 1294 3740 multm
1312 3688 1539 3756 periere,
1555 3687 1810 3755 plurimas

222 3795 443 3853 quoque
469 3796 537 3835 ex
582 3780 646 3833 iis
680 3794 797 3849 qua:
853 3787 1137 3847 supersunt
1190 3794 1294 3832 non
1343 3778 1586 3832 novimus
1630 3787 1805 3831 utrum

221 3873 295 3929 ad
326 3871 689 3926 Antiochenos
713 3880 975 3939 spectent,
1005 3869 1125 3937 quia
1158 3870 1453 3939 sa'pissime
1506 3883 1612 3922 non
1638 3877 1804 3930 notat,

223 3977 333 4017 nec
361 3962 469 4014 dat‘
495 3961 670 4015 locum
714 3958 1128 4022 internoscendi,
1147 3974 1251 4026 quo
1282 3960 1332 4011 in
1362 3958 1480 4012 loco
1506 3957 1744 4013 habitent
1774 3958 1808 4012 ii

222 4054 293 4108 ad
315 4053 645 4122 quosliteras
665 4051 877 4121 dirigit;
919 4050 1209 4105 verisimile
1238 4058 1413 4104 autem
1442 4057 1528 4104 est
1556 4050 1810 4118 plurimas

221 4162 291 4201 ex
318 4145 443 4206 illis,
465 4159 583 4213 qua:
616 4142 916 4209 hujusmodi
947 4149 1124 4195 notam
1174 4156 1279 4194 non
1314 4140 1505 4205 ferunt,
1537 4139 1603 4193 ad
1628 4139 1811 4193 Antio-

222 4237 436 4291 chenos
460 4234 651 4288 missas
678 4232 860 4287 fuisse.
894 4232 1036 4287 lnter
1065 4246 1178 4293 eos,
1208 4230 1299 4301 qui
1332 4230 1627 4285 Antiochiae
1654 4230 1811 4285 sedes

224 4325 519 4384 habebant,
548 4323 777 4377 amicitia
800 4323 870 4375 illi
892 4322 1307 4389 coniunctissimi
1328 4328 1483 4375 erant
1514 4320 1810 4375 Marcianus

221 4426 278 4469 οι
306 4415 640 4469 Marcellinus
674 4414 883 4476 fratres,
907 4427 1130 4481 quorum
1184 4421 1483 4481 postremus
1522 4411 1573 4464 in
1604 4410 1811 4465 duobus

222 4506 359 4561 Ilss.
388 4505 754 4561 Marcellianus
773 4512 1009 4558 vocatur.
1055 4502 1164 4558 Hos
1191 4516 1316 4557 vero
1352 4502 1597 4558 obsecrat
1624 4503 1673 4557 in
1695 4503 1811 4572 cpio

222 4596 364 4653 stiqa
392 4597 513 4659 129,
545 4604 605 4650 ut
632 4610 690 4649 se
720 4594 1023 4665 frequenter
1048 4595 1115 4649 de
1141 4594 1442 4648 valetudine
1465 4609 1556 4647 sua
1612 4594 1809 4649 certio-

222 4704 345 4744 rem
399 4689 610 4742 faciant.
654 4686 986 4741 Theodotum
1029 4700 1154 4740 vero
1202 4684 1483 4739 diacOnum
1524 4692 1723 4752 monet,
1753 4693 1811 4739 ut

222 4776 626 4834 Marcellianum
674 4784 729 4830 et
772 4775 987 4830 fratrem
1024 4776 1321 4839 conveniat,
1355 4784 1408 4829 et
1451 4775 1588 4844 apud
1616 4790 1709 4831 eos
1757 4774 1807 4829 id

223 4874 373 4938 agat,
392 4875 447 4920 ut
475 4866 907 4935 Cbrysostomum
935 4872 1157 4934 purgent
1182 4864 1321 4932 apud
1350 4864 1662 4931 Carteriam,
1693 4879 1811 4934 qua)

221 4958 300 5014 de
326 4957 703 5028 Clirysostomo
729 4957 1067 5020 atterebatur,
1088 4955 1226 5025 quod
1256 4955 1321 5010 ad
1346 4970 1461 5009 eam
1489 4971 1592 5011 non
1610 4958 1812 5013 scribe-

227 5061 349 5107 ret:
377 5065 477 5120 qua
508 5049 574 5105 de
595 5064 654 5103 re
686 5048 924 5104 inferius.
954 5047 1345 5102 Marcelliannm
1369 5062 1498 5113 vero
1517 5058 1569 5101 et
1595 5047 1810 5103 fratrem

228 5142 323 5194 hic
361 5138 721 5193 nobilissimos
760 5146 933 5192 vocat.
964 5137 1184 5206 Scripsit
1210 5137 1368 5191 etiam
1408 5137 1510 5190 illis
1535 5137 1810 5207 epistolam

228 5234 361 5293 221,
392 5243 443 5286 et
458 5232 700 5302 queritur
718 5230 858 5300 quod
878 5228 1091 5294 sileant,
1129 5243 1225 5284 ncC
1248 5229 1430 5283 literas
1450 5229 1549 5283 sibi
1577 5229 1809 5297 mittant,

234 5338 337 5377 nec
352 5333 621 5391 acceptam
648 5322 746 5375 sibi
776 5334 896 5375 esse
920 5320 1045 5374 dicit
1065 5319 1483 5380 excusationem,
1531 5334 1690 5389 quam
1721 5334 1814 5388 per

228 5414 600 5469 Constantium
623 5411 987 5483 presbyterum
1016 5410 1285 5463 miserant.
1315 5407 1506 5462 Verum
1534 5417 1814 5477 antequam

236 5503 311 5557 illi
339 5503 475 5558 hanc
491 5501 767 5569 epistolam
815 5500 1134 5568 acciperent,
1166 5513 1348 5552 eorum
1371 5497 1484 5566 ipse
1526 5497 1707 5553 literas
1728 5514 1817 5553 ac.

236 5594 397 5662 cepit,
424 5592 573 5662 queis
598 5592 745 5645 illum
771 5591 1000 5646 vicissim
1049 5590 1381 5644 lacessebant
1403 5588 1543 5658 quod
1588 5588 1685 5643 sibi
1712 5605 1816 5644 non

239 5684 515 5738 scriberet.
540 5681 835 5753 IleSpontlit
859 5682 963 5736 illis
1011 5680 1423 5752 Cbrysostomus
1442 5722 1456 5746 ,
1491 5693 1647 5749 atque
1675 5681 1818 5750 ipsos

243 5789 347 5832 non
374 5774 491 5831 sine
509 5789 667 5831 causa
714 5787 892 5836 narem
940 5772 1322 5837 querimoniam
1363 5770 1553 5825 afferre
1595 5764 1815 5825 confite-

1348 391 1527 449 ΝυΝο
1568 390 1828 451 PRIMUM
1866 394 2138 451 ADORNA
2148 397 2256 457 ΤΑ.

3381 410 3483 466 250

1911 516 2015 562 tur.
2047 508 2123 563 Ex
2154 510 2310 566 dictis
2354 529 2476 569 vero
2498 517 2613 586 ejus
2640 521 2842 574 eruitur
2880 522 3017 585 illos,
3051 524 3147 576 nisi
3169 527 3481 593 :rgrttudine

1906 598 2291 666 detinerentur,
2321 605 2483 674 ipsius
2511 607 2718 664 videndi
2744 626 2902 666 causa
2946 613 3208 669 Cucusum
3234 628 3483 670 \‘t'nlurn-t

1908 687 2089 757 fuisse,
2122 691 2172 745 id
2199 693 2339 762 quod
2389 695 2477 751 ille
2516 697 2801 754 admodum
2841 712 3090 771 exaptare
3150 706 3479 759 testiﬁcatur.

1906 776 2054 831 Alias
2072 780 2230 836 etiam
2263 782 2389 852 ipsis
2416 787 2557 841 misit
2599 790 2870 858 epistolas,
2894 808 3083 863 nempe
3112 796 3198 859 19,
3223 796 3311 860 65,
3358 796 3478 856 100.

1907 875 1962 921 et
1987 867 2088 924 129
2118 887 2131 922 :
2166 870 2216 925 in
2244 875 2395 942 queis
2412 878 2596 932 eadem
2624 879 2736 948 ipsa
2763 886 2971 951 repetit,
2991 885 3088 939 sibi
3111 886 3356 941 nimirum
3378 901 3485 939 Sw-

1910 957 2027 1048 pius
2054 962 2315 1018 scribendi
2349 966 2613 1023 licentiam
2657 986 2685 1024 a
2721 973 3054 1041 praedonibus
3099 977 3290 1033 lsanris
3326 980 3480 1048 eripi,

1909 1046 2290 1124 literarumque
2318 1055 2664 1128 frequentiam
2706 1072 2958 1132 exoptare
2987 1081 3045 1120 se
3086 1046 3420 1124 testificatur.
3492 1109 3515 1122 ς

1978 1140 2241 1198 Marciano
2260 1147 2418 1201 etiam
2449 1151 2598 1206 alteri
2634 1152 2869 1208 ’I‘ribuno
2899 1157 3176 1227 epistulam
3208 1175 3266 1215 se
3293 1163 3470 1217 misis-

1907 1243 1967 1284 se
1997 1244 2381 1320 commemorat
2412 1239 2601 1309 (Epist.
2629 1241 2727 1298 211
2763 1245 2803 1313 ),
2837 1262 2953 1313 qua:
2975 1250 3082 1314 jam
3114 1249 3304 1304 amissa
3322 1261 3443 1320 puta

1908 1326 2026 1411 tur.
2043 1319 2145 1375 Sed
2165 1324 2216 1376 in
2242 1326 2465 1394 epistola
2498 1330 2600 1384 122
2634 1333 2700 1387 ad
2746 1334 2892 1389 illum
2942 1338 3101 1392 missa
3142 1319 3481 1411 summopere

1910 1406 2085 1504 laudat
2114 1411 2282 1477 illum,
2304 1418 2443 1485 quod
2464 1423 2777 1488 pupillorum
2810 1428 3156 1493 patrocinium
3202 1406 3478 1504 suscipiat,

1909 1498 2180 1556 viduarum
2203 1520 2485 1563 maerorem
2510 1510 2686 1579 leniat,
2708 1528 3066 1586 paupertatem
3087 1521 3223 1578 levet
3246 1498 3483 1594 plebem-

1906 1603 2009 1658 que
2029 1594 2325 1650 universam
2346 1596 2629 1666 frumento,
2660 1607 2802 1669 vino,
2845 1611 2963 1666 oleo
2993 1612 3212 1684 aliisque
3239 1618 3482 1672 omnibus

1907 1681 2066 1736 rebus
2092 1686 2218 1751 alat,
2234 1703 2295 1743 ac
2323 1707 2416 1758 pro
2430 1710 2580 1750 more
2602 1706 2651 1752 ut
2675 1699 2773 1752 sibi
2806 1700 3109 1771 frequenter
3127 1681 3327 1762 scribat
3352 1707 3479 1763 bor-

1908 1779 2065 1868 tatu‘r.
2096 1775 2398 1835 Marcellino
2423 1785 2580 1839 etiam
2614 1796 2668 1841 ut
2694 1791 2863 1845 amico
2879 1795 3043 1849 veteri
3073 1799 3253 1852 scribit
3282 1800 3480 1868 cpisto-

1910 1862 1986 1915 las
2011 1865 2071 1919 51
2103 1868 2296 1935 et188,
2325 1872 2507 1927 eadem
2538 1875 2649 1933 fere
2679 1883 2787 1950 ipsa
2828 1900 2944 1953 qua:
2976 1886 3026 1939 in
3075 1892 3282 1945 caeteris
3307 1862 3477 1947 enun-

1910 1955 2048 2010 tians
2081 1975 2237 2013 :nam
2266 1962 2557 2022 innumera:
2595 1985 2731 2038 pene
2776 1986 2897 2028 sunt
2936 1977 3171 2045 ejusdem
3226 1981 3410 2039 formre
3431 1997 3480 2041 et

1912 2047 2111 2142 tenoris
2134 2051 2392 2120 epistolae.
2427 2056 2690 2113 Antiocho
2738 2062 2861 2117 item
2898 2068 3068 2120 amico
3097 2070 3281 2124 scribit
3324 2073 3481 2142 epist.

1910 2135 2423 2233 1_89,difficultatcm
2468 2149 2732 2205 scribendi
2781 2154 2851 2209 ob
2881 2157 3273 2216 tabellariorum
3316 2135 3479 2233 penu-

1909 2227 2040 2321 riam
2060 2246 2379 2301 memorans,
2406 2235 2707 2308 frequentes
2743 2243 2811 2298 ab
2853 2260 2918 2300 eo
2945 2247 3125 2305 literas
3178 2227 3384 2321 petens,
3414 2256 3480 2310 il-

1913 2316 2124 2388 lumque
2145 2323 2480 2383 Artemidoro
2498 2331 2706 2387 cuidam
2729 2339 3064 2394 commendat
3097 2343 3145 2394 in
3177 2316 3334 2413 epist.
3363 2348 3482 2402 l7'l.

1912 2410 2130 2480 Alypius
2156 2430 2280 2469 vero
2296 2418 2507 2486 quidam
2526 2421 2904 2493 Chrysostomo
2934 2410 3223 2487 admodum
3238 2437 3482 2494 addictus

1911 2499 2008 2570 ipsi
2050 2503 2192 2569 prior
2212 2508 2497 2575 seripserat
2548 2514 2705 2580 epist.
2743 2515 2763 2585 (
2791 2517 2914 2581 186,
2948 2520 3109 2592 178),
3141 2525 3277 2579 haud
3326 2526 3485 2584 dubie

1909 2607 2028 2647 cum
2065 2597 2235 2665 primo
2261 2598 2521 2656 Cucnsum
2537 2604 2854 2672 advenisset,
2871 2611 2962 2665 sed
2988 2627 3105 2666 cum
3122 2620 3484 2683 excusatione,

1911 2699 1978 2739 ne
1995 2702 2057 2740 ex
2090 2688 2175 2741 illa
2208 2692 2543 2751 festinatione
2566 2700 2711 2767 quasi
2738 2700 3019 2758 admodum
3041 2721 3482 2780 pr:ccepsargue-

1912 2784 2076 2830 retur.
2105 2777 2409 2849 Respondet
2433 2786 2505 2839 illi
2541 2785 2972 2860 Chrysostomus,
2999 2809 3057 2849 se
3076 2837 3091 2859 ,
3123 2804 3179 2850 ut
3208 2777 3488 2866 priusvdili-

1911 2868 2139 2935 gentiam
2158 2880 2211 2924 et
2238 2870 2622 2931 festinationem
2647 2879 2759 2947 ejus
2787 2880 3111 2950 laudaverat,
3141 2886 3249 2956 jam
3272 2890 3486 2944 tardita-

1910 2964 2016 3012 tem
2039 2975 2280 3030 arguere.

1982 3050 2062 3104 Ad
2091 3053 2387 3107 Eutbaliam
2428 3073 2639 3127 quoque
2691 3062 2898 3129 pietatis
2936 3066 3217 3133 singularis
3241 3069 3487 3127 feminam

1912 3140 2092 3195 literas
2120 3144 2262 3197 misit
2289 3144 2377 3209 ⁸52,
2411 3146 2529 3208 178,
2573 3150 2915 3219 queriturque
2950 3155 3089 3223 quod
3137 3158 3329 3213 multas
3353 3161 3484 3228 ipse,

1912 3245 2103 3300 paucas
2128 3232 2212 3286 illa
2243 3234 2340 3287 sibi
2394 3236 2571 3290 literas
2611 3240 2801 3305 mittat,
2846 3241 3075 3313 dicitque
3129 3254 3328 3302 tantum
3387 3251 3485 3304 sibi

1909 3322 2154 3392 gaudium
2177 3325 2464 3379 amicorum
2488 3327 2667 3382 literas
2691 3330 2899 3399 afferre,
2929 3342 2985 3387 ut
3013 3336 3311 3391 solitudinis
3333 3341 3489 3396 moleo

1911 3414 2276 3469 stiamnullam
2301 3420 2512 3472 sentiat.
2558 3420 2691 3475 Cum
2744 3426 3025 3493 Amprncla
3074 3437 3127 3482 et
3174 3431 3487 3498 quibusdam

1911 3506 2048 3571 aliis,
2073 3521 2189 3577 qure
2211 3523 2331 3563 cum
2373 3509 2460 3565 illa
2483 3513 2847 3578 versabantur,
2888 3518 3073 3584 majori
3104 3522 3261 3574 etiam
3292 3522 3486 3576 carita-

1913 3596 1981 3650 tis
2009 3598 2221 3652 vinculo
2248 3615 2413 3653 nexus
2430 3599 2590 3656 fuisse
2621 3603 2849 3669 videtur,
2870 3616 2923 3659 ut
2944 3622 3008 3661 ex
3041 3618 3265 3677 quatuor
3284 3614 3483 3681 episto-

1914 3684 1980 3738 lis
2006 3686 2069 3739 ad
2103 3687 2243 3740 illam
2277 3690 2449 3743 missis
2477 3691 2643 3745 tribus
2670 3693 2687 3761 (
2715 3694 2837 3759 191,
2874 3697 2996 3760 103,
3026 3696 3096 3753 96
3124 3698 3144 3770 )
3181 3702 3482 3771 percipitur.

1914 3774 2341 3845 EratAmprncla
2370 3779 2592 3836 fortasse
2617 3781 2771 3853 Syra,
2792 3785 2874 3840 vel
2900 3788 3116 3843 alterius
3139 3789 3361 3846 fortasse
3390 3808 3488 3847 na-

1915 3867 2269 3937 tionis,neqne
2287 3869 2471 3925 Grmce
2490 3874 2724 3929 scribere
2737 3876 2956 3942 sciebat;
2975 3894 3040 3932 ex
3064 3879 3272 3935 sincero
3290 3892 3487 3948 autem,

1912 3972 2018 4025 quo
2040 3971 2162 4025 erga
2180 3957 2612 4030 Chrysostomum
2642 3965 3138 4032 tenebatur,all‘ectu
3166 3979 3346 4025 vexata
3372 3986 3488 4026 ma—

1916 4046 2088 4115 lisque
2116 4048 2294 4102 multis
2324 4059 2377 4103 et
2398 4051 2483 4104 illa
2522 4060 2577 4105 et
2603 4054 2761 4107 socia:
2789 4068 2899 4108 sua:
2925 4071 3059 4125 pene
3087 4058 3273 4113 obruta
3299 4058 3486 4114 fuerat.

1915 4134 2064 4189 Illam
2091 4152 2218 4191 vero
2242 4138 2446 4194 solatur
2489 4140 2922 4211 Chrysostomus,
2981 4150 3257 4214 praesentia
3314 4151 3489 4206 omnis

1916 4225 2053 4281 ﬂuxa
2084 4241 2200 4282 esse
2220 4228 2423 4290 dicens,
2448 4229 2622 4283 futura
2650 4240 2824 4285 autem
2855 4235 2990 4288 bona
3010 4235 3156 4288 firma
3179 4247 3229 4292 et
3258 4239 3307 4291 in
3327 4249 3487 4295 mter-

1915 4334 2041 4372 num
2087 4322 2373 4374 manentia.
2431 4320 2757 4376 Harmatium
2791 4340 2934 4389 vero,
2966 4327 3190 4395 probum
3240 4330 3411 4386 virum
3438 4341 3490 4386 et

1916 4410 2352 4481 opulentum,qui
2373 4410 2673 4466 hominibus
2689 4413 2801 4468 suis
2831 4415 3201 4485 imperaverat,
3232 4430 3288 4474 ut
3311 4423 3487 4476 omnia

1916 4501 2107 4570 quibus
2131 4516 2289 4568 cgere
2323 4512 2501 4570 posset
2519 4502 2935 4576 Chrysostomus
2952 4508 3051 4577 ipsi
3068 4510 3487 4580 suppeditarent,

1916 4591 2083 4645 literis
2107 4592 2257 4661 suis(
2284 4594 2351 4648 75
2374 4593 2590 4663 )monet
2608 4594 2708 4649 sibi
2730 4596 2909 4651 omnia
2950 4597 3189 4666 affluere,
3217 4609 3344 4655 etse
3369 4603 3491 4657 nul-

1919 4680 1970 4734 lo
1995 4695 2128 4750 opus
2154 4680 2369 4748 habere,
2398 4683 2491 4738 sed
2536 4685 2580 4738 si
2609 4686 2890 4755 gratificari
2920 4688 3018 4742 sibi
3067 4690 3213 4755 velit,
3243 4691 3408 4747 literis
3438 4706 3496 4747 so

1919 4770 2222 4841 frequenter
2248 4772 2315 4828 de
2340 4788 2433 4828 sua
2451 4781 2507 4828 et
2546 4772 2760 4830 familia:
2792 4777 2951 4832 totius
2974 4779 3273 4835 valetudine
3297 4782 3492 4835 certio-

1916 4879 2028 4918 rem
2059 4864 2233 4921 faciat.

1991 4956 2206 5027 Ilyemis
2237 4971 2361 5010 vero
2383 4965 2637 5024 tempore,
2656 4957 2767 5012 sive
2784 4958 2975 5030 hyeme
3005 4960 3237 5025 ineunte,
3261 4978 3371 5014 cum
3385 4963 3496 5032 jam

1920 5045 2111 5115 hycmis
2132 5055 2324 5118 tempus
2349 5045 2455 5102 vias
2483 5045 2856 5113 intercluderet,
2900 5047 3143 5104 Musonio
3174 5050 3385 5119 scripsit
3405 5065 3491 5118 ep.

1919 5137 2025 5192 216
2049 5155 2061 5189 :
2089 5151 2247 5206 quem
2298 5136 2477 5190 laudat
2514 5152 2544 5189 a
2575 5138 2878 5193 sinceritate
2915 5141 3172 5206 caritatis,
3203 5143 3270 5195 ab
3293 5142 3489 5195 amoris

1920 5227 2132 5292 ardore,
2165 5228 2230 5282 ab
2256 5227 2418 5281 animi
2466 5230 2781 5301 constantia,
2834 5230 2901 5283 ab
2929 5231 3252 5301 ingenuitate
3276 5230 3494 5285 simula-

1923 5319 2080 5372 tionis
2106 5326 2323 5387 experte
2348 5335 2362 5381 ;
2394 5320 2634 5388 queritur
2652 5329 2849 5383 autem,
2873 5320 3011 5390 quod
3034 5319 3279 5386 licetjam
3299 5334 3493 5375 secun-

1921 5409 1992 5464 do
2014 5409 2210 5464 scribat
2226 5409 2346 5477 ipsi,
2367 5410 2561 5465 nullam
2579 5410 2754 5465 adhuc
2769 5411 2885 5478 ejus
2904 5409 3167 5477 acceperit
3191 5408 3494 5478 epistolam,

1923 5499 2062 5570 quod
2090 5499 2355 5553 silentium
2402 5501 2603 5555 crebris
2651 5500 2917 5555 desiderat
2960 5498 3196 5567 epistolis
3238 5513 3491 5569 compen-

1998 5680 2166 5753 Haqis
2193 5683 2474 5737 inclarescit
2503 5683 2553 5734 in
2583 5682 2757 5734 ea'rilio
2777 5695 2927 5746 quam
2948 5679 3401 5753 Constantinopoli.
3434 5712 3500 5723 --

1926 5773 2157 5826 Joanues
2180 5788 2304 5827 vero
2331 5773 2380 5824 in
2426 5771 2609 5824 exsilio
2640 5770 2835 5837 degens
2893 5771 3058 5841 magis
3098 5771 3493 5837 inclaresccbat,
