3954 6396
475 435 571 491 251
1574 423 1631 479 S.
1671 420 1948 479 JOANNIS
1985 417 2465 475 ειιιιγδοδτοδιι
2510 414 2691 482 V'I'I'A,

475 566 630 617 quem
658 561 777 598 eum
808 540 1100 597 Antiochia:
1125 540 1204 593 vel
1251 536 1709 603 Constantinopoli
1734 544 1875 589 esset
1902 534 1919 601 (
1954 533 2053 588 So-

474 656 603 694 zam.
633 637 669 692 ι.
712 635 765 691 8.
816 650 864 687 ε.
912 631 1047 703 27).
1093 625 1224 685 Cum
1282 630 1424 684 enim
1457 626 1693 697 pecuniis
1744 625 2060 691 abundaret,

473 744 603 800 quas
626 736 734 781 tum
766 724 1039 797 Olympias
1055 721 1373 782 diaconissa,
1407 729 1518 773 tum
1548 717 1637 771 alii
1668 716 1816 770 multi
1864 714 2065 769 submi-

476 820 792 885 nistrabant,
816 819 1052 885 captivos
1067 814 1322 885 plurimos
1351 811 1419 865 ab
1440 810 1635 865 lsauris
1663 808 1907 874 redemit,
1929 806 2064 860 mul-

478 915 541 964 lis
567 911 726 965 etiam
753 908 933 978 egenis
972 905 1270 961 necessaria
1322 902 1541 972 largitus
1561 911 1676 962 est;
1709 914 1820 963 eos,
1850 897 1938 968 qui
1971 913 2063 967 pc-

481 1002 653 1057 euniis
683 1017 785 1055 non
818 998 1064 1070 egebant,
1095 994 1371 1066 colloquiis
1402 994 1499 1047 sibi
1548 990 1880 1047 conciliabat.
1910 989 2062 1043 Erat-

475 1110 577 1163 que
599 1092 883 1149 admodum
905 1105 1060 1145 carus
1091 1100 1197 1143 tum
1223 1086 1469 1142 Armenis
1500 1085 1638 1155 apud
1665 1098 1797 1154 quos
1817 1081 2059 1152 degebat,

478 1201 585 1242 tum
616 1184 851 1239 finitimis
866 1182 1130 1237 omnibus.
1152 1179 1300 1235 Multi
1329 1178 1562 1250 quotidie
1592 1176 1657 1231 ad
1676 1192 1796 1231 eum
1826 1170 2066 1229 conﬂue-

479 1277 607 1332 bant
632 1289 696 1330 ex
720 1274 847 1329 urbe
880 1271 1175 1337 Antiochia,
1206 1288 1272 1327 ex
1287 1270 1438 1343 Syria
1465 1279 1519 1324 et
1540 1285 1605 1324 ex
1625 1267 1827 1321 Cilicia.
1862 1268 2058 1335 Atque,

477 1377 533 1422 ut
563 1364 799 1436 pluribus
829 1362 962 1419 infra
984 1363 1208 1427 dicetur,
1251 1377 1344 1416 eos
1374 1363 1463 1431 qui
1515 1358 1848 1427 evangelium
1874 1356 2064 1425 praedi-

474 1459 667 1512 cabant
692 1458 742 1511 in
770 1454 1331 1525 Phtnnicia,juvabat,
1366 1464 1419 1507 et
1440 1451 1655 1506 monitis
1675 1459 1730 1505 et
1757 1447 2059 1520 largitioni-

477 1549 594 1615 bus,
622 1548 753 1601 alios
778 1561 988 1617 quoque
1014 1546 1250 1608 mittens,
1291 1543 1381 1614 qui
1411 1542 1583 1597 eidem
1615 1542 1765 1610 Operi
1791 1539 2064 1595 incumbe-

428 1618 433 1623 .
477 1648 591 1694 rent
617 1657 630 1693 :
654 1638 919 1707 etiamque
946 1634 1263 1691 Gotthorum
1300 1643 1351 1689 et
1380 1633 1660 1688 Persarum
1678 1629 1945 1686 Ecclesias
1974 1645 2065 1685 cu-

474 1730 643 1784 rabat.

546 1819 866 1892 Porphyrius
909 1819 961 1873 in
998 1819 1339 1890 episcopatum
1392 1815 1757 1870 Antiochenam
1805 1816 2051 1869 intrusus.

473 1942 544 1951 ——
570 1910 688 1966 Illos
717 1919 895 1966 autem
924 1911 1011 1981 qui
1033 1910 1131 1964 sibi
1160 1908 1354 1963 addicti
1401 1916 1572 1973 erant,
1618 1916 1723 1961 tam
1767 1904 2066 1961 Coostanti-

478 2005 675 2074 nopoli,
705 2020 862 2074 quam
887 2000 1205 2065 Antiocliim,
1236 2001 1288 2054 in
1334 2000 1586 2054 aerumnis
1616 1999 1736 2052 ideo
1763 2006 2060 2062 versantes,

481 2097 690 2151 fovebat
736 2093 1168 2164 sustentabatque
1224 2108 1323 2162 pro
1368 2092 1568 2145 viribus
1598 2090 1830 2162 (Pallad.
1855 2089 2063 2161 Dialog.

480 2185 686 2241 Sozam.
744 2185 781 2239 ι.
813 2183 866 2240 8.
921 2201 967 2239 c.
1002 2183 1071 2238 24
1097 2184 1137 2255 ).
1168 2182 1302 2239 Cum
1357 2198 1487 2237 vero
1527 2182 1813 2237 Flavianus
1862 2182 2069 2252 episco-

479 2292 576 2342 pos
592 2285 831 2330 mortmts
853 2285 995 2330 esset
1030 2289 1170 2328 anno
1191 2274 1314 2337 tot,
1371 2272 1699 2343 Porphyrius
1726 2272 1806 2325 vir
1836 2286 1866 2324 a
1888 2270 2066 2340 probis

478 2366 714 2420 moribus
758 2363 1097 2429 abhorrens,
1142 2378 1263 2418 sese
1318 2360 1705 2416 Antiochennm
1755 2361 2064 2430 episcopum

480 2466 597 2525 post
621 2456 865 2512 Flaviani
896 2456 1096 2509 obitum
1126 2454 1353 2523 indignis
1394 2453 1566 2507 modis
1606 2452 1841 2506 ordinari
1862 2451 2069 2505 curavit

478 2546 544 2600 ab
594 2545 787 2600 Acacio
826 2542 1085 2617 (Pallad.
1135 2542 1392 2615 Dialog.),
1437 2543 1725 2597 Severiano
1776 2550 1831 2596 et
1882 2542 2068 2597 Antio-

475 2639 598 2704 cho,
626 2639 908 2708 statimque
950 2636 1316 2708 Chrysostomi
1366 2635 1798 2691 condemnationi
1830 2634 2066 2689 subscri-

476 2732 970 2804 psit:quapropter
1021 2730 1172 2784 multi
1204 2731 1256 2784 in
1310 2730 1462 2800 Syria
1495 2729 1561 2784 ab
1615 2729 1731 2797 ejus
1787 2727 2059 2782 consortio

471 2839 594 2879 sese
623 2828 1047 2891 sequestrarunt,
1095 2836 1157 2873 ac
1185 2819 1408 2873 seorsim
1439 2820 1689 2872 eollectas
1712 2818 2063 2883 celebrantes,

475 2916 665 2969 multas
693 2929 959 2968 aerumnas
979 2924 1042 2967 ac
1064 2912 1335 2967 molestias
1358 2921 1479 2967 sunt
1502 2910 1760 2980 perpessi.
1782 2909 1912 2964 Nam
1941 2909 2064 2964 Cle-

481 3020 571 3060 rus
593 3003 957 3058 Antiochenus
1006 3001 1263 3072 insignior
1302 3001 1438 3055 clam
1481 2999 1692 3071 plebem
1740 2998 2063 3069 colligebat,

476 3095 853 3150 accedentibus
882 3093 1041 3149 etiam
1074 3092 1383 3147 mulieribus
1404 3108 1521 3161 qua:
1560 3091 1751 3161 Opibus
1775 3091 2062 3161 pollebant.

474 3187 601 3240 'l‘ota
646 3184 757 3241 fere
782 3185 1115 3240 Antiochena
1143 3183 1380 3239 Ecclesia
1407 3181 1628 3238 Joannis
1651 3181 1910 3236 invisendi
1933 3196 2066 3237 cau-

475 3298 531 3332 sa
564 3280 613 3333 in
639 3279 948 3333 Armeniam
976 3277 1242 3347 migravit,
1287 3284 1343 3331 et
1393 3276 1445 3329 in
1492 3273 1665 3330 reditu
1726 3290 1911 3329 omnes
1950 3275 2067 3345 ejus

478 3369 1299 3439 ihilosophiamprmdicarunt:
1342 3382 1460 3437 quae
1511 3382 1597 3422 res
1645 3365 1991 3421 Severianum
2012 3374 2067 3423 et

474 3460 824 3533 Porphyrium
850 3460 918 3514 ita
939 3460 1233 3523 mordebat,
1257 3467 1313 3513 ut
1333 3461 1450 3528 ejus
1477 3458 1599 3514 ideo
1624 3468 1916 3513 extremam
1941 3474 2065 3527 per-

483 3556 674 3609 niciem
707 3554 1041 3608 molirentur.

546 3646 656 3700 lloc
681 3646 895 3700 circiter
916 3654 1127 3713 tempus
1162 3645 1429 3701 Cucusum
1457 3647 1603 3702 venit
1632 3647 1913 3718 presbyter
1938 3647 2059 3716 qui-

472 3738 592 3792 dam
621 3753 647 3789 a
679 3738 882 3792 Domno
898 3738 1149 3807 episcopo
1175 3738 1243 3791 ad
1266 3736 1525 3793 Joannem
1554 3739 1768 3793 missus.
1802 3738 1927 3792 Erat
1956 3753 2056 3792 au-

475 3842 579 3883 tem
605 3830 838 3884 Domnus
870 3830 968 3899 ipsi
1018 3830 1507 3901 conjunctissimus,
1539 3846 1696 3901 quem
1750 3841 1900 3899 rogat
1950 3830 2065 3886 fre-

472 3929 699 3988 quenter
743 3921 924 3974 literas
951 3920 1124 3974 solatii
1180 3936 1337 3976 causa
1387 3921 1487 3976 sibi
1536 3921 1728 3975 tnittat.
1779 3922 2067 3976 Accessere

470 4026 681 4081 quoque
706 4012 792 4065 alii
823 4012 1119 4083 presbyteri
1162 4012 1329 4081 ipsius
1361 4011 1621 4067 invisendi
1666 4011 1854 4083 gratia,
1882 4021 1937 4066 et
1965 4011 2065 4066 for-

474 4104 628 4157 tassis
655 4104 991 4169 Antiocheni,
1020 4104 1211 4174 quibus
1237 4104 1305 4160 ad
1349 4120 1445 4161 sua
1471 4104 1864 4160 revertentibus
1884 4104 2066 4162 l'teras

471 4195 617 4250 dedit
639 4196 703 4249 ad
735 4196 999 4265 Elpidium
1029 4197 1337 4268 episcopum
1381 4197 1720 4261 deferendas,
1752 4213 1840 4267 ep.
1867 4197 1939 4253 25
1968 4215 1981 4252 :
2011 4199 2062 4253 in

470 4302 692 4355 quarum
713 4287 977 4359 principio
999 4289 1147 4354 dicit,
1172 4303 1232 4344 se
1254 4289 1588 4358 frequentius
1607 4289 1707 4359 ipsi
1736 4289 2063 4357 scripturum

474 4376 654 4441 fuisse,
682 4379 782 4432 nisi
813 4379 1077 4434 latronum
1105 4390 1301 4443 metus,
1329 4380 1454 4433 anni
1482 4388 1791 4449 tempestas,
1817 4389 1872 4434 et
1895 4380 2063 4434 tabel-

475 4469 725 4523 lariorum
752 4471 950 4539 inopia,
976 4471 1279 4527 facultatem
1306 4471 1405 4525 sibi
1431 4470 1758 4537 adimerent;
1789 4485 2065 4541 precatur-

473 4572 579 4625 que
606 4566 664 4612 ut
692 4559 1000 4628 frequenter
1052 4575 1110 4614 se
1165 4559 1334 4613 literis
1383 4560 1683 4628 compellet.
1739 4560 2062 4616 Eorumdem

476 4648 902 4719 presbyterorum
949 4650 1244 4705 ministerio
1266 4650 1452 4705 eadem
1481 4666 1615 4720 pene
1649 4652 1758 4719 ipsa
1792 4652 1977 4707 scribit
1999 4653 2063 4708 ad

473 4737 716 4808 Magnum
769 4740 1099 4809 episcopum.
1167 4742 1309 4794 Dona
1353 4750 1530 4796 autem
1581 4741 2063 4812 undiqueaccipie-

474 4830 555 4884 bat
580 4846 611 4884 a
657 4831 784 4885 vn'is
818 4833 1013 4901 probis,
1034 4834 1396 4903 etinsignibus
1442 4833 1651 4890 feminis
1672 4835 1808 4905 :equi
1838 4837 2065 4907 bonique

471 4922 791 4989 amantibus,
821 4923 892 4978 ita
919 4933 977 4978 ut
1023 4940 1204 4981 rerum
1249 4927 1488 4981 omnium
1527 4929 1679 4997 copia
1733 4929 2049 4985 abundaret.

474 5019 813 5083 Quapropter
840 5028 961 5070 cum
1008 5015 1246 5085 quotidie
1298 5018 1610 5073 muneribus
1646 5034 1736 5075 res
1785 5017 2062 5075 familiaris

474 5105 607 5160 ultra
631 5105 847 5160 modum
873 5119 1176 5178 augeretur,
1196 5109 1362 5180 ctepit
1388 5110 1478 5166 ille
1504 5111 1825 5167 donantibus
1840 5129 2060 5169 munera

474 5196 764 5261 remittere,
798 5207 930 5253 etut
969 5198 1226 5269 largieudi
1268 5200 1425 5257 tinem
1479 5200 1719 5259 facerent
1770 5218 1978 5274 rogare,
2006 5214 2063 5261 ut

474 5287 651 5343 videre
676 5296 758 5343 est
775 5287 830 5342 in
858 5289 1096 5357 epistolis
1121 5290 1192 5346 ὅθ
1215 5290 1283 5347 ad
1336 5292 1642 5363 Diogenem,
1689 5293 1751 5350 61
1787 5295 1853 5349 ad
1881 5294 2061 5350 Theo-

473 5378 739 5433 dotumex
773 5379 1174 5448 Consularibus,
1220 5392 1276 5438 et
1325 5383 1434 5439 252
1456 5384 1523 5439 ad
1567 5383 1883 5441 Carteriam.
1936 5387 2059 5441 bio-

470 5482 633 5527 scttes
665 5484 795 5525 vero
816 5470 957 5527 dona
1003 5489 1099 5528 sua
1147 5474 1368 5530 miserat
1396 5489 1492 5544 per
1519 5476 1862 5543 Aphraatem,
1887 5477 2061 5532 virum

475 5556 1130 5634 religiosissimum,quem
1177 5565 1414 5636 jusserat
1447 5566 1828 5639 Chrysostomo
1858 5569 2058 5624 nolenti

474 5663 693 5702 munera
722 5652 1041 5723 relinquere.
1080 5657 1379 5726 Aphraates
1411 5674 1477 5714 ne
1507 5659 1686 5715 literas
1732 5662 1947 5731 quidem
1993 5663 2060 5716 ab

473 5739 563 5793 illo
593 5755 651 5805 se
679 5754 1020 5811 accepturum
1061 5764 1181 5802 esse
1210 5752 1526 5812 minabatur,
1562 5754 1659 5806 nisi
1692 5753 1805 5822 ipse
1837 5770 2056 5808 munera

472 5830 755 5897 acciperet
793 5831 1201 5901 ilhrysostnmns
1251 5857 1375 5894 \cro
1417 5844 1797 5911 componenda:
1833 5841 1904 5895 rei
1940 5860 2055 5896 Ino-

3657 420 3761 475 252

2173 531 2296 585 dum
2346 530 2615 596 excitavit,
2666 530 3049 600 epistolamque
3099 530 3331 586 misit5l
3388 531 3636 601 Diogeni,
3660 550 3758 603 qua

2171 620 2413 675 hortatur
2443 620 2612 683 illum,
2634 629 2690 673 ut
2717 619 3035 689 Aphraatem
3058 620 3240 689 jubeat
3290 637 3513 675 munem
3543 621 3634 676 illa
3662 625 3752 677 de—

2169 711 2307 767 ferre
2335 714 2385 766 in
2436 710 2783 778 thniciam,
2805 711 3011 782 illisque
3039 712 3232 767 offerre
3257 714 3596 785 quiregionis
3615 715 3758 769 istius

2169 806 2393 873 gentiles
2444 800 2509 856 ad
2557 803 2909 857 Christianam
2953 804 3111 857 fidem
3163 803 3428 859 adducere
3467 806 3746 867 curabant,

2171 895 2309 950 unde
2338 896 2723 966 majorutilitas
2741 895 2911 949 futura
2951 905 3085 952 erat.
3124 896 3249 951 Inde
3292 914 3415 952 vero
3445 899 3759 967 eonjicimns

2174 983 2457 1057 Diogenem
2491 984 2639 1041 illum
2682 987 2979 1041 Antiochim
3006 987 3187 1053 fuisse,
3232 999 3390 1058 atque
3434 992 3757 1060 Aphraatem

2171 1080 2223 1133 in
2256 1078 2425 1133 reditu
2459 1095 2555 1133 suo
2574 1094 2667 1148 per
2687 1077 3013 1134 Phaeniciam
3045 1078 3206 1134 fuisse
3248 1080 3623 1139 transiturum.

2241 1170 2474 1225 Carteria
2504 1185 2631 1225 vero
2655 1179 2799 1225 tanto
2824 1185 2949 1241 erga
2981 1169 3421 1243 Chrysostomum
3452 1171 3649 1227 affectu
3680 1172 3758 1229 fe.

2170 1259 2409 1329 rebatur,
2435 1272 2491 1315 ut
2514 1262 2611 1316 nisi
2639 1262 2788 1333 gravi
2813 1262 3001 1317 morbo
3026 1263 3237 1317 detenta
3261 1262 3467 1331 fuisset,
3487 1263 3758 1319 Cucusum

2170 1353 2284 1423 ejus
2307 1352 2510 1407 visendi
2532 1368 2690 1407 causa
2713 1353 3011 1422 profectura
3034 1352 3237 1418 fuisset,
3260 1363 3315 1407 ut
3333 1354 3493 1422 liquet
3516 1370 3583 1408 ex
3603 1357 3756 1423 epist.

2168 1442 2273 1499 227
2301 1443 2320 1516 (
2342 1441 2508 1516 Epist.
2533 1445 2599 1499 l8
2687 1444 2871 1499 Morbo
2896 1454 3071 1499 autem
3101 1454 3472 1513 perseverante
3496 1445 3612 1514 ipsa
3641 1462 3759 1499 sua-

2171 1546 2261 1607 pte
2282 1553 2440 1592 manu
2462 1549 2729 1607 unguenta
2756 1538 2995 1607 qnazdam
3022 1536 3271 1602 confecit,
3296 1553 3413 1607 qua:
3442 1536 3760 1608 Chrysoste-

2171 1646 2259 1684 mo
2289 1630 2463 1693 misit,
2499 1639 2555 1683 ut
2595 1631 2758 1701 liquet
2793 1645 2857 1684 ex
2888 1630 3110 1699 epistola
3147 1629 3236 1683 54.
3271 1628 3361 1683 Illa
3389 1644 3516 1683 vero
3548 1630 3759 1700 longam

2173 1723 2649 1793 peregrinationem
2681 1722 2816 1787 iniit,
2844 1730 2901 1774 ut
2926 1717 3097 1776 fertur
3124 1721 3173 1774 in
3201 1721 3358 1790 epist.
3387 1722 3457 1776 44
3484 1721 3554 1775 ad
3581 1720 3758 1775 Theo-

2170 1814 2351 1869 dotum
2373 1813 2679 1869 diaconum.
2704 1813 2813 1868 Sub
2836 1812 2948 1867 tunc
2973 1822 3149 1868 autem
3174 1810 3416 1880 Lihanio,
3441 1813 3557 1866 viro
3578 1811 3761 1869 claris-

2171 1907 2337 1973 simo,
2367 1907 2564 1972 suasit,
2596 1916 2655 1979 ut
2679 1904 2942 1961 Cucusum
2971 1902 3338 1975 Chrysostomi
3368 1904 3577 1959 visendi
3607 1921 3762 1963 causa

2175 1996 2602 2068 proﬁcisceretur
2621 2016 2634 2051 :
2656 1997 2795 2067 quod
2825 1996 2923 2066 ipsi
2944 1994 3229 2049 admodum
3254 1995 3468 2066 placuit,
3499 2005 3559 2048 ut
3585 1997 3764 2051 videre

2172 2098 2254 2143 est
2274 2089 2324 2143 in
2353 2089 2743 2159 elegantissima
2766 2088 2989 2158 epistola
3004 2086 3131 2142 252.
3155 2084 3314 2141 Venit
3337 2102 3464 2157 ergo
3484 2086 3761 2154 Libanins,

2172 2189 2225 2235 et
2255 2181 2540 2250 perexiguo
2564 2189 2805 2249 tempore
2828 2194 2948 2234 eum
2975 2179 3359 2251 Chrysostomo
3388 2190 3637 2234 versatus
3662 2192 3760 2247 est,

2173 2284 2229 2327 ut
2273 2274 2323 2327 in
2365 2274 2586 2343 epistola
2617 2274 2723 2327 230
2752 2273 2816 2328 ad
2862 2272 3123 2341 Elpidium
3151 2272 3460 2342 episcopum
3494 2284 3758 2327 narratur.

2175 2363 2222 2419 Is
2258 2363 2325 2419 de
2361 2366 2520 2420 rebus
2544 2406 2558 2431 ,
2587 2381 2706 2436 qua:
2730 2364 3025 2422 Antiochia:
3060 2375 3169 2421 tum
3209 2364 3567 2433 gerebantur,
3604 2367 3765 2435 probe

2173 2457 2463 2512 instructus
2499 2468 2647 2523 erat,
2679 2468 2738 2513 et
2770 2459 2837 2514 de
2875 2460 3071 2516 Severa
3110 2460 3272 2515 nobili
3312 2461 3503 2530 piaque
3541 2459 3765 2512 muliere

2172 2547 2334 2601 multa
2364 2548 2563 2615 retulit,
2592 2564 2749 2619 quam
2783 2567 3071 2622 numquam
3096 2552 3300 2607 viderat
3327 2550 3761 2623 Chrysostomus.

2171 2637 2275 2693 Sed
2303 2655 2369 2695 ex
2398 2649 2614 2696 narratu
2644 2641 2848 2696 Libanii
2881 2651 3056 2697 motus
3082 2642 3314 2698 Joannes
3343 2651 3527 2696 noster
3562 2640 3763 2710 episto-

2171 2728 2278 2783 lam
2313 2728 2389 2783 illi
2424 2730 2568 2784 misit
2604 2730 2729 2786 229.
2761 2731 2894 2786 Cum
2928 2748 3088 2802 porro
3129 2733 3383 2788 Libanius
3410 2734 3594 2796 venit,
3623 2730 3765 2787 Con-

2172 2820 2396 2873 stantius
2436 2821 2524 2876 ille
2568 2822 2846 2893 presbyter
2871 2823 3255 2894 Chrysostomo
3293 2823 3605 2878 carissimus
3646 2837 3766 2876 cum

2172 2911 2265 2964 illo
2288 2921 2440 2976 erat;
2481 2912 2661 2968 literas
2689 2929 2848 2983 porro
2874 2915 2946 2967 illi
2975 2914 3118 2969 dedit
3143 2914 3378 2969 Joannes
3404 2914 3473 2969 ad
3500 2912 3765 2968 Constan-

2173 3007 2302 3061 tium
2332 3008 2557 3062 alterum
2589 3010 2957 3080 presbyterum
2990 3008 3330 3063 adferendas.

2241 3097 2427 3151 Adolia
2456 3109 2688 3153 matrona
2717 3100 3026 3153 Antiochena
3042 3100 3266 3153 caritatis
3277 3099 3767 3168 vinculojuncta.—

2173 3187 2249 3242 Ex
2277 3188 2378 3260 piis
2404 3198 2581 3243 autem
2610 3198 2664 3244 et
2692 3190 2955 3244 nobilibus
2983 3188 3216 3255 feminis,
3243 3204 3364 3259 qua:
3389 3189 3765 3260 Chrysostomi

2170 3278 2334 3335 ductu
2356 3280 2493 3335 viam
2516 3282 2702 3336 salutis
2719 3283 3089 3352 capessebant,
3110 3282 3305 3337 nullam
3328 3283 3497 3352 magis
3517 3280 3766 3347 curabat,

2173 3372 2425 3442 nullaque
2452 3372 2551 3442 ipsi
2579 3373 2744 3442 magis
2765 3373 2911 3428 cordi
2933 3382 3069 3439 erat,
3088 3389 3245 3443 quam
3268 3373 3477 3433 Adolia,
3498 3384 3767 3436 matrona,

2172 3470 2229 3516 ut
2257 3463 2499 3527 videtur,
2527 3464 2876 3518 Antiochena.
2910 3464 3033 3518 ΙΙωο
3079 3478 3205 3519 vero
3229 3462 3452 3518 Libanio
3485 3462 3768 3518 Antiochia

2171 3553 2237 3607 ad
2267 3552 2707 3625 Chrysostomum
2736 3555 3091 3625 proﬁciscenti
3116 3556 3286 3610 nullas
3312 3554 3536 3609 dederat
3563 3556 3767 3618 literas,

2171 3661 2288 3714 qum
2317 3659 2477 3700 causa
2505 3661 2609 3700 non
2646 3646 2931 3701 mediocris
2955 3646 3155 3701 doloris
3180 3646 3277 3715 ipsi
3316 3644 3446 3710 fuit,
3481 3654 3538 3700 ut
3566 3647 3622 3700 in
3654 3644 3766 3714 epi-

2172 3736 2308 3791 stola
2335 3736 2435 3791 251
2470 3738 2799 3794 testificatur.
2831 3737 2919 3791 llla
2948 3753 3075 3793 vero
3097 3753 3154 3792 se
3182 3753 3213 3792 a
3241 3737 3555 3807 propinquis
3586 3736 3768 3806 prodi-

2173 3837 2280 3882 tam
2310 3829 2492 3895 fuisse,
2526 3845 2819 3901 gravesque
2846 3831 3131 3900 tragoedias
3159 3829 3440 3899 pertulisse
3463 3869 3479 3894 ,
3512 3830 3665 3897 prius
3688 3827 3769 3881 di-

2170 3929 2341 3975 xerat.
2373 3921 2442 3974 At
2469 3921 2882 3993 Chrysostomus
2910 3922 3052 3976 illam
3078 3963 3095 3988 ,
3131 3931 3186 3976 ut
3217 3931 3554 3976 terrenarum
3591 3935 3769 3974 rerum

2170 4027 2326 4067 curas
2352 4013 2544 4069 missas
2570 4012 2767 4076 faciat,
2798 4024 2854 4069 et
2885 4013 2951 4068 ad
2979 4030 3038 4068 se
3064 4012 3326 4068 Cucusum
3358 4013 3541 4067 veniat
3568 4012 3763 4067 cohor-

2173 4113 2314 4158 tatur
2342 4103 2502 4174 epist.
2538 4105 2641 4159 155
2663 4146 2679 4171 ,
2713 4104 2855 4159 illam
2884 4104 3126 4159 aditurus
3152 4105 3262 4174 ipse
3285 4145 3303 4166 ,
3339 4104 3383 4158 si
3416 4104 3683 4157 licuisset.
3715 4101 3769 4156 In

2171 4195 2416 4250 morbum
2459 4204 2640 4250 autem
2680 4195 2768 4250 illa
2795 4196 3012 4258 incidit,
3041 4205 3099 4249 ut
3131 4196 3180 4248 in
3207 4195 3428 4264 epistola
3456 4194 3528 4250 52
3555 4195 3724 4249 fertur
3752 4210 3766 4245 :

2170 4287 2514 4342 nihilominus
2538 4296 2715 4342 tamen
2742 4286 2907 4352 illam,
2933 4297 2990 4341 ut
3014 4287 3225 4358 quando
3247 4302 3339 4356 per
3360 4288 3609 4355 corporis
3636 4287 3767 4341 vale-

2172 4376 2410 4431 tudinem
2436 4377 2634 4432 lieebit.
2663 4376 2930 4432 Cucusum
2959 4379 3139 4432 veniat
3166 4377 3429 4432 hortatur.
3458 4378 3514 4431 In
3539 4378 3767 4447 epistola

2170 4483 2298 4524 vero
2318 4469 2385 4524 57
2408 4469 2570 4535 illam,
2590 4468 3020 4539 quandoquidem
3042 4471 3111 4525 ob
3129 4470 3371 4539 corporis
3395 4469 3765 4526 infirmitatem

2169 4562 2273 4617 iter
2298 4560 2562 4616 Cucusum
2592 4562 2866 4632 suscipere
2892 4577 2998 4616 non
3028 4568 3256 4630 poterat,
3285 4572 3541 4631 precatur
3570 4572 3628 4616 ut
3657 4561 3765 4616 fre-

2171 4654 2521 4722 quentissime
2536 4654 2716 4709 literas
2733 4654 2833 4708 sibi
2852 4654 3047 4720 mittat,
3065 4667 3231 4723 seque
3250 4653 3319 4708 de
3340 4652 3652 4707 valetudine
3671 4668 3764 4706 sua

2170 4747 2450 4801 certiorem
2481 4745 2659 4801 faciat.
2694 4745 3102 4817 Ingravescente
3129 4754 3308 4800 autem
3340 4744 3532 4798 morbo
3572 4745 3762 4798 Adolia

2171 4848 2349 4893 tamen
2371 4838 2755 4909 Cbrysostomo
2780 4837 3025 4906 scripsit;
3056 4851 3155 4906 qua
3183 4835 3251 4891 de
3277 4851 3336 4890 re
3364 4835 3416 4890 in
3444 4836 3672 4905 cpistola
3696 4836 3764 4890 55

2168 4929 2361 4999 agitur,
2392 4929 2481 4984 ubi
2506 4928 2575 4985 de
2604 4927 2909 4985 valetudine
2932 4927 3050 4997 ejus
3073 4942 3135 4983 se
3152 4926 3444 4982 admodum
3471 4926 3759 4981 sollicitum

2168 5040 2288 5080 esse
2315 5025 2646 5079 testiﬁcatur.

2240 5120 2492 5172 Autumni
2521 5127 2795 5186 tempore,
2826 5128 3012 5169 mense
3040 5112 3251 5169 circiter
3279 5109 3582 5181 Septembri
3600 5152 3614 5172 ,
3646 5109 3756 5165 edi-

2167 5207 2296 5263 dicit
2317 5207 2734 5277 Chrysostomus
2760 5204 3123 5275 presbyteros,
3146 5203 3385 5271 aliosque
3406 5201 3497 5271 qui
3531 5200 3756 5255 incendii

2166 5297 2409 5354 ecclesia:
2433 5295 3038 5365 Constantinopolitanae
3062 5308 3222 5348 causa
3250 5293 3301 5347 in
3328 5308 3602 5347 carcerem
3631 5290 3755 5345 trusi

2167 5386 2399 5454 fuerant,
2419 5388 2649 5443 emissos
2669 5386 3030 5455 liberatosque
3048 5384 3209 5439 fuisse
3228 5399 3292 5438 ex
3316 5384 3432 5453 lege
3446 5382 3516 5438 29
3537 5381 3759 5452 Augusti

2168 5477 2238 5533 ad
2274 5477 2518 5534 Studium
2549 5476 2866 5533 Praefectum
2908 5476 3553 5545 Constantinopolitanum
3584 5479 3603 5545 (
3638 5470 3760 5524 Vide

2166 5570 2283 5624 cod.
2328 5569 2580 5625 il'heodos.
2607 5569 2730 5624 llil.
2780 5576 2819 5620 t.
2842 5567 2907 5631 2,
2930 5567 2969 5621 ι.
3000 5568 3090 5622 57.
3118 5585 3171 5637 ρ.
3201 5567 3292 5632 75)
3315 5584 3327 5619 :
3351 5580 3469 5635 qua:
3519 5563 3759 5618 fortassis

2168 5670 2283 5729 Ipso
2329 5660 2555 5715 sollicite
2604 5659 2907 5730 pestulunte
2945 5657 3063 5711 data
3115 5658 3287 5711 fuerat
3335 5675 3349 5711 :
3393 5654 3755 5725 Cbrysostomt

2168 5770 2306 5807 enim
2335 5768 2537 5808 amicus
2565 5767 2678 5810 erat
2711 5755 2815 5809 ille.
2847 5753 2957 5807 Hoc
2993 5764 3234 5821 tempore
3266 5754 3423 5805 frater
3447 5750 3562 5817 ejus
3587 5746 3753 5811 obiit,

2170 5857 2220 5897 et
2260 5843 2672 5914 Chrysostomns
2718 5848 2887 5915 ipsmn
2929 5843 3239 5899 consolandi
3282 5858 3439 5897 causa
3477 5837 3749 5909 epistolam
