3954 6432
256 443 360 502 233

258 557 489 627 scripsit,
520 554 707 609 Studia
728 552 977 621 Praefecto
1001 549 1138 604 urbis
1161 547 1466 615 inscriptam
1491 563 1504 599 :
1527 544 1718 613 scripta
1747 541 1830 595 ni-

259 652 455 707 mirum
483 647 577 701 fuit
602 651 842 700 vertente
869 655 1009 695 anno
1038 638 1142 694 404
1162 677 1178 705 ,
1206 652 1327 692 cum
1354 635 1528 690 adhuc
1550 631 1835 687 Pra3lizetus

258 742 410 799 urbis
448 749 589 794 esset
618 754 633 789 :
663 751 788 789 nam
819 734 871 788 in
912 734 1014 786 fine
1043 731 1195 785 istius
1222 728 1346 783 anni
1386 727 1606 795 Optatos
1636 725 1691 779 in
1721 722 1836 793 ejus

260 833 435 887 locum
462 827 781 881 substitutus
798 862 815 890 ,
844 821 1129 877 Praefectus
1154 818 1298 873 urbis
1325 826 1533 871 creatus
1554 821 1656 870 est.

328 920 466 976 Cum
512 927 687 971 autem
734 913 1072 982 presbyteros
1124 908 1245 961 illos
1297 921 1327 960 a
1373 919 1588 959 carcere
1630 901 1836 956 solutos

260 1009 621 1071 exspectaret,
646 996 926 1065 epistolam
956 992 1059 1048 ιη
1088 990 1299 1059 scripsit
1327 987 1535 1057 Elpidio
1562 985 1835 1040 Laodicea:

260 1093 534 1161 episeopo,
557 1085 845 1142 venerabili
870 1084 983 1139 seni
1003 1092 1058 1137 et
1076 1076 1658 1148 sanetissimo'prresuli,
1678 1088 1833 1144 quem

260 1194 606 1248 summopere
635 1175 813 1230 laudat
838 1190 866 1227 a
892 1175 1107 1242 pietate,
1137 1186 1167 1224 a
1197 1167 1471 1239 prudentia
1502 1175 1555 1220 et
1579 1180 1609 1218 a
1639 1162 1837 1218 sollici-

264 1271 449 1326 tudine
471 1309 488 1333 ,
516 1282 617 1337 qua
658 1266 818 1320 totius
844 1263 989 1318 orbis
1023 1269 1077 1316 et
1104 1260 1183 1314 sui
1215 1260 1373 1313 etiam
1408 1254 1626 1311 Joannis
1653 1267 1835 1308 curam

261 1362 506 1430 suscipit.
528 1360 659 1413 Cum
686 1364 903 1425 cuperet
921 1361 1096 1407 autem
1122 1350 1208 1404 ille
1229 1350 1367 1405 scire
1389 1362 1497 1416 quo
1519 1349 1571 1401 in
1594 1355 1732 1400 statu
1755 1357 1838 1397 res

260 1447 634 1522 Chrysostomi
662 1456 787 1500 tunc
811 1451 1023 1506 essent;
1055 1449 1232 1494 narrat
1254 1438 1341 1493 ille
1370 1452 1428 1492 se
1453 1438 1504 1490 in
1537 1433 1837 1489 desertissi-

261 1555 411 1593 mum
445 1538 616 1591 locum
641 1576 658 1598 ,
687 1547 877 1602 nempe
912 1532 1175 1586 Cucnsum
1200 1571 1214 1591 ,
1244 1528 1528 1597 relegatum
1560 1541 1679 1580 esse
1698 1565 1711 1588 ,
1745 1523 1837 1578 sed

262 1631 316 1684 in
360 1629 539 1698 quiete
582 1634 635 1679 et
679 1623 1053 1692 tranquillitate
1097 1620 1329 1684 versari,
1372 1617 1608 1670 omnium
1649 1612 1838 1667 officiis

262 1720 528 1789 gaudere,
557 1724 713 1785 atque
739 1713 906 1769 morbi
932 1712 1168 1781 reliquiis
1196 1709 1430 1778 depulsis
1449 1749 1464 1773 ,
1490 1706 1599 1778 jam
1628 1706 1835 1760 Isauro-

264 1826 386 1865 rum
430 1818 572 1863 metu
616 1808 893 1861 liberatum
935 1819 1055 1859 esse
1087 1821 1101 1858 :
1130 1802 1317 1858 adesse
1363 1800 1461 1855 sibi
1504 1799 1839 1870 presbyteros

261 1901 633 1956 Constantium
656 1908 707 1952 et
736 1896 1032 1958 Evelbium,
1056 1908 1374 1963 sperareque
1398 1907 1456 1946 se
1479 1891 1612 1944 alios
1635 1905 1701 1944 ex
1724 1904 1840 1943 car-

262 2009 391 2047 cere
432 1992 634 2045 solntos
677 1990 743 2043 ad
793 2004 851 2044 se
893 1988 1280 2058 quamprimum
1325 1984 1661 2039 advolaturos
1696 1995 1836 2036 esse.

263 2082 524 2138 Obsecrat
549 2079 775 2147 denique
810 2077 959 2132 illum
984 2118 998 2142 ,
1029 2085 1085 2130 nt
1109 2090 1204 2145 pro
1236 2088 1297 2128 se
1325 2087 1509 2143 preces
1538 2071 1757 2135 fundat,
1789 2077 1842 2124 et

265 2170 451 2224 literas
476 2168 574 2222 sibi
595 2167 803 2221 mittere
835 2182 901 2218 ne
920 2165 1152 2228 desinat;
1172 2165 1466 2232 salutatque
1484 2160 1840 2232 Asyncritium

271 2259 726 2329 religiosissimum
746 2257 1129 2327 presbyterum,
1147 2264 1417 2323 totumque
1427 2253 1637 2308 Clerum
1656 2252 1836 2321 ipsius.

266 2351 417 2405 Alias
454 2364 663 2419 quoque
692 2347 941 2416 epistolas
971 2347 1181 2416 scripsit
1219 2345 1284 2400 ad
1325 2344 1618 2413 Elpidium,
1652 2357 1842 2410 nempe

268 2442 395 2504 151,
427 2440 549 2503 158,
580 2438 703 2500 “2,
734 2438 836 2492 230
861 2447 913 2493 et
938 2437 1027 2504 25,
1057 2451 1370 2505 semperque
1394 2450 1512 2490 cum
1537 2448 1725 2503 magna
1751 2448 1840 2486 re-

265 2532 525 2588 verentia:
555 2530 956 2601 significatione.
987 2530 1117 2599 Quia
1147 2544 1275 2584 vero
1313 2527 1551 2596 Elpidius
1576 2525 1713 2595 aequi
1745 2525 1837 2578 bo-

265 2625 431 2695 nique
443 2637 650 2689 amans,
664 2637 834 2691 neque
851 2621 1080 2676 Atticum
1106 2621 1159 2674 in
1176 2616 1837 2686 Constantinopolitanum,

267 2729 446 2783 neque
464 2712 817 2782 Porphyrium
840 2713 889 2764 in
912 2709 1298 2764 Antiochenum
1323 2707 1627 2776 episcopum
1653 2705 1842 2759 admit-

268 2814 386 2859 tere
407 2803 590 2869 voluit,
611 2802 915 2871 episcopatu
934 2800 1184 2870 depulsus
1203 2798 1319 2854 fuit.
1339 2797 1536 2853 Verum
1557 2811 1696 2850 anno
1716 2796 1838 2860 408,

266 2907 489 2950 curante
514 2894 815 2949 Alexandro
838 2934 853 2958 ,
888 2890 1163 2964 Porphyrii
1198 2904 1504 2946 successore
1527 2930 1542 2956 ,
1575 2889 1627 2942 in
1661 2887 1841 2944 sedem

265 3003 420 3043 suam
450 2987 727 3041 restitutus
753 2983 869 3039 fuit.

338 3078 592 3149 Cyriacus
619 3090 829 3146 quoque
853 3073 1213 3146 Synnadensis
1239 3073 1543 3143 episcopus,
1565 3069 1635 3125 ob
1664 3069 1844 3124 incen-

265 3171 414 3235 dium
444 3183 602 3238 supra
633 3176 979 3221 memoratum
1007 3166 1058 3218 in
1087 3178 1355 3219 carcerem
1381 3162 1653 3231 coniectus
1676 3201 1691 3223 ,
1721 3174 1840 3214 cutn

266 3260 594 3331 presbyteris
611 3267 667 3311 et
688 3258 804 3311 aliis
825 3256 1028 3311 solutus
1049 3266 1097 3309 et
1122 3256 1375 3309 liberatus
1401 3253 1574 3310 fuerat
1595 3252 1843 3321 Septem-

268 3349 353 3407 bri
386 3362 569 3403 mense
596 3348 843 3411 circiter;
875 3348 968 3401 sed
998 3346 1068 3400 ita
1098 3353 1153 3398 ut
1176 3344 1323 3400 exsul
1352 3351 1522 3409 esset,
1551 3350 1609 3396 ut
1644 3340 1746 3395 fert
1774 3341 1840 3393 ti-

270 3443 432 3505 tulus,
459 3441 509 3496 id
534 3450 634 3505 est,
659 3439 1111 3507 ConstantinOpoli
1133 3447 1184 3492 et
1204 3436 1445 3491 fortassis
1464 3436 1577 3504 ipsa
1596 3433 1841 3505 Synnada

267 3531 536 3588 exclusus.
568 3528 699 3584 Cum
741 3544 897 3599 porro
928 3536 1007 3582 tot
1030 3528 1280 3581 aerumnis
1313 3524 1506 3580 fractus
1532 3526 1583 3578 in
1614 3538 1844 3579 maerore

268 3632 593 3688 versaretur,
623 3620 900 3691 epistolam
931 3620 1033 3674 125
1057 3618 1129 3671 illi
1156 3617 1362 3672 caeteris
1390 3616 1679 3685 longiorem
1703 3615 1845 3669 misit

267 3711 679 3784 Chrysostomus
708 3729 721 3764 :
754 3727 855 3782 qua
885 3720 943 3765 ut
970 3710 1296 3765 calamitates
1331 3709 1446 3763 illas
1477 3708 1682 3762 fortiter
1710 3708 1846 3761 ferat

272 3807 514 3860 hortatur
533 3846 549 3871 ,
577 3805 926 3872 exemploque
953 3810 1256 3857 sanctorum
1288 3802 1492 3856 Veteris
1517 3798 1845 3854 Testamenti

270 3895 337 3949 ad
368 3894 618 3964 quzelibet
644 3895 787 3947 illata
816 3893 951 3946 mala
980 3892 1289 3946 sustinenda
1315 3892 1657 3955 corroborat;
1684 3904 1845 3960 seque

272 3987 443 4057 ipsum
467 3987 518 4039 in
543 3984 842 4053 exemplum
868 3983 1040 4050 affert,
1065 3991 1118 4037 et
1137 3991 1264 4053 quot
1285 3983 1437 4036 malis
1456 3981 1694 4047 atl‘ectus,
1719 3989 1847 4050 quot

270 4078 549 4135 calumniis
579 4078 846 4147 impolitus
871 4076 1027 4130 fuerit
1052 4084 1294 4131 recenset
1319 4092 1333 4128 :
1359 4074 1483 4128 hinc
1508 4074 1573 4127 ad
1604 4074 1845 4141 exempla

271 4180 575 4223 sanctorum
613 4168 747 4223 Novi
772 4167 1095 4223 Testamenti
1121 4179 1177 4221 et
1203 4166 1562 4235 apostolorum
1588 4164 1809 4220 vertitur
1825 4203 1842 4230 ,

274 4272 332 4317 ut
360 4263 475 4331 ejus
502 4262 736 4315 animum
762 4260 948 4330 erigat,
980 4258 1300 4327 demumque
1327 4256 1409 4311 his
1433 4256 1608 4311 verbis
1636 4255 1845 4324 longam

272 4354 550 4423 epistolam
578 4353 689 4407 sive
716 4353 1008 4406 orationem
1034 4348 1230 4405 claudit
1254 4366 1266 4402 :
1295 4346 1626 4415 Quamobrem
1654 4354 1701 4398 te
1725 4361 1846 4416 rogo

271 4462 332 4498 ac
370 4444 523 4498 veluti
568 4442 773 4514 genibus
802 4443 898 4495 tuis
924 4440 1194 4495 advolutus
1221 4438 1435 4494 obtestor
1457 4480 1472 4503 ,
1502 4446 1556 4491 ut
1584 4453 1847 4491 maerorem

271 4548 318 4592 et
345 4537 530 4590 frictum
555 4536 784 4607 abjicias,
812 4550 873 4591 ac
902 4551 992 4605 pro
1020 4534 1160 4587 nobis
1188 4532 1326 4603 apud
1353 4531 1515 4585 Deum
1541 4546 1729 4585 memor
1752 4530 1843 4596 sis,

273 4627 507 4697 uobisque
524 4627 785 4680 rescribas.

344 4720 606 4775 Chalcidia
634 4729 678 4773 et
694 4719 981 4789 Asyncritia
1010 4718 1364 4788 Cltrysostomo
1384 4716 1487 4770 add
1496 4725 1623 4769 λειω.
1644 4744 1714 4754 —
1734 4713 1847 4767 Duo

272 4823 426 4869 erant
449 4827 566 4881 qua:
596 4812 696 4864 iter
723 4809 1145 4864 intercludcliant
1175 4809 1266 4872 iis,
1298 4808 1387 4878 qni
1416 4808 1482 4861 ad
1513 4807 1845 4861 invisendum

271 4902 528 4959 Joannem
552 4903 814 4957 (Incusum
840 4900 1021 4955 venire
1048 4900 1415 4969 peroptabant,
1446 4900 1691 4953 nimirum
1718 4898 1847 4970 hye-

274 4993 377 5049 mis
407 5000 689 5061 tempestas
716 5000 771 5045 et
800 4990 1098 5046 Isaurorum
1139 4989 1489 5044 incursiones.
1522 4989 1595 5043 Ea
1625 5004 1751 5043 vero
1781 4989 1847 5042 de

272 5098 434 5138 causa
472 5081 612 5135 haud
641 5080 800 5135 dubie
828 5079 1097 5134 Chalcidia
1125 5089 1177 5132 et
1203 5079 1501 5149 Asyncritia
1531 5078 1736 5132 nobiles
1769 5078 1846 5131 fe-

272 5174 434 5230 minae
453 5214 467 5238 ,
500 5172 605 5244 ipsi
625 5172 861 5228 caritatis
886 5172 1097 5226 vinculo
1118 5169 1315 5240 junctre
1335 5211 1349 5233 ,
1380 5185 1498 5239 quae
1523 5170 1843 5242 Chrysosto-

265 5280 417 5322 :num
460 5265 688 5319 invisere
720 5277 1059 5332 summeperc
1086 5261 1372 5330 cupiebant
1392 5302 1408 5325 ,
1437 5276 1495 5315 se
1523 5277 1552 5316 a
1582 5262 1846 5331 carpenda

295 5361 342 5411 in
377 5356 459 5409 his
477 5355 542 5410 de
560 5355 738 5409 causis
762 5353 1020 5409 deterreri
1045 5353 1422 5425 Cbrysostomo
1447 5353 1726 5422 scripsere.
1754 5353 1848 5407 ille

262 5460 397 5499 vero
425 5445 702 5514 epistolam
728 5442 835 5498 2&2
858 5444 1071 5514 scripsit
1097 5460 1111 5496 :
1142 5443 1285 5497 nulla
1309 5442 1435 5497 dicit
1462 5441 1588 5511 ipsis
1613 5456 1732 5496 esse
1756 5458 1847 5496 ex-

266 5539 553 5599 'u~atione
581 5549 714 5603 opus
738 5575 754 5603 ,
794 5534 1000 5605 sibique
1041 5534 1309 5588 sincerum
1350 5532 1557 5587 illarum
1597 5532 1844 5587 allectum

268 5640 373 5677 non
422 5624 718 5694 ignoranti,
757 5625 975 5694 perinde
1017 5640 1128 5680 rem
1169 5639 1228 5678 se
1267 5622 1463 5679 habere
1499 5639 1561 5679 ac
1586 5622 1631 5678 si
1660 5638 1844 5679 revera

270 5720 532 5774 venerint.
578 5715 720 5772 Idem
761 5719 932 5786 ipsum
963 5716 1279 5786 Asyncritia:
1319 5715 1512 5785 repetit
1541 5716 1591 5770 in
1623 5714 1843 5784 epistola

270 5811 365 5878 77,
389 5817 442 5864 et
470 5823 564 5878 pro
594 5821 742 5861 more
768 5823 885 5873 suo,
910 5816 963 5860 ut
995 5805 1297 5875 frequenter
1323 5806 1419 5861 sibi
1446 5807 1623 5860 literas
1647 5806 1837 5867 mittat,

1494 429 1672 486 NUNC
1710 427 1973 483 PRIMUM
2011 427 2052 482 Α
2065 427 2403 483 DORNATA.

3412 433 3518 488 254

1943 540 2199 594 hortatur.
2238 540 2531 611 Asyucritia
2563 550 2613 595 et
2645 540 2910 597 Chalcidia
2941 542 3039 612 pia:
3067 542 3315 598 mulieres
3359 546 3513 600 simul

1938 629 2100 682 vitam
2138 630 2398 698 agebant,
2442 644 2561 683 cum
2593 629 2712 683 aliis
2745 646 2923 685 secum
2959 631 3155 700 pietate
3197 633 3513 701 conjunctis.

1938 720 2318 790 Chrysostomo
2339 720 2618 776 admodum
2642 720 2862 777 addicta:
2884 723 3184 792 frequenter
3210 724 3304 795 ipsi
3332 724 3537 797 literas

1941 810 2239 876 mittebant,
2271 819 2328 864 ut
2354 827 2415 865 ex
2445 811 2559 878 ejns
2588 810 2653 864 ad
2676 811 2791 865 illas
2820 812 3077 879 epistolis,
3108 829 3326 881 quarum
3355 814 3509 882 pluri-

1941 917 2041 955 ma:
2086 912 2388 970 supersunt,
2436 901 2710 969 liquidum.
2756 901 2812 954 ln
2858 901 3021 955 titulis
3067 918 3193 956 vero
3235 904 3514 973 aliquando

1940 991 2259 1061 Asyncritia,
2289 992 2551 1046 interdum
2580 990 2870 1054 Chalcidia,
2901 991 3069 1061 prima
3099 992 3343 1059 ponitur;
3373 1008 3513 1062 smpe

1941 1082 2098 1134 etiam
2119 1083 2398 1150 separatim
2421 1082 2654 1152 singulas
2678 1081 2842 1136 literis
2860 1083 3158 1150 compellat.
3185 1081 3277 1136 ila:
3304 1084 3352 1136 in
3375 1100 3512 1137 {crn-

1942 1173 2082 1228 muis
2111 1182 2163 1228 et
2191 1174 2445 1228 molestiis
2476 1175 2841 1239 versabantur,
2870 1180 2927 1226 ut
2948 1188 3012 1227 ex
3039 1172 3257 1228 Joannis
3280 1175 3516 1242 epistolis

1942 1264 2205 1333 arguitur;
2227 1271 2281 1317 et
2298 1262 2542 1329 fortasse,
2566 1263 2687 1334 quia
2707 1262 3086 1333 Cbrysostomo
3101 1263 3323 1317 addicta:
3343 1278 3513 1322 erant,

1944 1354 1995 1408 in
2011 1354 2310 1426 Porphyrii,
2329 1356 2417 1425 qui
2438 1357 2816 1411 Antiochenam
2833 1354 3013 1409 sedem
3035 1355 3316 1417 invaserat,
3337 1356 3516 1409 odium

1944 1445 2292 1499 incnrrerant.
2327 1444 2596 1500 Chalcidia
2631 1462 2660 1498 a
2693 1447 2848 1516 longo
2873 1445 2983 1515 jam
3017 1453 3255 1514 tempore
3285 1448 3517 1499 caritatis

1943 1537 2041 1591 sibi
2071 1537 2281 1591 vinculo
2306 1539 2484 1606 juncta
2511 1547 2644 1605 erat,
2669 1548 2725 1592 ut
2758 1538 2928 1593 fertur
2953 1541 3002 1592 in
3030 1541 3253 1609 epistola
3273 1541 3362 1595 59.
3401 1541 3516 1608 Ipsa

1942 1640 2070 1681 vero
2094 1627 2144 1679 in
2177 1641 2388 1697 gravem
2431 1629 2670 1682 morbum
2706 1629 2908 1695 incidit,
2934 1638 2989 1683 ut
3009 1645 3074 1683 ex
3096 1631 3314 1698 epistola
3344 1630 3411 1685 98
3433 1630 3513 1684 di-

1943 1716 2178 1772 scimus:
2211 1732 2328 1788 qurc
2366 1733 2451 1772 res
2487 1718 2921 1789 Cltrysostomum
2961 1734 3066 1774 non
3092 1721 3292 1790 vulgari
3332 1721 3515 1777 dolore

1943 1809 2136 1863 affecit.

2014 1899 2211 1953 Fronto
2240 1900 2466 1955 Duczrus
2491 1902 2765 1970 epistolam
2792 1901 2894 1957 49?.
2922 1901 3160 1956 inscribit
3184 1904 3483 1972 Asyncritia'
3500 1944 3516 1968 ,

1944 2007 2101 2061 quam
2137 1992 2418 2047 lectionem
2458 2002 2710 2063 sequutus
2736 2003 2815 2047 est
2842 1995 2998 2047 etiam
3027 1994 3105 2049 vir
3130 1995 3199 2048 cl.
3229 1995 3515 2049 Talleman-

1947 2081 2069 2134 tius.
2116 2080 2221 2135 Sed
2265 2090 2447 2135 contra
2494 2082 2628 2135 hanc
2672 2081 2956 2135 lectionem
3001 2083 3293 2137 reclamant
3334 2100 3517 2137 omnes

1947 2171 2284 2240 Manuscripti
2316 2172 2475 2226 etiam
2506 2172 2878 2242 antiquissimi,
2912 2172 2998 2242 qui
3028 2172 3225 2227 habent
3256 2173 3520 2227 Οηεδὶενα-

1945 2262 2045 2316 tite.
2061 2261 2150 2317 Sic
2161 2263 2320 2317 etiam
2340 2262 2463 2332 legit
2479 2263 2726 2328 Savilius,
2746 2278 2917 2332 neque
2933 2263 3089 2317 aliam
3112 2264 3387 2317 lectionem
3410 2280 3520 2317 nte-

1947 2360 2138 2405 morat.
2166 2351 2546 2405 Oncsicratiam
2578 2352 2732 2421 igitur
2764 2362 2870 2405 tum
2901 2352 2968 2405 ob
3000 2351 3117 2405 filia:
3143 2366 3252 2406 suae
3283 2353 3518 2417 obitum,

1949 2451 2056 2496 tum
2073 2443 2213 2501 quod
2242 2442 2343 2497 alia
2372 2443 2732 2511 praecessisset
2757 2441 3185 2512 plaga,afﬂictam
3206 2451 3257 2497 et
3279 2453 3520 2497 ιιιωςιςιιιι
3580 2488 3592 2494 -

1946 2535 2251 2589 consolatur
2277 2533 2706 2604 Chrysostomns.
2737 2532 2851 2585 Non
2885 2547 3039 2600 posse
3073 2532 3281 2601 quidem
3324 2542 3519 2586 tantam

1946 2626 2192 2681 maeroris
2220 2624 2416 2679 nubem
2445 2623 2636 2678 auferri
2670 2623 2892 2687 fatetur,
2923 2622 3015 2677 sed
3046 2639 3156 2676 rem
3188 2623 3370 2676 saltem
3404 2640 3519 2675 mo-

1948 2717 2183 2772 deratius
2209 2731 2328 2771 esse
2357 2715 2627 2770 ferendam
2652 2732 2666 2769 :
2697 2714 2896 2769 obitum
2923 2715 3062 2767 enim
3092 2730 3195 2767 non
3229 2729 3354 2768 vere
3384 2730 3516 2767 mor-

1950 2816 2055 2862 tem
2096 2823 2234 2874 essc,
2263 2807 2358 2861 sed
2396 2806 2872 2876 peregrinationem
2912 2814 3070 2874 atque
3107 2821 3134 2857 a
3176 2804 3523 2859 deterioribus

1949 2899 2013 2954 ad
2044 2900 2261 2953 meliora
2291 2898 2800 2967 commigrationem.
2833 2896 3149 2966 Asyncritize
3182 2906 3358 2950 autem
3400 2896 3524 2949 licet

1948 2990 2129 3044 literas
2158 2990 2349 3043 multas
2379 2987 2651 3056 scripserit
2680 2986 3110 3057 Chrysostomus,
3142 3001 3426 3055 numquam
3457 2985 3525 3038 de

1948 3081 2051 3136 ﬁlia
2081 3082 2245 3150 ipsius
2272 3079 2521 3149 loquitur.
2549 3078 2681 3132 Cum
2705 3087 2883 3131 autem
2909 3076 3221 3147 Asyncrilisu
3252 3077 3522 3143 plurimas.

1948 3171 2291 3228 Onesicratim
2317 3169 2453 3223 hanc
2478 3184 2633 3223 unam
2667 3177 2868 3221 tantum
2897 3168 3147 3236 seriptam
3177 3169 3523 3239 reperiamus,

1949 3277 2143 3317 nomen
2162 3261 2276 3329 ejus
2296 3260 2349 3312 in
2373 3258 2723 3327 Asyncritiam
2747 3267 2951 3311 mutare
2967 3258 3224 3326 quispiam
3241 3272 3403 3311 ausus
3422 3268 3523 3312 est.

2017 3350 2226 3405 Namma
2254 3349 2493 3419 quaedam
2523 3356 2761 3402 matrona
2782 3387 2797 3414 ,
2822 3356 2878 3401 nt
2906 3347 3127 3411 videtur,
3160 3348 3484 3402 Antiocliena
3508 3389 3522 3412 ,

1949 3455 2071 3511 erga
2098 3438 2533 3510 Chrysostomum
2562 3439 2762 3509 optime
2785 3437 2993 3503 affecta,
3027 3438 3227 3492 tardius
3253 3446 3426 3492 tamen
3453 3441 3520 3492 ad

1948 3533 2095 3587 illum
2121 3532 2445 3599 scripserat,
2473 3538 2634 3599 atque
2676 3530 2744 3584 ita
2773 3537 2830 3583 ut
2868 3529 3025 3583 etiam
3055 3529 3288 3584 audacia:
3319 3531 3523 3584 veniam

1949 3633 2171 3695 peteret.
2199 3626 2416 3681 Dicebat
2444 3639 2601 3694 porro
2629 3640 2686 3679 sc
2717 3624 2860 3678 illum
2895 3633 2999 3678 tam
3043 3623 3264 3678 ferventi
3307 3625 3527 3678 caritate

1947 3715 2190 3787 diligere,
2211 3723 2287 3782 ut,
2309 3714 2411 3769 nisi
2430 3716 2616 3770 morbo
2632 3714 2918 3779 laboraret,
2939 3714 3039 3768 iter
3060 3714 3194 3767 adeo
3219 3714 3525 3779 molestum,

1951 3815 2130 3877 totque
2158 3807 2464 3877 praedonum
2495 3807 2884 3862 incursionibus
2912 3807 3187 3861 obsessum
3217 3816 3524 3875 susceptura

1949 3895 2156 3961 fuisset,
2188 3897 2327 3952 illius
2356 3898 2558 3952 visendi
2589 3912 2768 3951 causa.
2804 3896 3094 3965 Respondit
3120 3896 3527 3966 Cltt‘ysoslnmtts

1950 3991 2107 4058 epist.
2133 3988 2222 4054 47,
2252 3987 2414 4051 illam,
2438 3988 2629 4042 nedum
2659 3985 2917 4057 culpanda
2944 3996 3103 4050 esset,
3128 3986 3265 4056 quod
3293 3986 3527 4039 scribere

1949 4095 2076 4135 ausa
2104 4080 2279 4146 fuerit,
2304 4080 2625 4149 arguendam
2653 4080 2825 4148 potius
2849 4079 2987 4148 quod
3018 4081 3215 4133 tardius
3240 4079 3289 4133 id
3319 4078 3527 4145 fecerit,

1952 4186 2216 4241 unamque
2244 4170 2483 4224 delendae
2511 4169 2680 4237 eulpae
2708 4184 2988 4237 superesse
3017 4169 3176 4233 viam,
3204 4170 3246 4222 si
3279 4170 3523 4222 nimirum

1951 4270 2228 4316 sexcentas
2270 4259 2470 4325 literas,
2516 4274 2692 4331 graece
2736 4260 2933 4313 niveum
2980 4258 3185 4310 imbrem
3238 4261 3525 4322 literarum,

1949 4351 2016 4405 ad
2056 4365 2115 4404 se
2151 4351 2399 4404 mitteret.

2026 4442 2240 4514 llyemis
2270 4451 2507 4511 tempore
2541 4442 2722 4496 literas
2749 4440 2952 4509 accepit
2986 4439 3286 4506 Callistrati,
3315 4441 3523 4494 leam-Le

1951 4533 2206 4603 episcopi,
2226 4540 2384 4601 atque
2404 4540 2462 4585 ut
2480 4547 2546 4585 ex
2566 4529 2929 4601 Clirysostomi
2950 4545 3208 4598 responso
3226 4531 3371 4600 argui
3402 4548 3522 4598 pos-

1952 4637 2011 4679 se
2031 4622 2256 4688 vidrtur,
2281 4636 2339 4676 se
2365 4622 2508 4675 illum
2533 4621 2821 4675 invisurum
2845 4619 3006 4673 fuisse
3026 4618 3253 4679 dicebat.
3282 4620 3378 4674 nisi
3401 4620 3524 4673 anni

1953 4719 2240 4782 tempestas
2268 4718 2324 4766 et
2346 4712 2550 4766 itineris
2575 4709 2849 4779 longitudo
2875 4708 3185 4764 obfuissent.
3218 4709 3273 4764 in
3305 4710 3521 4777 cpistola

1954 4820 2079 4858 vero
2106 4819 2199 4859 sua
2227 4802 2645 4873 Cltrysostomus
2683 4803 2756 4855 ait
2799 4816 2955 4870 posse
2982 4801 3108 4856 illud
3155 4802 3236 4856 sui
3270 4804 3524 4856 invisemli

1953 4895 2274 4949 desiderium
2297 4894 2637 4962 epistularum
2663 4892 2954 4959 frequentia
2976 4893 3330 4961 compensari,
3352 4902 3406 4946 ut
3433 4907 3527 4959 po.

1952 4996 2062 5039 stea
2084 5026 2099 5049 ,
2127 5000 2246 5039 cum
2277 4991 2562 5053 tempestas
2590 4982 2918 5037 commodior
2943 4994 3119 5049 esset,
3146 4982 3213 5037 de
3238 4997 3527 5052 congressu

1950 5078 2230 5147 cogitetur.

2023 5170 2259 5237 Agapeto
2280 5165 2438 5218 etiam
2463 5178 2602 5218 anno
2622 5162 2726 5217 404
2750 5173 2986 5218 vertente
3005 5162 3235 5231 scripsit,
3260 5162 3373 5217 viro
3395 5163 3525 5214 ami-

1951 5258 2090 5312 citiae
2119 5256 2339 5310 vinculis
2369 5255 2468 5309 sibi
2497 5253 2934 5323 conjunctissimo
2953 5291 2969 5317 ,
2999 5259 3351 5321 precaturque
3378 5251 3524 5303 illum

1954 5357 2010 5401 ut
2038 5361 2195 5416 quam
2228 5344 2553 5415 frequentius
2580 5344 2771 5413 poterit
2796 5341 2864 5397 de
2891 5356 2985 5396 sua
3014 5340 3309 5394 valetudine
3331 5340 3524 5393 certio-

1952 5453 2064 5494 rem
2102 5453 2161 5492 se
2199 5437 2375 5491 faciat.
2402 5437 2637 5490 Alteram
2667 5448 2796 5489 vero
2824 5433 2923 5503 ipsi
2953 5430 3165 5498 scripsit
3203 5429 3481 5498 epistolam
3509 5472 3524 5495 ,

1954 5538 2176 5598 rogante
2218 5526 2614 5596 religiosissime
2659 5524 2774 5579 viro
2816 5521 3024 5592 Elpidio
3062 5518 3405 5589 presbytero,
3436 5521 3528 5591 qui

1955 5618 2151 5673 montis
2172 5618 2358 5672 Amani
2386 5617 2584 5673 incolas
2605 5612 2978 5685 praedicatione
2995 5624 3089 5665 sua
3105 5608 3171 5663 ad
3195 5609 3350 5664 fidem
3368 5608 3528 5665 Chri-

1952 5711 2020 5765 sti
2043 5710 2380 5781 perduxerat,
2403 5710 2577 5779 ibique
2598 5706 2849 5761 eeclesias
2869 5715 2922 5758 et
2943 5704 3262 5759 monasteria
3279 5713 3525 5759 constru-

1953 5812 2102 5860 xerat
2124 5844 2139 5871 ,
2168 5815 2220 5859 et
2249 5803 2463 5871 Agapeti
2494 5798 2810 5853 sanctissimi
2842 5798 2942 5853 viri
2972 5797 3395 5854 benevolentiam
3427 5795 3526 5848 sibi
