3954 6454
241 310 329 366 ππ

242 420 363 476 ιοιηί
400 418 849 488 conspirationem
895 417 1172 486 agnovisse
1201 415 1476 471 videbatur
1505 417 1772 470 Maruthas
1798 435 1810 468 :

241 512 284 565 id
313 510 456 563 enim
507 509 742 562 insinuat
765 506 1178 577 Chrysostomus
1204 520 1322 559 cum
1349 505 1640 576 Olympiadi
1666 507 1812 571 dicit,

243 599 483 654 Omnibus
510 598 682 666 ofﬁciis
711 612 824 650 eum
847 596 1107 664 complecti
1131 611 1192 648 ne
1217 596 1432 661 desinas,
1456 606 1510 648 ut
1535 612 1645 648 eum
1674 613 1701 649 e
1725 597 1814 648 ba-

241 691 410 744 rathro
438 691 675 742 extrahas
703 702 722 740 :
760 686 1007 739 nimirum
1032 700 1096 738 ex
1125 685 1376 739 societate
1413 701 1532 739 cum
1565 685 1818 754 improbis

242 782 343 838 illis
368 781 612 846 Arsacio,
635 778 949 848 Porphyrio,
983 777 1288 842 Severiano,
1315 778 1597 832 Antiocho.
1632 778 1698 833 Ut
1720 794 1816 831 au-

242 883 343 927 tem
386 871 568 926 videas
606 879 803 939 quanto
839 869 1036 934 studio,
1085 869 1442 936 prtedicationi
1481 871 1738 940 evangelii
1767 871 1816 923 itt

241 963 507 1026 omnibus,
554 971 610 1017 ut
653 963 721 1016 ita
774 961 968 1028 dicam,
1017 961 1161 1016 orbis
1207 960 1439 1029 partibus
1487 961 1814 1030 advigilaret.

240 1052 558 1125 posthabitis
581 1067 792 1121 semper
817 1051 903 1115 iis,
957 1066 1072 1120 quae
1098 1050 1162 1105 ad
1188 1066 1246 1104 se
1270 1051 1542 1118 Speciatim
1579 1062 1820 1120 spectare

242 1144 698 1211 videbantur,qu:e
719 1150 1012 1210 sequuntur
1030 1141 1094 1194 ad
1120 1142 1338 1195 verbum
1369 1151 1490 1196 sunt
1513 1141 1817 1196 referenda:

245 1235 382 1290 Nam
405 1235 514 1302 ejus
536 1250 688 1302 opera
713 1232 772 1285 ob
803 1231 1027 1286 Persidis
1053 1234 1248 1302 negotia
1272 1248 1408 1302 egeo.
1438 1233 1617 1302 Atque,
1647 1233 1690 1285 si
1715 1232 1768 1284 id
1791 1248 1823 1284 a

242 1336 287 1380 te
309 1325 424 1394 ﬁeri
448 1332 625 1393 potest,
653 1339 715 1377 ex
738 1341 794 1377 eo
823 1324 1062 1394 intellige,
1087 1323 1324 1392 quidnam
1352 1325 1456 1377 illic
1477 1325 1632 1393 ipsius
1657 1325 1822 1378 studio

241 1426 389 1485 atque
415 1431 570 1484 Opera
609 1418 882 1484 perfectum
907 1415 990 1480 sit,
1035 1424 1080 1466 et
1105 1432 1194 1467 cur
1216 1416 1342 1468 istuc
1366 1418 1620 1486 profectus
1654 1417 1716 1470 sit
1742 1419 1823 1486 [ac

242 1508 414 1571 sciam,
445 1522 506 1560 ac
534 1522 652 1558 num
678 1506 721 1558 ei
742 1503 868 1558 duas
894 1505 1146 1573 epistolas,
1170 1521 1295 1574 quas
1321 1508 1387 1558 ad
1409 1521 1520 1559 eum
1550 1507 1682 1570 ntisi,
1711 1507 1826 1559 red-

241 1599 451 1651 dideris.
503 1598 566 1652 Si
605 1598 730 1650 uti/ti
769 1599 983 1651 scribere
1027 1598 1165 1664 velit,
1206 1614 1407 1651 rursum
1452 1598 1704 1662 scribam;
1747 1600 1825 1653 sin

242 1687 512 1741 rescribere
551 1699 802 1758 gravetur,
855 1688 1030 1741 saltent
1071 1688 1193 1758 quid
1229 1689 1332 1742 illic
1362 1694 1635 1759 perfectum
1676 1689 1825 1757 fuerit

242 1777 333 1830 tibi
383 1787 618 1846 exponat,
673 1786 721 1831 et
766 1794 885 1830 nunt
925 1778 1046 1846 quid
1090 1795 1264 1832 rursus
1292 1779 1463 1832 eodem
1505 1781 1826 1848 proﬁciscens

242 1867 557 1934 prastiturus
583 1865 644 1918 sit
671 1883 690 1920 :
717 1883 832 1919 nam
853 1883 941 1935 ego
968 1867 1063 1920 ltac
1099 1867 1161 1920 de
1203 1884 1355 1921 causa
1377 1869 1542 1939 ipsum
1569 1871 1828 1924 convenire

243 1955 524 2010 studebam.
575 1957 850 2027 Utcumque
878 1958 962 2023 sit,
1009 1959 1248 2028 quidquid
1277 1969 1476 2013 tuarunt
1513 1962 1732 2031 partium
1756 1971 1828 2015 est

247 2057 453 2116 prtesta,
485 2064 760 2114 munusque
783 2056 920 2101 tuum
949 2051 1114 2116 exple,
1145 2049 1338 2103 etiamsi
1363 2066 1534 2103 omnes
1563 2068 1721 2120 prono
1745 2069 1829 2105 ca-

249 2137 352 2203 pite
393 2138 446 2190 in
497 2155 719 2208 prwceps
755 2143 980 2209 ferantur
1019 2156 1038 2194 :
1079 2155 1264 2194 merces
1309 2141 1440 2196 enim
1484 2152 1569 2195 tua
1611 2145 1830 2198 numeris

249 2229 479 2282 omnibus
503 2227 730 2283 absoluta
758 2231 868 2284 erit.

321 2319 420 2372 llic
438 2319 584 2372 vides
611 2335 802 2372 novum
823 2320 1040 2375 Paulum
1067 2335 1160 2375 sua
1183 2323 1359 2376 omnia
1386 2324 1826 2392 niltilcurantcm,

249 2409 540 2462 dummodo
565 2410 888 2478 evangelium
918 2411 1011 2466 Dei
1053 2413 1367 2480 praedicetur
1407 2423 1464 2469 et
1490 2427 1827 2485 propagetur.

252 2502 441 2558 Utrum
472 2519 595 2558 vero
618 2504 886 2560 Maruthas
914 2506 1292 2578 Citrysostomo
1315 2509 1522 2563 tandem
1546 2511 1833 2579 rescripse—

253 2593 342 2654 rit,
369 2595 448 2646 vcl
471 2595 776 2648 societatem
801 2596 1029 2666 aliquam
1072 2613 1190 2652 cum
1222 2599 1310 2652 illo
1336 2599 1511 2653 inierit
1540 2615 1636 2668 pro
1664 2615 1830 2654 evan-

251 2683 378 2752 gelii
406 2685 456 2736 in
488 2684 702 2740 Perside
725 2687 1120 2754 prtediCatione,
1139 2705 1240 2758 qua
1268 2689 1335 2743 de
1359 2706 1416 2742 re
1439 2690 1528 2744 ille
1560 2699 1834 2760 tantopere

252 2776 514 2830 sollicitus
537 2787 668 2839 erat,
697 2794 910 2846 prorsus
934 2780 1256 2848 ignoramus.
1294 2780 1432 2836 Nihil
1459 2782 1653 2850 quippe
1679 2797 1739 2836 ea
1767 2783 1835 2836 de

254 2883 315 2921 re
339 2869 478 2936 apud
507 2869 803 2936 historicos,
837 2871 920 2925 vel
955 2873 1003 2924 in
1033 2872 1146 2941 ejus
1191 2875 1459 2940 operibus,
1501 2876 1584 2929 vel
1623 2877 1672 2928 in
1723 2875 1834 2946 epi-

253 2960 430 3024 stolis,
461 2962 600 3030 quod
641 2978 801 3031 grave
831 2963 969 3016 dictu
996 2974 1094 3028 est,
1146 2967 1458 3034 reperimus.
1499 2966 1712 3021 Certum
1741 2985 1834 3021 au-

258 3060 367 3109 tetu
394 3059 478 3108 6st
515 3052 806 3110 ilarutitatu
843 3053 892 3111 in
920 3053 1292 3128 Mesopotamia
1317 3058 1619 3130 epirCOPUltl
1653 3050 1838 3130 fusse,

256 3154 346 3196 aut
377 3143 827 3213 Supltarcnorum,
858 3159 950 3201 aut
973 3149 1246 3218 Sophencs
1275 3152 1578 3219 provineite,
1625 3164 1734 3218 aut,
1784 3165 1840 3207 ut

256 3235 345 3289 alii
389 3237 608 3304 volunt,
655 3238 1100 3309 Martyropoleos,
1143 3259 1323 3310 quam,
1362 3243 1666 3298 Theodosio
1695 3245 1733 3310 l,
1785 3254 1841 3298 ut

259 3338 497 3392 narrant,
522 3331 768 3398 pecunias
791 3333 1245 3400 subministrante,
1277 3337 1390 3403 ipse
1415 3335 1684 3390 lilarutitas
1712 3351 1841 3390 con-

259 3428 545 3474 struxerat.
585 3421 801 3476 Cerlum
835 3424 958 3477 item
990 3436 1072 3479 est
1097 3425 1254 3493 hujus
1294 3428 1522 3480 nominis
1567 3428 1748 3482 urbem
1787 3428 1840 3482 in

260 3507 638 3580 Mesopotamia
669 3515 722 3566 in
750 3513 976 3569 conﬁnio
1005 3500 1233 3571 Persidis
1261 3517 1442 3572 fuisse.
1473 3517 1844 3589 Martyropolis

260 3609 440 3653 autem
470 3603 775 3670 vocabatur,
815 3605 935 3672 quia
964 3607 1032 3660 ibi
1066 3608 1349 3662 multorum
1376 3619 1663 3680 martyrum
1697 3611 1842 3666 Beli-

261 3691 401 3759 quia:
426 3692 678 3762 deposita:
711 3694 934 3750 fuerant.
966 3698 1054 3751 Ait
1074 3713 1198 3753 vero
1221 3697 1631 3771 Chrysostomus
1659 3702 1710 3756 in
1748 3703 1844 3756 ho-

263 3781 430 3842 miiia,
459 3783 565 3837 imo
591 3786 764 3852 potius
793 3786 842 3839 in
872 3786 1005 3840 libro
1032 3789 1145 3855 illo,
1173 3791 1256 3843 cui
1287 3790 1488 3857 titulus,
1523 3789 1668 3855 Quod
1696 3792 1845 3846 Citri-

262 3882 372 3924 stus
413 3873 477 3925 sit
523 3872 660 3928 Deus
700 3875 1049 3931 :Prwdicatio
1106 3897 1206 3933 non
1243 3881 1325 3934 Itic
1377 3892 1604 3948 tantum,
1659 3886 1749 3938 sed
1797 3896 1845 3939 ct

261 3963 405 4029 apud
432 3961 618 4017 Persas
645 3967 822 4032 ﬂoret,
855 3969 1048 4022 etiamsi
1077 3972 1138 4023 ab
1160 3973 1262 4024 illis
1287 3984 1636 4043 oppugnetur:
1665 3978 1843 4028 etenim

261 4052 406 4120 apud
454 4054 568 4107 illos
609 4072 802 4125 quoque
850 4069 1124 4128 martyrum
1156 4061 1388 4114 examina
1433 4064 1612 4116 multa.
1666 4063 1844 4118 Maru-

266 4143 388 4197 thas
412 4159 541 4212 ergo
570 4146 621 4199 itt
653 4145 870 4201 Perside
900 4151 1226 4216 evangelium
1257 4149 1452 4205 Christi
1479 4153 1697 4207 mirifice
1721 4170 1842 4222 pro-

267 4235 474 4302 pagavit
497 4276 511 4298 ,
546 4251 820 4305 magorum
857 4249 909 4292 et
935 4237 1301 4294 Chaldaeorum
1333 4242 1716 4298 incantationes
1753 4245 1845 4298 de-

265 4327 413 4390 vicit,
446 4325 776 4396 lsdegerdem
820 4345 996 4399 regem
1041 4332 1226 4385 morbo
1259 4331 1552 4398 detentum,
1581 4333 1666 4387 cui
1705 4336 1843 4403 magi

269 4418 568 4471 remedium
599 4418 790 4472 ail'erre
820 4430 1168 4486 tentavcrant,
1200 4422 1415 4490 integra:
1441 4422 1724 4475 valetudini
1755 4439 1844 4478 re-

265 4507 464 4571 stituit,
489 4509 741 4563 ntiracula
771 4511 869 4562 alia
900 4512 1057 4564 multa
1094 4513 1337 4580 patravit.

363 4595 659 4652 Cottltorunt
725 4599 1096 4653 Cat/tolicorunt
1179 4619 1410 4672 magnam
1480 4621 1650 4656 curam
1723 4607 1846 4675 gerit

266 4686 675 4756 Cltrysostomus.
703 4719 774 4728 —
796 4690 1057 4755 Quantum
1102 4690 1416 4745 Gotthorum
1455 4691 1846 4747 Catltolicttrum

266 4781 726 4850 (lattstantinopoli
764 4782 1066 4852 degentium
1093 4798 1273 4837 curam
1300 4795 1507 4854 gereret
1529 4783 1850 4856 Chrysosto-

269 4886 427 4933 mus,
485 4873 710 4926 vidimus
769 4890 924 4941 supra
982 4875 1046 4927 ad
1097 4891 1291 4929 annum
1339 4877 1446 4932 599
1483 4877 1682 4946 (Epist.
1734 4880 1844 4948 is).

267 4961 495 5014 Gotthos
536 4963 674 5014 enim
729 4963 1054 5032 Scriptut'am
1106 4981 1310 5018 sacram
1355 4966 1599 5020 Gotthice
1651 4969 1846 5036 legere,

266 5051 631 5122 Cotthumque
654 5055 1014 5124 presbytertun
1046 5071 1102 5110 se
1126 5068 1385 5124 praesente
1409 5057 1654 5112 Gotthica
1675 5061 1848 5129 lingua

269 5145 573 5195 eutac'tonari
601 5144 776 5210 jussit,
822 5154 875 5197 ct
912 5155 1029 5212 post
1055 5147 1197 5198 illum
1227 5147 1339 5214 ipse
1366 5145 1551 5200 Grmce
1577 5150 1850 5202 conciona-

271 5241 356 5282 tus
383 5242 485 5284 est.
529 5234 639 5288 Nec
679 5235 936 5302 minorem
979 5252 1156 5290 curant
1196 5238 1414 5305 gerebat
1453 5238 1770 5293 Guttltorum
1799 5242 1848 5295 itt

271 5320 485 5374 Gotthia
547 5324 868 5392 degentium.
933 5325 1046 5378 Non
1109 5327 1175 5378 ita
1222 5327 1422 5395 pridem
1485 5329 1574 5381 illo
1635 5331 1852 5383 miserat

272 5413 328 5463 itt
379 5413 684 5480 episeopum
751 5414 992 5476 Uuilam,
1055 5419 1221 5470 virum
1281 5418 1686 5484 adtttiraudum;
1757 5422 1851 5474 sed

270 5500 492 5567 Marses,
521 5503 702 5558 Gotthi
733 5505 998 5572 monachi,
1027 5506 1165 5573 apud
1192 5523 1324 5575 quos
1350 5508 1628 5576 Serapion,
1655 5511 1853 5578 episco-

273 5608 371 5659 pus
399 5593 691 5656 lleracletr,
723 5604 976 5661 perpetuo
997 5597 1359 5661 delitescebat,
1393 5601 1850 5665 nuntiavcruntei,

275 5682 478 5739 Untlam
510 5687 726 5751 abiisse,
761 5696 1034 5754 postquam
1076 5698 1218 5742 tanto
1247 5690 1494 5760 episcopo
1525 5690 1677 5760 digna
1706 5703 1850 5760 gesta

1421 302 1600 357 NUNC
1640 303 1901 357 PRIMUM
1929 300 2322 354 ADOllNATA.

3405 311 3507 366 258

1929 417 2154 484 plurima
2197 416 2454 470 ediderat.
2494 419 2927 491 Moduarinmque
2963 422 3243 478 diaconum
3275 430 3503 493 venisse,

1922 507 2010 575 qui
2035 505 2084 560 id
2108 516 2432 570 narraverat,
2453 522 2514 560 ae
2536 510 2673 577 regis
2693 511 3008 566 Gotthorum
3033 514 3209 569 literas
3226 517 3504 587 afferebat,

1926 595 2156 664 petentis
2186 604 2241 648 ttt
2266 596 2545 664 episcopus
2565 597 2615 650 itt
2639 597 2904 654 Gottltiam
2923 603 3241 659 mitteretur.
3270 607 3506 664 Metuens

1925 686 2100 754 itaque
2145 683 2558 754 Chrysostomus
2602 703 2669 741 ne
2704 689 2951 746 Arsacius
2997 703 3051 747 et
3087 695 3168 750 sui
3213 697 3302 752 illo
3329 701 3506 753 statim

1924 775 2234 844 episcopum
2262 777 2555 842 mitterent,
2585 777 2950 850 Olympiadem
2977 801 3036 839 ea
3063 787 3130 841 de
3164 804 3221 843 re
3248 801 3427 846 monet
3454 792 3507 846 in

1925 866 2115 919 eadem
2159 866 2383 934 epistola
2411 867 2619 922 decima
2661 880 2868 939 quarta,
2909 881 2967 926 ut
3009 875 3124 929 illos
3155 879 3410 947 tantisper
3437 881 3508 935 ob

1927 957 2157 1010 hiemem
2202 967 2538 1013 remoretur:
2570 975 2741 1030 neque
2778 962 2917 1016 enim
2947 964 3035 1017 illa
3076 974 3385 1035 tempestate
3415 983 3508 1024 aut

1928 1047 1978 1100 in
2010 1047 2330 1116 Bosporum,
2377 1061 2466 1103 aut
2503 1052 2554 1105 in
2586 1051 2701 1106 illas
2733 1064 2909 1122 partes
2952 1055 3200 1126 navigare
3243 1070 3504 1127 poterant.

1929 1136 2041 1189 Duo
2074 1136 2219 1190 enim
2247 1138 2368 1192 inde
2395 1140 2532 1193 mala
2565 1153 2955 1210 consequutura
2983 1155 3153 1211 erant,
3194 1157 3248 1202 et
3272 1151 3410 1218 quod
3442 1151 3510 1204 ab

1929 1225 2030 1280 illis
2060 1229 2326 1284 creandus
2359 1232 2640 1300 episcOpns
2673 1234 2762 1289 ille
2785 1245 2952 1300 esset,
2982 1238 3069 1307 qui
3103 1247 3177 1292 tot
3216 1242 3352 1294 mala
3386 1259 3505 1309 per-

1927 1329 2288 1384 petraverant,
2318 1329 2371 1373 et
2407 1337 2436 1372 a
2467 1323 2659 1390 quibus
2684 1326 2852 1379 creari
2883 1328 3031 1382 nefas
3059 1339 3231 1393 esset;
3282 1340 3334 1384 et
3369 1331 3509 1401 quod

1928 1408 1996 1462 ab
2027 1409 2127 1463 illis
2153 1421 2448 1478 crearetur,
2481 1415 2569 1484 qui
2595 1418 2869 1486 probitatis
2894 1421 3151 1476 rationem
3183 1423 3377 1476 nullam
3413 1423 3507 1477 ha-

1928 1499 2133 1555 berent.
2157 1502 2347 1571 Operae
2376 1508 2600 1574 pretium
2627 1521 2802 1564 autem
2829 1509 2942 1566 fore
2969 1512 3113 1579 dicit,
3143 1515 3189 1569 si
3213 1514 3512 1570 Modnarius

1927 1592 2062 1646 clam
2091 1602 2146 1647 et
2174 1596 2292 1649 sine
2330 1598 2552 1665 strepitu
2579 1613 2639 1653 se
2666 1604 2950 1657 convenire
2974 1605 3157 1672 possit.

1999 1680 2130 1745 Quis
2165 1682 2386 1752 hujusce
2428 1687 2621 1755 negotii
2658 1689 2830 1744 exitus
2861 1690 3018 1746 fuerit
3051 1708 3268 1762 prorsus
3297 1695 3511 1763 ignora-

1931 1785 2090 1825 mus:
2134 1788 2256 1826 nam
2310 1775 2367 1829 in
2413 1775 2631 1843 epistola
2682 1794 2892 1846 quoque
2929 1780 3034 1834 206
3073 1782 3138 1834 ad
3179 1782 3511 1837 Theodulum

1931 1861 2212 1918 diaconum
2235 1865 2398 1919 missa
2423 1866 2608 1920 medice
2626 1875 2680 1921 et
2699 1869 3006 1936 aSpcrrimze
3041 1869 3228 1926 hiemis
3252 1881 3511 1942 tempore.

1933 1952 2078 2008 illum
2106 1955 2227 2009 huic
2253 1957 2468 2025 negotio
2493 1957 2868 2025 advigilantem
2906 1959 3145 2014 hortatur
3172 1970 3229 2015 ut
3257 1963 3418 2016 Deum
3449 1978 3513 2017 ea

1933 2046 2001 2100 de
2020 2060 2174 2099 causa
2192 2057 2457 2115 precetur,
2488 2057 2541 2100 et
2568 2063 2742 2102 moras
2774 2050 2908 2102 trahi
2934 2060 3101 2105 curet.
3125 2052 3204 2105 Ad
3229 2055 3513 2106 monachos

1934 2136 2160 2193 Gotthos
2204 2138 2258 2191 in
2296 2153 2422 2208 agro
2471 2137 2709 2192 Promoti
2750 2138 3004 2208 degentes
3044 2141 3233 2194 eodem
3279 2153 3517 2210 tempore

1936 2228 2215 2297 epistolam
2259 2229 2405 2282 misit
2445 2229 2572 2291 107,
2618 2229 2841 2298 illosque
2909 2229 3092 2284 beatos
3143 2231 3393 2299 pta-dicat
3447 2233 3517 2285 ob

1936 2335 2204 2372 aerumnas
2231 2330 2283 2374 et
2306 2322 2582 2375 molestias
2607 2322 2705 2376 sibi
2731 2323 2923 2386 illatas,
2953 2323 3201 2392 additque
3229 2324 3441 2392 prtetnia
3464 2335 3518 2378 et

1937 2426 2162 2466 coronas
2195 2412 2315 2465 talia
2345 2414 2665 2480 patientibus
2682 2415 2944 2483 apparari.
2974 2413 3051 2468 llli
3080 2430 3204 2468 vero
3223 2430 3381 2469 omne
3408 2425 3521 2468 stn-

1935 2502 2081 2556 dium
2129 2503 2467 2570 exltibebant,
2511 2513 2568 2558 ut
2614 2505 2792 2558 nullus
2837 2505 2890 2558 in
2939 2504 3161 2558 ecclesia
3203 2505 3517 2559 Gotthorum

1939 2592 2199 2647 tumultus
2218 2593 2465 2647 oriretur.
2493 2593 2816 2648 Hortabatur
2835 2605 3010 2647 autem
3030 2594 3148 2646 illos
3177 2603 3234 2646 ut
3255 2593 3516 2662 negotium

1938 2693 2192 2754 quantum
2220 2693 2466 2754 poterunt
2493 2685 2792 2739 extrahant.
2821 2684 2916 2738 llic
2940 2685 3080 2740 enim
3115 2699 3327 2758 semper
3350 2685 3523 2758 agitur

1940 2775 2007 2829 de
2030 2775 2150 2828 novi
2177 2774 2411 2844 episcopi
2439 2776 2728 2830 creatione.

2014 2865 2068 2920 In
2108 2866 2294 2921 eadem
2336 2867 2559 2936 epistola
2590 2867 2794 2920 decima
2839 2881 3025 2940 quarta
3065 2869 3133 2924 de
3160 2869 3358 2923 ililariu
3385 2885 3519 2938 quo-

1941 2957 2061 3012 dam
2089 2962 2342 3033 episcopo
2363 2961 2471 3033 agit
2497 2957 2908 3034 Chryseswmus
2932 3003 2947 3027 ,
2972 2962 3059 3032 qui
3086 2975 3114 3013 a
3141 2975 3199 3015 se
3224 2977 3318 3029 per
3339 2960 3520 3016 literas

1945 3050 2168 3124 petierat
2188 3057 2492 3110 facultatem
2520 3055 2745 3110 abeundi
2778 3057 2828 3108 in
2851 3055 3114 3108 civitatem
3141 3069 3288 3106 suam
3315 3095 3330 3118 ,
3363 3052 3520 3122 polli-

1945 3145 2080 3198 citus
2101 3187 2115 3209 ,
2147 3146 2456 3214 compositis
2485 3145 2641 3198 rebus
2664 3185 2680 3209 ,
2714 3160 2773 3198 se
2792 3143 2858 3197 ad
2884 3146 3052 3212 ipsum
3085 3144 3520 3214 Citrysostomum

1947 3250 2282 3288 reversurum
2314 3250 2451 3288 esse.
2503 3235 2633 3301 Quia
2676 3250 2802 3287 vero
2843 3233 2956 3300 ejus
2988 3233 3266 3300 prmsentia
3297 3247 3398 3284 non
3427 3247 3522 3300 pa-

1947 3343 2062 3380 rum
2095 3326 2194 3394 ipsi
2222 3327 2366 3379 utilis
2395 3333 2527 3390 erat,
2557 3340 2678 3378 cum
2709 3325 2787 3377 vir
2809 3324 2925 3392 pius
2949 3333 3126 3388 esset,
3155 3322 3523 3390 constantique

1946 3432 2009 3471 ac
2037 3416 2240 3472 fervido
2262 3417 2461 3481 animo,
2490 3431 2610 3469 eum
2631 3413 3040 3484 Chrysostomus
3068 3413 3302 3464 hortatus
3331 3412 3520 3474 fuerat,

1949 3518 2000 3562 ut
2030 3517 2305 3577 postquam
2341 3507 2432 3560 illo
2456 3503 2722 3575 profectus
2759 3503 2977 3566 fuisset,
3007 3502 3182 3555 statim
3213 3501 3279 3554 ad
3304 3516 3364 3554 se
3389 3499 3528 3553 redi-

1950 3609 2063 3665 ret;
2092 3608 2252 3668 atque
2274 3597 2636 3668 Olympiadem
2666 3604 2815 3666 rogat
2833 3595 2922 3650 det
2949 3609 3188 3664 operam,
3222 3601 3279 3646 ut
3301 3593 3523 3661 epistola

1949 3709 2043 3746 sua
2072 3702 2124 3746 et
2151 3691 2400 3745 celeriter
2419 3699 2474 3745 et
2498 3700 2610 3743 tuto
2641 3689 2737 3758 ipsi
2767 3688 3055 3752 reddatur,
3089 3686 3228 3754 quod
3258 3687 3366 3754 ipse
3393 3701 3524 3754 quo-

1949 3799 2052 3853 que
2080 3783 2306 3837 ililarius
2333 3783 2678 3850 peroptabat:
2709 3780 2754 3834 si
2784 3795 2912 3833 vero
2934 3795 3037 3832 non
3067 3777 3200 3832 adsit
3230 3776 3526 3847 Olympiadi

1953 3873 2220 3928 Helladius
2248 3874 2540 3944 presbyter,
2573 3872 2662 3941 qui
2687 3871 2939 3940 epistolas
2960 3883 3082 3922 snas
3111 3867 3314 3930 reddat,
3347 3875 3529 3920 mouet

1953 3965 2094 4018 illam
2117 3973 2172 4016 ut
2202 3979 2294 4032 per
2309 3963 2538 4031 aliquem
2560 3962 2874 4032 prudentem
2899 3962 3066 4014 virum
3093 3959 3193 4012 ill-.e
3217 3958 3523 4013 reddantur.

1949 4056 2082 4110 Cum
2121 4056 2163 4109 Τ
2170 4055 2458 4108 illemontio
2510 4063 2790 4122 putamus,
2843 4052 2982 4104 hunc
3028 4050 3283 4104 Hilarium
3316 4063 3435 4101 esse
3461 4047 3527 4100 de

1951 4162 2055 4213 quo
2098 4145 2213 4199 inec
2247 4143 2405 4198 verba
2450 4144 2649 4211 profert
2682 4142 2946 4195 Palladius
2977 4139 3221 4209 (Pallad.
3246 4137 3429 4205 Diatog
3457 4136 3474 4203 )
3511 4154 3526 4188 :

1953 4236 2218 4300 Hilarius,
2265 4238 2338 4287 vir
2381 4244 2584 4286 sanctus
2619 4244 2665 4285 et
2704 4247 2892 4295 senex,
2942 4232 2993 4282 in
3037 4231 3265 4280 intimum
3309 4229 3527 4280 Pontum

1952 4327 2127 4398 pulsus
2152 4335 2221 4378 est
2245 4367 2257 4387 ,
2293 4324 2455 4393 plagis
2483 4323 2710 4375 concisus
2731 4362 2743 4383 ,
2777 4337 2874 4374 non
2902 4337 2932 4371 a
2947 4320 3140 4389 judice,
3173 4319 3259 4370 sed
3283 4335 3313 4368 a
3343 4317 3488 4369 Clera
3509 4332 3528 4368 :

1950 4422 2034 4491 qui
2056 4420 2224 4472 decent
2245 4428 2288 4471 et
2315 4427 2424 4469 octo
2443 4416 2624 4469 abhinc
2642 4414 2788 4466 anuis
2815 4429 2993 4480 panem
3017 4427 3114 4463 non
3134 4409 3368 4480 gustavit,
3391 4407 3527 4459 olera

1951 4513 2060 4566 sola
2090 4521 2134 4564 et
2161 4514 2470 4578 frumentum
2497 4515 2691 4558 coctum
2711 4504 2878 4557 edens.

2023 4601 2218 4656 Pwtmii
2262 4599 2452 4652 laudes.
2481 4625 2554 4637 -—
2596 4595 2884 4666 Epistulam
2928 4593 3052 4646 item
3082 4589 3293 4659 scripsit
3318 4588 3424 4644 204
3463 4586 3526 4642 ad

1956 4694 2263 4756 Patauium,
2313 4691 2486 4744 virum
2529 4689 2705 4758 pium,
2753 4685 2853 4740 sibi
2887 4683 3348 4746 addictissitnum,
3392 4677 3529 4748 atqui

1956 4786 2172 4854 verique
2196 4792 2484 4845 amantem,
2515 4779 2771 4846 dignitate
2803 4783 3164 4845 praastantetn,
3188 4772 3276 4841 qui
3311 4771 3531 4824 multum

1957 4871 2416 4940 Constantinopoli
2450 4877 2505 4923 et
2534 4870 2586 4922 in
2616 4867 2841 4936 Imperio
2871 4874 2980 4919 toto
3007 4872 3235 4933 poterat,
3266 4870 3319 4915 et
3349 4870 3530 4929 poten-

1958 4969 2024 5020 tia
2051 4980 2146 5020 sna
2173 4973 2228 5016 ut
2256 4962 2612 5016 Christianum
2639 4957 2861 5010 decebat
2888 4955 3149 5008 utebatur.
3179 4952 3379 5006 Laudat
3406 4953 3532 5001 vero

1959 5057 2103 5110 illum
2129 5072 2157 5108 a
2187 5053 2322 5117 zelo,
2351 5067 2380 5104 a
2403 5049 2667 5120 vigilantia
2692 5089 2707 5113 ,
2746 5048 2814 5100 ab
2840 5045 3002 5098 animi
3030 5043 3318 5104 laboribus,
3346 5056 3374 5092 a
3403 5039 3534 5092 (idu-

1955 5148 2033 5199 cia
2057 5145 2366 5199 etlibertate
2392 5157 2491 5210 qua
2515 5139 2777 5208 episc0pis
2799 5139 3084 5200 restiterat,
3107 5149 3224 5187 cum
3249 5131 3300 5185 id
3326 5141 3532 5198 tempus

1958 5239 2289 5306 requireret,
2323 5232 2529 5284 tametsi
2559 5246 2678 5283 cum
2715 5228 2893 5282 debita
2924 5225 3320 5286 moderatione;
3361 5218 3533 5289 quod-

1958 5343 2095 5395 que,
2136 5340 2255 5378 cum
2296 5323 2381 5376 alii
2409 5321 2672 5390 fugerint,
2716 5319 2804 5373 alii
2831 5315 3046 5386 relegati
3073 5315 3214 5377 sint,
3255 5312 3364 5378 ipse
3390 5309 3533 5361 solus

1959 5429 2084 5483 stet,
2110 5417 2414 5485 nullumque
2440 5413 2642 5467 ordinis
2663 5413 2988 5467 desertorem
3017 5406 3126 5459 fieri
3150 5404 3305 5466 sinat,
3337 5416 3536 5470 eosque

1931 5510 2116 5563 "etiam
2143 5549 2156 5573 ,
2203 5507 2290 5576 qui
2341 5504 2759 5559 adversariorum
2809 5509 2985 5568 partes
3021 5494 3417 5563 sequebantur,
3464 5491 3531 5542 ad

1921 5653 1924 5656 Α
1960 5614 2082 5653 suas
2112 5599 2242 5662 mira
2272 5596 2531 5650 suavitate
2554 5593 2809 5646 traducat.
2838 5587 2986 5641 illum
3012 5599 3140 5637 vero
3171 5581 3287 5636 ideo
3307 5581 3537 5634 maxime

1965 5690 2194 5744 celebrat
2222 5731 2234 5755 ,
2267 5685 2406 5758 quod
2436 5687 2486 5740 in
2520 5699 2624 5738 uno
2660 5677 2977 5734 constitutus
3001 5673 3116 5728 loco
3146 5672 3376 5728 universi
3405 5684 3537 5740 pene
