3954 6416
511 282 617 339 939

511 406 774 448 terrarum
797 393 937 445 orbis
958 406 1137 445 curam
1162 401 1327 459 gerat,
1357 391 1652 444 Palaestinae
1678 405 1805 442 vero
1835 404 2081 451 manune,

510 483 797 537 t’bmnicize
824 491 875 535 et
902 480 1119 535 Ciliciae.
1172 479 1435 549 Additque
1464 480 1771 534 Palaestinos
1795 486 1853 534 et
1877 479 2092 533 Phaeni-

508 589 597 629 ces
619 575 785 627 virum
816 573 884 624 ab
911 572 1231 626 adversariis
1269 573 1491 627 missum
1519 613 1533 638 ,
1563 586 1755 640 nempe
1789 572 2086 637 Arsacium,

511 681 614 719 non
657 663 972 730 admisisse;
1016 664 1068 717 in
1098 663 1281 718 Cilicia
1314 678 1439 718 vero
1462 663 1739 733 episcopos
1768 662 2086 716 Tarsensem

509 768 562 812 et
594 758 874 828 .IEgensem
904 773 935 811 a
981 757 1218 826 partibus
1254 755 1463 811 illorum
1509 765 1651 809 stare
1674 796 1688 819 ,
1725 762 1882 823 atque
1909 763 1965 807 ut
1988 768 2088 806 au-

508 852 676 906 dierat
718 851 831 922 ipse
870 851 937 904 ab
977 849 1148 904 amico
1191 864 1288 904 suo
1312 891 1325 910 .
1368 850 1617 919 episcopo
1666 846 2083 912 Castabalorum,

508 942 650 1013 ipsos
672 957 700 995 a
727 941 1321 1009 Constantinopolitanis
1341 940 1454 1010 cogi
1485 951 1540 993 ut
1577 939 1782 993 illorum
1826 936 2086 1006 iniquitati

512 1032 897 1087 assentirentur
921 1071 936 1097 ,
975 1031 1068 1087 sed
1098 1031 1306 1086 interim
1337 1040 1512 1084 tamen
1540 1030 1807 1083 resistere.
1836 1027 2091 1081 Hortatur

509 1140 670 1193 porro
709 1115 794 1177 ille
824 1124 1121 1187 P.ranium,
1149 1131 1205 1176 ut
1229 1122 1446 1175 multum
1475 1119 1843 1175 sollicitudinis
1871 1130 1922 1173 et
1949 1118 2084 1187 vigi-

510 1215 688 1267 lantire
726 1213 1005 1278 adhibeat,
1038 1229 1142 1282 quo
1172 1212 1291 1266 huic
1323 1212 1479 1265 etiam
1509 1211 1643 1280 parti
1685 1210 1974 1263 remedium
2004 1209 2084 1261 af-

510 1305 668 1369 ferat,
691 1317 743 1360 et
765 1305 828 1359 a.l
850 1305 1224 1359 consobrinum
1245 1317 1397 1357 suum
1419 1301 1756 1356 Theodorum
1777 1301 2085 1370 episc0pum

510 1396 709 1449 scribat
741 1413 754 1449 :
782 1397 871 1465 qui
913 1395 1122 1450 videtur
1166 1409 1286 1450 esse
1329 1393 1640 1449 Theodorus
1686 1392 2084 1461 Mopsucstenus

509 1485 727 1540 Joannis
774 1501 843 1540 no
874 1486 993 1539 tria
1026 1500 1189 1555 puero
1227 1485 1448 1540 amicus.
1491 1483 1824 1538 Pharetrium
1871 1482 2082 1548 deinde,

510 1573 890 1629 Caesariensem
912 1574 1238 1643 episcOpum,
1269 1583 1481 1627 revocat
1503 1574 1553 1627 in
1581 1573 1910 1636 memoriam,
1934 1573 2085 1641 cujus

511 1664 688 1732 iniqua
745 1664 796 1717 in
843 1662 1275 1733 Chrysostomum
1319 1670 1466 1732 gesta
1514 1663 1757 1732 superius
1808 1662 2081 1716 vidimus:

509 1769 627 1821 qua:
655 1763 798 1807 certe
840 1753 1037 1806 nullam
1080 1753 1282 1806 veniam
1314 1753 1669 1807 merebantur.
1701 1753 1771 1806 At
1808 1766 1928 1806 cum
1966 1766 2085 1821 pre—

507 1846 706 1914 sbytcrl
728 1848 841 1913 ejus
870 1853 922 1896 et
949 1844 1133 1899 Clerus
1150 1844 1322 1898 omnis
1348 1858 1443 1913 pro
1461 1842 1844 1915 Chrysostomo
1858 1851 2079 1907 starent,

507 1951 574 1989 ne
614 1949 713 2003 qua
762 1935 883 1988 hinc
912 1934 1176 1989 dissensio
1204 1934 1469 1999 oriretur,
1514 1934 1782 1989 Pmanium
1820 1934 2079 1998 hortatur,

507 2035 565 2076 ut
594 2023 882 2091 prudenter
902 2039 998 2094 pro
1027 2039 1174 2079 more
1195 2039 1290 2078 suo
1307 2039 1427 2079 cum
1447 2024 1548 2077 illis
1572 2031 1711 2092 agat,
1730 2032 1785 2079 et
1808 2023 2084 2079 Pbaretrio

506 2114 667 2177 dicat,
698 2114 955 2169 Joannem
977 2115 1242 2169 audivisse
1277 2115 1414 2183 quod
1443 2115 1556 2182 ipse
1585 2115 1891 2169 Pharetrius
1918 2115 2084 2169 multo

507 2204 575 2258 de
603 2204 664 2256 iis
689 2219 804 2273 quae
834 2205 1134 2259 acciderant
1156 2205 1340 2258 dolore
1366 2204 1669 2259 afficeretur
1688 2247 1702 2269 ,
1735 2220 1799 2258 ac
1827 2220 1886 2259 se
1930 2221 2082 2274 para-

509 2305 618 2345 tum
646 2307 762 2346 esse
785 2293 926 2346 dicat
951 2293 1016 2347 ad
1049 2294 1258 2364 quidvis
1288 2294 1591 2364 patiendum
1618 2336 1631 2356 ,
1674 2304 1731 2349 ut
1758 2311 1818 2350 ea
1849 2312 1965 2364 qua:
1993 2311 2084 2351 ne-

503 2381 640 2440 farie
660 2391 773 2435 acta
799 2381 1006 2437 fuerant
1027 2383 1397 2439 emendentur.
1437 2386 1525 2438 Ait
1551 2384 1778 2454 denique
1802 2400 1860 2440 se
1885 2388 2085 2454 optime

507 2470 685 2525 valere
711 2511 725 2535 ,
772 2487 833 2525 ac
865 2473 1207 2529 vehementer
1227 2484 1411 2545 optare
1436 2483 1492 2531 ut
1512 2474 1627 2545 ejus
1655 2490 1944 2546 congressu
1985 2478 2083 2531 frui

509 2559 696 2628 possit.

576 2649 709 2704 Cum
757 2651 1028 2709 didicisset
1068 2654 1215 2708 illum
1265 2652 1760 2726 Constantinopolin
1813 2673 2081 2712 reversum

505 2757 645 2808 esse,
672 2746 965 2813 gratttlandi
995 2761 1150 2800 causa
1173 2749 1445 2815 epistolam
1473 2749 1571 2817 ipsi
1595 2748 1735 2804 misit
1757 2750 1891 2814 20;
1922 2765 2085 2819 seque

504 2836 634 2890 dicit
670 2835 781 2904 jam
822 2852 926 2888 non
973 2835 1027 2889 in
1074 2838 1352 2906 peregrina
1395 2839 1609 2908 regione
1637 2842 1837 2893 versari
1876 2848 2081 2908 putare,

507 2926 880 2994 voluptateque
908 2925 1191 2994 perfundi,
1239 2944 1342 2981 non
1373 2930 1513 2998 quod
1542 2932 1771 3000 dignitas
1802 2934 1879 2986 illi
1917 2934 2086 3003 major

506 3015 752 3084 obtigerit
784 3033 797 3068 :
825 3015 1129 3087 dignitatem
1151 3018 1292 3072 enim
1320 3019 1434 3089 ejus
1460 3035 1580 3077 esse
1598 3024 1787 3076 animae
1813 3024 2081 3090 virtutum,

508 3120 626 3174 qua:
651 3121 936 3177 numquam
966 3109 1063 3178 ipsi
1092 3110 1286 3164 auferri
1326 3112 1528 3181 possit;
1561 3128 1723 3183 seque
1761 3115 1880 3169 ideo
1906 3118 2085 3170 essu!-

510 3209 623 3252 tare
650 3198 788 3267 quod
811 3199 926 3270 ejus
954 3202 1154 3255 reditus
1180 3218 1423 3272 magnam
1459 3204 1645 3261 all‘erat
1665 3208 2082 3264 consolationem

508 3289 571 3341 iis
598 3289 686 3358 qui
716 3292 1061 3359 vexabantur,
1092 3294 1490 3363 torquebantur,
1510 3296 1562 3350 in
1588 3298 1793 3352 vincula
1835 3300 2085 3368 cetijicie-

508 3379 698 3432 bantur
720 3421 734 3444 ,
763 3381 850 3449 qui
871 3380 940 3435 ad
967 3382 1113 3435 illum
1141 3390 1406 3452 tamquam
1435 3384 1501 3439 ad
1531 3385 1843 3440 latissimum
1875 3399 2083 3456 portum

508 3470 834 3538 confugient.
878 3471 1049 3523 Aliam
1077 3487 1288 3541 quoque
1315 3474 1526 3527 Pacuuio
1548 3476 1823 3544 epistolam
1851 3477 1921 3532 93
1946 3479 2081 3533 scri-

508 3560 654 3629 psit,
701 3560 852 3629 cujus
899 3568 1109 3630 tempus
1153 3578 1219 3616 ne
1243 3564 1548 3632 conjectura
1575 3567 1787 3635 quidem
1828 3569 2084 3638 assignari

508 3658 700 3721 potest.
737 3651 867 3704 Cum
894 3659 1069 3705 autem
1100 3651 1385 3709 adversarii
1412 3654 1527 3722 ejus
1556 3657 1785 3711 maxime
1808 3660 2080 3724 sarvirent,

506 3743 747 3811 aliosque
772 3741 885 3795 dire
908 3752 1190 3808 vexarent,
1224 3746 1389 3814 magis
1410 3746 1670 3816 lugendus
1695 3763 1813 3803 esse
1833 3749 1964 3805 dicit
1989 3766 2083 3805 eos

504 3836 595 3904 qui
618 3835 749 3887 mala
780 3834 1078 3904 hujusmodi
1112 3835 1396 3904 inferrent,
1425 3854 1584 3907 quam
1613 3841 1700 3909 qui
1730 3850 2038 3910 paterentur
2067 3860 2080 3896 :

510 3926 590 3977 his
614 3925 756 3979 enim
777 3940 1005 3979 coronas
1028 3967 1043 3992 ,
1074 3926 1175 3980 illis
1203 3928 1461 3996 supplicia
1491 3932 1683 3998 parari.
1712 3932 1909 3987 Deinde
1937 3943 2085 4004 rogat

507 4015 575 4069 de
603 4015 902 4070 valetudine
926 4030 1019 4069 sua
1048 4018 1327 4073 certiorem
1360 4036 1418 4074 se
1447 4022 1621 4075 faciat.

577 4105 960 4177 Chrysostomus
999 4110 1143 4163 exsul
1162 4113 1326 4182 gregis
1370 4113 1452 4166 sui
1486 4129 1660 4167 curam
1689 4118 1910 4186 gerit.-—-
1938 4117 2085 4172 Licet

504 4208 677 4252 autem
721 4200 869 4254 exsul
914 4208 968 4255 et
1009 4198 1467 4273 Constantinopoli
1519 4209 1703 4275 procul
1746 4218 1923 4273 esset,
1978 4226 2081 4262 non

505 4290 764 4344 minorem
795 4299 968 4346 tamen
997 4292 1094 4347 sibi
1125 4295 1400 4349 commissi
1425 4298 1601 4366 gregis
1625 4313 1806 4352 curam
1837 4300 2076 4368 gerebat,

505 4377 924 4450 advigilabatque
968 4391 1024 4435 ut
1069 4384 1361 4455 presbyteri
1406 4396 1461 4438 et
1499 4386 1685 4442 Clerus
1713 4389 1813 4443 sibi
1839 4389 2082 4447 addictus

504 4484 601 4522 suo
631 4471 974 4539 fungerentur
1011 4474 1205 4529 ofﬁcio.
1255 4478 1337 4530 Ad
1376 4478 1713 4533 Theodorum
1751 4482 1991 4538 scribens
2017 4485 2083 4538 de

478 4559 819 4629 negligentia
848 4560 1064 4617 Salustii
1102 4568 1398 4636 presbyteri
1436 4570 1677 4637 queritur
1704 4570 1894 4641 (Epist.
1928 4574 2078 4645 210),

505 4663 664 4719 quem
696 4653 989 4706 nuntiatum
1021 4654 1118 4708 sibi
1154 4654 1322 4710 fuerat
1350 4660 1432 4711 vix
1472 4661 1705 4730 quinque
1748 4664 1990 4719 bomilias
2015 4667 2081 4719 ad

506 4739 749 4796 Octobris
796 4758 963 4813 usque
1003 4761 1243 4800 mensem
1294 4748 1582 4806 habuisse:
1611 4760 1769 4821 atque
1810 4753 1983 4822 ipsum
2027 4764 2084 4810 et

504 4833 851 4903 Theoiihilum
883 4837 1246 4909 presbyterum
1270 4882 1283 4903 ,
1313 4840 1539 4896 alterum
1564 4859 1627 4896 ex
1659 4844 1864 4913 pigritia
1887 4887 1902 4911 ,
1944 4846 2080 4900 aite-

504 4941 617 4978 rum
662 4939 770 4994 pra:
810 4936 950 4980 metu
981 4930 1045 4981 ad
1072 4930 1357 4985 Collectam
1400 4948 1503 4986 non
1542 4936 1742 4990 venire.
1795 4936 2079 4992 Salustium

501 5030 629 5069 vero
670 5016 908 5072 maxime
947 5018 1175 5072 amicum
1219 5034 1372 5074 suum
1422 5033 1478 5076 ut
1519 5026 1863 5080 vehementer
1886 5028 2080 5082 excitet

502 5115 747 5172 precatur
786 5123 799 5157 :
839 5106 888 5159 in
917 5117 1058 5162 tanta
1102 5110 1242 5163 enim
1276 5127 1450 5165 rerum
1494 5124 1807 5184 tempestate
1833 5132 2077 5186 magnam

498 5197 752 5252 exhibere
799 5197 1157 5255 fortitudinem
1187 5214 1240 5257 et
1278 5206 1596 5274 vigilantiam
1640 5220 1886 5278 Oportcre
1931 5210 2075 5263 dicit.

502 5287 696 5342 Eadem
727 5287 792 5343 de
816 5304 974 5344 causa
1002 5291 1067 5347 ad
1095 5292 1445 5364 Theophilum
1475 5298 1840 5368 presbyterum
1875 5301 2078 5368 cpisto-

504 5377 605 5431 latr.
638 5378 741 5432 212
766 5380 949 5447 misit,
994 5396 1054 5437 se
1088 5399 1429 5454 summOpere
1470 5388 1704 5442 doluisse
1744 5390 2070 5459 significans,

501 5468 635 5531 quod
682 5469 770 5523 ille
796 5481 850 5525 et
878 5472 1141 5527 Salustius
1167 5490 1289 5530 raro
1315 5476 1380 5528 ad
1409 5475 1695 5531 Collectam
1736 5480 2074 5548 accederent,

502 5563 556 5604 ut
580 5556 679 5607 sibi
706 5557 903 5613 dictum
925 5561 1096 5616 fuerat
1124 5581 1137 5615 :
1165 5564 1209 5617 si
1234 5578 1319 5618 res
1344 5580 1496 5619 secus
1519 5582 1577 5620 se
1603 5566 1820 5624 haberet
1844 5611 1859 5636 ,
1896 5571 1945 5624 id
1976 5572 2075 5625 sibi

503 5646 765 5697 nuntiaret
796 5663 810 5705 ;
854 5650 933 5701 sin
986 5667 1163 5708 verum
1206 5666 1385 5719 esset,
1421 5655 1788 5726 negligentiam
1816 5662 2072 5715 emcnda-

1573 279 1629 335 s.
1669 275 1949 333 JOANNIS
1984 236 2466 333 (.llliYSOSTOMi
2500 277 2681 343 vn‘a,

3671 281 3777 337 ξω

2199 399 2302 443 ret.
2353 389 2432 443 Ad
2478 390 2765 445 Salustium
2803 391 2994 445 deinde
3032 392 3306 458 epistolam
3336 394 3650 459 niisit203,
3689 399 3775 453 ubi

2194 482 2378 536 eadem
2411 483 2521 537 fere
2542 485 2753 551 repetit,
2788 483 2959 551 ipsum
2985 498 3177 552 nempe
3205 485 3270 537 ad
3297 484 3583 540 Octobrem
3606 503 3773 557 usque

2193 587 2430 626 mensem
2484 573 2724 626 ltomilias
2764 574 2994 642 quinque
3039 581 3239 626 tantum
3276 572 3565 641 habuisse,
3595 576 3773 632 Theo-

2196 662 2395 731 philum
2428 678 2555 719 vero
2602 664 2801 718 nullam
2831 680 2846 716 :
2874 679 2941 717 an
2970 664 3019 717 id
3059 680 3241 718 verum
3287 667 3357 719 sit
3379 707 3394 730 ,
3442 666 3549 721 sibi
3580 668 3773 724 indicet

2192 765 2373 824 rogat;
2418 764 2472 808 et
2513 757 2557 809 si
2599 770 2687 809 res
2734 756 2801 808 ita
2846 770 2904 809 se
2945 754 3170 821 habeat,
3217 766 3439 827 uterque
3463 759 3772 827 diligentius

2192 858 2304 897 rem
2335 852 2496 913 agat:
2527 844 2651 908 Quis
2677 844 2807 898 enim
2826 885 2841 910 ,
2872 844 3075 914 inquit,
3104 845 3227 899 illos
3250 847 3395 899 ratio
3425 848 3609 917 dignos
3648 865 3766 902 csu-

2190 943 2333 999 seat,
2372 934 2461 1004 qui
2492 935 2613 986 dum
2648 935 2737 986 alii
2772 944 3017 988 vexantur
3042 943 3090 988 et
3116 935 3167 988 in
3205 937 3441 989 sumunt
3480 938 3767 1004 utittsmtur,

2191 1039 2346 1093 neque
2368 1024 2633 1094 praesentia
2674 1039 2831 1092 neque
2868 1024 3100 1079 doctrina
3127 1041 3220 1078 sua
3261 1027 3449 1094 populo
3477 1036 3774 1097 tempestate

2181 1113 2376 1183 jactato
2402 1129 2493 1181 pro
2521 1113 2651 1166 virili
2679 1129 2970 1167 succurrere
2985 1113 3228 1167 student?

2260 1204 2339 1258 Ad
2383 1203 2690 1259 Severinam
2736 1214 2791 1259 et
2831 1204 3112 1259 Romulam
3147 1202 3615 1275 Constantinopoli
3653 1220 3767 1262 rer-

2189 1305 2367 1351 santcs
2389 1335 2404 1361 ,
2434 1296 2713 1364 epistolam
2750 1295 2893 1349 misit
2915 1295 3023 1351 219
3054 1310 3218 1365 :quas
3243 1311 3306 1349 ex
3326 1295 3581 1352 diuturno
3609 1296 3767 1350 silen-

2191 1385 2263 1437 tio
2288 1398 2508 1453 carpere
2535 1399 2639 1437 non
2679 1385 2870 1448 audet,
2905 1385 2998 1438 sed
3028 1385 3149 1454 quia
3178 1385 3419 1441 fortassis
3443 1400 3510 1438 ex
3537 1386 3763 1440 tabella-

2188 1475 2387 1528 riorum
2411 1474 2628 1545 penuria
2646 1489 2706 1530 se
2731 1476 2981 1544 epistolas
3002 1476 3210 1530 mittere
3229 1490 3335 1530 non
3361 1491 3522 1544 posse
3548 1475 3769 1531 dictum

2189 1574 2361 1629 erant,
2388 1564 2674 1620 Salustium
2701 1565 2801 1619 sibi
2828 1564 3114 1621 admodum
3143 1564 3394 1620 dilectum
3423 1565 3767 1636 indicat,‘qui

2188 1656 2254 1710 ad
2272 1671 2387 1710 eam
2418 1671 2531 1710 rem
2560 1658 2687 1725 ipsis
2715 1671 2871 1726 opem
2894 1655 3037 1711 ferre
3060 1655 3531 1724 possit.Valentino
3551 1672 3765 1727 quoque

2186 1747 2397 1816 scripsit
2416 1747 2695 1816 epistolam
2720 1747 2825 1801 ΞΠ
2853 1764 2866 1801 :
2894 1762 3053 1817 quem
3073 1747 3268 1813 laudat,
3287 1748 3426 1817 quod
3450 1748 3519 1802 ad
3549 1748 3769 1803 ferenda

2187 1839 2506 1908 pauperibus
2549 1838 2783 1894 subsidia
2837 1839 2906 1892 sit
2949 1854 3162 1907 semper
3199 1849 3428 1908 paratus.
3474 1840 3610 1908 Quia
3640 1856 3765 1894 vero

2190 1928 2518 1982 Domitianus
2564 1928 2877 1999 presbyter,
2906 1929 2991 1983 cui
3018 1932 3357 1983 commiserat
3390 1930 3629 1985 Joannes
3670 1945 3763 1984 ne.

2187 2028 2297 2073 ster
2318 2029 2375 2071 ut
2400 2019 2675 2075 viduarum
2705 2028 2758 2073 et
2801 2020 3063 2086 virginum
3097 2035 3277 2075 curam
3309 2032 3553 2091 gereret,
3600 2024 3765 2092 signi-

2190 2110 2437 2163 ﬁcaverat
2467 2109 2601 2180 ipsi,
2630 2109 2747 2162 illas
2768 2108 2909 2164 fame
2931 2110 3133 2173 vexari,
3166 2109 3233 2163 ad
3265 2110 3604 2165 Valentinum
3632 2128 3762 2166 con-

2189 2199 2317 2269 fugit
2345 2200 2751 2270 Cbrysostomus
2777 2242 2791 2266 ,
2839 2200 3090 2269 illumque
3134 2203 3379 2255 obsecrat
3402 2214 3456 2256 et
3499 2213 3658 2267 orat,
3709 2213 3760 2257 ut

2191 2289 2487 2344 Domitiano
2505 2289 2699 2344 auxilia
2722 2289 2963 2345 conferat
2989 2332 3004 2356 ,
3033 2290 3286 2361 additque
3311 2307 3395 2355 ea,
3423 2308 3544 2362 qua:
3574 2292 3626 2345 in
3660 2303 3760 2345 tam

2187 2382 2331 2451 gravi
2363 2390 2673 2450 tempestate
2696 2396 2760 2436 ac
2785 2383 3015 2451 procella
3042 2395 3328 2452 erogantur
3345 2424 3360 2448 ,
3409 2383 3596 2453 majori
3625 2398 3763 2437 mer-

2187 2472 2319 2528 cede
2342 2472 2550 2527 donari.
2591 2472 2845 2528 Precatur
2890 2475 3049 2528 etiam
3088 2481 3146 2528 ut
3171 2473 3239 2527 ad
3261 2488 3321 2528 se
3348 2474 3583 2536 scribat,
3627 2472 3761 2542 quod

2190 2564 2314 2619 huic
2360 2563 2603 2633 petitioni
2643 2565 2908 2619 annuerit.
2954 2563 3319 2635 Chrysostosui
3369 2563 3619 2632 precibus
3665 2581 3759 2619 an-

2188 2657 2367 2711 nuisse
2394 2655 2603 2711 videtur
2628 2655 2936 2711 Valentinus
2964 2673 2979 2711 :
3009 2673 3130 2709 nam
3151 2657 3203 2710 in
3227 2657 3447 2725 epistola
3477 2658 3539 2710 41
3571 2698 3588 2718 ,
3621 2664 3764 2725 post-

2187 2764 2346 2817 quam
2375 2748 2580 2804 dixerat
2606 2765 2663 2803 se
2685 2747 2825 2804 hanc
2853 2749 3058 2803 tertiam
3075 2750 3353 2818 epistolam
3374 2750 3607 2813 misisse,
3640 2764 3756 2803 cum

2192 2840 2304 2909 ipse
2334 2841 2530 2895 nullam
2572 2855 2604 2894 a
2625 2839 2906 2895 Valentino
2930 2841 3229 2910 acceperit,
3267 2840 3480 2910 adjicit,
3510 2855 3571 2895 se
3600 2839 3763 2909 probe

2188 2932 2324 2985 scire
2348 2946 2468 2986 eum
2490 2972 2505 2998 ,
2538 2932 2628 3002 qui
2670 2931 2852 2986 literas
2890 2946 3015 2986 suas
3043 2931 3245 2997 attulit,
3290 2945 3411 2985 cum
3456 2931 3663 2985 honore
3696 2930 3765 2984 ab

2189 3024 2279 3079 illo
2307 3033 2585 3093 exceptum
2614 3025 2796 3085 fuisse,
2821 3035 2875 3079 et
2900 3025 2951 3079 in
2980 3023 3044 3078 iis
3070 3024 3246 3087 rebus,
3272 3038 3391 3094 qua:
3417 3037 3576 3091 opem
3603 3023 3765 3091 ipsius

2189 3118 2568 3188 requirebant,
2600 3133 2717 3186 quae
2742 3131 2954 3171 suarum
2983 3117 3210 3185 partium
3234 3126 3385 3169 erant
3410 3112 3726 3182 pra‘stitisse
3750 3130 3764 3168 :

2187 3207 2255 3263 de
2283 3217 2480 3262 cretero
2508 3208 2752 3264 obsecrat
2774 3220 2827 3262 et
2855 3207 3091 3275 pluribus
3114 3214 3355 3276 precatur
3384 3213 3440 3261 ut
3462 3203 3649 3259 literas
3665 3202 3765 3259 sibi

2188 3298 2398 3353 mittere
2424 3313 2529 3352 non
2551 3297 2777 3353 desinat.
2822 3297 2954 3352 Cum
2985 3311 3143 3365 porro
3178 3296 3483 3351 Valentinus
3511 3295 3565 3349 in
3594 3293 3765 3349 hono-

2189 3389 2264 3443 ris
2312 3388 2531 3458 gradum
2579 3389 2885 3459 quempiam
2931 3397 3148 3444 erectus
3193 3387 3416 3451 fuisset,
3465 3401 3647 3455 neque
3714 3385 3763 3440 id

2188 3480 2572 3546 Chrysostomo
2613 3495 2705 3549 per
2747 3480 2928 3535 literas
2973 3480 3300 3543 nuntiasset,
3343 3478 3630 3546 epistdam
3669 3477 3765 3546 ipsi

2189 3576 2293 3631 ΗΒ
2326 3573 2559 3642 scripsit,
2597 3584 2755 3641 atque
2780 3571 3047 3641 redarguit
3071 3572 3247 3637 illum,
3282 3569 3420 3639 quod
3448 3584 3561 3625 rem
3594 3579 3769 3623 tanto-

2191 3684 2317 3738 pere
2345 3669 2443 3721 sibi
2477 3676 2681 3736 gratam
2724 3664 2791 3718 ab
2819 3664 2937 3718 aliis
2971 3664 3179 3719 discere
3219 3677 3405 3731 passus
3447 3662 3555 3727 sit,
3593 3676 3766 3729 neque

2187 3759 2289 3815 sibi
2337 3758 2633 3827 scripserit.
2683 3755 2875 3810 Veram
2917 3753 3131 3823 quidem
3156 3752 3467 3821 dignitatem
3495 3764 3621 3805 esse
3642 3750 3768 3805 dicit

2186 3852 2377 3905 anima:
2412 3851 2658 3904 virtutem
2681 3888 2697 3912 ,
2729 3846 2822 3902 scd
2850 3847 2970 3916 quia
3006 3846 3119 3916 ipse
3148 3843 3325 3899 mundi
3370 3841 3671 3897 honoribus
3702 3840 3765 3894 ad

2188 3942 2463 3995 utilitatem
2494 3939 2633 3993 illius
2673 3939 2746 3992 uti
2791 3937 3091 4000 didicerat,
3133 3949 3237 4003 quo
3279 3932 3548 4003 potentior
3572 3932 3760 3997 evasit,

2189 4048 2251 4088 eo
2276 4033 2430 4087 latior
2454 4041 2638 4102 portus
2661 4030 2941 4100 egentibus
2961 4027 3241 4082 efﬁcietur.

2259 4125 2530 4194 Philippus
2571 4133 2624 4177 et
2671 4120 2985 4191 Euthymins
3032 4117 3327 4187 presbyteri
3373 4115 3571 4171 scholis
3617 4115 3758 4170 Cou-

2186 4216 2523 4285 stantiuopoli
2552 4223 2848 4283 prtucrant;
2875 4227 3100 4281 cumque
3128 4226 3189 4265 ea
3212 4251 3228 4275 ,
3266 4224 3367 4279 qua
3396 4208 3625 4264 decebat
3646 4249 3664 4274 ,
3689 4208 3763 4263 di-

2185 4308 2339 4363 cendi
2371 4307 2614 4361 libertate
2643 4305 2721 4358 usi
2754 4304 3010 4368 fuissent,
3052 4316 3122 4356 ex
3168 4299 3366 4354 scholis
3400 4299 3557 4367 ejeeti
3590 4298 3757 4354 fuere.

2186 4400 2593 4470 Clirysostnmus
2636 4412 2761 4453 vero
2803 4394 3052 4464 epistolas
3095 4393 3308 4462 scripsit
3344 4391 3453 4447 213
3494 4391 3758 4461 Philippo,

2185 4490 2288 4544 218
2334 4488 2640 4559 Euthymio.
2696 4487 2995 4555 Philippum
3039 4500 3167 4538 vero
3213 4483 3420 4552 arguit,
3469 4480 3618 4551 quod
3665 4482 3759 4535 sibi

2187 4581 2364 4633 literas
2402 4595 2505 4632 non
2550 4578 2784 4642 miserit;
2829 4587 3107 4645 utrumque
3133 4577 3475 4638 consolatur,
3526 4573 3664 4628 hanc
3683 4573 3760 4642 ja-

2185 4677 2387 4721 cturam
2440 4668 2625 4721 dicens
2668 4669 2717 4720 in
2771 4667 3031 4721 mercedis
3076 4666 3253 4720 locum
3302 4665 3483 4718 haberi
3538 4663 3758 4718 debere.

2188 4757 2447 4810 Plurimas
2475 4772 2603 4811 vero
2632 4756 2765 4810 alias
2789 4756 3005 4823 scripsit
3031 4755 3283 4822 epistolas
3312 4754 3378 4807 ad
3423 4754 3757 4824 presbyteros

2184 4852 2436 4907 Severum
2468 4850 2592 4910 101,
2628 4849 2878 4901 Acacium
2903 4848 3028 4913 208,
3056 4847 3424 4901 Sebastianum
3452 4844 3585 4905 ‘2”,
3613 4844 3760 4898 Pela-

2182 4946 2325 5013 gium
2361 4943 2500 5006 215,
2530 4941 2864 4996 salutationis
2895 4948 3092 4992 tantum
3124 4947 3179 4992 et
3201 4940 3447 4990 amicitia:
3471 4938 3625 5004 signa
3656 4951 3758 5005 pra:

2184 5051 2241 5088 se
2286 5033 2554 5096 ferentes;
2609 5046 2780 5099 neque
2839 5030 3034 5098 percipi
3085 5035 3259 5094 potest
3311 5027 3461 5092 cujus
3509 5025 3757 5079 Ecclesia:

2184 5125 2475 5193 presbyteri
2494 5133 2688 5175 essent.
2710 5118 3029 5189 Symmacho
3047 5126 3225 5171 autem
3242 5117 3555 5186 presbytero
3569 5114 3753 5183 ζερίει.

2182 5213 2273 5281 45)
2299 5254 2314 5277 ,
2340 5213 2429 5281 qui
2460 5214 2615 5281 longo
2646 5210 2924 5263 intervallo
2951 5224 2980 5261 a
3010 5223 3070 5262 se
3102 5207 3331 5260 distabat
3352 5247 3369 5271 ,
3414 5214 3468 5259 et
3509 5204 3753 5257 a-runmis

2183 5321 2232 5369 0;
2254 5305 2587 5375 primebatur
2612 5345 2627 5368 ,
2671 5303 2786 5356 huic
2831 5301 3209 5355 consolationis
3246 5300 3408 5353 verba
3446 5297 3577 5351 dicit
3609 5314 3622 5350 :
3649 5295 3753 5350 Non

2185 5411 2375 5449 novum
2400 5405 2451 5449 et
2481 5402 2867 5464 prmpostcrum
2895 5406 3013 5446 esse
3037 5431 3050 5454 ,
3089 5391 3133 5442 si
3171 5391 3214 5441 is
3236 5390 3325 5456 qui
3355 5397 3635 5457 angustum
3665 5385 3753 5437 iter

2184 5494 2327 5541 tenet
2359 5492 2645 5551 prematur,
2673 5482 2766 5537 sed
2797 5483 2897 5535 iter
2928 5480 3227 5548 ltujusmodi
3257 5477 3325 5531 ad
3349 5489 3595 5539 coronas,
3627 5487 3752 5543 prat-

2183 5576 2283 5627 mia
2311 5585 2362 5627 et
2389 5585 2586 5627 aeterna
2612 5573 2744 5625 bona
2774 5571 2992 5624 ducere.

2258 5664 2575 5733 Olympiadis
2618 5663 2776 5714 animi
2819 5662 3049 5729 fn'mitas.
3084 5689 3148 5698 -—
3190 5658 3498 5729 Olytnmas,
3553 5673 3672 5730 qua
3694 5659 3759 5713 de
