3954 6456
70 4558 80 4597 l

70 4654 87 4691 ³

70 4734 95 4784 7:

69 4828 97 4879 φ

70 4918 91 4961 il

240 260 357 315 941

244 370 536 437 incendio,
563 379 620 425 ut
641 370 751 441 jam
779 369 973 425 dictum
1007 369 1134 435 fuit,
1167 368 1544 433 accusabatur,
1573 367 1640 421 ab
1667 365 1842 420 inimi-

242 461 336 516 cis
385 459 755 531 Chrysostomi
797 458 928 513 diris
970 459 1320 514 exercebatur
1366 458 1642 515 molestiis.
1690 457 1844 511 Minre

243 565 410 619 smpe
459 549 857 603 intentabantur
887 566 900 602 :
929 547 995 603 de
1037 563 1194 616 opum
1230 547 1435 618 jactura
1464 589 1480 613 ,
1527 546 1595 602 de
1636 546 1840 611 exsilio,

251 640 376 694 imo
406 639 475 694 de
507 648 675 693 morte
704 638 975 708 agebatur.
1006 638 1197 692 Verum
1228 638 1315 692 illa
1337 637 1702 709 Chrysostomi
1732 652 1847 691 mo-

249 729 398 783 uitis
424 738 478 784 et
508 729 675 784 literis
703 730 947 783 roborata
967 770 982 794 ,
1008 728 1124 783 haec
1150 729 1327 783 omnia
1359 728 1642 801 tranquillo
1666 728 1845 782 animo

251 818 506 882 ferebat,
539 828 591 873 et
621 818 874 887 majorem
900 820 954 873 in
980 819 1093 874 dies
1128 818 1292 873 animi
1326 817 1627 873 ﬁrmitatem
1654 833 1837 874 conse-

249 909 548 978 quebatur.
566 908 733 977 Quam
758 926 870 964 rem
896 926 1015 964 cum
1037 912 1385 980 comperisset
1407 910 1840 982 Chrysostomus,

250 998 551 1068 epistolam
580 999 651 1052 illi
674 999 815 1053 misit
846 999 1104 1054 decimam
1136 1000 1413 1070 septimam
1435 1041 1449 1064 ,
1481 1001 1568 1054 ubi
1602 1000 1843 1054 luculen-

253 1101 346 1147 ter
392 1099 589 1145 tantam
631 1091 793 1146 animi
839 1093 1190 1147 constantiam
1216 1134 1230 1158 ,
1283 1092 1336 1145 in
1370 1091 1611 1147 adversis
1653 1092 1843 1145 alacri-

254 1188 434 1236 tatem
460 1224 475 1248 ,
517 1182 583 1236 ad
626 1182 817 1237 omnia
839 1181 953 1237 dira
980 1183 1308 1253 adversaque
1338 1191 1574 1252 paratam
1602 1182 1845 1238 laudibus

251 1274 525 1329 celebrat.

332 1363 591 1419 Pentadia
619 1380 829 1435 quoque
860 1364 1045 1420 iisdem
1070 1366 1220 1436 queis
1250 1365 1518 1438 Olympias
1543 1408 1558 1434 ,
1599 1368 1707 1423 imo
1735 1368 1845 1422 for-

252 1464 410 1508 tasse
454 1453 744 1523 majoribus
782 1456 1019 1526 esposita
1063 1458 1314 1511 arumnis
1337 1499 1351 1523 ,
1396 1458 1607 1514 fortiter
1646 1460 1762 1514 illas
1790 1468 1843 1515 et

250 1546 654 1615 imperturbato
701 1548 879 1601 animo
919 1547 1157 1616 ferebat,
1208 1557 1264 1603 ut
1304 1550 1496 1620 legitur
1526 1551 1575 1604 in
1614 1552 1843 1622 epistola

248 1635 324 1689 91
359 1652 375 1689 :
404 1637 558 1705 cujus
599 1635 685 1690 hic
722 1637 960 1705 qumdam
999 1638 1267 1693 aﬂ‘erenda
1305 1641 1551 1696 videntur
1586 1659 1599 1695 :
1628 1640 1842 1705 Eequod

248 1724 563 1779 insidiarum
592 1736 638 1780 et
676 1728 1022 1782 machinarum
1060 1746 1216 1799 genus
1259 1732 1836 1800 praterntiserunt?.....

250 1818 322 1871 In
351 1820 523 1887 forum
554 1828 627 1882 te,
674 1835 788 1890 quae
826 1831 1008 1890 printer
1036 1822 1293 1876 ecclesiam
1316 1832 1361 1877 et
1388 1823 1671 1879 cubiculum
1713 1825 1842 1879 nihil

251 1925 435 1972 noras,
471 1918 858 1981 pertraxerunt;
884 1928 916 1964 a
943 1913 1056 1982 foro
1081 1912 1148 1966 ad
1173 1914 1445 1968 tribunalia
1465 1956 1479 1981 ,
1514 1932 1544 1967 a
1574 1914 1842 1970 tribunali-

250 2003 351 2056 bus
384 2001 453 2055 ad
480 2018 749 2057 carcerem.
799 2001 1069 2058 Falsorum
1106 2005 1302 2059 testium
1333 2007 1531 2078 linguas
1573 2016 1835 2074 acuerunt,

246 2092 603 2160 impudentem
628 2093 933 2148 calumniam
969 2097 1331 2151 concinnarunt
1350 2139 1365 2165 ,
1398 2100 1558 2152 aedes
1584 2108 1841 2168 perpetra-

245 2191 400 2248 runt,
433 2184 626 2237 cruoris
654 2194 893 2240 torrentes
924 2187 1255 2256 profuderunt
1279 2231 1292 2255 ,
1322 2188 1425 2259 igni
1446 2206 1503 2243 ac
1532 2190 1666 2258 [erro
1684 2192 1837 2261 juve-

248 2289 382 2326 num
416 2290 630 2341 corpora
654 2286 1104 2345 consumpserunt,
1135 2279 1306 2333 multis
1343 2295 1404 2332 ac
1433 2280 1692 2351 prwclaris
1719 2281 1838 2334 uiris

246 2366 550 2419 innumeras
578 2367 755 2437 plagas
781 2376 825 2421 et
849 2371 1099 2422 cruciatus
1125 2370 1438 2439 intulerunt,
1472 2372 1667 2425 nullum
1696 2372 1838 2425 deni-

244 2472 351 2524 que
380 2455 598 2523 lapidem
624 2472 722 2509 non
749 2468 1024 2524 moverunt,
1054 2477 1150 2528 quo
1176 2470 1223 2514 te
1248 2470 1379 2515 metu
1403 2462 1716 2532 perterritam
1741 2463 1839 2515 huc

243 2545 536 2617 adigerent,
562 2557 614 2601 ut
635 2548 697 2601 iis
715 2565 825 2619 quae
843 2551 1039 2604 videras
1058 2553 1313 2606 contraria
1340 2553 1549 2607 diceres.
1591 2554 1654 2606 At
1675 2564 1727 2606 tu
1757 2555 1837 2607 in-

243 2645 363 2689 star
388 2637 571 2707 aquin
607 2636 818 2694 sublime
850 2641 1081 2708 volantis,
1129 2659 1299 2696 eorum
1334 2643 1519 2698 retibus
1538 2645 1735 2715 fractis,
1769 2644 1836 2697 ad

244 2725 501 2780 libertatis
521 2728 780 2798 fastigium
804 2730 972 2783 virtuti
994 2739 1094 2785 tute
1109 2741 1497 2785 consentaneum
1525 2732 1797 2786 ascendisti
1814 2749 1833 2787 :

242 2818 323 2872 sic
350 2827 399 2872 te
416 2835 718 2889 comparans
744 2862 757 2885 ,
790 2831 845 2876 ut
865 2822 926 2875 ab
951 2823 1074 2892 ipsis
1102 2823 1306 2877 minime
1329 2824 1834 2888 circuntscribereris;

242 2908 358 2961 imo
401 2910 549 2961 etiam
575 2950 589 2975 ,
634 2925 877 2978 quantum
905 2913 972 2965 ad
998 2912 1151 2983 hujus
1177 2914 1398 2967 incendii
1426 2915 1612 2968 crimen
1650 2916 1836 2969 attine-

242 2997 361 3064 bat,
386 3001 533 3068 cujus
560 3001 758 3054 nomine
778 3002 946 3056 miseri
964 3014 1109 3073 atque
1131 3004 1353 3076 infelices
1374 3006 1599 3059 homines
1615 3007 1835 3060 maxime

244 3089 604 3159 gloriabantur
623 3133 637 3157 ,
684 3107 768 3145 eos
800 3092 1067 3147 ralunmia:
1108 3095 1443 3150 convincercs.
1487 3097 1577 3151 Sic
1606 3096 1748 3151 illam
1780 3098 1830 3150 in

246 3186 364 3231 tota
396 3178 618 3247 epistola
649 3180 888 3237 laudibus
917 3182 1168 3238 celebrat.

324 3269 383 3322 In
428 3270 592 3325 altera
630 3288 838 3342 quoque
858 3316 872 3339 ,
905 3290 1061 3344 quam
1091 3276 1156 3329 ad
1187 3277 1351 3346 ipsum
1377 3277 1518 3331 misit
1545 3320 1559 3344 ,
1610 3278 1830 3347 epistola

247 3358 362 3412 104
392 3358 536 3413 illam
579 3362 795 3429 perinde
825 3365 1082 3419 encomiis
1116 3374 1356 3420 exornat.
1403 3366 1662 3431 Quoniam
1704 3382 1832 3422 vero

247 3452 494 3507 audierat
526 3453 667 3507 illam
693 3455 759 3509 de
782 3454 1022 3511 discessu
1047 3457 1116 3512 ab
1140 3458 1270 3513 urbe
1309 3459 1544 3528 cogitare
1567 3499 1581 3524 ,
1621 3458 1687 3511 ab
1719 3459 1829 3527 ipsa

247 3545 381 3614 petit
428 3561 496 3600 ne
539 3545 607 3600 de
641 3563 701 3602 re
746 3548 1049 3618 hujusmodi
1093 3549 1324 3617 cogitare
1373 3557 1558 3620 pergat
1590 3567 1601 3603 :
1633 3549 1827 3621 primo,

246 3636 392 3705 quod
425 3637 729 3693 eoncivibus
756 3639 1046 3694 subsidium
1083 3650 1224 3696 esset
1249 3650 1302 3696 et
1335 3641 1711 3696 adminiculum
1744 3643 1828 3706 iis,

248 3729 340 3797 qui
382 3728 431 3780 in
473 3729 742 3783 laboribus
783 3731 1168 3798 versabantur;
1214 3732 1482 3800 secundo,
1534 3732 1673 3803 quod
1706 3732 1831 3787 anni

255 3829 467 3888 tempus
500 3819 551 3874 id
595 3819 768 3876 facere
799 3837 903 3877 non
931 3823 1298 3892 permitteret:
1330 3840 1449 3880 eum
1479 3826 1621 3881 enim
1656 3825 1824 3881 imbe-

250 3911 471 3965 ciuitate
518 3913 761 3981 corporis
826 3914 1131 3982 laboraret,
1174 3915 1363 3971 hiemis
1409 3925 1648 3986 tempore
1685 3925 1737 3972 et
1776 3918 1828 3972 in

254 4009 396 4055 tanta
424 4002 473 4055 vi
503 4003 710 4071 frigoris
746 4004 931 4074 pedem
964 4022 1178 4061 movere
1208 4024 1309 4061 non
1333 4008 1579 4063 debebat.

326 4092 709 4163 Chrysostomus
756 4096 807 4149 in
848 4096 1074 4150 morbum
1117 4097 1315 4153 incidit.
1343 4127 1415 4139 —-
1443 4097 1621 4153 Hiems
1650 4107 1825 4153 autem

256 4185 346 4240 illa
377 4187 587 4255 gravior
614 4185 781 4257 (Anno
806 4187 930 4257 405)
952 4230 966 4251 ,
995 4203 1152 4258 quam
1183 4189 1386 4242 solebat
1426 4188 1558 4253 fuit,
1607 4201 1663 4242 ut
1702 4189 1832 4244 dicit

258 4276 367 4345 ipse
411 4276 823 4348 lilirysostomns
861 4293 946 4347 ep.
981 4278 1015 4334 6
1040 4279 1105 4333 ad
1141 4278 1527 4350 Clympiadem.
1581 4278 1831 4348 Ingrave-

260 4378 435 4421 scente
480 4378 653 4422 autem
697 4369 888 4438 frigore
927 4370 977 4423 in
1025 4371 1267 4424 morbum
1300 4370 1389 4424 ille
1418 4367 1632 4436 incidit,
1678 4372 1749 4426 ita
1776 4381 1833 4426 ut

260 4458 319 4512 ad
352 4472 529 4527 porzas
567 4475 733 4529 usque
775 4462 959 4516 mortis
985 4503 998 4526 ,
1037 4462 1239 4531 inquit,
1283 4463 1568 4517 accesserit
1591 4505 1604 4526 ,
1649 4477 1709 4517 ac
1736 4477 1834 4531 per

263 4552 389 4604 duos
416 4567 625 4605 menses
655 4554 704 4606 in
734 4555 871 4608 lecto
894 4554 1203 4610 decubuerit
1229 4598 1242 4621 ,
1274 4555 1536 4610 stomachi
1567 4563 1619 4609 et
1644 4555 1832 4624 capitis

264 4643 527 4699 doloribus
546 4687 560 4710 ,
592 4645 895 4712 vomitibus,
930 4647 1205 4701 insomniis
1232 4647 1564 4701 excruciatus
1597 4664 1610 4701 :
1639 4654 1831 4700 caetera

265 4745 432 4787 autem
464 4735 789 4804 :rgritudiuis
815 4737 1149 4790 incommoda
1178 4736 1415 4809 pluribus
1444 4735 1532 4791 ille
1559 4736 1829 4791 describit.

268 4826 356 4883 Ubi
400 4836 575 4881 autem
619 4842 715 4882 ver
755 4827 1008 4893 advenit,
1061 4829 1387 4898 mutatioque
1429 4828 1609 4891 aeris,
1656 4827 1834 4881 omnia

269 4930 447 4987 sponte
473 4917 678 4987 dilapsa
708 4927 831 4972 sunt
857 4935 870 4981 ;
904 4917 974 4972 ita
1005 4929 1178 4973 tamen
1221 4927 1277 4971 ut
1314 4931 1503 4987 magna
1531 4918 1628 4986 ipsi
1659 4917 1835 4971 adhuc

271 5011 314 5063 in
340 5010 506 5063 victus
532 5010 733 5065 ratione
752 5024 877 5064 cura
904 5024 1036 5079 Opus
1056 5019 1216 5065 esset.
1242 5009 1530 5079 Postquam
1551 5008 1667 5063 ιιωο
1680 5008 1832 5073 dixit,

270 5101 326 5155 ad
353 5100 713 5171 Olympiadem
745 5116 1044 5155 sermonem
1089 5101 1387 5163 convertit,
1429 5113 1586 5168 quam
1637 5098 1835 5167 ingenti

270 5194 454 5247 alueris
483 5202 536 5247 et
577 5192 813 5247 caritatis
855 5192 1045 5248 aﬂ‘cctu
1075 5208 1134 5247 se
1163 5192 1408 5261 prosequi
1438 5190 1692 5245 declarat.
1747 5189 1834 5242 Illa

272 5300 387 5340 vero
408 5299 617 5355 quoque
633 5285 776 5356 gravi
804 5286 991 5340 morbo
1009 5299 1283 5355 oppressa,
1309 5284 1360 5337 in
1387 5292 1681 5337 extremum
1710 5282 1835 5336 vita:

274 5377 552 5445 periculum
610 5384 863 5441 venerat;
917 5376 1013 5430 sed
1062 5391 1181 5430 cum
1236 5374 1652 5444 Chrysostomns
1700 5372 1838 5425 hanc

274 5467 339 5523 illi
369 5467 643 5537 epistolam
680 5467 931 5535 scripsit,
978 5465 1257 5522 commoda
1298 5462 1600 5519 valetudine
1627 5460 1837 5516 frueba-

274 5567 368 5612 tur.
398 5557 567 5625 Ipsam
595 5570 753 5625 porro
780 5556 1000 5610 summis
1031 5555 1274 5610 laudibus
1299 5553 1524 5616 extollit,
1559 5551 1698 5621 quod
1732 5566 1833 5604 non

273 5645 422 5700 tnotle
449 5662 537 5703 res
570 5656 674 5701 tam
708 5648 958 5701 adversas
992 5646 1109 5701 forti
1138 5657 1188 5701 et
1213 5645 1477 5701 constanti
1522 5644 1700 5699 animo
1732 5642 1834 5696 for-

1452 255 1630 311 nuuc
1671 251 1928 308 unum.“
1970 252 2356 308 ADORNATA.
3419 258 3525 312 cm

1952 374 2067 428 ret,
2100 364 2192 419 sed
2228 381 2319 419 cas
2364 369 2521 420 etiam
2563 382 2659 436 pro
2699 368 2864 422 nihilo
2906 378 3149 438 puniret,
3195 372 3428 441 aliosque
3457 374 3522 427 ad

1950 455 2095 524 paria
2120 456 2407 510 certamina
2442 466 2692 524 acueret,
2722 467 2774 512 et
2800 458 3191 529 philosOphiam
3218 462 3361 516 omni
3393 473 3521 516 tem-

1950 551 2156 612 pestate
2178 545 2506 613 superiorem
2527 546 2717 616 adepta
2747 557 2907 605 esset.

2022 633 2340 705 Olympiadis
2359 638 2513 690 uirtus
2535 648 2583 691 et
2608 639 2763 691 animi
2786 639 3018 707 ﬁrmitas.
3036 671 3107 681 —
3122 641 3254 696 Huic
3278 643 3521 711 epistolae

1949 727 2349 793 responsionem
2394 727 2650 782 modestia
2701 730 2907 797 plenam
2957 731 3101 785 misit
3135 734 3426 803 Olympias,
3460 750 3522 789 se

1948 832 2055 871 non
2104 827 2361 888 tropaeum
2405 820 2642 874 erexisse.
2690 821 2911 889 dicens,
2953 838 3059 876 non
3112 825 3385 879 victoriam
3439 842 3525 882 re-

1950 908 2165 974 tulisse,
2200 926 2299 966 nec.
2345 927 2594 967 coronam
2638 913 2883 984 adeptam
2931 931 3069 970 esse.
3101 917 3326 986 Bepouit
3363 919 3524 989 Chry-

1946 1009 2215 1055 sosmmus
2280 1002 2334 1056 in
2399 1004 2622 1072 epistola
2675 1004 2938 1073 septima,
2995 1014 3161 1060 totum
3218 1007 3399 1062 orbem
3470 1007 3520 1060 id

1947 1090 2248 1158 affirmare,
2293 1094 2433 1163 quod
2460 1095 2585 1163 ipse
2625 1096 2679 1149 in
2721 1096 2943 1165 epistola
2984 1098 3257 1166 superiore
3294 1097 3522 1158 dixerat.

1947 1191 2002 1237 et
2046 1183 2242 1253 ubique
2292 1193 2552 1240 terrarum
2608 1188 2856 1255 praeclara
2887 1186 3216 1259 Olympiadis
3254 1200 3400 1259 gesta
3429 1190 3525 1245 de-

1946 1274 2178 1339 eantari;
2211 1275 2333 1329 licet
2362 1276 2503 1330 enim
2534 1292 2640 1330 uno
2669 1277 2720 1330 in
2763 1277 2882 1332 loco
2913 1292 2999 1331 res
3027 1287 3143 1333 acta
3176 1278 3364 1344 fuerit,
3405 1295 3525 1334 eam

1947 1370 2124 1417 tamen
2182 1365 2249 1419 ad
2304 1366 2558 1420 terminos
2610 1366 2757 1422 orbis
2807 1371 3126 1437 pervasisse.
3170 1369 3338 1439 Ipsam
3395 1383 3529 1424 vero

1945 1457 2130 1512 merita
2186 1468 2239 1512 et
2296 1460 2499 1529 palmas
2546 1461 2811 1516 auctiores
2866 1460 3161 1516 reddidisse
3219 1477 3282 1516 ex
3337 1462 3522 1516 mode-

1944 1547 2043 1603 stia
2070 1563 2163 1602 sua
2193 1556 2246 1604 et
2270 1549 2430 1604 animi
2457 1551 2800 1606 demissione.
2826 1552 3017 1607 Narrat
3044 1552 3236 1608 deinde
3259 1553 3530 1621 quomodo

1945 1639 2113 1706 patria
2142 1640 2383 1710 expulsa,
2412 1642 2591 1707 domo,
2624 1643 2810 1697 amicis
2838 1652 2891 1697 et
2914 1645 3152 1713 cognatis
3179 1645 3395 1707 relictis,
3423 1647 3522 1698 alia

1942 1730 2119 1797 gravia
2150 1741 2502 1799 exspectaret,
2528 1733 2621 1787 Dei
2644 1742 2820 1787 tamen
2843 1750 3055 1802 semper
3079 1735 3302 1804 gloriam
3335 1736 3525 1805 pradi-

1942 1820 2162 1874 caverit.
2194 1821 2415 1876 Demum
2442 1823 2570 1878 dicit
2606 1824 2788 1893 pcjore
2815 1825 2868 1879 in
2900 1824 3201 1879 conditione
3244 1840 3338 1880 eos
3371 1840 3523 1892 esse,

1942 1914 2031 1985 qui
2076 1923 2216 1969 tanta
2248 1917 2385 1969 mala
2416 1916 2650 1971 inferunt
2672 1958 2686 1981 ,
2719 1933 2875 1987 quam
2901 1932 2994 1973 eos
3023 1919 3109 1988 qui
3142 1918 3228 1971 illa
3255 1933 3374 1972 cum
3404 1934 3521 1989 gra-

1943 2006 2134 2060 tiarum
2179 2007 2389 2061 actione
2415 2008 2716 2078 patiuntur;
2750 2009 2861 2063 imo
2889 2023 3016 2063 vero
3046 2010 3097 2062 hi
3124 2010 3333 2064 coronis
3359 2008 3521 2064 desti-

1944 2105 2157 2161 nantur,
2184 2096 2392 2166 illisque
2418 2098 2677 2167 supplicia
2708 2108 2962 2167 parantur
2986 2117 3001 2153 :
3031 2098 3191 2168 idque
3217 2108 3521 2154 sanctorum

1942 2185 2187 2254 exemplo
2235 2187 2408 2255 palam
2457 2186 2636 2242 facere
2678 2187 2888 2257 satagit.
2920 2187 3061 2242 Inter
3102 2187 3238 2242 mala
3266 2188 3348 2242 illa
3375 2189 3524 2257 ponit

1940 2275 2259 2330 calumniam
2284 2319 2298 2341 ,
2341 2277 2409 2331 de
2437 2292 2538 2347 qua
2571 2278 2779 2333 beatam
2807 2278 3172 2349 Olympiadem
3200 2278 3264 2333 ad
3296 2279 3524 2334 tribunal

1940 2364 2220 2419 adductam
2253 2368 2640 2433 incursaverant,
2669 2366 2810 2436 quod
2843 2367 3084 2422 videlicet
3105 2367 3220 2436 ejus
3244 2381 3405 2438 opera
3431 2383 3523 2422 ec~

1938 2454 2098 2509 clesia
2125 2455 2338 2509 incensa
2370 2455 2571 2511 fuisset.

2014 2543 2277 2615 Olympias
2301 2544 2738 2617 Constantinopoli
2781 2547 2928 2616 pulsa
2976 2549 3091 2619 fuit.
3111 2548 3331 2602 -Hinc
3356 2548 3520 2619 liquet

1939 2636 2077 2691 hanc
2101 2637 2375 2706 epistolam
2400 2639 2655 2708 scriptam
2688 2639 2850 2693 fuisse
2872 2681 2887 2705 ,
2927 2650 3205 2708 postquam
3247 2637 3519 2709 Olympias

1937 2727 2392 2798 Constantinopoli
2422 2729 2569 2798 pulsa
2597 2738 2651 2784 et
2676 2730 2727 2783 in
2756 2730 2998 2784 exsilium
3027 2728 3186 2783 missa
3213 2728 3399 2783 fuerat.
3421 2727 3521 2784 So-

1937 2834 2192 2874 zomenus
2237 2835 2366 2874 vero
2406 2820 2534 2874 dicit
2582 2818 2829 2893 (Sozam.
2863 2820 2899 2872 ι.
2928 2820 2982 2874 8.
3040 2836 3084 2873 c.
3115 2819 3208 2893 24)
3262 2819 3514 2889 Optatum

1937 2907 2251 2964 Praefectum
2280 2911 2394 2964 auri
2424 2925 2627 2964 summa
2665 2910 2806 2964 illam
2840 2910 3204 2974 mulctavisse,
3243 2909 3519 2979 ipsamque

1939 2996 2398 3068 Constantinopoli
2430 3000 2611 3054 relicta
2641 2999 2889 3071 Cyzicum
2920 2999 3332 3069 commigrasse;
3362 2999 3514 3068 quasi

1938 3090 2025 3144 illa
2045 3099 2235 3159 sponte
2256 3104 2347 3143 sua
2370 3088 2863 3158 Constantinopolin
2887 3089 3174 3158 reliquerit.
3195 3088 3392 3143 Verum
3415 3088 3518 3141 fide

1936 3178 2148 3249 dignior
2169 3177 2585 3250 Chrysostomus
2611 3187 2694 3231 est
2713 3219 2728 3244 ,
2758 3178 2847 3246 qui
2872 3177 3002 3231 dicit
3031 3178 3197 3246 ipsam
3226 3179 3433 3246 pulsam
3463 3187 3515 3231 et

1937 3271 1989 3325 in
2014 3271 2255 3326 exsilium
2290 3271 2501 3323 missam
2530 3268 2722 3333 fuisse,
2765 3268 2924 3338 idque
2967 3268 3159 3337 repetit
3202 3268 3254 3321 in
3293 3267 3516 3334 epistola

1935 3360 2138 3417 decima
2166 3368 2311 3415 sexta
2338 3377 2350 3414 :
2378 3359 2517 3426 Quid
2541 3360 2671 3413 enim
2700 3369 2800 3423 est,
2835 3358 3030 3429 inquit,
3060 3358 3258 3411 civitate
3290 3356 3437 3426 pelli,
3466 3367 3517 3411 et

1935 3467 1998 3505 ea:
2036 3451 2151 3505 aliis
2196 3450 2318 3504 locis
2357 3451 2409 3503 in
2451 3451 2555 3504 alia
2595 3449 2806 3504 subinde
2844 3450 3096 3520 migrare,
3124 3457 3271 3517 atque
3298 3448 3517 3513 undique

1935 3541 2178 3612 exagitari
2207 3550 2253 3594 et
2282 3540 2523 3611 proscribi
2543 3549 2588 3593 et
2619 3539 2686 3592 ad
2715 3538 2985 3592 tribunalia
3024 3538 3154 3590 trahi
3186 3546 3233 3589 et
3270 3552 3301 3589 a
3335 3536 3515 3588 militi-

1935 3632 2024 3687 bus
2050 3634 2263 3702 raptari,
2291 3643 2438 3702 atque
2464 3630 2525 3684 ab
2551 3632 2614 3685 iis
2632 3672 2646 3693 ,
2675 3632 2763 3701 qui
2791 3631 3034 3685 sexcentis
3061 3630 3314 3695 beneﬁciis
3349 3628 3518 3697 eiecti

1935 3724 2154 3791 fuerant,
2185 3724 2438 3786 contraria
2467 3738 2599 3775 nunc
2625 3723 2835 3792 perpeti,
2861 3738 2920 3773 ac
2945 3730 3049 3773 tum
3079 3738 3110 3773 a
3136 3720 3341 3792 famulis
3361 3760 3374 3785 ,
3406 3729 3514 3772 tum

1934 3828 1966 3865 a
1993 3813 2159 3866 liberis
2182 3812 2370 3878 uexati,
2399 3828 2512 3866 cum
2536 3813 2715 3865 harant
2744 3812 3004 3881 prtamiutn
3034 3810 3212 3863 calum
3237 3810 3322 3873 sit,
3354 3820 3401 3862 et
3421 3826 3516 3878 pu-

1934 3906 2136 3960 rissima
2162 3905 2253 3958 illa
2278 3906 2428 3971 bona,
2459 3921 2572 3975 quat
2599 3921 2689 3958 nec
2711 3904 2869 3958 verbis
2893 3903 3010 3957 ullis
3038 3903 3279 3969 explicari
3304 3911 3510 3972 queunt,

1935 4014 2024 4052 nec
2067 3998 2220 4067 linem
2260 3999 2475 4064 habent,
2520 4012 2692 4051 verum
2738 3995 3069 4049 immortale»:
3113 3994 3328 4063 {metum
3367 4001 3517 4061 atque

1935 4088 2308 4144 oblectationem
2348 4087 2608 4156 prtebent?
2644 4085 2735 4139 Sic
2764 4085 2943 4154 paucis
2987 4084 3077 4138 ille
3114 4084 3291 4138 verbis
3335 4091 3516 4136 narrat

1934 4187 2129 4248 quanta
2159 4189 2212 4233 et
2239 4194 2396 4247 quam
2422 4178 2533 4231 dira
2565 4190 2717 4245 passa
2750 4177 2819 4229 sit
2843 4175 3113 4244 Olympias
3132 4215 3148 4239 ,
3177 4175 3335 4227 etiam
3366 4182 3515 4241 post-

1935 4283 2093 4340 quam
2118 4266 2576 4334 Constautinpoli
2623 4265 2769 4333 pulsa
2810 4264 3000 4317 fuerat.
3033 4262 3158 4315 Haec
3193 4261 3294 4315 sibi
3323 4273 3510 4317 sacce-

1934 4360 2113 4415 deutia
2140 4359 2275 4412 mala
2300 4356 2664 4427 Olympiadem
2705 4355 2757 4407 in
2795 4352 3097 4406 mtestitiam
3128 4351 3508 4419 conjecerant:

1936 4459 2257 4520 quapropter
2284 4447 2414 4501 nihil
2441 4462 2545 4501 non
2574 4447 2680 4516 agit
2707 4444 3140 4515 Chrysostomus,
3171 4450 3229 4495 nt
3253 4441 3396 4495 illam
3419 4457 3515 4510 spe

1937 4536 2231 4594 futurorum
2252 4538 2532 4601 bonorum,
2555 4551 2673 4607 quin
2694 4532 2954 4605 ejusmodi
2977 4533 3245 4587 coutinuis
3263 4534 3521 4589 a'rumnis

1936 4629 2417 4699 miriticeaugenda
2441 4638 2614 4695 erant,
2641 4626 2709 4683 ad
2729 4626 2906 4682 omnia
2928 4625 3210 4695 patienter,
3240 4625 3346 4679 imo
3372 4631 3519 4679 trau-

1937 4725 2097 4795 quille
2126 4723 2342 4779 ferenda
2372 4722 2604 4776 inducat.

2012 4814 2312 4878 Anthemio,
2346 4814 2434 4883 qui
2464 4811 2653 4866 consul
2683 4809 2788 4865 hoc
2808 4823 2949 4865 nmio
2973 4807 3076 4863 405
3098 4807 3300 4863 elettus
3321 4804 3513 4868 fuerat.

1939 4924 2000 4963 ac
2028 4918 2280 4977 prteterea
2310 4905 2596 4961 Perfectus
2631 4902 2874 4957 Praeterii
2909 4910 3053 4965 erat,
3095 4899 3375 4969 epistolam
3410 4896 3515 4951 MT

1939 5000 2143 5062 scribit,
2173 5012 2274 5065 qua
2304 4996 2401 5063 ipsi
2435 5003 2495 5049 ut
2525 4993 2696 5046 amico
2719 4990 3030 5061 gratulatur.
3062 4988 3228 5059 magis
3252 4988 3321 5042 ob
3347 4987 3515 5041 virtu-

1943 5104 2069 5156 tem,
2090 5103 2245 5158 quam
2265 5086 2332 5140 ob
2348 5099 2537 5139 novam
2558 5083 2891 5152 dignitatem.
2907 5083 3243 5150 Quapropter
3267 5077 3333 5133 iis
3355 5078 3516 5133 etiam

1939 5183 2251 5253 gratulatur,
2294 5178 2380 5248 qui
2426 5177 2618 5247 injuste
2662 5174 3015 5241 laudabuntur;
3049 5172 3329 5242 imperium
3372 5171 3515 5225 enim

1941 5275 2054 5344 ejus
2078 5285 2415 5336 communem
2444 5283 2630 5324 eorum
2656 5268 2748 5338 qui
2776 5266 2967 5337 injuria
2993 5264 3362 5320 aflicicbantur
3389 5274 3514 5329 por~

1944 5377 2050 5418 tum
2081 5363 2189 5417 fore
2217 5362 2454 5431 putabat.

2011 5455 2190 5509 Primo
2215 5468 2338 5507 vere
2363 5450 2782 5523 Chrysostomus
2817 5446 3167 5502 valetudinem
3206 5459 3342 5512 pene
3381 5443 3519 5498 intem

1942 5563 2087 5618 grain
2119 5545 2468 5616 recuperavit.
2499 5542 2693 5598 Verum
2716 5540 2897 5602 Isauri,
2923 5538 3013 5607 qui
3032 5540 3262 5595 hiberno
3278 5550 3529 5610 tempore

1942 5640 2008 5693 ad
2037 5639 2150 5694 loca
2178 5651 2271 5693 sua
2295 5636 2517 5692 reversi.
2541 5634 2607 5689 ab
2634 5630 3030 5687 incursionibus
3055 5628 3398 5689 destiterant.
3430 5626 3513 5681 in.
