3954 6426
504 280 610 335 ιιι

506 415 664 456 eunte
718 418 858 463 vare,
907 418 996 470 per
1037 415 1221 453 omnes
1262 399 1371 451 vias
1390 397 1538 452 effusi
1569 407 1723 458 sunt;
1748 397 1817 449 ita
1840 396 2075 448 utetiam

507 494 761 562 lngenuas
788 502 1053 546 matronas
1080 499 1363 560 caperent,
1404 500 1457 544 et
1494 489 1634 543 viros
1654 530 1668 552 ,
1699 489 1784 557 qui
1817 489 1872 542 in
1895 501 2080 541 eurum

507 601 695 642 manus
750 583 1080 648 incideram,
1136 581 1532 635 obtruncarent.
1573 581 1908 648 QuaprOpter
1959 591 2080 630 cum

507 676 679 730 aditus
721 689 907 728 omnes
948 672 1217 726 interclusi
1259 680 1472 734 essent.
1506 669 1780 724 Theodoto
1823 668 2079 732 diacono,

507 767 587 819 eui
615 765 891 835 epistolam
923 763 1021 819 HO
1047 764 1266 825 scribit,
1296 771 1352 818 et
1380 778 1537 831 supra
1574 769 1862 815 memorata
1893 775 2082 813 recen-

507 866 605 920 set,
636 867 691 908 ut
716 856 815 909 sibi
845 855 1080 924 ignoscat
1107 856 1254 922 petit,
1286 853 1424 923 quod
1457 869 1516 906 ea
1547 853 1614 907 de
1641 867 1799 906 causa
1837 866 1940 904 non
1972 849 2082 903 fre-

507 957 730 1015 quenter
774 947 850 1000 illi
901 945 1192 1015 scripserit.
1249 946 1378 998 Cum
1426 959 1552 997 vero
1598 945 1760 996 sciret
1815 941 1956 994 illum
2015 940 2082 994 de

507 1038 806 1094 valetudine
850 1053 942 1091 sua
987 1037 1267 1092 certiorem
1317 1036 1428 1092 fieri
1476 1051 1702 1104 cupere,
1741 1034 1870 1089 dicit
1910 1034 1984 1087 illi
2025 1049 2083 1086 se

506 1129 778 1199 Superiore
803 1128 994 1199 hyeme
1020 1128 1161 1196 gravi
1204 1127 1390 1181 morbo
1416 1136 1702 1196 :egrotasse
1723 1166 1737 1190 ,
1785 1139 1924 1177 nunc
1955 1139 2084 1175 vero

508 1223 774 1290 paululum
807 1231 1102 1276 recreatum
1135 1236 1287 1285 esse;
1316 1219 1411 1274 sed
1440 1236 1502 1274 ex
1545 1219 1684 1274 aeris
1729 1217 2080 1271 inconstantia

509 1327 650 1367 nunc
689 1328 898 1381 quoque
945 1311 1271 1381 perturbari,
1299 1311 1566 1380 etiamque
1595 1319 1722 1364 tunc
1746 1309 1922 1362 denuo
1951 1306 2082 1377 hye-

507 1415 646 1456 tnetn
675 1402 886 1470 vigere;
919 1415 1135 1468 sperare
1166 1409 1364 1466 tamen,
1392 1414 1512 1455 cum
1541 1407 1700 1452 testas
1725 1397 1998 1456 effulserit,
2026 1409 2083 1448 se

507 1492 676 1546 morbi
704 1491 956 1560 reliquias
981 1490 1342 1559 depositurum
1365 1504 1502 1545 esse.
1533 1489 1694 1542 Addit
1717 1501 1911 1555 corpus
1927 1499 2080 1539 suum

509 1584 650 1637 nulla
680 1599 738 1637 re
765 1597 918 1650 teque
949 1581 1276 1645 labefactari,
1309 1592 1366 1634 ut
1392 1580 1609 1649 frigore,
1641 1593 1739 1632 nec
1766 1593 1947 1631 rursus
1977 1576 2080 1629 ulla

507 1687 564 1727 re
588 1687 738 1740 teque
759 1672 954 1741 juvari,
985 1681 1040 1724 ut
1071 1679 1255 1725 testate
1283 1679 1338 1724 et
1365 1669 1562 1724 caloris
1587 1669 1796 1722 solatio.

575 1761 799 1824 Eodem,
828 1773 886 1814 ut
909 1770 1139 1829 putatur,
1168 1775 1308 1814 anno
1343 1760 1544 1814 :estatis
1572 1767 1813 1829 tempore
1835 1756 2082 1812 Theodo-

504 1861 588 1906 tus
610 1851 863 1906 diaconus
882 1850 1320 1921 Clirysostomum
1345 1851 1609 1906 invisurus
1624 1850 1887 1904 Cucusum
1905 1849 2077 1903 venit:

503 1956 566 1996 ac
613 1951 732 2010 post
773 1941 1062 1996 discessum
1110 1941 1233 1994 inde
1277 1956 1454 2007 suum,
1500 1957 1656 2011 quem
1699 1941 1923 1995 moleste
1965 1941 2083 1993 tulit

503 2033 735 2087 Joannes
761 2041 966 2097 noster,
998 2032 1088 2086 diu
1117 2033 1282 2088 tacuit
1323 2033 1442 2097 ille',
1476 2047 1576 2087 nec
1601 2032 1983 2102 Chrysostomo
2014 2031 2080 2084 li-

507 2135 650 2178 teras
681 2125 844 2177 misit.
878 2124 991 2191 Qua
1022 2124 1088 2178 de
1116 2139 1275 2178 causa
1309 2125 1399 2178 ille
1425 2124 1702 2192 epistolam
1739 2123 1806 2178 59
1835 2123 2077 2191 scripsit,

501 2231 603 2284 qua
625 2225 826 2269 tantum
855 2215 969 2284 ejus
999 2215 1266 2270 silentium
1289 2215 1462 2268 amico
1491 2215 1670 2268 animo
1695 2216 1886 2283 carpit,
1911 2227 2081 2282 neque

503 2320 660 2374 posse
702 2307 846 2359 illum
888 2306 968 2359 sui
1006 2306 1291 2360 excusandi
1337 2321 1494 2360 causa
1536 2305 1836 2358 Isaurorum
1880 2313 2078 2358 metum

501 2398 793 2453 obtendere
817 2441 831 2462 ,
861 2398 1286 2468 quandoquidem
1314 2397 1465 2451 multi
1497 2406 1672 2462 erant,
1701 2397 1790 2465 qui
1824 2405 1946 2464 post
1972 2395 2081 2448 dis-

500 2504 712 2544 cessum
739 2491 858 2558 ejus
882 2490 1146 2544 Cucusum
1176 2498 1454 2545 venerant.

571 2579 862 2648 Epistolam
899 2581 998 2637 158
1037 2582 1102 2636 ad
1148 2582 1435 2650 Elpidium,
1465 2581 1773 2652 episcopum
1817 2578 2077 2635 Laodice-

500 2687 648 2737 num,
676 2673 863 2729 eodem
890 2674 1106 2728 circiter
1129 2683 1368 2742 tempore
1392 2672 1671 2740 scripsisse
1697 2671 1926 2724 videtur.
1953 2670 2079 2723 Erat

499 2763 588 2818 ille
613 2764 854 2819 sincerus
893 2765 1097 2817 amicus
1121 2804 1133 2825 ,
1166 2773 1220 2817 et
1255 2771 1432 2816 tamen
1461 2777 1520 2815 se
1549 2777 1670 2815 raro
1701 2761 1774 2814 illi
1802 2761 2079 2829 scripsisse

499 2855 692 2908 fatetur
721 2873 733 2907 :
765 2870 950 2907 vcrmn
980 2863 1034 2906 et
1061 2853 1184 2906 anni
1215 2860 1501 2920 tempestas
1527 2861 1579 2905 et
1604 2850 1837 2905 solitudo
1868 2851 1989 2913 loci,
2025 2851 2074 2903 in

495 2961 602 3014 quo
646 2946 843 2998 arctius
886 2960 1041 3013 quam
1087 2945 1138 2998 in
1181 2959 1393 2999 carcere
1434 2947 1666 3000 inclusus
1697 2946 1994 3008 tenebatur,
2022 2955 2078 2999 et

494 3051 680 3088 eorttm
711 3051 796 3103 qm
828 3050 886 3088 se
911 3035 1118 3089 adirent
1164 3036 1511 3105 infrequentia
1533 3079 1547 3100 ,
1589 3055 1724 3108 quos
1751 3051 1924 3096 tamen
1967 3061 2072 3098 non

494 3139 681 3179 omnes
709 3127 808 3180 sibi
839 3126 970 3180 fidos
995 3141 1114 3182 esse
1144 3127 1390 3195 putabat,
1441 3143 1504 3184 ae
1541 3129 1774 3200 denique
1817 3134 2035 3188 morbus
2055 3177 2070 3199 ,

493 3214 581 3282 qui
623 3215 768 3268 illum
815 3231 909 3284 per
955 3225 1116 3270 totam
1162 3216 1272 3272 fere
1314 3217 1558 3289 hyemem
1607 3220 1745 3275 lecto
1787 3222 2068 3278 aflixerat:

495 3307 608 3360 haec
636 3308 833 3370 omnia,
865 3309 1067 3378 inquit,
1097 3325 1155 3364 se
1181 3327 1246 3364 ne
1276 3311 1450 3378 plures
1479 3314 1739 3368 scriberet
1769 3315 1949 3370 literas
1975 3335 2070 3371 co-

495 3397 792 3463 hibuerant,
815 3415 976 3469 seque
1007 3411 1181 3455 tamen
1205 3402 1632 3470 frequentissime
1656 3405 1803 3459 illum
1823 3419 1880 3461 ut
1907 3409 2068 3463 fidum

493 3488 718 3540 amicum
743 3489 794 3540 in
821 3491 1000 3542 animo
1027 3504 1260 3544 versare.

566 3577 759 3631 Eadem
787 3578 1000 3632 circiter
1029 3587 1342 3647 tempestate
1368 3582 1614 3640 Anatolio
1639 3588 1853 3656 scripsit
1871 3589 2070 3658 episto-

495 3666 596 3718 lam
629 3665 754 3720 205.
783 3666 908 3720 Erat
939 3667 1026 3721 ille
1054 3669 1331 3724 Anatolius
1371 3675 1663 3736 eparrhicus
1687 3717 1700 3736 ,
1749 3677 1798 3730 id
1846 3689 1928 3733 est
1950 3719 1966 3744 ,
2011 3691 2070 3734 ut

492 3769 640 3827 puto,
671 3757 1054 3828 Expraefcctus;
1085 3761 1172 3828 qui
1204 3771 1478 3831 postquam
1515 3765 1749 3823 Joannes
1791 3781 1974 3825 noster
2014 3774 2064 3826 in

489 3847 734 3900 exsilium
763 3848 948 3915 pulsus
970 3848 1158 3914 fuerat,
1191 3853 1352 3905 multa
1386 3854 1436 3907 in
1465 3855 1579 3924 ejus
1604 3860 1826 3926 gratiam
1862 3861 2068 3917 dixerat

490 3939 810 4010 feceratque.
838 3942 924 3994 Ait
953 3955 1082 3996 vero
1108 3961 1188 4008 se,
1215 3961 1282 4000 ne
1311 3946 1407 4014 ipsi
1437 3947 1729 4015 scriberet,
1760 3951 1911 4021 longa
1941 3969 2065 4007 eor-

488 4030 631 4096 poris
646 4031 955 4100 mgrilttdine
975 4033 1244 4089 detentum
1269 4035 1450 4096 fuisse,
1469 4037 1536 4090 ab
1558 4037 1754 4108 illoque
1777 4042 1905 4108 petit
1922 4051 1977 4096 ut
1997 4043 2064 4098 de

485 4135 578 4172 sua
609 4135 930 4192 suorumque
959 4125 1259 4181 valetudine
1286 4142 1344 4181 se
1375 4129 1544 4182 literis
1568 4132 1851 4185 certiorem
1885 4133 2059 4188 faciat.

551 4209 930 4282 Cltrysostomus
955 4215 1275 4272 Antioclienis
1303 4220 1494 4273 scribit.
1513 4221 1734 4276 --Cum
1771 4224 2056 4278 Antioche-

481 4304 562 4355 nis
611 4305 837 4359 maxime
885 4306 1152 4362 literarum
1201 4325 1418 4379 semper
1462 4315 1786 4368 consortium
1844 4315 2055 4381 habuit,

479 4403 536 4446 et
578 4408 696 4447 eum
737 4394 892 4450 Clcro
933 4397 1168 4464 ejusdem
1212 4400 1456 4456 civitatis.
1505 4401 1668 4458 Erant
1715 4415 1890 4462 autem
1942 4409 2061 4464 istic

478 4491 704 4548 quatuor
751 4484 1043 4554 presbyteri
1089 4488 1191 4541 sibi
1239 4489 1587 4545 addictissimi
1625 4503 1783 4562 atque
1827 4497 2056 4552 amicitia

479 4579 656 4622 mutua
686 4573 1128 4640 conjunctissimi,
1160 4593 1351 4646 nempe
1379 4581 1596 4644 Castus,
1631 4583 1866 4639 Valerius
1886 4629 1900 4651 ,
1933 4589 2055 4642 Dio-

477 4659 705 4728 phanlus
747 4673 802 4716 et
843 4663 1134 4735 Cyriacus:
1167 4667 1250 4721 his
1278 4685 1404 4725 vero
1433 4671 1534 4726 hoc
1558 4674 1772 4730 circiter
1819 4687 2058 4748 tempore

473 4751 752 4820 epistolam
785 4757 1001 4824 scripsit
1028 4758 1148 4814 150.
1173 4759 1392 4816 Orditur
1417 4773 1594 4819 autem
1625 4767 1828 4829 dicens,
1859 4771 2053 4824 carita-

477 4844 543 4898 tis
572 4843 778 4900 vineula
803 4847 1067 4904 creditore
1103 4852 1290 4919 quovis
1319 4853 1724 4910 vehementiora
1763 4874 1900 4913 esse.
1926 4862 2054 4915 (Ire-

470 4936 609 4990 ditor
649 4939 790 4993 enim
837 4950 1110 5008 postquam
1157 4942 1362 4998 debitas
1397 4947 1496 4999 sibi
1541 4949 1790 5014 pecunias
1831 4953 2049 5021 recepit,

473 5027 599 5081 nihil
632 5029 764 5082 ultra
799 5031 1170 5099 requirendum
1204 5033 1435 5102 habere,
1464 5038 1555 5091 sed
1595 5039 1768 5093 debita
1815 5043 2051 5096 caritatis

468 5128 745 5189 postquam
789 5123 960 5176 Saluta
1010 5134 1163 5188 sunt,
1203 5126 1386 5180 eadem
1419 5145 1668 5196 manere,
1705 5132 1810 5184 imo
1838 5148 2050 5202 semper

465 5226 790 5266 accrescere.
823 5213 956 5278 Quia
983 5230 1112 5269 vero
1142 5217 1214 5269 illi
1242 5217 1307 5272 de
1335 5219 1498 5287 ipsius
1526 5223 1824 5278 valetudine
1848 5228 2047 5278 certio-

467 5321 546 5357 res
570 5307 679 5360 fieri
713 5307 1086 5377 peroptabant,
1110 5310 1180 5363 ait
1203 5311 1290 5364 ille
1311 5327 1370 5366 se
1395 5315 1654 5368 stomachi
1685 5317 2045 5372 imbecillitate

466 5392 740 5450 liberatum
768 5415 917 5463 esse,
951 5411 1109 5471 atque
1141 5405 1344 5466 valere,
1377 5420 1476 5459 nec
1499 5406 1796 5468 obsidione,
1836 5423 1933 5463 nec
1970 5411 2044 5462 la-

469 5493 675 5536 tronum
708 5489 1114 5556 incursionibus,
1144 5509 1241 5547 nec
1271 5495 1371 5547 loci
1399 5496 1702 5560 solitudine,
1731 5513 1828 5552 nec
1847 5499 2038 5553 adver-

465 5571 539 5623 sis
563 5574 774 5626 casibus
799 5581 1101 5636 conturbari
1121 5625 1136 5645 .
1164 5585 1258 5638 sed
1286 5585 1394 5638 otio
1413 5625 1428 5647 ,
1460 5589 1742 5642 securitate
1772 5605 1834 5643 ac
1863 5592 2040 5661 quiete

465 5662 593 5725 frui,
621 5675 686 5714 ac
711 5664 935 5734 singulis
955 5673 1142 5730 diebus
1164 5677 1231 5734 de
1259 5676 1466 5733 illorum
1495 5690 1634 5736 statu
1659 5696 1840 5735 curam
1873 5684 2035 5738 habe~

1567 281 1622 333 S.
1664 277 1940 334 JOANNIS
1967 275 2432 334 CHRYSOSTOSII
2475 277 2648 344 VITA,

3674 291 3772 347 ιιι

2195 408 2268 452 re.
2299 408 2362 447 ac
2389 409 2506 448 eum
2539 395 2602 449 iis
2625 397 2711 466 qui
2744 398 3062 452 accedebant
3103 401 3167 454 de
3207 403 3365 457 rebus
3391 404 3456 458 ad
3487 406 3632 474 ipsos
3659 424 3775 477 spe.

2189 483 2453 538 ctantibus
2475 485 2735 554 colloquia
2764 488 3006 542 miscere.

2261 574 2385 629 Haec
2411 577 2630 644 epistola
2661 578 2778 632 aliis
2809 579 3201 649 circumpositis
3223 583 3430 653 longior
3451 597 3553 640 est.
3580 587 3771 643 Verum

2189 667 2344 720 aliam
2365 667 2499 721 hanc
2515 667 2808 738 longiorem
2832 671 2958 738 ipsis
2977 671 3140 736 misit,
3166 673 3252 726 ubi
3280 675 3444 729 multa
3467 689 3687 732 enarrat
3704 681 3770 733 de

2191 759 2536 812 tentationum
2567 770 2620 814 et
2643 760 3024 816 adversitatum
3054 764 3223 819 fructu
3249 783 3262 818 :
3291 768 3366 820 ait
3394 783 3523 822 vero
3546 786 3629 833 se,
3655 769 3772 826 licet

2189 848 2425 915 epistola:
2455 849 2650 904 limites
2692 855 2988 907 excessisse
3030 853 3290 916 videatur,
3331 870 3554 928 sperare.
3597 869 3770 914 tamen

2192 938 2333 1007 ipsos
2360 940 2582 994 vinculis
2603 943 2799 996 amoris
2823 943 3128 1009 obstrictos,
3157 945 3454 1001 breviorem
3487 947 3634 1003 illam
3659 965 3772 1010 esse

2191 1036 2461 1094 putaturos
2491 1045 2628 1084 esse.
2659 1030 2763 1085 Res
2789 1047 2853 1086 ex
2877 1041 2998 1086 voto
3017 1032 3400 1104 Cbrysostomo
3419 1040 3586 1092 cessit
3614 1055 3628 1092 :
3661 1040 3768 1094 louo

2187 1131 2306 1186 gain
2338 1119 2477 1172 enim
2519 1121 2660 1174 illam
2687 1123 2964 1189 epistolam
2996 1124 3210 1180 brevem
3255 1126 3355 1182 sibi
3395 1128 3565 1181 visam
3612 1131 3771 1186 fuisse

2189 1209 2466 1274 dixerunt,
2499 1221 2554 1265 ut
2577 1213 2626 1266 in
2657 1214 2878 1281 epistola
2919 1213 2990 1268 22
3025 1216 3091 1269 ad
3136 1218 3278 1282 ipsos
3306 1220 3468 1272 missa
3503 1231 3765 1275 narratur.

2191 1299 2261 1352 Ea
2288 1300 2429 1354 enim
2459 1312 2542 1355 est
2570 1303 2649 1356 vis
2676 1303 2940 1370 caritatis,
2981 1305 3148 1374 inquit
3178 1307 3264 1361 ille
3284 1350 3298 1373 ,
3333 1323 3451 1376 qum
3478 1324 3766 1379 numquam

2187 1389 2387 1459 expleri
2418 1393 2604 1460 possit,
2634 1394 2703 1447 ita
2735 1405 2789 1448 ut
2813 1395 2857 1448 si
2887 1395 3114 1464 decuplo
3138 1397 3346 1467 longior
3374 1399 3605 1467 epistola
3637 1398 3766 1454 fuis-

2187 1493 2266 1536 set
2291 1527 2304 1548 ,
2329 1483 2506 1539 brevis
2535 1494 2708 1540 tamen
2739 1488 2848 1541 visa
2879 1486 3065 1542 fuisset
3094 1489 3414 1543 amantibus.
3440 1491 3567 1545 Hace
3593 1502 3766 1546 autem

2188 1572 2277 1627 ille
2319 1575 2559 1644 pluribus
2591 1579 2948 1647 persequitur.
2980 1577 3242 1646 Quoniam
3288 1595 3412 1634 vero
3439 1581 3540 1648 ipsi
3575 1581 3768 1636 hortati

2189 1665 2330 1719 illum
2359 1667 2566 1722 fuerant
2615 1679 2674 1723 ut
2722 1670 2993 1730 Romano.
3037 1671 3347 1742 presbytero
3394 1673 3765 1738 Antioelieno,

2185 1757 2533 1811 sanctimonia
2563 1768 2616 1812 et
2644 1773 2848 1813 morum
2879 1759 3138 1814 suavitate
3177 1760 3400 1830 insigni,
3431 1761 3619 1816 literas
3645 1764 3767 1817 mit-

2188 1854 2322 1900 teret
2346 1865 2357 1898 :
2383 1863 2586 1902 morem
2611 1849 2738 1918 ipsis
2753 1865 2962 1919 gerens,
2983 1851 3260 1919 epistolam
3285 1852 3354 1906 23
3371 1852 3436 1906 ad
3465 1853 3764 1909 Romanum

2188 1941 2554 2012 presbyterum
2587 1943 2761 2006 misit,
2789 1958 2946 2012 quem
2989 1953 3047 1997 ut
3083 1944 3318 1998 caritatis
3348 1945 3462 2014 lege
3494 1945 3598 1999 sibi
3627 1961 3764 2001 sem-

2187 2047 2282 2101 per
2307 2033 2620 2088 adstrictum
2652 2034 2827 2088 laudat
2857 2048 2888 2089 a
2919 2050 3125 2089 morum
3149 2036 3462 2106 virtutisque
3483 2039 3765 2105 suavitate,

2185 2137 2288 2190 qua
2319 2138 2504 2176 omnes
2530 2125 2619 2193 qui
2651 2124 2716 2177 ad
2748 2125 2919 2192 ipsum
2961 2126 3288 2180 accedebant
3326 2140 3452 2180 suos
3495 2127 3762 2184 redderet.

2188 2213 2356 2282 ltogat
2375 2223 2550 2268 autem
2583 2215 2761 2268 literas
2783 2216 2882 2278 sibi
2907 2217 3100 2276 mittat,
3127 2225 3181 2270 et
3210 2231 3266 2269 se
3298 2231 3517 2285 precum
3545 2233 3762 2274 suamm

2183 2303 2420 2357 subsidio
2438 2303 2606 2372 jnvet.
2635 2303 2905 2358 Romanus
2928 2321 3054 2360 vero
3080 2305 3178 2360 hac
3199 2307 3417 2374 epistola
3442 2312 3762 2376 concitatus,

2185 2409 2288 2449 non
2317 2394 2475 2449 modo
2500 2394 2692 2450 Joanni
2722 2397 3026 2468 rescripsit,
3059 2399 3152 2452 sed
3191 2400 3347 2452 etiam
3385 2397 3434 2452 id
3464 2399 3680 2465 effecit,
3712 2411 3762 2458 ut

2183 2487 2418 2540 caritatis
2465 2499 2518 2542 et
2567 2489 2951 2543 benevolentia:
2999 2504 3120 2559 erga
3166 2490 3611 2561 Chrysostomum
3659 2508 3762 2546 sum

2185 2577 2320 2631 fama
2355 2593 2458 2632 non
2496 2579 2548 2632 in
2577 2579 2882 2634 Armeniam
2926 2589 3128 2633 tantum
3151 2622 3165 2643 ,
3199 2581 3292 2634 sed
3319 2591 3372 2633 et
3403 2581 3454 2634 in
3481 2579 3760 2651 Cappado—

2181 2669 2338 2732 ciam,
2365 2671 2539 2738 quavis
2563 2670 2680 2723 tuba
2706 2669 3004 2724 lttculentius
3033 2672 3362 2739 pervaderet.
3391 2671 3646 2725 Hortatur
3671 2687 3758 2726 au-

2183 2769 2288 2815 tem
2309 2762 2452 2814 illum
2471 2762 2610 2816 utde
2637 2763 2938 2818 valetudine
2963 2777 3058 2817 sua
3090 2764 3190 2818 sibi
3225 2762 3551 2833 frequentius
3585 2765 3760 2818 litetas

2181 2852 2375 2916 mittat,
2405 2860 2458 2906 et
2494 2853 2546 2905 in
2578 2852 2821 2922 precibus
2849 2854 2928 2908 sui
2955 2855 3264 2908 memoriam
3294 2871 3398 2908 non
3421 2855 3758 2910 intermittat.

2181 2942 2350 2996 Aliam
2375 2956 2586 3010 quoque
2607 2943 2886 3012 epistolam
2910 2943 3018 2997 222
3038 2946 3181 2998 misit
3203 2945 3385 2999 iisdem
3409 2946 3757 3018 presbyteris,

2179 3031 2339 3087 Casto
2363 3074 2378 3096 ,
2413 3033 2622 3089 Valerio
2641 3075 2657 3098 ,
2706 3035 3001 3104 Diophanto
3023 3044 3077 3090 et
3098 3033 3348 3107 Cyriaco,
3378 3037 3465 3105 qui
3501 3038 3675 3105 ipsum
3705 3047 3761 3091 ut

2180 3123 2381 3192 prolixa
2411 3124 2509 3179 sibi
2536 3125 2760 3192 epistola
2792 3126 3140 3194 responderet
3169 3129 3362 3194 precati
3391 3127 3622 3182 fuerant.
3647 3127 3759 3182 Mu-

2178 3223 2269 3267 tuo
2293 3224 2468 3268 autem
2493 3215 2612 3269 illos
2634 3217 2830 3271 amoris
2848 3217 3058 3270 vinculo
3078 3219 3393 3272 constrictos
3412 3218 3755 3287 deprzcdieat,

2177 3316 2467 3376 optareque
2492 3321 2550 3361 se
2571 3307 2700 3362 dicit
2725 3317 2782 3362 ut
2801 3323 3088 3378 congressu
3113 3307 3210 3362 frui
3233 3310 3410 3375 liceat,
3432 3311 3528 3364 sed
3556 3311 3681 3380 quia
3709 3310 3756 3364 id

2175 3411 2390 3466 sperare
2421 3414 2524 3450 non
2563 3408 2788 3466 poterat,
2820 3399 3086 3467 ingentem
3129 3399 3313 3454 saltem
3348 3399 3626 3454 literarum
3671 3415 3756 3455 eoo

2177 3489 2314 3554 piam
2341 3487 2405 3540 ad
2431 3501 2492 3542 se
2522 3488 2752 3542 mittant.

2244 3579 2480 3646 Epistola
2507 3579 2577 3635 93
2601 3579 2794 3648 scripta
2816 3577 2911 3634 fuit
2933 3579 3257 3649 Aphthonio,
3277 3579 3575 3644 Theodoto,
3603 3577 3756 3636 Cha:-

2173 3685 2279 3725 re.e
2321 3672 2646 3742 presbyteris
2688 3682 2743 3727 et
2788 3675 3102 3735 monachis,
3144 3674 3365 3742 aliisque
3411 3673 3462 3726 in
3508 3672 3756 3728 sodalitio

2171 3760 2472 3831 Zeugmatis
2501 3762 2832 3817 versantibus
2857 3779 2870 3816 :
2895 3778 3186 3830 eorumque
3208 3764 3450 3832 precibus
3472 3777 3598 3818 sese
3618 3778 3755 3818 com-

2173 3852 2406 3916 mendat,
2441 3855 2632 3923 utqui,
2659 3869 2777 3907 cum
2811 3853 3009 3907 mundo
3036 3853 3412 3908 valedixissent
3451 3862 3507 3908 et
3542 3853 3659 3923 jam
3705 3856 3754 3908 in

2172 3945 2454 4014 tranquillo
2484 3955 2637 4013 portu
2667 3955 3025 4010 versarentur,
3061 3953 3244 4000 noctes
3294 3947 3344 3999 in
3389 3945 3506 4012 dies
3534 3946 3602 4000 ad
3639 3962 3754 4014 pre-

2169 4037 2394 4091 candum
2425 4037 2904 4102 commutaverint;
2936 4037 3255 4106 insuperque
3277 4045 3331 4089 ut
3356 4036 3423 4090 de
3445 4036 3751 4091 valetudine

2169 4146 2260 4182 sua
2291 4144 2348 4184 se
2381 4129 2548 4185 literis
2586 4131 2867 4184 certiorem
2901 4128 3098 4183 faciant
3138 4137 3374 4197 exoptat.
3405 4127 3606 4182 Eadem
3647 4129 3753 4184 fere

2169 4224 2278 4290 ipsa
2307 4223 2500 4292 repetit
2527 4223 2579 4276 in
2607 4223 2832 4291 epistola
2855 4221 2924 4276 70
2943 4222 3010 4275 ad
3036 4221 3252 4275 eosdem
3291 4221 3450 4274 missa
3480 4237 3496 4276 :
3522 4222 3575 4274 in
3603 4221 3753 4291 cujus

2169 4315 2273 4369 fine
2301 4314 2425 4369 dicit
2449 4355 2461 4377 ,
2491 4329 2550 4369 se
2576 4314 2790 4383 quidem
2833 4323 3017 4368 exacta
3049 4313 3224 4367 hieme
3269 4322 3322 4366 et
3351 4322 3541 4367 exorto
3569 4328 3698 4368 vere
3721 4327 3750 4367 a

2163 4407 2308 4476 gravi
2352 4406 2540 4461 morbo
2584 4406 2866 4460 liberatum
2917 4406 3115 4471 fuisse,
3156 4405 3249 4459 sed
3302 4405 3465 4472 ipsius
3499 4406 3752 4474 reliquias

2171 4499 2344 4552 adhuc
2399 4497 2766 4561 circumferre,
2818 4513 2952 4568 quas
3003 4499 3262 4566 augebant
3315 4496 3474 4552 etiam
3535 4497 3748 4552 Isaurici

2165 4589 2657 4660 tumultus:qnare
2719 4589 2772 4642 in
2835 4603 3189 4643 arrumnarutn
3255 4587 3503 4642 solatium
3569 4588 3750 4642 literas

2162 4680 2262 4733 sibi
2295 4681 2598 4750 frequenter
2624 4680 2836 4734 mittant
2877 4688 3112 4748 extiptat.
3141 4679 3253 4734 Sub
3288 4680 3404 4733 Itmc
3429 4679 3615 4733 literas
3646 4681 3744 4750 ipsi

2162 4771 2420 4826 miserunt
2447 4771 2781 4834 Theodorus,
2813 4771 3064 4826 Nicolaus
3090 4781 3140 4824 et
3166 4769 3414 4825 Chmrcas
3437 4814 3451 4830 .
3482 4772 3640 4840 queis
3673 4783 3747 4824 ιο-

2159 4866 2524 4920 stificabantur
2551 4882 2608 4920 se
2638 4867 2902 4920 Cucusum
2948 4866 3112 4934 ipsius
3140 4864 3340 4918 visendi
3373 4879 3531 4918 causa
3562 4876 3748 4919 ventu-

2160 4974 2247 5009 rus
2279 4957 2438 5008 fuisse
2463 4998 2477 5021 ,
2521 4958 2619 5010 nisi
2656 4957 2955 5009 Isaurorum
2991 4957 3326 5009 incursiones
3358 4955 3745 5022 impedimento

2157 5047 2255 5099 sibi
2310 5047 2550 5100 fuissent.
2596 5047 2686 5099 llis
2733 5046 3007 5114 respondit
3056 5043 3472 5116 Clirysostomus
3521 5046 3740 5114 cpistola

2159 5136 2294 5201 HG,
2327 5152 2384 5190 se
2413 5147 2586 5190 tamen
2618 5138 2760 5205 ipsus
2799 5154 2861 5190 ex
2906 5137 3092 5190 affectu
3137 5138 3223 5188 tali
3257 5136 3404 5204 quasi
3451 5150 3740 5203 prmsentes

2154 5245 2366 5298 semper
2397 5231 2614 5296 habere,
2648 5246 2745 5284 nec
2770 5231 3014 5284 dubitare
3051 5247 3107 5283 se
3137 5230 3262 5296 quin
3303 5229 3591 5299 aliquando
3631 5245 3716 5282 nm

2154 5330 2258 5375 tata
2308 5337 2484 5376 rerum
2527 5323 2832 5377 conditione
2871 5323 2937 5377 ad
2965 5338 3021 5376 se
3061 5323 3293 5376 veniant.
3331 5322 3399 5374 Se
3442 5331 3621 5374 autem
3670 5323 3738 5374 ait

2153 5413 2331 5480 quiete
2357 5423 2412 5467 et
2436 5413 2544 5466 otio
2574 5411 2710 5480 frui,
2738 5429 3040 5484 corpusque
3065 5429 3216 5466 suum
3243 5414 3367 5467 licet
3395 5427 3498 5465 non
3534 5413 3735 5478 integra

2153 5505 2454 5559 Valetudine
2482 5507 2707 5572 fruatur,
2739 5517 2820 5559 sat
2849 5505 3129 5561 commode
3155 5520 3214 5558 se
3246 5505 3445 5559 habere
3465 5544 3478 5564 ,
3512 5517 3562 5557 et
3592 5505 3726 5557 Isau-

2150 5612 2329 5651 rorum
2357 5597 2684 5652 incursiones
2710 5599 2996 5652 valetudini
3026 5613 3134 5653 sme
3155 5597 3390 5652 officere.

2222 5690 2607 5753 Chrusostomus
2631 5695 2694 5746 de
2719 5694 3076 5764 propagatione
3093 5697 3216 5762 ﬁdei
3230 5711 3429 5762 semper
3446 5695 3714 5749 sollicitus.
