3954 6404
198 397 307 452 2ιό

199 506 590 578 -Νυηιίιιιτιω
633 523 913 575 erumna,
958 509 1130 566 morbi
1175 512 1359 564 alimve
1401 507 1786 564 sollicitudines

199 597 466 652 Joannem
507 608 748 655 nostrum
793 609 1100 656 averterunt
1136 614 1167 654 a
1211 599 1570 656 sollicitudine
1601 614 1788 668 propa-

199 687 391 758 gandte
433 688 577 742 ﬁdei.
611 688 728 743 Jam
759 689 984 745 vidimus
1018 691 1210 760 ipsum,
1239 704 1342 759 qua
1368 689 1457 744 die
1494 688 1664 743 exsilii
1706 688 1789 742 lo-

200 794 328 833 cum
357 787 545 847 petens
569 777 802 834 Nicaeam
842 779 1113 849 pergebat,
1161 779 1439 848 scripsisse
1480 777 1790 833 Constantio

202 872 539 942 presbytero,
572 880 628 924 ιη
652 886 719 924 ne
745 887 809 924 ex
833 881 1092 940 praesente
1119 879 1432 940 tempestate
1452 877 1789 924 amoveretur

201 960 270 1014 ab
313 959 492 1014 ofﬁcio
521 969 575 1014 et
599 976 630 1015 a
657 977 713 1014 re
744 970 1011 1030 suscepta,
1042 960 1134 1015 sed
1164 976 1257 1029 pro
1284 974 1434 1014 more
1458 973 1556 1013 suo
1579 959 1788 1027 eos,qui

201 1050 381 1106 adhuc
411 1050 716 1106 Graecorum
743 1052 1124 1121 superstitioni,
1156 1066 1251 1106 seu
1291 1051 1601 1105 idololatriae
1627 1049 1788 1103 dediti

200 1149 378 1205 erant,
405 1142 472 1197 ad
503 1143 855 1197 Christianam
889 1143 1045 1197 fidem
1083 1151 1394 1196 convertere
1437 1149 1698 1210 pergeret,
1737 1147 1792 1193 et

202 1233 424 1302 impiam
469 1235 778 1303 religionem
825 1235 1224 1300 cxterminaret,
1271 1242 1429 1301 atque
1477 1230 1782 1295 thnicite,

202 1323 416 1378 Arabia:
431 1333 486 1378 et
501 1322 732 1378 Orientis
755 1325 1109 1378 Eeclesiarnm
1131 1338 1311 1378 curam
1332 1331 1562 1392 gereret.
1588 1321 1786 1376 Eadem

203 1428 422 1484 semper
447 1413 644 1468 ardens
676 1414 921 1484 cupidine
963 1412 1375 1484 Chrysostomus
1415 1412 1482 1466 ad
1510 1411 1786 1466 Nicolaum

203 1505 576 1576 presbyterum
606 1505 818 1575 scripsit
843 1506 1122 1576 epistolam
1148 1506 1217 1560 55
1261 1523 1274 1558 :
1324 1519 1481 1574 quem
1512 1503 1788 1559 Nicolaum

202 1596 458 1666 opinatur
503 1613 554 1651 v.
586 1598 656 1652 el.
701 1597 1076 1652 Tillcmontius
1101 1614 1221 1652 eum
1258 1611 1379 1652 esse
1406 1597 1516 1666 qui,
1551 1605 1608 1650 ut
1631 1595 1790 1651 modo

202 1687 535 1752 dicebamus,
575 1705 694 1744 cum
737 1691 856 1744 aliis
887 1690 1204 1760 quibusdam
1252 1689 1634 1760 Chrysostomo
1659 1690 1792 1743 scri-

202 1777 314 1848 psit
338 1795 353 1834 :
379 1779 522 1849 quod
545 1780 591 1834 si
621 1795 726 1834 non
752 1790 978 1846 certum,
1015 1781 1302 1836 verisimile
1325 1781 1610 1836 admodum
1639 1781 1788 1836 vide-

203 1879 311 1925 tur.
337 1870 618 1927 Nicolaum
641 1872 789 1927 illum
815 1887 1154 1942 summopere
1178 1873 1376 1939 laudat,
1405 1873 1546 1943 quod
1575 1890 1792 1944 evange-

201 1960 321 2015 licae
359 1961 721 2031 priedicationi
751 1963 802 2017 in
831 1963 1102 2020 Phoenicia
1130 1979 1343 2032 semper
1372 1963 1701 2033 advigilaret,
1729 1978 1791 2017 ac

202 2053 502 2107 monachos
527 2053 616 2107 illo
642 2054 896 2120 misisset,
919 2063 1078 2124 atque
1107 2055 1158 2108 in
1197 2064 1340 2108 tanta
1367 2069 1543 2109 rerum
1569 2053 1793 2109 difﬁcul—

202 2149 313 2194 tate
344 2141 463 2195 illos
508 2142 627 2196 istic
669 2158 887 2198 manere
926 2145 1207 2213 coegisset.
1239 2142 1598 2214 llortaturque
1643 2144 1789 2197 illum

200 2240 260 2287 ut
291 2231 609 2288 Gerontium
643 2233 1032 2306 presbyterum,
1065 2250 1224 2305 quem
1249 2250 1405 2289 suum
1435 2235 1584 2300 dicit,
1614 2235 1790 2289 statim

201 2331 363 2391 atque
386 2339 417 2376 a
445 2325 633 2379 morbo
654 2325 1004 2390 convaluerit,
1035 2333 1221 2395 urgeat
1255 2335 1311 2379 ut
1340 2327 1440 2379 iter
1468 2325 1590 2378 illuc
1623 2325 1792 2378 susci-

202 2413 336 2482 piat,
365 2421 619 2483 caretque
649 2423 707 2468 ut
724 2415 958 2470 Joannes
987 2431 1200 2485 quoque
1230 2416 1511 2486 presbyter
1535 2431 1661 2469 suus
1688 2429 1789 2468 una

197 2516 326 2556 cum
351 2501 610 2558 Gerontio
631 2504 819 2559 eodem
847 2515 1050 2576 pergat.
1072 2506 1140 2560 Se
1163 2505 1330 2575 ipsius
1352 2506 1552 2560 Nicolai
1577 2504 1788 2560 videndi

197 2603 253 2648 et
296 2594 658 2663 amplectendi
683 2611 875 2667 magno
907 2597 1075 2652 teneri
1100 2597 1368 2652 desiderio
1395 2598 1546 2661 dicit,
1573 2597 1666 2650 sed
1707 2605 1787 2650 ta-

197 2698 324 2737 men
351 2683 498 2738 illum
524 2700 664 2740 nunc
691 2685 812 2741 istic
835 2703 1052 2742 manere
1078 2701 1299 2742 necesse
1327 2687 1547 2742 omnino
1573 2701 1712 2742 esse.

273 2773 358 2828 Ad
399 2773 714 2829 Gerontium
755 2791 916 2846 porro
957 2777 1105 2832 illum
1135 2792 1295 2846 supra
1327 2787 1700 2844 memoratmn,
1736 2779 1787 2832 in

197 2865 533 2922 thnieiam
563 2869 879 2938 profectum,
926 2869 1076 2924 binas
1120 2870 1334 2940 scripsit
1363 2869 1634 2939 epistolas,
1659 2885 1791 2940 qua-

195 2971 322 3010 rum
351 2956 517 3024 prima
557 2957 744 3026 periit;
777 2958 829 3011 in
856 2959 1087 3012 secunda
1113 2974 1243 3014 vero
1263 2960 1333 3015 54
1361 2960 1504 3014 illum
1543 2961 1791 3015 cohorta-

196 3053 288 3101 tur
307 3055 361 3100 et
387 3046 648 3112 obsecrat,
672 3056 750 3115 ut,
767 3058 965 3117 quanto
992 3049 1163 3119 major
1176 3059 1257 3103 cst
1279 3057 1382 3104 tem
1390 3060 1790 3119 pestas,quanto

195 3139 408 3208 majora
439 3138 736 3209 ingruentia
769 3141 927 3208 mala,
958 3150 1103 3196 tanto
1131 3141 1333 3210 majore
1357 3142 1533 3197 studio
1567 3152 1621 3197 et
1647 3157 1704 3196 se
1734 3150 1791 3197 ct

195 3233 336 3286 alios
364 3230 432 3284 ad
479 3230 607 3285 illud
645 3232 825 3301 operis
872 3233 1266 3302 suscipiendum
1313 3233 1532 3298 excitet,
1584 3248 1706 3288 cum
1757 3249 1786 3288 a

202 3320 403 3374 inorbo
439 3321 790 3378 convaluerit.
820 3322 956 3377 Dicit
987 3332 1165 3379 autem
1205 3337 1264 3378 se
1317 3321 1629 3378 Constantio
1663 3339 1784 3395 pre-

194 3411 422 3481 sbytero
463 3409 515 3465 id
541 3411 736 3482 negotii
758 3413 1112 3479 commisisse,
1141 3421 1198 3466 ut
1225 3413 1336 3467 sive
1365 3413 1430 3467 ad
1470 3412 1662 3468 aedium
1689 3428 1786 3469 ex-

191 3504 546 3568 structiones,
590 3504 704 3560 sive
750 3504 816 3559 ad
860 3505 1237 3560 sublevandam
1287 3504 1510 3560 fratrum
1555 3506 1786 3576 inopiam

194 3595 350 3664 large
373 3594 476 3648 illis
505 3603 748 3664 sumptus
770 3603 823 3649 et
847 3596 1099 3665 pecunias
1114 3595 1437 3668 suppeditet,
1466 3595 1574 3651 imo
1591 3595 1787 3667 largius

192 3699 363 3752 quam
386 3692 566 3741 antea.

265 3772 392 3828 lam
441 3773 674 3830 vidimus
700 3773 960 3831 Joannem
992 3786 1230 3833 nostrum
1262 3793 1455 3834 munus
1499 3795 1594 3836 SOI]
1638 3796 1785 3836 sum-

192 3879 346 3918 mam
387 3866 646 3934 pecuniae,
675 3881 833 3937 quam
862 3867 1125 3939 Diogenes
1155 3870 1254 3940 ipsi
1287 3871 1523 3936 miserat,
1562 3887 1782 3927 recusa-

191 3954 360 4019 visse,
380 3965 435 4009 et
459 3955 530 4009 illi
557 3956 834 4026 scripsisse
864 3966 921 4013 ut
948 3974 1065 4013 eam
1087 3975 1350 4016 summam
1383 3963 1432 4016 in
1458 3963 1781 4019 Phreniciam

189 4045 257 4100 ad
283 4047 547 4116 evangelii
569 4063 845 4118 praecones
881 4052 1138 4116 mitteret,
1167 4062 1221 4107 et
1253 4053 1596 4124 Aphraatem,
1625 4071 1781 4124 quem

189 4136 298 4192 sibi
332 4136 642 4194 miseratad
684 4154 802 4195 eam
827 4157 939 4196 rem
969 4143 1240 4212 expediret
1269 4162 1288 4198 :
1320 4145 1408 4214 qui
1447 4146 1527 4199 vir
1562 4155 1674 4200 erat
1715 4147 1781 4204 ad

188 4230 272 4283 eis
303 4229 550 4284 solatium
576 4233 902 4288 afferendum
933 4234 1174 4290 idoneus.
1205 4234 1437 4290 Joannes
1470 4251 1597 4291 vero
1629 4253 1781 4307 pres-

189 4320 356 4391 byter
380 4320 566 4375 eadem
606 4320 676 4376 de
701 4337 859 4378 causa
889 4325 943 4379 in
973 4325 1300 4380 Phteniciam
1347 4340 1404 4380 se
1442 4328 1778 4383 contulerat:

188 4418 525 4478 quapropter
567 4409 981 4482 Chrysostomus
1024 4415 1171 4468 illum
1216 4415 1556 4470 commendat
1584 4417 1636 4469 in
1663 4418 1779 4485 epi-

188 4501 336 4555 stola
362 4499 432 4555 55
457 4499 695 4556 Simeoni
724 4512 779 4558 et
805 4503 933 4558 Mari
976 4505 1300 4578 presbyteris
1330 4515 1384 4561 et
1423 4507 1698 4564 monachis
1726 4509 1779 4563 in

189 4591 516 4662 Apamecnsi
540 4594 757 4664 regione
784 4596 1116 4652 versantibus
1141 4613 1154 4650 :
1185 4597 1409 4666 illosque
1440 4597 1681 4653 hortatur
1702 4607 1776 4664 ut,

188 4683 234 4737 si
274 4699 418 4753 quos
451 4700 739 4755 generosos
778 4696 832 4743 et
862 4698 1173 4757 praestantes
1203 4690 1343 4745 viros
1383 4691 1777 4758 nanciseantur,

187 4776 281 4844 qui
315 4774 380 4828 ad
411 4791 525 4831 eam
567 4792 680 4833 rem
721 4778 1036 4835 auxiliarem
1088 4797 1302 4836 manum
1330 4782 1522 4838 afferre
1554 4784 1777 4852 possint,

186 4880 290 4922 eos
322 4866 416 4920 illo
428 4868 655 4924 mittant.
676 4870 808 4925 Cum
833 4870 1107 4928 didicisset
1124 4881 1300 4926 autem
1330 4873 1579 4942 Alphium
1602 4890 1782 4944 quem.

186 4958 342 5021 dam,
373 4974 534 5028 quem
572 4960 804 5018 Joannes
838 4963 1116 5033 presbyter
1141 4963 1365 5028 adierat,
1409 4965 1552 5018 illum
1582 4966 1781 5020 exeita~

187 5052 356 5114 visse,
380 5060 540 5120 atque
561 5053 612 5106 in
639 5052 966 5109 thniciam
994 5054 1222 5118 misisse,
1253 5054 1360 5107 imo
1379 5055 1493 5108 auri
1516 5071 1778 5110 summam

189 5141 293 5211 ipsi
323 5141 539 5198 dedisse
575 5158 589 5195 :
620 5143 868 5214 Alpbium
909 5144 1028 5199 ideo
1052 5144 1288 5199 celebrat
1312 5144 1544 5200 Joannes
1571 5155 1772 5212 noster,

189 5243 246 5287 et
272 5242 335 5287 ut
357 5232 458 5287 sibi
485 5232 791 5303 [rettuenter
817 5235 998 5290 literas
1028 5238 1203 5290 mittat
1232 5235 1493 5290 hortatur.

262 5321 539 5380 Tumultus
563 5326 617 5380 in
645 5325 909 5385 Pltanicia
938 5337 1114 5381 contra
1139 5327 1402 5398 Evangelii
1429 5343 1778 5395 prauam».—

191 5412 400 5469 anrto
441 5430 635 5486 magno
675 5417 732 5470 in
771 5416 1046 5472 Phtenicia
1075 5417 1321 5481 tumultu,
1367 5431 1488 5470 cum
1518 5417 1774 5486 evangelii

192 5518 472 5572 prscones
516 5505 569 5562 in
595 5506 868 5572 :erumnis,
896 5516 953 5562 et
987 5507 1206 5562 forsitan
1237 5509 1287 5563 in
1335 5507 1570 5578 periculo
1598 5521 1776 5562 versa-

194 5603 418 5662 rentur;
464 5605 734 5653 metuenso
752 5597 990 5653 Joannes
1017 5609 1199 5654 noster
1248 5614 1316 5654 ne
1357 5613 1387 5652 a
1435 5597 1776 5668 praedicando

195 5687 474 5757 evangelio
499 5685 840 5755 desisterent,
878 5687 1156 5759 epistolam
1187 5689 1287 5751 125
1316 5688 1527 5766 scripsit
1558 5687 1776 5760 presby-

195 5778 327 5835 teris
353 5787 403 5836 et
429 5779 706 5836 monachis
721 5780 945 5849 gentiles
972 5781 1024 5837 in
1061 5779 1332 5852 manicia
1343 5780 1765 5838 instituentibus.

497 5888 771 5951 Ριτιιοι..
805 5887 894 5947 Gn
909 5932 924 5952 .
967 5891 1026 5952 X
1041 5869 1224 5957 uili.

1357 397 1538 455 NUNC
1578 397 1839 454 PRIMUM
1881 398 2275 458 ADORNATA.

3370 387 3476 440 ΞΜ»

1905 509 2156 564 Hortatur
2199 520 2375 565 autem
2403 520 2622 565 cunctos
2650 520 2705 564 et
2731 509 2988 580 singulos,
3042 525 3109 565 ne
3137 513 3264 580 quis
3284 525 3380 566 eos
3414 506 3486 560 ob

1897 609 2142 654 exortum
2183 602 2460 655 tumultum
2503 601 2554 654 in
2585 599 2823 653 fraudem
2866 599 3104 669 impellat
3132 599 3215 653 vel
3246 603 3477 654 ahducat

1895 689 1963 742 ad
1991 689 2316 744 Phoeniciam
2347 687 2750 759 relinquendam
2775 705 2787 741 :
2816 703 2920 758 quo
2949 689 3178 758 majores
3205 690 3346 743 enim
3375 687 3478 741 dif-

1897 778 2156 835 ficultates
2185 789 2241 834 et
2265 794 2518 834 aerumna:
2539 779 2881 846 objiciuntur,
2912 793 2977 832 eo
2998 779 3195 848 majora
3220 779 3317 832 sibi
3342 792 3476 846 prae-

1896 871 1999 922 mia
2028 870 2310 924 reservari.
2340 869 2470 924 Cum
2500 869 2644 923 enim
2680 868 2966 937 impietatis
3001 879 3202 938 partem
3231 869 3284 922 in
3315 866 3474 921 Ρὶιωτ

1896 960 2028 1013 uicia
2051 960 2161 1029 jam
2191 960 2522 1026 sustulerint,
2549 960 2843 1014 curandum
2873 974 2994 1014 esse
3024 975 3091 1013 ne
3122 968 3297 1013 tantus
3326 958 3475 1011 labor

1895 1051 2065 1105 fructu
2093 1061 2292 1106 careat.
2316 1051 2386 1107 Se
2407 1053 2477 1105 ita
2511 1051 2806 1120 providisse
2831 1053 2924 1116 ait,
2973 1061 3031 1106 ut
3057 1051 3185 1104 nihil
3225 1063 3472 1119 tuuquam

1893 1144 2081 1200 deesse
2110 1145 2294 1213 possit,
2328 1154 2491 1212 utque
2515 1145 2691 1197 omnia
2735 1143 2864 1211 ipsis
2895 1142 3178 1196 altluenter
3221 1139 3476 1211 suppedi-

1895 1244 2090 1290 tentur.
2121 1236 2275 1302 Quod
2301 1239 2345 1290 si
2374 1237 2460 1290 ille
2495 1237 2548 1289 in
2570 1235 2764 1290 Cucusi
2804 1233 3090 1288 solitudine
3115 1248 3334 1287 versans
3362 1241 3476 1285 tan-

1895 1335 2000 1379 tam
2046 1327 2256 1380 illorum
2284 1342 2470 1380 curam
2499 1335 2668 1396 gerat,
2699 1326 2866 1380 multo
2893 1325 3061 1396 magis
3090 1324 3254 1393 ipsos,
3287 1321 3478 1390 quibus

1893 1416 2069 1470 omnia
2096 1416 2306 1470 abunde
2338 1425 2649 1486 suppetunt,
2677 1432 2795 1485 qua:
2821 1431 3036 1470 suarum
3077 1416 3305 1484 partium
3332 1419 3475 1473 sunt,

1894 1507 2102 1561 abunde
2121 1516 2378 1578 prarstare
2410 1507 2628 1561 debere.
2662 1507 2750 1560 Ait
2775 1521 2902 1560 vero
2932 1520 2990 1558 sc
3023 1501 3477 1573 religiosissimum

1893 1597 2151 1652 Joannem
2205 1599 2573 1669 presbyterum
2617 1599 2828 1652 misisse
2874 1598 2962 1666 qui
2996 1596 3115 1650 illos
3144 1594 3478 1649 cohortctur.

1895 1689 1966 1743 Se
2008 1689 2222 1743 demum
2254 1689 2432 1742 omnia
2473 1687 2686 1742 abunde
2716 1687 3025 1757 pra-stitisse
3073 1703 3086 1738 :
3129 1684 3269 1754 quod
3313 1683 3356 1737 si
3404 1682 3478 1736 illi

1894 1777 2029 1832 alios
2056 1793 2114 1833 se
2135 1779 2203 1832 ab
2229 1777 2407 1832 ofﬁcio
2427 1787 2731 1833 avertentes
2752 1777 2990 1844 audiant,
3016 1776 3229 1830 videant
3256 1776 3307 1828 in
3328 1773 3480 1842 cujus

1895 1878 2051 1938 caput
2078 1878 2222 1924 tanta
2260 1871 2462 1938 jactura
2489 1869 2661 1924 cadat.

1966 1959 2074 2014 Sub
2103 1959 2218 2013 hmc
2245 1969 2420 2012 autem
2453 1973 2554 2013 nec
2581 1958 2747 2011 multo
2779 1966 2982 2025 postea,
3007 1938 3232 2025 gentiles
3259 1953 3477 2008 Phanii-

1896 2051 1990 2105 cire
2017 2051 2068 2104 iu
2095 2049 2326 2103 furorem
2358 2049 2484 2115 acti,
2513 2049 2564 2100 in
2597 2047 2887 2100 monachos
2914 2044 3174 2114 evangelii
3204 2057 3479 2111 priecones

1898 2141 2318 2203 insurrexerunt,
2348 2155 2411 2194 ac
2457 2139 2759 2208 complures
2809 2138 3113 2192 vulneribus
3159 2136 3469 2196 ail'ecerunt,

1896 2231 2156 2300 quosdam
2195 2230 2355 2289 etiam
2404 2229 2731 2284 occiderunt.
2765 2228 2894 2293 Qua:
2943 2243 3028 2282 res
3072 2227 3332 2282 Joannem
3380 2239 3479 2279 no-

1896 2332 2064 2378 strum
2107 2322 2392 2377 admodum
2418 2322 2743 2376 commovit:
2776 2321 3057 2396 statimque
3086 2320 3254 2372 virum
3285 2318 3478 2387 qnmsi-

1896 2413 1990 2478 vit,
2020 2414 2109 2482 qui
2142 2422 2287 2466 tanto
2309 2412 2448 2465 malo
2471 2412 2762 2466 remedium
2792 2411 2982 2465 afferre
3011 2419 3207 2480 posset.
3241 2409 3350 2463 Nec
3369 2422 3478 2462 ma-

1895 2501 1972 2571 gis
2015 2503 2236 2556 idoneus
2290 2517 2408 2556 sese
2441 2503 2604 2557 menti
2633 2501 2844 2564 obtulit,
2894 2517 3054 2571 quam
3102 2502 3322 2554 liuliuus
3361 2515 3473 2567 pre-

1895 2594 2097 2666 sbyter,
2115 2595 2199 2648 cui
2230 2593 2509 2664 epistolam
2539 2594 2629 2648 ille
2653 2591 2798 2647 misit
2821 2592 2941 2657 126,
2975 2592 3228 2660 illumque
3257 2589 3478 2658 rogavit,

1896 2685 2003 2741 imo
2031 2685 2185 2748 ursit,
2226 2694 2284 2737 ut
2311 2699 2470 2754 quam
2501 2682 2783 2738 celerrime
2814 2690 2994 2750 posset
3031 2696 3087 2734 se
3119 2681 3184 2734 ad
3214 2682 3312 2732 iter
3352 2677 3476 2734 illud

1894 2775 2199 2845 accingeret
2229 2792 2242 2827 :
2271 2784 2476 2828 certum
2504 2774 2645 2828 enim
2673 2773 2774 2826 sibi
2805 2787 2944 2837 esse,
2979 2773 3022 2826 si
3054 2786 3260 2841 preces,
3296 2768 3454 2822 lenita

1896 2877 2026 2926 tem.
2057 2865 2542 2929 mansuetudinem,
2587 2864 2919 2932 patientiam,
2951 2873 3002 2914 et
3028 2877 3144 2915 eam
3177 2876 3276 2930 qua
3318 2858 3480 2928 polle-

1895 2957 1985 3012 bat
2012 2957 2176 3010 animi
2206 2955 2574 3010 fortitudinem
2616 2953 2917 3016 adhiberet,
2948 2952 3119 3019 ipsum
3153 2951 3232 3004 vel
3262 2957 3480 3019 aspectu

1894 3049 2010 3103 solo
2036 3047 2377 3100 adversarios
2400 3046 2450 3098 in
2478 3044 2654 3112 fugam
2678 3053 2922 3097 acturum
2952 3057 3090 3096 esse.
3131 3041 3218 3093 Ait
3243 3055 3369 3094 vero
3395 3053 3475 3106 se,

1894 3155 2016 3195 cum
2044 3141 2271 3209 primum
2303 3138 2419 3206 ejus
2458 3137 2509 3190 in
2549 3136 2878 3190 Phteniciam
2905 3135 3190 3188 adventum
3223 3134 3478 3198 audierit,

1896 3243 2022 3286 tunc
2061 3231 2177 3287 sine
2205 3245 2328 3284 cura
2371 3237 2427 3283 et
2465 3229 2517 3281 in
2548 3228 2834 3281 securitate
2862 3226 3099 3279 futurum
3132 3240 3272 3279 esse.
3303 3224 3477 3279 Mirari

1893 3335 2022 3376 vero
2060 3334 2120 3375 se
2157 3319 2307 3381 dicit,
2349 3318 2487 3388 quod
2518 3332 2638 3372 cum
2681 3315 2996 3371 Theodorus
3023 3315 3304 3386 presbyter
3326 3315 3390 3368 ad
3421 3329 3478 3369 se

1892 3415 2151 3477 venisset,
2195 3411 2367 3465 nullas
2399 3410 2569 3478 ipsius
2598 3409 2776 3462 Rufini
2808 3408 2989 3461 literas
3031 3407 3132 3462 sibi
3174 3408 3477 3462 attulisset:
3557 3421 3568 3434 ·’

1891 3515 2216 3575 quapmpter
2243 3503 2483 3558 hortatur
2509 3502 2653 3555 illum
2677 3510 2760 3567 ut,
2783 3515 2902 3555 cum
2927 3501 2977 3552 in
3005 3499 3331 3553 Pltmniciam
3359 3512 3478 3567 pro-

1892 3597 2183 3663 ficiscetur,
2215 3599 2266 3650 in
2294 3596 2516 3663 singulis
2541 3593 2907 3649 mansionibus
2936 3592 3035 3646 sibi
3062 3593 3238 3646 literas
3263 3592 3436 3645 mittat
3463 3609 3476 3646 :

1889 3687 2033 3758 quod
2062 3687 2105 3740 si
2137 3686 2327 3740 fratres
2357 3685 2532 3738 adhuc
2574 3683 2667 3738 illo
2715 3683 2929 3737 mittere
2966 3689 3230 3750 oporteat,
3277 3680 3328 3734 id
3376 3680 3474 3734 sibi

1890 3788 2076 3834 notum
2101 3777 2280 3832 iaciat.
2304 3777 2375 3830 De
2405 3785 2707 3829 sanctorum
2731 3787 2858 3828 vero
2877 3781 3169 3842 martyrum
3193 3771 3472 3841 Reliquiis.

1884 3887 2024 3941 quas
2052 3877 2388 3942 peposcerat,
2425 3884 2491 3922 ne
2517 3866 2652 3921 ultra
2697 3874 2850 3919 curet
2881 3865 3124 3918 hortatur
3166 3880 3179 3916 :
3226 3878 3286 3916 se
3330 3861 3474 3914 enim

1890 3962 2200 4018 Terentium
2222 3960 2590 4031 presbyterum
2612 3957 2820 4011 misisse
2842 3955 2906 4010 ad
2925 3955 3188 4018 Otreium,
3208 3953 3474 4008 Arahissze

1887 4055 2222 4125 episcopum,
2277 4051 2364 4120 qui
2398 4049 2592 4102 multas
2631 4062 2693 4100 ac
2733 4046 2951 4101 minimc
2976 4045 3164 4100 dubias
3203 4043 3474 4114 Reliquias

1889 4144 2139 4212 habebat,
2181 4157 2314 4213 quas
2357 4141 2541 4210 paucis
2590 4147 2770 4208 postea
2821 4137 3008 4190 diebus
3048 4138 3099 4189 in
3145 4135 3470 4190 thniciam

1888 4235 1989 4304 ipsi
2015 4234 2274 4288 missurus
2298 4239 2431 4286 erat.

1958 4326 2015 4379 In
2033 4321 2256 4394 epistola
2272 4334 2482 4389 quoque
2496 4318 2567 4372 ‘28
2583 4317 2646 4370 ad
2669 4315 2916 4370 Basiliam
2941 4313 3471 4385 pre:hyterum,dicit

1887 4416 2057 4480 illum,
2076 4427 2231 4482 quem
2252 4410 2319 4464 de
2347 4408 2479 4463 facie
2507 4422 2792 4475 numquam
2812 4405 3036 4463 viderat.
3066 4405 3320 4458 adversus
3345 4418 3473 4473 gen-

1886 4507 2008 4560 tiles
2027 4505 2322 4566 decertare,
2343 4510 2399 4554 ut
2426 4513 2518 4555 eos
2534 4498 2598 4552 ad
2619 4499 2753 4550 viam
2778 4495 3011 4550 veritatis
3038 4494 3324 4549 deduceret
3347 4511 3362 4548 :
3392 4504 3474 4546 ut-

1887 4612 2002 4652 rum
2029 4604 2207 4650 autem
2235 4592 2287 4646 in
2316 4590 2588 4645 thnicia
2615 4589 2664 4641 id
2692 4595 2892 4657 ageret,
2917 4587 3200 4640 incertum.
3225 4585 3377 4642 Prior
3397 4581 3472 4638 illi

1888 4689 2068 4744 literas
2085 4686 2228 4742 misit
2245 4681 2895 4754 Chrysoslomus,pietatis
2912 4679 3078 4749 ipsius
3092 4679 3228 4732 fama
3244 4691 3472 4732 commo-

1889 4790 1994 4845 tus,
2029 4779 2378 4845 hortaturque
2416 4774 2566 4827 illum
2600 4783 2655 4826 ut
2683 4771 2906 4825 subinde
2935 4769 3039 4824 sibi
3069 4767 3252 4823 literas
3277 4770 3445 4835 ntjttat

1957 4870 2278 4925 Constantius
2305 4866 2560 4937 presbyter
2578 4881 2608 4916 α
2638 4859 2994 4933 Chi-yrostomo
3029 4865 3212 4917 missus
3241 4870 3462 4914 vexatur.

1882 4989 1953 5002 ——
1978 4959 2120 5014 Dixit
2143 4973 2302 5028 supra
2332 4956 2570 5010 Joannes
2592 4963 2778 5008 noster
2805 4953 2855 5006 in
2876 4953 3036 5021 epist.
3064 4951 3128 5006 ad
3156 4949 3471 5005 Gerontium

1886 5051 1974 5112 54.
2005 5065 2064 5106 se
2090 5047 2403 5104 Constantio
2437 5046 2749 5116 presbytero
2789 5044 3141 5106 commisisse,
3173 5050 3228 5094 ut
3258 5040 3343 5106 iis,
3383 5041 3470 5110 qui

1889 5143 1939 5198 in
1982 5142 2248 5198 Plitenicia
2300 5139 2573 5208 gentilium
2605 5134 2945 5190 conversioni
2995 5133 3194 5188 dabant
3229 5145 3467 5200 operam,

1888 5237 2140 5304 pecunias
2189 5207 2398 5285 abunde
2445 5228 2832 5298 suppeditaret.
2886 5225 3069 5296 Neque
3114 5223 3342 5292 explicat
3399 5220 3469 5272 ihi
3528 5207 3538 5217 ”

1885 5340 1985 5392 qua
2031 5323 2100 5378 de
2143 5337 2302 5378 causa
2350 5321 2691 5378 Constantius
2725 5360 2739 5381 .
2777 5322 2866 5389 qui
2907 5313 3271 5387 Cltrysostomi
3318 5309 3469 5365 lateri

1887 5417 2144 5481 luerebat,
2190 5416 2242 5471 in
2289 5415 2406 5471 illas
2438 5423 2617 5483 partes
2659 5413 2758 5466 iter
2788 5409 3082 5480 susceperit
3121 5423 3136 5460 :
3183 5419 3370 5459 verum
3415 5403 3470 5456 in

1886 5510 2043 5575 epist.
2079 5506 2148 5562 6‘2
2188 5506 2373 5572 Casto,
2403 5505 2638 5569 Valerio,
2670 5503 2988 5572 DiOphanto,
3013 5509 3066 5554 et
3087 5496 3331 5570 Cyriaco,
3357 5509 3472 5563 pre-

1885 5597 2112 5670 sbyteris
2142 5595 2526 5661 Antiochenis,
2572 5609 2744 5663 ipsum
2797 5587 3138 5646 commendat
3189 5594 3246 5641 ut
3291 5584 3471 5655 inique

1884 5700 2129 5745 vexatum
2163 5689 2230 5744 ob
2258 5688 2522 5762 quoddam
2551 5686 2784 5756 ignotum
2822 5679 2977 5735 nobis
3018 5680 3306 5751 negotium,
3341 5691 3466 5746 pre-

1889 5787 2144 5853 caturque
2164 5791 2220 5839 ut
2239 5788 2445 5846 curent,
2487 5792 2553 5832 ne
2591 5775 2694 5830 huc
2718 5782 2876 5846 atque
2905 5773 3027 5830 illuc
3056 5774 3464 5838 circumagatur,

3042 5881 3112 5940 iis
