  <div class='ocr_page' id='page_1' title='image "/cluster/home/n/w/nwhite01/storage/ocr_20150623/47:no.1:pt.1/coo.31924054869460/221.png"; bbox 0 0 3954 6414; ppageno 0'>
   <div class='ocr_carea' id='block_1_1' title="bbox 504 409 608 463">
    <p class='ocr_par' dir='ltr' id='par_1_1' title="bbox 504 409 608 463">
     <span class='ocr_line' id='line_1_1' title="bbox 504 409 608 463; baseline 0 -1"><span class='ocrx_word' id='word_1_1' title='bbox 504 409 608 463; x_wconf 66' lang='grc' dir='ltr'><strong>ειτ</strong></span> 
     </span>
    </p>
   </div>
   <div class='ocr_carea' id='block_1_2' title="bbox 506 518 2075 589">
    <p class='ocr_par' dir='ltr' id='par_1_2' title="bbox 506 518 2075 589">
     <span class='ocr_line' id='line_1_2' title="bbox 506 518 2075 589; baseline 0 -14"><span class='ocrx_word' id='word_1_2' title='bbox 506 536 638 575; x_wconf 79' lang='lat' dir='ltr'><strong>neve</strong></span> <span class='ocrx_word' id='word_1_3' title='bbox 662 536 753 589; x_wconf 67' lang='lat' dir='ltr'><strong>per</strong></span> <span class='ocrx_word' id='word_1_4' title='bbox 771 519 1005 589; x_wconf 86' lang='lat' dir='ltr'><strong>judicum</strong></span> <span class='ocrx_word' id='word_1_5' title='bbox 1038 518 1314 574; x_wconf 90' lang='lat' dir='ltr'><strong>tribunalia</strong></span> <span class='ocrx_word' id='word_1_6' title='bbox 1338 535 1453 574; x_wconf 84' lang='lat' dir='ltr'><strong>eam</strong></span> <span class='ocrx_word' id='word_1_7' title='bbox 1476 520 1543 575; x_wconf 91' lang='lat' dir='ltr'><strong>ob</strong></span> <span class='ocrx_word' id='word_1_8' title='bbox 1572 536 1785 575; x_wconf 80' lang='lat' dir='ltr'><strong>causam</strong></span> <span class='ocrx_word' id='word_1_9' title='bbox 1815 520 2075 576; x_wconf 85' lang='lat' dir='ltr'><strong>distraha-</strong></span> 
     </span>
    </p>
   </div>
   <div class='ocr_carea' id='block_1_3' title="bbox 506 611 2078 682">
    <p class='ocr_par' dir='ltr' id='par_1_3' title="bbox 506 611 2078 682">
     <span class='ocr_line' id='line_1_3' title="bbox 506 611 2078 682; baseline 0.001 -17"><span class='ocrx_word' id='word_1_10' title='bbox 506 620 588 665; x_wconf 89' lang='lat' dir='ltr'><strong>tur</strong></span> <span class='ocrx_word' id='word_1_11' title='bbox 616 622 772 680; x_wconf 91' lang='lat' dir='ltr'><strong>atque</strong></span> <span class='ocrx_word' id='word_1_12' title='bbox 802 612 1083 675; x_wconf 92' lang='lat' dir='ltr'><strong>laceretur,</strong></span> <span class='ocrx_word' id='word_1_13' title='bbox 1112 611 1182 666; x_wconf 91' lang='lat' dir='ltr'><strong>ob</strong></span> <span class='ocrx_word' id='word_1_14' title='bbox 1210 627 1365 681; x_wconf 89' lang='lat' dir='ltr'><strong>quam</strong></span> <span class='ocrx_word' id='word_1_15' title='bbox 1396 629 1516 666; x_wconf 91' lang='lat' dir='ltr'><strong>eum</strong></span> <span class='ocrx_word' id='word_1_16' title='bbox 1542 614 1740 677; x_wconf 90' lang='lat' dir='ltr'><strong>ornari,</strong></span> <span class='ocrx_word' id='word_1_17' title='bbox 1778 628 1839 668; x_wconf 90' lang='lat' dir='ltr'><strong>ac</strong></span> <span class='ocrx_word' id='word_1_18' title='bbox 1868 613 2078 682; x_wconf 90' lang='lat' dir='ltr'><strong>publico</strong></span> 
     </span>
    </p>
   </div>
   <div class='ocr_carea' id='block_1_4' title="bbox 505 702 2079 772">
    <p class='ocr_par' dir='ltr' id='par_1_4' title="bbox 505 702 2079 772">
     <span class='ocr_line' id='line_1_4' title="bbox 505 702 2079 772; baseline 0.004 -20"><span class='ocrx_word' id='word_1_19' title='bbox 505 703 770 771; x_wconf 70' lang='lat' dir='ltr'><strong>praecedo</strong></span> <span class='ocrx_word' id='word_1_20' title='bbox 815 702 1072 758; x_wconf 89' lang='lat' dir='ltr'><strong>celebrari</strong></span> <span class='ocrx_word' id='word_1_21' title='bbox 1103 718 1197 772; x_wconf 91' lang='lat' dir='ltr'><strong>par</strong></span> <span class='ocrx_word' id='word_1_22' title='bbox 1234 713 1368 758; x_wconf 88' lang='lat' dir='ltr'><strong>erat.</strong></span> <span class='ocrx_word' id='word_1_23' title='bbox 1412 703 1564 757; x_wconf 86' lang='lat' dir='ltr'><strong>Illum</strong></span> <span class='ocrx_word' id='word_1_24' title='bbox 1605 719 1733 760; x_wconf 92' lang='lat' dir='ltr'><strong>vero</strong></span> <span class='ocrx_word' id='word_1_25' title='bbox 1773 704 1982 759; x_wconf 91' lang='lat' dir='ltr'><strong>Cucuso</strong></span> <span class='ocrx_word' id='word_1_26' title='bbox 2012 703 2079 759; x_wconf 91' lang='lat' dir='ltr'><strong>ad</strong></span> 
     </span>
    </p>
   </div>
   <div class='ocr_carea' id='block_1_5' title="bbox 498 793 2076 865">
    <p class='ocr_par' dir='ltr' id='par_1_5' title="bbox 498 793 2076 865">
     <span class='ocr_line' id='line_1_5' title="bbox 498 793 2076 865; baseline 0.001 -17"><span class='ocrx_word' id='word_1_27' title='bbox 498 793 628 848; x_wconf 85' lang='lat' dir='ltr'><strong>illud</strong></span> <span class='ocrx_word' id='word_1_28' title='bbox 654 793 847 864; x_wconf 89' lang='lat' dir='ltr'><strong>negotii</strong></span> <span class='ocrx_word' id='word_1_29' title='bbox 870 795 1129 863; x_wconf 91' lang='lat' dir='ltr'><strong>prolicisci</strong></span> <span class='ocrx_word' id='word_1_30' title='bbox 1159 810 1263 849; x_wconf 89' lang='lat' dir='ltr'><strong>non</strong></span> <span class='ocrx_word' id='word_1_31' title='bbox 1296 796 1365 850; x_wconf 89' lang='lat' dir='ltr'><strong>ita</strong></span> <span class='ocrx_word' id='word_1_32' title='bbox 1388 796 1747 851; x_wconf 84' lang='lat' dir='ltr'><strong>necessarium</strong></span> <span class='ocrx_word' id='word_1_33' title='bbox 1782 804 2076 865; x_wconf 84' lang='lat' dir='ltr'><strong>potaverat,</strong></span> 
     </span>
    </p>
   </div>
   <div class='ocr_carea' id='block_1_6' title="bbox 502 883 2078 957">
    <p class='ocr_par' dir='ltr' id='par_1_6' title="bbox 502 883 2078 957">
     <span class='ocr_line' id='line_1_6' title="bbox 502 883 2078 957; baseline 0.006 -23"><span class='ocrx_word' id='word_1_34' title='bbox 502 884 636 937; x_wconf 92' lang='lat' dir='ltr'><strong>utin</strong></span> <span class='ocrx_word' id='word_1_35' title='bbox 668 885 822 953; x_wconf 85' lang='lat' dir='ltr'><strong>epist.</strong></span> <span class='ocrx_word' id='word_1_36' title='bbox 857 884 924 940; x_wconf 81' lang='lat'><strong>76</strong></span> <span class='ocrx_word' id='word_1_37' title='bbox 954 883 1020 939; x_wconf 89' lang='lat' dir='ltr'><strong>ad</strong></span> <span class='ocrx_word' id='word_1_38' title='bbox 1046 884 1369 940; x_wconf 85' lang='lat' dir='ltr'><strong>Chalcidiam</strong></span> <span class='ocrx_word' id='word_1_39' title='bbox 1414 886 1574 952; x_wconf 88' lang='lat' dir='ltr'><strong>dicit;</strong></span> <span class='ocrx_word' id='word_1_40' title='bbox 1614 898 1667 942; x_wconf 89' lang='lat' dir='ltr'><strong>et</strong></span> <span class='ocrx_word' id='word_1_41' title='bbox 1693 888 1925 957; x_wconf 86' lang='lat' dir='ltr'><strong>alioquin</strong></span> <span class='ocrx_word' id='word_1_42' title='bbox 1963 904 2078 943; x_wconf 86' lang='lat' dir='ltr'><strong>me-</strong></span> 
     </span>
    </p>
   </div>
   <div class='ocr_carea' id='block_1_7' title="bbox 503 974 2078 1034">
    <p class='ocr_par' dir='ltr' id='par_1_7' title="bbox 503 974 2078 1034">
     <span class='ocr_line' id='line_1_7' title="bbox 503 974 2078 1034; baseline 0.006 -10"><span class='ocrx_word' id='word_1_43' title='bbox 503 974 683 1028; x_wconf 89' lang='lat' dir='ltr'><strong>tuebat</strong></span> <span class='ocrx_word' id='word_1_44' title='bbox 726 990 792 1030; x_wconf 90' lang='lat' dir='ltr'><strong>ne</strong></span> <span class='ocrx_word' id='word_1_45' title='bbox 834 975 885 1029; x_wconf 91' lang='lat' dir='ltr'><strong>in</strong></span> <span class='ocrx_word' id='word_1_46' title='bbox 928 976 1228 1031; x_wconf 85' lang='lat' dir='ltr'><strong>Isaurorum</strong></span> <span class='ocrx_word' id='word_1_47' title='bbox 1270 991 1456 1031; x_wconf 91' lang='lat' dir='ltr'><strong>manus</strong></span> <span class='ocrx_word' id='word_1_48' title='bbox 1484 978 1761 1034; x_wconf 83' lang='lat' dir='ltr'><strong>incideret.</strong></span> <span class='ocrx_word' id='word_1_49' title='bbox 1810 978 2078 1033; x_wconf 88' lang='lat' dir='ltr'><strong>Chalcidia</strong></span> 
     </span>
    </p>
   </div>
   <div class='ocr_carea' id='block_1_8' title="bbox 501 1065 2078 1139">
    <p class='ocr_par' dir='ltr' id='par_1_8' title="bbox 501 1065 2078 1139">
     <span class='ocr_line' id='line_1_8' title="bbox 501 1065 2078 1139; baseline 0.005 -26"><span class='ocrx_word' id='word_1_50' title='bbox 501 1077 629 1116; x_wconf 88' lang='lat' dir='ltr'><strong>vero</strong></span> <span class='ocrx_word' id='word_1_51' title='bbox 653 1072 707 1117; x_wconf 90' lang='lat' dir='ltr'><strong>et</strong></span> <span class='ocrx_word' id='word_1_52' title='bbox 738 1065 1033 1135; x_wconf 85' lang='lat' dir='ltr'><strong>Asyncritia</strong></span> <span class='ocrx_word' id='word_1_53' title='bbox 1064 1066 1114 1118; x_wconf 89' lang='lat' dir='ltr'><strong>in</strong></span> <span class='ocrx_word' id='word_1_54' title='bbox 1144 1074 1347 1134; x_wconf 87' lang='lat' dir='ltr'><strong>partem</strong></span> <span class='ocrx_word' id='word_1_55' title='bbox 1375 1082 1752 1135; x_wconf 77' lang='lat' dir='ltr'><strong>rerumnarum,</strong></span> <span class='ocrx_word' id='word_1_56' title='bbox 1788 1083 1908 1139; x_wconf 71' lang='lat' dir='ltr'><strong>qua:</strong></span> <span class='ocrx_word' id='word_1_57' title='bbox 1936 1068 2078 1123; x_wconf 88' lang='lat' dir='ltr'><strong>Con-</strong></span> 
     </span>
    </p>
   </div>
   <div class='ocr_carea' id='block_1_9' title="bbox 502 1155 2084 1228">
    <p class='ocr_par' dir='ltr' id='par_1_9' title="bbox 502 1155 2084 1228">
     <span class='ocr_line' id='line_1_9' title="bbox 502 1155 2084 1228; baseline 0.002 -22"><span class='ocrx_word' id='word_1_58' title='bbox 502 1155 697 1207; x_wconf 74' lang='lat' dir='ltr'><strong>Stantio</strong></span> <span class='ocrx_word' id='word_1_59' title='bbox 730 1155 1111 1222; x_wconf 85' lang='lat' dir='ltr'><strong>inferebantur,</strong></span> <span class='ocrx_word' id='word_1_60' title='bbox 1154 1156 1454 1223; x_wconf 90' lang='lat' dir='ltr'><strong>veniebant,</strong></span> <span class='ocrx_word' id='word_1_61' title='bbox 1499 1157 1753 1228; x_wconf 91' lang='lat' dir='ltr'><strong>illumque</strong></span> <span class='ocrx_word' id='word_1_62' title='bbox 1781 1158 1894 1213; x_wconf 91' lang='lat' dir='ltr'><strong>dire</strong></span> <span class='ocrx_word' id='word_1_63' title='bbox 1921 1172 2084 1212; x_wconf 77' lang='lat' dir='ltr'><strong>vexa-</strong></span> 
     </span>
    </p>
   </div>
   <div class='ocr_carea' id='block_1_10' title="bbox 505 1245 2078 1319">
    <p class='ocr_par' dir='ltr' id='par_1_10' title="bbox 505 1245 2078 1319">
     <span class='ocr_line' id='line_1_10' title="bbox 505 1245 2078 1319; baseline 0.005 -26"><span class='ocrx_word' id='word_1_64' title='bbox 505 1253 613 1296; x_wconf 89' lang='lat' dir='ltr'><strong>tum</strong></span> <span class='ocrx_word' id='word_1_65' title='bbox 638 1245 877 1300; x_wconf 86' lang='lat' dir='ltr'><strong>videntes</strong></span> <span class='ocrx_word' id='word_1_66' title='bbox 896 1245 1177 1300; x_wconf 81' lang='lat' dir='ltr'><strong>admodum</strong></span> <span class='ocrx_word' id='word_1_67' title='bbox 1200 1246 1470 1302; x_wconf 83' lang='lat' dir='ltr'><strong>dolebant.</strong></span> <span class='ocrx_word' id='word_1_68' title='bbox 1494 1246 1826 1319; x_wconf 86' lang='lat' dir='ltr'><strong>Quapropter</strong></span> <span class='ocrx_word' id='word_1_69' title='bbox 1846 1248 1898 1303; x_wconf 93' lang='lat' dir='ltr'><strong>iu</strong></span> <span class='ocrx_word' id='word_1_70' title='bbox 1922 1248 2078 1318; x_wconf 87' lang='lat' dir='ltr'><strong>epist.</strong></span> 
     </span>
    </p>
   </div>
   <div class='ocr_carea' id='block_1_11' title="bbox 502 1332 1090 1401">
    <p class='ocr_par' dir='ltr' id='par_1_11' title="bbox 502 1332 1090 1401">
     <span class='ocr_line' id='line_1_11' title="bbox 502 1332 1090 1401; baseline 0.009 -18"><span class='ocrx_word' id='word_1_71' title='bbox 502 1332 571 1387; x_wconf 72' lang='lat'><strong>‘50</strong></span> <span class='ocrx_word' id='word_1_72' title='bbox 599 1333 737 1401; x_wconf 90' lang='lat' dir='ltr'><strong>ipsas</strong></span> <span class='ocrx_word' id='word_1_73' title='bbox 765 1335 1090 1390; x_wconf 90' lang='lat' dir='ltr'><strong>consolatur.</strong></span> 
     </span>
    </p>
   </div>
   <div class='ocr_carea' id='block_1_12' title="bbox 572 1423 2075 1498">
    <p class='ocr_par' dir='ltr' id='par_1_12' title="bbox 572 1423 2075 1498">
     <span class='ocr_line' id='line_1_12' title="bbox 572 1423 2075 1498; baseline 0.005 -24"><span class='ocrx_word' id='word_1_74' title='bbox 572 1423 735 1476; x_wconf 84' lang='lat' dir='ltr'><strong>isauri</strong></span> <span class='ocrx_word' id='word_1_75' title='bbox 758 1439 968 1494; x_wconf 87' lang='lat' dir='ltr'><strong>semper</strong></span> <span class='ocrx_word' id='word_1_76' title='bbox 988 1426 1102 1481; x_wconf 89' lang='lat' dir='ltr'><strong>vias</strong></span> <span class='ocrx_word' id='word_1_77' title='bbox 1125 1426 1477 1498; x_wconf 89' lang='lat' dir='ltr'><strong>regionesque</strong></span> <span class='ocrx_word' id='word_1_78' title='bbox 1502 1428 1703 1482; x_wconf 85' lang='lat' dir='ltr'><strong>vicinas</strong></span> <span class='ocrx_word' id='word_1_79' title='bbox 1725 1427 2075 1493; x_wconf 80' lang='lat' dir='ltr'><strong>infestabant;</strong></span> 
     </span>
    </p>
   </div>
   <div class='ocr_carea' id='block_1_13' title="bbox 502 1511 2077 1586">
    <p class='ocr_par' dir='ltr' id='par_1_13' title="bbox 502 1511 2077 1586">
     <span class='ocr_line' id='line_1_13' title="bbox 502 1511 2077 1586; baseline 0.006 -23"><span class='ocrx_word' id='word_1_80' title='bbox 502 1511 595 1564; x_wconf 88' lang='lat' dir='ltr'><strong>sed</strong></span> <span class='ocrx_word' id='word_1_81' title='bbox 628 1511 817 1566; x_wconf 84' lang='lat' dir='ltr'><strong>hiemis</strong></span> <span class='ocrx_word' id='word_1_82' title='bbox 846 1523 1086 1583; x_wconf 91' lang='lat' dir='ltr'><strong>tempore</strong></span> <span class='ocrx_word' id='word_1_83' title='bbox 1125 1514 1406 1584; x_wconf 88' lang='lat' dir='ltr'><strong>aliquando</strong></span> <span class='ocrx_word' id='word_1_84' title='bbox 1433 1516 1621 1571; x_wconf 82' lang='lat' dir='ltr'><strong>saltem</strong></span> <span class='ocrx_word' id='word_1_85' title='bbox 1660 1525 1935 1586; x_wconf 87' lang='lat' dir='ltr'><strong>receptum</strong></span> <span class='ocrx_word' id='word_1_86' title='bbox 1981 1516 2077 1572; x_wconf 83' lang='lat' dir='ltr'><strong>ba-</strong></span> 
     </span>
    </p>
   </div>
   <div class='ocr_carea' id='block_1_14' title="bbox 501 1600 2079 1678">
    <p class='ocr_par' dir='ltr' id='par_1_14' title="bbox 501 1600 2079 1678">
     <span class='ocr_line' id='line_1_14' title="bbox 501 1600 2079 1678; baseline 0.006 -26"><span class='ocrx_word' id='word_1_87' title='bbox 501 1600 678 1656; x_wconf 86' lang='lat' dir='ltr'><strong>luusse</strong></span> <span class='ocrx_word' id='word_1_88' title='bbox 705 1602 970 1659; x_wconf 89' lang='lat' dir='ltr'><strong>dicuntur.</strong></span> <span class='ocrx_word' id='word_1_89' title='bbox 1007 1606 1200 1660; x_wconf 88' lang='lat' dir='ltr'><strong>Verum</strong></span> <span class='ocrx_word' id='word_1_90' title='bbox 1247 1606 1299 1659; x_wconf 91' lang='lat' dir='ltr'><strong>in</strong></span> <span class='ocrx_word' id='word_1_91' title='bbox 1327 1605 1500 1662; x_wconf 89' lang='lat' dir='ltr'><strong>hieme</strong></span> <span class='ocrx_word' id='word_1_92' title='bbox 1542 1622 1754 1678; x_wconf 89' lang='lat' dir='ltr'><strong>quoque</strong></span> <span class='ocrx_word' id='word_1_93' title='bbox 1795 1607 2079 1678; x_wconf 86' lang='lat' dir='ltr'><strong>aliquando</strong></span> 
     </span>
    </p>
   </div>
   <div class='ocr_carea' id='block_1_15' title="bbox 499 1696 2080 1769">
    <p class='ocr_par' dir='ltr' id='par_1_15' title="bbox 499 1696 2080 1769">
     <span class='ocr_line' id='line_1_15' title="bbox 499 1696 2080 1769; baseline 0.006 -23"><span class='ocrx_word' id='word_1_94' title='bbox 499 1696 738 1763; x_wconf 86' lang='lat' dir='ltr'><strong>erupisse</strong></span> <span class='ocrx_word' id='word_1_95' title='bbox 769 1696 938 1763; x_wconf 89' lang='lat' dir='ltr'><strong>palam</strong></span> <span class='ocrx_word' id='word_1_96' title='bbox 970 1712 1088 1752; x_wconf 90' lang='lat' dir='ltr'><strong>esse</strong></span> <span class='ocrx_word' id='word_1_97' title='bbox 1113 1698 1324 1753; x_wconf 88' lang='lat' dir='ltr'><strong>videtur</strong></span> <span class='ocrx_word' id='word_1_98' title='bbox 1346 1712 1409 1753; x_wconf 82' lang='lat' dir='ltr'><strong>ex</strong></span> <span class='ocrx_word' id='word_1_99' title='bbox 1442 1699 1525 1768; x_wconf 89' lang='lat' dir='ltr'><strong>iis,</strong></span> <span class='ocrx_word' id='word_1_100' title='bbox 1559 1715 1676 1769; x_wconf 64' lang='lat' dir='ltr'><strong>quae</strong></span> <span class='ocrx_word' id='word_1_101' title='bbox 1722 1700 1776 1754; x_wconf 90' lang='lat' dir='ltr'><strong>in</strong></span> <span class='ocrx_word' id='word_1_102' title='bbox 1817 1715 1940 1754; x_wconf 82' lang='lat' dir='ltr'><strong>mox</strong></span> <span class='ocrx_word' id='word_1_103' title='bbox 1969 1714 2080 1755; x_wconf 86' lang='lat' dir='ltr'><strong>me-</strong></span> 
     </span>
    </p>
   </div>
   <div class='ocr_carea' id='block_1_16' title="bbox 499 1786 2078 1860">
    <p class='ocr_par' dir='ltr' id='par_1_16' title="bbox 499 1786 2078 1860">
     <span class='ocr_line' id='line_1_16' title="bbox 499 1786 2078 1860; baseline 0.005 -23"><span class='ocrx_word' id='word_1_104' title='bbox 499 1786 768 1840; x_wconf 83' lang='lat' dir='ltr'><strong>morandis</strong></span> <span class='ocrx_word' id='word_1_105' title='bbox 794 1789 1032 1856; x_wconf 90' lang='lat' dir='ltr'><strong>epistolis</strong></span> <span class='ocrx_word' id='word_1_106' title='bbox 1056 1797 1235 1844; x_wconf 87' lang='lat' dir='ltr'><strong>narrat</strong></span> <span class='ocrx_word' id='word_1_107' title='bbox 1252 1788 1484 1845; x_wconf 81' lang='lat' dir='ltr'><strong>Joannes</strong></span> <span class='ocrx_word' id='word_1_108' title='bbox 1505 1800 1704 1846; x_wconf 85' lang='lat' dir='ltr'><strong>noster.</strong></span> <span class='ocrx_word' id='word_1_109' title='bbox 1728 1790 1808 1845; x_wconf 80' lang='lat' dir='ltr'><strong>Ad</strong></span> <span class='ocrx_word' id='word_1_110' title='bbox 1831 1790 2078 1860; x_wconf 87' lang='lat' dir='ltr'><strong>Alphium</strong></span> 
     </span>
    </p>
   </div>
   <div class='ocr_carea' id='block_1_17' title="bbox 498 1875 2071 1951">
    <p class='ocr_par' dir='ltr' id='par_1_17' title="bbox 498 1875 2071 1951">
     <span class='ocr_line' id='line_1_17' title="bbox 498 1875 2071 1951; baseline 0.006 -25"><span class='ocrx_word' id='word_1_111' title='bbox 498 1875 736 1931; x_wconf 89' lang='lat' dir='ltr'><strong>scribens</strong></span> <span class='ocrx_word' id='word_1_112' title='bbox 765 1878 921 1946; x_wconf 86' lang='lat' dir='ltr'><strong>epist.</strong></span> <span class='ocrx_word' id='word_1_113' title='bbox 954 1878 1045 1943; x_wconf 73' lang='lat'><strong>55,</strong></span> <span class='ocrx_word' id='word_1_114' title='bbox 1079 1879 1226 1946; x_wconf 90' lang='lat' dir='ltr'><strong>dicit,</strong></span> <span class='ocrx_word' id='word_1_115' title='bbox 1279 1896 1339 1936; x_wconf 89' lang='lat' dir='ltr'><strong>se</strong></span> <span class='ocrx_word' id='word_1_116' title='bbox 1393 1881 1466 1934; x_wconf 92' lang='lat' dir='ltr'><strong>illi</strong></span> <span class='ocrx_word' id='word_1_117' title='bbox 1514 1881 1710 1951; x_wconf 84' lang='lat' dir='ltr'><strong>saepius</strong></span> <span class='ocrx_word' id='word_1_118' title='bbox 1751 1883 2071 1951; x_wconf 89' lang='lat' dir='ltr'><strong>scripturum</strong></span> 
     </span>
    </p>
   </div>
   <div class='ocr_carea' id='block_1_18' title="bbox 500 1964 2078 2039">
    <p class='ocr_par' dir='ltr' id='par_1_18' title="bbox 500 1964 2078 2039">
     <span class='ocr_line' id='line_1_18' title="bbox 500 1964 2078 2039; baseline 0.006 -23"><span class='ocrx_word' id='word_1_119' title='bbox 500 1964 679 2031; x_wconf 87' lang='lat' dir='ltr'><strong>fuisse,</strong></span> <span class='ocrx_word' id='word_1_120' title='bbox 714 1968 812 2020; x_wconf 91' lang='lat' dir='ltr'><strong>nisi</strong></span> <span class='ocrx_word' id='word_1_121' title='bbox 843 1967 1011 2023; x_wconf 87' lang='lat' dir='ltr'><strong>hiems</strong></span> <span class='ocrx_word' id='word_1_122' title='bbox 1038 1977 1091 2023; x_wconf 90' lang='lat' dir='ltr'><strong>et</strong></span> <span class='ocrx_word' id='word_1_123' title='bbox 1114 1968 1421 2039; x_wconf 68' lang='lat' dir='ltr'><strong>praedonum</strong></span> <span class='ocrx_word' id='word_1_124' title='bbox 1463 1971 1694 2039; x_wconf 87' lang='lat' dir='ltr'><strong>impetus</strong></span> <span class='ocrx_word' id='word_1_125' title='bbox 1719 1970 1834 2026; x_wconf 89' lang='lat' dir='ltr'><strong>vias</strong></span> <span class='ocrx_word' id='word_1_126' title='bbox 1861 1971 2078 2026; x_wconf 90' lang='lat' dir='ltr'><strong>infestas</strong></span> 
     </span>
    </p>
   </div>
   <div class='ocr_carea' id='block_1_19' title="bbox 500 2056 2081 2131">
    <p class='ocr_par' dir='ltr' id='par_1_19' title="bbox 500 2056 2081 2131">
     <span class='ocr_line' id='line_1_19' title="bbox 500 2056 2081 2131; baseline 0.004 -23"><span class='ocrx_word' id='word_1_127' title='bbox 500 2056 764 2112; x_wconf 82' lang='lat' dir='ltr'><strong>redderet.</strong></span> <span class='ocrx_word' id='word_1_128' title='bbox 794 2058 984 2114; x_wconf 86' lang='lat' dir='ltr'><strong>Narrat</strong></span> <span class='ocrx_word' id='word_1_129' title='bbox 1017 2075 1147 2115; x_wconf 86' lang='lat' dir='ltr'><strong>vero</strong></span> <span class='ocrx_word' id='word_1_130' title='bbox 1172 2060 1423 2131; x_wconf 85' lang='lat' dir='ltr'><strong>Alphium</strong></span> <span class='ocrx_word' id='word_1_131' title='bbox 1451 2062 1679 2117; x_wconf 84' lang='lat' dir='ltr'><strong>amicitia</strong></span> <span class='ocrx_word' id='word_1_132' title='bbox 1709 2061 2081 2131; x_wconf 72' lang='lat' dir='ltr'><strong>coniunctissi-</strong></span> 
     </span>
    </p>
   </div>
   <div class='ocr_carea' id='block_1_20' title="bbox 502 2148 2079 2221">
    <p class='ocr_par' dir='ltr' id='par_1_20' title="bbox 502 2148 2079 2221">
     <span class='ocr_line' id='line_1_20' title="bbox 502 2148 2079 2221; baseline 0.005 -23"><span class='ocrx_word' id='word_1_133' title='bbox 502 2160 644 2200; x_wconf 90' lang='lat' dir='ltr'><strong>mum</strong></span> <span class='ocrx_word' id='word_1_134' title='bbox 675 2148 774 2201; x_wconf 84' lang='lat' dir='ltr'><strong>sibi</strong></span> <span class='ocrx_word' id='word_1_135' title='bbox 806 2148 943 2203; x_wconf 88' lang='lat' dir='ltr'><strong>doua</strong></span> <span class='ocrx_word' id='word_1_136' title='bbox 985 2150 1213 2216; x_wconf 90' lang='lat' dir='ltr'><strong>misisse,</strong></span> <span class='ocrx_word' id='word_1_137' title='bbox 1247 2151 1339 2207; x_wconf 89' lang='lat' dir='ltr'><strong>sed</strong></span> <span class='ocrx_word' id='word_1_138' title='bbox 1369 2151 1502 2206; x_wconf 86' lang='lat' dir='ltr'><strong>nihil</strong></span> <span class='ocrx_word' id='word_1_139' title='bbox 1542 2166 1600 2207; x_wconf 91' lang='lat' dir='ltr'><strong>se</strong></span> <span class='ocrx_word' id='word_1_140' title='bbox 1629 2152 1930 2221; x_wconf 88' lang='lat' dir='ltr'><strong>recepisse;</strong></span> <span class='ocrx_word' id='word_1_141' title='bbox 1959 2167 2079 2207; x_wconf 91' lang='lat' dir='ltr'><strong>eum</strong></span> 
     </span>
    </p>
   </div>
   <div class='ocr_carea' id='block_1_21' title="bbox 500 2237 2076 2314">
    <p class='ocr_par' dir='ltr' id='par_1_21' title="bbox 500 2237 2076 2314">
     <span class='ocr_line' id='line_1_21' title="bbox 500 2237 2076 2314; baseline 0.007 -25"><span class='ocrx_word' id='word_1_142' title='bbox 500 2237 640 2290; x_wconf 90' lang='lat' dir='ltr'><strong>enim</strong></span> <span class='ocrx_word' id='word_1_143' title='bbox 668 2239 753 2308; x_wconf 90' lang='lat' dir='ltr'><strong>qui</strong></span> <span class='ocrx_word' id='word_1_144' title='bbox 781 2240 1037 2296; x_wconf 83' lang='lat' dir='ltr'><strong>afferebat</strong></span> <span class='ocrx_word' id='word_1_145' title='bbox 1066 2250 1208 2297; x_wconf 90' lang='lat' dir='ltr'><strong>metu</strong></span> <span class='ocrx_word' id='word_1_146' title='bbox 1236 2242 1546 2313; x_wconf 62' lang='lat' dir='ltr'><strong>praedonum</strong></span> <span class='ocrx_word' id='word_1_147' title='bbox 1574 2244 1763 2314; x_wconf 90' lang='lat' dir='ltr'><strong>pedem</strong></span> <span class='ocrx_word' id='word_1_148' title='bbox 1793 2244 2037 2299; x_wconf 92' lang='lat' dir='ltr'><strong>retulisse</strong></span> <span class='ocrx_word' id='word_1_149' title='bbox 2063 2262 2076 2299; x_wconf 90' lang='lat'><strong>:</strong></span> 
     </span>
    </p>
   </div>
   <div class='ocr_carea' id='block_1_22' title="bbox 500 2331 2080 2399">
    <p class='ocr_par' dir='ltr' id='par_1_22' title="bbox 500 2331 2080 2399">
     <span class='ocr_line' id='line_1_22' title="bbox 500 2331 2080 2399; baseline 0.006 -19"><span class='ocrx_word' id='word_1_150' title='bbox 500 2336 786 2398; x_wconf 87' lang='lat' dir='ltr'><strong>monetque</strong></span> <span class='ocrx_word' id='word_1_151' title='bbox 814 2331 959 2385; x_wconf 93' lang='lat' dir='ltr'><strong>illum</strong></span> <span class='ocrx_word' id='word_1_152' title='bbox 1002 2341 1058 2385; x_wconf 92' lang='lat' dir='ltr'><strong>ut</strong></span> <span class='ocrx_word' id='word_1_153' title='bbox 1100 2347 1132 2387; x_wconf 90' lang='lat' dir='ltr'><strong>a</strong></span> <span class='ocrx_word' id='word_1_154' title='bbox 1183 2333 1453 2388; x_wconf 88' lang='lat' dir='ltr'><strong>mittendis</strong></span> <span class='ocrx_word' id='word_1_155' title='bbox 1484 2333 1638 2389; x_wconf 92' lang='lat' dir='ltr'><strong>donis</strong></span> <span class='ocrx_word' id='word_1_156' title='bbox 1684 2335 1988 2399; x_wconf 89' lang='lat' dir='ltr'><strong>abstineat;</strong></span> <span class='ocrx_word' id='word_1_157' title='bbox 2022 2349 2080 2389; x_wconf 92' lang='lat' dir='ltr'><strong>se</strong></span> 
     </span>
    </p>
   </div>
   <div class='ocr_carea' id='block_1_23' title="bbox 500 2418 2081 2494">
    <p class='ocr_par' dir='ltr' id='par_1_23' title="bbox 500 2418 2081 2494">
     <span class='ocr_line' id='line_1_23' title="bbox 500 2418 2081 2494; baseline 0.006 -23"><span class='ocrx_word' id='word_1_158' title='bbox 500 2418 643 2472; x_wconf 92' lang='lat' dir='ltr'><strong>enim</strong></span> <span class='ocrx_word' id='word_1_159' title='bbox 691 2419 980 2489; x_wconf 88' lang='lat' dir='ltr'><strong>ingentium</strong></span> <span class='ocrx_word' id='word_1_160' title='bbox 1019 2422 1281 2479; x_wconf 89' lang='lat' dir='ltr'><strong>donorum</strong></span> <span class='ocrx_word' id='word_1_161' title='bbox 1329 2425 1448 2480; x_wconf 91' lang='lat' dir='ltr'><strong>loco</strong></span> <span class='ocrx_word' id='word_1_162' title='bbox 1473 2425 1588 2494; x_wconf 87' lang='lat' dir='ltr'><strong>ejus</strong></span> <span class='ocrx_word' id='word_1_163' title='bbox 1626 2428 1889 2482; x_wconf 89' lang='lat' dir='ltr'><strong>sinceram</strong></span> <span class='ocrx_word' id='word_1_164' title='bbox 1917 2436 1971 2481; x_wconf 86' lang='lat' dir='ltr'><strong>et</strong></span> <span class='ocrx_word' id='word_1_165' title='bbox 1994 2442 2081 2481; x_wconf 88' lang='lat' dir='ltr'><strong>ar-</strong></span> 
     </span>
    </p>
   </div>
   <div class='ocr_carea' id='block_1_24' title="bbox 499 2506 2082 2587">
    <p class='ocr_par' dir='ltr' id='par_1_24' title="bbox 499 2506 2082 2587">
     <span class='ocr_line' id='line_1_24' title="bbox 499 2506 2082 2587; baseline 0.009 -29"><span class='ocrx_word' id='word_1_166' title='bbox 499 2506 711 2563; x_wconf 85' lang='lat' dir='ltr'><strong>dentem</strong></span> <span class='ocrx_word' id='word_1_167' title='bbox 744 2509 1163 2568; x_wconf 84' lang='lat' dir='ltr'><strong>benevolentiam</strong></span> <span class='ocrx_word' id='word_1_168' title='bbox 1193 2513 1409 2570; x_wconf 90' lang='lat' dir='ltr'><strong>habere.</strong></span> <span class='ocrx_word' id='word_1_169' title='bbox 1439 2516 1635 2571; x_wconf 85' lang='lat' dir='ltr'><strong>Eadem</strong></span> <span class='ocrx_word' id='word_1_170' title='bbox 1662 2515 1772 2571; x_wconf 88' lang='lat' dir='ltr'><strong>fere</strong></span> <span class='ocrx_word' id='word_1_171' title='bbox 1803 2517 1914 2587; x_wconf 91' lang='lat' dir='ltr'><strong>ipsa</strong></span> <span class='ocrx_word' id='word_1_172' title='bbox 1944 2517 2082 2572; x_wconf 82' lang='lat' dir='ltr'><strong>dixit</strong></span> 
     </span>
    </p>
   </div>
   <div class='ocr_carea' id='block_1_25' title="bbox 502 2598 2079 2679">
    <p class='ocr_par' dir='ltr' id='par_1_25' title="bbox 502 2598 2079 2679">
     <span class='ocr_line' id='line_1_25' title="bbox 502 2598 2079 2679; baseline 0.009 -29"><span class='ocrx_word' id='word_1_173' title='bbox 502 2598 556 2653; x_wconf 89' lang='lat' dir='ltr'><strong>in</strong></span> <span class='ocrx_word' id='word_1_174' title='bbox 585 2613 674 2669; x_wconf 90' lang='lat' dir='ltr'><strong>ep.</strong></span> <span class='ocrx_word' id='word_1_175' title='bbox 714 2600 783 2656; x_wconf 70' lang='lat'><strong>49</strong></span> <span class='ocrx_word' id='word_1_176' title='bbox 825 2602 891 2657; x_wconf 87' lang='lat' dir='ltr'><strong>ad</strong></span> <span class='ocrx_word' id='word_1_177' title='bbox 918 2604 1164 2661; x_wconf 89' lang='lat' dir='ltr'><strong>eumdem</strong></span> <span class='ocrx_word' id='word_1_178' title='bbox 1205 2607 1477 2677; x_wconf 88' lang='lat' dir='ltr'><strong>Alphium,</strong></span> <span class='ocrx_word' id='word_1_179' title='bbox 1525 2624 1683 2679; x_wconf 89' lang='lat' dir='ltr'><strong>quem</strong></span> <span class='ocrx_word' id='word_1_180' title='bbox 1711 2609 1908 2672; x_wconf 85' lang='lat' dir='ltr'><strong>laudat,</strong></span> <span class='ocrx_word' id='word_1_181' title='bbox 1939 2609 2079 2678; x_wconf 88' lang='lat' dir='ltr'><strong>quod</strong></span> 
     </span>
    </p>
   </div>
   <div class='ocr_carea' id='block_1_26' title="bbox 488 2694 2078 2767">
    <p class='ocr_par' dir='ltr' id='par_1_26' title="bbox 488 2694 2078 2767">
     <span class='ocr_line' id='line_1_26' title="bbox 488 2694 2078 2767; baseline 0.006 -23"><span class='ocrx_word' id='word_1_182' title='bbox 488 2705 613 2758; x_wconf 71' lang='lat' dir='ltr'><strong>eos,</strong></span> <span class='ocrx_word' id='word_1_183' title='bbox 643 2694 730 2762; x_wconf 90' lang='lat' dir='ltr'><strong>qui</strong></span> <span class='ocrx_word' id='word_1_184' title='bbox 761 2709 882 2749; x_wconf 93' lang='lat' dir='ltr'><strong>cum</strong></span> <span class='ocrx_word' id='word_1_185' title='bbox 929 2698 1125 2765; x_wconf 87' lang='lat' dir='ltr'><strong>pietate</strong></span> <span class='ocrx_word' id='word_1_186' title='bbox 1150 2699 1407 2762; x_wconf 86' lang='lat' dir='ltr'><strong>viverent.</strong></span> <span class='ocrx_word' id='word_1_187' title='bbox 1453 2715 1699 2755; x_wconf 90' lang='lat' dir='ltr'><strong>recreare</strong></span> <span class='ocrx_word' id='word_1_188' title='bbox 1743 2701 1999 2767; x_wconf 88' lang='lat' dir='ltr'><strong>studeret,</strong></span> <span class='ocrx_word' id='word_1_189' title='bbox 2029 2701 2078 2754; x_wconf 91' lang='lat' dir='ltr'><strong>id</strong></span> 
     </span>
    </p>
   </div>
   <div class='ocr_carea' id='block_1_27' title="bbox 499 2787 1803 2858">
    <p class='ocr_par' dir='ltr' id='par_1_27' title="bbox 499 2787 1803 2858">
     <span class='ocr_line' id='line_1_27' title="bbox 499 2787 1803 2858; baseline 0.004 -19"><span class='ocrx_word' id='word_1_190' title='bbox 499 2793 600 2847; x_wconf 87' lang='lat' dir='ltr'><strong>est,</strong></span> <span class='ocrx_word' id='word_1_191' title='bbox 631 2788 941 2841; x_wconf 86' lang='lat' dir='ltr'><strong>muneribus</strong></span> <span class='ocrx_word' id='word_1_192' title='bbox 970 2787 1080 2842; x_wconf 88' lang='lat' dir='ltr'><strong>suis</strong></span> <span class='ocrx_word' id='word_1_193' title='bbox 1103 2789 1333 2858; x_wconf 91' lang='lat' dir='ltr'><strong>quietem</strong></span> <span class='ocrx_word' id='word_1_194' title='bbox 1365 2790 1468 2844; x_wconf 89' lang='lat' dir='ltr'><strong>illis</strong></span> <span class='ocrx_word' id='word_1_195' title='bbox 1498 2791 1803 2846; x_wconf 88' lang='lat' dir='ltr'><strong>conciliare.</strong></span> 
     </span>
    </p>
   </div>
   <div class='ocr_carea' id='block_1_28' title="bbox 570 2875 2081 2951">
    <p class='ocr_par' dir='ltr' id='par_1_28' title="bbox 570 2875 2081 2951">
     <span class='ocr_line' id='line_1_28' title="bbox 570 2875 2081 2951; baseline 0.006 -24"><span class='ocrx_word' id='word_1_196' title='bbox 570 2875 810 2930; x_wconf 79' lang='lat' dir='ltr'><strong>Monachi</strong></span> <span class='ocrx_word' id='word_1_197' title='bbox 836 2876 942 2931; x_wconf 91' lang='lat' dir='ltr'><strong>duo</strong></span> <span class='ocrx_word' id='word_1_198' title='bbox 968 2878 1226 2933; x_wconf 81' lang='lat' dir='ltr'><strong>Romulus</strong></span> <span class='ocrx_word' id='word_1_199' title='bbox 1254 2890 1307 2933; x_wconf 91' lang='lat' dir='ltr'><strong>et</strong></span> <span class='ocrx_word' id='word_1_200' title='bbox 1329 2879 1502 2950; x_wconf 76' lang='lat' dir='ltr'><strong>llyzus</strong></span> <span class='ocrx_word' id='word_1_201' title='bbox 1534 2880 1583 2934; x_wconf 93' lang='lat' dir='ltr'><strong>in</strong></span> <span class='ocrx_word' id='word_1_202' title='bbox 1612 2880 1894 2934; x_wconf 90' lang='lat' dir='ltr'><strong>solitudine</strong></span> <span class='ocrx_word' id='word_1_203' title='bbox 1921 2880 2081 2951; x_wconf 86' lang='lat' dir='ltr'><strong>dege-</strong></span> 
     </span>
    </p>
   </div>
   <div class='ocr_carea' id='block_1_29' title="bbox 500 2965 2083 3042">
    <p class='ocr_par' dir='ltr' id='par_1_29' title="bbox 500 2965 2083 3042">
     <span class='ocr_line' id='line_1_29' title="bbox 500 2965 2083 3042; baseline 0.003 -23"><span class='ocrx_word' id='word_1_204' title='bbox 500 2965 648 3032; x_wconf 85' lang='lat' dir='ltr'><strong>bant,</strong></span> <span class='ocrx_word' id='word_1_205' title='bbox 673 2974 724 3020; x_wconf 90' lang='lat' dir='ltr'><strong>et</strong></span> <span class='ocrx_word' id='word_1_206' title='bbox 747 2966 957 3035; x_wconf 88' lang='lat' dir='ltr'><strong>pietatis</strong></span> <span class='ocrx_word' id='word_1_207' title='bbox 992 2967 1127 3022; x_wconf 89' lang='lat' dir='ltr'><strong>fama</strong></span> <span class='ocrx_word' id='word_1_208' title='bbox 1156 2969 1578 3024; x_wconf 87' lang='lat' dir='ltr'><strong>celebrabantur.</strong></span> <span class='ocrx_word' id='word_1_209' title='bbox 1621 2971 1711 3024; x_wconf 91' lang='lat' dir='ltr'><strong>llis</strong></span> <span class='ocrx_word' id='word_1_210' title='bbox 1742 2971 1887 3024; x_wconf 90' lang='lat' dir='ltr'><strong>misit</strong></span> <span class='ocrx_word' id='word_1_211' title='bbox 1909 2972 2083 3042; x_wconf 85' lang='lat' dir='ltr'><strong>Chry-</strong></span> 
     </span>
    </p>
   </div>
   <div class='ocr_carea' id='block_1_30' title="bbox 501 3056 2078 3131">
    <p class='ocr_par' dir='ltr' id='par_1_30' title="bbox 501 3056 2078 3131">
     <span class='ocr_line' id='line_1_30' title="bbox 501 3056 2078 3131; baseline 0.006 -25"><span class='ocrx_word' id='word_1_212' title='bbox 501 3061 768 3109; x_wconf 88' lang='lat' dir='ltr'><strong>sostomus</strong></span> <span class='ocrx_word' id='word_1_213' title='bbox 820 3056 1098 3127; x_wconf 90' lang='lat' dir='ltr'><strong>epistolam</strong></span> <span class='ocrx_word' id='word_1_214' title='bbox 1129 3058 1349 3129; x_wconf 80' lang='lat' dir='ltr'><strong>56,qua</strong></span> <span class='ocrx_word' id='word_1_215' title='bbox 1401 3074 1459 3114; x_wconf 90' lang='lat' dir='ltr'><strong>se</strong></span> <span class='ocrx_word' id='word_1_216' title='bbox 1489 3075 1827 3131; x_wconf 85' lang='lat' dir='ltr'><strong>summopere</strong></span> <span class='ocrx_word' id='word_1_217' title='bbox 1876 3061 2078 3131; x_wconf 80' lang='lat' dir='ltr'><strong>efﬂagi-</strong></span> 
     </span>
    </p>
   </div>
   <div class='ocr_carea' id='block_1_31' title="bbox 502 3143 2081 3220">
    <p class='ocr_par' dir='ltr' id='par_1_31' title="bbox 502 3143 2081 3220">
     <span class='ocr_line' id='line_1_31' title="bbox 502 3143 2081 3220; baseline 0.007 -25"><span class='ocrx_word' id='word_1_218' title='bbox 502 3151 617 3198; x_wconf 90' lang='lat' dir='ltr'><strong>tare</strong></span> <span class='ocrx_word' id='word_1_219' title='bbox 638 3143 784 3210; x_wconf 89' lang='lat' dir='ltr'><strong>dicit,</strong></span> <span class='ocrx_word' id='word_1_220' title='bbox 819 3154 874 3201; x_wconf 93' lang='lat' dir='ltr'><strong>ut</strong></span> <span class='ocrx_word' id='word_1_221' title='bbox 907 3148 1002 3216; x_wconf 89' lang='lat' dir='ltr'><strong>ipsi</strong></span> <span class='ocrx_word' id='word_1_222' title='bbox 1023 3147 1293 3204; x_wconf 86' lang='lat' dir='ltr'><strong>Cucusum</strong></span> <span class='ocrx_word' id='word_1_223' title='bbox 1320 3149 1555 3215; x_wconf 87' lang='lat' dir='ltr'><strong>veniant,</strong></span> <span class='ocrx_word' id='word_1_224' title='bbox 1587 3158 1641 3203; x_wconf 91' lang='lat' dir='ltr'><strong>ut</strong></span> <span class='ocrx_word' id='word_1_225' title='bbox 1667 3160 1773 3203; x_wconf 89' lang='lat' dir='ltr'><strong>tam</strong></span> <span class='ocrx_word' id='word_1_226' title='bbox 1804 3150 2081 3220; x_wconf 86' lang='lat' dir='ltr'><strong>religiosos</strong></span> 
     </span>
    </p>
   </div>
   <div class='ocr_carea' id='block_1_32' title="bbox 498 3237 2082 3311">
    <p class='ocr_par' dir='ltr' id='par_1_32' title="bbox 498 3237 2082 3311">
     <span class='ocr_line' id='line_1_32' title="bbox 498 3237 2082 3311; baseline 0.004 -22"><span class='ocrx_word' id='word_1_227' title='bbox 498 3237 643 3292; x_wconf 89' lang='lat' dir='ltr'><strong>viros</strong></span> <span class='ocrx_word' id='word_1_228' title='bbox 666 3238 795 3307; x_wconf 88' lang='lat' dir='ltr'><strong>ipsis</strong></span> <span class='ocrx_word' id='word_1_229' title='bbox 818 3239 988 3295; x_wconf 90' lang='lat' dir='ltr'><strong>oculis</strong></span> <span class='ocrx_word' id='word_1_230' title='bbox 1014 3241 1323 3310; x_wconf 88' lang='lat' dir='ltr'><strong>conspicere</strong></span> <span class='ocrx_word' id='word_1_231' title='bbox 1350 3244 1535 3311; x_wconf 91' lang='lat' dir='ltr'><strong>possit.</strong></span> <span class='ocrx_word' id='word_1_232' title='bbox 1567 3242 1701 3309; x_wconf 86' lang='lat' dir='ltr'><strong>Quia</strong></span> <span class='ocrx_word' id='word_1_233' title='bbox 1728 3257 1858 3297; x_wconf 89' lang='lat' dir='ltr'><strong>vero</strong></span> <span class='ocrx_word' id='word_1_234' title='bbox 1882 3251 1990 3297; x_wconf 92' lang='lat' dir='ltr'><strong>tum</strong></span> <span class='ocrx_word' id='word_1_235' title='bbox 2012 3241 2082 3297; x_wconf 90' lang='lat' dir='ltr'><strong>ob</strong></span> 
     </span>
    </p>
   </div>
   <div class='ocr_carea' id='block_1_33' title="bbox 498 3326 2082 3402">
    <p class='ocr_par' dir='ltr' id='par_1_33' title="bbox 498 3326 2082 3402">
     <span class='ocr_line' id='line_1_33' title="bbox 498 3326 2082 3402; baseline 0.004 -22"><span class='ocrx_word' id='word_1_236' title='bbox 498 3326 704 3382; x_wconf 87' lang='lat' dir='ltr'><strong>itineris</strong></span> <span class='ocrx_word' id='word_1_237' title='bbox 733 3329 1134 3399; x_wconf 83' lang='lat' dir='ltr'><strong>longitudinem,</strong></span> <span class='ocrx_word' id='word_1_238' title='bbox 1170 3340 1279 3385; x_wconf 92' lang='lat' dir='ltr'><strong>tum</strong></span> <span class='ocrx_word' id='word_1_239' title='bbox 1309 3333 1377 3387; x_wconf 91' lang='lat' dir='ltr'><strong>ob</strong></span> <span class='ocrx_word' id='word_1_240' title='bbox 1403 3332 1594 3387; x_wconf 84' lang='lat' dir='ltr'><strong>hiemis</strong></span> <span class='ocrx_word' id='word_1_241' title='bbox 1627 3342 1853 3402; x_wconf 90' lang='lat' dir='ltr'><strong>tempus,</strong></span> <span class='ocrx_word' id='word_1_242' title='bbox 1881 3342 1991 3387; x_wconf 91' lang='lat' dir='ltr'><strong>tum</strong></span> <span class='ocrx_word' id='word_1_243' title='bbox 2013 3332 2082 3387; x_wconf 91' lang='lat' dir='ltr'><strong>ob</strong></span> 
     </span>
    </p>
   </div>
   <div class='ocr_carea' id='block_1_34' title="bbox 498 3418 2080 3488">
    <p class='ocr_par' dir='ltr' id='par_1_34' title="bbox 498 3418 2080 3488">
     <span class='ocr_line' id='line_1_34' title="bbox 498 3418 2080 3488; baseline 0.004 -17"><span class='ocrx_word' id='word_1_244' title='bbox 498 3418 801 3473; x_wconf 82' lang='lat' dir='ltr'><strong>lsaurorum</strong></span> <span class='ocrx_word' id='word_1_245' title='bbox 846 3430 1045 3475; x_wconf 89' lang='lat' dir='ltr'><strong>metum</strong></span> <span class='ocrx_word' id='word_1_246' title='bbox 1091 3422 1142 3475; x_wconf 91' lang='lat' dir='ltr'><strong>id</strong></span> <span class='ocrx_word' id='word_1_247' title='bbox 1187 3424 1405 3477; x_wconf 91' lang='lat' dir='ltr'><strong>minime</strong></span> <span class='ocrx_word' id='word_1_248' title='bbox 1446 3424 1665 3488; x_wconf 82' lang='lat' dir='ltr'><strong>licebat,</strong></span> <span class='ocrx_word' id='word_1_249' title='bbox 1714 3425 1889 3478; x_wconf 88' lang='lat' dir='ltr'><strong>literis</strong></span> <span class='ocrx_word' id='word_1_250' title='bbox 1932 3438 2080 3478; x_wconf 90' lang='lat' dir='ltr'><strong>suam</strong></span> 
     </span>
    </p>
   </div>
   <div class='ocr_carea' id='block_1_35' title="bbox 484 3510 2079 3580">
    <p class='ocr_par' dir='ltr' id='par_1_35' title="bbox 484 3510 2079 3580">
     <span class='ocr_line' id='line_1_35' title="bbox 484 3510 2079 3580; baseline 0.006 -19"><span class='ocrx_word' id='word_1_251' title='bbox 484 3523 625 3579; x_wconf 73' lang='lat' dir='ltr'><strong>erga</strong></span> <span class='ocrx_word' id='word_1_252' title='bbox 673 3524 767 3564; x_wconf 91' lang='lat' dir='ltr'><strong>eos</strong></span> <span class='ocrx_word' id='word_1_253' title='bbox 796 3510 1220 3566; x_wconf 81' lang='lat' dir='ltr'><strong>benevolentiam</strong></span> <span class='ocrx_word' id='word_1_254' title='bbox 1267 3513 1435 3567; x_wconf 86' lang='lat' dir='ltr'><strong>voluit</strong></span> <span class='ocrx_word' id='word_1_255' title='bbox 1460 3515 1754 3580; x_wconf 79' lang='lat' dir='ltr'><strong>testiﬁcari,</strong></span> <span class='ocrx_word' id='word_1_256' title='bbox 1808 3516 2079 3571; x_wconf 89' lang='lat' dir='ltr'><strong>hortatur-</strong></span> 
     </span>
    </p>
   </div>
   <div class='ocr_carea' id='block_1_36' title="bbox 487 3601 2127 3668">
    <p class='ocr_par' dir='ltr' id='par_1_36' title="bbox 487 3601 2127 3668">
     <span class='ocr_line' id='line_1_36' title="bbox 487 3601 2127 3668; baseline 0.005 -16"><span class='ocrx_word' id='word_1_257' title='bbox 487 3616 605 3668; x_wconf 71' lang='lat' dir='ltr'><strong>.que</strong></span> <span class='ocrx_word' id='word_1_258' title='bbox 632 3601 753 3655; x_wconf 88' lang='lat' dir='ltr'><strong>illos</strong></span> <span class='ocrx_word' id='word_1_259' title='bbox 782 3611 836 3656; x_wconf 91' lang='lat' dir='ltr'><strong>ut</strong></span> <span class='ocrx_word' id='word_1_260' title='bbox 856 3602 957 3657; x_wconf 89' lang='lat' dir='ltr'><strong>sibi</strong></span> <span class='ocrx_word' id='word_1_261' title='bbox 984 3603 1279 3657; x_wconf 68' lang='lat' dir='ltr'><strong>rescribam</strong></span> <span class='ocrx_word' id='word_1_262' title='bbox 1301 3612 1354 3658; x_wconf 92' lang='lat' dir='ltr'><strong>et</strong></span> <span class='ocrx_word' id='word_1_263' title='bbox 1380 3604 1447 3659; x_wconf 89' lang='lat' dir='ltr'><strong>de</strong></span> <span class='ocrx_word' id='word_1_264' title='bbox 1471 3606 1645 3660; x_wconf 86' lang='lat' dir='ltr'><strong>salute</strong></span> <span class='ocrx_word' id='word_1_265' title='bbox 1675 3621 1767 3659; x_wconf 90' lang='lat' dir='ltr'><strong>sua</strong></span> <span class='ocrx_word' id='word_1_266' title='bbox 1797 3607 2079 3661; x_wconf 87' lang='lat' dir='ltr'><strong>certiorem</strong></span> <span class='ocrx_word' id='word_1_267' title='bbox 2124 3608 2127 3613; x_wconf 88' lang='grc'><em>’</em></span> 
     </span>
    </p>
   </div>
   <div class='ocr_carea' id='block_1_37' title="bbox 501 3691 2084 3766">
    <p class='ocr_par' dir='ltr' id='par_1_37' title="bbox 501 3691 2084 3766">
     <span class='ocr_line' id='line_1_37' title="bbox 501 3691 2084 3766; baseline 0.003 -20"><span class='ocrx_word' id='word_1_268' title='bbox 501 3708 562 3746; x_wconf 91' lang='lat' dir='ltr'><strong>se</strong></span> <span class='ocrx_word' id='word_1_269' title='bbox 582 3691 804 3747; x_wconf 88' lang='lat' dir='ltr'><strong>faciant.</strong></span> <span class='ocrx_word' id='word_1_270' title='bbox 834 3692 1062 3764; x_wconf 84' lang='lat' dir='ltr'><strong>Hypatio</strong></span> <span class='ocrx_word' id='word_1_271' title='bbox 1085 3694 1245 3747; x_wconf 87' lang='lat' dir='ltr'><strong>etiam</strong></span> <span class='ocrx_word' id='word_1_272' title='bbox 1276 3696 1589 3766; x_wconf 82' lang='lat' dir='ltr'><strong>presbytero</strong></span> <span class='ocrx_word' id='word_1_273' title='bbox 1611 3696 1924 3751; x_wconf 71' lang='lat' dir='ltr'><strong>veneranda:</strong></span> <span class='ocrx_word' id='word_1_274' title='bbox 1956 3706 2084 3751; x_wconf 87' lang='lat' dir='ltr'><strong>aeta-</strong></span> 
     </span>
    </p>
   </div>
   <div class='ocr_carea' id='block_1_38' title="bbox 503 3782 2081 3854">
    <p class='ocr_par' dir='ltr' id='par_1_38' title="bbox 503 3782 2081 3854">
     <span class='ocr_line' id='line_1_38' title="bbox 503 3782 2081 3854; baseline 0.005 -20"><span class='ocrx_word' id='word_1_275' title='bbox 503 3782 571 3837; x_wconf 92' lang='lat' dir='ltr'><strong>tis</strong></span> <span class='ocrx_word' id='word_1_276' title='bbox 597 3783 713 3837; x_wconf 87' lang='lat' dir='ltr'><strong>viro</strong></span> <span class='ocrx_word' id='word_1_277' title='bbox 737 3784 947 3854; x_wconf 85' lang='lat' dir='ltr'><strong>scripsit</strong></span> <span class='ocrx_word' id='word_1_278' title='bbox 976 3784 1136 3853; x_wconf 87' lang='lat' dir='ltr'><strong>epist.</strong></span> <span class='ocrx_word' id='word_1_279' title='bbox 1170 3784 1258 3849; x_wconf 89' lang='lat'><strong>97,</strong></span> <span class='ocrx_word' id='word_1_280' title='bbox 1278 3800 1381 3854; x_wconf 90' lang='lat' dir='ltr'><strong>qua</strong></span> <span class='ocrx_word' id='word_1_281' title='bbox 1414 3785 1561 3839; x_wconf 92' lang='lat' dir='ltr'><strong>illum</strong></span> <span class='ocrx_word' id='word_1_282' title='bbox 1592 3787 1641 3839; x_wconf 91' lang='lat' dir='ltr'><strong>iu</strong></span> <span class='ocrx_word' id='word_1_283' title='bbox 1672 3787 1925 3841; x_wconf 61' lang='lat' dir='ltr'><strong>aerumnis</strong></span> <span class='ocrx_word' id='word_1_284' title='bbox 1949 3803 2081 3841; x_wconf 87' lang='lat' dir='ltr'><strong>con-</strong></span> 
     </span>
    </p>
   </div>
   <div class='ocr_carea' id='block_1_39' title="bbox 502 3873 2084 3948">
    <p class='ocr_par' dir='ltr' id='par_1_39' title="bbox 502 3873 2084 3948">
     <span class='ocr_line' id='line_1_39' title="bbox 502 3873 2084 3948; baseline 0.004 -21"><span class='ocrx_word' id='word_1_285' title='bbox 502 3873 722 3928; x_wconf 79' lang='lat' dir='ltr'><strong>solatur.</strong></span> <span class='ocrx_word' id='word_1_286' title='bbox 770 3873 876 3930; x_wconf 90' lang='lat' dir='ltr'><strong>Sed</strong></span> <span class='ocrx_word' id='word_1_287' title='bbox 922 3875 1215 3945; x_wconf 85' lang='lat' dir='ltr'><strong>longiorem</strong></span> <span class='ocrx_word' id='word_1_288' title='bbox 1257 3876 1428 3931; x_wconf 91' lang='lat' dir='ltr'><strong>eidem</strong></span> <span class='ocrx_word' id='word_1_289' title='bbox 1480 3878 1624 3932; x_wconf 92' lang='lat' dir='ltr'><strong>misit</strong></span> <span class='ocrx_word' id='word_1_290' title='bbox 1658 3878 1813 3948; x_wconf 91' lang='lat' dir='ltr'><strong>epist.</strong></span> <span class='ocrx_word' id='word_1_291' title='bbox 1861 3879 1980 3945; x_wconf 75' lang='lat'><strong>180,</strong></span> <span class='ocrx_word' id='word_1_292' title='bbox 2030 3885 2084 3934; x_wconf 90' lang='lat' dir='ltr'><strong>et</strong></span> 
     </span>
    </p>
   </div>
   <div class='ocr_carea' id='block_1_40' title="bbox 503 3967 2083 4041">
    <p class='ocr_par' dir='ltr' id='par_1_40' title="bbox 503 3967 2083 4041">
     <span class='ocr_line' id='line_1_40' title="bbox 503 3967 2083 4041; baseline 0.004 -21"><span class='ocrx_word' id='word_1_293' title='bbox 503 3968 660 4036; x_wconf 87' lang='lat' dir='ltr'><strong>quem</strong></span> <span class='ocrx_word' id='word_1_294' title='bbox 684 3967 794 4036; x_wconf 88' lang='lat' dir='ltr'><strong>jam</strong></span> <span class='ocrx_word' id='word_1_295' title='bbox 816 3968 867 4022; x_wconf 91' lang='lat' dir='ltr'><strong>in</strong></span> <span class='ocrx_word' id='word_1_296' title='bbox 893 3968 1013 4024; x_wconf 85' lang='lat' dir='ltr'><strong>aliis</strong></span> <span class='ocrx_word' id='word_1_297' title='bbox 1042 3967 1211 4023; x_wconf 89' lang='lat' dir='ltr'><strong>literis</strong></span> <span class='ocrx_word' id='word_1_298' title='bbox 1233 3968 1557 4033; x_wconf 77' lang='lat' dir='ltr'><strong>laudaverat,</strong></span> <span class='ocrx_word' id='word_1_299' title='bbox 1588 3971 1671 4025; x_wconf 89' lang='lat' dir='ltr'><strong>hic</strong></span> <span class='ocrx_word' id='word_1_300' title='bbox 1697 3987 1909 4041; x_wconf 91' lang='lat' dir='ltr'><strong>quoque</strong></span> <span class='ocrx_word' id='word_1_301' title='bbox 1940 3973 2083 4027; x_wconf 91' lang='lat' dir='ltr'><strong>cele-</strong></span> 
     </span>
    </p>
   </div>
   <div class='ocr_carea' id='block_1_41' title="bbox 505 4056 2083 4133">
    <p class='ocr_par' dir='ltr' id='par_1_41' title="bbox 505 4056 2083 4133">
     <span class='ocr_line' id='line_1_41' title="bbox 505 4056 2083 4133; baseline 0.005 -23"><span class='ocrx_word' id='word_1_302' title='bbox 505 4056 642 4125; x_wconf 92' lang='lat' dir='ltr'><strong>brat,</strong></span> <span class='ocrx_word' id='word_1_303' title='bbox 661 4059 798 4128; x_wconf 90' lang='lat' dir='ltr'><strong>quod</strong></span> <span class='ocrx_word' id='word_1_304' title='bbox 828 4059 878 4113; x_wconf 94' lang='lat' dir='ltr'><strong>in</strong></span> <span class='ocrx_word' id='word_1_305' title='bbox 905 4067 1047 4113; x_wconf 89' lang='lat' dir='ltr'><strong>tanta</strong></span> <span class='ocrx_word' id='word_1_306' title='bbox 1065 4069 1338 4116; x_wconf 87' lang='lat' dir='ltr'><strong>senectute</strong></span> <span class='ocrx_word' id='word_1_307' title='bbox 1359 4061 1610 4131; x_wconf 88' lang='lat' dir='ltr'><strong>populum</strong></span> <span class='ocrx_word' id='word_1_308' title='bbox 1633 4063 1906 4133; x_wconf 85' lang='lat' dir='ltr'><strong>religionis</strong></span> <span class='ocrx_word' id='word_1_309' title='bbox 1922 4078 2083 4118; x_wconf 88' lang='lat' dir='ltr'><strong>causa</strong></span> 
     </span>
    </p>
   </div>
   <div class='ocr_carea' id='block_1_42' title="bbox 503 4149 2083 4223">
    <p class='ocr_par' dir='ltr' id='par_1_42' title="bbox 503 4149 2083 4223">
     <span class='ocr_line' id='line_1_42' title="bbox 503 4149 2083 4223; baseline 0.006 -23"><span class='ocrx_word' id='word_1_310' title='bbox 503 4157 748 4204; x_wconf 83' lang='lat' dir='ltr'><strong>vexatum</strong></span> <span class='ocrx_word' id='word_1_311' title='bbox 796 4149 999 4205; x_wconf 85' lang='lat' dir='ltr'><strong>foveret</strong></span> <span class='ocrx_word' id='word_1_312' title='bbox 1023 4158 1077 4205; x_wconf 92' lang='lat' dir='ltr'><strong>et</strong></span> <span class='ocrx_word' id='word_1_313' title='bbox 1103 4150 1483 4206; x_wconf 85' lang='lat' dir='ltr'><strong>conﬁrmaret:</strong></span> <span class='ocrx_word' id='word_1_314' title='bbox 1515 4167 1679 4223; x_wconf 90' lang='lat' dir='ltr'><strong>seque</strong></span> <span class='ocrx_word' id='word_1_315' title='bbox 1719 4153 1847 4209; x_wconf 93' lang='lat' dir='ltr'><strong>dicit</strong></span> <span class='ocrx_word' id='word_1_316' title='bbox 1887 4154 2083 4223; x_wconf 89' lang='lat' dir='ltr'><strong>saepius</strong></span> 
     </span>
    </p>
   </div>
   <div class='ocr_carea' id='block_1_43' title="bbox 501 4240 2081 4314">
    <p class='ocr_par' dir='ltr' id='par_1_43' title="bbox 501 4240 2081 4314">
     <span class='ocr_line' id='line_1_43' title="bbox 501 4240 2081 4314; baseline 0.003 -21"><span class='ocrx_word' id='word_1_317' title='bbox 501 4240 604 4310; x_wconf 90' lang='lat' dir='ltr'><strong>ipsi</strong></span> <span class='ocrx_word' id='word_1_318' title='bbox 646 4241 964 4311; x_wconf 90' lang='lat' dir='ltr'><strong>scripturum</strong></span> <span class='ocrx_word' id='word_1_319' title='bbox 1013 4241 1196 4308; x_wconf 82' lang='lat' dir='ltr'><strong>fuisse,</strong></span> <span class='ocrx_word' id='word_1_320' title='bbox 1241 4243 1340 4297; x_wconf 90' lang='lat' dir='ltr'><strong>nisi</strong></span> <span class='ocrx_word' id='word_1_321' title='bbox 1374 4254 1481 4297; x_wconf 91' lang='lat' dir='ltr'><strong>tum</strong></span> <span class='ocrx_word' id='word_1_322' title='bbox 1531 4244 1810 4299; x_wconf 88' lang='lat' dir='ltr'><strong>hibernum</strong></span> <span class='ocrx_word' id='word_1_323' title='bbox 1852 4253 2081 4314; x_wconf 89' lang='lat' dir='ltr'><strong>tempus,</strong></span> 
     </span>
    </p>
   </div>
   <div class='ocr_carea' id='block_1_44' title="bbox 500 4335 2081 4402">
    <p class='ocr_par' dir='ltr' id='par_1_44' title="bbox 500 4335 2081 4402">
     <span class='ocr_line' id='line_1_44' title="bbox 500 4335 2081 4402; baseline 0.002 -15"><span class='ocrx_word' id='word_1_324' title='bbox 500 4342 613 4388; x_wconf 89' lang='lat' dir='ltr'><strong>tum</strong></span> <span class='ocrx_word' id='word_1_325' title='bbox 660 4335 969 4402; x_wconf 69' lang='lat' dir='ltr'><strong>prardonum</strong></span> <span class='ocrx_word' id='word_1_326' title='bbox 1002 4345 1175 4392; x_wconf 89' lang='lat' dir='ltr'><strong>metus</strong></span> <span class='ocrx_word' id='word_1_327' title='bbox 1203 4337 1490 4391; x_wconf 86' lang='lat' dir='ltr'><strong>obessent:</strong></span> <span class='ocrx_word' id='word_1_328' title='bbox 1537 4338 1880 4394; x_wconf 90' lang='lat' dir='ltr'><strong>diaconorum</strong></span> <span class='ocrx_word' id='word_1_329' title='bbox 1923 4339 2081 4393; x_wconf 89' lang='lat' dir='ltr'><strong>etiam</strong></span> 
     </span>
    </p>
   </div>
   <div class='ocr_carea' id='block_1_45' title="bbox 503 4424 2085 4503">
    <p class='ocr_par' dir='ltr' id='par_1_45' title="bbox 503 4424 2085 4503">
     <span class='ocr_line' id='line_1_45' title="bbox 503 4424 2085 4503; baseline 0.004 -25"><span class='ocrx_word' id='word_1_330' title='bbox 503 4424 719 4479; x_wconf 83' lang='lat' dir='ltr'><strong>Eusebii</strong></span> <span class='ocrx_word' id='word_1_331' title='bbox 749 4436 802 4481; x_wconf 92' lang='lat' dir='ltr'><strong>et</strong></span> <span class='ocrx_word' id='word_1_332' title='bbox 830 4427 1178 4496; x_wconf 87' lang='lat' dir='ltr'><strong>Lamprotati,</strong></span> <span class='ocrx_word' id='word_1_333' title='bbox 1206 4428 1295 4496; x_wconf 91' lang='lat' dir='ltr'><strong>qui</strong></span> <span class='ocrx_word' id='word_1_334' title='bbox 1324 4443 1682 4483; x_wconf 79' lang='lat' dir='ltr'><strong>aerumnarum</strong></span> <span class='ocrx_word' id='word_1_335' title='bbox 1718 4431 1925 4503; x_wconf 88' lang='lat' dir='ltr'><strong>llypatii</strong></span> <span class='ocrx_word' id='word_1_336' title='bbox 1955 4445 2085 4485; x_wconf 88' lang='lat' dir='ltr'><strong>con-</strong></span> 
     </span>
    </p>
   </div>
   <div class='ocr_carea' id='block_1_46' title="bbox 504 4518 2084 4592">
    <p class='ocr_par' dir='ltr' id='par_1_46' title="bbox 504 4518 2084 4592">
     <span class='ocr_line' id='line_1_46' title="bbox 504 4518 2084 4592; baseline 0.006 -23"><span class='ocrx_word' id='word_1_337' title='bbox 504 4523 678 4569; x_wconf 83' lang='lat' dir='ltr'><strong>sortes</strong></span> <span class='ocrx_word' id='word_1_338' title='bbox 730 4525 903 4583; x_wconf 91' lang='lat' dir='ltr'><strong>erant,</strong></span> <span class='ocrx_word' id='word_1_339' title='bbox 932 4518 1256 4572; x_wconf 91' lang='lat' dir='ltr'><strong>mentionem</strong></span> <span class='ocrx_word' id='word_1_340' title='bbox 1304 4518 1445 4572; x_wconf 88' lang='lat' dir='ltr'><strong>facit.</strong></span> <span class='ocrx_word' id='word_1_341' title='bbox 1479 4519 1675 4574; x_wconf 85' lang='lat' dir='ltr'><strong>Danieli</strong></span> <span class='ocrx_word' id='word_1_342' title='bbox 1720 4536 1928 4591; x_wconf 90' lang='lat' dir='ltr'><strong>quoque</strong></span> <span class='ocrx_word' id='word_1_343' title='bbox 1957 4537 2084 4592; x_wconf 88' lang='lat' dir='ltr'><strong>pre-</strong></span> 
     </span>
    </p>
   </div>
   <div class='ocr_carea' id='block_1_47' title="bbox 505 4606 2083 4677">
    <p class='ocr_par' dir='ltr' id='par_1_47' title="bbox 505 4606 2083 4677">
     <span class='ocr_line' id='line_1_47' title="bbox 505 4606 2083 4677; baseline 0.004 -17"><span class='ocrx_word' id='word_1_344' title='bbox 505 4606 724 4676; x_wconf 87' lang='lat' dir='ltr'><strong>sbytero</strong></span> <span class='ocrx_word' id='word_1_345' title='bbox 739 4606 951 4675; x_wconf 88' lang='lat' dir='ltr'><strong>scripsit</strong></span> <span class='ocrx_word' id='word_1_346' title='bbox 975 4607 1131 4675; x_wconf 91' lang='lat' dir='ltr'><strong>epist.</strong></span> <span class='ocrx_word' id='word_1_347' title='bbox 1166 4606 1302 4674; x_wconf 76' lang='lat'><strong>199;</strong></span> <span class='ocrx_word' id='word_1_348' title='bbox 1325 4622 1481 4677; x_wconf 90' lang='lat' dir='ltr'><strong>quem</strong></span> <span class='ocrx_word' id='word_1_349' title='bbox 1515 4609 1693 4664; x_wconf 89' lang='lat' dir='ltr'><strong>laudat</strong></span> <span class='ocrx_word' id='word_1_350' title='bbox 1716 4619 1769 4665; x_wconf 91' lang='lat' dir='ltr'><strong>et</strong></span> <span class='ocrx_word' id='word_1_351' title='bbox 1798 4612 2083 4667; x_wconf 90' lang='lat' dir='ltr'><strong>admodum</strong></span> 
     </span>
    </p>
   </div>
   <div class='ocr_carea' id='block_1_48' title="bbox 506 4697 2081 4771">
    <p class='ocr_par' dir='ltr' id='par_1_48' title="bbox 506 4697 2081 4771">
     <span class='ocr_line' id='line_1_48' title="bbox 506 4697 2081 4771; baseline 0.003 -19"><span class='ocrx_word' id='word_1_352' title='bbox 506 4697 738 4752; x_wconf 85' lang='lat' dir='ltr'><strong>celebrat</strong></span> <span class='ocrx_word' id='word_1_353' title='bbox 780 4713 808 4752; x_wconf 94' lang='lat' dir='ltr'><strong>a</strong></span> <span class='ocrx_word' id='word_1_354' title='bbox 837 4697 1109 4768; x_wconf 88' lang='lat' dir='ltr'><strong>patientia,</strong></span> <span class='ocrx_word' id='word_1_355' title='bbox 1162 4699 1489 4767; x_wconf 81' lang='lat' dir='ltr'><strong>fortitudine,</strong></span> <span class='ocrx_word' id='word_1_356' title='bbox 1538 4700 1786 4771; x_wconf 91' lang='lat' dir='ltr'><strong>loquendi</strong></span> <span class='ocrx_word' id='word_1_357' title='bbox 1816 4703 2081 4767; x_wconf 89' lang='lat' dir='ltr'><strong>libertate,</strong></span> 
     </span>
    </p>
   </div>
   <div class='ocr_carea' id='block_1_49' title="bbox 506 4789 2087 4860">
    <p class='ocr_par' dir='ltr' id='par_1_49' title="bbox 506 4789 2087 4860">
     <span class='ocr_line' id='line_1_49' title="bbox 506 4789 2087 4860; baseline 0.006 -20"><span class='ocrx_word' id='word_1_358' title='bbox 506 4803 661 4857; x_wconf 87' lang='lat' dir='ltr'><strong>quam</strong></span> <span class='ocrx_word' id='word_1_359' title='bbox 687 4803 808 4842; x_wconf 93' lang='lat' dir='ltr'><strong>eum</strong></span> <span class='ocrx_word' id='word_1_360' title='bbox 852 4789 1009 4844; x_wconf 90' lang='lat' dir='ltr'><strong>sociis</strong></span> <span class='ocrx_word' id='word_1_361' title='bbox 1053 4790 1164 4845; x_wconf 93' lang='lat' dir='ltr'><strong>suis</strong></span> <span class='ocrx_word' id='word_1_362' title='bbox 1206 4790 1461 4853; x_wconf 73' lang='lat' dir='ltr'><strong>exhibere</strong></span> <span class='ocrx_word' id='word_1_363' title='bbox 1513 4807 1617 4846; x_wconf 93' lang='lat' dir='ltr'><strong>non</strong></span> <span class='ocrx_word' id='word_1_364' title='bbox 1647 4793 1940 4860; x_wconf 88' lang='lat' dir='ltr'><strong>desinebat,</strong></span> <span class='ocrx_word' id='word_1_365' title='bbox 1961 4795 2087 4849; x_wconf 86' lang='lat' dir='ltr'><strong>sibi-</strong></span> 
     </span>
    </p>
   </div>
   <div class='ocr_carea' id='block_1_50' title="bbox 505 4879 2087 4952">
    <p class='ocr_par' dir='ltr' id='par_1_50' title="bbox 505 4879 2087 4952">
     <span class='ocr_line' id='line_1_50' title="bbox 505 4879 2087 4952; baseline 0.007 -24"><span class='ocrx_word' id='word_1_366' title='bbox 505 4893 609 4947; x_wconf 90' lang='lat' dir='ltr'><strong>que</strong></span> <span class='ocrx_word' id='word_1_367' title='bbox 632 4879 706 4934; x_wconf 87' lang='lat' dir='ltr'><strong>ait</strong></span> <span class='ocrx_word' id='word_1_368' title='bbox 735 4879 787 4933; x_wconf 93' lang='lat' dir='ltr'><strong>in</strong></span> <span class='ocrx_word' id='word_1_369' title='bbox 816 4879 992 4935; x_wconf 89' lang='lat' dir='ltr'><strong>hieme</strong></span> <span class='ocrx_word' id='word_1_370' title='bbox 1031 4881 1264 4938; x_wconf 85' lang='lat' dir='ltr'><strong>versanti</strong></span> <span class='ocrx_word' id='word_1_371' title='bbox 1291 4896 1357 4943; x_wconf 89' lang='lat' dir='ltr'><strong>ac</strong></span> <span class='ocrx_word' id='word_1_372' title='bbox 1381 4881 1720 4952; x_wconf 87' lang='lat' dir='ltr'><strong>praedonibus</strong></span> <span class='ocrx_word' id='word_1_373' title='bbox 1744 4892 1938 4939; x_wconf 82' lang='lat' dir='ltr'><strong>vexato</strong></span> <span class='ocrx_word' id='word_1_374' title='bbox 1955 4886 2087 4940; x_wconf 83' lang='lat' dir='ltr'><strong>scri-</strong></span> 
     </span>
    </p>
   </div>
   <div class='ocr_carea' id='block_1_51' title="bbox 508 4970 1019 5026">
    <p class='ocr_par' dir='ltr' id='par_1_51' title="bbox 508 4970 1019 5026">
     <span class='ocr_line' id='line_1_51' title="bbox 508 4970 1019 5026; baseline 0 0"><span class='ocrx_word' id='word_1_375' title='bbox 508 4970 633 5026; x_wconf 89' lang='lat' dir='ltr'><strong>bere</strong></span> <span class='ocrx_word' id='word_1_376' title='bbox 659 4987 764 5026; x_wconf 93' lang='lat' dir='ltr'><strong>non</strong></span> <span class='ocrx_word' id='word_1_377' title='bbox 789 4971 1019 5026; x_wconf 88' lang='lat' dir='ltr'><strong>desinat.</strong></span> 
     </span>
    </p>
   </div>
   <div class='ocr_carea' id='block_1_52' title="bbox 577 5062 2087 5139">
    <p class='ocr_par' dir='ltr' id='par_1_52' title="bbox 577 5062 2087 5139">
     <span class='ocr_line' id='line_1_52' title="bbox 577 5062 2087 5139; baseline 0.003 -20"><span class='ocrx_word' id='word_1_378' title='bbox 577 5062 689 5119; x_wconf 80' lang='lat' dir='ltr'><strong>Hac</strong></span> <span class='ocrx_word' id='word_1_379' title='bbox 735 5064 870 5134; x_wconf 83' lang='lat' dir='ltr'><strong>ipsa,</strong></span> <span class='ocrx_word' id='word_1_380' title='bbox 917 5071 979 5119; x_wconf 93' lang='lat' dir='ltr'><strong>ut</strong></span> <span class='ocrx_word' id='word_1_381' title='bbox 1030 5074 1278 5135; x_wconf 82' lang='lat' dir='ltr'><strong>putatur,</strong></span> <span class='ocrx_word' id='word_1_382' title='bbox 1332 5066 1508 5122; x_wconf 90' lang='lat' dir='ltr'><strong>hieme</strong></span> <span class='ocrx_word' id='word_1_383' title='bbox 1556 5069 1832 5138; x_wconf 90' lang='lat' dir='ltr'><strong>epistolam</strong></span> <span class='ocrx_word' id='word_1_384' title='bbox 1882 5070 2087 5139; x_wconf 90' lang='lat' dir='ltr'><strong>accepit</strong></span> 
     </span>
    </p>
   </div>
   <div class='ocr_carea' id='block_1_53' title="bbox 507 5154 2087 5230">
    <p class='ocr_par' dir='ltr' id='par_1_53' title="bbox 507 5154 2087 5230">
     <span class='ocr_line' id='line_1_53' title="bbox 507 5154 2087 5230; baseline 0.004 -20"><span class='ocrx_word' id='word_1_385' title='bbox 507 5154 770 5212; x_wconf 87' lang='lat' dir='ltr'><strong>Theodoti</strong></span> <span class='ocrx_word' id='word_1_386' title='bbox 821 5156 1052 5225; x_wconf 86' lang='lat' dir='ltr'><strong>diaconi,</strong></span> <span class='ocrx_word' id='word_1_387' title='bbox 1093 5158 1183 5228; x_wconf 91' lang='lat' dir='ltr'><strong>qui</strong></span> <span class='ocrx_word' id='word_1_388' title='bbox 1206 5172 1549 5230; x_wconf 80' lang='lat' dir='ltr'><strong>summopere</strong></span> <span class='ocrx_word' id='word_1_389' title='bbox 1579 5158 1725 5217; x_wconf 92' lang='lat' dir='ltr'><strong>illum</strong></span> <span class='ocrx_word' id='word_1_390' title='bbox 1776 5160 2005 5216; x_wconf 88' lang='lat' dir='ltr'><strong>invisere</strong></span> <span class='ocrx_word' id='word_1_391' title='bbox 2034 5171 2087 5217; x_wconf 92' lang='lat' dir='ltr'><strong>et</strong></span> 
     </span>
    </p>
   </div>
   <div class='ocr_carea' id='block_1_54' title="bbox 505 5247 2087 5320">
    <p class='ocr_par' dir='ltr' id='par_1_54' title="bbox 505 5247 2087 5320">
     <span class='ocr_line' id='line_1_54' title="bbox 505 5247 2087 5320; baseline 0.001 -17"><span class='ocrx_word' id='word_1_392' title='bbox 505 5248 772 5305; x_wconf 91' lang='lat' dir='ltr'><strong>Cucusum</strong></span> <span class='ocrx_word' id='word_1_393' title='bbox 816 5247 1079 5318; x_wconf 80' lang='lat' dir='ltr'><strong>proficisci</strong></span> <span class='ocrx_word' id='word_1_394' title='bbox 1109 5250 1377 5320; x_wconf 86' lang='lat' dir='ltr'><strong>cupiebat,</strong></span> <span class='ocrx_word' id='word_1_395' title='bbox 1424 5250 1519 5306; x_wconf 92' lang='lat' dir='ltr'><strong>sed</strong></span> <span class='ocrx_word' id='word_1_396' title='bbox 1572 5250 1851 5308; x_wconf 90' lang='lat' dir='ltr'><strong>hibernum</strong></span> <span class='ocrx_word' id='word_1_397' title='bbox 1881 5260 2087 5320; x_wconf 89' lang='lat' dir='ltr'><strong>tempus</strong></span> 
     </span>
    </p>
   </div>
   <div class='ocr_carea' id='block_1_55' title="bbox 507 5338 2090 5411">
    <p class='ocr_par' dir='ltr' id='par_1_55' title="bbox 507 5338 2090 5411">
     <span class='ocr_line' id='line_1_55' title="bbox 507 5338 2090 5411; baseline 0.003 -18"><span class='ocrx_word' id='word_1_398' title='bbox 507 5346 562 5393; x_wconf 82' lang='lat' dir='ltr'><strong>et</strong></span> <span class='ocrx_word' id='word_1_399' title='bbox 585 5340 919 5411; x_wconf 81' lang='lat' dir='ltr'><strong>negotiorum</strong></span> <span class='ocrx_word' id='word_1_400' title='bbox 948 5338 1234 5395; x_wconf 78' lang='lat' dir='ltr'><strong>difficultas</strong></span> <span class='ocrx_word' id='word_1_401' title='bbox 1262 5341 1641 5411; x_wconf 90' lang='lat' dir='ltr'><strong>impedimento</strong></span> <span class='ocrx_word' id='word_1_402' title='bbox 1682 5341 1912 5398; x_wconf 87' lang='lat' dir='ltr'><strong>fuerant.</strong></span> <span class='ocrx_word' id='word_1_403' title='bbox 1957 5342 2090 5397; x_wconf 92' lang='lat' dir='ltr'><strong>lluic</strong></span> 
     </span>
    </p>
   </div>
   <div class='ocr_carea' id='block_1_56' title="bbox 507 5428 2084 5503">
    <p class='ocr_par' dir='ltr' id='par_1_56' title="bbox 507 5428 2084 5503">
     <span class='ocr_line' id='line_1_56' title="bbox 507 5428 2084 5503; baseline 0.005 -25"><span class='ocrx_word' id='word_1_404' title='bbox 507 5428 788 5494; x_wconf 84' lang='lat' dir='ltr'><strong>epistolam</strong></span> <span class='ocrx_word' id='word_1_405' title='bbox 814 5431 900 5487; x_wconf 92' lang='lat' dir='ltr'><strong>ille</strong></span> <span class='ocrx_word' id='word_1_406' title='bbox 920 5432 1064 5486; x_wconf 90' lang='lat' dir='ltr'><strong>misit</strong></span> <span class='ocrx_word' id='word_1_407' title='bbox 1084 5432 1172 5499; x_wconf 71' lang='lat' dir='ltr'><strong>M,</strong></span> <span class='ocrx_word' id='word_1_408' title='bbox 1192 5440 1357 5503; x_wconf 89' lang='lat' dir='ltr'><strong>utque</strong></span> <span class='ocrx_word' id='word_1_409' title='bbox 1377 5444 1616 5489; x_wconf 89' lang='lat' dir='ltr'><strong>suaserat</strong></span> <span class='ocrx_word' id='word_1_410' title='bbox 1636 5435 1734 5503; x_wconf 88' lang='lat' dir='ltr'><strong>ipsi</strong></span> <span class='ocrx_word' id='word_1_411' title='bbox 1757 5433 2084 5496; x_wconf 83' lang='lat' dir='ltr'><strong>Theodotus,</strong></span> 
     </span>
    </p>
   </div>
   <div class='ocr_carea' id='block_1_57' title="bbox 507 5508 2085 5594">
    <p class='ocr_par' dir='ltr' id='par_1_57' title="bbox 507 5508 2085 5594">
     <span class='ocr_line' id='line_1_57' title="bbox 507 5508 2085 5594; baseline 0.003 -21"><span class='ocrx_word' id='word_1_412' title='bbox 507 5508 577 5571; x_wconf 72' lang='lat' dir='ltr'><strong>ad</strong></span> <span class='ocrx_word' id='word_1_413' title='bbox 607 5522 862 5588; x_wconf 85' lang='lat' dir='ltr'><strong>plurimos</strong></span> <span class='ocrx_word' id='word_1_414' title='bbox 881 5525 1015 5580; x_wconf 86' lang='lat' dir='ltr'><strong>alios</strong></span> <span class='ocrx_word' id='word_1_415' title='bbox 1042 5525 1294 5594; x_wconf 88' lang='lat' dir='ltr'><strong>scripsit;</strong></span> <span class='ocrx_word' id='word_1_416' title='bbox 1337 5540 1443 5579; x_wconf 83' lang='lat' dir='ltr'><strong>non</strong></span> <span class='ocrx_word' id='word_1_417' title='bbox 1472 5535 1647 5581; x_wconf 87' lang='lat' dir='ltr'><strong>autem</strong></span> <span class='ocrx_word' id='word_1_418' title='bbox 1675 5527 1738 5581; x_wconf 89' lang='lat' dir='ltr'><strong>ad</strong></span> <span class='ocrx_word' id='word_1_419' title='bbox 1769 5525 2085 5591; x_wconf 86' lang='lat' dir='ltr'><strong>Cartcriam,</strong></span> 
     </span>
    </p>
   </div>
   <div class='ocr_carea' id='block_1_58' title="bbox 514 5600 2089 5692">
    <p class='ocr_par' dir='ltr' id='par_1_58' title="bbox 514 5600 2089 5692">
     <span class='ocr_line' id='line_1_58' title="bbox 514 5600 2089 5692; baseline 0.011 -32"><span class='ocrx_word' id='word_1_420' title='bbox 514 5621 668 5674; x_wconf 87' lang='lat' dir='ltr'><strong>quam</strong></span> <span class='ocrx_word' id='word_1_421' title='bbox 695 5613 904 5668; x_wconf 69' lang='lat' dir='ltr'><strong>caneris</strong></span> <span class='ocrx_word' id='word_1_422' title='bbox 939 5600 1253 5686; x_wconf 59' lang='lat' dir='ltr'><strong>adiunxerat</strong></span> <span class='ocrx_word' id='word_1_423' title='bbox 1280 5617 1605 5684; x_wconf 83' lang='lat' dir='ltr'><strong>Theodotus,</strong></span> <span class='ocrx_word' id='word_1_424' title='bbox 1635 5620 1755 5689; x_wconf 91' lang='lat' dir='ltr'><strong>quia</strong></span> <span class='ocrx_word' id='word_1_425' title='bbox 1777 5607 1956 5690; x_wconf 79' lang='lat' dir='ltr'><strong>nuper</strong></span> <span class='ocrx_word' id='word_1_426' title='bbox 1991 5623 2089 5692; x_wconf 91' lang='lat' dir='ltr'><strong>ipsi</strong></span> 
     </span>
    </p>
   </div>
   <div class='ocr_carea' id='block_1_59' title="bbox 516 5700 2091 5783">
    <p class='ocr_par' dir='ltr' id='par_1_59' title="bbox 516 5700 2091 5783">
     <span class='ocr_line' id='line_1_59' title="bbox 516 5700 2091 5783; baseline 0.01 -28"><span class='ocrx_word' id='word_1_427' title='bbox 516 5700 694 5758; x_wconf 78' lang='lat' dir='ltr'><strong>literas</strong></span> <span class='ocrx_word' id='word_1_428' title='bbox 715 5705 950 5771; x_wconf 87' lang='lat' dir='ltr'><strong>miserat,</strong></span> <span class='ocrx_word' id='word_1_429' title='bbox 981 5720 1034 5763; x_wconf 91' lang='lat' dir='ltr'><strong>et</strong></span> <span class='ocrx_word' id='word_1_430' title='bbox 1059 5711 1181 5779; x_wconf 87' lang='lat' dir='ltr'><strong>quia</strong></span> <span class='ocrx_word' id='word_1_431' title='bbox 1208 5709 1465 5765; x_wconf 87' lang='lat' dir='ltr'><strong>didicerat</strong></span> <span class='ocrx_word' id='word_1_432' title='bbox 1493 5710 1633 5765; x_wconf 89' lang='lat' dir='ltr'><strong>illam</strong></span> <span class='ocrx_word' id='word_1_433' title='bbox 1660 5712 1870 5783; x_wconf 78' lang='lat' dir='ltr'><strong>longam</strong></span> <span class='ocrx_word' id='word_1_434' title='bbox 1910 5715 2091 5771; x_wconf 85' lang='lat' dir='ltr'><strong>iniisse</strong></span> 
     </span>
    </p>
   </div>
   <div class='ocr_carea' id='block_1_60' title="bbox 517 5794 2091 5872">
    <p class='ocr_par' dir='ltr' id='par_1_60' title="bbox 517 5794 2091 5872">
     <span class='ocr_line' id='line_1_60' title="bbox 517 5794 2091 5872; baseline 0.009 -25"><span class='ocrx_word' id='word_1_435' title='bbox 517 5794 997 5866; x_wconf 75' lang='lat' dir='ltr'><strong>peregrinationem</strong></span> <span class='ocrx_word' id='word_1_436' title='bbox 1023 5814 1040 5864; x_wconf 90' lang='lat'><strong>;</strong></span> <span class='ocrx_word' id='word_1_437' title='bbox 1070 5808 1412 5872; x_wconf 89' lang='lat' dir='ltr'><strong>precaturque</strong></span> <span class='ocrx_word' id='word_1_438' title='bbox 1437 5800 1765 5858; x_wconf 89' lang='lat' dir='ltr'><strong>Theodotum</strong></span> <span class='ocrx_word' id='word_1_439' title='bbox 1796 5813 1853 5860; x_wconf 91' lang='lat' dir='ltr'><strong>ut</strong></span> <span class='ocrx_word' id='word_1_440' title='bbox 1875 5803 2091 5861; x_wconf 83' lang='lat' dir='ltr'><strong>Marcel-</strong></span> 
     </span>
    </p>
   </div>
   <div class='ocr_carea' id='block_1_61' title="bbox 1560 402 2663 473">
    <p class='ocr_par' dir='ltr' id='par_1_61' title="bbox 1560 402 2663 473">
     <span class='ocr_line' id='line_1_61' title="bbox 1560 402 2663 473; baseline -0.003 -12"><span class='ocrx_word' id='word_1_441' title='bbox 1560 406 1614 461; x_wconf 82' lang='lat' dir='ltr'><strong>S.</strong></span> <span class='ocrx_word' id='word_1_442' title='bbox 1658 405 1937 461; x_wconf 72' lang='lat' dir='ltr'><strong>JOANNIS</strong></span> <span class='ocrx_word' id='word_1_443' title='bbox 1974 402 2442 460; x_wconf 72' lang='lat' dir='ltr'><strong>CHRYSOSTOMI</strong></span> <span class='ocrx_word' id='word_1_444' title='bbox 2482 405 2663 473; x_wconf 77' lang='lat' dir='ltr'><strong>VITA,</strong></span> 
     </span>
    </p>
   </div>
   <div class='ocr_carea' id='block_1_62' title="bbox 3659 400 3757 457">
    <p class='ocr_par' dir='ltr' id='par_1_62' title="bbox 3659 400 3757 457">
     <span class='ocr_line' id='line_1_62' title="bbox 3659 400 3757 457; baseline 0.031 -4"><span class='ocrx_word' id='word_1_445' title='bbox 3659 400 3757 457; x_wconf 69' lang='grc'><strong>218</strong></span> 
     </span>
    </p>
   </div>
   <div class='ocr_carea' id='block_1_63' title="bbox 2192 519 3759 591">
    <p class='ocr_par' dir='ltr' id='par_1_63' title="bbox 2192 519 3759 591">
     <span class='ocr_line' id='line_1_63' title="bbox 2192 519 3759 591; baseline 0.002 -18"><span class='ocrx_word' id='word_1_446' title='bbox 2192 519 2391 575; x_wconf 88' lang='lat' dir='ltr'><strong>lianum</strong></span> <span class='ocrx_word' id='word_1_447' title='bbox 2420 531 2471 576; x_wconf 92' lang='lat' dir='ltr'><strong>et</strong></span> <span class='ocrx_word' id='word_1_448' title='bbox 2497 522 2712 577; x_wconf 89' lang='lat' dir='ltr'><strong>fratrem</strong></span> <span class='ocrx_word' id='word_1_449' title='bbox 2742 524 3040 589; x_wconf 81' lang='lat' dir='ltr'><strong>conveniat,</strong></span> <span class='ocrx_word' id='word_1_450' title='bbox 3066 531 3120 579; x_wconf 89' lang='lat' dir='ltr'><strong>et</strong></span> <span class='ocrx_word' id='word_1_451' title='bbox 3148 538 3267 578; x_wconf 90' lang='lat' dir='ltr'><strong>cum</strong></span> <span class='ocrx_word' id='word_1_452' title='bbox 3299 521 3404 577; x_wconf 86' lang='lat' dir='ltr'><strong>illis</strong></span> <span class='ocrx_word' id='word_1_453' title='bbox 3424 528 3568 591; x_wconf 87' lang='lat' dir='ltr'><strong>agat,</strong></span> <span class='ocrx_word' id='word_1_454' title='bbox 3606 529 3683 584; x_wconf 88' lang='lat' dir='ltr'><strong>ut,</strong></span> <span class='ocrx_word' id='word_1_455' title='bbox 3718 522 3759 576; x_wconf 86' lang='lat' dir='ltr'><strong>si</strong></span> 
     </span>
    </p>
   </div>
   <div class='ocr_carea' id='block_1_64' title="bbox 2188 612 3763 686">
    <p class='ocr_par' dir='ltr' id='par_1_64' title="bbox 2188 612 3763 686">
     <span class='ocr_line' id='line_1_64' title="bbox 2188 612 3763 686; baseline 0.004 -23"><span class='ocrx_word' id='word_1_456' title='bbox 2188 612 2399 682; x_wconf 89' lang='lat' dir='ltr'><strong>quando</strong></span> <span class='ocrx_word' id='word_1_457' title='bbox 2418 613 2669 669; x_wconf 72' lang='lat' dir='ltr'><strong>Carlerize</strong></span> <span class='ocrx_word' id='word_1_458' title='bbox 2691 616 2945 681; x_wconf 87' lang='lat' dir='ltr'><strong>scribant,</strong></span> <span class='ocrx_word' id='word_1_459' title='bbox 2978 630 3037 670; x_wconf 89' lang='lat' dir='ltr'><strong>se</strong></span> <span class='ocrx_word' id='word_1_460' title='bbox 3072 615 3210 686; x_wconf 89' lang='lat' dir='ltr'><strong>apud</strong></span> <span class='ocrx_word' id='word_1_461' title='bbox 3241 614 3384 669; x_wconf 89' lang='lat' dir='ltr'><strong>illam</strong></span> <span class='ocrx_word' id='word_1_462' title='bbox 3425 623 3669 685; x_wconf 86' lang='lat' dir='ltr'><strong>purgent,</strong></span> <span class='ocrx_word' id='word_1_463' title='bbox 3710 626 3763 669; x_wconf 91' lang='lat' dir='ltr'><strong>ut</strong></span> 
     </span>
    </p>
   </div>
   <div class='ocr_carea' id='block_1_65' title="bbox 2188 704 3762 777">
    <p class='ocr_par' dir='ltr' id='par_1_65' title="bbox 2188 704 3762 777">
     <span class='ocr_line' id='line_1_65' title="bbox 2188 704 3762 777; baseline 0 -20"><span class='ocrx_word' id='word_1_464' title='bbox 2188 705 2273 773; x_wconf 90' lang='lat' dir='ltr'><strong>qui</strong></span> <span class='ocrx_word' id='word_1_465' title='bbox 2302 719 2404 759; x_wconf 93' lang='lat' dir='ltr'><strong>non</strong></span> <span class='ocrx_word' id='word_1_466' title='bbox 2437 721 2527 774; x_wconf 91' lang='lat' dir='ltr'><strong>per</strong></span> <span class='ocrx_word' id='word_1_467' title='bbox 2558 706 2924 777; x_wconf 81' lang='lat' dir='ltr'><strong>negligentiam</strong></span> <span class='ocrx_word' id='word_1_468' title='bbox 2955 708 3197 763; x_wconf 88' lang='lat' dir='ltr'><strong>tacuerit.</strong></span> <span class='ocrx_word' id='word_1_469' title='bbox 3236 704 3407 774; x_wconf 85' lang='lat' dir='ltr'><strong>Epist.</strong></span> <span class='ocrx_word' id='word_1_470' title='bbox 3440 720 3571 759; x_wconf 87' lang='lat' dir='ltr'><strong>vero</strong></span> <span class='ocrx_word' id='word_1_471' title='bbox 3596 705 3666 760; x_wconf 70' lang='grc'><strong>48</strong></span> <span class='ocrx_word' id='word_1_472' title='bbox 3702 706 3762 757; x_wconf 83' lang='lat' dir='ltr'><strong>ad</strong></span> 
     </span>
    </p>
   </div>
   <div class='ocr_carea' id='block_1_66' title="bbox 2186 794 3764 869">
    <p class='ocr_par' dir='ltr' id='par_1_66' title="bbox 2186 794 3764 869">
     <span class='ocr_line' id='line_1_66' title="bbox 2186 794 3764 869; baseline 0 -20"><span class='ocrx_word' id='word_1_473' title='bbox 2186 794 2488 851; x_wconf 89' lang='lat' dir='ltr'><strong>Bassianam</strong></span> <span class='ocrx_word' id='word_1_474' title='bbox 2508 797 2827 867; x_wconf 87' lang='lat' dir='ltr'><strong>misit,quam</strong></span> <span class='ocrx_word' id='word_1_475' title='bbox 2847 799 3019 869; x_wconf 89' lang='lat' dir='ltr'><strong>arguit</strong></span> <span class='ocrx_word' id='word_1_476' title='bbox 3037 799 3175 867; x_wconf 92' lang='lat' dir='ltr'><strong>quod</strong></span> <span class='ocrx_word' id='word_1_477' title='bbox 3197 798 3296 852; x_wconf 91' lang='lat' dir='ltr'><strong>sibi</strong></span> <span class='ocrx_word' id='word_1_478' title='bbox 3314 798 3498 851; x_wconf 88' lang='lat' dir='ltr'><strong>literas</strong></span> <span class='ocrx_word' id='word_1_479' title='bbox 3523 811 3632 850; x_wconf 90' lang='lat' dir='ltr'><strong>non</strong></span> <span class='ocrx_word' id='word_1_480' title='bbox 3653 795 3764 849; x_wconf 80' lang='lat' dir='ltr'><strong>mit-</strong></span> 
     </span>
    </p>
   </div>
   <div class='ocr_carea' id='block_1_67' title="bbox 2186 884 3763 958">
    <p class='ocr_par' dir='ltr' id='par_1_67' title="bbox 2186 884 3763 958">
     <span class='ocr_line' id='line_1_67' title="bbox 2186 884 3763 958; baseline -0.002 -19"><span class='ocrx_word' id='word_1_481' title='bbox 2186 892 2279 952; x_wconf 88' lang='lat' dir='ltr'><strong>tat,</strong></span> <span class='ocrx_word' id='word_1_482' title='bbox 2304 886 2443 956; x_wconf 90' lang='lat' dir='ltr'><strong>quod</strong></span> <span class='ocrx_word' id='word_1_483' title='bbox 2470 895 2643 941; x_wconf 89' lang='lat' dir='ltr'><strong>tamen</strong></span> <span class='ocrx_word' id='word_1_484' title='bbox 2662 886 2813 943; x_wconf 89' lang='lat' dir='ltr'><strong>facile</strong></span> <span class='ocrx_word' id='word_1_485' title='bbox 2840 888 3145 958; x_wconf 88' lang='lat' dir='ltr'><strong>possit,cum</strong></span> <span class='ocrx_word' id='word_1_486' title='bbox 3166 898 3362 958; x_wconf 70' lang='lat' dir='ltr'><strong>praesto</strong></span> <span class='ocrx_word' id='word_1_487' title='bbox 3383 885 3579 941; x_wconf 89' lang='lat' dir='ltr'><strong>haheat</strong></span> <span class='ocrx_word' id='word_1_488' title='bbox 3593 884 3763 940; x_wconf 63' lang='lat' dir='ltr'><strong>&#39;l&#39;lieo.</strong></span> 
     </span>
    </p>
   </div>
   <div class='ocr_carea' id='block_1_68' title="bbox 2183 974 3758 1047">
    <p class='ocr_par' dir='ltr' id='par_1_68' title="bbox 2183 974 3758 1047">
     <span class='ocr_line' id='line_1_68' title="bbox 2183 974 3758 1047; baseline 0 -19"><span class='ocrx_word' id='word_1_489' title='bbox 2183 974 2365 1030; x_wconf 88' lang='lat' dir='ltr'><strong>dotum</strong></span> <span class='ocrx_word' id='word_1_490' title='bbox 2392 976 2691 1043; x_wconf 90' lang='lat' dir='ltr'><strong>diaconum,</strong></span> <span class='ocrx_word' id='word_1_491' title='bbox 2709 978 2796 1047; x_wconf 91' lang='lat' dir='ltr'><strong>qui</strong></span> <span class='ocrx_word' id='word_1_492' title='bbox 2828 978 3069 1033; x_wconf 89' lang='lat' dir='ltr'><strong>mittendi</strong></span> <span class='ocrx_word' id='word_1_493' title='bbox 3097 977 3399 1033; x_wconf 76' lang='lat' dir='ltr'><strong>facultatem</strong></span> <span class='ocrx_word' id='word_1_494' title='bbox 3421 976 3551 1031; x_wconf 87' lang='lat' dir='ltr'><strong>dare</strong></span> <span class='ocrx_word' id='word_1_495' title='bbox 3576 977 3758 1045; x_wconf 84' lang='lat' dir='ltr'><strong>possit.</strong></span> 
     </span>
    </p>
   </div>
   <div class='ocr_carea' id='block_1_69' title="bbox 2256 1067 3757 1146">
    <p class='ocr_par' dir='ltr' id='par_1_69' title="bbox 2256 1067 3757 1146">
     <span class='ocr_line' id='line_1_69' title="bbox 2256 1067 3757 1146; baseline -0.005 -19"><span class='ocrx_word' id='word_1_496' title='bbox 2256 1073 2366 1128; x_wconf 86' lang='lat' dir='ltr'><strong>[loc</strong></span> <span class='ocrx_word' id='word_1_497' title='bbox 2389 1074 2502 1144; x_wconf 91' lang='lat' dir='ltr'><strong>ipso</strong></span> <span class='ocrx_word' id='word_1_498' title='bbox 2529 1090 2670 1131; x_wconf 89' lang='lat' dir='ltr'><strong>anno</strong></span> <span class='ocrx_word' id='word_1_499' title='bbox 2694 1076 2848 1146; x_wconf 91' lang='lat' dir='ltr'><strong>epist.</strong></span> <span class='ocrx_word' id='word_1_500' title='bbox 2874 1075 2974 1130; x_wconf 74' lang='lat' dir='ltr'><strong>H8</strong></span> <span class='ocrx_word' id='word_1_501' title='bbox 3002 1075 3144 1129; x_wconf 89' lang='lat' dir='ltr'><strong>misit</strong></span> <span class='ocrx_word' id='word_1_502' title='bbox 3169 1072 3237 1127; x_wconf 88' lang='lat' dir='ltr'><strong>ad</strong></span> <span class='ocrx_word' id='word_1_503' title='bbox 3258 1071 3557 1140; x_wconf 88' lang='lat' dir='ltr'><strong>episcopos,</strong></span> <span class='ocrx_word' id='word_1_504' title='bbox 3573 1067 3757 1138; x_wconf 86' lang='lat' dir='ltr'><strong>Cyria-</strong></span> 
     </span>
    </p>
   </div>
   <div class='ocr_carea' id='block_1_70' title="bbox 2184 1158 3760 1232">
    <p class='ocr_par' dir='ltr' id='par_1_70' title="bbox 2184 1158 3760 1232">
     <span class='ocr_line' id='line_1_70' title="bbox 2184 1158 3760 1232; baseline -0.005 -15"><span class='ocrx_word' id='word_1_505' title='bbox 2184 1177 2326 1230; x_wconf 90' lang='lat' dir='ltr'><strong>cum,</strong></span> <span class='ocrx_word' id='word_1_506' title='bbox 2369 1163 2716 1231; x_wconf 89' lang='lat' dir='ltr'><strong>Demetrium,</strong></span> <span class='ocrx_word' id='word_1_507' title='bbox 2756 1164 3066 1225; x_wconf 79' lang='lat' dir='ltr'><strong>Palladium,</strong></span> <span class='ocrx_word' id='word_1_508' title='bbox 3092 1162 3389 1232; x_wconf 80' lang='lat' dir='ltr'><strong>Eulysium,</strong></span> <span class='ocrx_word' id='word_1_509' title='bbox 3420 1159 3510 1229; x_wconf 91' lang='lat' dir='ltr'><strong>qui</strong></span> <span class='ocrx_word' id='word_1_510' title='bbox 3536 1158 3760 1212; x_wconf 87' lang='lat' dir='ltr'><strong>Romam</strong></span> 
     </span>
    </p>
   </div>
   <div class='ocr_carea' id='block_1_71' title="bbox 2182 1247 3762 1325">
    <p class='ocr_par' dir='ltr' id='par_1_71' title="bbox 2182 1247 3762 1325">
     <span class='ocr_line' id='line_1_71' title="bbox 2182 1247 3762 1325; baseline -0.005 -18"><span class='ocrx_word' id='word_1_511' title='bbox 2182 1252 2551 1323; x_wconf 85' lang='lat' dir='ltr'><strong>confugerant,</strong></span> <span class='ocrx_word' id='word_1_512' title='bbox 2579 1263 2632 1309; x_wconf 90' lang='lat' dir='ltr'><strong>et</strong></span> <span class='ocrx_word' id='word_1_513' title='bbox 2655 1254 2723 1310; x_wconf 89' lang='lat' dir='ltr'><strong>de</strong></span> <span class='ocrx_word' id='word_1_514' title='bbox 2750 1255 2938 1325; x_wconf 91' lang='lat' dir='ltr'><strong>quibus</strong></span> <span class='ocrx_word' id='word_1_515' title='bbox 2968 1269 3088 1309; x_wconf 75' lang='lat' dir='ltr'><strong>mox</strong></span> <span class='ocrx_word' id='word_1_516' title='bbox 3111 1252 3312 1307; x_wconf 88' lang='lat' dir='ltr'><strong>mentio</strong></span> <span class='ocrx_word' id='word_1_517' title='bbox 3336 1248 3641 1304; x_wconf 88' lang='lat' dir='ltr'><strong>habebitur.</strong></span> <span class='ocrx_word' id='word_1_518' title='bbox 3658 1247 3762 1301; x_wconf 76' lang='lat' dir='ltr'><strong>llos</strong></span> 
     </span>
    </p>
   </div>
   <div class='ocr_carea' id='block_1_72' title="bbox 2184 1342 3757 1410">
    <p class='ocr_par' dir='ltr' id='par_1_72' title="bbox 2184 1342 3757 1410">
     <span class='ocr_line' id='line_1_72' title="bbox 2184 1342 3757 1410; baseline -0.004 -13"><span class='ocrx_word' id='word_1_519' title='bbox 2184 1360 2312 1399; x_wconf 89' lang='lat' dir='ltr'><strong>vero</strong></span> <span class='ocrx_word' id='word_1_520' title='bbox 2340 1346 2525 1401; x_wconf 90' lang='lat' dir='ltr'><strong>beatos</strong></span> <span class='ocrx_word' id='word_1_521' title='bbox 2551 1356 2604 1401; x_wconf 93' lang='lat' dir='ltr'><strong>et</strong></span> <span class='ocrx_word' id='word_1_522' title='bbox 2624 1357 2705 1402; x_wconf 89' lang='lat' dir='ltr'><strong>ter</strong></span> <span class='ocrx_word' id='word_1_523' title='bbox 2731 1348 2914 1402; x_wconf 86' lang='lat' dir='ltr'><strong>beatos</strong></span> <span class='ocrx_word' id='word_1_524' title='bbox 2938 1347 3082 1410; x_wconf 86' lang='lat' dir='ltr'><strong>dicit,</strong></span> <span class='ocrx_word' id='word_1_525' title='bbox 3107 1345 3178 1399; x_wconf 89' lang='lat' dir='ltr'><strong>ob</strong></span> <span class='ocrx_word' id='word_1_526' title='bbox 3203 1342 3447 1407; x_wconf 90' lang='lat' dir='ltr'><strong>sudores,</strong></span> <span class='ocrx_word' id='word_1_527' title='bbox 3472 1354 3757 1403; x_wconf 64' lang='lat' dir='ltr'><strong>atrumnas,</strong></span> 
     </span>
    </p>
   </div>
   <div class='ocr_carea' id='block_1_73' title="bbox 2182 1432 3761 1508">
    <p class='ocr_par' dir='ltr' id='par_1_73' title="bbox 2182 1432 3761 1508">
     <span class='ocr_line' id='line_1_73' title="bbox 2182 1432 3761 1508; baseline -0.003 -19"><span class='ocrx_word' id='word_1_528' title='bbox 2182 1435 2392 1493; x_wconf 89' lang='lat' dir='ltr'><strong>labores</strong></span> <span class='ocrx_word' id='word_1_529' title='bbox 2421 1446 2475 1493; x_wconf 86' lang='lat' dir='ltr'><strong>et</strong></span> <span class='ocrx_word' id='word_1_530' title='bbox 2501 1439 2751 1508; x_wconf 89' lang='lat' dir='ltr'><strong>pericula,</strong></span> <span class='ocrx_word' id='word_1_531' title='bbox 2782 1454 2901 1508; x_wconf 83' lang='lat' dir='ltr'><strong>quae</strong></span> <span class='ocrx_word' id='word_1_532' title='bbox 2934 1453 3027 1508; x_wconf 89' lang='lat' dir='ltr'><strong>pro</strong></span> <span class='ocrx_word' id='word_1_533' title='bbox 3053 1436 3299 1491; x_wconf 91' lang='lat' dir='ltr'><strong>omnibus</strong></span> <span class='ocrx_word' id='word_1_534' title='bbox 3322 1434 3470 1488; x_wconf 91' lang='lat' dir='ltr'><strong>orbis</strong></span> <span class='ocrx_word' id='word_1_535' title='bbox 3511 1432 3761 1486; x_wconf 86' lang='lat' dir='ltr'><strong>Ecclesiis</strong></span> 
     </span>
    </p>
   </div>
   <div class='ocr_carea' id='block_1_74' title="bbox 2156 1520 3760 1597">
    <p class='ocr_par' dir='ltr' id='par_1_74' title="bbox 2156 1520 3760 1597">
     <span class='ocr_line' id='line_1_74' title="bbox 2156 1520 3760 1597; baseline -0.006 -16"><span class='ocrx_word' id='word_1_536' title='bbox 2156 1520 2453 1582; x_wconf 88' lang='lat' dir='ltr'><strong>subierant</strong></span> <span class='ocrx_word' id='word_1_537' title='bbox 2495 1546 2506 1581; x_wconf 90' lang='lat'>:</span> <span class='ocrx_word' id='word_1_538' title='bbox 2549 1543 2650 1597; x_wconf 92' lang='lat' dir='ltr'><strong>qua</strong></span> <span class='ocrx_word' id='word_1_539' title='bbox 2698 1530 2764 1584; x_wconf 89' lang='lat' dir='ltr'><strong>de</strong></span> <span class='ocrx_word' id='word_1_540' title='bbox 2791 1542 2949 1581; x_wconf 90' lang='lat' dir='ltr'><strong>causa</strong></span> <span class='ocrx_word' id='word_1_541' title='bbox 2989 1528 3148 1581; x_wconf 87' lang='lat' dir='ltr'><strong>etiam</strong></span> <span class='ocrx_word' id='word_1_542' title='bbox 3196 1525 3264 1579; x_wconf 89' lang='lat' dir='ltr'><strong>ab</strong></span> <span class='ocrx_word' id='word_1_543' title='bbox 3304 1521 3570 1577; x_wconf 88' lang='lat' dir='ltr'><strong>universis</strong></span> <span class='ocrx_word' id='word_1_544' title='bbox 3620 1534 3760 1573; x_wconf 68' lang='lat' dir='ltr'><strong>sana:</strong></span> 
     </span>
    </p>
   </div>
   <div class='ocr_carea' id='block_1_75' title="bbox 2184 1612 3759 1682">
    <p class='ocr_par' dir='ltr' id='par_1_75' title="bbox 2184 1612 3759 1682">
     <span class='ocr_line' id='line_1_75' title="bbox 2184 1612 3759 1682; baseline -0.006 -8"><span class='ocrx_word' id='word_1_545' title='bbox 2184 1621 2377 1676; x_wconf 91' lang='lat' dir='ltr'><strong>mentis</strong></span> <span class='ocrx_word' id='word_1_546' title='bbox 2421 1621 2720 1675; x_wconf 85' lang='lat' dir='ltr'><strong>hominibus</strong></span> <span class='ocrx_word' id='word_1_547' title='bbox 2766 1620 3192 1682; x_wconf 87' lang='lat' dir='ltr'><strong>celebrabantur,</strong></span> <span class='ocrx_word' id='word_1_548' title='bbox 3236 1625 3289 1671; x_wconf 90' lang='lat' dir='ltr'><strong>et</strong></span> <span class='ocrx_word' id='word_1_549' title='bbox 3330 1614 3563 1682; x_wconf 89' lang='lat' dir='ltr'><strong>amplam</strong></span> <span class='ocrx_word' id='word_1_550' title='bbox 3593 1629 3623 1665; x_wconf 83' lang='lat' dir='ltr'><strong>a</strong></span> <span class='ocrx_word' id='word_1_551' title='bbox 3655 1612 3759 1665; x_wconf 86' lang='lat' dir='ltr'><strong>Deo</strong></span> 
     </span>
    </p>
   </div>
   <div class='ocr_carea' id='block_1_76' title="bbox 2183 1703 3758 1780">
    <p class='ocr_par' dir='ltr' id='par_1_76' title="bbox 2183 1703 3758 1780">
     <span class='ocr_line' id='line_1_76' title="bbox 2183 1703 3758 1780; baseline -0.005 -15"><span class='ocrx_word' id='word_1_552' title='bbox 2183 1711 2480 1767; x_wconf 88' lang='lat' dir='ltr'><strong>mercedem</strong></span> <span class='ocrx_word' id='word_1_553' title='bbox 2507 1720 2659 1765; x_wconf 88' lang='lat' dir='ltr'><strong>erant</strong></span> <span class='ocrx_word' id='word_1_554' title='bbox 2681 1712 2966 1780; x_wconf 90' lang='lat' dir='ltr'><strong>accepturi.</strong></span> <span class='ocrx_word' id='word_1_555' title='bbox 2994 1709 3129 1763; x_wconf 83' lang='lat' dir='ltr'><strong>Dicit</strong></span> <span class='ocrx_word' id='word_1_556' title='bbox 3153 1715 3327 1762; x_wconf 91' lang='lat' dir='ltr'><strong>autem</strong></span> <span class='ocrx_word' id='word_1_557' title='bbox 3346 1705 3631 1777; x_wconf 79' lang='lat' dir='ltr'><strong>Cyriacum</strong></span> <span class='ocrx_word' id='word_1_558' title='bbox 3650 1703 3758 1757; x_wconf 71' lang='lat' dir='ltr'><strong>dia-</strong></span> 
     </span>
    </p>
   </div>
   <div class='ocr_carea' id='block_1_77' title="bbox 2182 1793 3758 1871">
    <p class='ocr_par' dir='ltr' id='par_1_77' title="bbox 2182 1793 3758 1871">
     <span class='ocr_line' id='line_1_77' title="bbox 2182 1793 3758 1871; baseline -0.006 -16"><span class='ocrx_word' id='word_1_559' title='bbox 2182 1817 2394 1865; x_wconf 90' lang='lat' dir='ltr'><strong>conum,</strong></span> <span class='ocrx_word' id='word_1_560' title='bbox 2424 1803 2510 1871; x_wconf 87' lang='lat' dir='ltr'><strong>qui</strong></span> <span class='ocrx_word' id='word_1_561' title='bbox 2541 1802 2761 1855; x_wconf 92' lang='lat' dir='ltr'><strong>Romam</strong></span> <span class='ocrx_word' id='word_1_562' title='bbox 2797 1802 3133 1870; x_wconf 85' lang='lat' dir='ltr'><strong>navigaturus</strong></span> <span class='ocrx_word' id='word_1_563' title='bbox 3161 1806 3295 1865; x_wconf 88' lang='lat' dir='ltr'><strong>erat,</strong></span> <span class='ocrx_word' id='word_1_564' title='bbox 3326 1809 3467 1850; x_wconf 90' lang='lat' dir='ltr'><strong>nunc</strong></span> <span class='ocrx_word' id='word_1_565' title='bbox 3497 1793 3758 1864; x_wconf 78' lang='lat' dir='ltr'><strong>proﬁcisci</strong></span> 
     </span>
    </p>
   </div>
   <div class='ocr_carea' id='block_1_78' title="bbox 2186 1883 3755 1964">
    <p class='ocr_par' dir='ltr' id='par_1_78' title="bbox 2186 1883 3755 1964">
     <span class='ocr_line' id='line_1_78' title="bbox 2186 1883 3755 1964; baseline -0.007 -17"><span class='ocrx_word' id='word_1_566' title='bbox 2186 1910 2287 1947; x_wconf 91' lang='lat' dir='ltr'><strong>non</strong></span> <span class='ocrx_word' id='word_1_567' title='bbox 2312 1894 2569 1964; x_wconf 85' lang='lat' dir='ltr'><strong>potuisse,</strong></span> <span class='ocrx_word' id='word_1_568' title='bbox 2594 1892 2733 1963; x_wconf 92' lang='lat' dir='ltr'><strong>quod</strong></span> <span class='ocrx_word' id='word_1_569' title='bbox 2760 1894 2925 1946; x_wconf 91' lang='lat' dir='ltr'><strong>multo</strong></span> <span class='ocrx_word' id='word_1_570' title='bbox 2952 1890 3136 1945; x_wconf 92' lang='lat' dir='ltr'><strong>labore</strong></span> <span class='ocrx_word' id='word_1_571' title='bbox 3156 1887 3429 1943; x_wconf 86' lang='lat' dir='ltr'><strong>confectus</strong></span> <span class='ocrx_word' id='word_1_572' title='bbox 3452 1892 3625 1940; x_wconf 90' lang='lat' dir='ltr'><strong>esset.</strong></span> <span class='ocrx_word' id='word_1_573' title='bbox 3654 1883 3755 1939; x_wconf 75' lang='lat' dir='ltr'><strong>Sed</strong></span> 
     </span>
    </p>
   </div>
   <div class='ocr_carea' id='block_1_79' title="bbox 2183 1978 3757 2054">
    <p class='ocr_par' dir='ltr' id='par_1_79' title="bbox 2183 1978 3757 2054">
     <span class='ocr_line' id='line_1_79' title="bbox 2183 1978 3757 2054; baseline -0.008 -17"><span class='ocrx_word' id='word_1_574' title='bbox 2183 1982 2440 2037; x_wconf 81' lang='lat' dir='ltr'><strong>Joannem</strong></span> <span class='ocrx_word' id='word_1_575' title='bbox 2463 1983 2830 2054; x_wconf 84' lang='lat' dir='ltr'><strong>presbyterum</strong></span> <span class='ocrx_word' id='word_1_576' title='bbox 2861 1989 2913 2035; x_wconf 88' lang='lat' dir='ltr'><strong>et</strong></span> <span class='ocrx_word' id='word_1_577' title='bbox 2939 1980 3156 2035; x_wconf 90' lang='lat' dir='ltr'><strong>Paulum</strong></span> <span class='ocrx_word' id='word_1_578' title='bbox 3183 1978 3486 2042; x_wconf 89' lang='lat' dir='ltr'><strong>diaconum,</strong></span> <span class='ocrx_word' id='word_1_579' title='bbox 3515 1989 3640 2029; x_wconf 80' lang='lat' dir='ltr'><strong>cum</strong></span> <span class='ocrx_word' id='word_1_580' title='bbox 3666 1987 3757 2026; x_wconf 68' lang='lat' dir='ltr'><strong>un~</strong></span> 
     </span>
    </p>
   </div>
   <div class='ocr_carea' id='block_1_80' title="bbox 2183 2061 3755 2142">
    <p class='ocr_par' dir='ltr' id='par_1_80' title="bbox 2183 2061 3755 2142">
     <span class='ocr_line' id='line_1_80' title="bbox 2183 2061 3755 2142; baseline -0.006 -17"><span class='ocrx_word' id='word_1_581' title='bbox 2183 2074 2343 2142; x_wconf 86' lang='lat' dir='ltr'><strong>dique</strong></span> <span class='ocrx_word' id='word_1_582' title='bbox 2388 2082 2728 2139; x_wconf 82' lang='lat' dir='ltr'><strong>vexarentur,</strong></span> <span class='ocrx_word' id='word_1_583' title='bbox 2757 2081 2812 2126; x_wconf 92' lang='lat' dir='ltr'><strong>et</strong></span> <span class='ocrx_word' id='word_1_584' title='bbox 2839 2084 3095 2139; x_wconf 89' lang='lat' dir='ltr'><strong>nusquam</strong></span> <span class='ocrx_word' id='word_1_585' title='bbox 3124 2067 3416 2123; x_wconf 88' lang='lat' dir='ltr'><strong>consistere</strong></span> <span class='ocrx_word' id='word_1_586' title='bbox 3458 2063 3543 2118; x_wconf 88' lang='lat' dir='ltr'><strong>vel</strong></span> <span class='ocrx_word' id='word_1_587' title='bbox 3568 2061 3755 2116; x_wconf 84' lang='lat' dir='ltr'><strong>delite-</strong></span> 
     </span>
    </p>
   </div>
   <div class='ocr_carea' id='block_1_81' title="bbox 2184 2153 3755 2231">
    <p class='ocr_par' dir='ltr' id='par_1_81' title="bbox 2184 2153 3755 2231">
     <span class='ocr_line' id='line_1_81' title="bbox 2184 2153 3755 2231; baseline -0.007 -15"><span class='ocrx_word' id='word_1_588' title='bbox 2184 2175 2336 2217; x_wconf 88' lang='lat' dir='ltr'><strong>scere</strong></span> <span class='ocrx_word' id='word_1_589' title='bbox 2362 2170 2601 2231; x_wconf 88' lang='lat' dir='ltr'><strong>possent,</strong></span> <span class='ocrx_word' id='word_1_590' title='bbox 2632 2161 2854 2215; x_wconf 89' lang='lat' dir='ltr'><strong>Romam</strong></span> <span class='ocrx_word' id='word_1_591' title='bbox 2882 2161 3024 2229; x_wconf 92' lang='lat' dir='ltr'><strong>ipsos</strong></span> <span class='ocrx_word' id='word_1_592' title='bbox 3050 2158 3198 2213; x_wconf 89' lang='lat' dir='ltr'><strong>adire</strong></span> <span class='ocrx_word' id='word_1_593' title='bbox 3226 2163 3437 2212; x_wconf 88' lang='lat' dir='ltr'><strong>coactos</strong></span> <span class='ocrx_word' id='word_1_594' title='bbox 3462 2153 3647 2219; x_wconf 86' lang='lat' dir='ltr'><strong>fuisse,</strong></span> <span class='ocrx_word' id='word_1_595' title='bbox 3669 2166 3755 2205; x_wconf 88' lang='lat' dir='ltr'><strong>ro-</strong></span> 
     </span>
    </p>
   </div>
   <div class='ocr_carea' id='block_1_82' title="bbox 2183 2248 3245 2321">
    <p class='ocr_par' dir='ltr' id='par_1_82' title="bbox 2183 2248 3245 2321">
     <span class='ocr_line' id='line_1_82' title="bbox 2183 2248 3245 2321; baseline -0.006 -16"><span class='ocrx_word' id='word_1_596' title='bbox 2183 2259 2374 2321; x_wconf 89' lang='lat' dir='ltr'><strong>gatque</strong></span> <span class='ocrx_word' id='word_1_597' title='bbox 2399 2265 2519 2305; x_wconf 91' lang='lat' dir='ltr'><strong>cum</strong></span> <span class='ocrx_word' id='word_1_598' title='bbox 2545 2252 2766 2305; x_wconf 90' lang='lat' dir='ltr'><strong>caritate</strong></span> <span class='ocrx_word' id='word_1_599' title='bbox 2793 2250 2935 2320; x_wconf 91' lang='lat' dir='ltr'><strong>ipsos</strong></span> <span class='ocrx_word' id='word_1_600' title='bbox 2960 2248 3245 2316; x_wconf 83' lang='lat' dir='ltr'><strong>excipiant.</strong></span> 
     </span>
    </p>
   </div>
   <div class='ocr_carea' id='block_1_83' title="bbox 2254 2331 3753 2406">
    <p class='ocr_par' dir='ltr' id='par_1_83' title="bbox 2254 2331 3753 2406">
     <span class='ocr_line' id='line_1_83' title="bbox 2254 2331 3753 2406; baseline -0.005 -13"><span class='ocrx_word' id='word_1_601' title='bbox 2254 2340 2489 2395; x_wconf 72' lang='lat' dir='ltr'><strong>Arsacias</strong></span> <span class='ocrx_word' id='word_1_602' title='bbox 2509 2342 2738 2406; x_wconf 81' lang='lat' dir='ltr'><strong>moritur,</strong></span> <span class='ocrx_word' id='word_1_603' title='bbox 2761 2349 2806 2393; x_wconf 85' lang='lat' dir='ltr'><strong>et</strong></span> <span class='ocrx_word' id='word_1_604' title='bbox 2824 2340 3014 2393; x_wconf 75' lang='lat' dir='ltr'><strong>Atticus</strong></span> <span class='ocrx_word' id='word_1_605' title='bbox 3034 2337 3086 2392; x_wconf 79' lang='lat' dir='ltr'><strong>in</strong></span> <span class='ocrx_word' id='word_1_606' title='bbox 3110 2337 3277 2391; x_wconf 76' lang='lat' dir='ltr'><strong>sedem</strong></span> <span class='ocrx_word' id='word_1_607' title='bbox 3293 2334 3350 2389; x_wconf 89' lang='lat' dir='ltr'><strong>C.</strong></span> <span class='ocrx_word' id='word_1_608' title='bbox 3369 2333 3438 2388; x_wconf 87' lang='lat' dir='ltr'><strong>P.</strong></span> <span class='ocrx_word' id='word_1_609' title='bbox 3459 2331 3753 2386; x_wconf 74' lang='lat' dir='ltr'><strong>iutrttdilttr.</strong></span> 
     </span>
    </p>
   </div>
   <div class='ocr_carea' id='block_1_84' title="bbox 2185 2426 3756 2498">
    <p class='ocr_par' dir='ltr' id='par_1_84' title="bbox 2185 2426 3756 2498">
     <span class='ocr_line' id='line_1_84' title="bbox 2185 2426 3756 2498; baseline -0.008 -11"><span class='ocrx_word' id='word_1_610' title='bbox 2185 2432 2387 2487; x_wconf 86' lang='lat' dir='ltr'><strong>—Jam</strong></span> <span class='ocrx_word' id='word_1_611' title='bbox 2434 2431 2500 2486; x_wconf 91' lang='lat' dir='ltr'><strong>ad</strong></span> <span class='ocrx_word' id='word_1_612' title='bbox 2540 2432 2641 2485; x_wconf 89' lang='lat' dir='ltr'><strong>alia</strong></span> <span class='ocrx_word' id='word_1_613' title='bbox 2682 2444 3003 2491; x_wconf 88' lang='lat' dir='ltr'><strong>evocamur,</strong></span> <span class='ocrx_word' id='word_1_614' title='bbox 3033 2444 3152 2498; x_wconf 80' lang='lat' dir='ltr'><strong>qua:</strong></span> <span class='ocrx_word' id='word_1_615' title='bbox 3193 2426 3291 2482; x_wconf 88' lang='lat' dir='ltr'><strong>etsi</strong></span> <span class='ocrx_word' id='word_1_616' title='bbox 3319 2438 3538 2494; x_wconf 89' lang='lat' dir='ltr'><strong>prorsus</strong></span> <span class='ocrx_word' id='word_1_617' title='bbox 3582 2438 3756 2477; x_wconf 80' lang='lat' dir='ltr'><strong>rentm</strong></span> 
     </span>
    </p>
   </div>
   <div class='ocr_carea' id='block_1_85' title="bbox 2184 2513 3757 2588">
    <p class='ocr_par' dir='ltr' id='par_1_85' title="bbox 2184 2513 3757 2588">
     <span class='ocr_line' id='line_1_85' title="bbox 2184 2513 3757 2588; baseline -0.009 -10"><span class='ocrx_word' id='word_1_618' title='bbox 2184 2525 2370 2579; x_wconf 87' lang='lat' dir='ltr'><strong>faciem</strong></span> <span class='ocrx_word' id='word_1_619' title='bbox 2400 2539 2502 2577; x_wconf 89' lang='lat' dir='ltr'><strong>non</strong></span> <span class='ocrx_word' id='word_1_620' title='bbox 2545 2533 2833 2588; x_wconf 88' lang='lat' dir='ltr'><strong>mutavere,</strong></span> <span class='ocrx_word' id='word_1_621' title='bbox 2883 2522 3046 2575; x_wconf 90' lang='lat' dir='ltr'><strong>multa</strong></span> <span class='ocrx_word' id='word_1_622' title='bbox 3089 2518 3343 2573; x_wconf 81' lang='lat' dir='ltr'><strong>induxere</strong></span> <span class='ocrx_word' id='word_1_623' title='bbox 3389 2530 3546 2571; x_wconf 84' lang='lat' dir='ltr'><strong>nova.</strong></span> <span class='ocrx_word' id='word_1_624' title='bbox 3581 2513 3757 2568; x_wconf 81' lang='lat' dir='ltr'><strong>Tertio</strong></span> 
     </span>
    </p>
   </div>
   <div class='ocr_carea' id='block_1_86' title="bbox 2186 2604 3756 2686">
    <p class='ocr_par' dir='ltr' id='par_1_86' title="bbox 2186 2604 3756 2686">
     <span class='ocr_line' id='line_1_86' title="bbox 2186 2604 3756 2686; baseline -0.009 -16"><span class='ocrx_word' id='word_1_625' title='bbox 2186 2631 2412 2686; x_wconf 86' lang='lat' dir='ltr'><strong>namque</strong></span> <span class='ocrx_word' id='word_1_626' title='bbox 2450 2614 2568 2668; x_wconf 89' lang='lat' dir='ltr'><strong>idus</strong></span> <span class='ocrx_word' id='word_1_627' title='bbox 2595 2612 2908 2668; x_wconf 85' lang='lat' dir='ltr'><strong>Novembris</strong></span> <span class='ocrx_word' id='word_1_628' title='bbox 2955 2609 3226 2675; x_wconf 80' lang='lat' dir='ltr'><strong>Arsacias,</strong></span> <span class='ocrx_word' id='word_1_629' title='bbox 3256 2608 3343 2677; x_wconf 91' lang='lat' dir='ltr'><strong>qui</strong></span> <span class='ocrx_word' id='word_1_630' title='bbox 3380 2604 3756 2660; x_wconf 87' lang='lat' dir='ltr'><strong>Constantino-</strong></span> 
     </span>
    </p>
   </div>
   <div class='ocr_carea' id='block_1_87' title="bbox 2184 2693 3758 2775">
    <p class='ocr_par' dir='ltr' id='par_1_87' title="bbox 2184 2693 3758 2775">
     <span class='ocr_line' id='line_1_87' title="bbox 2184 2693 3758 2775; baseline -0.009 -18"><span class='ocrx_word' id='word_1_631' title='bbox 2184 2707 2469 2775; x_wconf 83' lang='lat' dir='ltr'><strong>politanam</strong></span> <span class='ocrx_word' id='word_1_632' title='bbox 2514 2704 2695 2759; x_wconf 89' lang='lat' dir='ltr'><strong>sedem</strong></span> <span class='ocrx_word' id='word_1_633' title='bbox 2736 2703 3033 2764; x_wconf 87' lang='lat' dir='ltr'><strong>invaserat,</strong></span> <span class='ocrx_word' id='word_1_634' title='bbox 3077 2715 3174 2755; x_wconf 89' lang='lat' dir='ltr'><strong>seu</strong></span> <span class='ocrx_word' id='word_1_635' title='bbox 3214 2698 3391 2768; x_wconf 90' lang='lat' dir='ltr'><strong>potius</strong></span> <span class='ocrx_word' id='word_1_636' title='bbox 3435 2695 3487 2749; x_wconf 91' lang='lat' dir='ltr'><strong>in</strong></span> <span class='ocrx_word' id='word_1_637' title='bbox 3516 2708 3638 2748; x_wconf 89' lang='lat' dir='ltr'><strong>eam</strong></span> <span class='ocrx_word' id='word_1_638' title='bbox 3681 2693 3758 2745; x_wconf 86' lang='lat' dir='ltr'><strong>in-</strong></span> 
     </span>
    </p>
   </div>
   <div class='ocr_carea' id='block_1_88' title="bbox 2183 2782 3756 2861">
    <p class='ocr_par' dir='ltr' id='par_1_88' title="bbox 2183 2782 3756 2861">
     <span class='ocr_line' id='line_1_88' title="bbox 2183 2782 3756 2861; baseline -0.009 -11"><span class='ocrx_word' id='word_1_639' title='bbox 2183 2795 2373 2850; x_wconf 79' lang='lat' dir='ltr'><strong>ductus</strong></span> <span class='ocrx_word' id='word_1_640' title='bbox 2416 2795 2603 2859; x_wconf 88' lang='lat' dir='ltr'><strong>fuerat,</strong></span> <span class='ocrx_word' id='word_1_641' title='bbox 2636 2794 2800 2848; x_wconf 89' lang='lat' dir='ltr'><strong>obiit:</strong></span> <span class='ocrx_word' id='word_1_642' title='bbox 2836 2792 2915 2845; x_wconf 87' lang='lat' dir='ltr'><strong>vir</strong></span> <span class='ocrx_word' id='word_1_643' title='bbox 2939 2806 3095 2861; x_wconf 90' lang='lat' dir='ltr'><strong>quem</strong></span> <span class='ocrx_word' id='word_1_644' title='bbox 3140 2788 3383 2844; x_wconf 89' lang='lat' dir='ltr'><strong>laudibus</strong></span> <span class='ocrx_word' id='word_1_645' title='bbox 3420 2785 3627 2841; x_wconf 81' lang='lat' dir='ltr'><strong>extollit</strong></span> <span class='ocrx_word' id='word_1_646' title='bbox 3659 2782 3756 2837; x_wconf 88' lang='lat' dir='ltr'><strong>So-</strong></span> 
     </span>
    </p>
   </div>
   <div class='ocr_carea' id='block_1_89' title="bbox 2183 2870 3758 2955">
    <p class='ocr_par' dir='ltr' id='par_1_89' title="bbox 2183 2870 3758 2955">
     <span class='ocr_line' id='line_1_89' title="bbox 2183 2870 3758 2955; baseline -0.009 -16"><span class='ocrx_word' id='word_1_647' title='bbox 2183 2892 2356 2939; x_wconf 87' lang='lat' dir='ltr'><strong>crates</strong></span> <span class='ocrx_word' id='word_1_648' title='bbox 2376 2884 2546 2955; x_wconf 86' lang='lat' dir='ltr'><strong>(Socr.</strong></span> <span class='ocrx_word' id='word_1_649' title='bbox 2572 2884 2609 2937; x_wconf 86' lang='grc' dir='ltr'><em>ι.</em></span> <span class='ocrx_word' id='word_1_650' title='bbox 2635 2882 2688 2937; x_wconf 89' lang='lat'><strong>6.</strong></span> <span class='ocrx_word' id='word_1_651' title='bbox 2717 2899 2762 2936; x_wconf 90' lang='lat' dir='ltr'><strong>c.</strong></span> <span class='ocrx_word' id='word_1_652' title='bbox 2784 2880 2878 2951; x_wconf 71' lang='grc' dir='ltr'><strong>ΞΟ)</strong></span> <span class='ocrx_word' id='word_1_653' title='bbox 2899 2898 2912 2945; x_wconf 92' lang='grc'><strong>;</strong></span> <span class='ocrx_word' id='word_1_654' title='bbox 2937 2880 3269 2934; x_wconf 81' lang='lat' dir='ltr'><strong>Sozomenus</strong></span> <span class='ocrx_word' id='word_1_655' title='bbox 3305 2890 3433 2930; x_wconf 89' lang='lat' dir='ltr'><strong>vero</strong></span> <span class='ocrx_word' id='word_1_656' title='bbox 3451 2873 3581 2928; x_wconf 89' lang='lat' dir='ltr'><strong>dicit</strong></span> <span class='ocrx_word' id='word_1_657' title='bbox 3598 2870 3758 2927; x_wconf 82' lang='lat' dir='ltr'><strong>fuisse</strong></span> 
     </span>
    </p>
   </div>
   <div class='ocr_carea' id='block_1_90' title="bbox 2186 2961 3757 3039">
    <p class='ocr_par' dir='ltr' id='par_1_90' title="bbox 2186 2961 3757 3039">
     <span class='ocr_line' id='line_1_90' title="bbox 2186 2961 3757 3039; baseline -0.01 -11"><span class='ocrx_word' id='word_1_658' title='bbox 2186 2975 2333 3029; x_wconf 88' lang='lat' dir='ltr'><strong>illum</strong></span> <span class='ocrx_word' id='word_1_659' title='bbox 2381 2984 2714 3027; x_wconf 91' lang='lat' dir='ltr'><strong>mansuetum</strong></span> <span class='ocrx_word' id='word_1_660' title='bbox 2756 2978 2812 3025; x_wconf 91' lang='lat' dir='ltr'><strong>et</strong></span> <span class='ocrx_word' id='word_1_661' title='bbox 2851 2970 3191 3039; x_wconf 88' lang='lat' dir='ltr'><strong>religiosum,</strong></span> <span class='ocrx_word' id='word_1_662' title='bbox 3233 2965 3325 3020; x_wconf 84' lang='lat' dir='ltr'><strong>sed</strong></span> <span class='ocrx_word' id='word_1_663' title='bbox 3366 2962 3572 3018; x_wconf 88' lang='lat' dir='ltr'><strong>laudem</strong></span> <span class='ocrx_word' id='word_1_664' title='bbox 3618 2961 3757 3016; x_wconf 85' lang='lat' dir='ltr'><strong>illam</strong></span> 
     </span>
    </p>
   </div>
   <div class='ocr_carea' id='block_1_91' title="bbox 2184 3051 3761 3133">
    <p class='ocr_par' dir='ltr' id='par_1_91' title="bbox 2184 3051 3761 3133">
     <span class='ocr_line' id='line_1_91' title="bbox 2184 3051 3761 3133; baseline -0.011 -12"><span class='ocrx_word' id='word_1_665' title='bbox 2184 3067 2442 3121; x_wconf 79' lang='lat' dir='ltr'><strong>minuisse</strong></span> <span class='ocrx_word' id='word_1_666' title='bbox 2482 3065 2706 3120; x_wconf 87' lang='lat' dir='ltr'><strong>clericos</strong></span> <span class='ocrx_word' id='word_1_667' title='bbox 2755 3062 3044 3133; x_wconf 91' lang='lat' dir='ltr'><strong>quosdam,</strong></span> <span class='ocrx_word' id='word_1_668' title='bbox 3090 3060 3180 3131; x_wconf 89' lang='lat' dir='ltr'><strong>qui</strong></span> <span class='ocrx_word' id='word_1_669' title='bbox 3226 3057 3404 3113; x_wconf 89' lang='lat' dir='ltr'><strong>omnia</strong></span> <span class='ocrx_word' id='word_1_670' title='bbox 3446 3068 3543 3124; x_wconf 92' lang='lat' dir='ltr'><strong>pro</strong></span> <span class='ocrx_word' id='word_1_671' title='bbox 3596 3051 3761 3107; x_wconf 90' lang='lat' dir='ltr'><strong>lubito</strong></span> 
     </span>
    </p>
   </div>
   <div class='ocr_carea' id='block_1_92' title="bbox 2183 3142 3760 3228">
    <p class='ocr_par' dir='ltr' id='par_1_92' title="bbox 2183 3142 3760 3228">
     <span class='ocr_line' id='line_1_92' title="bbox 2183 3142 3760 3228; baseline -0.011 -16"><span class='ocrx_word' id='word_1_672' title='bbox 2183 3157 2411 3228; x_wconf 86' lang='lat' dir='ltr'><strong>agebant</strong></span> <span class='ocrx_word' id='word_1_673' title='bbox 2433 3155 2667 3226; x_wconf 78' lang='lat' dir='ltr'><strong>(Sozam.</strong></span> <span class='ocrx_word' id='word_1_674' title='bbox 2699 3155 2736 3208; x_wconf 84' lang='grc' dir='ltr'><strong>ι.</strong></span> <span class='ocrx_word' id='word_1_675' title='bbox 2755 3153 2810 3207; x_wconf 88' lang='lat'><strong>8.</strong></span> <span class='ocrx_word' id='word_1_676' title='bbox 2835 3169 2883 3207; x_wconf 91' lang='lat' dir='ltr'><strong>c.</strong></span> <span class='ocrx_word' id='word_1_677' title='bbox 2908 3149 3001 3223; x_wconf 77' lang='lat'><strong>27)</strong></span> <span class='ocrx_word' id='word_1_678' title='bbox 3026 3169 3039 3204; x_wconf 91' lang='lat'><strong>:</strong></span> <span class='ocrx_word' id='word_1_679' title='bbox 3064 3164 3247 3206; x_wconf 86' lang='lat' dir='ltr'><strong>verum</strong></span> <span class='ocrx_word' id='word_1_680' title='bbox 3275 3145 3489 3202; x_wconf 88' lang='lat' dir='ltr'><strong>infamia</strong></span> <span class='ocrx_word' id='word_1_681' title='bbox 3532 3142 3760 3213; x_wconf 83' lang='lat' dir='ltr'><strong>quadam</strong></span> 
     </span>
    </p>
   </div>
   <div class='ocr_carea' id='block_1_93' title="bbox 2185 3234 3762 3314">
    <p class='ocr_par' dir='ltr' id='par_1_93' title="bbox 2185 3234 3762 3314">
     <span class='ocr_line' id='line_1_93' title="bbox 2185 3234 3762 3314; baseline -0.011 -11"><span class='ocrx_word' id='word_1_682' title='bbox 2185 3257 2399 3303; x_wconf 89' lang='lat' dir='ltr'><strong>notasse</strong></span> <span class='ocrx_word' id='word_1_683' title='bbox 2439 3247 2584 3300; x_wconf 90' lang='lat' dir='ltr'><strong>illum</strong></span> <span class='ocrx_word' id='word_1_684' title='bbox 2628 3260 2715 3313; x_wconf 89' lang='lat' dir='ltr'><strong>ea,</strong></span> <span class='ocrx_word' id='word_1_685' title='bbox 2745 3259 2862 3314; x_wconf 86' lang='lat' dir='ltr'><strong>quae</strong></span> <span class='ocrx_word' id='word_1_686' title='bbox 2899 3252 3085 3298; x_wconf 91' lang='lat' dir='ltr'><strong>contra</strong></span> <span class='ocrx_word' id='word_1_687' title='bbox 3128 3237 3491 3311; x_wconf 86' lang='lat' dir='ltr'><strong>Chrysostomi</strong></span> <span class='ocrx_word' id='word_1_688' title='bbox 3529 3234 3762 3288; x_wconf 84' lang='lat' dir='ltr'><strong>fautores</strong></span> 
     </span>
    </p>
   </div>
   <div class='ocr_carea' id='block_1_94' title="bbox 2183 3326 3761 3412">
    <p class='ocr_par' dir='ltr' id='par_1_94' title="bbox 2183 3326 3761 3412">
     <span class='ocr_line' id='line_1_94' title="bbox 2183 3326 3761 3412; baseline -0.013 -15"><span class='ocrx_word' id='word_1_689' title='bbox 2183 3351 2329 3412; x_wconf 90' lang='lat' dir='ltr'><strong>gesta</strong></span> <span class='ocrx_word' id='word_1_690' title='bbox 2344 3348 2485 3395; x_wconf 91' lang='lat' dir='ltr'><strong>sunt.</strong></span> <span class='ocrx_word' id='word_1_691' title='bbox 2514 3339 2582 3393; x_wconf 82' lang='lat' dir='ltr'><strong>At</strong></span> <span class='ocrx_word' id='word_1_692' title='bbox 2598 3338 2769 3392; x_wconf 88' lang='lat' dir='ltr'><strong>deliro</strong></span> <span class='ocrx_word' id='word_1_693' title='bbox 2790 3337 2903 3391; x_wconf 88' lang='lat' dir='ltr'><strong>seni</strong></span> <span class='ocrx_word' id='word_1_694' title='bbox 2918 3349 3023 3390; x_wconf 92' lang='lat' dir='ltr'><strong>non</strong></span> <span class='ocrx_word' id='word_1_695' title='bbox 3044 3347 3136 3388; x_wconf 90' lang='lat' dir='ltr'><strong>sua</strong></span> <span class='ocrx_word' id='word_1_696' title='bbox 3158 3332 3402 3394; x_wconf 88' lang='lat' dir='ltr'><strong>fortasse,</strong></span> <span class='ocrx_word' id='word_1_697' title='bbox 3421 3327 3515 3382; x_wconf 90' lang='lat' dir='ltr'><strong>sed</strong></span> <span class='ocrx_word' id='word_1_698' title='bbox 3536 3326 3761 3380; x_wconf 86' lang='lat' dir='ltr'><strong>aliorum</strong></span> 
     </span>
    </p>
   </div>
   <div class='ocr_carea' id='block_1_95' title="bbox 2187 3413 3762 3495">
    <p class='ocr_par' dir='ltr' id='par_1_95' title="bbox 2187 3413 3762 3495">
     <span class='ocr_line' id='line_1_95' title="bbox 2187 3413 3762 3495; baseline -0.013 -8"><span class='ocrx_word' id='word_1_699' title='bbox 2187 3432 2417 3487; x_wconf 88' lang='lat' dir='ltr'><strong>facinora</strong></span> <span class='ocrx_word' id='word_1_700' title='bbox 2438 3470 2453 3495; x_wconf 94' lang='lat'><strong>,</strong></span> <span class='ocrx_word' id='word_1_701' title='bbox 2502 3430 2637 3483; x_wconf 91' lang='lat' dir='ltr'><strong>hanc</strong></span> <span class='ocrx_word' id='word_1_702' title='bbox 2664 3437 2841 3481; x_wconf 90' lang='lat' dir='ltr'><strong>notam</strong></span> <span class='ocrx_word' id='word_1_703' title='bbox 2872 3427 3140 3480; x_wconf 82' lang='lat' dir='ltr'><strong>invexere.</strong></span> <span class='ocrx_word' id='word_1_704' title='bbox 3186 3421 3315 3476; x_wconf 88' lang='lat' dir='ltr'><strong>Utut</strong></span> <span class='ocrx_word' id='word_1_705' title='bbox 3339 3433 3426 3474; x_wconf 91' lang='lat' dir='ltr'><strong>res</strong></span> <span class='ocrx_word' id='word_1_706' title='bbox 3452 3426 3554 3482; x_wconf 88' lang='lat' dir='ltr'><strong>est,</strong></span> <span class='ocrx_word' id='word_1_707' title='bbox 3590 3413 3762 3470; x_wconf 73' lang='lat' dir='ltr'><strong>(imi</strong></span> 
     </span>
    </p>
   </div>
   <div class='ocr_carea' id='block_1_96' title="bbox 2188 3507 3761 3579">
    <p class='ocr_par' dir='ltr' id='par_1_96' title="bbox 2188 3507 3761 3579">
     <span class='ocr_line' id='line_1_96' title="bbox 2188 3507 3761 3579; baseline -0.015 -1"><span class='ocrx_word' id='word_1_708' title='bbox 2188 3525 2332 3579; x_wconf 92' lang='lat' dir='ltr'><strong>illum</strong></span> <span class='ocrx_word' id='word_1_709' title='bbox 2370 3525 2420 3578; x_wconf 89' lang='lat' dir='ltr'><strong>in</strong></span> <span class='ocrx_word' id='word_1_710' title='bbox 2458 3521 2673 3577; x_wconf 66' lang='lat' dir='ltr'><strong>Menaeis</strong></span> <span class='ocrx_word' id='word_1_711' title='bbox 2696 3519 2805 3574; x_wconf 88' lang='lat' dir='ltr'><strong>suis</strong></span> <span class='ocrx_word' id='word_1_712' title='bbox 2831 3527 3131 3572; x_wconf 90' lang='lat' dir='ltr'><strong>sanctorum</strong></span> <span class='ocrx_word' id='word_1_713' title='bbox 3161 3523 3382 3568; x_wconf 90' lang='lat' dir='ltr'><strong>numero</strong></span> <span class='ocrx_word' id='word_1_714' title='bbox 3406 3507 3761 3575; x_wconf 83' lang='lat' dir='ltr'><strong>adscripsere.</strong></span> 
     </span>
    </p>
   </div>
   <div class='ocr_carea' id='block_1_97' title="bbox 2189 3595 3762 3679">
    <p class='ocr_par' dir='ltr' id='par_1_97' title="bbox 2189 3595 3762 3679">
     <span class='ocr_line' id='line_1_97' title="bbox 2189 3595 3762 3679; baseline -0.013 -11"><span class='ocrx_word' id='word_1_715' title='bbox 2189 3614 2372 3668; x_wconf 72' lang='lat' dir='ltr'><strong>Tantm</strong></span> <span class='ocrx_word' id='word_1_716' title='bbox 2400 3612 2541 3667; x_wconf 89' lang='lat' dir='ltr'><strong>sedis</strong></span> <span class='ocrx_word' id='word_1_717' title='bbox 2568 3626 2631 3665; x_wconf 91' lang='lat' dir='ltr'><strong>ac</strong></span> <span class='ocrx_word' id='word_1_718' title='bbox 2670 3608 2941 3679; x_wconf 88' lang='lat' dir='ltr'><strong>dignitatis</strong></span> <span class='ocrx_word' id='word_1_719' title='bbox 2984 3602 3307 3674; x_wconf 71' lang='lat' dir='ltr'><strong>occupanda:</strong></span> <span class='ocrx_word' id='word_1_720' title='bbox 3334 3599 3584 3668; x_wconf 88' lang='lat' dir='ltr'><strong>cupidine</strong></span> <span class='ocrx_word' id='word_1_721' title='bbox 3620 3595 3762 3651; x_wconf 89' lang='lat' dir='ltr'><strong>ducti</strong></span> 
     </span>
    </p>
   </div>
   <div class='ocr_carea' id='block_1_98' title="bbox 2186 3690 3761 3777">
    <p class='ocr_par' dir='ltr' id='par_1_98' title="bbox 2186 3690 3761 3777">
     <span class='ocr_line' id='line_1_98' title="bbox 2186 3690 3761 3777; baseline -0.013 -17"><span class='ocrx_word' id='word_1_722' title='bbox 2186 3704 2417 3777; x_wconf 88' lang='lat' dir='ltr'><strong>plurimi,</strong></span> <span class='ocrx_word' id='word_1_723' title='bbox 2449 3702 2720 3757; x_wconf 89' lang='lat' dir='ltr'><strong>machinas</strong></span> <span class='ocrx_word' id='word_1_724' title='bbox 2746 3714 2932 3755; x_wconf 90' lang='lat' dir='ltr'><strong>omnes</strong></span> <span class='ocrx_word' id='word_1_725' title='bbox 2973 3695 3248 3752; x_wconf 88' lang='lat' dir='ltr'><strong>intendere</strong></span> <span class='ocrx_word' id='word_1_726' title='bbox 3277 3712 3289 3747; x_wconf 96' lang='lat'>:</span> <span class='ocrx_word' id='word_1_727' title='bbox 3323 3692 3643 3759; x_wconf 90' lang='lat' dir='ltr'><strong>demumque</strong></span> <span class='ocrx_word' id='word_1_728' title='bbox 3669 3690 3761 3742; x_wconf 75' lang='lat' dir='ltr'><strong>At-</strong></span> 
     </span>
    </p>
   </div>
   <div class='ocr_carea' id='block_1_99' title="bbox 2189 3780 3763 3865">
    <p class='ocr_par' dir='ltr' id='par_1_99' title="bbox 2189 3780 3763 3865">
     <span class='ocr_line' id='line_1_99' title="bbox 2189 3780 3763 3865; baseline -0.014 -13"><span class='ocrx_word' id='word_1_729' title='bbox 2189 3799 2323 3852; x_wconf 91' lang='lat' dir='ltr'><strong>ticus</strong></span> <span class='ocrx_word' id='word_1_730' title='bbox 2375 3795 2679 3865; x_wconf 85' lang='lat' dir='ltr'><strong>presbyter,</strong></span> <span class='ocrx_word' id='word_1_731' title='bbox 2724 3808 2789 3847; x_wconf 80' lang='lat' dir='ltr'><strong>ex</strong></span> <span class='ocrx_word' id='word_1_732' title='bbox 2840 3787 3194 3848; x_wconf 83' lang='lat' dir='ltr'><strong>ambientibus</strong></span> <span class='ocrx_word' id='word_1_733' title='bbox 3238 3797 3396 3846; x_wconf 87' lang='lat' dir='ltr'><strong>unus,</strong></span> <span class='ocrx_word' id='word_1_734' title='bbox 3446 3780 3538 3850; x_wconf 89' lang='lat' dir='ltr'><strong>qui</strong></span> <span class='ocrx_word' id='word_1_735' title='bbox 3582 3786 3763 3833; x_wconf 87' lang='lat' dir='ltr'><strong>contra</strong></span> 
     </span>
    </p>
   </div>
   <div class='ocr_carea' id='block_1_100' title="bbox 2186 3869 3762 3956">
    <p class='ocr_par' dir='ltr' id='par_1_100' title="bbox 2186 3869 3762 3956">
     <span class='ocr_line' id='line_1_100' title="bbox 2186 3869 3762 3956; baseline -0.015 -12"><span class='ocrx_word' id='word_1_736' title='bbox 2186 3891 2444 3944; x_wconf 82' lang='lat' dir='ltr'><strong>Joannem</strong></span> <span class='ocrx_word' id='word_1_737' title='bbox 2489 3888 2929 3956; x_wconf 82' lang='lat' dir='ltr'><strong>Chrysostomum</strong></span> <span class='ocrx_word' id='word_1_738' title='bbox 2973 3880 3278 3951; x_wconf 89' lang='lat' dir='ltr'><strong>episcopum</strong></span> <span class='ocrx_word' id='word_1_739' title='bbox 3323 3889 3499 3936; x_wconf 88' lang='lat' dir='ltr'><strong>suum,</strong></span> <span class='ocrx_word' id='word_1_740' title='bbox 3549 3885 3674 3925; x_wconf 92' lang='lat' dir='ltr'><strong>cum</strong></span> <span class='ocrx_word' id='word_1_741' title='bbox 3712 3869 3762 3922; x_wconf 90' lang='lat' dir='ltr'><strong>in</strong></span> 
     </span>
    </p>
   </div>
   <div class='ocr_carea' id='block_1_101' title="bbox 2186 3961 3762 4047">
    <p class='ocr_par' dir='ltr' id='par_1_101' title="bbox 2186 3961 3762 4047">
     <span class='ocr_line' id='line_1_101' title="bbox 2186 3961 3762 4047; baseline -0.015 -11"><span class='ocrx_word' id='word_1_742' title='bbox 2186 3980 2431 4036; x_wconf 78' lang='lat' dir='ltr'><strong>exsilium</strong></span> <span class='ocrx_word' id='word_1_743' title='bbox 2474 3977 2778 4047; x_wconf 85' lang='lat' dir='ltr'><strong>pelleretur,</strong></span> <span class='ocrx_word' id='word_1_744' title='bbox 2820 3973 2986 4028; x_wconf 91' lang='lat' dir='ltr'><strong>multa</strong></span> <span class='ocrx_word' id='word_1_745' title='bbox 3018 3978 3274 4033; x_wconf 86' lang='lat' dir='ltr'><strong>moverat,</strong></span> <span class='ocrx_word' id='word_1_746' title='bbox 3303 3966 3506 4020; x_wconf 86' lang='lat' dir='ltr'><strong>electus</strong></span> <span class='ocrx_word' id='word_1_747' title='bbox 3550 3961 3762 4016; x_wconf 84' lang='lat' dir='ltr'><strong>ordina-</strong></span> 
     </span>
    </p>
   </div>
   <div class='ocr_carea' id='block_1_102' title="bbox 2188 4054 3765 4142">
    <p class='ocr_par' dir='ltr' id='par_1_102' title="bbox 2188 4054 3765 4142">
     <span class='ocr_line' id='line_1_102' title="bbox 2188 4054 3765 4142; baseline -0.013 -16"><span class='ocrx_word' id='word_1_748' title='bbox 2188 4082 2377 4142; x_wconf 85' lang='lat' dir='ltr'><strong>tusquc</strong></span> <span class='ocrx_word' id='word_1_749' title='bbox 2419 4070 2557 4124; x_wconf 92' lang='lat' dir='ltr'><strong>fuit:</strong></span> <span class='ocrx_word' id='word_1_750' title='bbox 2602 4068 2685 4123; x_wconf 89' lang='lat' dir='ltr'><strong>vir</strong></span> <span class='ocrx_word' id='word_1_751' title='bbox 2737 4064 3047 4127; x_wconf 88' lang='lat' dir='ltr'><strong>industrius,</strong></span> <span class='ocrx_word' id='word_1_752' title='bbox 3095 4059 3435 4115; x_wconf 89' lang='lat' dir='ltr'><strong>mediocriter</strong></span> <span class='ocrx_word' id='word_1_753' title='bbox 3474 4054 3667 4110; x_wconf 89' lang='lat' dir='ltr'><strong>doetus</strong></span> <span class='ocrx_word' id='word_1_754' title='bbox 3715 4058 3765 4106; x_wconf 88' lang='lat' dir='ltr'><strong>et</strong></span> 
     </span>
    </p>
   </div>
   <div class='ocr_carea' id='block_1_103' title="bbox 2188 4153 3766 4234">
    <p class='ocr_par' dir='ltr' id='par_1_103' title="bbox 2188 4153 3766 4234">
     <span class='ocr_line' id='line_1_103' title="bbox 2188 4153 3766 4234; baseline -0.015 -14"><span class='ocrx_word' id='word_1_755' title='bbox 2188 4165 2467 4234; x_wconf 86' lang='lat' dir='ltr'><strong>eloquens,</strong></span> <span class='ocrx_word' id='word_1_756' title='bbox 2499 4176 2622 4230; x_wconf 91' lang='lat' dir='ltr'><strong>erga</strong></span> <span class='ocrx_word' id='word_1_757' title='bbox 2649 4174 2743 4215; x_wconf 87' lang='lat' dir='ltr'><strong>eos</strong></span> <span class='ocrx_word' id='word_1_758' title='bbox 2772 4168 2969 4222; x_wconf 89' lang='lat' dir='ltr'><strong>autem,</strong></span> <span class='ocrx_word' id='word_1_759' title='bbox 3000 4154 3087 4225; x_wconf 90' lang='lat' dir='ltr'><strong>qui</strong></span> <span class='ocrx_word' id='word_1_760' title='bbox 3118 4160 3296 4222; x_wconf 88' lang='lat' dir='ltr'><strong>partes</strong></span> <span class='ocrx_word' id='word_1_761' title='bbox 3319 4161 3443 4203; x_wconf 89' lang='lat' dir='ltr'><strong>suas</strong></span> <span class='ocrx_word' id='word_1_762' title='bbox 3470 4160 3581 4201; x_wconf 91' lang='lat' dir='ltr'><strong>non</strong></span> <span class='ocrx_word' id='word_1_763' title='bbox 3599 4153 3766 4200; x_wconf 79' lang='lat' dir='ltr'><strong>secta-</strong></span> 
     </span>
    </p>
   </div>
   <div class='ocr_carea' id='block_1_104' title="bbox 2188 4249 2990 4319">
    <p class='ocr_par' dir='ltr' id='par_1_104' title="bbox 2188 4249 2990 4319">
     <span class='ocr_line' id='line_1_104' title="bbox 2188 4249 2990 4319; baseline -0.014 -7"><span class='ocrx_word' id='word_1_764' title='bbox 2188 4258 2400 4319; x_wconf 88' lang='lat' dir='ltr'><strong>bantur,</strong></span> <span class='ocrx_word' id='word_1_765' title='bbox 2430 4253 2622 4309; x_wconf 91' lang='lat' dir='ltr'><strong>ardens</strong></span> <span class='ocrx_word' id='word_1_766' title='bbox 2644 4260 2698 4306; x_wconf 94' lang='lat' dir='ltr'><strong>et</strong></span> <span class='ocrx_word' id='word_1_767' title='bbox 2719 4249 2990 4304; x_wconf 86' lang='lat' dir='ltr'><strong>terribilis.</strong></span> 
     </span>
    </p>
   </div>
   <div class='ocr_carea' id='block_1_105' title="bbox 2259 4326 3767 4417">
    <p class='ocr_par' dir='ltr' id='par_1_105' title="bbox 2259 4326 3767 4417">
     <span class='ocr_line' id='line_1_105' title="bbox 2259 4326 3767 4417; baseline -0.015 -15"><span class='ocrx_word' id='word_1_768' title='bbox 2259 4346 2504 4417; x_wconf 74' lang='lat' dir='ltr'><strong>Episcopi</strong></span> <span class='ocrx_word' id='word_1_769' title='bbox 2526 4342 2744 4413; x_wconf 77' lang='lat' dir='ltr'><strong>plurimi</strong></span> <span class='ocrx_word' id='word_1_770' title='bbox 2769 4339 2987 4393; x_wconf 89' lang='lat' dir='ltr'><strong>Romam</strong></span> <span class='ocrx_word' id='word_1_771' title='bbox 3012 4333 3328 4405; x_wconf 78' lang='lat' dir='ltr'><strong>confugiunt.</strong></span> <span class='ocrx_word' id='word_1_772' title='bbox 3354 4359 3427 4371; x_wconf 68' lang='grc' dir='ltr'><strong>ν-</strong></span> <span class='ocrx_word' id='word_1_773' title='bbox 3454 4328 3536 4383; x_wconf 80' lang='lat' dir='ltr'><strong>Ex</strong></span> <span class='ocrx_word' id='word_1_774' title='bbox 3552 4326 3767 4382; x_wconf 83' lang='lat' dir='ltr'><strong>Oriente</strong></span> 
     </span>
    </p>
   </div>
   <div class='ocr_carea' id='block_1_106' title="bbox 2192 4418 3771 4498">
    <p class='ocr_par' dir='ltr' id='par_1_106' title="bbox 2192 4418 3771 4498">
     <span class='ocr_line' id='line_1_106' title="bbox 2192 4418 3771 4498; baseline -0.016 -5"><span class='ocrx_word' id='word_1_775' title='bbox 2192 4438 2416 4493; x_wconf 91' lang='lat' dir='ltr'><strong>Romam</strong></span> <span class='ocrx_word' id='word_1_776' title='bbox 2441 4434 2590 4488; x_wconf 90' lang='lat' dir='ltr'><strong>multi</strong></span> <span class='ocrx_word' id='word_1_777' title='bbox 2615 4431 2939 4486; x_wconf 87' lang='lat' dir='ltr'><strong>advenerant</strong></span> <span class='ocrx_word' id='word_1_778' title='bbox 2960 4424 3194 4498; x_wconf 79' lang='lat' dir='ltr'><strong>(Pallad.</strong></span> <span class='ocrx_word' id='word_1_779' title='bbox 3225 4440 3278 4493; x_wconf 87' lang='lat' dir='ltr'><strong>p.</strong></span> <span class='ocrx_word' id='word_1_780' title='bbox 3305 4419 3397 4485; x_wconf 74' lang='lat'><strong>26,</strong></span> <span class='ocrx_word' id='word_1_781' title='bbox 3426 4418 3547 4488; x_wconf 76' lang='lat'><strong>27),</strong></span> <span class='ocrx_word' id='word_1_782' title='bbox 3579 4425 3691 4470; x_wconf 91' lang='lat' dir='ltr'><strong>tum</strong></span> <span class='ocrx_word' id='word_1_783' title='bbox 3714 4423 3771 4468; x_wconf 90' lang='lat' dir='ltr'><strong>ut</strong></span> 
     </span>
    </p>
   </div>
   <div class='ocr_carea' id='block_1_107' title="bbox 2189 4507 3766 4598">
    <p class='ocr_par' dir='ltr' id='par_1_107' title="bbox 2189 4507 3766 4598">
     <span class='ocr_line' id='line_1_107' title="bbox 2189 4507 3766 4598; baseline -0.016 -15"><span class='ocrx_word' id='word_1_784' title='bbox 2189 4529 2308 4598; x_wconf 86' lang='lat' dir='ltr'><strong>fuga</strong></span> <span class='ocrx_word' id='word_1_785' title='bbox 2341 4524 2609 4581; x_wconf 85' lang='lat' dir='ltr'><strong>securitati</strong></span> <span class='ocrx_word' id='word_1_786' title='bbox 2638 4537 2749 4578; x_wconf 79' lang='lat' dir='ltr'><strong>sua:</strong></span> <span class='ocrx_word' id='word_1_787' title='bbox 2774 4518 3144 4581; x_wconf 90' lang='lat' dir='ltr'><strong>consulerent,</strong></span> <span class='ocrx_word' id='word_1_788' title='bbox 3173 4523 3284 4567; x_wconf 92' lang='lat' dir='ltr'><strong>tum</strong></span> <span class='ocrx_word' id='word_1_789' title='bbox 3309 4520 3369 4565; x_wconf 92' lang='lat' dir='ltr'><strong>ut</strong></span> <span class='ocrx_word' id='word_1_790' title='bbox 3397 4507 3766 4598; x_wconf 88' lang='lat' dir='ltr'><strong>Innocentium</strong></span> 
     </span>
    </p>
   </div>
   <div class='ocr_carea' id='block_1_108' title="bbox 2188 4597 3768 4689">
    <p class='ocr_par' dir='ltr' id='par_1_108' title="bbox 2188 4597 3768 4689">
     <span class='ocr_line' id='line_1_108' title="bbox 2188 4597 3768 4689; baseline -0.017 -14"><span class='ocrx_word' id='word_1_791' title='bbox 2188 4597 2385 4689; x_wconf 80' lang='lat' dir='ltr'><strong>Papam</strong></span> <span class='ocrx_word' id='word_1_792' title='bbox 2414 4617 2483 4672; x_wconf 91' lang='lat' dir='ltr'><strong>de</strong></span> <span class='ocrx_word' id='word_1_793' title='bbox 2510 4612 2901 4671; x_wconf 85' lang='lat' dir='ltr'><strong>calamitatibus</strong></span> <span class='ocrx_word' id='word_1_794' title='bbox 2920 4651 2933 4674; x_wconf 94' lang='lat'><strong>,</strong></span> <span class='ocrx_word' id='word_1_795' title='bbox 2965 4623 3083 4678; x_wconf 80' lang='lat' dir='ltr'><strong>qua:</strong></span> <span class='ocrx_word' id='word_1_796' title='bbox 3107 4602 3432 4660; x_wconf 86' lang='lat' dir='ltr'><strong>Orientalem</strong></span> <span class='ocrx_word' id='word_1_797' title='bbox 3474 4597 3768 4689; x_wconf 80' lang='lat' dir='ltr'><strong>Ecclesiam</strong></span> 
     </span>
    </p>
   </div>
   <div class='ocr_carea' id='block_1_109' title="bbox 2188 4685 3771 4773">
    <p class='ocr_par' dir='ltr' id='par_1_109' title="bbox 2188 4685 3771 4773">
     <span class='ocr_line' id='line_1_109' title="bbox 2188 4685 3771 4773; baseline -0.016 -9"><span class='ocrx_word' id='word_1_798' title='bbox 2188 4685 2534 4773; x_wconf 73' lang='lat' dir='ltr'><strong>divexabant,</strong></span> <span class='ocrx_word' id='word_1_799' title='bbox 2578 4704 2944 4764; x_wconf 81' lang='lat' dir='ltr'><strong>informareut,</strong></span> <span class='ocrx_word' id='word_1_800' title='bbox 2983 4707 3140 4766; x_wconf 91' lang='lat' dir='ltr'><strong>atque</strong></span> <span class='ocrx_word' id='word_1_801' title='bbox 3164 4709 3285 4749; x_wconf 91' lang='lat' dir='ltr'><strong>eum</strong></span> <span class='ocrx_word' id='word_1_802' title='bbox 3316 4701 3374 4745; x_wconf 88' lang='lat' dir='ltr'><strong>ut</strong></span> <span class='ocrx_word' id='word_1_803' title='bbox 3416 4688 3656 4745; x_wconf 82' lang='lat' dir='ltr'><strong>remedia</strong></span> <span class='ocrx_word' id='word_1_804' title='bbox 3682 4685 3771 4740; x_wconf 87' lang='lat' dir='ltr'><strong>ad-</strong></span> 
     </span>
    </p>
   </div>
   <div class='ocr_carea' id='block_1_110' title="bbox 2191 4779 3765 4863">
    <p class='ocr_par' dir='ltr' id='par_1_110' title="bbox 2191 4779 3765 4863">
     <span class='ocr_line' id='line_1_110' title="bbox 2191 4779 3765 4863; baseline -0.018 -7"><span class='ocrx_word' id='word_1_805' title='bbox 2191 4802 2397 4856; x_wconf 89' lang='lat' dir='ltr'><strong>hiberet</strong></span> <span class='ocrx_word' id='word_1_806' title='bbox 2416 4798 2748 4853; x_wconf 91' lang='lat' dir='ltr'><strong>inducerent.</strong></span> <span class='ocrx_word' id='word_1_807' title='bbox 2776 4791 3053 4863; x_wconf 87' lang='lat' dir='ltr'><strong>Cyriacus,</strong></span> <span class='ocrx_word' id='word_1_808' title='bbox 3071 4783 3439 4857; x_wconf 88' lang='lat' dir='ltr'><strong>Synnadorum</strong></span> <span class='ocrx_word' id='word_1_809' title='bbox 3466 4779 3765 4848; x_wconf 82' lang='lat' dir='ltr'><strong>episcopus,</strong></span> 
     </span>
    </p>
   </div>
   <div class='ocr_carea' id='block_1_111' title="bbox 2189 4868 3766 4957">
    <p class='ocr_par' dir='ltr' id='par_1_111' title="bbox 2189 4868 3766 4957">
     <span class='ocr_line' id='line_1_111' title="bbox 2189 4868 3766 4957; baseline -0.018 -9"><span class='ocrx_word' id='word_1_810' title='bbox 2189 4894 2348 4949; x_wconf 91' lang='lat' dir='ltr'><strong>nullis</strong></span> <span class='ocrx_word' id='word_1_811' title='bbox 2369 4894 2657 4946; x_wconf 88' lang='lat' dir='ltr'><strong>instructus</strong></span> <span class='ocrx_word' id='word_1_812' title='bbox 2683 4884 2944 4957; x_wconf 86' lang='lat' dir='ltr'><strong>epistolis,</strong></span> <span class='ocrx_word' id='word_1_813' title='bbox 2962 4878 3062 4937; x_wconf 33' lang='lat' dir='ltr'><strong>&#39;sed</strong></span> <span class='ocrx_word' id='word_1_814' title='bbox 3088 4880 3154 4934; x_wconf 89' lang='lat' dir='ltr'><strong>ad</strong></span> <span class='ocrx_word' id='word_1_815' title='bbox 3170 4892 3288 4934; x_wconf 91' lang='lat' dir='ltr'><strong>eam</strong></span> <span class='ocrx_word' id='word_1_816' title='bbox 3307 4888 3419 4929; x_wconf 90' lang='lat' dir='ltr'><strong>rem</strong></span> <span class='ocrx_word' id='word_1_817' title='bbox 3443 4868 3766 4927; x_wconf 80' lang='lat' dir='ltr'><strong>tractandam</strong></span> 
     </span>
    </p>
   </div>
   <div class='ocr_carea' id='block_1_112' title="bbox 2190 4958 3767 5046">
    <p class='ocr_par' dir='ltr' id='par_1_112' title="bbox 2190 4958 3767 5046">
     <span class='ocr_line' id='line_1_112' title="bbox 2190 4958 3767 5046; baseline -0.02 -6"><span class='ocrx_word' id='word_1_818' title='bbox 2190 4984 2433 5046; x_wconf 91' lang='lat' dir='ltr'><strong>idoneus,</strong></span> <span class='ocrx_word' id='word_1_819' title='bbox 2465 4981 2695 5037; x_wconf 87' lang='lat' dir='ltr'><strong>edictum</strong></span> <span class='ocrx_word' id='word_1_820' title='bbox 2745 4973 3025 5046; x_wconf 90' lang='lat' dir='ltr'><strong>lmperiale</strong></span> <span class='ocrx_word' id='word_1_821' title='bbox 3059 4967 3393 5032; x_wconf 87' lang='lat' dir='ltr'><strong>ostendebat,</strong></span> <span class='ocrx_word' id='word_1_822' title='bbox 3436 4975 3543 5031; x_wconf 92' lang='lat' dir='ltr'><strong>quo</strong></span> <span class='ocrx_word' id='word_1_823' title='bbox 3589 4958 3767 5014; x_wconf 74' lang='lat' dir='ltr'><strong>ediee~</strong></span> 
     </span>
    </p>
   </div>
   <div class='ocr_carea' id='block_1_113' title="bbox 2192 5050 3761 5143">
    <p class='ocr_par' dir='ltr' id='par_1_113' title="bbox 2192 5050 3761 5143">
     <span class='ocr_line' id='line_1_113' title="bbox 2192 5050 3761 5143; baseline -0.018 -11"><span class='ocrx_word' id='word_1_824' title='bbox 2192 5079 2364 5143; x_wconf 90' lang='lat' dir='ltr'><strong>batur,</strong></span> <span class='ocrx_word' id='word_1_825' title='bbox 2396 5084 2454 5129; x_wconf 92' lang='lat' dir='ltr'><strong>ut</strong></span> <span class='ocrx_word' id='word_1_826' title='bbox 2494 5072 2733 5143; x_wconf 87' lang='lat' dir='ltr'><strong>quisquis</strong></span> <span class='ocrx_word' id='word_1_827' title='bbox 2770 5084 2891 5125; x_wconf 90' lang='lat' dir='ltr'><strong>cum</strong></span> <span class='ocrx_word' id='word_1_828' title='bbox 2933 5062 3229 5132; x_wconf 81' lang='lat' dir='ltr'><strong>Theophila</strong></span> <span class='ocrx_word' id='word_1_829' title='bbox 3251 5102 3266 5127; x_wconf 94' lang='lat'><strong>,</strong></span> <span class='ocrx_word' id='word_1_830' title='bbox 3297 5056 3520 5114; x_wconf 83' lang='lat' dir='ltr'><strong>Arsaeio</strong></span> <span class='ocrx_word' id='word_1_831' title='bbox 3553 5061 3611 5143; x_wconf 80' lang='lat' dir='ltr'><strong>et</strong></span> <span class='ocrx_word' id='word_1_832' title='bbox 3638 5050 3761 5105; x_wconf 84' lang='lat' dir='ltr'><strong>Por-</strong></span> 
     </span>
    </p>
   </div>
   <div class='ocr_carea' id='block_1_114' title="bbox 2191 5152 3761 5240">
    <p class='ocr_par' dir='ltr' id='par_1_114' title="bbox 2191 5152 3761 5240">
     <span class='ocr_line' id='line_1_114' title="bbox 2191 5152 3761 5240; baseline -0.018 -17"><span class='ocrx_word' id='word_1_833' title='bbox 2191 5168 2381 5240; x_wconf 88' lang='lat' dir='ltr'><strong>phyrio</strong></span> <span class='ocrx_word' id='word_1_834' title='bbox 2419 5180 2525 5219; x_wconf 92' lang='lat' dir='ltr'><strong>non</strong></span> <span class='ocrx_word' id='word_1_835' title='bbox 2558 5159 2997 5221; x_wconf 86' lang='lat' dir='ltr'><strong>communicaret,</strong></span> <span class='ocrx_word' id='word_1_836' title='bbox 3030 5155 3096 5209; x_wconf 90' lang='lat' dir='ltr'><strong>ab</strong></span> <span class='ocrx_word' id='word_1_837' title='bbox 3126 5152 3435 5221; x_wconf 86' lang='lat' dir='ltr'><strong>episcopatu</strong></span> <span class='ocrx_word' id='word_1_838' title='bbox 3461 5152 3761 5240; x_wconf 78' lang='lat' dir='ltr'><strong>arceretur,</strong></span> 
     </span>
    </p>
   </div>
   <div class='ocr_carea' id='block_1_115' title="bbox 2190 5236 3767 5329">
    <p class='ocr_par' dir='ltr' id='par_1_115' title="bbox 2190 5236 3767 5329">
     <span class='ocr_line' id='line_1_115' title="bbox 2190 5236 3767 5329; baseline -0.02 -14"><span class='ocrx_word' id='word_1_839' title='bbox 2190 5236 2244 5316; x_wconf 81' lang='lat' dir='ltr'><strong>et</strong></span> <span class='ocrx_word' id='word_1_840' title='bbox 2267 5236 2521 5329; x_wconf 78' lang='lat' dir='ltr'><strong>quidquid</strong></span> <span class='ocrx_word' id='word_1_841' title='bbox 2565 5270 2724 5324; x_wconf 91' lang='lat' dir='ltr'><strong>opum</strong></span> <span class='ocrx_word' id='word_1_842' title='bbox 2752 5251 2837 5306; x_wconf 89' lang='lat' dir='ltr'><strong>vel</strong></span> <span class='ocrx_word' id='word_1_843' title='bbox 2875 5248 3182 5304; x_wconf 82' lang='lat' dir='ltr'><strong>facultatum</strong></span> <span class='ocrx_word' id='word_1_844' title='bbox 3218 5240 3441 5297; x_wconf 84' lang='lat' dir='ltr'><strong>haberet</strong></span> <span class='ocrx_word' id='word_1_845' title='bbox 3481 5236 3767 5329; x_wconf 87' lang='lat' dir='ltr'><strong>amitteret.</strong></span> 
     </span>
    </p>
   </div>
   <div class='ocr_carea' id='block_1_116' title="bbox 2192 5328 3765 5415">
    <p class='ocr_par' dir='ltr' id='par_1_116' title="bbox 2192 5328 3765 5415">
     <span class='ocr_line' id='line_1_116' title="bbox 2192 5328 3765 5415; baseline -0.018 -9"><span class='ocrx_word' id='word_1_846' title='bbox 2192 5328 2319 5406; x_wconf 83' lang='lat' dir='ltr'><strong>Post</strong></span> <span class='ocrx_word' id='word_1_847' title='bbox 2354 5363 2474 5404; x_wconf 91' lang='lat' dir='ltr'><strong>eum</strong></span> <span class='ocrx_word' id='word_1_848' title='bbox 2504 5345 2770 5415; x_wconf 88' lang='lat' dir='ltr'><strong>Eulysius,</strong></span> <span class='ocrx_word' id='word_1_849' title='bbox 2807 5342 3055 5410; x_wconf 71' lang='lat' dir='ltr'><strong>Apamea:</strong></span> <span class='ocrx_word' id='word_1_850' title='bbox 3100 5338 3152 5390; x_wconf 91' lang='lat' dir='ltr'><strong>in</strong></span> <span class='ocrx_word' id='word_1_851' title='bbox 3180 5331 3426 5404; x_wconf 84' lang='lat' dir='ltr'><strong>Bithynia</strong></span> <span class='ocrx_word' id='word_1_852' title='bbox 3464 5328 3765 5397; x_wconf 80' lang='lat' dir='ltr'><strong>episcOpus.</strong></span> 
     </span>
    </p>
   </div>
   <div class='ocr_carea' id='block_1_117' title="bbox 2190 5421 3768 5508">
    <p class='ocr_par' dir='ltr' id='par_1_117' title="bbox 2190 5421 3768 5508">
     <span class='ocr_line' id='line_1_117' title="bbox 2190 5421 3768 5508; baseline -0.018 -12"><span class='ocrx_word' id='word_1_853' title='bbox 2190 5443 2336 5497; x_wconf 84' lang='lat' dir='ltr'><strong>venit</strong></span> <span class='ocrx_word' id='word_1_854' title='bbox 2364 5457 2379 5494; x_wconf 92' lang='lat'><strong>:</strong></span> <span class='ocrx_word' id='word_1_855' title='bbox 2403 5439 2491 5508; x_wconf 91' lang='lat' dir='ltr'><strong>qui</strong></span> <span class='ocrx_word' id='word_1_856' title='bbox 2521 5438 2702 5492; x_wconf 89' lang='lat' dir='ltr'><strong>literas</strong></span> <span class='ocrx_word' id='word_1_857' title='bbox 2730 5431 2985 5487; x_wconf 83' lang='lat' dir='ltr'><strong>afferebat</strong></span> <span class='ocrx_word' id='word_1_858' title='bbox 3010 5425 3311 5498; x_wconf 88' lang='lat' dir='ltr'><strong>quindecim</strong></span> <span class='ocrx_word' id='word_1_859' title='bbox 3340 5421 3712 5491; x_wconf 85' lang='lat' dir='ltr'><strong>episcoporum</strong></span> <span class='ocrx_word' id='word_1_860' title='bbox 3742 5430 3768 5467; x_wconf 90' lang='lat' dir='ltr'><strong>e</strong></span> 
     </span>
    </p>
   </div>
   <div class='ocr_carea' id='block_1_118' title="bbox 2193 5508 3767 5606">
    <p class='ocr_par' dir='ltr' id='par_1_118' title="bbox 2193 5508 3767 5606">
     <span class='ocr_line' id='line_1_118' title="bbox 2193 5508 3767 5606; baseline -0.02 -18"><span class='ocrx_word' id='word_1_861' title='bbox 2193 5532 2406 5605; x_wconf 83' lang='lat' dir='ltr'><strong>Synodo</strong></span> <span class='ocrx_word' id='word_1_862' title='bbox 2428 5529 2669 5595; x_wconf 77' lang='lat' dir='ltr'><strong>Joannis,</strong></span> <span class='ocrx_word' id='word_1_863' title='bbox 2690 5535 2744 5580; x_wconf 92' lang='lat' dir='ltr'><strong>ct</strong></span> <span class='ocrx_word' id='word_1_864' title='bbox 2760 5523 2944 5595; x_wconf 89' lang='lat' dir='ltr'><strong>optimi</strong></span> <span class='ocrx_word' id='word_1_865' title='bbox 2972 5518 3116 5575; x_wconf 88' lang='lat' dir='ltr'><strong>senis</strong></span> <span class='ocrx_word' id='word_1_866' title='bbox 3139 5516 3342 5587; x_wconf 78' lang='lat' dir='ltr'><strong>Anysii,</strong></span> <span class='ocrx_word' id='word_1_867' title='bbox 3363 5508 3767 5606; x_wconf 71' lang='lat' dir='ltr'><strong>Thessaloniees</strong></span> 
     </span>
    </p>
   </div>
   <div class='ocr_carea' id='block_1_119' title="bbox 2194 5602 3766 5700">
    <p class='ocr_par' dir='ltr' id='par_1_119' title="bbox 2194 5602 3766 5700">
     <span class='ocr_line' id='line_1_119' title="bbox 2194 5602 3766 5700; baseline -0.02 -21"><span class='ocrx_word' id='word_1_868' title='bbox 2194 5602 2452 5695; x_wconf 86' lang='lat' dir='ltr'><strong>episcopi,</strong></span> <span class='ocrx_word' id='word_1_869' title='bbox 2481 5629 2536 5675; x_wconf 90' lang='lat' dir='ltr'><strong>et</strong></span> <span class='ocrx_word' id='word_1_870' title='bbox 2560 5626 2876 5690; x_wconf 67' lang='lat' dir='ltr'><strong>prtesentem</strong></span> <span class='ocrx_word' id='word_1_871' title='bbox 2918 5622 2971 5669; x_wconf 92' lang='lat' dir='ltr'><strong>et</strong></span> <span class='ocrx_word' id='word_1_872' title='bbox 3010 5609 3241 5682; x_wconf 89' lang='lat' dir='ltr'><strong>priorem</strong></span> <span class='ocrx_word' id='word_1_873' title='bbox 3278 5606 3443 5699; x_wconf 87' lang='lat' dir='ltr'><strong>totius</strong></span> <span class='ocrx_word' id='word_1_874' title='bbox 3467 5602 3766 5700; x_wconf 63' lang='lat' dir='ltr'><strong>Constanti-</strong></span> 
     </span>
    </p>
   </div>
   <div class='ocr_carea' id='block_1_120' title="bbox 2198 5690 3761 5786">
    <p class='ocr_par' dir='ltr' id='par_1_120' title="bbox 2198 5690 3761 5786">
     <span class='ocr_line' id='line_1_120' title="bbox 2198 5690 3761 5786; baseline -0.019 -15"><span class='ocrx_word' id='word_1_875' title='bbox 2198 5690 2406 5786; x_wconf 80' lang='lat' dir='ltr'><strong>nopolis</strong></span> <span class='ocrx_word' id='word_1_876' title='bbox 2435 5710 2786 5781; x_wconf 90' lang='lat' dir='ltr'><strong>direptionem</strong></span> <span class='ocrx_word' id='word_1_877' title='bbox 2816 5705 3179 5761; x_wconf 82' lang='lat' dir='ltr'><strong>testificantes.</strong></span> <span class='ocrx_word' id='word_1_878' title='bbox 3213 5694 3442 5768; x_wconf 70' lang='lat' dir='ltr'><strong>Any&#39;sius</strong></span> <span class='ocrx_word' id='word_1_879' title='bbox 3470 5708 3597 5748; x_wconf 88' lang='lat' dir='ltr'><strong>vero</strong></span> <span class='ocrx_word' id='word_1_880' title='bbox 3619 5690 3761 5745; x_wconf 78' lang='lat' dir='ltr'><strong>dice-</strong></span> 
     </span>
    </p>
   </div>
   <div class='ocr_carea' id='block_1_121' title="bbox 2198 5790 3532 5875">
    <p class='ocr_par' dir='ltr' id='par_1_121' title="bbox 2198 5790 3532 5875">
     <span class='ocr_line' id='line_1_121' title="bbox 2198 5790 3532 5875; baseline -0.016 -14"><span class='ocrx_word' id='word_1_881' title='bbox 2198 5808 2288 5862; x_wconf 89' lang='lat' dir='ltr'><strong>bat</strong></span> <span class='ocrx_word' id='word_1_882' title='bbox 2310 5820 2368 5860; x_wconf 91' lang='lat' dir='ltr'><strong>se</strong></span> <span class='ocrx_word' id='word_1_883' title='bbox 2388 5803 2583 5875; x_wconf 87' lang='lat' dir='ltr'><strong>judicio</strong></span> <span class='ocrx_word' id='word_1_884' title='bbox 2613 5800 2870 5855; x_wconf 72' lang='lat' dir='ltr'><strong>Romamn</strong></span> <span class='ocrx_word' id='word_1_885' title='bbox 2901 5794 3154 5851; x_wconf 65' lang='lat' dir='ltr'><strong>Ecclesire</strong></span> <span class='ocrx_word' id='word_1_886' title='bbox 3178 5790 3532 5860; x_wconf 84' lang='lat' dir='ltr'><strong>acquiescere.</strong></span> 
     </span>
    </p>
   </div>
  </div>
