3954 6426
215 350 315 406 249

277 463 474 533 Elapso
528 477 712 521 mense
763 463 985 518 accessit
1036 461 1332 525 Palladius,
1392 458 1785 528 llelenopoleos

214 567 497 623 episcopus
518 593 532 616 ,
566 567 624 606 se
666 553 893 606 furorem
922 552 1261 620 magistratus
1287 548 1588 604 declinandi
1626 562 1783 602 causa

209 644 406 712 fugisse
433 655 683 707 narrans,
706 649 760 695 et
779 655 897 710 qua:
919 649 1045 695 tunc
1067 640 1183 694 dira
1208 640 1593 694 exercebantur
1617 638 1784 708 signi-

210 736 389 791 beans.
412 734 548 789 Post
579 734 867 788 Palladium
898 735 1043 788 venit
1074 733 1377 789 Germanus
1404 732 1708 802 presbyter,
1732 740 1785 785 et

209 838 326 880 eum
358 824 448 877 illo
472 822 761 878 Cassianus
784 823 1070 887 diaconus,
1100 823 1151 876 in
1193 832 1302 877 toto
1329 823 1457 876 orbe
1484 821 1785 876 Christiano

210 914 593 969 celeberrimus
621 930 633 966 :
658 913 747 983 qui
769 914 948 968 literas
969 912 1258 967 offerebant
1283 912 1446 966 totius
1463 911 1599 964 Cleri
1622 909 1786 964 Joan-

212 1005 293 1061 ais
318 1003 714 1072 Chrysostomi,
762 1004 1104 1058 testificantes
1147 1003 1452 1072 episcopum
1496 1014 1648 1054 suum
1700 1009 1783 1070 ty-

212 1093 423 1147 rannice
454 1092 506 1146 in
546 1093 789 1148 exsilium
829 1102 1001 1146 actum
1036 1105 1155 1147 esse
1182 1107 1275 1161 per
1297 1090 1578 1145 factionem
1607 1089 1784 1143 Acacii

213 1185 841 1253 Bumensis,'l'heophili
897 1183 1270 1247 Alexandrini,
1320 1180 1563 1236 Antiochi
1612 1179 1787 1233 Ptole-

215 1276 430 1340 maidos,
459 1284 516 1329 et
536 1274 807 1330 Severiani
833 1273 1174 1328 Gabalorum.
1204 1271 1283 1325 Ad
1314 1270 1431 1325 lucc
1459 1269 1782 1323 breviculum

215 1366 580 1431 ostenderunt,
602 1379 705 1433 quo
734 1364 961 1432 pretiosa
987 1377 1108 1416 vasa
1137 1361 1463 1416 tradiderant
1487 1374 1666 1414 coram
1692 1359 1783 1427 ju-

214 1455 432 1519 dicibus,
454 1454 648 1508 Studio
677 1451 934 1508 Prtefecto
975 1452 1144 1518 urbis,
1176 1449 1506 1521 Eutychiano
1530 1448 1784 1502 Prmfecto

215 1543 483 1607 Pnetorii,
532 1542 741 1597 Joanne
791 1541 997 1596 Comite
1045 1541 1413 1595 thesaurorum
1440 1578 1456 1603 ,
1509 1537 1784 1591 Enstathio

213 1636 482 1704 Qumstore
511 1642 568 1688 ct
591 1632 910 1697 Tabulariis,
940 1632 993 1685 in
1020 1646 1172 1697 auro,
1205 1638 1424 1699 argento
1443 1637 1499 1683 et
1525 1627 1779 1691 vestibus,

215 1726 522 1781 calumniam
549 1722 742 1779 Joanni
779 1723 1033 1792 episcopo
1065 1720 1343 1776 confictam
1389 1717 1776 1789 propulsantes.

216 1814 318 1881 Qua
344 1815 411 1870 de
443 1829 502 1868 re
531 1823 711 1868 actum
736 1821 837 1878 est,
864 1827 983 1867 cum
1013 1810 1082 1866 de
1108 1809 1416 1880 expulsione
1435 1807 1775 1878 Chryostomi

216 1907 364 1963 verba
391 1906 637 1961 fecimus.

277 1999 397 2053 Post
425 1998 547 2053 illos
578 1996 760 2062 rediit,
795 1995 884 2065 qui
905 1995 1015 2066 jam
1054 2002 1177 2049 ante
1213 2000 1429 2048 venerat
1462 1990 1779 2056 Demetrius,

217 2087 531 2142 I‘essinuntis
581 2086 895 2155 episcopus,
941 2085 1033 2154 qui
1087 2083 1357 2139 Orientem
1408 2088 1780 2152 percnrrerat,

219 2177 496 2248 prmdicans
534 2176 905 2230 Romanorum
945 2173 1373 2229 communionem
1415 2186 1535 2225 eum
1579 2170 1785 2225 Joanne

215 2270 464 2339 episcopo,
495 2266 734 2322 ostensis
752 2266 1042 2321 Innocentii
1060 2265 1214 2333 Papa;
1235 2263 1436 2326 literis;
1461 2272 1583 2315 tunc
1604 2270 1781 2315 autem

218 2359 422 2414 atl‘erens
451 2360 641 2413 literas
663 2356 1029 2427 episcoporum
1056 2353 1247 2419 Cariae,
1279 2353 1366 2422 qui
1391 2352 1610 2407 Joannis
1633 2365 1782 2404 com-

217 2452 505 2505 munionem
542 2448 1039 2517 amplectebantur,
1071 2446 1306 2514 aliasque
1351 2444 1781 2514 presbyterorum

218 2544 525 2610 Antiochia),
579 2542 669 2612 qui
700 2541 989 2595 Romanam
1032 2539 1364 2608 disciplinam
1407 2537 1780 2606 sequebantur,

218 2632 662 2703 deplorabantque
712 2631 990 2702 Porphyrii
1040 2630 1425 2685 ordinationem
1473 2636 1654 2682 contra
1695 2626 1784 2695 jus

218 2721 383 2793 usque
406 2723 636 2777 inducti.

280 2816 396 2872 Post
418 2816 533 2870 illos
572 2829 761 2871 omnes
780 2815 927 2870 venit
954 2814 1283 2868 Domitianus
1305 2812 1603 2883 presbyter,
1638 2825 1786 2865 osco-

220 2921 391 2963 nomus
433 2906 699 2975 Ecclesia:
748 2905 1381 2975 ConstantinOpolitanaz,
1437 2912 1493 2958 ct
1544 2903 1785 2973 Vallagas

217 2997 431 3067 quidam,
459 2995 750 3068 presbyter
771 2996 1075 3061 Nisibenus,
1094 3009 1318 3049 narrans
1343 2993 1783 3048 monasteriorum

217 3087 597 3159 Mesopotamia:
626 3086 985 3142 afﬂictionem.
1018 3086 1080 3140 Hi
1109 3086 1265 3141 etiam
1304 3084 1634 3153 protulerunt
1662 3091 1779 3136 aeta

218 3177 374 3249 Optati
401 3177 651 3234 Prtefccti
668 3218 683 3241 ,
715 3178 767 3231 in
793 3178 942 3247 queis
964 3175 1232 3231 ferebatur
1260 3175 1510 3229 honestas
1537 3172 1786 3227 mulieres

218 3281 278 3322 ex
297 3284 483 3338 genere
511 3267 802 3324 consulum
841 3266 1169 3321 diaconissas
1200 3264 1452 3319 Ecclesia:
1477 3262 1782 3317 Constanti-

220 3361 537 3429 nopolitanm,
578 3358 630 3413 in
653 3359 822 3413 oculis
840 3357 1019 3428 populi
1040 3356 1107 3412 ad
1133 3371 1253 3411 eum
1278 3354 1553 3418 adductas,
1575 3363 1786 3408 coactas

219 3449 365 3507 fuisse
387 3460 476 3507 aut
505 3465 639 3507 eum
667 3451 887 3504 Arsacio
913 3447 1340 3513 communicare,
1373 3454 1465 3500 aut
1492 3446 1621 3500 fisco
1659 3445 1787 3499 dare

219 3543 453 3600 ducentas
500 3543 626 3599 auri
668 3543 846 3597 libras.
878 3543 1084 3596 Ascetze
1109 3554 1320 3611 quoque
1345 3549 1399 3594 et
1439 3538 1667 3607 virgines
1694 3537 1788 3589 ad-

217 3645 370 3701 erant,
387 3634 737 3691 ostendentes
751 3634 949 3688 sulcata
965 3632 1133 3688 latera
1151 3631 1205 3687 in
1221 3631 1469 3701 equuleo,
1489 3639 1544 3685 et
1565 3630 1617 3684 in
1640 3637 1786 3699 tergo

218 3726 478 3782 verberum
508 3735 692 3782 notas.

280 3817 562 3876 Innocentii
607 3817 767 3889 Papae
796 3819 976 3877 (item.
996 3848 1069 3860 ——
1091 3818 1185 3875 llis
1207 3818 1508 3888 conspectis
1540 3818 1787 3871 omnilms

219 3910 541 3968 innocentius
567 3911 707 3982 Papa
747 3911 1152 3982 Chrysostomo,
1174 3926 1203 3964 a
1229 3925 1334 3980 quo
1362 3910 1543 3973 literas
1567 3923 1788 3977 accepe-

218 4009 310 4065 rat,
328 4002 625 4072 rescripsit,
643 4009 696 4054 et
711 4000 775 4054 ad
799 4001 1103 4070 patientiam
1121 4001 1174 4054 in
1192 4009 1335 4054 tanta
1352 3994 1626 4053 subeunda
1642 3998 1787 4052 cala-

220 4095 384 4149 mitate
407 4097 719 4148 cohortatus
747 4103 829 4148 est
857 4092 1089 4161 (Sozam.
1119 4095 1157 4147 ι.
1197 4093 1253 4148 8.
1293 4108 1339 4145 c.
1366 4091 1483 4159 26).
1513 4090 1787 4158 Episcopis

220 4183 385 4248 etiam,
427 4184 782 4255 presbyteris,
823 4182 1062 4238 diaconis
1094 4190 1149 4238 et
1188 4182 1443 4236 universo
1485 4180 1641 4235 Clero
1683 4180 1787 4234 Ec-

217 4274 379 4329 clesia:
406 4273 1031 4344 Constantinopolitanar,
1060 4274 1148 4344 qui
1175 4271 1277 4327 sibi
1302 4273 1482 4326 literas
1512 4271 1784 4335 miserant,

218 4377 305 4432 per
325 4363 649 4419 Germanum
694 4365 1060 4435 presbyterum
1085 4373 1140 4419 et
1163 4362 1471 4417 Cassianum
1506 4362 1787 4415 diaconum

219 4455 500 4523 respondit,
534 4463 741 4509 tantum
777 4456 974 4508 malum
1027 4455 1127 4509 sibi
1158 4452 1450 4508 renuntiari
1489 4452 1703 4517 dicens,
1734 4460 1789 4504 ut

219 4545 321 4598 sola
349 4546 617 4616 patientiae
656 4546 1019 4601 consolatione
1054 4546 1229 4601 sanari
1262 4559 1418 4616 posse
1460 4552 1621 4613 putet.
1650 4542 1786 4597 Tum

216 4648 322 4700 eos,
359 4638 448 4705 qui
474 4652 582 4692 non
611 4636 847 4692 auditum
890 4637 1147 4691 Joannem
1186 4636 1594 4699 damnaverunt,
1629 4647 1686 4689 ut
1712 4634 1789 4689 fa-

217 4723 485 4783 cinorosos
517 4728 783 4797 improbat
814 4744 829 4782 :
861 4730 1325 4798 necessariumque
1356 4742 1477 4783 esse
1504 4728 1577 4781 ait
1617 4727 1790 4799 Syno-

214 4812 332 4868 dum
352 4833 567 4888 cogere,
588 4834 707 4890 qua:
724 4819 789 4874 de
808 4827 951 4874 tanta
977 4834 1037 4874 re
1059 4821 1223 4888 possit
1237 4819 1548 4874 decernere.
1572 4819 1642 4874 Se
1657 4833 1787 4873 vero

214 4907 405 4974 omnia,
450 4923 573 4978 quae
604 4910 703 4979 ipsi
730 4910 1039 4977 narrabant,
1067 4910 1335 4964 audivisse
1371 4909 1501 4964 dicit
1543 4926 1572 4963 a
1603 4909 1785 4980 coepi-

216 4998 382 5068 scopis
401 5001 514 5054 suis
538 5001 823 5069 Demetrio,
846 5000 1089 5073 Cyriaco,
1110 5000 1327 5073 Enlysio
1350 5010 1404 5055 et
1421 5001 1674 5067 Palladio,
1693 5003 1786 5071 qui

213 5095 330 5145 tunc
349 5092 535 5147 Romus
559 5102 731 5149 erant.

281 5181 604 5240 Innocentius
637 5185 785 5255 Papa
818 5196 864 5240 et
894 5185 1154 5240 Honorius
1184 5184 1324 5255 Imp.
1365 5185 1631 5257 Synodum
1656 5203 1789 5242 uacu-

217 5276 452 5329 mznicam
467 5277 707 5332 celebrari
732 5280 961 5350 cupiunt.
983 5308 1052 5318 —
1076 5279 1149 5333 De
1169 5278 1406 5334 Concilio
1427 5279 1585 5349 igitur
1607 5279 1785 5336 (Ecu-

217 5367 417 5422 menico
441 5370 682 5438 cogendo
703 5371 769 5426 ad
799 5371 1090 5426 Honorium
1115 5372 1492 5442 Imperatorem
1522 5382 1650 5426 tunc
1680 5375 1786 5427 lla-

218 5469 395 5511 vennac
435 5471 735 5516 versantem
761 5464 991 5533 scripsit.
1023 5463 1122 5531 Qui
1153 5480 1264 5518 rem
1293 5478 1632 5532 summepere
1664 5480 1788 5532 pro-

222 5543 512 5616 bansjussit
528 5547 940 5607 Occidentalium
962 5552 1232 5623 Synodum
1263 5554 1401 5624 cogi.
1422 5551 1601 5608 Coacti
1630 5553 1788 5623 igitur

222 5635 445 5706 episcopi
472 5639 650 5705 Italige,
684 5653 738 5697 ut
766 5645 838 5698 ait
866 5644 1128 5699 Palladius
1158 5645 1391 5715 (eadem
1429 5661 1661 5715 namque
1686 5646 1790 5701 Oc-

221 5724 437 5782 cidentis
479 5733 758 5799 provincia:
785 5745 838 5791 et
878 5736 1119 5806 regiones
1150 5737 1643 5809 septentrionalium
1686 5755 1784 5794 na-

1367 349 1545 405 NUNC
1587 346 1849 404 PRIMUM
1881 348 2271 404 ADORNATA.
3360 345 3465 401 250

1899 469 2101 514 ttonum
2131 448 2492 514 invasionibus
2522 458 2850 527 laborantes,
2887 457 2971 512 vix
2999 465 3243 526 poterant
3271 456 3325 511 in
3364 458 3465 511 Ita-

1894 548 2018 602 liam
2043 548 2323 618 episcopos
2346 562 2473 603 suos
2500 549 2732 617 mittere)
2762 565 2777 605 :
2808 563 2912 602 una
2944 547 3041 602 fuit
3059 556 3236 602 autem
3267 548 3467 618 episco-

1894 651 2081 706 porum
2107 639 2369 692 sententia
2393 655 2408 701 ;
2439 638 2688 691 nimirum
2719 646 2777 691 ut
2806 646 2954 691 tanto
3000 637 3141 692 malo
3169 637 3463 693 remedium

1892 725 2190 791 efferretur,
2224 727 2584 782 necessarium
2610 741 2729 781 esse
2756 726 3047 781 Concilium
3076 728 3462 784 oscumenicum

1893 816 2311 872 Occidentalium
2338 817 2496 872 simul
2520 827 2574 872 et
2601 818 2968 881 Orientalium,
2994 828 3048 873 et
3070 819 3465 875 Thessalonica:

1893 906 2232 962 indicendum
2278 922 2417 972 esse,
2460 916 2516 962 ut
2555 906 2762 962 facilius
2797 908 3029 964 Orientis
3070 921 3127 964 et
3164 909 3467 966 Occidentis

1892 997 2264 1066 pratsulesillo
2302 1013 2584 1055 accurrere
2614 1006 2851 1068 possent.
2899 999 2992 1054 llis
3022 1003 3316 1057 assentiens
3358 1002 3465 1057 lle-

1892 1090 2094 1155 norius,
2125 1091 2364 1146 Romano
2392 1090 2636 1147 Pontillci
2665 1091 2976 1147 Innocentio
3002 1094 3235 1162 scripsit,
3268 1103 3326 1148 ut
3352 1095 3463 1162 epi—

1890 1193 2080 1249 scopos
2094 1181 2329 1250 quinque
2340 1180 2835 1251 Constantinopolin
2851 1183 3106 1249 mitteret,
3126 1184 3465 1253 presbyteros

1890 1275 2044 1341 duos,
2074 1287 2129 1332 et
2166 1278 2467 1343 diaconum,
2496 1278 2586 1348 qni
2633 1292 2780 1333 suam
2822 1277 2888 1331 ad
2919 1277 3138 1332 fratrem
3183 1277 3464 1332 Arcadium

1891 1367 2169 1435 epistolam
2195 1367 2466 1422 aﬂ'crt'eut.

1962 1456 2254 1526 Epistolam
2282 1458 2439 1528 igitur
2463 1458 2691 1513 Arcadio
2731 1458 2878 1512 fratri
2906 1458 3151 1527 scripsit,
3180 1472 3336 1526 quam
3365 1457 3465 1525 ipsi

1893 1548 2102 1602 tertiam
2132 1565 2193 1603 ea
2231 1550 2298 1604 de
2325 1565 2385 1606 re
2427 1550 2643 1605 mittere
2686 1549 2846 1617 dicit,
2891 1560 3148 1621 rogatque
3184 1551 3467 1621 episcopos

1888 1637 2184 1693 Orientales
2216 1648 2368 1694 curet
2402 1639 2794 1695 Thessalonica:
2831 1641 3177 1710 congregari,
3204 1650 3467 1709 cogatque

1890 1728 2271 1798 Theophilum,
2300 1731 2389 1799 qui
2431 1731 2668 1784 omnium
2714 1730 2974 1784 malorum
3016 1744 3174 1783 causa
3222 1745 3343 1784 esse
3385 1730 3462 1781 fe-

1888 1819 2134 1882 rebatur,
2189 1819 2426 1874 Concilio
2474 1819 2686 1874 adesse.
2736 1819 2808 1874 Se
2854 1820 3054 1889 legatos
3105 1819 3202 1888 ipsi
3255 1819 3464 1871 mittere

1888 1908 2085 1975 probos
2112 1916 2166 1963 et
2191 1910 2302 1963 veri
2350 1918 2626 1972 amantes,
2653 1922 2790 1977 quos
2825 1916 2884 1962 ut
2912 1909 3047 1963 bene
3087 1909 3313 1977 excipiat
3340 1908 3465 1960 hor-

1892 2005 2050 2051 tatur.
2097 1997 2201 2065 Qui
2247 2012 2374 2052 vero
2420 1998 2568 2052 missi
2609 1997 2759 2053 fuere
2798 1999 2978 2067 legati,
3029 2007 3184 2050 erant
3229 1997 3463 2065 episcopi

1888 2085 2160 2153 Emilius,
2181 2087 2492 2159 Cytbegius,
2515 2087 2844 2143 Gaudentius
2857 2098 2912 2142 et
2931 2087 3228 2151 Marianus;
3247 2088 3464 2156 quintus

1889 2188 2064 2232 autem
2091 2194 2122 2233 a
2163 2179 2400 2233 Palladio
2441 2194 2549 2234 non
2576 2179 2883 2234 nominatur
2909 2197 2921 2229 :
2950 2179 3248 2249 presbyteri
3285 2188 3463 2232 autem

1890 2269 1995 2322 duo
2018 2280 2169 2323 erant
2195 2267 2597 2324 Valentinianus
2625 2281 2679 2324 et
2705 2270 3027 2324 Bonifacius.

1960 2360 2192 2429 Anysius
2219 2360 2425 2428 virjam
2452 2374 2615 2415 senex
2640 2368 2694 2414 et
2721 2361 2937 2430 probus,
2974 2361 3254 2429 episcopus
3290 2359 3463 2415 Thcs-
3502 2414 3505 2415 ν

1889 2450 2267 2516 salonicensis,
2287 2451 2470 2504 literas
2500 2450 2718 2520 Eulysio
2752 2450 2993 2515 dederat,
3025 2460 3081 2504 ut
3110 2451 3353 2516 vidimus,
3385 2451 3468 2504 1η-

1890 2540 2137 2593 nocentio
2170 2539 2322 2608 Papa:
2353 2539 2671 2606 afferendas,
2703 2541 2854 2610 queis
2882 2555 2941 2595 se
2967 2555 3064 2609 pro
3083 2540 3467 2612 Chrysostomo

1889 2644 2031 2689 stare
2057 2634 2457 2688 testificabatur.
2500 2632 2635 2687 Huic
2662 2627 2899 2687 summas
2922 2634 3117 2703 gratias
3154 2633 3262 2701 egit
3290 2632 3467 2701 Chry-

1888 2733 2158 2780 sostomus
2203 2724 2256 2778 in
2306 2725 2535 2793 cpistola
2575 2723 2697 2778 162.
2746 2723 2876 2776 Eam
2929 2723 3127 2776 tardius
3169 2736 3326 2791 quam
3374 2736 3469 2789 par

1888 2816 2079 2872 fuisset
2120 2831 2180 2872 se
2214 2816 2425 2870 misisse
2469 2815 2814 2881 testilicatur,
2843 2815 2911 2868 ob
2958 2814 3058 2865 loci
3106 2812 3464 2865 solitudinem.

1891 2907 2182 2977 Virumque
2229 2906 2409 2961 laudat
2436 2920 2465 2959 a
2492 2902 2800 2960 fortitudine
2838 2912 2894 2958 et
2932 2903 3248 2965 constantia,
3285 2900 3466 2956 horta.

1892 3008 2082 3068 turque
2122 3006 2179 3051 ut
2224 2998 2340 3067 pari
2384 2999 2577 3052 virtute
2618 3004 2803 3066 pergat
2833 2995 3121 3050 Ecclesiam
3162 2993 3467 3048 defendere.

1892 3089 2181 3158 Epistolam
2209 3103 2420 3158 quoque
2451 3089 2553 3143 165
2582 3087 2726 3141 misit
2752 3087 2819 3140 ad
2849 3087 3128 3155 episcopos
3153 3100 3339 3147 omnes
3359 3085 3470 3138 Ma-

1890 3183 2148 3246 cedoniae,
2181 3180 2366 3236 eadem
2395 3179 2561 3233 ferme
2603 3178 2714 3245 ipsa
2741 3177 3017 3246 ferentem.
3052 3176 3264 3229 Illorum
3293 3184 3470 3228 autem

1892 3245 2216 3328 undecimin
2266 3271 2417 3325 titulo
2468 3270 2682 3323 nomina
2722 3267 2943 3337 profert,
2966 3245 3280 3336 ’agmcnque
3326 3266 3471 3320 dtu-it

1891 3366 2124 3437 Anysius
2176 3362 2708 3426 Thessalonicensis;
2766 3360 2831 3414 ad
2900 3367 3230 3428 czeterosllue
3283 3372 3471 3412 omnes

1891 3458 2050 3511 etiam
2096 3470 2203 3508 nun
2252 3453 2551 3507 nominatos
2601 3451 2867 3520 dirigitur.
2918 3448 3210 3518 Epistolam
3260 3460 3473 3517 quoque

1894 3546 1995 3601 164
2023 3545 2166 3600 misit
2195 3543 2262 3598 ad
2291 3542 2649 3598 Alexandrum
2671 3582 2684 3606 ,
2715 3539 2955 3595 Corinthi
2986 3539 3315 3609 episcopum,
3341 3537 3474 3590 ami-

1892 3637 2017 3692 citia
2055 3635 2159 3690 sibi
2196 3634 2538 3703 conjunetum
2560 3674 2575 3697 ,
2622 3631 2690 3686 de
2718 3645 2824 3700 quo
2864 3640 3039 3684 tamen
3066 3628 3305 3698 queritur
3332 3628 3474 3698 quod

1892 3729 2079 3785 literas.
2105 3725 2278 3780 nullas
2308 3724 2375 3781 ad
2403 3737 2462 3778 se
2495 3724 2690 3777 mittat.

1961 3823 2347 3893 Chrysostomus
2372 3818 2673 3875 Isaurorum
2706 3806 3077 3871 incursionibus
3114 3814 3309 3883 cogitur
3330 3811 3474 3865 sedes

1891 3924 2086 3967 mutare
2114 3922 2161 3966 et
2188 3911 2479 3966 Arabissum
2500 3913 2791 3980 confugere.
2816 3937 2889 3949 ——
2911 3907 3027 3962 Jam
3055 3905 3146 3960 diu
3174 3906 3472 3959 Isaurorum

1893 4003 2226 4059 incursiones
2251 4004 2525 4073 regionem
2555 4003 2698 4054 illam
2729 4007 2783 4054 et
2804 4000 2982 4054 omnia
3010 3997 3212 4052 circum
3244 3996 3355 4050 loca
3388 3995 3471 4047 in-

1892 4093 2025 4150 festa
2060 4094 2371 4148 habuerant.
2405 4092 2600 4146 Verum
2643 4103 2782 4143 anno
2817 4088 2925 4144 405
2955 4095 3213 4154 vertente,
3241 4095 3297 4140 et
3326 4085 3475 4138 initio

1893 4185 2169 4255 sequentis
2206 4182 2330 4247 406,
2365 4182 2521 4250 longe
2556 4179 2732 4232 acrius
2783 4176 3060 4240 institere;
3100 4184 3300 4229 etcum
3331 4174 3473 4240 peri-

1891 4274 2068 4332 culum
2110 4280 2349 4327 essetne
2384 4270 2669 4333 Cucusum,
2719 4280 2825 4320 non
2870 4266 2939 4320 ita
2981 4264 3242 4318 munitum
3274 4264 3466 4323 locum,

1894 4363 2203 4420 invaderent
2248 4367 2626 4429 caperentque,
2671 4357 2903 4412 Joannes
2949 4362 3132 4410 noster
3181 4354 3247 4406 ad
3299 4353 3471 4421 fugam

1897 4455 2281 4527 capessendam
2322 4462 2538 4508 coactus
2585 4458 2710 4507 est:
2756 4464 2819 4503 ac
2865 4446 3166 4502 securitatis
3206 4460 3365 4500 causa
3420 4445 3472 4497 in

1892 4551 2184 4622 asperrima
2229 4550 2406 4604 hieme
2444 4548 2560 4603 loca
2615 4545 2840 4601 subinde
2886 4544 3260 4607 commutavit,
3303 4544 3371 4597 ita
3418 4552 3475 4595 ut

1894 4643 2054 4698 modo
2079 4642 2132 4696 in
2160 4640 2404 4705 urbibus,
2437 4639 2598 4694 modo
2627 4638 2678 4692 in
2713 4646 2869 4692 terra:
2898 4636 3133 4690 faucibus
3155 4644 3209 4690 et
3230 4635 3471 4698 saltibus,

1894 4735 2097 4791 versari
2154 4734 2585 4803 compelleretur.
2640 4729 2985 4798 Tandemque
3046 4728 3344 4781 Isaurorum
3394 4737 3474 4779 tu-

1893 4825 2060 4880 multu
2088 4824 2347 4892 tantisper
2370 4821 2572 4886 sedato,
2605 4820 2719 4874 loca
2745 4819 2956 4874 deserta
2980 4818 3308 4887 relinquens,
3342 4817 3474 4869 Ara-

1894 4917 2094 4971 bissnm
2115 4913 2369 4983 confugit,
2396 4913 2447 4966 in
2482 4926 2588 4981 quo
2612 4909 2808 4979 Oppido
2849 4923 2944 4963 arx
2971 4918 3086 4964 erat
3115 4908 3328 4975 reliquis
3353 4921 3468 4957 om-

1892 5008 2049 5062 nibus
2076 5006 2265 5061 vicinis
2290 5004 2424 5058 locis
2451 5003 2628 5068 tutior,
2656 5003 2707 5055 in
2730 5015 2854 5056 arce
2880 5010 3058 5056 autem
3084 5000 3239 5054 sedes
3266 4997 3465 5061 habuit,

1894 5103 1946 5154 in
1973 5099 2169 5169 oppido
2193 5099 2333 5153 enim
2363 5107 2476 5151 tuto
2506 5095 2705 5150 versari
2731 5108 2834 5148 non
2863 5101 3086 5164 poterat.
3128 5127 3137 5141 .

1964 5190 2091 5245 Haec
2122 5186 3057 5259 porronarratipstoanncsnoster
3074 5184 3126 5238 in
3148 5183 3367 5251 cpistola
3402 5179 3471 5234 69

1892 5282 1959 5336 ad
2008 5281 2281 5335 Nicolaum
2325 5279 2716 5350 presbyterum.
2773 5276 2935 5331 Addit
2986 5284 3161 5328 autem
3207 5285 3326 5327 esse
3369 5270 3467 5323 sibi

1895 5373 2032 5428 hanc
2060 5370 2242 5425 sedem
2291 5370 2434 5423 omni
2471 5366 2686 5423 carcere
2730 5368 3073 5422 deteriorem.
3115 5362 3468 5430 Prmterquam

1885 5466 2032 5538 'quod
2064 5464 2206 5521 enim
2255 5464 2418 5518 Isauri
2457 5463 2693 5533 quotidie
2710 5460 2887 5515 omnia
2928 5454 3270 5520 invadebant,
3310 5462 3470 5523 atque

1892 5558 2001 5629 igni
2048 5567 2100 5611 et
2144 5557 2285 5613 ferro
2332 5564 2442 5609 tum
2494 5553 2735 5618 aedilicia,
2778 5561 2886 5605 tum
2933 5561 3154 5617 corpora
3199 5545 3467 5609 delebant,

1893 5651 2085 5705 famem
2128 5651 2319 5713 etiam,
2364 5662 2522 5718 quam
2564 5657 2619 5701 et
2661 5645 2761 5698 loci
2805 5641 3043 5709 angustia
3088 5648 3142 5695 et
3185 5637 3471 5692 multitudo

1896 5756 2084 5797 eorum
2123 5742 2212 5815 qui
2259 5742 2348 5795 illo
2409 5734 2800 5805 confugiebant,
2853 5731 3177 5796 minabatur,
3216 5729 3466 5800 pertimcv
