  <div class='ocr_page' id='page_1' title='image "/cluster/home/n/w/nwhite01/storage/ocr_20150623/47:no.1:pt.1/coo.31924054869460/223.png"; bbox 0 0 3954 6396; ppageno 0'>
   <div class='ocr_carea' id='block_1_1' title="bbox 497 390 2609 458">
    <p class='ocr_par' dir='ltr' id='par_1_1' title="bbox 497 390 2609 458">
     <span class='ocr_line' id='line_1_1' title="bbox 497 390 2609 458; baseline -0.001 -11"><span class='ocrx_word' id='word_1_1' title='bbox 497 394 591 449; x_wconf 73' lang='grc'><strong>251</strong></span> <span class='ocrx_word' id='word_1_2' title='bbox 1511 394 1566 448; x_wconf 87' lang='lat' dir='ltr'><strong>S.</strong></span> <span class='ocrx_word' id='word_1_3' title='bbox 1605 392 1881 448; x_wconf 76' lang='lat' dir='ltr'><strong>JOANNIS</strong></span> <span class='ocrx_word' id='word_1_4' title='bbox 1918 390 2392 448; x_wconf 75' lang='lat' dir='ltr'><strong>CIIRYSOSTOMI</strong></span> <span class='ocrx_word' id='word_1_5' title='bbox 2435 392 2609 458; x_wconf 76' lang='lat' dir='ltr'><strong>VITA,</strong></span> 
     </span>
    </p>
   </div>
   <div class='ocr_carea' id='block_1_2' title="bbox 494 505 2070 575">
    <p class='ocr_par' dir='ltr' id='par_1_2' title="bbox 494 505 2070 575">
     <span class='ocr_line' id='line_1_2' title="bbox 494 505 2070 575; baseline -0.003 -13"><span class='ocrx_word' id='word_1_6' title='bbox 494 508 676 562; x_wconf 90' lang='lat' dir='ltr'><strong>scebat</strong></span> <span class='ocrx_word' id='word_1_7' title='bbox 723 506 830 559; x_wconf 79' lang='lat' dir='ltr'><strong>ille.</strong></span> <span class='ocrx_word' id='word_1_8' title='bbox 873 505 953 559; x_wconf 83' lang='lat' dir='ltr'><strong>Ad</strong></span> <span class='ocrx_word' id='word_1_9' title='bbox 999 505 1112 559; x_wconf 71' lang='lat' dir='ltr'><strong>haec</strong></span> <span class='ocrx_word' id='word_1_10' title='bbox 1158 519 1284 560; x_wconf 90' lang='lat' dir='ltr'><strong>vero</strong></span> <span class='ocrx_word' id='word_1_11' title='bbox 1330 505 1564 560; x_wconf 90' lang='lat' dir='ltr'><strong>diuturni</strong></span> <span class='ocrx_word' id='word_1_12' title='bbox 1597 505 1763 560; x_wconf 86' lang='lat' dir='ltr'><strong>morbi</strong></span> <span class='ocrx_word' id='word_1_13' title='bbox 1813 519 1970 575; x_wconf 86' lang='lat' dir='ltr'><strong>quem</strong></span> <span class='ocrx_word' id='word_1_14' title='bbox 2013 514 2070 559; x_wconf 84' lang='lat' dir='ltr'><strong>et</strong></span> 
     </span>
    </p>
   </div>
   <div class='ocr_carea' id='block_1_3' title="bbox 496 595 2070 666">
    <p class='ocr_par' dir='ltr' id='par_1_3' title="bbox 496 595 2070 666">
     <span class='ocr_line' id='line_1_3' title="bbox 496 595 2070 666; baseline -0.003 -15"><span class='ocrx_word' id='word_1_15' title='bbox 496 599 666 652; x_wconf 81' lang='lat' dir='ltr'><strong>hiems</strong></span> <span class='ocrx_word' id='word_1_16' title='bbox 702 605 759 651; x_wconf 89' lang='lat' dir='ltr'><strong>et</strong></span> <span class='ocrx_word' id='word_1_17' title='bbox 796 605 1050 665; x_wconf 85' lang='lat' dir='ltr'><strong>perpetua</strong></span> <span class='ocrx_word' id='word_1_18' title='bbox 1083 597 1200 666; x_wconf 88' lang='lat' dir='ltr'><strong>fuga</strong></span> <span class='ocrx_word' id='word_1_19' title='bbox 1249 606 1561 666; x_wconf 90' lang='lat' dir='ltr'><strong>pepererat,</strong></span> <span class='ocrx_word' id='word_1_20' title='bbox 1589 597 1687 651; x_wconf 89' lang='lat' dir='ltr'><strong>etsi</strong></span> <span class='ocrx_word' id='word_1_21' title='bbox 1720 596 1828 664; x_wconf 86' lang='lat' dir='ltr'><strong>jam</strong></span> <span class='ocrx_word' id='word_1_22' title='bbox 1856 595 2070 650; x_wconf 77' lang='lat' dir='ltr'><strong>sedatus</strong></span> 
     </span>
    </p>
   </div>
   <div class='ocr_carea' id='block_1_4' title="bbox 491 683 2065 755">
    <p class='ocr_par' dir='ltr' id='par_1_4' title="bbox 491 683 2065 755">
     <span class='ocr_line' id='line_1_4' title="bbox 491 683 2065 755; baseline -0.001 -15"><span class='ocrx_word' id='word_1_23' title='bbox 491 695 626 750; x_wconf 89' lang='lat' dir='ltr'><strong>erat,</strong></span> <span class='ocrx_word' id='word_1_24' title='bbox 657 695 832 740; x_wconf 90' lang='lat' dir='ltr'><strong>tamen</strong></span> <span class='ocrx_word' id='word_1_25' title='bbox 877 686 1129 755; x_wconf 89' lang='lat' dir='ltr'><strong>reliquias</strong></span> <span class='ocrx_word' id='word_1_26' title='bbox 1169 685 1344 740; x_wconf 91' lang='lat' dir='ltr'><strong>adhuc</strong></span> <span class='ocrx_word' id='word_1_27' title='bbox 1379 685 1470 740; x_wconf 90' lang='lat' dir='ltr'><strong>ille</strong></span> <span class='ocrx_word' id='word_1_28' title='bbox 1506 684 1933 740; x_wconf 73' lang='lat' dir='ltr'><strong>circumferebat.</strong></span> <span class='ocrx_word' id='word_1_29' title='bbox 1962 683 2065 738; x_wconf 76' lang='lat' dir='ltr'><strong>Vix</strong></span> 
     </span>
    </p>
   </div>
   <div class='ocr_carea' id='block_1_5' title="bbox 490 775 2066 849">
    <p class='ocr_par' dir='ltr' id='par_1_5' title="bbox 490 775 2066 849">
     <span class='ocr_line' id='line_1_5' title="bbox 490 775 2066 849; baseline 0 -19"><span class='ocrx_word' id='word_1_30' title='bbox 490 787 666 834; x_wconf 88' lang='lat' dir='ltr'><strong>autem</strong></span> <span class='ocrx_word' id='word_1_31' title='bbox 693 779 974 849; x_wconf 80' lang='lat' dir='ltr'><strong>quisquam</strong></span> <span class='ocrx_word' id='word_1_32' title='bbox 1001 777 1067 831; x_wconf 90' lang='lat' dir='ltr'><strong>ad</strong></span> <span class='ocrx_word' id='word_1_33' title='bbox 1099 778 1244 831; x_wconf 91' lang='lat' dir='ltr'><strong>illum</strong></span> <span class='ocrx_word' id='word_1_34' title='bbox 1273 792 1576 832; x_wconf 88' lang='lat' dir='ltr'><strong>commeare</strong></span> <span class='ocrx_word' id='word_1_35' title='bbox 1617 777 1880 841; x_wconf 91' lang='lat' dir='ltr'><strong>audebat,</strong></span> <span class='ocrx_word' id='word_1_36' title='bbox 1925 775 2066 844; x_wconf 90' lang='lat' dir='ltr'><strong>quod</strong></span> 
     </span>
    </p>
   </div>
   <div class='ocr_carea' id='block_1_6' title="bbox 418 867 2068 940">
    <p class='ocr_par' dir='ltr' id='par_1_6' title="bbox 418 867 2068 940">
     <span class='ocr_line' id='line_1_6' title="bbox 418 867 2068 940; baseline 0 -20"><span class='ocrx_word' id='word_1_37' title='bbox 418 869 452 928; x_wconf 47' lang='grc' dir='ltr'><em>,ᾦ</em></span> <span class='ocrx_word' id='word_1_38' title='bbox 490 868 587 922; x_wconf 71' lang='lat' dir='ltr'><strong>vite</strong></span> <span class='ocrx_word' id='word_1_39' title='bbox 639 869 870 940; x_wconf 87' lang='lat' dir='ltr'><strong>undique</strong></span> <span class='ocrx_word' id='word_1_40' title='bbox 915 868 1213 923; x_wconf 73' lang='lat' dir='ltr'><strong>interclusa:</strong></span> <span class='ocrx_word' id='word_1_41' title='bbox 1249 879 1446 923; x_wconf 88' lang='lat' dir='ltr'><strong>essent.</strong></span> <span class='ocrx_word' id='word_1_42' title='bbox 1498 869 1696 922; x_wconf 87' lang='lat' dir='ltr'><strong>Eadem</strong></span> <span class='ocrx_word' id='word_1_43' title='bbox 1740 870 1918 939; x_wconf 80' lang='lat' dir='ltr'><strong>ferme</strong></span> <span class='ocrx_word' id='word_1_44' title='bbox 1952 867 2068 936; x_wconf 88' lang='lat' dir='ltr'><strong>ipsa</strong></span> 
     </span>
    </p>
   </div>
   <div class='ocr_carea' id='block_1_7' title="bbox 491 957 2066 1029">
    <p class='ocr_par' dir='ltr' id='par_1_7' title="bbox 491 957 2066 1029">
     <span class='ocr_line' id='line_1_7' title="bbox 491 957 2066 1029; baseline -0.001 -17"><span class='ocrx_word' id='word_1_45' title='bbox 491 958 686 1026; x_wconf 89' lang='lat' dir='ltr'><strong>repetit</strong></span> <span class='ocrx_word' id='word_1_46' title='bbox 713 960 764 1012; x_wconf 93' lang='lat' dir='ltr'><strong>in</strong></span> <span class='ocrx_word' id='word_1_47' title='bbox 795 959 1017 1028; x_wconf 84' lang='lat' dir='ltr'><strong>cpistola</strong></span> <span class='ocrx_word' id='word_1_48' title='bbox 1047 959 1116 1013; x_wconf 86' lang='lat'><strong>70</strong></span> <span class='ocrx_word' id='word_1_49' title='bbox 1139 959 1205 1012; x_wconf 90' lang='lat' dir='ltr'><strong>ad</strong></span> <span class='ocrx_word' id='word_1_50' title='bbox 1235 959 1619 1029; x_wconf 87' lang='lat' dir='ltr'><strong>Aphthonium,</strong></span> <span class='ocrx_word' id='word_1_51' title='bbox 1647 957 1980 1012; x_wconf 89' lang='lat' dir='ltr'><strong>Theodotum</strong></span> <span class='ocrx_word' id='word_1_52' title='bbox 2011 963 2066 1010; x_wconf 85' lang='lat' dir='ltr'><strong>et</strong></span> 
     </span>
    </p>
   </div>
   <div class='ocr_carea' id='block_1_8' title="bbox 489 1045 2067 1118">
    <p class='ocr_par' dir='ltr' id='par_1_8' title="bbox 489 1045 2067 1118">
     <span class='ocr_line' id='line_1_8' title="bbox 489 1045 2067 1118; baseline -0.001 -18"><span class='ocrx_word' id='word_1_53' title='bbox 489 1045 762 1101; x_wconf 73' lang='lat' dir='ltr'><strong>Chmream</strong></span> <span class='ocrx_word' id='word_1_54' title='bbox 810 1049 1148 1118; x_wconf 88' lang='lat' dir='ltr'><strong>presbyteros</strong></span> <span class='ocrx_word' id='word_1_55' title='bbox 1193 1058 1248 1103; x_wconf 92' lang='lat' dir='ltr'><strong>et</strong></span> <span class='ocrx_word' id='word_1_56' title='bbox 1290 1047 1600 1113; x_wconf 84' lang='lat' dir='ltr'><strong>monachos,</strong></span> <span class='ocrx_word' id='word_1_57' title='bbox 1641 1047 1764 1116; x_wconf 89' lang='lat' dir='ltr'><strong>quid</strong></span> <span class='ocrx_word' id='word_1_58' title='bbox 1811 1046 1876 1101; x_wconf 92' lang='lat' dir='ltr'><strong>ad</strong></span> <span class='ocrx_word' id='word_1_59' title='bbox 1917 1046 2067 1100; x_wconf 86' lang='lat' dir='ltr'><strong>illum</strong></span> 
     </span>
    </p>
   </div>
   <div class='ocr_carea' id='block_1_9' title="bbox 489 1139 2063 1210">
    <p class='ocr_par' dir='ltr' id='par_1_9' title="bbox 489 1139 2063 1210">
     <span class='ocr_line' id='line_1_9' title="bbox 489 1139 2063 1210; baseline -0.001 -19"><span class='ocrx_word' id='word_1_60' title='bbox 489 1139 753 1207; x_wconf 90' lang='lat' dir='ltr'><strong>proﬁcisci</strong></span> <span class='ocrx_word' id='word_1_61' title='bbox 797 1141 1177 1210; x_wconf 88' lang='lat' dir='ltr'><strong>pcroptabant;</strong></span> <span class='ocrx_word' id='word_1_62' title='bbox 1207 1141 1302 1194; x_wconf 91' lang='lat' dir='ltr'><strong>sed</strong></span> <span class='ocrx_word' id='word_1_63' title='bbox 1339 1142 1459 1210; x_wconf 88' lang='lat' dir='ltr'><strong>quia</strong></span> <span class='ocrx_word' id='word_1_64' title='bbox 1506 1142 1558 1194; x_wconf 90' lang='lat' dir='ltr'><strong>in</strong></span> <span class='ocrx_word' id='word_1_65' title='bbox 1590 1141 1678 1194; x_wconf 93' lang='lat' dir='ltr'><strong>tali</strong></span> <span class='ocrx_word' id='word_1_66' title='bbox 1722 1153 1900 1194; x_wconf 90' lang='lat' dir='ltr'><strong>rerum</strong></span> <span class='ocrx_word' id='word_1_67' title='bbox 1931 1152 2063 1191; x_wconf 88' lang='lat' dir='ltr'><strong>eon-</strong></span> 
     </span>
    </p>
   </div>
   <div class='ocr_carea' id='block_1_10' title="bbox 489 1228 2065 1301">
    <p class='ocr_par' dir='ltr' id='par_1_10' title="bbox 489 1228 2065 1301">
     <span class='ocr_line' id='line_1_10' title="bbox 489 1228 2065 1301; baseline 0 -20"><span class='ocrx_word' id='word_1_68' title='bbox 489 1228 690 1283; x_wconf 90' lang='lat' dir='ltr'><strong>ditione</strong></span> <span class='ocrx_word' id='word_1_69' title='bbox 719 1229 846 1283; x_wconf 87' lang='lat' dir='ltr'><strong>illud</strong></span> <span class='ocrx_word' id='word_1_70' title='bbox 877 1231 975 1284; x_wconf 86' lang='lat' dir='ltr'><strong>iter</strong></span> <span class='ocrx_word' id='word_1_71' title='bbox 999 1231 1192 1300; x_wconf 87' lang='lat' dir='ltr'><strong>suscipi</strong></span> <span class='ocrx_word' id='word_1_72' title='bbox 1220 1232 1430 1286; x_wconf 86' lang='lat' dir='ltr'><strong>nonnisi</strong></span> <span class='ocrx_word' id='word_1_73' title='bbox 1456 1245 1577 1284; x_wconf 88' lang='lat' dir='ltr'><strong>cum</strong></span> <span class='ocrx_word' id='word_1_74' title='bbox 1615 1229 1801 1301; x_wconf 88' lang='lat' dir='ltr'><strong>grandi</strong></span> <span class='ocrx_word' id='word_1_75' title='bbox 1831 1229 2065 1298; x_wconf 88' lang='lat' dir='ltr'><strong>periculo</strong></span> 
     </span>
    </p>
   </div>
   <div class='ocr_carea' id='block_1_11' title="bbox 493 1321 2063 1394">
    <p class='ocr_par' dir='ltr' id='par_1_11' title="bbox 493 1321 2063 1394">
     <span class='ocr_line' id='line_1_11' title="bbox 493 1321 2063 1394; baseline -0.001 -21"><span class='ocrx_word' id='word_1_76' title='bbox 493 1329 719 1387; x_wconf 87' lang='lat' dir='ltr'><strong>poterat,</strong></span> <span class='ocrx_word' id='word_1_77' title='bbox 745 1321 987 1376; x_wconf 89' lang='lat' dir='ltr'><strong>hortatur</strong></span> <span class='ocrx_word' id='word_1_78' title='bbox 1015 1324 1137 1378; x_wconf 90' lang='lat' dir='ltr'><strong>illos</strong></span> <span class='ocrx_word' id='word_1_79' title='bbox 1159 1333 1216 1378; x_wconf 91' lang='lat' dir='ltr'><strong>ut</strong></span> <span class='ocrx_word' id='word_1_80' title='bbox 1243 1324 1342 1378; x_wconf 91' lang='lat' dir='ltr'><strong>sibi</strong></span> <span class='ocrx_word' id='word_1_81' title='bbox 1371 1339 1466 1394; x_wconf 90' lang='lat' dir='ltr'><strong>per</strong></span> <span class='ocrx_word' id='word_1_82' title='bbox 1491 1324 1706 1378; x_wconf 90' lang='lat' dir='ltr'><strong>crebras</strong></span> <span class='ocrx_word' id='word_1_83' title='bbox 1735 1322 1916 1376; x_wconf 86' lang='lat' dir='ltr'><strong>literas</strong></span> <span class='ocrx_word' id='word_1_84' title='bbox 1937 1334 2063 1373; x_wconf 83' lang='lat' dir='ltr'><strong>con-</strong></span> 
     </span>
    </p>
   </div>
   <div class='ocr_carea' id='block_1_12' title="bbox 489 1409 1054 1480">
    <p class='ocr_par' dir='ltr' id='par_1_12' title="bbox 489 1409 1054 1480">
     <span class='ocr_line' id='line_1_12' title="bbox 489 1409 1054 1480; baseline 0.011 -19"><span class='ocrx_word' id='word_1_85' title='bbox 489 1409 800 1464; x_wconf 84' lang='lat' dir='ltr'><strong>solationem</strong></span> <span class='ocrx_word' id='word_1_86' title='bbox 831 1414 1054 1480; x_wconf 87' lang='lat' dir='ltr'><strong>pariant.</strong></span> 
     </span>
    </p>
   </div>
   <div class='ocr_carea' id='block_1_13' title="bbox 559 1500 2063 1574">
    <p class='ocr_par' dir='ltr' id='par_1_13' title="bbox 559 1500 2063 1574">
     <span class='ocr_line' id='line_1_13' title="bbox 559 1500 2063 1574; baseline -0.001 -19"><span class='ocrx_word' id='word_1_87' title='bbox 559 1500 619 1555; x_wconf 88' lang='lat' dir='ltr'><strong>In</strong></span> <span class='ocrx_word' id='word_1_88' title='bbox 655 1501 878 1572; x_wconf 80' lang='lat' dir='ltr'><strong>epistola</strong></span> <span class='ocrx_word' id='word_1_89' title='bbox 922 1519 1049 1559; x_wconf 87' lang='lat' dir='ltr'><strong>vero</strong></span> <span class='ocrx_word' id='word_1_90' title='bbox 1097 1505 1196 1560; x_wconf 74' lang='grc'><strong>127</strong></span> <span class='ocrx_word' id='word_1_91' title='bbox 1232 1504 1298 1560; x_wconf 90' lang='lat' dir='ltr'><strong>ad</strong></span> <span class='ocrx_word' id='word_1_92' title='bbox 1339 1504 1616 1574; x_wconf 83' lang='lat' dir='ltr'><strong>Polybium</strong></span> <span class='ocrx_word' id='word_1_93' title='bbox 1665 1503 1756 1568; x_wconf 91' lang='lat' dir='ltr'><strong>ait,</strong></span> <span class='ocrx_word' id='word_1_94' title='bbox 1812 1501 1912 1556; x_wconf 85' lang='lat' dir='ltr'><strong>sibi</strong></span> <span class='ocrx_word' id='word_1_95' title='bbox 1951 1501 2063 1570; x_wconf 88' lang='lat' dir='ltr'><strong>jam</strong></span> 
     </span>
    </p>
   </div>
   <div class='ocr_carea' id='block_1_14' title="bbox 491 1589 2058 1665">
    <p class='ocr_par' dir='ltr' id='par_1_14' title="bbox 491 1589 2058 1665">
     <span class='ocr_line' id='line_1_14' title="bbox 491 1589 2058 1665; baseline 0 -21"><span class='ocrx_word' id='word_1_96' title='bbox 491 1589 651 1645; x_wconf 82' lang='lat' dir='ltr'><strong>adimi</strong></span> <span class='ocrx_word' id='word_1_97' title='bbox 705 1593 976 1646; x_wconf 88' lang='lat' dir='ltr'><strong>literarum</strong></span> <span class='ocrx_word' id='word_1_98' title='bbox 1023 1597 1268 1652; x_wconf 77' lang='lat' dir='ltr'><strong>solatium</strong></span> <span class='ocrx_word' id='word_1_99' title='bbox 1307 1605 1401 1665; x_wconf 84' lang='lat' dir='ltr'><strong>per</strong></span> <span class='ocrx_word' id='word_1_100' title='bbox 1446 1595 1582 1649; x_wconf 78' lang='lat' dir='ltr'><strong>niws</strong></span> <span class='ocrx_word' id='word_1_101' title='bbox 1624 1595 1890 1664; x_wconf 75' lang='lat' dir='ltr'><strong>ingentem</strong></span> <span class='ocrx_word' id='word_1_102' title='bbox 1922 1593 2058 1656; x_wconf 86' lang='lat' dir='ltr'><strong>vim,</strong></span> 
     </span>
    </p>
   </div>
   <div class='ocr_carea' id='block_1_15' title="bbox 490 1681 2060 1753">
    <p class='ocr_par' dir='ltr' id='par_1_15' title="bbox 490 1681 2060 1753">
     <span class='ocr_line' id='line_1_15' title="bbox 490 1681 2060 1753; baseline 0 -19"><span class='ocrx_word' id='word_1_103' title='bbox 490 1695 611 1750; x_wconf 67' lang='lat' dir='ltr'><strong>qua:</strong></span> <span class='ocrx_word' id='word_1_104' title='bbox 655 1681 768 1734; x_wconf 82' lang='lat' dir='ltr'><strong>vias</strong></span> <span class='ocrx_word' id='word_1_105' title='bbox 812 1696 1008 1736; x_wconf 86' lang='lat' dir='ltr'><strong>omnes</strong></span> <span class='ocrx_word' id='word_1_106' title='bbox 1053 1685 1450 1748; x_wconf 82' lang='lat' dir='ltr'><strong>intercluserat;</strong></span> <span class='ocrx_word' id='word_1_107' title='bbox 1497 1683 1594 1738; x_wconf 88' lang='lat' dir='ltr'><strong>scd</strong></span> <span class='ocrx_word' id='word_1_108' title='bbox 1646 1683 1814 1753; x_wconf 85' lang='lat' dir='ltr'><strong>magis</strong></span> <span class='ocrx_word' id='word_1_109' title='bbox 1862 1682 2060 1736; x_wconf 85' lang='lat' dir='ltr'><strong>invium</strong></span> 
     </span>
    </p>
   </div>
   <div class='ocr_carea' id='block_1_16' title="bbox 489 1768 2058 1843">
    <p class='ocr_par' dir='ltr' id='par_1_16' title="bbox 489 1768 2058 1843">
     <span class='ocr_line' id='line_1_16' title="bbox 489 1768 2058 1843; baseline 0.003 -23"><span class='ocrx_word' id='word_1_110' title='bbox 489 1768 1022 1843; x_wconf 87' lang='lat' dir='ltr'><strong>inaccessibilemque</strong></span> <span class='ocrx_word' id='word_1_111' title='bbox 1038 1773 1188 1830; x_wconf 89' lang='lat' dir='ltr'><strong>reddi</strong></span> <span class='ocrx_word' id='word_1_112' title='bbox 1206 1775 1381 1830; x_wconf 89' lang='lat' dir='ltr'><strong>locum</strong></span> <span class='ocrx_word' id='word_1_113' title='bbox 1397 1775 1466 1830; x_wconf 92' lang='lat' dir='ltr'><strong>ab</strong></span> <span class='ocrx_word' id='word_1_114' title='bbox 1485 1770 1782 1827; x_wconf 89' lang='lat' dir='ltr'><strong>Isaurorum</strong></span> <span class='ocrx_word' id='word_1_115' title='bbox 1823 1779 2023 1825; x_wconf 89' lang='lat' dir='ltr'><strong>terrere</strong></span> <span class='ocrx_word' id='word_1_116' title='bbox 2042 1786 2058 1835; x_wconf 89' lang='lat'><strong>;</strong></span> 
     </span>
    </p>
   </div>
   <div class='ocr_carea' id='block_1_17' title="bbox 485 1861 2060 1926">
    <p class='ocr_par' dir='ltr' id='par_1_17' title="bbox 485 1861 2060 1926">
     <span class='ocr_line' id='line_1_17' title="bbox 485 1861 2060 1926; baseline 0.003 -16"><span class='ocrx_word' id='word_1_117' title='bbox 485 1862 575 1926; x_wconf 87' lang='lat' dir='ltr'><strong>qui</strong></span> <span class='ocrx_word' id='word_1_118' title='bbox 601 1870 779 1913; x_wconf 87' lang='lat' dir='ltr'><strong>tantus</strong></span> <span class='ocrx_word' id='word_1_119' title='bbox 807 1871 939 1923; x_wconf 86' lang='lat' dir='ltr'><strong>erat,</strong></span> <span class='ocrx_word' id='word_1_120' title='bbox 976 1869 1032 1914; x_wconf 87' lang='lat' dir='ltr'><strong>ut</strong></span> <span class='ocrx_word' id='word_1_121' title='bbox 1053 1876 1212 1915; x_wconf 83' lang='lat' dir='ltr'><strong>nemo</strong></span> <span class='ocrx_word' id='word_1_122' title='bbox 1232 1863 1378 1916; x_wconf 91' lang='lat' dir='ltr'><strong>domi</strong></span> <span class='ocrx_word' id='word_1_123' title='bbox 1407 1877 1625 1917; x_wconf 88' lang='lat' dir='ltr'><strong>manere</strong></span> <span class='ocrx_word' id='word_1_124' title='bbox 1653 1861 1904 1925; x_wconf 85' lang='lat' dir='ltr'><strong>auderet,</strong></span> <span class='ocrx_word' id='word_1_125' title='bbox 1941 1875 2060 1914; x_wconf 80' lang='lat' dir='ltr'><strong>om-</strong></span> 
     </span>
    </p>
   </div>
   <div class='ocr_carea' id='block_1_18' title="bbox 485 1949 2060 2020">
    <p class='ocr_par' dir='ltr' id='par_1_18' title="bbox 485 1949 2060 2020">
     <span class='ocr_line' id='line_1_18' title="bbox 485 1949 2060 2020; baseline 0.003 -20"><span class='ocrx_word' id='word_1_126' title='bbox 485 1960 686 2017; x_wconf 82' lang='lat' dir='ltr'><strong>nesque</strong></span> <span class='ocrx_word' id='word_1_127' title='bbox 714 1949 1049 2020; x_wconf 86' lang='lat' dir='ltr'><strong>aufugercnt,</strong></span> <span class='ocrx_word' id='word_1_128' title='bbox 1076 1951 1148 2004; x_wconf 88' lang='lat' dir='ltr'><strong>ita</strong></span> <span class='ocrx_word' id='word_1_129' title='bbox 1175 1960 1233 2004; x_wconf 91' lang='lat' dir='ltr'><strong>ut</strong></span> <span class='ocrx_word' id='word_1_130' title='bbox 1257 1952 1417 2006; x_wconf 89' lang='lat' dir='ltr'><strong>urbes</strong></span> <span class='ocrx_word' id='word_1_131' title='bbox 1447 1963 1571 2006; x_wconf 92' lang='lat' dir='ltr'><strong>tunc</strong></span> <span class='ocrx_word' id='word_1_132' title='bbox 1598 1952 1827 2020; x_wconf 86' lang='lat' dir='ltr'><strong>parietes</strong></span> <span class='ocrx_word' id='word_1_133' title='bbox 1857 1960 2060 2004; x_wconf 87' lang='lat' dir='ltr'><strong>tantum</strong></span> 
     </span>
    </p>
   </div>
   <div class='ocr_carea' id='block_1_19' title="bbox 481 2039 2058 2108">
    <p class='ocr_par' dir='ltr' id='par_1_19' title="bbox 481 2039 2058 2108">
     <span class='ocr_line' id='line_1_19' title="bbox 481 2039 2058 2108; baseline 0.003 -20"><span class='ocrx_word' id='word_1_134' title='bbox 481 2045 538 2089; x_wconf 92' lang='lat' dir='ltr'><strong>ct</strong></span> <span class='ocrx_word' id='word_1_135' title='bbox 563 2045 700 2090; x_wconf 90' lang='lat' dir='ltr'><strong>tecta</strong></span> <span class='ocrx_word' id='word_1_136' title='bbox 743 2049 943 2102; x_wconf 84' lang='lat' dir='ltr'><strong>essenl,</strong></span> <span class='ocrx_word' id='word_1_137' title='bbox 985 2049 1250 2108; x_wconf 74' lang='lat' dir='ltr'><strong>prmrupta</strong></span> <span class='ocrx_word' id='word_1_138' title='bbox 1287 2049 1465 2095; x_wconf 90' lang='lat' dir='ltr'><strong>autem</strong></span> <span class='ocrx_word' id='word_1_139' title='bbox 1507 2049 1562 2094; x_wconf 90' lang='lat' dir='ltr'><strong>et</strong></span> <span class='ocrx_word' id='word_1_140' title='bbox 1606 2040 1773 2094; x_wconf 89' lang='lat' dir='ltr'><strong>saltus</strong></span> <span class='ocrx_word' id='word_1_141' title='bbox 1814 2040 1866 2094; x_wconf 92' lang='lat' dir='ltr'><strong>in</strong></span> <span class='ocrx_word' id='word_1_142' title='bbox 1903 2039 2058 2093; x_wconf 89' lang='lat' dir='ltr'><strong>urbes</strong></span> 
     </span>
    </p>
   </div>
   <div class='ocr_carea' id='block_1_20' title="bbox 484 2128 2054 2184">
    <p class='ocr_par' dir='ltr' id='par_1_20' title="bbox 484 2128 2054 2184">
     <span class='ocr_line' id='line_1_20' title="bbox 484 2128 2054 2184; baseline 0.005 -9"><span class='ocrx_word' id='word_1_143' title='bbox 484 2134 838 2181; x_wconf 86' lang='lat' dir='ltr'><strong>mutarentur.</strong></span> <span class='ocrx_word' id='word_1_144' title='bbox 885 2128 1085 2183; x_wconf 89' lang='lat' dir='ltr'><strong>Tantus</strong></span> <span class='ocrx_word' id='word_1_145' title='bbox 1127 2129 1329 2184; x_wconf 85' lang='lat' dir='ltr'><strong>scilicet</strong></span> <span class='ocrx_word' id='word_1_146' title='bbox 1371 2139 1487 2184; x_wconf 90' lang='lat' dir='ltr'><strong>erat</strong></span> <span class='ocrx_word' id='word_1_147' title='bbox 1524 2129 1822 2184; x_wconf 87' lang='lat' dir='ltr'><strong>Isaurorum</strong></span> <span class='ocrx_word' id='word_1_148' title='bbox 1868 2130 2054 2184; x_wconf 87' lang='lat' dir='ltr'><strong>furor:</strong></span> 
     </span>
    </p>
   </div>
   <div class='ocr_carea' id='block_1_21' title="bbox 481 2214 2058 2288">
    <p class='ocr_par' dir='ltr' id='par_1_21' title="bbox 481 2214 2058 2288">
     <span class='ocr_line' id='line_1_21' title="bbox 481 2214 2058 2288; baseline 0.004 -23"><span class='ocrx_word' id='word_1_149' title='bbox 481 2214 614 2270; x_wconf 90' lang='lat' dir='ltr'><strong>alios</strong></span> <span class='ocrx_word' id='word_1_150' title='bbox 646 2215 958 2285; x_wconf 88' lang='lat' dir='ltr'><strong>jugulabant</strong></span> <span class='ocrx_word' id='word_1_151' title='bbox 996 2219 1076 2273; x_wconf 90' lang='lat' dir='ltr'><strong>vel</strong></span> <span class='ocrx_word' id='word_1_152' title='bbox 1121 2219 1521 2284; x_wconf 88' lang='lat' dir='ltr'><strong>comburebaut,</strong></span> <span class='ocrx_word' id='word_1_153' title='bbox 1565 2219 1700 2274; x_wconf 89' lang='lat' dir='ltr'><strong>alios</strong></span> <span class='ocrx_word' id='word_1_154' title='bbox 1745 2235 1811 2273; x_wconf 85' lang='lat' dir='ltr'><strong>ex</strong></span> <span class='ocrx_word' id='word_1_155' title='bbox 1837 2218 2058 2288; x_wconf 79' lang='lat' dir='ltr'><strong>captivis</strong></span> 
     </span>
    </p>
   </div>
   <div class='ocr_carea' id='block_1_22' title="bbox 479 2308 2057 2381">
    <p class='ocr_par' dir='ltr' id='par_1_22' title="bbox 479 2308 2057 2381">
     <span class='ocr_line' id='line_1_22' title="bbox 479 2308 2057 2381; baseline 0.002 -21"><span class='ocrx_word' id='word_1_156' title='bbox 479 2321 662 2362; x_wconf 87' lang='lat' dir='ltr'><strong>servos</strong></span> <span class='ocrx_word' id='word_1_157' title='bbox 707 2308 1027 2365; x_wconf 88' lang='lat' dir='ltr'><strong>efﬁciebant.</strong></span> <span class='ocrx_word' id='word_1_158' title='bbox 1077 2310 1458 2366; x_wconf 78' lang='lat' dir='ltr'><strong>Adulescentes</strong></span> <span class='ocrx_word' id='word_1_159' title='bbox 1509 2326 1722 2381; x_wconf 87' lang='lat' dir='ltr'><strong>quoque</strong></span> <span class='ocrx_word' id='word_1_160' title='bbox 1763 2311 1814 2365; x_wconf 92' lang='lat' dir='ltr'><strong>in</strong></span> <span class='ocrx_word' id='word_1_161' title='bbox 1871 2310 2057 2364; x_wconf 90' lang='lat' dir='ltr'><strong>mediis</strong></span> 
     </span>
    </p>
   </div>
   <div class='ocr_carea' id='block_1_23' title="bbox 481 2399 2058 2472">
    <p class='ocr_par' dir='ltr' id='par_1_23' title="bbox 481 2399 2058 2472">
     <span class='ocr_line' id='line_1_23' title="bbox 481 2399 2058 2472; baseline 0.004 -22"><span class='ocrx_word' id='word_1_162' title='bbox 481 2399 726 2454; x_wconf 88' lang='lat' dir='ltr'><strong>noctibus</strong></span> <span class='ocrx_word' id='word_1_163' title='bbox 765 2401 1013 2471; x_wconf 86' lang='lat' dir='ltr'><strong>aufugero</strong></span> <span class='ocrx_word' id='word_1_164' title='bbox 1053 2404 1221 2457; x_wconf 91' lang='lat' dir='ltr'><strong>coacti</strong></span> <span class='ocrx_word' id='word_1_165' title='bbox 1263 2404 1313 2456; x_wconf 90' lang='lat' dir='ltr'><strong>in</strong></span> <span class='ocrx_word' id='word_1_166' title='bbox 1361 2403 1557 2456; x_wconf 90' lang='lat' dir='ltr'><strong>nivium</strong></span> <span class='ocrx_word' id='word_1_167' title='bbox 1588 2403 1834 2472; x_wconf 76' lang='lat' dir='ltr'><strong>congerie</strong></span> <span class='ocrx_word' id='word_1_168' title='bbox 1862 2402 2058 2472; x_wconf 80' lang='lat' dir='ltr'><strong>frigore</strong></span> 
     </span>
    </p>
   </div>
   <div class='ocr_carea' id='block_1_24' title="bbox 478 2486 2058 2561">
    <p class='ocr_par' dir='ltr' id='par_1_24' title="bbox 478 2486 2058 2561">
     <span class='ocr_line' id='line_1_24' title="bbox 478 2486 2058 2561; baseline 0.005 -21"><span class='ocrx_word' id='word_1_169' title='bbox 478 2486 874 2557; x_wconf 87' lang='lat' dir='ltr'><strong>obrigescentes</strong></span> <span class='ocrx_word' id='word_1_170' title='bbox 925 2493 1307 2547; x_wconf 87' lang='lat' dir='ltr'><strong>moriebantur.</strong></span> <span class='ocrx_word' id='word_1_171' title='bbox 1365 2493 1650 2561; x_wconf 87' lang='lat' dir='ltr'><strong>Superiora</strong></span> <span class='ocrx_word' id='word_1_172' title='bbox 1705 2493 1915 2546; x_wconf 89' lang='lat' dir='ltr'><strong>brevius</strong></span> <span class='ocrx_word' id='word_1_173' title='bbox 1971 2509 2058 2548; x_wconf 82' lang='lat' dir='ltr'><strong>re-</strong></span> 
     </span>
    </p>
   </div>
   <div class='ocr_carea' id='block_1_25' title="bbox 474 2581 2053 2653">
    <p class='ocr_par' dir='ltr' id='par_1_25' title="bbox 474 2581 2053 2653">
     <span class='ocr_line' id='line_1_25' title="bbox 474 2581 2053 2653; baseline 0.002 -20"><span class='ocrx_word' id='word_1_174' title='bbox 474 2589 659 2633; x_wconf 86' lang='lat' dir='ltr'><strong>censet</strong></span> <span class='ocrx_word' id='word_1_175' title='bbox 685 2581 737 2634; x_wconf 93' lang='lat' dir='ltr'><strong>in</strong></span> <span class='ocrx_word' id='word_1_176' title='bbox 780 2582 1005 2651; x_wconf 87' lang='lat' dir='ltr'><strong>epistola</strong></span> <span class='ocrx_word' id='word_1_177' title='bbox 1048 2583 1147 2637; x_wconf 81' lang='grc'><strong>151</strong></span> <span class='ocrx_word' id='word_1_178' title='bbox 1191 2582 1260 2637; x_wconf 90' lang='lat' dir='ltr'><strong>ad</strong></span> <span class='ocrx_word' id='word_1_179' title='bbox 1292 2582 1555 2652; x_wconf 83' lang='lat' dir='ltr'><strong>Elpidium</strong></span> <span class='ocrx_word' id='word_1_180' title='bbox 1591 2583 1919 2653; x_wconf 89' lang='lat' dir='ltr'><strong>episcopum,</strong></span> <span class='ocrx_word' id='word_1_181' title='bbox 1953 2583 2053 2636; x_wconf 88' lang='lat' dir='ltr'><strong>ait-</strong></span> 
     </span>
    </p>
   </div>
   <div class='ocr_carea' id='block_1_26' title="bbox 473 2670 2052 2742">
    <p class='ocr_par' dir='ltr' id='par_1_26' title="bbox 473 2670 2052 2742">
     <span class='ocr_line' id='line_1_26' title="bbox 473 2670 2052 2742; baseline 0.003 -20"><span class='ocrx_word' id='word_1_182' title='bbox 473 2682 578 2737; x_wconf 89' lang='lat' dir='ltr'><strong>que</strong></span> <span class='ocrx_word' id='word_1_183' title='bbox 612 2685 670 2724; x_wconf 89' lang='lat' dir='ltr'><strong>se</strong></span> <span class='ocrx_word' id='word_1_184' title='bbox 703 2670 857 2725; x_wconf 88' lang='lat' dir='ltr'><strong>sedes</strong></span> <span class='ocrx_word' id='word_1_185' title='bbox 889 2673 1084 2742; x_wconf 78' lang='lat' dir='ltr'><strong>saepius</strong></span> <span class='ocrx_word' id='word_1_186' title='bbox 1111 2674 1420 2738; x_wconf 83' lang='lat' dir='ltr'><strong>mutavisse,</strong></span> <span class='ocrx_word' id='word_1_187' title='bbox 1451 2688 1622 2742; x_wconf 90' lang='lat' dir='ltr'><strong>neque</strong></span> <span class='ocrx_word' id='word_1_188' title='bbox 1651 2674 1702 2725; x_wconf 90' lang='lat' dir='ltr'><strong>in</strong></span> <span class='ocrx_word' id='word_1_189' title='bbox 1729 2673 1970 2738; x_wconf 86' lang='lat' dir='ltr'><strong>castello,</strong></span> <span class='ocrx_word' id='word_1_190' title='bbox 2001 2673 2052 2727; x_wconf 91' lang='lat' dir='ltr'><strong>in</strong></span> 
     </span>
    </p>
   </div>
   <div class='ocr_carea' id='block_1_27' title="bbox 473 2760 2052 2829">
    <p class='ocr_par' dir='ltr' id='par_1_27' title="bbox 473 2760 2052 2829">
     <span class='ocr_line' id='line_1_27' title="bbox 473 2760 2052 2829; baseline 0.002 -18"><span class='ocrx_word' id='word_1_191' title='bbox 473 2771 579 2826; x_wconf 85' lang='lat' dir='ltr'><strong>quo</strong></span> <span class='ocrx_word' id='word_1_192' title='bbox 603 2767 728 2814; x_wconf 87' lang='lat' dir='ltr'><strong>tunc</strong></span> <span class='ocrx_word' id='word_1_193' title='bbox 753 2760 904 2829; x_wconf 89' lang='lat' dir='ltr'><strong>quasi</strong></span> <span class='ocrx_word' id='word_1_194' title='bbox 934 2760 987 2814; x_wconf 90' lang='lat' dir='ltr'><strong>in</strong></span> <span class='ocrx_word' id='word_1_195' title='bbox 1017 2775 1234 2815; x_wconf 87' lang='lat' dir='ltr'><strong>carcere</strong></span> <span class='ocrx_word' id='word_1_196' title='bbox 1261 2762 1496 2814; x_wconf 88' lang='lat' dir='ltr'><strong>inclusus</strong></span> <span class='ocrx_word' id='word_1_197' title='bbox 1516 2761 1784 2827; x_wconf 88' lang='lat' dir='ltr'><strong>manebat,</strong></span> <span class='ocrx_word' id='word_1_198' title='bbox 1813 2763 1941 2815; x_wconf 89' lang='lat' dir='ltr'><strong>satis</strong></span> <span class='ocrx_word' id='word_1_199' title='bbox 1971 2770 2052 2814; x_wconf 88' lang='lat' dir='ltr'><strong>tu-</strong></span> 
     </span>
    </p>
   </div>
   <div class='ocr_carea' id='block_1_28' title="bbox 465 2850 2053 2922">
    <p class='ocr_par' dir='ltr' id='par_1_28' title="bbox 465 2850 2053 2922">
     <span class='ocr_line' id='line_1_28' title="bbox 465 2850 2053 2922; baseline 0.004 -20"><span class='ocrx_word' id='word_1_200' title='bbox 465 2858 584 2903; x_wconf 77' lang='lat' dir='ltr'><strong>tum</strong></span> <span class='ocrx_word' id='word_1_201' title='bbox 607 2864 771 2906; x_wconf 78' lang='lat' dir='ltr'><strong>esse:</strong></span> <span class='ocrx_word' id='word_1_202' title='bbox 818 2850 982 2906; x_wconf 91' lang='lat' dir='ltr'><strong>Isauri</strong></span> <span class='ocrx_word' id='word_1_203' title='bbox 1025 2867 1252 2921; x_wconf 89' lang='lat' dir='ltr'><strong>namque</strong></span> <span class='ocrx_word' id='word_1_204' title='bbox 1283 2852 1584 2922; x_wconf 91' lang='lat' dir='ltr'><strong>hujnsmodi</strong></span> <span class='ocrx_word' id='word_1_205' title='bbox 1623 2868 1774 2907; x_wconf 91' lang='lat' dir='ltr'><strong>arces</strong></span> <span class='ocrx_word' id='word_1_206' title='bbox 1806 2853 2053 2908; x_wconf 85' lang='lat' dir='ltr'><strong>obsidere</strong></span> 
     </span>
    </p>
   </div>
   <div class='ocr_carea' id='block_1_29' title="bbox 455 2940 2050 3014">
    <p class='ocr_par' dir='ltr' id='par_1_29' title="bbox 455 2940 2050 3014">
     <span class='ocr_line' id='line_1_29' title="bbox 455 2940 2050 3014; baseline 0.004 -21"><span class='ocrx_word' id='word_1_207' title='bbox 455 2955 578 2994; x_wconf 79' lang='lat' dir='ltr'><strong>lnon</strong></span> <span class='ocrx_word' id='word_1_208' title='bbox 602 2940 933 2997; x_wconf 87' lang='lat' dir='ltr'><strong>dubitabant.</strong></span> <span class='ocrx_word' id='word_1_209' title='bbox 967 2943 1302 3014; x_wconf 88' lang='lat' dir='ltr'><strong>Quapropter</strong></span> <span class='ocrx_word' id='word_1_210' title='bbox 1330 2945 1465 3013; x_wconf 88' lang='lat' dir='ltr'><strong>petit</strong></span> <span class='ocrx_word' id='word_1_211' title='bbox 1490 2953 1547 2998; x_wconf 93' lang='lat' dir='ltr'><strong>ut</strong></span> <span class='ocrx_word' id='word_1_212' title='bbox 1575 2945 1814 3014; x_wconf 73' lang='lat' dir='ltr'><strong>ignoscat</strong></span> <span class='ocrx_word' id='word_1_213' title='bbox 1841 2945 1976 3012; x_wconf 89' lang='lat' dir='ltr'><strong>sibi,</strong></span> <span class='ocrx_word' id='word_1_214' title='bbox 2005 2945 2050 2999; x_wconf 90' lang='lat' dir='ltr'><strong>si</strong></span> 
     </span>
    </p>
   </div>
   <div class='ocr_carea' id='block_1_30' title="bbox 450 3032 2051 3104">
    <p class='ocr_par' dir='ltr' id='par_1_30' title="bbox 450 3032 2051 3104">
     <span class='ocr_line' id='line_1_30' title="bbox 450 3032 2051 3104; baseline 0.004 -20"><span class='ocrx_word' id='word_1_215' title='bbox 450 3045 593 3085; x_wconf 39' lang='lat' dir='ltr'><strong>arare</strong></span> <span class='ocrx_word' id='word_1_216' title='bbox 623 3032 721 3103; x_wconf 84' lang='lat' dir='ltr'><strong>ipsi</strong></span> <span class='ocrx_word' id='word_1_217' title='bbox 747 3033 928 3088; x_wconf 88' lang='lat' dir='ltr'><strong>literas</strong></span> <span class='ocrx_word' id='word_1_218' title='bbox 961 3037 1155 3099; x_wconf 89' lang='lat' dir='ltr'><strong>mittat,</strong></span> <span class='ocrx_word' id='word_1_219' title='bbox 1187 3044 1443 3104; x_wconf 88' lang='lat' dir='ltr'><strong>rogatque</strong></span> <span class='ocrx_word' id='word_1_220' title='bbox 1480 3033 1788 3104; x_wconf 89' lang='lat' dir='ltr'><strong>frequenter</strong></span> <span class='ocrx_word' id='word_1_221' title='bbox 1815 3035 1901 3089; x_wconf 91' lang='lat' dir='ltr'><strong>ille</strong></span> <span class='ocrx_word' id='word_1_222' title='bbox 1921 3075 1936 3102; x_wconf 90' lang='lat'><strong>,</strong></span> <span class='ocrx_word' id='word_1_223' title='bbox 1965 3035 2051 3092; x_wconf 68' lang='lat' dir='ltr'><strong>cui</strong></span> 
     </span>
    </p>
   </div>
   <div class='ocr_carea' id='block_1_31' title="bbox 469 3122 1385 3196">
    <p class='ocr_par' dir='ltr' id='par_1_31' title="bbox 469 3122 1385 3196">
     <span class='ocr_line' id='line_1_31' title="bbox 469 3122 1385 3196; baseline 0.002 -21"><span class='ocrx_word' id='word_1_224' title='bbox 469 3122 682 3191; x_wconf 86' lang='lat' dir='ltr'><strong>licebat,</strong></span> <span class='ocrx_word' id='word_1_225' title='bbox 712 3123 763 3179; x_wconf 92' lang='lat' dir='ltr'><strong>id</strong></span> <span class='ocrx_word' id='word_1_226' title='bbox 791 3124 1026 3180; x_wconf 83' lang='lat' dir='ltr'><strong>muneris</strong></span> <span class='ocrx_word' id='word_1_227' title='bbox 1047 3135 1385 3196; x_wconf 83' lang='lat' dir='ltr'><strong>exsequatur.</strong></span> 
     </span>
    </p>
   </div>
   <div class='ocr_carea' id='block_1_32' title="bbox 537 3214 2046 3285">
    <p class='ocr_par' dir='ltr' id='par_1_32' title="bbox 537 3214 2046 3285">
     <span class='ocr_line' id='line_1_32' title="bbox 537 3214 2046 3285; baseline 0 -17"><span class='ocrx_word' id='word_1_228' title='bbox 537 3214 804 3284; x_wconf 84' lang='lat' dir='ltr'><strong>Epistolas</strong></span> <span class='ocrx_word' id='word_1_229' title='bbox 826 3215 950 3271; x_wconf 88' lang='lat' dir='ltr'><strong>item</strong></span> <span class='ocrx_word' id='word_1_230' title='bbox 972 3215 1104 3272; x_wconf 89' lang='lat' dir='ltr'><strong>duas</strong></span> <span class='ocrx_word' id='word_1_231' title='bbox 1124 3215 1339 3285; x_wconf 87' lang='lat' dir='ltr'><strong>scripsit</strong></span> <span class='ocrx_word' id='word_1_232' title='bbox 1359 3217 1426 3270; x_wconf 87' lang='lat'><strong>67</strong></span> <span class='ocrx_word' id='word_1_233' title='bbox 1455 3225 1509 3270; x_wconf 91' lang='lat' dir='ltr'><strong>et</strong></span> <span class='ocrx_word' id='word_1_234' title='bbox 1538 3215 1605 3270; x_wconf 85' lang='lat'><strong>63</strong></span> <span class='ocrx_word' id='word_1_235' title='bbox 1627 3215 1694 3269; x_wconf 89' lang='lat' dir='ltr'><strong>ad</strong></span> <span class='ocrx_word' id='word_1_236' title='bbox 1716 3215 2046 3270; x_wconf 90' lang='lat' dir='ltr'><strong>Theodotum</strong></span> 
     </span>
    </p>
   </div>
   <div class='ocr_carea' id='block_1_33' title="bbox 466 3307 2042 3379">
    <p class='ocr_par' dir='ltr' id='par_1_33' title="bbox 466 3307 2042 3379">
     <span class='ocr_line' id='line_1_33' title="bbox 466 3307 2042 3379; baseline 0.002 -20"><span class='ocrx_word' id='word_1_237' title='bbox 466 3307 748 3362; x_wconf 84' lang='lat' dir='ltr'><strong>diaconum</strong></span> <span class='ocrx_word' id='word_1_238' title='bbox 772 3308 874 3364; x_wconf 87' lang='lat' dir='ltr'><strong>sibi</strong></span> <span class='ocrx_word' id='word_1_239' title='bbox 898 3308 1342 3374; x_wconf 88' lang='lat' dir='ltr'><strong>addictissimum,</strong></span> <span class='ocrx_word' id='word_1_240' title='bbox 1374 3309 1425 3362; x_wconf 95' lang='lat' dir='ltr'><strong>in</strong></span> <span class='ocrx_word' id='word_1_241' title='bbox 1451 3323 1674 3379; x_wconf 89' lang='lat' dir='ltr'><strong>quarum</strong></span> <span class='ocrx_word' id='word_1_242' title='bbox 1693 3309 1856 3362; x_wconf 87' lang='lat' dir='ltr'><strong>altera</strong></span> <span class='ocrx_word' id='word_1_243' title='bbox 1878 3309 2004 3362; x_wconf 91' lang='lat' dir='ltr'><strong>dicit</strong></span> <span class='ocrx_word' id='word_1_244' title='bbox 2029 3325 2042 3362; x_wconf 93' lang='lat'><strong>:</strong></span> 
     </span>
    </p>
   </div>
   <div class='ocr_carea' id='block_1_34' title="bbox 469 3395 2046 3470">
    <p class='ocr_par' dir='ltr' id='par_1_34' title="bbox 469 3395 2046 3470">
     <span class='ocr_line' id='line_1_34' title="bbox 469 3395 2046 3470; baseline 0.002 -21"><span class='ocrx_word' id='word_1_245' title='bbox 469 3395 563 3450; x_wconf 86' lang='lat' dir='ltr'><strong>Tot</strong></span> <span class='ocrx_word' id='word_1_246' title='bbox 602 3399 854 3454; x_wconf 76' lang='lat' dir='ltr'><strong>Armenia:</strong></span> <span class='ocrx_word' id='word_1_247' title='bbox 899 3400 1037 3454; x_wconf 86' lang='lat' dir='ltr'><strong>mala</strong></span> <span class='ocrx_word' id='word_1_248' title='bbox 1076 3409 1192 3454; x_wconf 82' lang='lat' dir='ltr'><strong>sunt</strong></span> <span class='ocrx_word' id='word_1_249' title='bbox 1217 3441 1232 3465; x_wconf 92' lang='lat'><strong>,</strong></span> <span class='ocrx_word' id='word_1_250' title='bbox 1270 3416 1328 3453; x_wconf 91' lang='lat' dir='ltr'><strong>ac</strong></span> <span class='ocrx_word' id='word_1_251' title='bbox 1361 3409 1624 3470; x_wconf 70' lang='lat' dir='ltr'><strong>tempestas</strong></span> <span class='ocrx_word' id='word_1_252' title='bbox 1669 3400 1828 3456; x_wconf 81' lang='lat' dir='ltr'><strong>altera</strong></span> <span class='ocrx_word' id='word_1_253' title='bbox 1879 3401 2046 3453; x_wconf 86' lang='lat' dir='ltr'><strong>omnia</strong></span> 
     </span>
    </p>
   </div>
   <div class='ocr_carea' id='block_1_35' title="bbox 465 3489 2042 3560">
    <p class='ocr_par' dir='ltr' id='par_1_35' title="bbox 465 3489 2042 3560">
     <span class='ocr_line' id='line_1_35' title="bbox 465 3489 2042 3560; baseline 0.001 -20"><span class='ocrx_word' id='word_1_254' title='bbox 465 3489 657 3556; x_wconf 77' lang='lat' dir='ltr'><strong>excepit</strong></span> <span class='ocrx_word' id='word_1_255' title='bbox 701 3503 721 3542; x_wconf 89' lang='lat'><strong><em>:</em></strong></span> <span class='ocrx_word' id='word_1_256' title='bbox 762 3505 882 3542; x_wconf 86' lang='lat' dir='ltr'><strong>nam</strong></span> <span class='ocrx_word' id='word_1_257' title='bbox 925 3505 1235 3559; x_wconf 79' lang='lat' dir='ltr'><strong>quaeautque</strong></span> <span class='ocrx_word' id='word_1_258' title='bbox 1278 3490 1480 3543; x_wconf 83' lang='lat' dir='ltr'><strong>tandem</strong></span> <span class='ocrx_word' id='word_1_259' title='bbox 1526 3490 1788 3560; x_wconf 73' lang='lat' dir='ltr'><strong>quisquam</strong></span> <span class='ocrx_word' id='word_1_260' title='bbox 1837 3490 2042 3550; x_wconf 79' lang='lat' dir='ltr'><strong>venerit,</strong></span> 
     </span>
    </p>
   </div>
   <div class='ocr_carea' id='block_1_36' title="bbox 466 3581 2044 3650">
    <p class='ocr_par' dir='ltr' id='par_1_36' title="bbox 466 3581 2044 3650">
     <span class='ocr_line' id='line_1_36' title="bbox 466 3581 2044 3650; baseline 0.001 -20"><span class='ocrx_word' id='word_1_261' title='bbox 466 3587 697 3632; x_wconf 84' lang='lat' dir='ltr'><strong>cruentos</strong></span> <span class='ocrx_word' id='word_1_262' title='bbox 744 3589 1025 3646; x_wconf 74' lang='lat' dir='ltr'><strong>torrentes,</strong></span> <span class='ocrx_word' id='word_1_263' title='bbox 1079 3581 1377 3634; x_wconf 88' lang='lat' dir='ltr'><strong>cadaverum</strong></span> <span class='ocrx_word' id='word_1_264' title='bbox 1432 3583 1662 3650; x_wconf 79' lang='lat' dir='ltr'><strong>agmina,</strong></span> <span class='ocrx_word' id='word_1_265' title='bbox 1711 3581 1887 3633; x_wconf 82' lang='lat' dir='ltr'><strong>domos</strong></span> <span class='ocrx_word' id='word_1_266' title='bbox 1936 3585 2044 3634; x_wconf 82' lang='lat' dir='ltr'><strong>solo</strong></span> 
     </span>
    </p>
   </div>
   <div class='ocr_carea' id='block_1_37' title="bbox 440 3670 2041 3742">
    <p class='ocr_par' dir='ltr' id='par_1_37' title="bbox 440 3670 2041 3742">
     <span class='ocr_line' id='line_1_37' title="bbox 440 3670 2041 3742; baseline 0.002 -22"><span class='ocrx_word' id='word_1_267' title='bbox 440 3677 705 3738; x_wconf 68' lang='lat' dir='ltr'><strong>wquatas,</strong></span> <span class='ocrx_word' id='word_1_268' title='bbox 731 3670 875 3723; x_wconf 86' lang='lat' dir='ltr'><strong>urbes</strong></span> <span class='ocrx_word' id='word_1_269' title='bbox 926 3686 1120 3725; x_wconf 80' lang='lat' dir='ltr'><strong>eversas</strong></span> <span class='ocrx_word' id='word_1_270' title='bbox 1165 3672 1446 3742; x_wconf 78' lang='lat' dir='ltr'><strong>perspiciet.</strong></span> <span class='ocrx_word' id='word_1_271' title='bbox 1491 3670 1680 3740; x_wconf 87' lang='lat' dir='ltr'><strong>Oppidi</strong></span> <span class='ocrx_word' id='word_1_272' title='bbox 1706 3680 1880 3725; x_wconf 90' lang='lat' dir='ltr'><strong>autem</strong></span> <span class='ocrx_word' id='word_1_273' title='bbox 1907 3673 2041 3724; x_wconf 85' lang='lat' dir='ltr'><strong>Ara-</strong></span> 
     </span>
    </p>
   </div>
   <div class='ocr_carea' id='block_1_38' title="bbox 459 3759 2042 3834">
    <p class='ocr_par' dir='ltr' id='par_1_38' title="bbox 459 3759 2042 3834">
     <span class='ocr_line' id='line_1_38' title="bbox 459 3759 2042 3834; baseline 0.003 -21"><span class='ocrx_word' id='word_1_274' title='bbox 459 3759 591 3814; x_wconf 88' lang='lat' dir='ltr'><strong>bissi</strong></span> <span class='ocrx_word' id='word_1_275' title='bbox 631 3762 913 3833; x_wconf 87' lang='lat' dir='ltr'><strong>episcopus</strong></span> <span class='ocrx_word' id='word_1_276' title='bbox 961 3771 1079 3818; x_wconf 86' lang='lat' dir='ltr'><strong>erat</strong></span> <span class='ocrx_word' id='word_1_277' title='bbox 1127 3763 1338 3818; x_wconf 89' lang='lat' dir='ltr'><strong>Otreins</strong></span> <span class='ocrx_word' id='word_1_278' title='bbox 1377 3764 1760 3834; x_wconf 79' lang='lat' dir='ltr'><strong>Chrysostomo</strong></span> <span class='ocrx_word' id='word_1_279' title='bbox 1811 3765 2042 3818; x_wconf 89' lang='lat' dir='ltr'><strong>amicitia</strong></span> 
     </span>
    </p>
   </div>
   <div class='ocr_carea' id='block_1_39' title="bbox 460 3850 2041 3923">
    <p class='ocr_par' dir='ltr' id='par_1_39' title="bbox 460 3850 2041 3923">
     <span class='ocr_line' id='line_1_39' title="bbox 460 3850 2041 3923; baseline 0.004 -20"><span class='ocrx_word' id='word_1_280' title='bbox 460 3850 796 3919; x_wconf 88' lang='lat' dir='ltr'><strong>conjunctus,</strong></span> <span class='ocrx_word' id='word_1_281' title='bbox 840 3861 896 3907; x_wconf 88' lang='lat' dir='ltr'><strong>ut</strong></span> <span class='ocrx_word' id='word_1_282' title='bbox 924 3853 1088 3922; x_wconf 90' lang='lat' dir='ltr'><strong>liquet</strong></span> <span class='ocrx_word' id='word_1_283' title='bbox 1105 3869 1174 3908; x_wconf 82' lang='lat' dir='ltr'><strong>ex</strong></span> <span class='ocrx_word' id='word_1_284' title='bbox 1205 3855 1426 3923; x_wconf 88' lang='lat' dir='ltr'><strong>epistola</strong></span> <span class='ocrx_word' id='word_1_285' title='bbox 1473 3856 1574 3910; x_wconf 76' lang='lat' dir='ltr'><strong>I&#39;26</strong></span> <span class='ocrx_word' id='word_1_286' title='bbox 1599 3855 1663 3908; x_wconf 90' lang='lat' dir='ltr'><strong>ad</strong></span> <span class='ocrx_word' id='word_1_287' title='bbox 1691 3855 1957 3909; x_wconf 83' lang='lat' dir='ltr'><strong>Ruﬁnum.</strong></span> <span class='ocrx_word' id='word_1_288' title='bbox 1987 3855 2041 3910; x_wconf 89' lang='lat' dir='ltr'><strong>In</strong></span> 
     </span>
    </p>
   </div>
   <div class='ocr_carea' id='block_1_40' title="bbox 443 3941 2041 4017">
    <p class='ocr_par' dir='ltr' id='par_1_40' title="bbox 443 3941 2041 4017">
     <span class='ocr_line' id='line_1_40' title="bbox 443 3941 2041 4017; baseline 0.003 -22"><span class='ocrx_word' id='word_1_289' title='bbox 443 3941 804 4010; x_wconf 74' lang='lat' dir='ltr'><strong>~epistola155</strong></span> <span class='ocrx_word' id='word_1_290' title='bbox 834 3943 1110 4000; x_wconf 89' lang='lat' dir='ltr'><strong>Theodoto</strong></span> <span class='ocrx_word' id='word_1_291' title='bbox 1129 3945 1352 4002; x_wconf 89' lang='lat' dir='ltr'><strong>diacono</strong></span> <span class='ocrx_word' id='word_1_292' title='bbox 1365 3949 1562 4017; x_wconf 82' lang='lat' dir='ltr'><strong>gratias</strong></span> <span class='ocrx_word' id='word_1_293' title='bbox 1584 3962 1767 4016; x_wconf 83' lang='lat' dir='ltr'><strong>agens,</strong></span> <span class='ocrx_word' id='word_1_294' title='bbox 1791 3947 1931 4016; x_wconf 85' lang='lat' dir='ltr'><strong>quod</strong></span> <span class='ocrx_word' id='word_1_295' title='bbox 1960 3949 2041 4001; x_wconf 91' lang='lat' dir='ltr'><strong>sui</strong></span> 
     </span>
    </p>
   </div>
   <div class='ocr_carea' id='block_1_41' title="bbox 447 4033 2042 4111">
    <p class='ocr_par' dir='ltr' id='par_1_41' title="bbox 447 4033 2042 4111">
     <span class='ocr_line' id='line_1_41' title="bbox 447 4033 2042 4111; baseline 0.006 -26"><span class='ocrx_word' id='word_1_296' title='bbox 447 4033 722 4089; x_wconf 63' lang='lat' dir='ltr'><strong>:invisendi</strong></span> <span class='ocrx_word' id='word_1_297' title='bbox 749 4051 909 4090; x_wconf 90' lang='lat' dir='ltr'><strong>causa</strong></span> <span class='ocrx_word' id='word_1_298' title='bbox 931 4037 1040 4107; x_wconf 91' lang='lat' dir='ltr'><strong>jam</strong></span> <span class='ocrx_word' id='word_1_299' title='bbox 1071 4039 1121 4092; x_wconf 94' lang='lat' dir='ltr'><strong>in</strong></span> <span class='ocrx_word' id='word_1_300' title='bbox 1146 4041 1440 4111; x_wconf 83' lang='lat' dir='ltr'><strong>asperrima</strong></span> <span class='ocrx_word' id='word_1_301' title='bbox 1476 4039 1652 4094; x_wconf 89' lang='lat' dir='ltr'><strong>hieme</strong></span> <span class='ocrx_word' id='word_1_302' title='bbox 1687 4040 1954 4102; x_wconf 88' lang='lat' dir='ltr'><strong>venisset,</strong></span> <span class='ocrx_word' id='word_1_303' title='bbox 1988 4050 2042 4095; x_wconf 91' lang='lat' dir='ltr'><strong>et</strong></span> 
     </span>
    </p>
   </div>
   <div class='ocr_carea' id='block_1_42' title="bbox 458 4125 2040 4197">
    <p class='ocr_par' dir='ltr' id='par_1_42' title="bbox 458 4125 2040 4197">
     <span class='ocr_line' id='line_1_42' title="bbox 458 4125 2040 4197; baseline 0.006 -20"><span class='ocrx_word' id='word_1_304' title='bbox 458 4125 597 4194; x_wconf 85' lang='lat' dir='ltr'><strong>quod</strong></span> <span class='ocrx_word' id='word_1_305' title='bbox 625 4127 861 4183; x_wconf 87' lang='lat' dir='ltr'><strong>secundo</strong></span> <span class='ocrx_word' id='word_1_306' title='bbox 891 4130 1200 4186; x_wconf 88' lang='lat' dir='ltr'><strong>Arabissum</strong></span> <span class='ocrx_word' id='word_1_307' title='bbox 1231 4141 1485 4186; x_wconf 89' lang='lat' dir='ltr'><strong>venturus</strong></span> <span class='ocrx_word' id='word_1_308' title='bbox 1515 4132 1718 4197; x_wconf 89' lang='lat' dir='ltr'><strong>fuisset,</strong></span> <span class='ocrx_word' id='word_1_309' title='bbox 1753 4133 1851 4185; x_wconf 90' lang='lat' dir='ltr'><strong>nisi</strong></span> <span class='ocrx_word' id='word_1_310' title='bbox 1875 4131 2040 4186; x_wconf 83' lang='lat' dir='ltr'><strong>Isauri</strong></span> 
     </span>
    </p>
   </div>
   <div class='ocr_carea' id='block_1_43' title="bbox 457 4214 2040 4292">
    <p class='ocr_par' dir='ltr' id='par_1_43' title="bbox 457 4214 2040 4292">
     <span class='ocr_line' id='line_1_43' title="bbox 457 4214 2040 4292; baseline 0.006 -28"><span class='ocrx_word' id='word_1_311' title='bbox 457 4214 570 4267; x_wconf 82' lang='lat' dir='ltr'><strong>vias</strong></span> <span class='ocrx_word' id='word_1_312' title='bbox 601 4217 1016 4286; x_wconf 71' lang='lat' dir='ltr'><strong>praeclusissem,</strong></span> <span class='ocrx_word' id='word_1_313' title='bbox 1063 4236 1121 4276; x_wconf 89' lang='lat' dir='ltr'><strong>se</strong></span> <span class='ocrx_word' id='word_1_314' title='bbox 1148 4221 1364 4291; x_wconf 90' lang='lat' dir='ltr'><strong>quidem</strong></span> <span class='ocrx_word' id='word_1_315' title='bbox 1403 4237 1592 4292; x_wconf 87' lang='lat' dir='ltr'><strong>magna</strong></span> <span class='ocrx_word' id='word_1_316' title='bbox 1623 4225 1800 4291; x_wconf 89' lang='lat' dir='ltr'><strong>quiete</strong></span> <span class='ocrx_word' id='word_1_317' title='bbox 1839 4231 1892 4275; x_wconf 90' lang='lat' dir='ltr'><strong>et</strong></span> <span class='ocrx_word' id='word_1_318' title='bbox 1931 4222 2040 4274; x_wconf 91' lang='lat' dir='ltr'><strong>otio</strong></span> 
     </span>
    </p>
   </div>
   <div class='ocr_carea' id='block_1_44' title="bbox 456 4301 2032 4382">
    <p class='ocr_par' dir='ltr' id='par_1_44' title="bbox 456 4301 2032 4382">
     <span class='ocr_line' id='line_1_44' title="bbox 456 4301 2032 4382; baseline 0.005 -26"><span class='ocrx_word' id='word_1_319' title='bbox 456 4301 561 4358; x_wconf 87' lang='lat' dir='ltr'><strong>frui</strong></span> <span class='ocrx_word' id='word_1_320' title='bbox 592 4304 688 4372; x_wconf 87' lang='lat' dir='ltr'><strong>ait,</strong></span> <span class='ocrx_word' id='word_1_321' title='bbox 719 4315 1003 4379; x_wconf 89' lang='lat' dir='ltr'><strong>tamenque</strong></span> <span class='ocrx_word' id='word_1_322' title='bbox 1039 4311 1372 4366; x_wconf 88' lang='lat' dir='ltr'><strong>obsidionem</strong></span> <span class='ocrx_word' id='word_1_323' title='bbox 1414 4313 1464 4366; x_wconf 92' lang='lat' dir='ltr'><strong>in</strong></span> <span class='ocrx_word' id='word_1_324' title='bbox 1498 4312 1616 4367; x_wconf 90' lang='lat' dir='ltr'><strong>dies</strong></span> <span class='ocrx_word' id='word_1_325' title='bbox 1645 4313 2032 4382; x_wconf 79' lang='lat' dir='ltr'><strong>ingravescere.</strong></span> 
     </span>
    </p>
   </div>
   <div class='ocr_carea' id='block_1_45' title="bbox 449 4390 2039 4474">
    <p class='ocr_par' dir='ltr' id='par_1_45' title="bbox 449 4390 2039 4474">
     <span class='ocr_line' id='line_1_45' title="bbox 449 4390 2039 4474; baseline 0.009 -29"><span class='ocrx_word' id='word_1_326' title='bbox 449 4390 578 4447; x_wconf 76' lang='lat' dir='ltr'><strong>lam</strong></span> <span class='ocrx_word' id='word_1_327' title='bbox 605 4433 621 4460; x_wconf 89' lang='lat'><strong>,</strong></span> <span class='ocrx_word' id='word_1_328' title='bbox 688 4396 892 4467; x_wconf 88' lang='lat' dir='ltr'><strong>inquit,</strong></span> <span class='ocrx_word' id='word_1_329' title='bbox 933 4400 1100 4454; x_wconf 85' lang='lat' dir='ltr'><strong>media</strong></span> <span class='ocrx_word' id='word_1_330' title='bbox 1137 4411 1278 4456; x_wconf 83' lang='lat' dir='ltr'><strong>nocte</strong></span> <span class='ocrx_word' id='word_1_331' title='bbox 1328 4412 1510 4474; x_wconf 62' lang='lat' dir='ltr'><strong>prater</strong></span> <span class='ocrx_word' id='word_1_332' title='bbox 1544 4420 1740 4458; x_wconf 84' lang='lat' dir='ltr'><strong>onmem</strong></span> <span class='ocrx_word' id='word_1_333' title='bbox 1781 4415 2039 4474; x_wconf 75' lang='lat' dir='ltr'><strong>exspecta-</strong></span> 
     </span>
    </p>
   </div>
   <div class='ocr_carea' id='block_1_46' title="bbox 446 4482 2036 4563">
    <p class='ocr_par' dir='ltr' id='par_1_46' title="bbox 446 4482 2036 4563">
     <span class='ocr_line' id='line_1_46' title="bbox 446 4482 2036 4563; baseline 0.008 -29"><span class='ocrx_word' id='word_1_334' title='bbox 446 4482 643 4536; x_wconf 66' lang='lat' dir='ltr'><strong>xiouem</strong></span> <span class='ocrx_word' id='word_1_335' title='bbox 690 4497 1021 4542; x_wconf 85' lang='lat' dir='ltr'><strong>trecentorum</strong></span> <span class='ocrx_word' id='word_1_336' title='bbox 1069 4487 1369 4543; x_wconf 84' lang='lat' dir='ltr'><strong>Isaurorum</strong></span> <span class='ocrx_word' id='word_1_337' title='bbox 1405 4507 1583 4561; x_wconf 86' lang='lat' dir='ltr'><strong>agmen</strong></span> <span class='ocrx_word' id='word_1_338' title='bbox 1622 4493 1866 4563; x_wconf 79' lang='lat' dir='ltr'><strong>Oppidum</strong></span> <span class='ocrx_word' id='word_1_339' title='bbox 1921 4511 2036 4563; x_wconf 83' lang='lat' dir='ltr'><strong>per-</strong></span> 
     </span>
    </p>
   </div>
   <div class='ocr_carea' id='block_1_47' title="bbox 445 4574 2039 4648">
    <p class='ocr_par' dir='ltr' id='par_1_47' title="bbox 445 4574 2039 4648">
     <span class='ocr_line' id='line_1_47' title="bbox 445 4574 2039 4648; baseline 0.008 -23"><span class='ocrx_word' id='word_1_340' title='bbox 445 4574 694 4640; x_wconf 67' lang='lat' dir='ltr'><strong>cursavit,</strong></span> <span class='ocrx_word' id='word_1_341' title='bbox 725 4592 943 4646; x_wconf 85' lang='lat' dir='ltr'><strong>peneque</strong></span> <span class='ocrx_word' id='word_1_342' title='bbox 984 4594 1077 4631; x_wconf 82' lang='lat' dir='ltr'><strong>nos</strong></span> <span class='ocrx_word' id='word_1_343' title='bbox 1113 4580 1260 4648; x_wconf 86' lang='lat' dir='ltr'><strong>cepit.</strong></span> <span class='ocrx_word' id='word_1_344' title='bbox 1288 4579 1444 4633; x_wconf 89' lang='lat' dir='ltr'><strong>Putat</strong></span> <span class='ocrx_word' id='word_1_345' title='bbox 1493 4594 1546 4630; x_wconf 91' lang='lat' dir='ltr'><strong>v.</strong></span> <span class='ocrx_word' id='word_1_346' title='bbox 1569 4580 1640 4633; x_wconf 92' lang='lat' dir='ltr'><strong>cl.</strong></span> <span class='ocrx_word' id='word_1_347' title='bbox 1672 4581 2039 4637; x_wconf 86' lang='lat' dir='ltr'><strong>Tillemontius</strong></span> 
     </span>
    </p>
   </div>
   <div class='ocr_carea' id='block_1_48' title="bbox 449 4665 2040 4741">
    <p class='ocr_par' dir='ltr' id='par_1_48' title="bbox 449 4665 2040 4741">
     <span class='ocr_line' id='line_1_48' title="bbox 449 4665 2040 4741; baseline 0.004 -22"><span class='ocrx_word' id='word_1_348' title='bbox 449 4665 544 4722; x_wconf 58' lang='lat' dir='ltr'><strong>this</strong></span> <span class='ocrx_word' id='word_1_349' title='bbox 569 4666 850 4736; x_wconf 88' lang='lat' dir='ltr'><strong>signiﬁcari</strong></span> <span class='ocrx_word' id='word_1_350' title='bbox 881 4669 1186 4724; x_wconf 89' lang='lat' dir='ltr'><strong>Isaurorum</strong></span> <span class='ocrx_word' id='word_1_351' title='bbox 1216 4669 1345 4724; x_wconf 89' lang='lat' dir='ltr'><strong>illud</strong></span> <span class='ocrx_word' id='word_1_352' title='bbox 1373 4685 1562 4739; x_wconf 86' lang='lat' dir='ltr'><strong>agmen</strong></span> <span class='ocrx_word' id='word_1_353' title='bbox 1595 4670 1649 4724; x_wconf 91' lang='lat' dir='ltr'><strong>in</strong></span> <span class='ocrx_word' id='word_1_354' title='bbox 1675 4671 1928 4741; x_wconf 89' lang='lat' dir='ltr'><strong>oppidum</strong></span> <span class='ocrx_word' id='word_1_355' title='bbox 1959 4672 2040 4726; x_wconf 84' lang='lat' dir='ltr'><strong>in-</strong></span> 
     </span>
    </p>
   </div>
   <div class='ocr_carea' id='block_1_49' title="bbox 447 4758 2038 4831">
    <p class='ocr_par' dir='ltr' id='par_1_49' title="bbox 447 4758 2038 4831">
     <span class='ocr_line' id='line_1_49' title="bbox 447 4758 2038 4831; baseline 0.004 -20"><span class='ocrx_word' id='word_1_356' title='bbox 447 4771 700 4828; x_wconf 81' lang='lat' dir='ltr'><strong>gressum</strong></span> <span class='ocrx_word' id='word_1_357' title='bbox 732 4758 927 4826; x_wconf 83' lang='lat' dir='ltr'><strong>fuisse;</strong></span> <span class='ocrx_word' id='word_1_358' title='bbox 956 4761 1095 4831; x_wconf 91' lang='lat' dir='ltr'><strong>quod</strong></span> <span class='ocrx_word' id='word_1_359' title='bbox 1126 4771 1300 4817; x_wconf 89' lang='lat' dir='ltr'><strong>tamen</strong></span> <span class='ocrx_word' id='word_1_360' title='bbox 1326 4776 1432 4817; x_wconf 88' lang='lat' dir='ltr'><strong>non</strong></span> <span class='ocrx_word' id='word_1_361' title='bbox 1463 4760 1672 4816; x_wconf 90' lang='lat' dir='ltr'><strong>videtur</strong></span> <span class='ocrx_word' id='word_1_362' title='bbox 1695 4762 1926 4817; x_wconf 88' lang='lat' dir='ltr'><strong>Joannes</strong></span> <span class='ocrx_word' id='word_1_363' title='bbox 1955 4761 2038 4818; x_wconf 91' lang='lat' dir='ltr'><strong>his</strong></span> 
     </span>
    </p>
   </div>
   <div class='ocr_carea' id='block_1_50' title="bbox 451 4850 2036 4926">
    <p class='ocr_par' dir='ltr' id='par_1_50' title="bbox 451 4850 2036 4926">
     <span class='ocr_line' id='line_1_50' title="bbox 451 4850 2036 4926; baseline 0.004 -22"><span class='ocrx_word' id='word_1_364' title='bbox 451 4850 636 4908; x_wconf 83' lang='lat' dir='ltr'><strong>verbis</strong></span> <span class='ocrx_word' id='word_1_365' title='bbox 659 4851 981 4922; x_wconf 87' lang='lat' dir='ltr'><strong>signiﬁcare.</strong></span> <span class='ocrx_word' id='word_1_366' title='bbox 1013 4853 1145 4922; x_wconf 78' lang='lat' dir='ltr'><strong>Ima,</strong></span> <span class='ocrx_word' id='word_1_367' title='bbox 1176 4855 1221 4909; x_wconf 90' lang='lat' dir='ltr'><strong>si</strong></span> <span class='ocrx_word' id='word_1_368' title='bbox 1266 4855 1318 4910; x_wconf 91' lang='lat' dir='ltr'><strong>in</strong></span> <span class='ocrx_word' id='word_1_369' title='bbox 1361 4856 1612 4925; x_wconf 86' lang='lat' dir='ltr'><strong>oppidum</strong></span> <span class='ocrx_word' id='word_1_370' title='bbox 1657 4855 1881 4926; x_wconf 85' lang='lat' dir='ltr'><strong>ingressi</strong></span> <span class='ocrx_word' id='word_1_371' title='bbox 1909 4855 2036 4910; x_wconf 88' lang='lat' dir='ltr'><strong>fuis-</strong></span> 
     </span>
    </p>
   </div>
   <div class='ocr_carea' id='block_1_51' title="bbox 456 4943 2036 5018">
    <p class='ocr_par' dir='ltr' id='par_1_51' title="bbox 456 4943 2036 5018">
     <span class='ocr_line' id='line_1_51' title="bbox 456 4943 2036 5018; baseline 0.005 -23"><span class='ocrx_word' id='word_1_372' title='bbox 456 4950 606 5006; x_wconf 87' lang='lat' dir='ltr'><strong>sent,</strong></span> <span class='ocrx_word' id='word_1_373' title='bbox 636 4943 813 4999; x_wconf 69' lang='lat' dir='ltr'><strong>ctcdes</strong></span> <span class='ocrx_word' id='word_1_374' title='bbox 849 4943 990 5000; x_wconf 91' lang='lat' dir='ltr'><strong>haud</strong></span> <span class='ocrx_word' id='word_1_375' title='bbox 1025 4945 1214 5013; x_wconf 88' lang='lat' dir='ltr'><strong>dubie,</strong></span> <span class='ocrx_word' id='word_1_376' title='bbox 1237 4945 1598 5017; x_wconf 90' lang='lat' dir='ltr'><strong>direptiones,</strong></span> <span class='ocrx_word' id='word_1_377' title='bbox 1645 4948 1852 5018; x_wconf 89' lang='lat' dir='ltr'><strong>aliaque</strong></span> <span class='ocrx_word' id='word_1_378' title='bbox 1899 4948 2036 5003; x_wconf 91' lang='lat' dir='ltr'><strong>mala</strong></span> 
     </span>
    </p>
   </div>
   <div class='ocr_carea' id='block_1_52' title="bbox 457 5033 2036 5110">
    <p class='ocr_par' dir='ltr' id='par_1_52' title="bbox 457 5033 2036 5110">
     <span class='ocr_line' id='line_1_52' title="bbox 457 5033 2036 5110; baseline 0.006 -25"><span class='ocrx_word' id='word_1_379' title='bbox 457 5033 798 5105; x_wconf 88' lang='lat' dir='ltr'><strong>intulissent,</strong></span> <span class='ocrx_word' id='word_1_380' title='bbox 841 5051 962 5107; x_wconf 62' lang='lat' dir='ltr'><strong>quas</strong></span> <span class='ocrx_word' id='word_1_381' title='bbox 994 5037 1408 5110; x_wconf 82' lang='lat' dir='ltr'><strong>Chrysostomus</strong></span> <span class='ocrx_word' id='word_1_382' title='bbox 1457 5039 1760 5097; x_wconf 89' lang='lat' dir='ltr'><strong>describere</strong></span> <span class='ocrx_word' id='word_1_383' title='bbox 1801 5055 1905 5094; x_wconf 90' lang='lat' dir='ltr'><strong>non</strong></span> <span class='ocrx_word' id='word_1_384' title='bbox 1945 5054 2036 5094; x_wconf 85' lang='lat' dir='ltr'><strong>ne-</strong></span> 
     </span>
    </p>
   </div>
   <div class='ocr_carea' id='block_1_53' title="bbox 455 5125 732 5194">
    <p class='ocr_par' dir='ltr' id='par_1_53' title="bbox 455 5125 732 5194">
     <span class='ocr_line' id='line_1_53' title="bbox 455 5125 732 5194; baseline 0 -16"><span class='ocrx_word' id='word_1_385' title='bbox 455 5125 732 5194; x_wconf 75' lang='lat' dir='ltr'><strong>glesisset.</strong></span> 
     </span>
    </p>
   </div>
   <div class='ocr_carea' id='block_1_54' title="bbox 526 5217 2035 5292">
    <p class='ocr_par' dir='ltr' id='par_1_54' title="bbox 526 5217 2035 5292">
     <span class='ocr_line' id='line_1_54' title="bbox 526 5217 2035 5292; baseline 0.002 -21"><span class='ocrx_word' id='word_1_386' title='bbox 526 5217 584 5271; x_wconf 91' lang='lat' dir='ltr'><strong>In</strong></span> <span class='ocrx_word' id='word_1_387' title='bbox 607 5217 829 5287; x_wconf 88' lang='lat' dir='ltr'><strong>epistola</strong></span> <span class='ocrx_word' id='word_1_388' title='bbox 856 5231 986 5274; x_wconf 87' lang='lat' dir='ltr'><strong>vero</strong></span> <span class='ocrx_word' id='word_1_389' title='bbox 1013 5219 1081 5274; x_wconf 90' lang='lat'><strong>70</strong></span> <span class='ocrx_word' id='word_1_390' title='bbox 1105 5221 1179 5274; x_wconf 90' lang='lat' dir='ltr'><strong>ait</strong></span> <span class='ocrx_word' id='word_1_391' title='bbox 1205 5235 1263 5277; x_wconf 86' lang='lat' dir='ltr'><strong>se</strong></span> <span class='ocrx_word' id='word_1_392' title='bbox 1282 5236 1401 5276; x_wconf 93' lang='lat' dir='ltr'><strong>eum</strong></span> <span class='ocrx_word' id='word_1_393' title='bbox 1439 5222 1585 5290; x_wconf 81' lang='lat' dir='ltr'><strong>gravi</strong></span> <span class='ocrx_word' id='word_1_394' title='bbox 1611 5221 1852 5292; x_wconf 87' lang='lat' dir='ltr'><strong>corporis</strong></span> <span class='ocrx_word' id='word_1_395' title='bbox 1878 5221 2035 5291; x_wconf 69' lang='lat' dir='ltr'><strong>aegri-</strong></span> 
     </span>
    </p>
   </div>
   <div class='ocr_carea' id='block_1_55' title="bbox 455 5307 2035 5384">
    <p class='ocr_par' dir='ltr' id='par_1_55' title="bbox 455 5307 2035 5384">
     <span class='ocr_line' id='line_1_55' title="bbox 455 5307 2035 5384; baseline 0.004 -22"><span class='ocrx_word' id='word_1_396' title='bbox 455 5307 640 5366; x_wconf 87' lang='lat' dir='ltr'><strong>tudine</strong></span> <span class='ocrx_word' id='word_1_397' title='bbox 665 5309 979 5366; x_wconf 81' lang='lat' dir='ltr'><strong>conﬂictari.</strong></span> <span class='ocrx_word' id='word_1_398' title='bbox 1027 5314 1094 5367; x_wconf 77' lang='lat' dir='ltr'><strong>At</strong></span> <span class='ocrx_word' id='word_1_399' title='bbox 1141 5313 1193 5368; x_wconf 90' lang='lat' dir='ltr'><strong>in</strong></span> <span class='ocrx_word' id='word_1_400' title='bbox 1237 5314 1460 5384; x_wconf 82' lang='lat' dir='ltr'><strong>epistola</strong></span> <span class='ocrx_word' id='word_1_401' title='bbox 1509 5314 1604 5369; x_wconf 70' lang='grc'><strong>151</strong></span> <span class='ocrx_word' id='word_1_402' title='bbox 1661 5315 1728 5370; x_wconf 78' lang='lat' dir='ltr'><strong>ad</strong></span> <span class='ocrx_word' id='word_1_403' title='bbox 1771 5313 2035 5384; x_wconf 87' lang='lat' dir='ltr'><strong>Elpidium</strong></span> 
     </span>
    </p>
   </div>
   <div class='ocr_carea' id='block_1_56' title="bbox 455 5399 2037 5475">
    <p class='ocr_par' dir='ltr' id='par_1_56' title="bbox 455 5399 2037 5475">
     <span class='ocr_line' id='line_1_56' title="bbox 455 5399 2037 5475; baseline 0.004 -23"><span class='ocrx_word' id='word_1_404' title='bbox 455 5412 669 5465; x_wconf 77' lang='lat' dir='ltr'><strong>gravem</strong></span> <span class='ocrx_word' id='word_1_405' title='bbox 693 5399 822 5458; x_wconf 90' lang='lat' dir='ltr'><strong>dicit</strong></span> <span class='ocrx_word' id='word_1_406' title='bbox 839 5403 1130 5460; x_wconf 80' lang='lat' dir='ltr'><strong>accessisse</strong></span> <span class='ocrx_word' id='word_1_407' title='bbox 1149 5405 1412 5471; x_wconf 88' lang='lat' dir='ltr'><strong>morbum,</strong></span> <span class='ocrx_word' id='word_1_408' title='bbox 1434 5406 1584 5474; x_wconf 90' lang='lat' dir='ltr'><strong>cujus</strong></span> <span class='ocrx_word' id='word_1_409' title='bbox 1599 5403 1773 5460; x_wconf 87' lang='lat' dir='ltr'><strong>adhuc</strong></span> <span class='ocrx_word' id='word_1_410' title='bbox 1787 5405 2037 5475; x_wconf 85' lang='lat' dir='ltr'><strong>reliquias</strong></span> 
     </span>
    </p>
   </div>
   <div class='ocr_carea' id='block_1_57' title="bbox 453 5485 2036 5564">
    <p class='ocr_par' dir='ltr' id='par_1_57' title="bbox 453 5485 2036 5564">
     <span class='ocr_line' id='line_1_57' title="bbox 453 5485 2036 5564; baseline 0.009 -29"><span class='ocrx_word' id='word_1_411' title='bbox 453 5485 862 5546; x_wconf 85' lang='lat' dir='ltr'><strong>circumferebat</strong></span> <span class='ocrx_word' id='word_1_412' title='bbox 887 5511 901 5546; x_wconf 89' lang='lat'><strong>:</strong></span> <span class='ocrx_word' id='word_1_413' title='bbox 931 5492 1074 5564; x_wconf 91' lang='lat' dir='ltr'><strong>quod</strong></span> <span class='ocrx_word' id='word_1_414' title='bbox 1119 5493 1290 5562; x_wconf 88' lang='lat' dir='ltr'><strong>ipsum</strong></span> <span class='ocrx_word' id='word_1_415' title='bbox 1316 5493 1444 5547; x_wconf 87' lang='lat' dir='ltr'><strong>dicit</strong></span> <span class='ocrx_word' id='word_1_416' title='bbox 1472 5494 1527 5546; x_wconf 86' lang='lat' dir='ltr'><strong>in</strong></span> <span class='ocrx_word' id='word_1_417' title='bbox 1549 5494 1770 5562; x_wconf 87' lang='lat' dir='ltr'><strong>epistola</strong></span> <span class='ocrx_word' id='word_1_418' title='bbox 1812 5494 1932 5550; x_wconf 78' lang='grc'><strong>158.</strong></span> <span class='ocrx_word' id='word_1_419' title='bbox 1957 5495 2036 5550; x_wconf 79' lang='lat' dir='ltr'><strong>Ad</strong></span> 
     </span>
    </p>
   </div>
   <div class='ocr_carea' id='block_1_58' title="bbox 456 5571 2035 5653">
    <p class='ocr_par' dir='ltr' id='par_1_58' title="bbox 456 5571 2035 5653">
     <span class='ocr_line' id='line_1_58' title="bbox 456 5571 2035 5653; baseline 0.008 -27"><span class='ocrx_word' id='word_1_420' title='bbox 456 5571 821 5644; x_wconf 87' lang='lat' dir='ltr'><strong>Olympiadem</strong></span> <span class='ocrx_word' id='word_1_421' title='bbox 849 5597 977 5637; x_wconf 86' lang='lat' dir='ltr'><strong>vero</strong></span> <span class='ocrx_word' id='word_1_422' title='bbox 1006 5583 1246 5639; x_wconf 87' lang='lat' dir='ltr'><strong>scribens</strong></span> <span class='ocrx_word' id='word_1_423' title='bbox 1269 5583 1543 5652; x_wconf 89' lang='lat' dir='ltr'><strong>epistolam</strong></span> <span class='ocrx_word' id='word_1_424' title='bbox 1573 5583 1638 5637; x_wconf 85' lang='grc'><strong>15</strong></span> <span class='ocrx_word' id='word_1_425' title='bbox 1663 5583 1754 5646; x_wconf 90' lang='lat' dir='ltr'><strong>ait,</strong></span> <span class='ocrx_word' id='word_1_426' title='bbox 1777 5599 1837 5638; x_wconf 90' lang='lat' dir='ltr'><strong>se</strong></span> <span class='ocrx_word' id='word_1_427' title='bbox 1863 5599 1894 5638; x_wconf 91' lang='lat' dir='ltr'><strong>e</strong></span> <span class='ocrx_word' id='word_1_428' title='bbox 1913 5600 2035 5653; x_wconf 83' lang='lat' dir='ltr'><strong>gra-</strong></span> 
     </span>
    </p>
   </div>
   <div class='ocr_carea' id='block_1_59' title="bbox 462 5665 2038 5742">
    <p class='ocr_par' dir='ltr' id='par_1_59' title="bbox 462 5665 2038 5742">
     <span class='ocr_line' id='line_1_59' title="bbox 462 5665 2038 5742; baseline 0.01 -28"><span class='ocrx_word' id='word_1_429' title='bbox 462 5665 678 5724; x_wconf 83' lang='lat' dir='ltr'><strong>vissimo</strong></span> <span class='ocrx_word' id='word_1_430' title='bbox 700 5674 980 5728; x_wconf 85' lang='lat' dir='ltr'><strong>emersisse</strong></span> <span class='ocrx_word' id='word_1_431' title='bbox 1011 5674 1218 5740; x_wconf 89' lang='lat' dir='ltr'><strong>morbo,</strong></span> <span class='ocrx_word' id='word_1_432' title='bbox 1249 5674 1344 5730; x_wconf 88' lang='lat' dir='ltr'><strong>sed</strong></span> <span class='ocrx_word' id='word_1_433' title='bbox 1388 5672 1558 5728; x_wconf 88' lang='lat' dir='ltr'><strong>morbi</strong></span> <span class='ocrx_word' id='word_1_434' title='bbox 1588 5671 1836 5742; x_wconf 86' lang='lat' dir='ltr'><strong>reliquias</strong></span> <span class='ocrx_word' id='word_1_435' title='bbox 1862 5673 2038 5730; x_wconf 90' lang='lat' dir='ltr'><strong>adhuc</strong></span> 
     </span>
    </p>
   </div>
   <div class='ocr_carea' id='block_1_60' title="bbox 459 5754 2034 5839">
    <p class='ocr_par' dir='ltr' id='par_1_60' title="bbox 459 5754 2034 5839">
     <span class='ocr_line' id='line_1_60' title="bbox 459 5754 2034 5839; baseline 0.006 -30"><span class='ocrx_word' id='word_1_436' title='bbox 459 5754 799 5812; x_wconf 74' lang='lat' dir='ltr'><strong>circumferre</strong></span> <span class='ocrx_word' id='word_1_437' title='bbox 824 5776 836 5812; x_wconf 91' lang='lat'><strong>:</strong></span> <span class='ocrx_word' id='word_1_438' title='bbox 866 5770 921 5814; x_wconf 88' lang='lat' dir='ltr'><strong>et</strong></span> <span class='ocrx_word' id='word_1_439' title='bbox 948 5761 1132 5819; x_wconf 85' lang='lat' dir='ltr'><strong>adesse</strong></span> <span class='ocrx_word' id='word_1_440' title='bbox 1160 5765 1259 5820; x_wconf 82' lang='lat' dir='ltr'><strong>sibi</strong></span> <span class='ocrx_word' id='word_1_441' title='bbox 1285 5763 1497 5839; x_wconf 89' lang='lat' dir='ltr'><strong>quidem</strong></span> <span class='ocrx_word' id='word_1_442' title='bbox 1525 5762 1759 5819; x_wconf 83' lang='lat' dir='ltr'><strong>medicos</strong></span> <span class='ocrx_word' id='word_1_443' title='bbox 1785 5761 2034 5832; x_wconf 84' lang='lat' dir='ltr'><strong>optimos,</strong></span> 
     </span>
    </p>
   </div>
   <div class='ocr_carea' id='block_1_61' title="bbox 3649 396 3748 452">
    <p class='ocr_par' dir='ltr' id='par_1_61' title="bbox 3649 396 3748 452">
     <span class='ocr_line' id='line_1_61' title="bbox 3649 396 3748 452; baseline -0.04 0"><span class='ocrx_word' id='word_1_444' title='bbox 3649 396 3748 452; x_wconf 68' lang='grc'><strong>25⁸2.</strong></span> 
     </span>
    </p>
   </div>
   <div class='ocr_carea' id='block_1_62' title="bbox 2176 503 3746 575">
    <p class='ocr_par' dir='ltr' id='par_1_62' title="bbox 2176 503 3746 575">
     <span class='ocr_line' id='line_1_62' title="bbox 2176 503 3746 575; baseline 0.007 -19"><span class='ocrx_word' id='word_1_445' title='bbox 2176 503 2269 556; x_wconf 88' lang='lat' dir='ltr'><strong>scd</strong></span> <span class='ocrx_word' id='word_1_446' title='bbox 2287 503 2704 557; x_wconf 82' lang='lat' dir='ltr'><strong>necessariarum</strong></span> <span class='ocrx_word' id='word_1_447' title='bbox 2724 518 2898 558; x_wconf 92' lang='lat' dir='ltr'><strong>rerum</strong></span> <span class='ocrx_word' id='word_1_448' title='bbox 2913 505 3164 575; x_wconf 87' lang='lat' dir='ltr'><strong>inopiam,</strong></span> <span class='ocrx_word' id='word_1_449' title='bbox 3183 506 3457 562; x_wconf 69' lang='lat' dir='ltr'><strong>medicinas</strong></span> <span class='ocrx_word' id='word_1_450' title='bbox 3475 503 3746 566; x_wconf 83' lang='lat' dir='ltr'><strong>utilitatem</strong></span> 
     </span>
    </p>
   </div>
   <div class='ocr_carea' id='block_1_63' title="bbox 2176 594 3740 659">
    <p class='ocr_par' dir='ltr' id='par_1_63' title="bbox 2176 594 3740 659">
     <span class='ocr_line' id='line_1_63' title="bbox 2176 594 3740 659; baseline 0.006 -13"><span class='ocrx_word' id='word_1_451' title='bbox 2176 594 2524 659; x_wconf 75' lang='lat' dir='ltr'><strong>labefactare;</strong></span> <span class='ocrx_word' id='word_1_452' title='bbox 2557 610 2654 649; x_wconf 92' lang='lat' dir='ltr'><strong>nec</strong></span> <span class='ocrx_word' id='word_1_453' title='bbox 2681 597 2837 650; x_wconf 92' lang='lat' dir='ltr'><strong>modo</strong></span> <span class='ocrx_word' id='word_1_454' title='bbox 2867 597 3053 652; x_wconf 88' lang='lat' dir='ltr'><strong>abesse</strong></span> <span class='ocrx_word' id='word_1_455' title='bbox 3085 600 3470 654; x_wconf 85' lang='lat' dir='ltr'><strong>medicamenta</strong></span> <span class='ocrx_word' id='word_1_456' title='bbox 3502 612 3740 656; x_wconf 71' lang='lat' dir='ltr'><strong>autems-</strong></span> 
     </span>
    </p>
   </div>
   <div class='ocr_carea' id='block_1_64' title="bbox 2175 686 3742 757">
    <p class='ocr_par' dir='ltr' id='par_1_64' title="bbox 2175 686 3742 757">
     <span class='ocr_line' id='line_1_64' title="bbox 2175 686 3742 757; baseline 0.007 -20"><span class='ocrx_word' id='word_1_457' title='bbox 2175 699 2280 753; x_wconf 91' lang='lat' dir='ltr'><strong>que</strong></span> <span class='ocrx_word' id='word_1_458' title='bbox 2319 700 2424 747; x_wconf 86' lang='lat' dir='ltr'><strong>res,</strong></span> <span class='ocrx_word' id='word_1_459' title='bbox 2457 700 2638 740; x_wconf 89' lang='lat' dir='ltr'><strong>verum</strong></span> <span class='ocrx_word' id='word_1_460' title='bbox 2668 686 2827 740; x_wconf 89' lang='lat' dir='ltr'><strong>etiam</strong></span> <span class='ocrx_word' id='word_1_461' title='bbox 2873 686 3065 743; x_wconf 87' lang='lat' dir='ltr'><strong>famem</strong></span> <span class='ocrx_word' id='word_1_462' title='bbox 3103 697 3158 742; x_wconf 90' lang='lat' dir='ltr'><strong>et</strong></span> <span class='ocrx_word' id='word_1_463' title='bbox 3204 700 3402 756; x_wconf 79' lang='lat' dir='ltr'><strong>pestem</strong></span> <span class='ocrx_word' id='word_1_464' title='bbox 3435 692 3742 757; x_wconf 86' lang='lat' dir='ltr'><strong>imminere;</strong></span> 
     </span>
    </p>
   </div>
   <div class='ocr_carea' id='block_1_65' title="bbox 2176 773 3746 854">
    <p class='ocr_par' dir='ltr' id='par_1_65' title="bbox 2176 773 3746 854">
     <span class='ocr_line' id='line_1_65' title="bbox 2176 773 3746 854; baseline 0.009 -29"><span class='ocrx_word' id='word_1_465' title='bbox 2176 773 2393 842; x_wconf 71' lang='lat' dir='ltr'><strong>limoque</strong></span> <span class='ocrx_word' id='word_1_466' title='bbox 2440 775 2576 828; x_wconf 92' lang='lat' dir='ltr'><strong>mala</strong></span> <span class='ocrx_word' id='word_1_467' title='bbox 2607 775 2904 830; x_wconf 86' lang='lat' dir='ltr'><strong>Isaurorum</strong></span> <span class='ocrx_word' id='word_1_468' title='bbox 2954 779 3282 835; x_wconf 85' lang='lat' dir='ltr'><strong>incursiones</strong></span> <span class='ocrx_word' id='word_1_469' title='bbox 3322 784 3623 850; x_wconf 85' lang='lat' dir='ltr'><strong>parturire,</strong></span> <span class='ocrx_word' id='word_1_470' title='bbox 3661 789 3746 854; x_wconf 88' lang='lat' dir='ltr'><strong>qui</strong></span> 
     </span>
    </p>
   </div>
   <div class='ocr_carea' id='block_1_66' title="bbox 2172 864 3746 939">
    <p class='ocr_par' dir='ltr' id='par_1_66' title="bbox 2172 864 3746 939">
     <span class='ocr_line' id='line_1_66' title="bbox 2172 864 3746 939; baseline 0.009 -24"><span class='ocrx_word' id='word_1_471' title='bbox 2172 878 2356 917; x_wconf 90' lang='lat' dir='ltr'><strong>omnes</strong></span> <span class='ocrx_word' id='word_1_472' title='bbox 2380 864 2490 918; x_wconf 88' lang='lat' dir='ltr'><strong>vias</strong></span> <span class='ocrx_word' id='word_1_473' title='bbox 2516 865 2943 932; x_wconf 86' lang='lat' dir='ltr'><strong>intercluderent,</strong></span> <span class='ocrx_word' id='word_1_474' title='bbox 2976 867 3203 939; x_wconf 87' lang='lat' dir='ltr'><strong>hincque</strong></span> <span class='ocrx_word' id='word_1_475' title='bbox 3251 871 3541 939; x_wconf 79' lang='lat' dir='ltr'><strong>periculum</strong></span> <span class='ocrx_word' id='word_1_476' title='bbox 3583 877 3746 929; x_wconf 86' lang='lat' dir='ltr'><strong>creari</strong></span> 
     </span>
    </p>
   </div>
   <div class='ocr_carea' id='block_1_67' title="bbox 2174 952 3746 1030">
    <p class='ocr_par' dir='ltr' id='par_1_67' title="bbox 2174 952 3746 1030">
     <span class='ocr_line' id='line_1_67' title="bbox 2174 952 3746 1030; baseline 0.008 -25"><span class='ocrx_word' id='word_1_477' title='bbox 2174 952 2240 1006; x_wconf 90' lang='lat' dir='ltr'><strong>iis</strong></span> <span class='ocrx_word' id='word_1_478' title='bbox 2262 955 2350 1021; x_wconf 92' lang='lat' dir='ltr'><strong>qui</strong></span> <span class='ocrx_word' id='word_1_479' title='bbox 2391 954 2489 1008; x_wconf 89' lang='lat' dir='ltr'><strong>iter</strong></span> <span class='ocrx_word' id='word_1_480' title='bbox 2531 955 2778 1011; x_wconf 82' lang='lat' dir='ltr'><strong>facerent.</strong></span> <span class='ocrx_word' id='word_1_481' title='bbox 2812 958 3167 1013; x_wconf 88' lang='lat' dir='ltr'><strong>Andronicum</strong></span> <span class='ocrx_word' id='word_1_482' title='bbox 3194 961 3334 1014; x_wconf 88' lang='lat' dir='ltr'><strong>enim</strong></span> <span class='ocrx_word' id='word_1_483' title='bbox 3363 962 3647 1030; x_wconf 83' lang='lat' dir='ltr'><strong>quemdam</strong></span> <span class='ocrx_word' id='word_1_484' title='bbox 3676 965 3746 1018; x_wconf 88' lang='lat' dir='ltr'><strong>ait</strong></span> 
     </span>
    </p>
   </div>
   <div class='ocr_carea' id='block_1_68' title="bbox 2172 1043 3748 1121">
    <p class='ocr_par' dir='ltr' id='par_1_68' title="bbox 2172 1043 3748 1121">
     <span class='ocr_line' id='line_1_68' title="bbox 2172 1043 3748 1121; baseline 0.007 -25"><span class='ocrx_word' id='word_1_485' title='bbox 2172 1043 2222 1096; x_wconf 93' lang='lat' dir='ltr'><strong>in</strong></span> <span class='ocrx_word' id='word_1_486' title='bbox 2251 1044 2456 1098; x_wconf 91' lang='lat' dir='ltr'><strong>illorum</strong></span> <span class='ocrx_word' id='word_1_487' title='bbox 2487 1061 2670 1102; x_wconf 70' lang='lat' dir='ltr'><strong>manus</strong></span> <span class='ocrx_word' id='word_1_488' title='bbox 2693 1048 2959 1116; x_wconf 87' lang='lat' dir='ltr'><strong>incidisse,</strong></span> <span class='ocrx_word' id='word_1_489' title='bbox 2981 1058 3139 1119; x_wconf 91' lang='lat' dir='ltr'><strong>atque</strong></span> <span class='ocrx_word' id='word_1_490' title='bbox 3165 1050 3232 1105; x_wconf 93' lang='lat' dir='ltr'><strong>ab</strong></span> <span class='ocrx_word' id='word_1_491' title='bbox 3253 1052 3317 1104; x_wconf 90' lang='lat' dir='ltr'><strong>iis</strong></span> <span class='ocrx_word' id='word_1_492' title='bbox 3343 1053 3647 1121; x_wconf 90' lang='lat' dir='ltr'><strong>spoliatum,</strong></span> <span class='ocrx_word' id='word_1_493' title='bbox 3672 1061 3748 1108; x_wconf 84' lang='lat' dir='ltr'><strong>sic</strong></span> 
     </span>
    </p>
   </div>
   <div class='ocr_carea' id='block_1_69' title="bbox 2173 1136 2930 1204">
    <p class='ocr_par' dir='ltr' id='par_1_69' title="bbox 2173 1136 2930 1204">
     <span class='ocr_line' id='line_1_69' title="bbox 2173 1136 2930 1204; baseline 0.009 -16"><span class='ocrx_word' id='word_1_494' title='bbox 2173 1136 2373 1189; x_wconf 88' lang='lat' dir='ltr'><strong>salvum.</strong></span> <span class='ocrx_word' id='word_1_495' title='bbox 2404 1148 2576 1192; x_wconf 92' lang='lat' dir='ltr'><strong>tamen</strong></span> <span class='ocrx_word' id='word_1_496' title='bbox 2601 1142 2849 1194; x_wconf 83' lang='lat' dir='ltr'><strong>evasisse.</strong></span> <span class='ocrx_word' id='word_1_497' title='bbox 2928 1200 2930 1204; x_wconf 47' lang='grc'>,</span> 
     </span>
    </p>
   </div>
   <div class='ocr_carea' id='block_1_70' title="bbox 2243 1225 3742 1304">
    <p class='ocr_par' dir='ltr' id='par_1_70' title="bbox 2243 1225 3742 1304">
     <span class='ocr_line' id='line_1_70' title="bbox 2243 1225 3742 1304; baseline 0.009 -27"><span class='ocrx_word' id='word_1_498' title='bbox 2243 1225 2562 1280; x_wconf 80' lang='lat' dir='ltr'><strong>Constantius</strong></span> <span class='ocrx_word' id='word_1_499' title='bbox 2618 1231 2871 1300; x_wconf 81' lang='lat' dir='ltr'><strong>presbyter</strong></span> <span class='ocrx_word' id='word_1_500' title='bbox 2921 1232 2973 1285; x_wconf 76' lang='lat' dir='ltr'><strong>in</strong></span> <span class='ocrx_word' id='word_1_501' title='bbox 3033 1228 3254 1302; x_wconf 81' lang='lat' dir='ltr'><strong>Cyprum</strong></span> <span class='ocrx_word' id='word_1_502' title='bbox 3303 1233 3451 1304; x_wconf 77' lang='lat' dir='ltr'><strong>fugit.</strong></span> <span class='ocrx_word' id='word_1_503' title='bbox 3504 1264 3578 1274; x_wconf 92' lang='lat'>—</span> <span class='ocrx_word' id='word_1_504' title='bbox 3628 1236 3742 1290; x_wconf 82' lang='lat' dir='ltr'><strong>Non</strong></span> 
     </span>
    </p>
   </div>
   <div class='ocr_carea' id='block_1_71' title="bbox 2170 1312 3740 1392">
    <p class='ocr_par' dir='ltr' id='par_1_71' title="bbox 2170 1312 3740 1392">
     <span class='ocr_line' id='line_1_71' title="bbox 2170 1312 3740 1392; baseline 0.009 -26"><span class='ocrx_word' id='word_1_505' title='bbox 2170 1312 2272 1383; x_wconf 90' lang='lat' dir='ltr'><strong>ipsi</strong></span> <span class='ocrx_word' id='word_1_506' title='bbox 2317 1331 2529 1385; x_wconf 86' lang='lat' dir='ltr'><strong>semper</strong></span> <span class='ocrx_word' id='word_1_507' title='bbox 2579 1329 2774 1387; x_wconf 76' lang='lat' dir='ltr'><strong>prmsto</strong></span> <span class='ocrx_word' id='word_1_508' title='bbox 2803 1321 2947 1375; x_wconf 88' lang='lat' dir='ltr'><strong>fuere</strong></span> <span class='ocrx_word' id='word_1_509' title='bbox 2993 1322 3180 1375; x_wconf 92' lang='lat' dir='ltr'><strong>medici</strong></span> <span class='ocrx_word' id='word_1_510' title='bbox 3214 1339 3227 1374; x_wconf 89' lang='lat'>:</span> <span class='ocrx_word' id='word_1_511' title='bbox 3260 1337 3380 1375; x_wconf 89' lang='lat' dir='ltr'><strong>nam</strong></span> <span class='ocrx_word' id='word_1_512' title='bbox 3424 1325 3478 1377; x_wconf 90' lang='lat' dir='ltr'><strong>in</strong></span> <span class='ocrx_word' id='word_1_513' title='bbox 3522 1325 3740 1392; x_wconf 85' lang='lat' dir='ltr'><strong>epistola</strong></span> 
     </span>
    </p>
   </div>
   <div class='ocr_carea' id='block_1_72' title="bbox 2169 1404 3740 1480">
    <p class='ocr_par' dir='ltr' id='par_1_72' title="bbox 2169 1404 3740 1480">
     <span class='ocr_line' id='line_1_72' title="bbox 2169 1404 3740 1480; baseline 0.006 -22"><span class='ocrx_word' id='word_1_514' title='bbox 2169 1404 2272 1459; x_wconf 77' lang='grc'><strong>105</strong></span> <span class='ocrx_word' id='word_1_515' title='bbox 2322 1404 2388 1459; x_wconf 89' lang='lat' dir='ltr'><strong>ad</strong></span> <span class='ocrx_word' id='word_1_516' title='bbox 2435 1404 2758 1461; x_wconf 76' lang='lat' dir='ltr'><strong>Ciialcidiam</strong></span> <span class='ocrx_word' id='word_1_517' title='bbox 2804 1409 2879 1463; x_wconf 89' lang='lat' dir='ltr'><strong>ait</strong></span> <span class='ocrx_word' id='word_1_518' title='bbox 2916 1425 2974 1464; x_wconf 87' lang='lat' dir='ltr'><strong>se</strong></span> <span class='ocrx_word' id='word_1_519' title='bbox 3024 1411 3346 1466; x_wconf 88' lang='lat' dir='ltr'><strong>medicorum</strong></span> <span class='ocrx_word' id='word_1_520' title='bbox 3393 1413 3613 1480; x_wconf 88' lang='lat' dir='ltr'><strong>penuria</strong></span> <span class='ocrx_word' id='word_1_521' title='bbox 3665 1416 3740 1468; x_wconf 85' lang='lat' dir='ltr'><strong>la—</strong></span> 
     </span>
    </p>
   </div>
   <div class='ocr_carea' id='block_1_73' title="bbox 2171 1495 3740 1572">
    <p class='ocr_par' dir='ltr' id='par_1_73' title="bbox 2171 1495 3740 1572">
     <span class='ocr_line' id='line_1_73' title="bbox 2171 1495 3740 1572; baseline 0.006 -22"><span class='ocrx_word' id='word_1_522' title='bbox 2171 1495 2379 1552; x_wconf 84' lang='lat' dir='ltr'><strong>borare.</strong></span> <span class='ocrx_word' id='word_1_523' title='bbox 2413 1497 2534 1552; x_wconf 80' lang='lat' dir='ltr'><strong>lla:c</strong></span> <span class='ocrx_word' id='word_1_524' title='bbox 2564 1514 2688 1554; x_wconf 89' lang='lat' dir='ltr'><strong>vero</strong></span> <span class='ocrx_word' id='word_1_525' title='bbox 2716 1500 2983 1555; x_wconf 90' lang='lat' dir='ltr'><strong>Chalcidia</strong></span> <span class='ocrx_word' id='word_1_526' title='bbox 3003 1502 3196 1557; x_wconf 90' lang='lat' dir='ltr'><strong>virtute</strong></span> <span class='ocrx_word' id='word_1_527' title='bbox 3219 1502 3472 1572; x_wconf 88' lang='lat' dir='ltr'><strong>singulari</strong></span> <span class='ocrx_word' id='word_1_528' title='bbox 3503 1505 3740 1572; x_wconf 74' lang='lat' dir='ltr'><strong>prmdita,</strong></span> 
     </span>
    </p>
   </div>
   <div class='ocr_carea' id='block_1_74' title="bbox 2168 1593 3734 1663">
    <p class='ocr_par' dir='ltr' id='par_1_74' title="bbox 2168 1593 3734 1663">
     <span class='ocr_line' id='line_1_74' title="bbox 2168 1593 3734 1663; baseline 0.008 -23"><span class='ocrx_word' id='word_1_529' title='bbox 2168 1602 2287 1656; x_wconf 76' lang='lat' dir='ltr'><strong>qua:</strong></span> <span class='ocrx_word' id='word_1_530' title='bbox 2317 1603 2531 1657; x_wconf 90' lang='lat' dir='ltr'><strong>magnas</strong></span> <span class='ocrx_word' id='word_1_531' title='bbox 2571 1605 2663 1658; x_wconf 90' lang='lat' dir='ltr'><strong>per</strong></span> <span class='ocrx_word' id='word_1_532' title='bbox 2690 1593 2847 1645; x_wconf 89' lang='lat' dir='ltr'><strong>vitam</strong></span> <span class='ocrx_word' id='word_1_533' title='bbox 2873 1607 3021 1646; x_wconf 90' lang='lat' dir='ltr'><strong>suam</strong></span> <span class='ocrx_word' id='word_1_534' title='bbox 3047 1608 3312 1646; x_wconf 59' lang='lat' dir='ltr'><strong>aerumnas</strong></span> <span class='ocrx_word' id='word_1_535' title='bbox 3337 1610 3488 1663; x_wconf 89' lang='lat' dir='ltr'><strong>passa</strong></span> <span class='ocrx_word' id='word_1_536' title='bbox 3537 1596 3734 1661; x_wconf 88' lang='lat' dir='ltr'><strong>fuerat,</strong></span> 
     </span>
    </p>
   </div>
   <div class='ocr_carea' id='block_1_75' title="bbox 2168 1677 3739 1748">
    <p class='ocr_par' dir='ltr' id='par_1_75' title="bbox 2168 1677 3739 1748">
     <span class='ocr_line' id='line_1_75' title="bbox 2168 1677 3739 1748; baseline 0.006 -18"><span class='ocrx_word' id='word_1_537' title='bbox 2168 1677 2220 1732; x_wconf 91' lang='lat' dir='ltr'><strong>in</strong></span> <span class='ocrx_word' id='word_1_538' title='bbox 2251 1679 2482 1732; x_wconf 91' lang='lat' dir='ltr'><strong>omnium</strong></span> <span class='ocrx_word' id='word_1_539' title='bbox 2504 1682 2866 1748; x_wconf 81' lang='lat' dir='ltr'><strong>gravissimam</strong></span> <span class='ocrx_word' id='word_1_540' title='bbox 2893 1691 3014 1736; x_wconf 90' lang='lat' dir='ltr'><strong>tunc</strong></span> <span class='ocrx_word' id='word_1_541' title='bbox 3040 1683 3314 1738; x_wconf 85' lang='lat' dir='ltr'><strong>inciderat.</strong></span> <span class='ocrx_word' id='word_1_542' title='bbox 3339 1685 3482 1738; x_wconf 90' lang='lat' dir='ltr'><strong>Illam</strong></span> <span class='ocrx_word' id='word_1_543' title='bbox 3511 1701 3639 1740; x_wconf 86' lang='lat' dir='ltr'><strong>vero</strong></span> <span class='ocrx_word' id='word_1_544' title='bbox 3658 1702 3739 1739; x_wconf 83' lang='lat' dir='ltr'><strong>so-</strong></span> 
     </span>
    </p>
   </div>
   <div class='ocr_carea' id='block_1_76' title="bbox 2166 1767 3734 1842">
    <p class='ocr_par' dir='ltr' id='par_1_76' title="bbox 2166 1767 3734 1842">
     <span class='ocr_line' id='line_1_76' title="bbox 2166 1767 3734 1842; baseline 0.006 -22"><span class='ocrx_word' id='word_1_545' title='bbox 2166 1767 2306 1821; x_wconf 85' lang='lat' dir='ltr'><strong>Iatur</strong></span> <span class='ocrx_word' id='word_1_546' title='bbox 2327 1767 2760 1838; x_wconf 90' lang='lat' dir='ltr'><strong>Chrysostomus,</strong></span> <span class='ocrx_word' id='word_1_547' title='bbox 2799 1770 2938 1825; x_wconf 79' lang='lat' dir='ltr'><strong>ﬂuxa</strong></span> <span class='ocrx_word' id='word_1_548' title='bbox 2963 1787 3082 1827; x_wconf 89' lang='lat' dir='ltr'><strong>esse</strong></span> <span class='ocrx_word' id='word_1_549' title='bbox 3134 1776 3410 1842; x_wconf 75' lang='lat' dir='ltr'><strong>prmsentia</strong></span> <span class='ocrx_word' id='word_1_550' title='bbox 3460 1784 3570 1828; x_wconf 90' lang='lat' dir='ltr'><strong>tum</strong></span> <span class='ocrx_word' id='word_1_551' title='bbox 3605 1777 3734 1830; x_wconf 84' lang='lat' dir='ltr'><strong>bona</strong></span> 
     </span>
    </p>
   </div>
   <div class='ocr_carea' id='block_1_77' title="bbox 2167 1859 3738 1934">
    <p class='ocr_par' dir='ltr' id='par_1_77' title="bbox 2167 1859 3738 1934">
     <span class='ocr_line' id='line_1_77' title="bbox 2167 1859 3738 1934; baseline 0.008 -26"><span class='ocrx_word' id='word_1_552' title='bbox 2167 1865 2275 1909; x_wconf 91' lang='lat' dir='ltr'><strong>tum</strong></span> <span class='ocrx_word' id='word_1_553' title='bbox 2303 1859 2441 1912; x_wconf 91' lang='lat' dir='ltr'><strong>mala</strong></span> <span class='ocrx_word' id='word_1_554' title='bbox 2471 1859 2671 1924; x_wconf 91' lang='lat' dir='ltr'><strong>dicens,</strong></span> <span class='ocrx_word' id='word_1_555' title='bbox 2694 1870 2746 1913; x_wconf 88' lang='lat' dir='ltr'><strong>et</strong></span> <span class='ocrx_word' id='word_1_556' title='bbox 2774 1876 3036 1915; x_wconf 72' lang='lat' dir='ltr'><strong>mrumnas</strong></span> <span class='ocrx_word' id='word_1_557' title='bbox 3059 1872 3255 1931; x_wconf 89' lang='lat' dir='ltr'><strong>quanto</strong></span> <span class='ocrx_word' id='word_1_558' title='bbox 3282 1864 3552 1932; x_wconf 88' lang='lat' dir='ltr'><strong>graviores</strong></span> <span class='ocrx_word' id='word_1_559' title='bbox 3579 1876 3738 1934; x_wconf 89' lang='lat' dir='ltr'><strong>sunt,</strong></span> 
     </span>
    </p>
   </div>
   <div class='ocr_carea' id='block_1_78' title="bbox 2167 1948 3736 2018">
    <p class='ocr_par' dir='ltr' id='par_1_78' title="bbox 2167 1948 3736 2018">
     <span class='ocr_line' id='line_1_78' title="bbox 2167 1948 3736 2018; baseline 0.008 -20"><span class='ocrx_word' id='word_1_560' title='bbox 2167 1954 2312 1998; x_wconf 89' lang='lat' dir='ltr'><strong>tanto</strong></span> <span class='ocrx_word' id='word_1_561' title='bbox 2339 1948 2538 2014; x_wconf 88' lang='lat' dir='ltr'><strong>majora</strong></span> <span class='ocrx_word' id='word_1_562' title='bbox 2567 1950 2778 2018; x_wconf 77' lang='lat' dir='ltr'><strong>prmmia</strong></span> <span class='ocrx_word' id='word_1_563' title='bbox 2796 1958 2849 2002; x_wconf 91' lang='lat' dir='ltr'><strong>et</strong></span> <span class='ocrx_word' id='word_1_564' title='bbox 2868 1965 3091 2005; x_wconf 88' lang='lat' dir='ltr'><strong>coronas</strong></span> <span class='ocrx_word' id='word_1_565' title='bbox 3115 1952 3417 2006; x_wconf 86' lang='lat' dir='ltr'><strong>conciliare.</strong></span> <span class='ocrx_word' id='word_1_566' title='bbox 3449 1955 3597 2010; x_wconf 90' lang='lat' dir='ltr'><strong>llanc</strong></span> <span class='ocrx_word' id='word_1_567' title='bbox 3617 1972 3736 2011; x_wconf 55' lang='lat' dir='ltr'><strong>vq-ro</strong></span> 
     </span>
    </p>
   </div>
   <div class='ocr_carea' id='block_1_79' title="bbox 2167 2037 3736 2111">
    <p class='ocr_par' dir='ltr' id='par_1_79' title="bbox 2167 2037 3736 2111">
     <span class='ocr_line' id='line_1_79' title="bbox 2167 2037 3736 2111; baseline 0.008 -24"><span class='ocrx_word' id='word_1_568' title='bbox 2167 2051 2354 2089; x_wconf 90' lang='lat' dir='ltr'><strong>novam</strong></span> <span class='ocrx_word' id='word_1_569' title='bbox 2384 2037 2673 2093; x_wconf 77' lang='lat' dir='ltr'><strong>Chalcidim</strong></span> <span class='ocrx_word' id='word_1_570' title='bbox 2699 2055 2991 2094; x_wconf 69' lang='lat' dir='ltr'><strong>aerumnam</strong></span> <span class='ocrx_word' id='word_1_571' title='bbox 3021 2056 3139 2096; x_wconf 88' lang='lat' dir='ltr'><strong>esse</strong></span> <span class='ocrx_word' id='word_1_572' title='bbox 3175 2056 3330 2110; x_wconf 88' lang='lat' dir='ltr'><strong>posse</strong></span> <span class='ocrx_word' id='word_1_573' title='bbox 3358 2045 3600 2111; x_wconf 76' lang='lat' dir='ltr'><strong>Opinatur</strong></span> <span class='ocrx_word' id='word_1_574' title='bbox 3633 2043 3736 2099; x_wconf 86' lang='lat' dir='ltr'><strong>Til-</strong></span> 
     </span>
    </p>
   </div>
   <div class='ocr_carea' id='block_1_80' title="bbox 2165 2127 3738 2203">
    <p class='ocr_par' dir='ltr' id='par_1_80' title="bbox 2165 2127 3738 2203">
     <span class='ocr_line' id='line_1_80' title="bbox 2165 2127 3738 2203; baseline 0.006 -23"><span class='ocrx_word' id='word_1_575' title='bbox 2165 2127 2448 2183; x_wconf 90' lang='lat' dir='ltr'><strong>lcmontius</strong></span> <span class='ocrx_word' id='word_1_576' title='bbox 2473 2130 2764 2184; x_wconf 89' lang='lat' dir='ltr'><strong>Constantii</strong></span> <span class='ocrx_word' id='word_1_577' title='bbox 2791 2133 3084 2203; x_wconf 77' lang='lat' dir='ltr'><strong>presbyteri</strong></span> <span class='ocrx_word' id='word_1_578' title='bbox 3113 2133 3214 2187; x_wconf 80' lang='lat' dir='ltr'><strong>sibi</strong></span> <span class='ocrx_word' id='word_1_579' title='bbox 3239 2134 3658 2202; x_wconf 87' lang='lat' dir='ltr'><strong>conjunctissimi</strong></span> <span class='ocrx_word' id='word_1_580' title='bbox 3689 2148 3738 2192; x_wconf 77' lang='lat' dir='ltr'><strong>cl.</strong></span> 
     </span>
    </p>
   </div>
   <div class='ocr_carea' id='block_1_81' title="bbox 2162 2216 3736 2291">
    <p class='ocr_par' dir='ltr' id='par_1_81' title="bbox 2162 2216 3736 2291">
     <span class='ocr_line' id='line_1_81' title="bbox 2162 2216 3736 2291; baseline 0.006 -21"><span class='ocrx_word' id='word_1_581' title='bbox 2162 2216 2445 2273; x_wconf 67' lang='lat' dir='ltr'><strong>Chalcidis:</strong></span> <span class='ocrx_word' id='word_1_582' title='bbox 2468 2219 2663 2274; x_wconf 90' lang='lat' dir='ltr'><strong>addicti</strong></span> <span class='ocrx_word' id='word_1_583' title='bbox 2697 2237 2876 2276; x_wconf 88' lang='lat' dir='ltr'><strong>casum</strong></span> <span class='ocrx_word' id='word_1_584' title='bbox 2909 2223 3072 2288; x_wconf 90' lang='lat' dir='ltr'><strong>illum,</strong></span> <span class='ocrx_word' id='word_1_585' title='bbox 3104 2223 3192 2291; x_wconf 92' lang='lat' dir='ltr'><strong>qui</strong></span> <span class='ocrx_word' id='word_1_586' title='bbox 3231 2239 3258 2275; x_wconf 88' lang='lat' dir='ltr'><strong>a</strong></span> <span class='ocrx_word' id='word_1_587' title='bbox 3287 2224 3522 2279; x_wconf 89' lang='lat' dir='ltr'><strong>Palladio</strong></span> <span class='ocrx_word' id='word_1_588' title='bbox 3553 2243 3736 2280; x_wconf 85' lang='lat' dir='ltr'><strong>narra-</strong></span> 
     </span>
    </p>
   </div>
   <div class='ocr_carea' id='block_1_82' title="bbox 2165 2307 3737 2385">
    <p class='ocr_par' dir='ltr' id='par_1_82' title="bbox 2165 2307 3737 2385">
     <span class='ocr_line' id='line_1_82' title="bbox 2165 2307 3737 2385; baseline 0.008 -25"><span class='ocrx_word' id='word_1_589' title='bbox 2165 2316 2248 2360; x_wconf 90' lang='lat' dir='ltr'><strong>tur</strong></span> <span class='ocrx_word' id='word_1_590' title='bbox 2277 2310 2292 2376; x_wconf 89' lang='lat'>(</span> <span class='ocrx_word' id='word_1_591' title='bbox 2319 2307 2522 2362; x_wconf 80' lang='lat' dir='ltr'><strong>Pallad.</strong></span> <span class='ocrx_word' id='word_1_592' title='bbox 2556 2310 2783 2382; x_wconf 80' lang='lat' dir='ltr'><strong>Dialog.)</strong></span> <span class='ocrx_word' id='word_1_593' title='bbox 2821 2331 2833 2366; x_wconf 91' lang='lat'><strong>:</strong></span> <span class='ocrx_word' id='word_1_594' title='bbox 2860 2328 2981 2367; x_wconf 91' lang='lat' dir='ltr'><strong>cum</strong></span> <span class='ocrx_word' id='word_1_595' title='bbox 3011 2313 3254 2368; x_wconf 89' lang='lat' dir='ltr'><strong>videlicet</strong></span> <span class='ocrx_word' id='word_1_596' title='bbox 3279 2315 3604 2385; x_wconf 82' lang='lat' dir='ltr'><strong>Porphyrius</strong></span> <span class='ocrx_word' id='word_1_597' title='bbox 3633 2319 3737 2372; x_wconf 79' lang='lat' dir='ltr'><strong>An-</strong></span> 
     </span>
    </p>
   </div>
   <div class='ocr_carea' id='block_1_83' title="bbox 2164 2399 3736 2478">
    <p class='ocr_par' dir='ltr' id='par_1_83' title="bbox 2164 2399 3736 2478">
     <span class='ocr_line' id='line_1_83' title="bbox 2164 2399 3736 2478; baseline 0.007 -26"><span class='ocrx_word' id='word_1_598' title='bbox 2164 2399 2456 2466; x_wconf 90' lang='lat' dir='ltr'><strong>tiochcuus,</strong></span> <span class='ocrx_word' id='word_1_599' title='bbox 2487 2417 2626 2471; x_wconf 81' lang='lat' dir='ltr'><strong>:rgre</strong></span> <span class='ocrx_word' id='word_1_600' title='bbox 2667 2403 2849 2457; x_wconf 85' lang='lat' dir='ltr'><strong>videns</strong></span> <span class='ocrx_word' id='word_1_601' title='bbox 2897 2405 3043 2458; x_wconf 92' lang='lat' dir='ltr'><strong>illum</strong></span> <span class='ocrx_word' id='word_1_602' title='bbox 3088 2406 3156 2458; x_wconf 91' lang='lat' dir='ltr'><strong>ob</strong></span> <span class='ocrx_word' id='word_1_603' title='bbox 3207 2406 3523 2475; x_wconf 87' lang='lat' dir='ltr'><strong>singularem</strong></span> <span class='ocrx_word' id='word_1_604' title='bbox 3568 2412 3736 2478; x_wconf 84' lang='lat' dir='ltr'><strong>picta-</strong></span> 
     </span>
    </p>
   </div>
   <div class='ocr_carea' id='block_1_84' title="bbox 2163 2490 3739 2567">
    <p class='ocr_par' dir='ltr' id='par_1_84' title="bbox 2163 2490 3739 2567">
     <span class='ocr_line' id='line_1_84' title="bbox 2163 2490 3739 2567; baseline 0.008 -26"><span class='ocrx_word' id='word_1_605' title='bbox 2163 2497 2266 2542; x_wconf 91' lang='lat' dir='ltr'><strong>tcm</strong></span> <span class='ocrx_word' id='word_1_606' title='bbox 2293 2490 2344 2543; x_wconf 92' lang='lat' dir='ltr'><strong>in</strong></span> <span class='ocrx_word' id='word_1_607' title='bbox 2387 2493 2554 2557; x_wconf 89' lang='lat' dir='ltr'><strong>pretio</strong></span> <span class='ocrx_word' id='word_1_608' title='bbox 2603 2492 2813 2559; x_wconf 88' lang='lat' dir='ltr'><strong>haberi,</strong></span> <span class='ocrx_word' id='word_1_609' title='bbox 2857 2495 3091 2561; x_wconf 90' lang='lat' dir='ltr'><strong>pecuniis</strong></span> <span class='ocrx_word' id='word_1_610' title='bbox 3119 2495 3417 2564; x_wconf 88' lang='lat' dir='ltr'><strong>impetravit</strong></span> <span class='ocrx_word' id='word_1_611' title='bbox 3447 2496 3739 2567; x_wconf 87' lang='lat' dir='ltr'><strong>Imperato-</strong></span> 
     </span>
    </p>
   </div>
   <div class='ocr_carea' id='block_1_85' title="bbox 2161 2580 3736 2654">
    <p class='ocr_par' dir='ltr' id='par_1_85' title="bbox 2161 2580 3736 2654">
     <span class='ocr_line' id='line_1_85' title="bbox 2161 2580 3736 2654; baseline 0.009 -22"><span class='ocrx_word' id='word_1_612' title='bbox 2161 2580 2264 2633; x_wconf 91' lang='lat' dir='ltr'><strong>rias</strong></span> <span class='ocrx_word' id='word_1_613' title='bbox 2295 2581 2493 2645; x_wconf 88' lang='lat' dir='ltr'><strong>literas,</strong></span> <span class='ocrx_word' id='word_1_614' title='bbox 2525 2586 2673 2652; x_wconf 90' lang='lat' dir='ltr'><strong>queis</strong></span> <span class='ocrx_word' id='word_1_615' title='bbox 2702 2586 2788 2638; x_wconf 87' lang='lat' dir='ltr'><strong>ille</strong></span> <span class='ocrx_word' id='word_1_616' title='bbox 2814 2594 2872 2639; x_wconf 92' lang='lat' dir='ltr'><strong>ut</strong></span> <span class='ocrx_word' id='word_1_617' title='bbox 2901 2587 3077 2654; x_wconf 88' lang='lat' dir='ltr'><strong>populi</strong></span> <span class='ocrx_word' id='word_1_618' title='bbox 3109 2588 3442 2654; x_wconf 72' lang='lat' dir='ltr'><strong>perturliator</strong></span> <span class='ocrx_word' id='word_1_619' title='bbox 3472 2589 3524 2643; x_wconf 89' lang='lat' dir='ltr'><strong>in</strong></span> <span class='ocrx_word' id='word_1_620' title='bbox 3557 2592 3736 2645; x_wconf 79' lang='lat' dir='ltr'><strong>Uasim</strong></span> 
     </span>
    </p>
   </div>
   <div class='ocr_carea' id='block_1_86' title="bbox 2159 2671 3739 2743">
    <p class='ocr_par' dir='ltr' id='par_1_86' title="bbox 2159 2671 3739 2743">
     <span class='ocr_line' id='line_1_86' title="bbox 2159 2671 3739 2743; baseline 0.007 -19"><span class='ocrx_word' id='word_1_621' title='bbox 2159 2671 2507 2739; x_wconf 87' lang='lat' dir='ltr'><strong>rclegabatur.</strong></span> <span class='ocrx_word' id='word_1_622' title='bbox 2539 2673 2689 2740; x_wconf 86' lang='lat' dir='ltr'><strong>Quod</strong></span> <span class='ocrx_word' id='word_1_623' title='bbox 2719 2683 2774 2728; x_wconf 91' lang='lat' dir='ltr'><strong>ut</strong></span> <span class='ocrx_word' id='word_1_624' title='bbox 2817 2677 3027 2730; x_wconf 84' lang='lat' dir='ltr'><strong>rescivit</strong></span> <span class='ocrx_word' id='word_1_625' title='bbox 3054 2676 3411 2743; x_wconf 88' lang='lat' dir='ltr'><strong>Constantius,</strong></span> <span class='ocrx_word' id='word_1_626' title='bbox 3442 2682 3739 2735; x_wconf 88' lang='lat' dir='ltr'><strong>amicorum</strong></span> 
     </span>
    </p>
   </div>
   <div class='ocr_carea' id='block_1_87' title="bbox 2160 2762 2976 2834">
    <p class='ocr_par' dir='ltr' id='par_1_87' title="bbox 2160 2762 2976 2834">
     <span class='ocr_line' id='line_1_87' title="bbox 2160 2762 2976 2834; baseline 0.002 -18"><span class='ocrx_word' id='word_1_627' title='bbox 2160 2762 2396 2816; x_wconf 88' lang='lat' dir='ltr'><strong>subsidio</strong></span> <span class='ocrx_word' id='word_1_628' title='bbox 2421 2764 2471 2817; x_wconf 90' lang='lat' dir='ltr'><strong>in</strong></span> <span class='ocrx_word' id='word_1_629' title='bbox 2501 2763 2735 2834; x_wconf 90' lang='lat' dir='ltr'><strong>Cyprum</strong></span> <span class='ocrx_word' id='word_1_630' title='bbox 2759 2765 2976 2834; x_wconf 85' lang='lat' dir='ltr'><strong>aufugit.</strong></span> 
     </span>
    </p>
   </div>
   <div class='ocr_carea' id='block_1_88' title="bbox 2231 2853 3736 2929">
    <p class='ocr_par' dir='ltr' id='par_1_88' title="bbox 2231 2853 3736 2929">
     <span class='ocr_line' id='line_1_88' title="bbox 2231 2853 3736 2929; baseline 0.007 -22"><span class='ocrx_word' id='word_1_631' title='bbox 2231 2853 2537 2908; x_wconf 79' lang='lat' dir='ltr'><strong>Theodotus</strong></span> <span class='ocrx_word' id='word_1_632' title='bbox 2561 2870 2687 2910; x_wconf 89' lang='lat' dir='ltr'><strong>vero</strong></span> <span class='ocrx_word' id='word_1_633' title='bbox 2726 2855 2979 2911; x_wconf 89' lang='lat' dir='ltr'><strong>diaconus</strong></span> <span class='ocrx_word' id='word_1_634' title='bbox 3018 2855 3398 2929; x_wconf 88' lang='lat' dir='ltr'><strong>Chrysostomo</strong></span> <span class='ocrx_word' id='word_1_635' title='bbox 3432 2860 3736 2918; x_wconf 78' lang='lat' dir='ltr'><strong>addictissi-</strong></span> 
     </span>
    </p>
   </div>
   <div class='ocr_carea' id='block_1_89' title="bbox 2158 2943 3737 3017">
    <p class='ocr_par' dir='ltr' id='par_1_89' title="bbox 2158 2943 3737 3017">
     <span class='ocr_line' id='line_1_89' title="bbox 2158 2943 3737 3017; baseline 0.007 -21"><span class='ocrx_word' id='word_1_636' title='bbox 2158 2959 2295 3008; x_wconf 92' lang='lat' dir='ltr'><strong>mus,</strong></span> <span class='ocrx_word' id='word_1_637' title='bbox 2326 2943 2392 2997; x_wconf 91' lang='lat' dir='ltr'><strong>de</strong></span> <span class='ocrx_word' id='word_1_638' title='bbox 2421 2959 2525 3012; x_wconf 79' lang='lat' dir='ltr'><strong>quo</strong></span> <span class='ocrx_word' id='word_1_639' title='bbox 2546 2959 2703 3014; x_wconf 90' lang='lat' dir='ltr'><strong>supra</strong></span> <span class='ocrx_word' id='word_1_640' title='bbox 2730 2946 3076 3014; x_wconf 89' lang='lat' dir='ltr'><strong>loquebamur</strong></span> <span class='ocrx_word' id='word_1_641' title='bbox 3095 2987 3108 3008; x_wconf 87' lang='lat'><strong>,</strong></span> <span class='ocrx_word' id='word_1_642' title='bbox 3137 2948 3186 2999; x_wconf 92' lang='lat' dir='ltr'><strong>in</strong></span> <span class='ocrx_word' id='word_1_643' title='bbox 3218 2951 3507 3017; x_wconf 78' lang='lat' dir='ltr'><strong>aSperrima</strong></span> <span class='ocrx_word' id='word_1_644' title='bbox 3559 2952 3737 3007; x_wconf 85' lang='lat' dir='ltr'><strong>hieme</strong></span> 
     </span>
    </p>
   </div>
   <div class='ocr_carea' id='block_1_90' title="bbox 2157 3033 3736 3108">
    <p class='ocr_par' dir='ltr' id='par_1_90' title="bbox 2157 3033 3736 3108">
     <span class='ocr_line' id='line_1_90' title="bbox 2157 3033 3736 3108; baseline 0.008 -23"><span class='ocrx_word' id='word_1_645' title='bbox 2157 3033 2327 3102; x_wconf 89' lang='lat' dir='ltr'><strong>ipsum</strong></span> <span class='ocrx_word' id='word_1_646' title='bbox 2381 3034 2644 3090; x_wconf 87' lang='lat' dir='ltr'><strong>invisnrus</strong></span> <span class='ocrx_word' id='word_1_647' title='bbox 2686 3035 2991 3090; x_wconf 83' lang='lat' dir='ltr'><strong>Arabissum</strong></span> <span class='ocrx_word' id='word_1_648' title='bbox 3039 3047 3286 3101; x_wconf 85' lang='lat' dir='ltr'><strong>venerat,</strong></span> <span class='ocrx_word' id='word_1_649' title='bbox 3330 3049 3488 3108; x_wconf 88' lang='lat' dir='ltr'><strong>atque</strong></span> <span class='ocrx_word' id='word_1_650' title='bbox 3538 3039 3736 3097; x_wconf 87' lang='lat' dir='ltr'><strong>iterum</strong></span> 
     </span>
    </p>
   </div>
   <div class='ocr_carea' id='block_1_91' title="bbox 2155 3125 3736 3196">
    <p class='ocr_par' dir='ltr' id='par_1_91' title="bbox 2155 3125 3736 3196">
     <span class='ocr_line' id='line_1_91' title="bbox 2155 3125 3736 3196; baseline 0.006 -19"><span class='ocrx_word' id='word_1_651' title='bbox 2155 3133 2408 3178; x_wconf 88' lang='lat' dir='ltr'><strong>venturus</strong></span> <span class='ocrx_word' id='word_1_652' title='bbox 2433 3133 2581 3190; x_wconf 83' lang='lat' dir='ltr'><strong>erat,</strong></span> <span class='ocrx_word' id='word_1_653' title='bbox 2619 3125 2720 3179; x_wconf 88' lang='lat' dir='ltr'><strong>nisi</strong></span> <span class='ocrx_word' id='word_1_654' title='bbox 2763 3125 2924 3180; x_wconf 87' lang='lat' dir='ltr'><strong>Isauri</strong></span> <span class='ocrx_word' id='word_1_655' title='bbox 2952 3127 3064 3181; x_wconf 89' lang='lat' dir='ltr'><strong>vias</strong></span> <span class='ocrx_word' id='word_1_656' title='bbox 3093 3128 3501 3196; x_wconf 78' lang='lat' dir='ltr'><strong>praeclusissem.</strong></span> <span class='ocrx_word' id='word_1_657' title='bbox 3527 3130 3736 3186; x_wconf 90' lang='lat' dir='ltr'><strong>Eodem</strong></span> 
     </span>
    </p>
   </div>
   <div class='ocr_carea' id='block_1_92' title="bbox 2153 3215 3732 3288">
    <p class='ocr_par' dir='ltr' id='par_1_92' title="bbox 2153 3215 3732 3288">
     <span class='ocr_line' id='line_1_92' title="bbox 2153 3215 3732 3288; baseline 0.003 -19"><span class='ocrx_word' id='word_1_658' title='bbox 2153 3215 2362 3271; x_wconf 91' lang='lat' dir='ltr'><strong>circiter</strong></span> <span class='ocrx_word' id='word_1_659' title='bbox 2403 3226 2640 3285; x_wconf 91' lang='lat' dir='ltr'><strong>tempore</strong></span> <span class='ocrx_word' id='word_1_660' title='bbox 2665 3224 2719 3270; x_wconf 90' lang='lat' dir='ltr'><strong>et</strong></span> <span class='ocrx_word' id='word_1_661' title='bbox 2750 3215 2974 3272; x_wconf 87' lang='lat' dir='ltr'><strong>fortasse</strong></span> <span class='ocrx_word' id='word_1_662' title='bbox 3002 3232 3120 3272; x_wconf 92' lang='lat' dir='ltr'><strong>cum</strong></span> <span class='ocrx_word' id='word_1_663' title='bbox 3161 3217 3437 3273; x_wconf 85' lang='lat' dir='ltr'><strong>Theodoto</strong></span> <span class='ocrx_word' id='word_1_664' title='bbox 3464 3219 3732 3288; x_wconf 85' lang='lat' dir='ltr'><strong>diacono,</strong></span> 
     </span>
    </p>
   </div>
   <div class='ocr_carea' id='block_1_93' title="bbox 2151 3305 3731 3383">
    <p class='ocr_par' dir='ltr' id='par_1_93' title="bbox 2151 3305 3731 3383">
     <span class='ocr_line' id='line_1_93' title="bbox 2151 3305 3731 3383; baseline 0.004 -23"><span class='ocrx_word' id='word_1_665' title='bbox 2151 3305 2216 3360; x_wconf 90' lang='lat' dir='ltr'><strong>ad</strong></span> <span class='ocrx_word' id='word_1_666' title='bbox 2245 3306 2682 3378; x_wconf 78' lang='lat' dir='ltr'><strong>Chrysostonium</strong></span> <span class='ocrx_word' id='word_1_667' title='bbox 2707 3308 2849 3363; x_wconf 84' lang='lat' dir='ltr'><strong>venit</strong></span> <span class='ocrx_word' id='word_1_668' title='bbox 2869 3308 3174 3364; x_wconf 89' lang='lat' dir='ltr'><strong>Theodotus</strong></span> <span class='ocrx_word' id='word_1_669' title='bbox 3195 3309 3330 3364; x_wconf 89' lang='lat' dir='ltr'><strong>alter</strong></span> <span class='ocrx_word' id='word_1_670' title='bbox 3345 3310 3512 3364; x_wconf 91' lang='lat' dir='ltr'><strong>lector</strong></span> <span class='ocrx_word' id='word_1_671' title='bbox 3533 3310 3731 3383; x_wconf 81' lang='lat' dir='ltr'><strong>(Epist.</strong></span> 
     </span>
    </p>
   </div>
   <div class='ocr_carea' id='block_1_94' title="bbox 2152 3396 3732 3472">
    <p class='ocr_par' dir='ltr' id='par_1_94' title="bbox 2152 3396 3732 3472">
     <span class='ocr_line' id='line_1_94' title="bbox 2152 3396 3732 3472; baseline 0.003 -20"><span class='ocrx_word' id='word_1_672' title='bbox 2152 3396 2266 3468; x_wconf 81' lang='lat'><strong>61),</strong></span> <span class='ocrx_word' id='word_1_673' title='bbox 2301 3397 2440 3452; x_wconf 90' lang='lat' dir='ltr'><strong>ﬁlius</strong></span> <span class='ocrx_word' id='word_1_674' title='bbox 2469 3398 2727 3454; x_wconf 91' lang='lat' dir='ltr'><strong>Theodoti</strong></span> <span class='ocrx_word' id='word_1_675' title='bbox 2756 3415 2821 3454; x_wconf 78' lang='lat' dir='ltr'><strong>ex</strong></span> <span class='ocrx_word' id='word_1_676' title='bbox 2849 3400 3230 3464; x_wconf 89' lang='lat' dir='ltr'><strong>consularibus,</strong></span> <span class='ocrx_word' id='word_1_677' title='bbox 3263 3417 3419 3471; x_wconf 88' lang='lat' dir='ltr'><strong>quem</strong></span> <span class='ocrx_word' id='word_1_678' title='bbox 3449 3412 3603 3472; x_wconf 77' lang='lat' dir='ltr'><strong>pater</strong></span> <span class='ocrx_word' id='word_1_679' title='bbox 3629 3405 3732 3456; x_wconf 78' lang='lat' dir='ltr'><strong>mi-</strong></span> 
     </span>
    </p>
   </div>
   <div class='ocr_carea' id='block_1_95' title="bbox 2149 3491 3733 3562">
    <p class='ocr_par' dir='ltr' id='par_1_95' title="bbox 2149 3491 3733 3562">
     <span class='ocr_line' id='line_1_95' title="bbox 2149 3491 3733 3562; baseline 0.001 -17"><span class='ocrx_word' id='word_1_680' title='bbox 2149 3499 2292 3546; x_wconf 88' lang='lat' dir='ltr'><strong>serat</strong></span> <span class='ocrx_word' id='word_1_681' title='bbox 2309 3491 2375 3545; x_wconf 93' lang='lat' dir='ltr'><strong>ad</strong></span> <span class='ocrx_word' id='word_1_682' title='bbox 2400 3491 2862 3561; x_wconf 88' lang='lat' dir='ltr'><strong>Chrysostomum,</strong></span> <span class='ocrx_word' id='word_1_683' title='bbox 2887 3501 2943 3546; x_wconf 93' lang='lat' dir='ltr'><strong>ut</strong></span> <span class='ocrx_word' id='word_1_684' title='bbox 2970 3491 3136 3561; x_wconf 89' lang='lat' dir='ltr'><strong>ipsius</strong></span> <span class='ocrx_word' id='word_1_685' title='bbox 3155 3491 3392 3546; x_wconf 89' lang='lat' dir='ltr'><strong>doctrina</strong></span> <span class='ocrx_word' id='word_1_686' title='bbox 3409 3501 3463 3546; x_wconf 93' lang='lat' dir='ltr'><strong>et</strong></span> <span class='ocrx_word' id='word_1_687' title='bbox 3483 3493 3733 3562; x_wconf 81' lang='lat' dir='ltr'><strong>exemplo</strong></span> 
     </span>
    </p>
   </div>
   <div class='ocr_carea' id='block_1_96' title="bbox 2150 3579 3730 3650">
    <p class='ocr_par' dir='ltr' id='par_1_96' title="bbox 2150 3579 3730 3650">
     <span class='ocr_line' id='line_1_96' title="bbox 2150 3579 3730 3650; baseline 0 -16"><span class='ocrx_word' id='word_1_688' title='bbox 2150 3581 2202 3634; x_wconf 92' lang='lat' dir='ltr'><strong>in</strong></span> <span class='ocrx_word' id='word_1_689' title='bbox 2233 3594 2356 3635; x_wconf 90' lang='lat' dir='ltr'><strong>vera</strong></span> <span class='ocrx_word' id='word_1_690' title='bbox 2383 3579 2744 3650; x_wconf 80' lang='lat' dir='ltr'><strong>phiIOSOphia,</strong></span> <span class='ocrx_word' id='word_1_691' title='bbox 2775 3597 2931 3649; x_wconf 84' lang='lat' dir='ltr'><strong>quam</strong></span> <span class='ocrx_word' id='word_1_692' title='bbox 2980 3579 3355 3649; x_wconf 83' lang='lat' dir='ltr'><strong>proﬁtebatur,</strong></span> <span class='ocrx_word' id='word_1_693' title='bbox 3387 3581 3598 3636; x_wconf 89' lang='lat' dir='ltr'><strong>radices</strong></span> <span class='ocrx_word' id='word_1_694' title='bbox 3632 3596 3730 3650; x_wconf 79' lang='lat' dir='ltr'><strong>po-</strong></span> 
     </span>
    </p>
   </div>
   <div class='ocr_carea' id='block_1_97' title="bbox 2149 3669 3732 3739">
    <p class='ocr_par' dir='ltr' id='par_1_97' title="bbox 2149 3669 3732 3739">
     <span class='ocr_line' id='line_1_97' title="bbox 2149 3669 3732 3739; baseline 0.001 -15"><span class='ocrx_word' id='word_1_695' title='bbox 2149 3685 2276 3725; x_wconf 88' lang='lat' dir='ltr'><strong>nere</strong></span> <span class='ocrx_word' id='word_1_696' title='bbox 2320 3671 2554 3735; x_wconf 88' lang='lat' dir='ltr'><strong>valeret;</strong></span> <span class='ocrx_word' id='word_1_697' title='bbox 2600 3671 2892 3739; x_wconf 91' lang='lat' dir='ltr'><strong>eodcmque</strong></span> <span class='ocrx_word' id='word_1_698' title='bbox 2941 3679 3176 3738; x_wconf 89' lang='lat' dir='ltr'><strong>tempore</strong></span> <span class='ocrx_word' id='word_1_699' title='bbox 3217 3669 3525 3724; x_wconf 88' lang='lat' dir='ltr'><strong>Theodotus</strong></span> <span class='ocrx_word' id='word_1_700' title='bbox 3581 3681 3732 3739; x_wconf 89' lang='lat' dir='ltr'><strong>pater</strong></span> 
     </span>
    </p>
   </div>
   <div class='ocr_carea' id='block_1_98' title="bbox 2148 3758 3731 3830">
    <p class='ocr_par' dir='ltr' id='par_1_98' title="bbox 2148 3758 3731 3830">
     <span class='ocr_line' id='line_1_98' title="bbox 2148 3758 3731 3830; baseline 0.001 -16"><span class='ocrx_word' id='word_1_701' title='bbox 2148 3775 2366 3815; x_wconf 88' lang='lat' dir='ltr'><strong>munera</strong></span> <span class='ocrx_word' id='word_1_702' title='bbox 2387 3761 2768 3830; x_wconf 80' lang='lat' dir='ltr'><strong>Chrysoswmo</strong></span> <span class='ocrx_word' id='word_1_703' title='bbox 2799 3759 2971 3825; x_wconf 90' lang='lat' dir='ltr'><strong>misit,</strong></span> <span class='ocrx_word' id='word_1_704' title='bbox 3013 3758 3428 3828; x_wconf 89' lang='lat' dir='ltr'><strong>precabaturque</strong></span> <span class='ocrx_word' id='word_1_705' title='bbox 3458 3759 3605 3812; x_wconf 91' lang='lat' dir='ltr'><strong>illum</strong></span> <span class='ocrx_word' id='word_1_706' title='bbox 3627 3800 3648 3824; x_wconf 90' lang='lat'><strong>,</strong></span> <span class='ocrx_word' id='word_1_707' title='bbox 3675 3769 3731 3815; x_wconf 90' lang='lat' dir='ltr'><strong>ut</strong></span> 
     </span>
    </p>
   </div>
   <div class='ocr_carea' id='block_1_99' title="bbox 2149 3849 3727 3920">
    <p class='ocr_par' dir='ltr' id='par_1_99' title="bbox 2149 3849 3727 3920">
     <span class='ocr_line' id='line_1_99' title="bbox 2149 3849 3727 3920; baseline 0.001 -16"><span class='ocrx_word' id='word_1_708' title='bbox 2149 3851 2312 3905; x_wconf 88' lang='lat' dir='ltr'><strong>ﬁlium</strong></span> <span class='ocrx_word' id='word_1_709' title='bbox 2345 3865 2497 3904; x_wconf 91' lang='lat' dir='ltr'><strong>suum</strong></span> <span class='ocrx_word' id='word_1_710' title='bbox 2524 3849 2662 3920; x_wconf 90' lang='lat' dir='ltr'><strong>apud</strong></span> <span class='ocrx_word' id='word_1_711' title='bbox 2693 3865 2750 3905; x_wconf 88' lang='lat' dir='ltr'><strong>se</strong></span> <span class='ocrx_word' id='word_1_712' title='bbox 2780 3851 3048 3904; x_wconf 85' lang='lat' dir='ltr'><strong>retineret.</strong></span> <span class='ocrx_word' id='word_1_713' title='bbox 3080 3849 3370 3918; x_wconf 79' lang='lat' dir='ltr'><strong>Respondit</strong></span> <span class='ocrx_word' id='word_1_714' title='bbox 3401 3865 3528 3903; x_wconf 90' lang='lat' dir='ltr'><strong>vero</strong></span> <span class='ocrx_word' id='word_1_715' title='bbox 3558 3849 3727 3905; x_wconf 79' lang='lat' dir='ltr'><strong>Joan-</strong></span> 
     </span>
    </p>
   </div>
   <div class='ocr_carea' id='block_1_100' title="bbox 2148 3941 3728 4011">
    <p class='ocr_par' dir='ltr' id='par_1_100' title="bbox 2148 3941 3728 4011">
     <span class='ocr_line' id='line_1_100' title="bbox 2148 3941 3728 4011; baseline 0.003 -17"><span class='ocrx_word' id='word_1_716' title='bbox 2148 3957 2243 3996; x_wconf 92' lang='lat' dir='ltr'><strong>nes</strong></span> <span class='ocrx_word' id='word_1_717' title='bbox 2273 3950 2452 3995; x_wconf 90' lang='lat' dir='ltr'><strong>noster</strong></span> <span class='ocrx_word' id='word_1_718' title='bbox 2489 3956 2546 3996; x_wconf 91' lang='lat' dir='ltr'><strong>se</strong></span> <span class='ocrx_word' id='word_1_719' title='bbox 2577 3941 2686 4011; x_wconf 91' lang='lat' dir='ltr'><strong>jam</strong></span> <span class='ocrx_word' id='word_1_720' title='bbox 2732 3958 2760 3995; x_wconf 88' lang='lat' dir='ltr'><strong>a</strong></span> <span class='ocrx_word' id='word_1_721' title='bbox 2789 3941 3064 3995; x_wconf 91' lang='lat' dir='ltr'><strong>Theodoto</strong></span> <span class='ocrx_word' id='word_1_722' title='bbox 3091 3951 3290 3994; x_wconf 90' lang='lat' dir='ltr'><strong>tantum</strong></span> <span class='ocrx_word' id='word_1_723' title='bbox 3332 3957 3522 3995; x_wconf 87' lang='lat' dir='ltr'><strong>nmnus</strong></span> <span class='ocrx_word' id='word_1_724' title='bbox 3566 3958 3728 3998; x_wconf 88' lang='lat' dir='ltr'><strong>acce-</strong></span> 
     </span>
    </p>
   </div>
   <div class='ocr_carea' id='block_1_101' title="bbox 2147 4033 3726 4103">
    <p class='ocr_par' dir='ltr' id='par_1_101' title="bbox 2147 4033 3726 4103">
     <span class='ocr_line' id='line_1_101' title="bbox 2147 4033 3726 4103; baseline 0.003 -17"><span class='ocrx_word' id='word_1_725' title='bbox 2147 4034 2318 4103; x_wconf 86' lang='lat' dir='ltr'><strong>pisse,</strong></span> <span class='ocrx_word' id='word_1_726' title='bbox 2350 4049 2470 4086; x_wconf 89' lang='lat' dir='ltr'><strong>cum</strong></span> <span class='ocrx_word' id='word_1_727' title='bbox 2511 4033 2672 4087; x_wconf 87' lang='lat' dir='ltr'><strong>ﬁlium</strong></span> <span class='ocrx_word' id='word_1_728' title='bbox 2709 4048 2860 4088; x_wconf 91' lang='lat' dir='ltr'><strong>suum</strong></span> <span class='ocrx_word' id='word_1_729' title='bbox 2903 4042 3043 4086; x_wconf 89' lang='lat' dir='ltr'><strong>tanta</strong></span> <span class='ocrx_word' id='word_1_730' title='bbox 3078 4034 3272 4086; x_wconf 91' lang='lat' dir='ltr'><strong>virtute</strong></span> <span class='ocrx_word' id='word_1_731' title='bbox 3317 4033 3597 4102; x_wconf 66' lang='lat' dir='ltr'><strong>praeditum</strong></span> <span class='ocrx_word' id='word_1_732' title='bbox 3626 4037 3726 4090; x_wconf 90' lang='lat' dir='ltr'><strong>sibi</strong></span> 
     </span>
    </p>
   </div>
   <div class='ocr_carea' id='block_1_102' title="bbox 2146 4125 3729 4195">
    <p class='ocr_par' dir='ltr' id='par_1_102' title="bbox 2146 4125 3729 4195">
     <span class='ocr_line' id='line_1_102' title="bbox 2146 4125 3729 4195; baseline 0.001 -14"><span class='ocrx_word' id='word_1_733' title='bbox 2146 4128 2323 4192; x_wconf 90' lang='lat' dir='ltr'><strong>misit,</strong></span> <span class='ocrx_word' id='word_1_734' title='bbox 2357 4135 2412 4180; x_wconf 91' lang='lat' dir='ltr'><strong>ut</strong></span> <span class='ocrx_word' id='word_1_735' title='bbox 2437 4142 2772 4195; x_wconf 84' lang='lat' dir='ltr'><strong>summeperc</strong></span> <span class='ocrx_word' id='word_1_736' title='bbox 2817 4125 3074 4192; x_wconf 88' lang='lat' dir='ltr'><strong>miretur,</strong></span> <span class='ocrx_word' id='word_1_737' title='bbox 3116 4125 3254 4194; x_wconf 90' lang='lat' dir='ltr'><strong>quod</strong></span> <span class='ocrx_word' id='word_1_738' title='bbox 3286 4125 3402 4178; x_wconf 88' lang='lat' dir='ltr'><strong>aliis</strong></span> <span class='ocrx_word' id='word_1_739' title='bbox 3426 4140 3642 4195; x_wconf 89' lang='lat' dir='ltr'><strong>quoque</strong></span> <span class='ocrx_word' id='word_1_740' title='bbox 3670 4141 3729 4182; x_wconf 85' lang='lat' dir='ltr'><strong>se</strong></span> 
     </span>
    </p>
   </div>
   <div class='ocr_carea' id='block_1_103' title="bbox 2147 4217 3725 4284">
    <p class='ocr_par' dir='ltr' id='par_1_103' title="bbox 2147 4217 3725 4284">
     <span class='ocr_line' id='line_1_103' title="bbox 2147 4217 3725 4284; baseline -0.001 -12"><span class='ocrx_word' id='word_1_741' title='bbox 2147 4218 2452 4272; x_wconf 87' lang='lat' dir='ltr'><strong>muneribus</strong></span> <span class='ocrx_word' id='word_1_742' title='bbox 2498 4218 2768 4272; x_wconf 89' lang='lat' dir='ltr'><strong>cumulare</strong></span> <span class='ocrx_word' id='word_1_743' title='bbox 2814 4217 3084 4270; x_wconf 89' lang='lat' dir='ltr'><strong>voluerit:</strong></span> <span class='ocrx_word' id='word_1_744' title='bbox 3128 4225 3450 4284; x_wconf 86' lang='lat' dir='ltr'><strong>quapropter</strong></span> <span class='ocrx_word' id='word_1_745' title='bbox 3497 4231 3725 4270; x_wconf 87' lang='lat' dir='ltr'><strong>munera</strong></span> 
     </span>
    </p>
   </div>
   <div class='ocr_carea' id='block_1_104' title="bbox 2144 4306 3726 4379">
    <p class='ocr_par' dir='ltr' id='par_1_104' title="bbox 2144 4306 3726 4379">
     <span class='ocr_line' id='line_1_104' title="bbox 2144 4306 3726 4379; baseline -0.001 -15"><span class='ocrx_word' id='word_1_746' title='bbox 2144 4309 2332 4364; x_wconf 77' lang='lat' dir='ltr'><strong>istlucc</strong></span> <span class='ocrx_word' id='word_1_747' title='bbox 2371 4309 2466 4379; x_wconf 89' lang='lat' dir='ltr'><strong>ipsi</strong></span> <span class='ocrx_word' id='word_1_748' title='bbox 2507 4309 2742 4373; x_wconf 90' lang='lat' dir='ltr'><strong>remisit;</strong></span> <span class='ocrx_word' id='word_1_749' title='bbox 2784 4309 2945 4362; x_wconf 82' lang='lat' dir='ltr'><strong>(ilium</strong></span> <span class='ocrx_word' id='word_1_750' title='bbox 2977 4323 3102 4362; x_wconf 89' lang='lat' dir='ltr'><strong>vero</strong></span> <span class='ocrx_word' id='word_1_751' title='bbox 3137 4310 3251 4375; x_wconf 86' lang='lat' dir='ltr'><strong>ejus</strong></span> <span class='ocrx_word' id='word_1_752' title='bbox 3289 4322 3347 4362; x_wconf 90' lang='lat' dir='ltr'><strong>se</strong></span> <span class='ocrx_word' id='word_1_753' title='bbox 3372 4306 3726 4362; x_wconf 89' lang='lat' dir='ltr'><strong>libentissime</strong></span> 
     </span>
    </p>
   </div>
   <div class='ocr_carea' id='block_1_105' title="bbox 2145 4396 3724 4468">
    <p class='ocr_par' dir='ltr' id='par_1_105' title="bbox 2145 4396 3724 4468">
     <span class='ocr_line' id='line_1_105' title="bbox 2145 4396 3724 4468; baseline -0.001 -13"><span class='ocrx_word' id='word_1_754' title='bbox 2145 4409 2471 4455; x_wconf 88' lang='lat' dir='ltr'><strong>retenturum</strong></span> <span class='ocrx_word' id='word_1_755' title='bbox 2501 4398 2660 4453; x_wconf 91' lang='lat' dir='ltr'><strong>fuisse</strong></span> <span class='ocrx_word' id='word_1_756' title='bbox 2680 4399 2831 4464; x_wconf 86' lang='lat' dir='ltr'><strong>dixit,</strong></span> <span class='ocrx_word' id='word_1_757' title='bbox 2860 4397 2951 4452; x_wconf 85' lang='lat' dir='ltr'><strong>scd</strong></span> <span class='ocrx_word' id='word_1_758' title='bbox 2983 4399 3102 4468; x_wconf 89' lang='lat' dir='ltr'><strong>quia</strong></span> <span class='ocrx_word' id='word_1_759' title='bbox 3129 4396 3294 4451; x_wconf 89' lang='lat' dir='ltr'><strong>Isauri</strong></span> <span class='ocrx_word' id='word_1_760' title='bbox 3317 4397 3492 4450; x_wconf 89' lang='lat' dir='ltr'><strong>omnia</strong></span> <span class='ocrx_word' id='word_1_761' title='bbox 3521 4398 3724 4453; x_wconf 90' lang='lat' dir='ltr'><strong>circum</strong></span> 
     </span>
    </p>
   </div>
   <div class='ocr_carea' id='block_1_106' title="bbox 2145 4487 3724 4560">
    <p class='ocr_par' dir='ltr' id='par_1_106' title="bbox 2145 4487 3724 4560">
     <span class='ocr_line' id='line_1_106' title="bbox 2145 4487 3724 4560; baseline -0.001 -16"><span class='ocrx_word' id='word_1_762' title='bbox 2145 4490 2287 4546; x_wconf 90' lang='lat' dir='ltr'><strong>ferro</strong></span> <span class='ocrx_word' id='word_1_763' title='bbox 2331 4491 2554 4560; x_wconf 87' lang='lat' dir='ltr'><strong>igneque</strong></span> <span class='ocrx_word' id='word_1_764' title='bbox 2592 4490 3016 4560; x_wconf 88' lang='lat' dir='ltr'><strong>populabantur,</strong></span> <span class='ocrx_word' id='word_1_765' title='bbox 3051 4489 3268 4559; x_wconf 90' lang='lat' dir='ltr'><strong>ipseque</strong></span> <span class='ocrx_word' id='word_1_766' title='bbox 3306 4487 3543 4557; x_wconf 68' lang='lat' dir='ltr'><strong>quod-die</strong></span> <span class='ocrx_word' id='word_1_767' title='bbox 3567 4489 3724 4543; x_wconf 86' lang='lat' dir='ltr'><strong>sedes</strong></span> 
     </span>
    </p>
   </div>
   <div class='ocr_carea' id='block_1_107' title="bbox 2146 4577 3725 4652">
    <p class='ocr_par' dir='ltr' id='par_1_107' title="bbox 2146 4577 3725 4652">
     <span class='ocr_line' id='line_1_107' title="bbox 2146 4577 3725 4652; baseline -0.003 -17"><span class='ocrx_word' id='word_1_768' title='bbox 2146 4591 2350 4636; x_wconf 90' lang='lat' dir='ltr'><strong>mutare</strong></span> <span class='ocrx_word' id='word_1_769' title='bbox 2386 4582 2706 4652; x_wconf 89' lang='lat' dir='ltr'><strong>cogebatur,</strong></span> <span class='ocrx_word' id='word_1_770' title='bbox 2751 4580 2870 4634; x_wconf 89' lang='lat' dir='ltr'><strong>ideo</strong></span> <span class='ocrx_word' id='word_1_771' title='bbox 2898 4596 2957 4634; x_wconf 91' lang='lat' dir='ltr'><strong>se</strong></span> <span class='ocrx_word' id='word_1_772' title='bbox 2994 4580 3137 4634; x_wconf 89' lang='lat' dir='ltr'><strong>illum</strong></span> <span class='ocrx_word' id='word_1_773' title='bbox 3177 4577 3454 4634; x_wconf 91' lang='lat' dir='ltr'><strong>Theodoto</strong></span> <span class='ocrx_word' id='word_1_774' title='bbox 3498 4578 3725 4632; x_wconf 87' lang='lat' dir='ltr'><strong>diacono</strong></span> 
     </span>
    </p>
   </div>
   <div class='ocr_carea' id='block_1_108' title="bbox 2142 4668 3724 4740">
    <p class='ocr_par' dir='ltr' id='par_1_108' title="bbox 2142 4668 3724 4740">
     <span class='ocr_line' id='line_1_108' title="bbox 2142 4668 3724 4740; baseline -0.001 -16"><span class='ocrx_word' id='word_1_775' title='bbox 2142 4672 2370 4736; x_wconf 90' lang='lat' dir='ltr'><strong>misisse,</strong></span> <span class='ocrx_word' id='word_1_776' title='bbox 2396 4670 2778 4740; x_wconf 88' lang='lat' dir='ltr'><strong>mandasseque</strong></span> <span class='ocrx_word' id='word_1_777' title='bbox 2809 4670 2883 4724; x_wconf 90' lang='lat' dir='ltr'><strong>illi</strong></span> <span class='ocrx_word' id='word_1_778' title='bbox 2901 4680 2958 4723; x_wconf 90' lang='lat' dir='ltr'><strong>ut</strong></span> <span class='ocrx_word' id='word_1_779' title='bbox 2979 4668 3239 4724; x_wconf 88' lang='lat' dir='ltr'><strong>Theodoti</strong></span> <span class='ocrx_word' id='word_1_780' title='bbox 3270 4669 3485 4723; x_wconf 87' lang='lat' dir='ltr'><strong>lectoris</strong></span> <span class='ocrx_word' id='word_1_781' title='bbox 3509 4669 3724 4723; x_wconf 88' lang='lat' dir='ltr'><strong>assidue</strong></span> 
     </span>
    </p>
   </div>
   <div class='ocr_carea' id='block_1_109' title="bbox 2141 4759 3720 4832">
    <p class='ocr_par' dir='ltr' id='par_1_109' title="bbox 2141 4759 3720 4832">
     <span class='ocr_line' id='line_1_109' title="bbox 2141 4759 3720 4832; baseline -0.001 -16"><span class='ocrx_word' id='word_1_782' title='bbox 2141 4777 2321 4816; x_wconf 88' lang='lat' dir='ltr'><strong>curam</strong></span> <span class='ocrx_word' id='word_1_783' title='bbox 2345 4772 2584 4832; x_wconf 90' lang='lat' dir='ltr'><strong>gereret,</strong></span> <span class='ocrx_word' id='word_1_784' title='bbox 2631 4763 2683 4816; x_wconf 92' lang='lat' dir='ltr'><strong>in</strong></span> <span class='ocrx_word' id='word_1_785' title='bbox 2727 4761 2884 4832; x_wconf 91' lang='lat' dir='ltr'><strong>idque</strong></span> <span class='ocrx_word' id='word_1_786' title='bbox 2923 4776 3112 4832; x_wconf 91' lang='lat' dir='ltr'><strong>magno</strong></span> <span class='ocrx_word' id='word_1_787' title='bbox 3137 4759 3312 4814; x_wconf 89' lang='lat' dir='ltr'><strong>studio</strong></span> <span class='ocrx_word' id='word_1_788' title='bbox 3353 4769 3410 4815; x_wconf 92' lang='lat' dir='ltr'><strong>et</strong></span> <span class='ocrx_word' id='word_1_789' title='bbox 3445 4759 3720 4830; x_wconf 66' lang='lat' dir='ltr'><strong>diligente</strong></span> 
     </span>
    </p>
   </div>
   <div class='ocr_carea' id='block_1_110' title="bbox 2144 4855 2490 4910">
    <p class='ocr_par' dir='ltr' id='par_1_110' title="bbox 2144 4855 2490 4910">
     <span class='ocr_line' id='line_1_110' title="bbox 2144 4855 2490 4910; baseline 0.006 -2"><span class='ocrx_word' id='word_1_790' title='bbox 2144 4855 2490 4910; x_wconf 89' lang='lat' dir='ltr'><strong>incumberet.</strong></span> 
     </span>
    </p>
   </div>
   <div class='ocr_carea' id='block_1_111' title="bbox 2212 4941 3718 5000">
    <p class='ocr_par' dir='ltr' id='par_1_111' title="bbox 2212 4941 3718 5000">
     <span class='ocr_line' id='line_1_111' title="bbox 2212 4941 3718 5000; baseline -0.002 0"><span class='ocrx_word' id='word_1_791' title='bbox 2212 4944 2460 5000; x_wconf 79' lang='lat' dir='ltr'><strong>Theodoti</strong></span> <span class='ocrx_word' id='word_1_792' title='bbox 2489 4946 2684 5000; x_wconf 81' lang='lat' dir='ltr'><strong>lectoris</strong></span> <span class='ocrx_word' id='word_1_793' title='bbox 2710 4944 2934 4998; x_wconf 76' lang='lat' dir='ltr'><strong>historia.</strong></span> <span class='ocrx_word' id='word_1_794' title='bbox 2963 4970 3034 4985; x_wconf 79' lang='lat'><strong><em>—</em></strong></span> <span class='ocrx_word' id='word_1_795' title='bbox 3061 4941 3364 4998; x_wconf 80' lang='lat' dir='ltr'><strong>Theodotus</strong></span> <span class='ocrx_word' id='word_1_796' title='bbox 3412 4951 3594 4997; x_wconf 88' lang='lat' dir='ltr'><strong>autem</strong></span> <span class='ocrx_word' id='word_1_797' title='bbox 3643 4941 3718 4997; x_wconf 86' lang='lat' dir='ltr'><strong>le-</strong></span> 
     </span>
    </p>
   </div>
   <div class='ocr_carea' id='block_1_112' title="bbox 2143 5028 3717 5105">
    <p class='ocr_par' dir='ltr' id='par_1_112' title="bbox 2143 5028 3717 5105">
     <span class='ocr_line' id='line_1_112' title="bbox 2143 5028 3717 5105; baseline -0.005 -15"><span class='ocrx_word' id='word_1_798' title='bbox 2143 5046 2258 5091; x_wconf 91' lang='lat' dir='ltr'><strong>ctor</strong></span> <span class='ocrx_word' id='word_1_799' title='bbox 2285 5047 2464 5104; x_wconf 90' lang='lat' dir='ltr'><strong>postea</strong></span> <span class='ocrx_word' id='word_1_800' title='bbox 2495 5035 2634 5104; x_wconf 87' lang='lat' dir='ltr'><strong>apud</strong></span> <span class='ocrx_word' id='word_1_801' title='bbox 2663 5035 3100 5105; x_wconf 83' lang='lat' dir='ltr'><strong>Chrysostomnm</strong></span> <span class='ocrx_word' id='word_1_802' title='bbox 3123 5047 3243 5086; x_wconf 87' lang='lat' dir='ltr'><strong>sese</strong></span> <span class='ocrx_word' id='word_1_803' title='bbox 3278 5032 3550 5085; x_wconf 79' lang='lat' dir='ltr'><strong>excusavit</strong></span> <span class='ocrx_word' id='word_1_804' title='bbox 3579 5028 3717 5100; x_wconf 85' lang='lat' dir='ltr'><strong>quod</strong></span> 
     </span>
    </p>
   </div>
   <div class='ocr_carea' id='block_1_113' title="bbox 2142 5119 3716 5181">
    <p class='ocr_par' dir='ltr' id='par_1_113' title="bbox 2142 5119 3716 5181">
     <span class='ocr_line' id='line_1_113' title="bbox 2142 5119 3716 5181; baseline -0.004 -1"><span class='ocrx_word' id='word_1_805' title='bbox 2142 5129 2208 5181; x_wconf 88' lang='lat' dir='ltr'><strong>ab</strong></span> <span class='ocrx_word' id='word_1_806' title='bbox 2240 5127 2328 5179; x_wconf 91' lang='lat' dir='ltr'><strong>illo</strong></span> <span class='ocrx_word' id='word_1_807' title='bbox 2355 5128 2663 5181; x_wconf 88' lang='lat' dir='ltr'><strong>secessisset</strong></span> <span class='ocrx_word' id='word_1_808' title='bbox 2691 5141 2704 5178; x_wconf 92' lang='lat'><strong>:</strong></span> <span class='ocrx_word' id='word_1_809' title='bbox 2738 5126 3004 5180; x_wconf 88' lang='lat' dir='ltr'><strong>discessus</strong></span> <span class='ocrx_word' id='word_1_810' title='bbox 3032 5136 3160 5177; x_wconf 87' lang='lat' dir='ltr'><strong>vero</strong></span> <span class='ocrx_word' id='word_1_811' title='bbox 3186 5136 3399 5176; x_wconf 91' lang='lat' dir='ltr'><strong>causam</strong></span> <span class='ocrx_word' id='word_1_812' title='bbox 3449 5119 3613 5175; x_wconf 84' lang='lat' dir='ltr'><strong>fuisse</strong></span> <span class='ocrx_word' id='word_1_813' title='bbox 3636 5121 3716 5173; x_wconf 85' lang='lat' dir='ltr'><strong>di-</strong></span> 
     </span>
    </p>
   </div>
   <div class='ocr_carea' id='block_1_114' title="bbox 2141 5211 3716 5286">
    <p class='ocr_par' dir='ltr' id='par_1_114' title="bbox 2141 5211 3716 5286">
     <span class='ocr_line' id='line_1_114' title="bbox 2141 5211 3716 5286; baseline -0.007 -13"><span class='ocrx_word' id='word_1_814' title='bbox 2141 5218 2312 5281; x_wconf 86' lang='lat' dir='ltr'><strong>cebat,</strong></span> <span class='ocrx_word' id='word_1_815' title='bbox 2347 5227 2454 5271; x_wconf 88' lang='lat' dir='ltr'><strong>tum</strong></span> <span class='ocrx_word' id='word_1_816' title='bbox 2477 5216 2615 5286; x_wconf 91' lang='lat' dir='ltr'><strong>quod</strong></span> <span class='ocrx_word' id='word_1_817' title='bbox 2637 5216 2908 5270; x_wconf 89' lang='lat' dir='ltr'><strong>oculorum</strong></span> <span class='ocrx_word' id='word_1_818' title='bbox 2940 5212 3242 5268; x_wconf 88' lang='lat' dir='ltr'><strong>inﬁrmitate</strong></span> <span class='ocrx_word' id='word_1_819' title='bbox 3280 5211 3576 5275; x_wconf 89' lang='lat' dir='ltr'><strong>laboraret,</strong></span> <span class='ocrx_word' id='word_1_820' title='bbox 3611 5219 3716 5263; x_wconf 87' lang='lat' dir='ltr'><strong>tum</strong></span> 
     </span>
    </p>
   </div>
   <div class='ocr_carea' id='block_1_115' title="bbox 2142 5300 3717 5380">
    <p class='ocr_par' dir='ltr' id='par_1_115' title="bbox 2142 5300 3717 5380">
     <span class='ocr_line' id='line_1_115' title="bbox 2142 5300 3717 5380; baseline -0.008 -15"><span class='ocrx_word' id='word_1_821' title='bbox 2142 5309 2282 5380; x_wconf 89' lang='lat' dir='ltr'><strong>quod</strong></span> <span class='ocrx_word' id='word_1_822' title='bbox 2313 5309 2530 5364; x_wconf 91' lang='lat' dir='ltr'><strong>nimium</strong></span> <span class='ocrx_word' id='word_1_823' title='bbox 2558 5308 2723 5378; x_wconf 88' lang='lat' dir='ltr'><strong>frigus</strong></span> <span class='ocrx_word' id='word_1_824' title='bbox 2749 5308 3122 5362; x_wconf 83' lang='lat' dir='ltr'><strong>extimesceret</strong></span> <span class='ocrx_word' id='word_1_825' title='bbox 3149 5321 3162 5356; x_wconf 92' lang='lat'>:</span> <span class='ocrx_word' id='word_1_826' title='bbox 3191 5303 3398 5358; x_wconf 87' lang='lat' dir='ltr'><strong>dicebat</strong></span> <span class='ocrx_word' id='word_1_827' title='bbox 3426 5301 3586 5355; x_wconf 89' lang='lat' dir='ltr'><strong>etiam</strong></span> <span class='ocrx_word' id='word_1_828' title='bbox 3619 5300 3717 5352; x_wconf 77' lang='lat' dir='ltr'><strong>ali-</strong></span> 
     </span>
    </p>
   </div>
   <div class='ocr_carea' id='block_1_116' title="bbox 2141 5391 3718 5472">
    <p class='ocr_par' dir='ltr' id='par_1_116' title="bbox 2141 5391 3718 5472">
     <span class='ocr_line' id='line_1_116' title="bbox 2141 5391 3718 5472; baseline -0.008 -17"><span class='ocrx_word' id='word_1_829' title='bbox 2141 5413 2276 5472; x_wconf 90' lang='lat' dir='ltr'><strong>quos</strong></span> <span class='ocrx_word' id='word_1_830' title='bbox 2299 5413 2419 5455; x_wconf 90' lang='lat' dir='ltr'><strong>esse</strong></span> <span class='ocrx_word' id='word_1_831' title='bbox 2447 5399 2536 5469; x_wconf 90' lang='lat' dir='ltr'><strong>qui</strong></span> <span class='ocrx_word' id='word_1_832' title='bbox 2565 5399 2664 5453; x_wconf 91' lang='lat' dir='ltr'><strong>sibi</strong></span> <span class='ocrx_word' id='word_1_833' title='bbox 2696 5396 2913 5450; x_wconf 88' lang='lat' dir='ltr'><strong>insidias</strong></span> <span class='ocrx_word' id='word_1_834' title='bbox 2937 5401 3223 5457; x_wconf 80' lang='lat' dir='ltr'><strong>struerem,</strong></span> <span class='ocrx_word' id='word_1_835' title='bbox 3252 5391 3302 5445; x_wconf 92' lang='lat' dir='ltr'><strong>id</strong></span> <span class='ocrx_word' id='word_1_836' title='bbox 3324 5400 3426 5456; x_wconf 89' lang='lat' dir='ltr'><strong>est,</strong></span> <span class='ocrx_word' id='word_1_837' title='bbox 3456 5399 3513 5443; x_wconf 90' lang='lat' dir='ltr'><strong>ut</strong></span> <span class='ocrx_word' id='word_1_838' title='bbox 3537 5403 3604 5444; x_wconf 81' lang='lat' dir='ltr'><strong>ex</strong></span> <span class='ocrx_word' id='word_1_839' title='bbox 3631 5402 3718 5441; x_wconf 78' lang='lat' dir='ltr'><strong>se-</strong></span> 
     </span>
    </p>
   </div>
   <div class='ocr_carea' id='block_1_117' title="bbox 2142 5481 3718 5560">
    <p class='ocr_par' dir='ltr' id='par_1_117' title="bbox 2142 5481 3718 5560">
     <span class='ocr_line' id='line_1_117' title="bbox 2142 5481 3718 5560; baseline -0.01 -14"><span class='ocrx_word' id='word_1_840' title='bbox 2142 5490 2424 5560; x_wconf 90' lang='lat' dir='ltr'><strong>quentibus</strong></span> <span class='ocrx_word' id='word_1_841' title='bbox 2445 5489 2630 5559; x_wconf 88' lang='lat' dir='ltr'><strong>liquet,</strong></span> <span class='ocrx_word' id='word_1_842' title='bbox 2658 5488 2747 5558; x_wconf 92' lang='lat' dir='ltr'><strong>qui</strong></span> <span class='ocrx_word' id='word_1_843' title='bbox 2773 5497 2978 5558; x_wconf 90' lang='lat' dir='ltr'><strong>patrem</strong></span> <span class='ocrx_word' id='word_1_844' title='bbox 3007 5499 3159 5538; x_wconf 89' lang='lat' dir='ltr'><strong>suum</strong></span> <span class='ocrx_word' id='word_1_845' title='bbox 3196 5481 3476 5536; x_wconf 87' lang='lat' dir='ltr'><strong>adversum</strong></span> <span class='ocrx_word' id='word_1_846' title='bbox 3503 5494 3562 5534; x_wconf 88' lang='lat' dir='ltr'><strong>se</strong></span> <span class='ocrx_word' id='word_1_847' title='bbox 3591 5493 3718 5533; x_wconf 79' lang='lat' dir='ltr'><strong>con-</strong></span> 
     </span>
    </p>
   </div>
   <div class='ocr_carea' id='block_1_118' title="bbox 2141 5572 3715 5652">
    <p class='ocr_par' dir='ltr' id='par_1_118' title="bbox 2141 5572 3715 5652">
     <span class='ocr_line' id='line_1_118' title="bbox 2141 5572 3715 5652; baseline -0.011 -13"><span class='ocrx_word' id='word_1_848' title='bbox 2141 5584 2382 5640; x_wconf 89' lang='lat' dir='ltr'><strong>citarent.</strong></span> <span class='ocrx_word' id='word_1_849' title='bbox 2429 5583 2656 5652; x_wconf 80' lang='lat' dir='ltr'><strong>Reponit</strong></span> <span class='ocrx_word' id='word_1_850' title='bbox 2690 5579 3100 5652; x_wconf 82' lang='lat' dir='ltr'><strong>Cbrysostomus</strong></span> <span class='ocrx_word' id='word_1_851' title='bbox 3136 5577 3189 5631; x_wconf 92' lang='lat' dir='ltr'><strong>in</strong></span> <span class='ocrx_word' id='word_1_852' title='bbox 3236 5574 3454 5644; x_wconf 82' lang='lat' dir='ltr'><strong>epistola</strong></span> <span class='ocrx_word' id='word_1_853' title='bbox 3497 5572 3632 5634; x_wconf 77' lang='grc'><strong>156,</strong></span> <span class='ocrx_word' id='word_1_854' title='bbox 3659 5584 3715 5622; x_wconf 87' lang='lat' dir='ltr'><strong>se</strong></span> 
     </span>
    </p>
   </div>
   <div class='ocr_carea' id='block_1_119' title="bbox 2143 5664 3714 5741">
    <p class='ocr_par' dir='ltr' id='par_1_119' title="bbox 2143 5664 3714 5741">
     <span class='ocr_line' id='line_1_119' title="bbox 2143 5664 3714 5741; baseline -0.01 -13"><span class='ocrx_word' id='word_1_855' title='bbox 2143 5672 2473 5728; x_wconf 87' lang='lat' dir='ltr'><strong>Theodotum</strong></span> <span class='ocrx_word' id='word_1_856' title='bbox 2515 5673 2663 5741; x_wconf 86' lang='lat' dir='ltr'><strong>quasi</strong></span> <span class='ocrx_word' id='word_1_857' title='bbox 2713 5679 3028 5739; x_wconf 68' lang='lat' dir='ltr'><strong>praesentem</strong></span> <span class='ocrx_word' id='word_1_858' title='bbox 3061 5682 3271 5736; x_wconf 90' lang='lat' dir='ltr'><strong>semper</strong></span> <span class='ocrx_word' id='word_1_859' title='bbox 3300 5664 3527 5726; x_wconf 89' lang='lat' dir='ltr'><strong>habere,</strong></span> <span class='ocrx_word' id='word_1_860' title='bbox 3557 5671 3714 5730; x_wconf 84' lang='lat' dir='ltr'><strong>atque</strong></span> 
     </span>
    </p>
   </div>
   <div class='ocr_carea' id='block_1_120' title="bbox 2144 5754 3710 5833">
    <p class='ocr_par' dir='ltr' id='par_1_120' title="bbox 2144 5754 3710 5833">
     <span class='ocr_line' id='line_1_120' title="bbox 2144 5754 3710 5833; baseline -0.01 -15"><span class='ocrx_word' id='word_1_861' title='bbox 2144 5764 2321 5818; x_wconf 91' lang='lat' dir='ltr'><strong>animo</strong></span> <span class='ocrx_word' id='word_1_862' title='bbox 2349 5762 2663 5833; x_wconf 85' lang='lat' dir='ltr'><strong>complecti;</strong></span> <span class='ocrx_word' id='word_1_863' title='bbox 2695 5760 3041 5830; x_wconf 77' lang='lat' dir='ltr'><strong>hortaturqm</strong></span> <span class='ocrx_word' id='word_1_864' title='bbox 3071 5757 3219 5814; x_wconf 89' lang='lat' dir='ltr'><strong>illum</strong></span> <span class='ocrx_word' id='word_1_865' title='bbox 3249 5767 3303 5812; x_wconf 88' lang='lat' dir='ltr'><strong>ut</strong></span> <span class='ocrx_word' id='word_1_866' title='bbox 3334 5754 3466 5810; x_wconf 85' lang='lat' dir='ltr'><strong>mala</strong></span> <span class='ocrx_word' id='word_1_867' title='bbox 3491 5764 3710 5822; x_wconf 65' lang='lat' dir='ltr'><strong>quaeque</strong></span> 
     </span>
    </p>
   </div>
  </div>
