3954 6396
187 353 292 411 253

189 465 471 538 prmntia
487 468 909 533 spernat,utpote
921 457 1201 526 ﬂuxa,qure
1213 468 1422 522 semper
1438 448 1771 507 manentibus

192 555 426 624 prmmiis
454 560 866 621 compensentur
887 588 902 613 ,
931 557 1088 616 atque
1114 553 1168 599 ut
1195 544 1410 598 assidue
1438 543 1769 610 Seripturam

189 659 397 701 sacram
437 643 614 712 legat,
642 646 893 710 quantum
919 652 1012 706 per
1039 635 1311 689 oculorum
1355 630 1770 685 imbecillitatem

190 735 390 790 licebit.
431 733 564 787 Cum
607 744 767 800 porro
797 727 1040 782 maeroris
1069 739 1243 779 causa:
1282 721 1557 776 Theodoto
1587 720 1768 774 lectori

190 840 406 894 semper
437 825 825 885 increscerent,
871 817 1034 887 patris
1077 824 1135 868 ut
1181 815 1384 868 videtur
1429 819 1770 882 exasperatus

192 917 404 970 animus
443 924 498 968 et
533 913 804 967 oculorum
851 908 1216 972 imbecillitas;
1264 905 1346 958 his
1385 905 1453 962 tle
1489 904 1663 958 causis
1704 902 1769 956 ad

190 1006 648 1075 Chrysostomum
666 995 1029 1068 scripsit:qui
1070 1012 1131 1051 ea
1161 1010 1261 1066 qua
1292 1010 1387 1064 par
1424 1001 1538 1047 erat
1581 1006 1768 1046 conso-

194 1096 392 1150 latione
418 1093 566 1147 illum
594 1090 847 1145 recreavit
874 1089 926 1142 in
967 1087 1188 1156 epistola
1219 1085 1322 1140 109.
1352 1104 1364 1138 :
1404 1086 1542 1138 circa
1585 1084 1770 1137 oculo-

193 1202 312 1240 rum
344 1183 755 1238 invaletudinem
784 1181 1026 1234 hortatur
1051 1179 1199 1231 illum
1229 1187 1283 1231 ut
1313 1177 1546 1230 medicos
1572 1191 1770 1230 consu-

194 1280 290 1344 lat,
318 1287 372 1331 et
397 1275 464 1330 ad
487 1291 596 1328 rem
629 1284 824 1327 tantam
847 1270 1112 1341 advigilet.
1137 1269 1277 1323 Patri
1306 1268 1442 1323 haud
1465 1269 1622 1322 dubie
1642 1267 1772 1322 scri-

195 1370 300 1438 psit
325 1365 757 1438 Chrysostomus,
791 1374 846 1418 ut
877 1364 1020 1417 illum
1052 1379 1170 1417 eum
1204 1363 1310 1415 filio
1353 1361 1588 1431 pacatius
1616 1375 1772 1430 agere

193 1469 426 1516 curaret.
451 1460 580 1525 Qum
601 1471 686 1511 res
716 1472 780 1510 ex
811 1464 930 1509 voto
956 1454 1115 1509 cessit
1145 1455 1241 1520 illi,
1274 1461 1331 1508 ut
1375 1454 1538 1522 liquet
1568 1469 1629 1508 ex
1663 1453 1773 1521 epi-

193 1549 329 1603 stola
371 1547 492 1602 111.
538 1546 665 1600 Nam
711 1561 831 1600 cum
863 1544 1165 1598 Theodotus
1208 1543 1374 1598 lector
1393 1543 1772 1613 Chrysostomo

193 1639 575 1708 seripsissetse
596 1653 625 1690 a
654 1646 801 1706 patre
831 1636 1123 1689 honorifice
1152 1643 1429 1704 evceptum
1457 1633 1646 1701 fuisse;
1683 1635 1773 1690 ille

193 1727 471 1783 Theodoto
511 1726 838 1781 exconsulari
887 1724 1016 1792 patri
1063 1724 1355 1793 rescripsit,
1384 1725 1579 1792 gratias
1611 1739 1772 1793 agens

195 1818 336 1888 quod
364 1833 476 1872 rem
509 1817 579 1871 ita
603 1817 995 1885 composuerit,
1025 1815 1365 1885 hortaturque
1395 1816 1541 1870 illum
1572 1826 1629 1870 ut
1651 1831 1771 1872 cum

197 1911 308 1980 pari
338 1907 529 1963 affectu
555 1907 806 1977 deinceps
834 1907 1101 1976 procedat.

266 2000 518 2053 Armenia:
546 1999 680 2051 mala
707 2007 914 2066 quanta.
936 2027 1008 2038 —
1030 1996 1304 2052 Theodoto
1343 1998 1499 2052 etiam
1549 1998 1773 2052 diacono

198 2087 507 2143 fidelissimo
535 2101 632 2140 suo
660 2086 887 2155 scripsit,
918 2095 1190 2156 postquam
1233 2089 1276 2140 is
1301 2087 1550 2140 Arabisso
1570 2087 1774 2141 disces-

197 2187 358 2244 serat,
391 2193 448 2233 se
474 2177 710 2233 absentia
738 2177 902 2246 ipsius
945 2180 1174 2232 maxime
1204 2180 1435 2248 torqueri
1466 2179 1769 2244 declarans,

197 2278 274 2323 tot
299 2283 490 2338 nempe
511 2269 664 2322 malis
693 2268 1096 2336 circumseptum
1131 2265 1328 2339 (Epist.
1362 2269 1491 2338 67).
1525 2269 1774 2336 Queritur

197 2360 357 2412 etiam
381 2373 438 2412 se
455 2357 839 2427 infrequentius
864 2358 1046 2412 literas
1070 2359 1244 2412 abillo
1264 2359 1491 2414 directas
1508 2362 1769 2430 accipere;

194 2449 390 2506 fatetur
417 2459 593 2504 tamen
624 2450 914 2505 tabellariis
944 2450 1254 2504 interclusas
1279 2467 1399 2506 esse
1439 2452 1551 2506 vias
1580 2469 1593 2505 :
1625 2442 1792 2522 rogat.

197 2558 345 2612 ergo,
376 2541 420 2595 si
449 2542 746 2612 pauciores,
778 2542 1040 2612 longiores
1079 2542 1266 2595 saltem
1297 2543 1548 2611 epistolas
1575 2545 1770 2599 mittat.

200 2631 254 2686 ln
285 2633 524 2701 sequenti
557 2641 732 2686 autem
763 2631 831 2687 68
857 2647 915 2687 se
938 2632 1069 2686 duas
1094 2632 1209 2700 ejus
1233 2633 1482 2700 epistolas
1505 2635 1773 2703 accepisse

194 2723 266 2775 ait
290 2738 414 2777 cum
439 2723 636 2791 ingenti
677 2722 885 2786 laetitia,
916 2731 1044 2777 etut
1079 2722 1385 2792 frequenter
1418 2724 1467 2777 id
1495 2724 1650 2779 faciat
1677 2741 1771 2780 co-

195 2812 456 2866 hortatur.
483 2813 615 2866 llinc
636 2822 826 2882 quanta
854 2821 1034 2867 essent
1053 2812 1316 2866 Armenia:
1344 2814 1476 2867 mala
1501 2815 1770 2869 describit.

197 2901 268 2956 Ibi
307 2913 434 2957 tunc
462 2903 644 2958 videre
689 2913 801 2971 erat
841 2913 1089 2958 cruentos
1115 2911 1410 2970 torrentes,
1456 2904 1769 2959 cadaverum

193 2993 423 3062 agmina,
446 2992 632 3046 domos
663 2993 776 3046 solo
801 3001 1054 3062 mqualas,
1083 2993 1240 3047 urbes
1269 3009 1503 3048 eversas.
1528 2995 1637 3049 Sub
1661 2996 1773 3052 hac

194 3094 372 3140 autem
418 3084 721 3138 Theodotus
747 3099 954 3154 quoque
989 3093 1311 3154 conquestus
1336 3094 1444 3149 est,
1477 3085 1614 3153 quod
1645 3102 1774 3155 pau-

196 3175 372 3228 ciores
403 3189 514 3246 ipse
548 3173 912 3245 Chrysostomi
944 3175 1124 3227 literas
1166 3174 1446 3242 acciperet.
1481 3175 1772 3244 Respondit

197 3267 284 3321 ille
327 3267 381 3319 in
419 3267 574 3335 epist.
604 3267 734 3329 157,
775 3265 1101 3320 Theodotum
1144 3265 1359 3319 totidem
1407 3267 1622 3334 literas,
1669 3285 1770 3322 una

194 3359 368 3412 minus
403 3372 431 3410 a
458 3373 515 3411 se
543 3356 830 3426 accepisse,
854 3366 980 3425 quot
1010 3356 1122 3424 ipse
1158 3365 1450 3424 acceperat.
1482 3357 1557 3412 De
1577 3366 1771 3412 caetero

196 3451 438 3505 hortatur
467 3460 524 3503 ut
547 3465 702 3517 quam
734 3447 1024 3517 saepissime
1059 3447 1251 3517 poterit
1275 3447 1340 3500 ad
1381 3462 1439 3502 se
1460 3449 1681 3514 scribat;
1725 3448 1770 3503 si

194 3551 370 3595 autem
405 3541 485 3593 vel
515 3539 639 3593 anni
681 3548 967 3607 tempestas
1006 3539 1087 3592 vel
1119 3538 1414 3592 Isaurorum
1447 3539 1688 3596 incursus
1719 3540 1771 3594 id

197 3631 532 3699 prohibeant,
565 3645 684 3684 cum
705 3628 818 3698 ejus
848 3629 1054 3683 animus
1070 3628 1166 3684 sibi
1197 3629 1503 3698 exploratus
1528 3631 1615 3691 sit,
1648 3630 1772 3686 hine

194 3738 249 3774 sc
266 3721 497 3791 amplam
519 3719 753 3775 diuturni
770 3704 966 3774 silentii
987 3718 1404 3774 consolationem
1428 3731 1768 3790 accepturum

193 3827 330 3865 CSSC.

264 3900 526 3954 l'lurimas
553 3915 763 3969 quoque
787 3899 939 3966 alias,
970 3899 1202 3953 Arabissi
1234 3900 1488 3966 inclusus,
1522 3902 1772 3972 epistolas

192 3992 407 4061 scripsit
426 4032 440 4054 ,
469 3991 519 4045 in
552 3993 702 4060 queis
729 3990 792 4044 ad
823 3990 1060 4044 diversos
1093 3991 1275 4045 eadem
1303 3990 1471 4046 ferme
1499 4003 1767 4058 recenset,

193 4099 251 4137 se
296 4098 488 4151 nempe
517 4082 776 4137 inclusum
827 4081 898 4135 ibi
946 4095 1184 4146 manere,
1211 4097 1328 4134 cum
1375 4083 1773 4151 mgritudinibus

192 4174 508 4239 conﬂictari,
535 4173 744 4228 Isauros
763 4174 939 4227 omnia
969 4176 1166 4227 circum
1193 4174 1523 4244 depopulari,
1555 4175 1767 4243 oppida,

193 4266 340 4318 vicos
367 4273 654 4334 etcampos
676 4265 904 4318 humano
930 4265 1184 4334 sanguine
1213 4273 1491 4318 cruentare
1512 4305 1525 4329 ,
1557 4266 1667 4318 vias
1694 4264 1775 4318 in-

194 4356 455 4411 terclusas
479 4369 618 4420 esse,
649 4355 719 4408 ita
759 4362 815 4407 ut
855 4354 1036 4407 literas
1061 4352 1147 4406 vel
1187 4353 1396 4407 mittere
1425 4355 1506 4408 vel
1537 4354 1773 4422 recipere

194 4447 468 4503 rarissime
495 4446 683 4517 possit.
703 4443 803 4501 Ubi
829 4444 1132 4499 consideres
1153 4444 1331 4509 velim,
1359 4459 1515 4514 quam
1545 4443 1772 4497 nefando

193 4538 322 4593 odio
346 4545 404 4592 et
428 4536 596 4590 livore
636 4535 834 4590 inimici
859 4536 973 4604 ejus
997 4535 1138 4589 ducti
1165 4535 1354 4588 fuerint
1391 4551 1404 4586 :
1437 4547 1606 4603 neque
1630 4532 1770 4586 enim

193 4629 328 4682 satis
355 4626 590 4681 habuere
609 4627 756 4680 illum
786 4641 851 4681 ex
884 4626 1011 4680 sede
1039 4642 1129 4679 sua
1152 4626 1435 4695 depulisse,
1466 4625 1560 4680 sed
1586 4625 1640 4678 in
1660 4625 1772 4678 loca

196 4717 288 4770 illa
317 4716 548 4780 deserta,
579 4715 968 4769 incursionibus
991 4715 1331 4768 barbarorum
1353 4713 1612 4769 funestata
1634 4755 1650 4781 ,
1681 4716 1775 4770 ab-

195 4804 320 4858 duci
347 4817 618 4858 curavere.
642 4803 753 4857 lmo
780 4818 927 4867 vero,
960 4804 1080 4871 quia
1103 4803 1231 4856 tanti
1251 4803 1348 4856 viri
1379 4803 1512 4856 fama
1541 4812 1595 4856 et
1624 4817 1777 4857 sanc-

197 4892 420 4949 timonia
442 4895 744 4948 innumeros
768 4895 819 4946 in
848 4893 962 4948 loca
983 4893 1070 4947 illa
1093 4903 1197 4947 tam
1222 4893 1402 4964 procul
1428 4894 1592 4961 posita
1609 4903 1774 4948 attra-

198 4987 363 5041 hebat
381 5027 398 5053 ,
446 4986 500 5040 in
525 4994 809 5050 extremos,
835 4994 890 5039 ut
919 5001 1040 5039 mox
1069 4985 1382 5046 videbimus,
1411 4984 1620 5054 imperii
1644 4985 1776 5040 ﬁnes

201 5080 350 5132 illum
378 5087 564 5150 postea
589 5077 858 5132 amandari
888 5091 1160 5130 euravere.
1189 5076 1439 5130 Arabisso
1468 5085 1643 5130 autem
1673 5076 1776 5130 Cu-

199 5184 388 5224 eusum
427 5167 650 5222 rediisse
676 5174 888 5237 putatur
910 5181 1050 5220 anno
1076 5165 1200 5220 106.

273 5257 659 5330 Chrysostomus
687 5259 753 5312 ad
781 5258 1128 5312 Occidentales
1155 5255 1431 5326 Episcopos
1463 5257 1630 5311 literas
1659 5259 1774 5310 mit-

203 5349 284 5402 tit.
307 5377 379 5388 —
401 5348 532 5402 Cum
563 5361 724 5417 porro
762 5347 924 5401 sciret
968 5345 1378 5418 Chrysostomus
1414 5345 1780 5400 Occidentales

202 5439 484 5510 episcopos
505 5453 532 5491 a
567 5437 806 5506 partibus
835 5437 946 5491 suis
965 5445 1128 5501 stare,
1161 5445 1215 5492 et
1237 5451 1299 5491 ea
1326 5452 1444 5507 qua:
1479 5436 1780 5492 Constanti-

203 5532 380 5604 nopoli
403 5540 458 5587 et
483 5531 534 5585 in
561 5528 874 5598 expulsione
898 5542 993 5582 sua
1018 5536 1074 5582 et
1092 5538 1272 5598 postea
1299 5539 1441 5598 gesta
1463 5527 1671 5583 fuerant
1690 5543 1782 5583 ve-

206 5623 484 5677 hementer
508 5619 810 5690 improbare
828 5660 844 5685 ,
874 5618 1124 5689 epistolas
1150 5618 1286 5674 bene
1315 5618 1504 5673 multas
1543 5619 1607 5672 ad
1656 5633 1778 5674 eos-

204 5715 324 5770 dem
353 5716 636 5785 epiSCOpos
665 5710 824 5777 misit,
857 5718 908 5766 et
937 5709 1147 5779 quidem
1187 5724 1282 5780 per
1320 5708 1598 5765 Evethium
1657 5725 1778 5779 pre.

1316 337 1493 395 NUNC
1529 331 1791 392 PRIMUM
1821 332 2209 390 ADORNATA.

3348 342 3449 399 254

1880 450 2174 519 sbyterum,
2201 465 2359 520 quem
2403 452 2456 507 in
2501 455 2866 512 Occidentales
2910 468 3085 527 partes
3125 459 3288 516 misit.
3319 463 3449 529 Qua:

1877 540 1983 596 152
2009 541 2312 596 inscribitur
2331 583 2344 608 ,
2370 542 2435 596 ad
2462 545 2738 616 episcopos
2768 547 2927 602 missa
2954 549 3280 618 significatur
3302 593 3317 618 ,
3350 567 3450 608 nec

1877 629 1927 682 in
1954 628 2105 684 titulo
2142 630 2506 686 Occidentales
2553 645 2936 692 memorantur.
2967 637 3072 693 Sed
3116 655 3146 694 a
3190 641 3449 710 principio

1874 717 1940 772 ad
1963 717 2325 774 Occidentales
2353 721 2507 791 dirigi
2531 723 2792 780 indicatur
2821 726 2902 782 his
2927 730 3101 784 verbis
3133 747 3148 786 :
3180 729 3249 785 Et
3277 734 3449 798 priva-.-

1876 808 1964 859 tim
2001 809 2212 878 singulis
2236 819 2283 865 et
2308 813 2575 867 universim
2604 817 2832 871 omnibus
2855 822 3044 888 gratias
3085 823 3221 876 vobis
3253 826 3467 894 deferre.

1875 897 2130 963 debemus,
2159 917 2257 954 non
2288 919 2378 956 nos
2407 904 2673 973 duntaxat,
2699 909 2787 963 sed
2803 911 2953 964 etiam
2977 928 3146 968 omnes
3169 914 3475 973 Orientales:

1874 989 2109 1058 episcopi,
2137 989 2445 1045 diversarum
2469 996 2668 1049 urbium
2695 999 2883 1064 clerici,
2909 1016 2968 1054 ac
2995 1002 3113 1056 laici
3141 1007 3277 1059 vario
3299 1008 3451 1061 modo

1874 1080 2041 1146 pulsi,
2068 1081 2199 1149 quod
2227 1092 2436 1150 paterna
2474 1087 2662 1141 viscera
2691 1089 3002 1158 exhibentes,
3045 1095 3198 1148 uicem
3227 1107 3450 1150 nostram

1874 1166 2134 1234 doluistis,
2165 1173 2457 1242 fortiterque
2480 1178 2706 1231 stetistis.
2737 1180 3099 1251 llortaturque
3141 1185 3262 1239 illos
3303 1196 3359 1240 ut
3397 1188 3448 1241 in

1874 1261 2062 1328 emptis
2092 1263 2396 1330 persistant.
2423 1265 2479 1320 In
2506 1271 2848 1339 sequentibus
2887 1289 3097 1345 quoque
3127 1277 3366 1346 epistolis
3383 1279 3449 1334 ad

1875 1351 2090 1405 eosdem
2123 1354 2299 1408 missis
2324 1357 2425 1411 155
2450 1367 2503 1412 et
2532 1360 2654 1428 151,
2689 1371 2747 1416 ιιι
2773 1365 3014 1420 ear-idem
3044 1383 3255 1438 semper
3302 1371 3352 1424 in
3395 1387 3452 1426 ro

1875 1453 2118 1512 suscepta
2167 1445 2520 1503 fortitudinem
2547 1452 2834 1508 exhibeant
2875 1457 3135 1524 obsecrat,
3159 1468 3210 1514 et
3245 1473 3453 1530 pertur-

1875 1531 2139 1587 bationem
2168 1535 2332 1601 illam,
2364 1553 2482 1607 qua:
2507 1539 2802 1598 Orientales
2851 1545 3112 1602 Eeclesias
3157 1549 3446 1615 invaserat,

1875 1622 2063 1678 sedare
2090 1636 2367 1682 conentur.

1946 1712 2087 1766 Inter
2106 1716 2382 1785 episcopos
2403 1727 2577 1773 autem
2607 1721 2746 1787 illos,
2772 1725 2859 1792 qui
2881 1725 3243 1798 Cbrysostomi
3274 1742 3452 1799 partes

1874 1801 2100 1890 amplexi
2152 1802 2392 1872 fuerant,
2439 1809 2703 1865 eminebat
2755 1812 3126 1882 Chromatius,
3171 1820 3452 1890 episcopus

1875 1889 2255 1958 Aquileiensis,
2290 1896 2375 1962 qui
2409 1898 2530 1950 tuba
2557 1901 2770 1964 clarius,
2805 1902 3223 1972 iuquitJoannes
3245 1889 3447 1976 noster,

1878 1992 1978 2046 pro
2002 1994 2159 2035 causa
2181 1983 2345 2051 ipsius
2374 1994 2426 2038 et
2452 1997 2635 2042 contra
2663 1991 2996 2048 adversarios
3036 2010 3161 2052 suos
3189 1998 3450 2054 declama-

1875 2069 1983 2124 bat.
2017 2070 2184 2142 l-lujus
2211 2086 2498 2146 conspectu
2520 2089 2676 2148 atque
2705 2095 2995 2151 congressu
3018 2085 3116 2139 frui
3141 2089 3451 2157 perOptabat

1877 2160 2326 2243 Chrysostomus;
2355 2170 2448 2223 sed
2483 2171 2761 2240 quia‘illud
2790 2176 3045 2244 temporis
3085 2179 3320 2234 conditio
3348 2198 3451 2237 non

1877 2250 2100 2320 ferebat,
2125 2255 2403 2311 Evethium
2427 2260 2822 2330 presbyterum,
2849 2264 2938 2332 qui
2958 2265 3058 2319 sibi
3078 2281 3110 2319 a
3132 2267 3294 2324 latere
3312 2285 3451 2324 sem-

1877 2361 1972 2412 per
1996 2346 2189 2412 stabat,
2221 2347 2288 2401 ad
2329 2349 2477 2403 illum
2507 2353 2680 2418 misit,
2724 2369 2946 2420 precans
2973 2366 3029 2410 ut
3056 2357 3284 2428 benigne
3311 2361 3448 2415 exci-

1877 2444 2048 2504 peret,
2082 2451 2144 2491 ac
2175 2438 2416 2492 redeunti
2449 2441 2628 2495 literas
2648 2442 2799 2498 daret
2833 2445 2932 2500 sibi
2955 2446 3293 2516 afferendas;
3341 2460 3448 2506 tum

1874 2527 2032 2580 etiam
2056 2569 2070 2593 ,
2101 2528 2145 2581 si
2188 2529 2491 2585 tabellarios
2532 2533 2761 2587 nancisci
2807 2543 3014 2603 posset,
3063 2536 3130 2591 de
3160 2538 3329 2594 salute
3354 2555 3447 2593 sua

1875 2620 2155 2673 certiorem
2199 2635 2255 2674 se
2283 2621 2494 2676 faceret.
2528 2621 2624 2677 llic
2662 2639 2787 2679 vero
2822 2624 3157 2681 Chromatius
3181 2629 3247 2682 ad
3289 2628 3448 2682 Joan-

1877 2725 1999 2764 nem
2037 2719 2276 2765 nostrum
2317 2715 2564 2781 scripsit,
2595 2724 2651 2769 ut
2678 2727 2937 2772 memorat
2976 2718 3242 2774 Palladius
3286 2720 3337 2773 in
3362 2721 3450 2773 Vi.

1877 2811 1927 2854 ta
1988 2800 2369 2872 Chrysostomi.
2432 2803 2598 2873 Hujus
2653 2806 2812 2860 etiam
2872 2809 3073 2862 mentio
3125 2810 3350 2864 habetur
3395 2811 3445 2864 in

1873 2891 2029 2959 epist.
2081 2892 2369 2947 Innocentii
2413 2893 2476 2946 ad
2529 2895 2986 2966 Chrysostomum.
3040 2898 3192 2954 Hunc
3240 2915 3449 2970 quoque

1873 2982 2239 3038 Chromatium
2288 2985 2682 3054 Aquileienscm
2729 2987 3024 3046 honorifice
3071 3006 3450 3050 commemorat

1877 3070 2230 3142 Hieronymus
2255 3073 2563 3142 praefatione
2594 3077 2645 3129 in
2679 3076 2875 3133 librum
2917 3079 3357 3151 Paralipomenon
3397 3095 3448 3141 et

1877 3164 1926 3218 in
1955 3165 2175 3233 epistola
2203 3165 2290 3220 66.

1943 3258 2219 3326 EpiSCopis
2247 3258 2406 3311 etiam
2436 3257 2898 3324 Occidentalibus,
2937 3261 3026 3332 qui
3063 3264 3128 3318 ad
3164 3264 3445 3320 Arcadium

1875 3346 2007 3415 Imp.
2038 3347 2256 3402 Coneilii
2285 3349 2596 3403 (ecumenici
2624 3350 2923 3419 postulandi
2945 3366 3100 3407 causa
3128 3354 3445 3420 veniebant,

1875 3452 1968 3508 per
1997 3439 2274 3493 Evethium
2307 3440 2669 3511 presbyterum
2700 3443 2949 3512 epistolas
2983 3445 3125 3498 misit
3152 3444 3275 3510 156,
3307 3447 3406 3500 157
3428 3489 3443 3512 ,

1875 3527 1999 3592 158,
2026 3529 2146 3593 159,
2177 3529 2360 3584 iisdem
2390 3546 2526 3598 pene
2551 3531 2725 3586 verbis
2751 3543 3057 3602 conceptas,
3087 3535 3442 3591 fortitudinem

1874 3617 2129 3685 laudans,
2164 3634 2521 3690 precansque,
2556 3630 2611 3676 ut
2645 3625 2907 3678 constanti
2951 3625 3129 3679 animo
3169 3625 3219 3679 in
3251 3641 3309 3681 re
3337 3635 3443 3681 tam

1873 3709 2011 3764 bene
2032 3719 2201 3780 empta
2231 3722 2586 3780 perseverent.
2617 3713 2698 3768 Ad
2728 3715 2841 3770 haec
2867 3731 2993 3771 vero
3016 3718 3290 3785 epistolam
3315 3719 3446 3773 seri-

1873 3802 1981 3871 psit
2007 3803 2106 3856 160
2134 3801 2386 3874 Episc0po
2407 3847 2420 3871 ,
2448 3807 2533 3874 qui
2561 3807 2621 3859 ab
2653 3806 2921 3861 Occidente
2947 3817 3145 3862 venerat
3162 3849 3178 3874 ,
3220 3809 3290 3864 ita
3320 3824 3445 3865 con-

1875 3892 2162 3958 cinnatam,
2193 3903 2249 3948 ut
2279 3884 2460 3964 posset
2485 3897 2706 3966 singulis
2734 3897 3158 3954 Occidentalibus
3187 3902 3447 3972 episcopis

1875 3984 2072 4040 oﬂ'erri.
2103 3986 2432 4057 Presbyteris
2453 3990 2608 4043 etiam
2630 3989 2904 4058 Romanis,
2933 3993 3023 4062 qui
3047 4007 3164 4047 cum
3187 3993 3449 4064 episcopis

1876 4074 1928 4128 in
1955 4074 2225 4129 Orientem
2248 4086 2523 4142 venerant,
2554 4079 2733 4133 literas
2755 4082 2898 4134 misit
2924 4096 3009 4150 ep.
3044 4082 3164 4144 161,
3190 4098 3283 4151 per
3302 4099 3439 4138 eum-

1876 4163 1995 4219 dem
2027 4166 2303 4219 Evethium
2336 4167 2649 4222 afferendas.
2682 4169 2778 4235 Qui
2813 4170 3061 4223 Evethius
3096 4172 3253 4225 etiam
3284 4187 3446 4240 pecu~

1875 4255 2056 4309 liarem
2086 4256 2361 4323 epistolam
2395 4257 2493 4312 169.
2518 4258 2582 4311 ad
2615 4258 2889 4328 Anysium,
2919 4257 3446 4316 Thessalonicensem

1876 4346 2202 4415 episcopum,
2230 4347 2427 4410 attulit,
2462 4347 2809 4416 similiterque
2837 4348 3054 4402 alteram
3085 4349 3185 4403 163
3210 4349 3276 4403 ad
3299 4349 3446 4422 Any-

1878 4438 2011 4492 sium
2039 4446 2368 4507 cmtcrosque
2411 4453 2596 4493 omnes
2622 4437 2940 4494 Macedonia:
2979 4439 3286 4510 episcopos,
3313 4454 3448 4509 quo-

1876 4543 1992 4582 rmn
2019 4526 2264 4582 undecim
2297 4529 2668 4594 nominantur;
2704 4537 2757 4584 et
2784 4544 2900 4583 eam
2929 4530 3164 4599 insuper,
3192 4545 3309 4599 quze
3349 4530 3451 4585 161

1877 4620 2216 4686 inscribitur,
2243 4620 2310 4675 ad
2342 4621 2699 4676 Alexandrum
2745 4621 2988 4677 Corinthi
3020 4623 3356 4692 episcopum,
3384 4623 3451 4678 de

1878 4725 1982 4781 quo
2008 4711 2174 4765 amice
2195 4711 2450 4780 queritur,
2482 4711 2620 4780 quod
2652 4713 2749 4766 sibi
2782 4713 2964 4767 literas
2985 4713 3158 4768 nullas
3187 4715 3378 4767 mittat.

1949 4802 2226 4873 Episcopis
2253 4803 2412 4856 etiam
2461 4803 2564 4858 illis
2603 4803 2992 4870 Orientalibus,
3039 4807 3125 4876 qui
3172 4806 3254 4859 sui
3296 4818 3451 4858 causa

1880 4893 2102 4948 Romam
2134 4907 2191 4946 se
2216 4893 2581 4957 contulerant,
2622 4900 2677 4948 et
2712 4909 2830 4948 cum
2864 4893 3290 4949 Occidentalibus
3336 4895 3452 4962 epi-

1881 4983 2056 5051 scopis
2079 4982 2147 5038 ad
2170 4982 2545 5052 Imperatorem
2567 4983 2849 5038 Arcadium
2869 4985 3182 5055 migrabant,
3205 4984 3455 5054 epistolas

1882 5075 2025 5129 misit
2046 5075 2168 5140 165,
2200 5075 2302 5129 166
2327 5085 2381 5129 et
2408 5075 2510 5130 167
2543 5091 2557 5128 :
2589 5090 2720 5144 quas
2747 5076 2918 5132 eidem
2966 5077 3190 5132 Evethio
3233 5075 3454 5146 presby-

1883 5171 1998 5217 tero
2027 5163 2156 5234 ipsis
2187 5162 2474 5218 tradendas
2501 5165 2850 5236 consignavit.
2885 5165 3182 5220 Gaudentio
3208 5180 3416 5235 quoque
3438 5197 3451 5219 ν

1884 5251 2133 5307 Brixiano
2159 5252 2439 5324 episeopo,
2484 5243 2640 5323 quem
2667 5254 2776 5322 jam
2803 5255 2927 5309 olim
2973 5262 3189 5310 noverat
3211 5293 3227 5318 ,
3257 5252 3456 5321 episto-

1887 5344 1987 5396 lam
2017 5341 2115 5398 184
2145 5343 2377 5412 scripsit,
2402 5343 2685 5414 laudatque
2722 5345 2867 5399 illum
2898 5359 2927 5398 a
2949 5343 3243 5399 constantia
3265 5351 3317 5396 et
3349 5340 3458 5395 for-

1888 5431 2114 5488 titudine
2137 5442 2294 5504 atque
2332 5449 2359 5487 a
2396 5437 2821 5504 perseverantia,
2851 5443 2902 5489 et
2932 5433 3110 5501 paucis
3138 5431 3334 5487 indicat
3350 5431 3458 5501 jam

1888 5523 1956 5579 de
1982 5539 2157 5579 rerum
2186 5540 2388 5579 summa
2416 5526 2520 5596 agi.

1962 5619 2139 5692 Legati
2196 5619 2372 5687 itaque
2419 5617 2663 5689 (Pallad.
2711 5613 2966 5685 Dialog.),
3000 5613 3242 5670 Aimilius
3297 5615 3461 5670 Bene-

1894 5714 2035 5769 venti
2063 5710 2366 5782 episcopus,
2390 5707 2694 5780 Cythegius,
2721 5705 3067 5765 Gaudentius.
3098 5705 3378 5772 Marianos,
3413 5717 3461 5759 et
