3954 6418
500 374 600 432 255

498 492 633 545 alius
659 489 809 559 cujus
858 501 1047 541 nomen
1098 497 1405 555 expressum
1450 496 1555 535 non
1609 479 1736 547 fuit;
1782 480 2075 551 presbyteri

500 595 627 634 vero
651 577 1040 633 Valentinianus
1057 584 1111 631 et
1126 573 1447 638 Bonifacius,
1474 580 1528 628 et
1550 572 1804 627 diaconus
1826 588 1978 636 unus,
2000 585 2079 626 ae-

500 673 667 743 ccptis
684 672 853 727 literis
870 671 1090 726 llonorii
1122 668 1481 738 Imperatoris,
1511 668 1800 723 Innocentii
1831 677 1885 721 et
1923 666 2080 719 Italo-

500 779 617 819 rum
656 761 1049 832 episcoporum,
1099 758 1393 815 Chromatii
1440 756 1814 827 Aquileiensis,
1868 756 2078 811 Venerii

500 852 911 908 Blediolauensis
940 858 995 905 et
1016 850 1263 913 aliorum,
1286 847 1525 902 instructi
1546 846 1705 901 etiam
1728 846 2080 900 commonito-

499 948 581 1000 rio
601 943 802 1016 Synodi
825 942 1199 1006 Oecidentalis,
1226 940 1395 995 Roma
1423 938 1643 1009 profecti
1670 946 1795 992 sunt
1834 952 1935 991 una
1958 952 2077 990 cum

496 1038 742 1107 Cyriaco,
771 1034 1059 1101 Demetrio,
1091 1033 1330 1089 Palladio
1356 1039 1409 1087 et
1426 1030 1648 1101 Eulysio
1668 1027 1935 1097 episcopis
1962 1025 2078 1081 Ori-

498 1127 779 1193 entalibus,
806 1126 894 1195 qui
923 1121 1489 1192 Constantinopolitani
1538 1118 1741 1173 dissidii
1770 1131 1928 1171 causa
1972 1116 2079 1169 Ro-

501 1234 641 1273 mam
673 1225 952 1273 venerant.
986 1215 1053 1271 Ut
1077 1224 1254 1269 autem
1285 1228 1349 1267 ex
1380 1210 1601 1269 Palladii
1622 1210 1782 1266 dictis
1824 1206 2076 1276 liquidmn

498 1320 587 1364 est
618 1307 852 1380 (Pallad.
887 1301 1139 1375 Dialog.),
1172 1301 1409 1357 nondum
1449 1300 1687 1355 sciebant
1735 1298 1807 1351 illi
1847 1296 2075 1350 Atticum

500 1413 620 1471 post
648 1400 847 1455 Arsaeii
872 1410 1097 1454 mortem
1120 1397 1303 1453 sedem
1322 1394 1962 1463 Constantitmpolitanatn
2000 1393 2081 1445 in-

499 1493 725 1548 vasisse.
756 1492 813 1546 In
842 1489 1249 1546 eommouitorio
1276 1499 1452 1543 autem
1480 1484 1832 1541 Occidentalis
1880 1484 2077 1554 Synodi

500 1581 793 1644 dicebatur,
816 1580 1074 1635 Joannem
1107 1577 1428 1647 injudicium
1449 1574 1703 1630 accedere
1729 1590 1831 1626 non
1861 1573 2074 1635 debere,

502 1673 604 1729 nisi
635 1673 780 1742 prius
797 1671 894 1740 ipsi
926 1669 1174 1725 restituta
1202 1666 1387 1721 fuisset
1419 1675 1474 1721 et
1498 1664 1735 1719 Ecclesia
1760 1672 1814 1717 et
1856 1679 2080 1716 commu-

497 1764 617 1817 m‘o:
638 1761 757 1831 jure
776 1773 1006 1829 namque
1034 1755 1460 1827 conquerebatur
1485 1753 1595 1821 ille,
1640 1751 1781 1823 quod
1808 1761 1862 1807 et
1885 1752 2079 1806 absens

496 1863 551 1910 et
577 1851 773 1907 indicta
797 1865 954 1905 causa
982 1849 1263 1904 damnatus
1283 1846 1492 1902 fuisset.

569 1941 810 2011 Episcopi
834 1940 896 1994 ab
927 1938 1154 1993 Honorio
1185 1935 1323 2006 Imp.
1362 1936 1431 1989 ad
1455 1934 1726 1988 Arcadium
1754 1934 1913 1998 missi,
1948 1932 2078 1987 male

499 2032 830 2100 excipiuntur.
851 2058 921 2068 —
942 2027 1245 2083 Conscensa
1275 2026 1433 2096 igitur
1455 2025 1575 2078 navi
1606 2039 1788 2078 versus
1816 2022 2077 2078 Grasciam

504 2122 620 2177 vela
640 2119 923 2185 dederunt,
954 2132 1182 2187 cumque
1219 2116 1327 2187 jam
1353 2130 1519 2185 prope
1548 2114 1876 2168 Athenarum
1901 2113 2076 2167 littora

500 2212 887 2283 pervenissent,
931 2225 962 2264 a
991 2208 1201 2264 tribuno
1245 2192 1471 2277 quodam
1511 2204 1710 2259 detenti
1765 2203 1931 2269 fuere,
1990 2203 2077 2273 qui

496 2302 863 2361 centurionem
880 2301 981 2357 illis
995 2301 1256 2371 adjunxit,
1270 2300 1476 2368 jussum
1493 2297 1744 2353 cohibere
1760 2311 1828 2351 ne
1847 2296 2080 2351 Thessa-

498 2397 749 2462 lonicam,
771 2408 877 2465 quo
900 2408 960 2450 se
978 2392 1224 2449 conferre
1251 2399 1409 2461 atque
1426 2389 1626 2461 Anysio
1650 2389 1828 2444 literas
1852 2387 1980 2442 dare
1995 2402 2081 2441 vo-

502 2486 700 2552 lebant,
719 2483 1043 2553 appellerent
1072 2479 1302 2535 (Pallad.
1326 2477 1521 2551 supra).
1539 2478 1827 2547 Conjectos
1845 2478 2001 2548 igitur
2025 2476 2076 2530 in

500 2576 703 2645 navigia
720 2568 829 2624 duo
842 2571 1362 2642 dimisitJngruente
1373 2576 1552 2623 autem
1576 2575 1736 2622 vento
1753 2565 2073 2630 vehementi,

496 2664 719 2737 .Egeum
748 2678 897 2719 mare
922 2673 978 2719 ct
1007 2661 1138 2717 freta
1171 2661 1287 2716 sine
1313 2659 1432 2714 cibo
1459 2660 1800 2728 trajecerunt,
1828 2665 1882 2710 et
1910 2661 2077 2711 tertia:

494 2757 601 2812 diei
626 2755 757 2810 hora
783 2755 1095 2809 duodecima
1144 2750 1369 2820 (Pallad.
1401 2749 1651 2819 Dittlog.).
1696 2747 2075 2803 Constantino-

496 2846 641 2918 polin
656 2847 905 2915 appulere
933 2857 1097 2914 prope
1126 2840 1484 2897 suburbanum
1505 2840 1748 2893 Victoris.
1776 2838 1871 2894 Ubi
1889 2838 2079 2893 retenti

494 2938 565 2992 ab
604 2936 938 2993 exactoribus
961 2943 1226 3004 portuum,
1253 2932 1403 3001 jussu
1433 2930 1704 3000 cujusdam
1727 2930 1825 2985 sibi
1871 2929 2032 2999 ignoti
2054 2968 2077 3001 ,

492 3040 641 3087 retro
659 3030 1017 3085 discesserunt
1040 3069 1053 3093 ,
1084 3035 1138 3082 et
1176 3026 1361 3081 inclusi
1400 3024 1545 3080 fuere
1596 3025 1648 3079 in
1687 3040 1810 3079 arce
1849 3024 2077 3095 quadam

489 3121 734 3178 Thracia:
756 3122 1040 3189 maritima,
1062 3120 1144 3176 cui
1164 3134 1356 3175 nomen
1373 3119 1572 3190 Athyra
1590 3135 1604 3185 ;
1621 3118 1842 3173 Romani
1862 3119 2075 3189 quidem

493 3217 548 3269 in
575 3228 674 3268 una
716 3211 1031 3268 domuncula
1059 3251 1075 3279 ,
1098 3211 1135 3266 ii
1151 3220 1326 3265 autem
1342 3209 1430 3280 qui
1455 3224 1575 3264 cum
1599 3208 1821 3281 Cyriaco
1847 3220 1998 3266 erant
2023 3210 2075 3265 in

494 3304 725 3361 diversis
752 3303 1035 3375 separatim
1058 3344 1074 3370 ,
1095 3302 1307 3373 illicque
1347 3303 1518 3358 vexati
1541 3310 1667 3356 sunt
1687 3342 1703 3366 ,
1731 3300 1800 3355 ita
1819 3310 1875 3355 ut
1903 3315 1969 3356 ne
1994 3299 2073 3354 fa-

494 3397 671 3453 mulus
694 3396 905 3466 quidem
937 3403 1129 3465 praesto
1163 3403 1324 3460 esset,
1344 3395 1434 3464 qui
1464 3395 1569 3449 illis
1589 3392 1931 3448 ministraret.

568 3489 655 3543 Ait
703 3502 865 3557 porro
907 3487 1236 3542 Sozomenus
1275 3484 1507 3556 (Sozam.
1539 3486 1576 3539 ι.
1606 3484 1660 3539 8.
1695 3500 1741 3537 c.
1767 3485 1881 3555 ΩΒ),
1911 3484 2073 3540 Joan-

501 3580 586 3634 nis
612 3577 948 3633 adversarios
971 3577 1282 3647 Imperatori
1315 3575 1566 3643 Arcadio,
1593 3576 1811 3631 credulo
1843 3577 1999 3630 nimis
2021 3586 2077 3632 et

496 3667 783 3735 imbecillo,
821 3667 1075 3734 suasisse,
1098 3666 1150 3721 id
1176 3667 1228 3721 in
1249 3666 1628 3722 contumeliam
1666 3666 1952 3721 Orientalis
1969 3666 2073 3720 lm-

497 3757 628 3827 perii
657 3757 851 3812 factum
877 3770 1032 3821 esse;
1066 3764 1224 3825 atque
1277 3754 1401 3809 hinc
1448 3755 1690 3809 evenisse
1738 3764 1794 3809 ut
1833 3754 1908 3809 illi
1951 3770 2071 3811 eum

499 3849 780 3919 ignominia
799 3848 1213 3915 dimitterentur,
1243 3848 1475 3903 Joannes
1526 3855 1701 3900 autem
1751 3846 1977 3917 longius,
2020 3847 2072 3902 in

501 3938 749 4020 oppidum
773 3939 977 3993 scilicet
999 3937 1324 4008 Pytiuutem,
1355 3935 1752 3990 transferretur.

584 4031 626 4084 Δ
654 4029 840 4100 legatis
866 4044 993 4083 vero
1030 4029 1286 4083 Romanis
1310 4029 1558 4098 petebant
1599 4027 1653 4090 ii,
1690 4026 1779 4096 qui
1811 4037 1915 4080 tam
1960 4027 2074 4083 dire

497 4122 618 4178 illos
641 4122 925 4187 vexabant,
969 4121 1151 4177 literas
1195 4121 1535 4191 Imperatoris
1581 4130 1635 4174 et
1681 4120 2070 4190 episcoporum.

496 4212 904 4282 Responderunt
928 4211 1025 4280 illi,
1072 4226 1132 4267 se
1176 4211 1385 4265 nonnisi
1417 4210 1726 4280 Imperatori
1755 4209 1853 4280 ipsi
1879 4218 1934 4265 et
1956 4209 2070 4279 epi-

499 4304 677 4372 scopis
713 4318 870 4374 posse
894 4303 1074 4362 literas
1096 4303 1212 4359 illas
1239 4302 1391 4360 dare.
1418 4302 1554 4357 Cum
1576 4316 1703 4357 vero
1734 4300 2075 4371 persisterent

499 4394 579 4451 illi
604 4403 881 4465 negantes,
915 4396 1058 4450 venit
1078 4395 1250 4464 primo
1279 4393 1536 4448 Patricius
1559 4393 1816 4460 notarius,
1847 4401 1957 4447 tum
1984 4391 2072 4446 alii

497 4484 724 4554 idipsum
751 4493 1015 4555 petentes,
1032 4485 1354 4553 demumque
1376 4483 1691 4537 Valerianus
1706 4483 1984 4552 Cappadox
2007 4499 2072 4537 ex

498 4576 722 4639 militum
753 4590 997 4643 numero,
1026 4576 1156 4633 laeso
1176 4574 1394 4635 Mariani
1422 4573 1657 4642 episcopi
1705 4575 1915 4644 pollice,
1965 4574 2068 4629 lm-

499 4665 757 4737 peratoris
781 4674 837 4720 et
864 4664 1088 4718 aliorum
1111 4664 1296 4722 literas
1320 4663 1418 4732 ipsi
1440 4661 1677 4717 abstulit.

574 4753 831 4812 Postridie
850 4764 1028 4815 autem
1056 4754 1143 4809 vel
1168 4752 1323 4807 aulici
1348 4750 1709 4821 Imperatoris,
1741 4753 1821 4806 vel
1853 4754 1966 4822 ipse
1987 4754 2073 4808 At-

497 4847 652 4913 ticus,
679 4844 939 4906 miserunt
967 4844 1046 4899 eis
1065 4842 1155 4915 qui
1185 4842 1285 4897 tria
1312 4843 1477 4897 millia
1503 4843 1880 4897 numismatum
1910 4842 2070 4897 oll‘er-

495 4947 635 5002 rent,
656 4936 701 4991 si
717 4950 840 4991 eum
868 4934 1044 4997 Attico
1067 4934 1465 4997 communicare
1496 4932 1713 4998 vellent,
1738 4943 1793 4988 et
1820 4932 1887 4987 de
1910 4933 2072 4987 Joan-

495 5029 579 5083 nis
600 5026 800 5097 judicio
817 5033 1075 5081 tacerent.
1104 5024 1196 5079 liis
1222 5024 1457 5093 rejectis,
1488 5024 1561 5078 illi
1606 5024 1671 5079 ad
1723 5038 1907 5092 preces
1942 5038 2071 5078 eon-

496 5120 637 5172 versi
663 5126 807 5183 sunt,
832 5123 889 5169 ιιι
912 5129 1032 5169 cum
1058 5114 1191 5168 nihil
1220 5122 1434 5184 possent
1452 5113 1667 5182 pacifice
1698 5128 1968 5184 peragere,
2003 5114 2072 5169 ob

498 5205 1400 5271 tantamscilicetinlmmanitatem,
1424 5204 1694 5259 Ecclesias
1731 5219 1855 5259 suas
1912 5220 2070 5279 repe-

502 5309 609 5356 tere
636 5301 753 5356 sine
782 5298 1022 5371 periculo
1044 5306 1277 5367 possent.
1306 5296 1469 5366 quue
1499 5295 1646 5364 ipsis,
1677 5297 1847 5365 inquit
1900 5296 2071 5351 Palla-

495 5392 635 5456 dius,
681 5393 841 5446 variis
879 5390 1294 5446 rcvelationibus
1335 5388 1658 5442 declaratum
1708 5387 1842 5453 fuit;
1899 5390 1970 5443 ita
2017 5398 2071 5443 ut

446 5465 460 5505 η’
496 5480 654 5534 etiam
698 5480 920 5537 diacono
948 5481 1010 5537 S.
1042 5479 1284 5536 Emmelii
1321 5478 1649 5543 Paulo,_viro
1696 5478 1977 5532 mitissimo
2018 5492 2068 5535 et

497 5567 764 5635 prudenti,
782 5570 974 5625 Paulus
993 5570 1260 5641 apostolus
1278 5567 1600 5637 apparuerit.
1625 5566 2071 5640 Valerianuset-go

498 5656 744 5710 tribunus
768 5657 884 5711 illos
907 5661 957 5713 in
992 5660 1253 5729 putridatn
1285 5674 1471 5725 navem
1517 5657 1758 5720 immisit,
1803 5660 2068 5726 mercede,

495 5758 550 5806 ut
572 5754 759 5800 rumor
787 5758 913 5812 erat,
946 5752 1193 5806 nauclero
1225 5749 1364 5817 data,
1390 5760 1445 5801 ut
1465 5747 1773 5818 navigantes
1798 5748 1914 5802 illos
1943 5764 2065 5820 per-

1587 368 1643 423 S.
1682 367 1958 424 JOANNIS
1995 367 2461 428 CIIRYSOSTOMI
2504 373 2680 441 VITA,

3656 381 3755 441 256

2192 482 2361 549 deret,
2390 484 2653 554 adjunctis
2680 487 2839 541 etiam
2872 488 3054 558 viginti
3080 491 3334 545 militibus
3363 506 3378 546 :
3408 492 3490 546 sie
3509 491 3631 548 illos
3648 504 3753 550 sta-

2189 573 2280 627 tim
2307 574 2522 646 Athyris
2543 576 2765 645 expulit.
2803 576 2935 632 Cum
2982 588 3127 633 tanto
3154 580 3311 650 igitur
3342 580 3581 650 periculo
3606 585 3755 638 navi-

2188 674 2375 736 gantes
2401 666 2749 737 Lampsacum
2762 653 3111 739 'appulerunt,
3154 680 3212 726 et
3239 681 3440 727 mutata
3467 673 3592 726 ttavi
3619 674 3754 728 vice—

2187 756 2327 810 simo
2354 756 2443 811 die
2471 756 2801 828 llydruntem
2825 760 3146 829 applicuere.
3173 758 3281 816 Nec
3312 760 3585 832 quidpiam
3622 764 3754 817 edis-

2188 860 2309 900 cere
2330 854 2547 915 potuere
2578 849 2660 903 vel
2687 848 2754 904 de
2780 849 2937 905 beato
2963 850 3170 907 Joanne
3193 851 3275 906 vel
3301 852 3370 907 de
3396 861 3624 922 quatuor
3645 854 3758 908 Ori-

2187 940 2448 994 entalibus
2484 940 2747 1010 episcopis
2762 941 2851 1011 qui
2880 957 3060 998 secum
3084 943 3251 997 Roma
3270 953 3547 998 venerant.

2258 1029 2386 1084 Cant
2413 1032 2659 1101 episcopis
2689 1030 3026 1088 Orientalibus
3057 1033 3219 1089 Roma
3242 1033 3565 1090 redeuntibus
3589 1052 3756 1107 asper-

2187 1122 2311 1175 rime
2345 1132 2510 1176 actum
2539 1132 2630 1178 est.
2656 1153 2726 1164 —
2751 1123 2902 1191 Quod
2953 1134 3159 1195 spectat
3202 1127 3268 1181 ad
3313 1125 3593 1197 episoOpos
3642 1127 3759 1183 illos

2187 1209 2501 1277 Orientales,
2536 1227 2718 1267 rumor
2744 1213 2922 1267 statim
2950 1213 3048 1268 fuit
3075 1215 3195 1270 illos
3227 1216 3278 1269 in
3316 1232 3463 1271 mare
3484 1217 3757 1272 demersos

2187 1300 2345 1355 fuisse
2376 1301 2622 1372 (Pallad.
2653 1302 2922 1374 Dialog.);
2951 1313 3001 1358 at
3032 1304 3149 1360 illos
3179 1305 3232 1359 in
3278 1314 3513 1360 extrema
3546 1306 3756 1375 Imperii

2191 1402 2242 1445 et
2292 1392 2429 1462 apud
2477 1392 2727 1448 barbaros
2753 1395 3021 1464 ablegatos
3047 1394 3209 1450 fuisse
3236 1396 3628 1465 deprehensum
3657 1409 3755 1453 est.
3793 1390 3801 1441 ἐ

2186 1481 2315 1535 Nam
2360 1493 2416 1536 ut
2445 1482 2658 1553 quidam
2698 1484 2951 1539 diaconus
3003 1485 3291 1552 retulerat,
3318 1486 3575 1560 Cyriacus
3598 1488 3753 1543 Eme-

2196 1587 2355 1626 senus
2395 1572 2692 1644 Palmyram
2721 1573 2908 1629 ductus
2937 1574 2989 1629 in
3031 1574 3310 1630 Persarum
3353 1578 3575 1633 castello
3623 1588 3758 1645 erat,

2184 1661 2449 1731 octoginta
2489 1662 2801 1718 milliaribus
2844 1664 2979 1717 ultra
3009 1664 3285 1731 Emesam;
3340 1666 3590 1737 Eulysius
3612 1684 3758 1733 vero,

2186 1751 2493 1807 Bostrorum
2539 1754 2838 1823 episcopus,
2887 1754 2939 1808 in
2984 1756 3202 1811 castello
3228 1758 3484 1825 Arabum,
3528 1760 3761 1829 blisphas

2184 1839 2346 1908 dicto,
2370 1841 2527 1895 trium
2548 1842 2750 1896 dierum
2775 1843 2963 1898 itinere
2982 1843 3184 1901 Bostris
3207 1845 3465 1915 distante;
3492 1847 3762 1903 Palladius

2183 1930 2394 2003 Syenen
2432 1934 2484 1987 in
2540 1934 2729 1989 vicinia
2758 1935 3088 2007 Blemmyum
3125 1936 3525 2009 euEthiopum,
3573 1940 3758 1995 Deme-

2186 2028 2320 2081 trius
2350 2028 2401 2080 in
2428 2027 2553 2082 Oasi
2593 2027 2875 2084 Mazicibtts
2893 2030 3153 2098 proxima.

2258 2121 2298 2174 Α
2324 2121 2577 2175 militibus
2604 2131 2778 2176 autem
2799 2162 2815 2189 ,
2846 2122 3045 2192 quieos
3073 2124 3126 2178 in
3159 2124 3421 2194 assignate
3445 2123 3565 2179 loca
3593 2125 3759 2181 dedu-

2189 2226 2338 2278 xere,
2368 2219 2472 2265 tam
2495 2226 2685 2283 aspere
2709 2211 2875 2267 habiti
2896 2222 3040 2280 sunt,
3062 2224 3120 2268 ut
3138 2214 3275 2269 mori
3296 2217 3759 2285 prteoptavissent.

2185 2303 2444 2359 Pecunias
2463 2306 2627 2371 enim,
2668 2321 2800 2376 quas
2835 2316 3190 2377 sumpserant,
3236 2308 3480 2376 abreptas
3510 2308 3655 2363 inter
3702 2324 3762 2365 se

2184 2394 2359 2462 partiti
2377 2402 2515 2457 sunt,
2537 2402 2591 2448 et
2610 2393 2663 2449 in
2682 2395 2800 2449 vilia
2815 2395 3050 2465 jumenta
3069 2396 3210 2466 ipsos
3227 2398 3591 2466 conjicientes,
3614 2399 3761 2454 bidui

2185 2482 2288 2537 iter
2309 2497 2417 2538 uno
2442 2482 2528 2538 die
2556 2484 2909 2540 conﬁciebant
2937 2485 3105 2540 multa
3147 2494 3304 2541 nocte
3337 2487 3457 2543 illos
3485 2488 3539 2542 in
3576 2487 3759 2544 diver-

2184 2575 2324 2629 soria
2356 2575 2719 2640 immittcntes,
2759 2584 2815 2631 et
2855 2590 3062 2631 summo
3088 2592 3244 2632 mane
3268 2587 3393 2633 ante
3421 2578 3596 2633 lucem
3629 2595 3760 2650 pro-

2186 2665 2345 2720 Iicisci
2374 2674 2644 2736 cogentes,
2675 2666 2744 2721 ita
2773 2675 2830 2721 ut
2867 2682 2934 2722 ne
2958 2668 3181 2723 miseras
3205 2668 3415 2738 quidem
3442 2684 3600 2724 escas
3646 2680 3760 2725 sto-

2186 2755 2406 2810 machus
2427 2755 2659 2811 retinere
2685 2765 2883 2826 posset.
2916 2756 3180 2828 Turpibus
3197 2760 3353 2813 etiam
3382 2769 3435 2814 et
3463 2760 3762 2817 inhonestis

2185 2845 2360 2900 verbis
2385 2846 2506 2899 illos
2544 2846 2801 2916 impetere
2839 2863 2945 2903 non
2977 2849 3276 2904 timebant:
3320 2851 3559 2906 Palladio
3597 2853 3760 2910 etiam

2185 2936 2438 2991 famulum
2459 2937 2824 3003 abstulerunt,
2870 2939 2976 2992 vim
3002 2940 3102 3009 ipsi
3132 2938 3422 2999 inferentes
3454 2949 3511 2997 ut
3535 2943 3760 3000 tabellas

2183 3025 2492 3096 deponeret.
2524 3026 2846 3082 Demetrium
2878 3038 3054 3083 autem
3085 3044 3220 3084 unus
3246 3046 3311 3085 ex
3341 3030 3658 3086 ductoribus
3690 3034 3758 3087 ita

2185 3119 2417 3186 vexavit,
2445 3128 2640 3175 utcum
2666 3119 2903 3177 Zibinam
2934 3121 3098 3177 multa
3128 3132 3281 3177 nocte
3298 3124 3625 3192 pervenerit,
3653 3133 3761 3180 sta-

2185 3212 2276 3267 tim
2305 3212 2396 3268 ille
2423 3212 2750 3282 gravissimis
2779 3221 2891 3268 toto
2917 3228 3142 3283 corpore
3175 3216 3443 3270 doloribus
3467 3217 3757 3281 cruciatus,

2181 3302 2392 3358 vivendi
2423 3302 2583 3357 finem
2608 3302 2793 3358 fecerit
2819 3320 2833 3356 :
2861 3303 2933 3357 ita
2962 3313 3019 3358 ut
3046 3304 3134 3375 qui
3164 3304 3275 3357 hate
3306 3304 3546 3359 viderunt
3569 3321 3761 3362 omnes

2184 3393 2276 3447 Dei
2305 3392 2590 3447 vindictam
2619 3404 2987 3462 agnoscerent.
3019 3392 3286 3451 Palladius
3315 3411 3440 3448 vero
3474 3394 3587 3466 jam
3614 3412 3758 3466 pra:-

2182 3482 2393 3539 dixerat
2418 3498 2433 3538 :
2465 3483 2522 3539 In
2548 3483 2650 3539 hoc
2675 3483 2867 3539 itinere
2887 3484 3260 3539 miserabiliter
3287 3485 3505 3553 peribis.

2253 3573 2310 3628 In
2341 3581 2486 3629 tanto
2525 3574 2714 3629 itinere
2751 3582 2965 3629 sanctos
3002 3573 3145 3629 viros
3180 3573 3433 3628 Ecclesiis
3469 3576 3760 3645 appropin.

2181 3677 2347 3733 quare
2374 3677 2479 3717 non
2509 3662 2776 3729 sinebant,
2796 3662 2891 3717 sed
2915 3662 3206 3721 diversoria
3236 3664 3506 3733 petebant,
3530 3665 3620 3719 ubi
3645 3681 3759 3722 me-

2183 3755 2439 3810 retricum
2461 3762 2614 3809 erant
2637 3755 2846 3824 agmina
2873 3754 2960 3809 vel
2983 3769 3262 3825 synagoga
3297 3754 3757 3813 Samaritanorum

2188 3852 2279 3899 aut
2308 3843 2632 3910 Judzeornm,
2663 3844 2929 3915 praecipue
2955 3855 3132 3899 autem
3161 3844 3332 3909 Tarsi,
3362 3845 3453 3903 ubi
3485 3846 3537 3900 in
3586 3863 3759 3917 angu-

2182 3941 2313 3995 stias
2333 3938 2529 3993 redacti
2554 3946 2696 3993 sunt.
2711 3937 2858 3993 Unus
2877 3952 3003 3993 vero
3025 3953 3091 3993 ex
3107 3937 3369 4007 episc0pis
3392 3938 3529 3993 alios
3555 3941 3761 3995 solatus

2181 4038 2283 4096 est,
2311 4027 2494 4084 dicens
2516 4027 2599 4083 his
2624 4028 2872 4083 omnibus
2894 4027 3056 4082 Deum
3074 4027 3238 4097 gloria
3264 4026 3425 4091 affici,
3456 4028 3762 4099 multasque

2180 4138 2247 4177 ex
2277 4121 2380 4177 illis
2397 4120 2786 4185 meretricibus,
2802 4135 2923 4190 qua:
2939 4119 2992 4174 in
3013 4119 3103 4173 Dei
3129 4119 3452 4176 oblivionem
3467 4131 3757 4187 venerant,

2180 4223 2273 4270 aut
2298 4229 2420 4269 eum
2451 4228 2519 4269 ne
2542 4221 2731 4268 norant
2755 4212 2991 4282 quidem,
3010 4212 3412 4283 visisepiscopis
3429 4212 3502 4267 ita
3520 4215 3757 4280 vexatis,

2182 4304 2234 4359 in
2262 4304 2509 4359 timorem
2532 4302 2628 4358 Dei
2655 4303 2887 4370 venisse,
2912 4310 2965 4357 et
2986 4300 3122 4356 forte
3141 4317 3428 4357 conversas
3456 4302 3652 4359 fuisse.

2252 4393 2501 4463 Plerique
2558 4401 2734 4448 autem
2789 4407 2856 4447 ex
2903 4391 3171 4462 episcopis
3222 4391 3466 4464 (Pallad.
3496 4393 3758 4465 Dialog.),

2179 4485 2269 4555 qui
2325 4483 2960 4554 TheOphilohtrrebant,
3021 4497 3126 4537 non
3174 4482 3334 4538 modo
3368 4482 3757 4541 humanitatem

2181 4575 2379 4630 nullam
2405 4589 2533 4645 erga
2554 4574 2836 4644 episcopos
2877 4573 2997 4627 illos
3024 4571 3413 4637 exhibuerunt,
3450 4573 3550 4630 sed
3595 4576 3757 4629 etiam

2180 4665 2492 4720 muneribus
2518 4663 2864 4733 prmtorianos
2885 4663 3204 4719 induxerunt
3224 4671 3282 4718 ut
3295 4679 3416 4718 eum
3441 4664 3547 4718 illis
3567 4678 3761 4735 aspere

2177 4764 2415 4827 agerent.
2461 4754 2561 4822 Qui
2593 4766 2770 4809 autem
2800 4755 3067 4824 pnceipue
3091 4755 3214 4809 huic
3238 4754 3508 4809 vexationi
3536 4769 3758 4823 operam

2178 4846 2397 4913 dedere,
2421 4855 2575 4901 erant
2600 4845 2836 4915 episcopi
2868 4845 3023 4900 Tarsi
3049 4856 3104 4900 et
3133 4844 3455 4911 Antiochiaz,
3501 4844 3759 4914 Eulogius

2178 4935 2436 4993 Cmsarca:
2473 4937 2800 5003 Palmstinze;
2854 4947 2977 4993 ante
3020 4953 3208 4992 onmes
3258 4948 3434 4992 autem
3472 4937 3761 5007 episcopus

2179 5028 2424 5099 Ancyrae,
2455 5037 2511 5082 et
2532 5027 2844 5081 Ammonius
2869 5027 3095 5093 Pelusii,
3140 5028 3362 5096 quitum
3406 5027 3585 5093 donis,
3646 5038 3755 5081 tum

2181 5120 2340 5175 minis
2374 5118 2572 5174 milites
2599 5119 2855 5174 adversus
2894 5134 2989 5174 eos
3029 5121 3196 5189 magis
3224 5119 3644 5188 exasperabant,
3700 5133 3757 5173 ut

2179 5226 2247 5265 ne
2270 5210 2422 5263 laieis
2450 5209 2664 5280 quidem
2697 5209 2815 5264 illos
2844 5209 3091 5280 excipere
3118 5209 3414 5266 volentibus
3449 5210 3503 5265 id
3537 5211 3759 5280 permit-

2181 5308 2375 5355 tercnt.

2250 5391 2417 5445 Seeus
2439 5399 2615 5445 autem
2655 5389 2828 5445 fecere
2870 5390 2960 5444 alii
3015 5392 3272 5461 epise0pi,
3312 5391 3401 5462 qui
3446 5408 3477 5447 a
3517 5391 3755 5447 Palladio

2178 5498 2298 5534 cum
2330 5480 2486 5535 laude
2510 5491 3030 5548 commemorantur;
3064 5498 3256 5552 nempe
3283 5482 3637 5554 Cappadocia:
3665 5500 3755 5539 se-

2177 5571 2364 5625 cundae
2394 5570 2652 5638 episcopi,
2683 5571 2775 5644 qui
2804 5586 2925 5626 cum
2956 5572 3206 5644 Iacrymis
3233 5576 3510 5630 exsulibus
3549 5576 3756 5643 episco-

2180 5662 2259 5730 pis
2287 5660 2632 5718 condoluere.
2658 5660 2799 5714 Inter
2829 5676 2922 5716 eos
2942 5673 3119 5717 autem
3146 5666 3488 5719 eminuerunt
3506 5664 3753 5721 Theodo-

2186 5767 2297 5819 rus,
2334 5752 2635 5824 Tyanorum
2682 5751 2987 5821 episcopus,
3027 5753 3314 5824 Dosporius
3351 5757 3616 5821 Colonitc,
3668 5755 3759 5827 qui
