3954 6460
205 362 305 421 εδπ

205 471 683 547 quadragesimum
722 477 964 523 octavum
999 480 1199 520 annum
1236 464 1289 517 in
1328 473 1635 532 episcopatu
1675 476 1797 531 age-

209 565 322 625 bat;
352 560 627 628 Serapion:
656 556 976 629 Ostracinzn,
1022 554 1110 623 qui
1148 555 1216 607 ab
1249 554 1402 605 annis
1455 551 1801 620 quadraginta

209 654 449 725 quinque
476 649 785 720 episcopale
809 662 995 699 munus
1014 645 1252 714 gerebat.
1276 642 1340 697 Hi
1368 643 1419 695 in
1436 650 1639 710 partem
1659 655 1800 695 teru-

214 756 491 806 mnarum,
550 739 704 809 queis
736 746 861 790 tunc
887 735 1249 790 obruebantur
1291 732 1505 787 exsules
1548 730 1802 801 episc0pi,

214 832 690 892 commiseratione
718 844 813 883 sua
831 836 1108 891 venerunt,
1138 826 1269 879 utin
1312 833 1512 895 partem
1557 822 1804 893 praemio-

218 941 333 980 rum
367 925 421 976 in
449 922 639 976 futuro
653 918 850 992 judicio
863 917 1288 972 admitterentur.

286 1016 443 1070 Attici
472 1016 531 1069 in
559 1013 725 1068 sedem
754 1011 813 1067 ϐ.
846 1010 914 1065 Ρ.
945 1010 1128 1064 intrusi
1192 1008 1475 1063 molimina.
1504 1037 1576 1049 ——
1603 1007 1808 1061 Atticus

222 1123 371 1171 vero,
400 1105 650 1160 omnium
691 1111 877 1157 contra
917 1102 1175 1156 Joannem
1216 1100 1550 1155 moliminum
1587 1097 1806 1163 artifex,

222 1215 340 1256 cum
371 1196 590 1253 videret
615 1195 882 1250 neminem
911 1192 1023 1248 fere
1057 1192 1407 1247 Orientalium
1438 1192 1809 1259 episcoporum

222 1305 400 1344 secum
434 1284 843 1341 communicare
868 1284 1022 1349 velle,
1053 1283 1158 1336 imo
1179 1297 1304 1337 vero
1319 1281 1386 1336 ab
1401 1296 1459 1336 se
1479 1288 1811 1350 segregatum

229 1394 447 1435 manere
474 1377 736 1448 populum
762 1375 1407 1445 Constantinopolim-num
1428 1415 1442 1439 ,
1509 1371 1699 1427 Joanni
1755 1378 1812 1424 ut

227 1470 446 1525 antistiti
478 1483 585 1523 suo
610 1464 1273 1539 addictissimum(Patlad.
1300 1463 1557 1536 Dialog.);
1575 1463 1814 1533 Scriptu-

228 1575 401 1614 rarum
418 1573 700 1614 sacrarum
724 1557 1010 1628 legumque
1036 1557 1337 1612 divinarum
1366 1570 1557 1624 expers
1577 1569 1698 1609 cum
1724 1570 1812 1608 es-

230 1660 328 1718 set,
357 1651 426 1705 ab
454 1650 787 1720 lmperatore
814 1651 994 1704 literas
1022 1651 1343 1720 impetravit,
1374 1657 1430 1703 ut
1458 1648 1540 1703 vel
1568 1648 1814 1702 nolentes

232 1741 292 1795 ad
315 1755 372 1795 se
396 1741 644 1795 converti
667 1749 899 1809 cogeret.
932 1740 1269 1809 Rescriptum
1301 1748 1483 1795 autem
1527 1739 1813 1808 Imperato-

234 1831 303 1885 ris
341 1830 458 1884 hmc
492 1829 743 1884 ferebat:
777 1830 839 1884 Si
879 1832 990 1900 quis
1017 1831 1367 1901 episc0p0rum
1410 1847 1513 1883 non
1541 1829 1815 1882 communi-

231 1930 303 1974 cat
321 1936 434 1974 cum
464 1918 771 1990 Theophila,
802 1919 1090 1990 Porpltgrio
1120 1929 1166 1974 et
1194 1920 1389 1982 Attico,
1448 1919 1674 1973 Ecclesia
1700 1919 1814 1987 qui-

233 2010 340 2064 dem
364 2010 628 2080 ejiciatur,
657 2018 750 2062 eta
779 2010 999 2078 propriis
1040 2008 1362 2079 facultatibus
1399 2009 1649 2079 abigatur.
1710 2009 1818 2062 lloc

234 2102 437 2170 publice
465 2102 739 2170 prolatum
764 2101 992 2156 edictum
1021 2101 1072 2155 id
1101 2100 1298 2166 ell‘ecit,
1325 2109 1383 2154 ut
1411 2102 1444 2154 ii
1470 2100 1558 2170 qui
1596 2099 1817 2153 faculta-

238 2192 367 2248 tibus
391 2192 698 2262 pollebant,
725 2193 851 2261 ipsis
870 2194 1033 2248 etiam
1053 2193 1203 2247 inviti
1222 2193 1704 2262 conjungerentur:
1730 2191 1819 2244 alii

237 2285 572 2354 pauperiores
609 2284 732 2339 etin
758 2298 886 2339 sana
915 2283 1022 2340 fide
1047 2284 1387 2349 infirmiores,
1411 2285 1672 2338 donorum
1704 2284 1819 2353 pol-

239 2373 616 2428 licitationibus
639 2373 816 2429 allecti
836 2373 902 2428 ad
920 2374 1067 2443 ipsos
1086 2381 1427 2429 accesserunt
1448 2391 1461 2428 :
1493 2372 1582 2427 alii
1603 2387 1817 2443 genere,

246 2462 610 2531 facultatibus,
641 2473 695 2519 et
717 2465 1048 2535 corruptibili
1084 2465 1256 2535 gloria
1298 2464 1650 2535 posthabitis,
1699 2463 1821 2533 fuga

241 2554 331 2610 sibi
351 2556 770 2611 consuluerunt:
790 2570 854 2611 ex
879 2556 944 2610 iis
961 2556 1176 2626 quidam
1195 2556 1421 2610 Romam
1437 2553 1813 2625 confugerunt,

239 2647 322 2702 alii
346 2647 411 2703 ad
446 2655 694 2712 montes,
744 2648 832 2701 alii
863 2648 919 2701 in
954 2650 1272 2703 Ascetarum
1317 2647 1665 2702 monasteria.
1714 2645 1823 2701 Nec

239 2737 479 2794 adversus
512 2739 811 2810 episcopos
839 2739 1000 2794 modo
1022 2739 1256 2794 edictum
1285 2740 1541 2795 emissum
1578 2740 1696 2802 fuit,
1728 2741 1821 2795 sed

240 2828 371 2883 aliud
396 2830 556 2885 etiam
584 2837 775 2885 contra
806 2829 968 2885 laicos
1010 2827 1096 2884 his
1139 2830 1316 2885 verbis
1357 2844 1671 2899 expressum
1693 2871 1709 2896 ,
1767 2838 1824 2883 ut

242 2918 493 2985 videlicet,
542 2919 716 3001 si‘qui
760 2935 884 2975 cum
914 2920 1228 2975 memoratis
1255 2934 1414 2989 supra
1443 2934 1550 2974 non
1578 2934 1821 2974 commu-

242 3011 606 3082 nicarent,qisi
630 3011 1024 3083 indignitatibus
1071 3022 1233 3066 essent
1277 3012 1557 3079 constituti,
1600 3027 1693 3066 suo
1733 3012 1824 3066 Ito-

244 3117 354 3156 uere
366 3112 411 3157 et
426 3102 682 3175 dignitate
698 3102 1014 3171 excederent,
1037 3103 1216 3157 milites
1231 3103 1490 3174 cingulum
1507 3104 1788 3157 amitterent
1805 3121 1822 3157 :

243 3194 419 3262 reliqua
445 3196 595 3264 plebs
622 3203 771 3265 atque
796 3195 1036 3265 Opiﬁces,
1089 3196 1229 3265 gravi
1258 3196 1373 3249 auri
1423 3195 1644 3265 pondere
1689 3195 1821 3249 mul-

246 3290 370 3354 ctati,
399 3289 721 3359 subiacerent
750 3288 951 3343 exsilio.

310 3378 543 3450 Episcopi
582 3380 728 3433 multi
753 3380 917 3434 vexati
940 3391 985 3434 et
1009 3381 1206 3436 sedibus
1231 3382 1384 3453 pulsi.
1413 3411 1484 3423 -—
1536 3381 1821 3451 Postquam

249 3471 407 3527 edicta
437 3472 753 3542 huiusmodi
785 3471 1112 3542 promulgata
1144 3470 1315 3541 fuere,
1343 3474 1491 3526 multi
1513 3489 1607 3541 per
1635 3471 1827 3527 Orien-

251 3572 344 3614 tem
392 3562 551 3616 variis
608 3561 782 3616 modis
805 3556 982 3611 vexati
1024 3561 1271 3630 pulsique
1326 3560 1475 3617 fuere
1506 3560 1738 3633 (Pallad.
1772 3565 1826 3615 in

251 3649 439 3723 Diclog.
482 3649 692 3721 supra).
724 3650 969 3719 Episcopi
1006 3651 1115 3720 qni,
1142 3660 1198 3705 ut
1228 3651 1478 3718 diximus,
1531 3651 1689 3705 minis
1741 3651 1824 3704 vel

257 3742 494 3797 aerumnis
513 3756 543 3796 a
583 3740 763 3795 debito
779 3738 957 3795 ollicio
978 3740 1213 3794 amoveri
1243 3754 1349 3796 non
1371 3751 1639 3810 poterant,
1672 3741 1826 3795 aufu-

252 3844 386 3898 gere.
428 3830 706 3887 Palladius
737 3830 1146 3900 llelenopoleos,
1176 3845 1283 3900 quo
1332 3838 1549 3886 auctore
1601 3838 1655 3885 et
1689 3829 1824 3886 duce

252 3918 354 3973 ha-c
381 3921 691 3984 scribimus,
712 3920 934 3974 Romam
960 3934 1021 3975 se
1050 3921 1272 3991 recepit,
1301 3921 1388 3977 ubi
1420 3930 1540 3991 post
1570 3921 1824 3992 Chrysos-

252 4011 368 4065 tomi
408 4021 643 4068 mortem
682 4009 896 4065 advenit
939 4025 1081 4065 anno
1123 4012 1249 4065 407.
1303 4010 1495 4066 Rhodo
1544 4012 1824 4081 episcotius

250 4100 379 4156 Asiae
403 4101 696 4174 Mitylenen
713 4100 917 4171 aufugit
945 4119 959 4155 :
990 4101 1191 4166 Brisso,
1222 4101 1386 4156 frater
1411 4102 1631 4156 Palladii
1667 4101 1825 4157 llele-

252 4191 535 4260 nopolitani
556 4234 574 4260 ,
622 4191 859 4246 Ecclesia
890 4206 984 4245 sua
1013 4192 1152 4245 ultro
1189 4192 1461 4256 derelicta,
1499 4191 1567 4245 ad
1594 4192 1821 4261 agellum

252 4292 395 4334 suum
414 4296 475 4338 se
501 4281 731 4350 recepit,
760 4282 849 4336 ubi
892 4290 1087 4337 terram
1116 4282 1349 4351 propriis
1375 4280 1623 4336 manibus
1659 4298 1822 4338 exco-

253 4368 376 4425 luit:
408 4372 665 4438 llilarius,
691 4372 773 4426 vir
791 4382 1006 4428 sanctus
1033 4380 1089 4429 et
1108 4387 1292 4437 senex,
1317 4372 1370 4426 in
1417 4373 1662 4427 intimum
1680 4373 1822 4428 Pon-

254 4465 353 4513 tum
377 4460 556 4530 pulsus
588 4470 691 4527 est,
718 4463 887 4532 plagis
910 4463 1176 4527 concisus,
1222 4477 1329 4517 non
1379 4476 1408 4516 a
1434 4462 1638 4533 judice,
1667 4463 1763 4519 sed
1792 4479 1823 4517 a

250 4546 418 4605 Clero.
450 4551 501 4605 ls
523 4551 716 4606 decem
742 4560 797 4606 et
823 4559 947 4607 octo
974 4567 1147 4608 annos
1176 4560 1541 4624 transegerat,
1596 4569 1702 4608 non
1732 4569 1824 4623 pa-

253 4651 367 4695 nem
383 4640 571 4708 edens,
603 4643 701 4698 sed
723 4642 871 4698 olera
895 4652 1097 4697 tantum
1133 4653 1189 4699 ct
1233 4644 1560 4700 frumentum
1588 4655 1821 4700 coctum.

252 4727 679 4788 Antoniusvero
736 4733 1020 4802 episcopus
1044 4734 1094 4786 in
1138 4734 1413 4805 speluncis
1432 4736 1825 4795 Palaestinmse-

252 4815 416 4882 ipsum
432 4822 699 4877 conclusit
730 4840 743 4875 :
776 4822 1094 4877 Timotheus
1122 4823 1408 4890 Maroneae,
1439 4834 1492 4879 ct
1511 4825 1744 4881 Joannes
1770 4830 1822 4881 itt

252 4905 407 4979 Lydia
434 4914 740 4982 cpiscopus,
766 4914 817 4968 in
842 4913 1209 4973 Macedoniam
1259 4930 1320 4970 se
1373 4917 1642 4985 recepisse
1689 4916 1826 4972 diec-

254 4998 467 5059 bantur:
497 5005 788 5076 Gregorius
831 5007 885 5060 in
927 5005 1095 5078 Lydia
1143 5006 1448 5075 episcopus,
1490 5008 1542 5061 in
1596 5007 1824 5077 Phrygia

252 5107 364 5149 esse
379 5098 716 5152 narrabatur.
733 5098 1068 5167 Lampetium
1087 5097 1338 5151 dicebant
1379 5097 1432 5150 in
1485 5097 1682 5166 oppido
1722 5098 1826 5168 Ly-

252 5181 348 5237 diae
370 5199 511 5253 esse,
536 5188 626 5242 ubi
650 5187 872 5257 juvante
895 5202 954 5242 se
983 5186 1214 5256 quodam
1245 5186 1554 5241 Eleutherio
1586 5187 1823 5241 lectioni-

256 5270 347 5327 bus
369 5288 586 5343 cperam
611 5277 792 5332 dabat.
816 5277 1087 5347 Eugenius
1118 5277 1169 5329 in
1200 5276 1368 5343 patria
1384 5292 1478 5329 sua
1501 5292 1560 5332 se
1579 5278 1823 5333 contine-

256 5358 374 5418 bat;
406 5365 665 5434 Elpidius,
697 5384 918 5437 magnus
961 5366 1050 5420 ille
1092 5365 1374 5420 Laodicea:
1413 5366 1583 5435 Syriae
1627 5367 1826 5435 cpisco-

259 5465 368 5520 pus,
392 5464 446 5510 et
472 5456 680 5527 Pappus
706 5473 799 5527 per
827 5467 996 5513 totum
1046 5457 1336 5512 triennium
1365 5457 1614 5525 precibus
1640 5472 1825 5511 vacan.

260 5551 334 5597 tes
353 5543 421 5599 de
447 5547 588 5602 scala
615 5548 806 5603 domus
829 5562 942 5602 sua:
970 5563 1078 5603 non
1108 5546 1504 5603 descenderunt
1529 5564 1543 5600 :
1598 5545 1824 5600 Heracli-

261 5630 347 5686 des
366 5634 620 5704 Ephesius
647 5653 740 5707 per
764 5637 1170 5707 quadriennium
1191 5636 1510 5694 Nicomedia:
1533 5635 1585 5693 in
1606 5650 1822 5696 carcere

267 5715 496 5786 inclusus
524 5731 740 5787 mansit.

1388 347 1566 406 NUNC
1603 349 1864 406 PRIMUM
1902 346 2296 404 ADORNATA.

3385 351 3488 406 £358

1904 502 1912 506 -
1981 457 2267 530 Presbyteri
2319 469 2365 514 et
2408 463 2639 516 monachi
2687 464 2818 518 male
2872 464 3084 533 excepti.
3118 492 3190 505 —-
3241 461 3487 532 Episcopi

1915 561 2094 606 autem
2127 552 2234 619 illi,
2281 553 2448 621 inquit
2473 554 2740 609 Palladius
2761 595 2776 619 ,
2814 556 2902 624 qui
2936 570 3044 624 pra:
3072 564 3213 617 metu
3239 555 3308 609 ad
3336 556 3489 608 Attici

1918 652 2095 711 partes
2122 644 2462 711 transierant,
2505 644 2556 699 in
2580 644 2712 700 alias
2758 645 2996 701 Thracia:
3028 646 3292 700 Ecclesias
3317 655 3489 699 trans-

1913 733 2001 786 lati
2032 742 2175 799 sunt,
2219 734 2395 790 Attico
2421 750 2615 805 nempe
2642 736 2691 789 vi
2717 745 2937 790 extortae
2962 736 3173 790 illorum
3201 736 3491 799 adlimsioni

1915 825 2166 879 nonsatis
2184 824 2398 879 fidente.
2414 826 2717 879 Anatolium
2730 826 3035 894 episcopum
3053 826 3491 881 dicebantesseiu

1858 916 1879 937 ‘
1916 914 2120 970 Galliis.
2158 915 2596 985 Presbyterorum
2619 930 2746 970 vero
2773 914 2863 969 alii
2892 916 2941 968 in
2964 914 3209 970 Arabiam
3240 924 3294 970 et
3330 915 3494 969 Palu:-

1915 1012 2106 1059 stinam
2135 1006 2403 1059 amandati
2429 1015 2574 1061 sunt.
2636 1006 2845 1076 Tigrius
2875 1006 2926 1059 in
2953 1005 3384 1075 Mesopotamiam
3407 1021 3494 1060 re-

1920 1097 2120 1166 legatus
2138 1106 2240 1164 est,
2269 1098 2604 1168 Philippusin
2638 1099 2805 1154 Ponto
2828 1099 2981 1154 exsul
3000 1098 3150 1166 obiit,
3172 1099 3497 1168 Theophilus

1917 1189 1970 1242 in
2001 1187 2365 1258 Paphlagonia
2395 1198 2551 1255 erat;
2580 1189 2813 1244 Joannes
2834 1230 2847 1252 ,
2896 1189 3274 1256 1Ethriililins,
3321 1191 3499 1245 Cit-sa-

1925 1292 2034 1333 rea:
2063 1280 2444 1333 monasterium
2471 1280 2786 1334 construxit.
2821 1280 3149 1350 Stephanum
3179 1281 3228 1334 in
3253 1281 3499 1337 Arabiam

1920 1370 2208 1439 relegatum
2248 1380 2303 1425 ct
2349 1371 2631 1426 custodum
2676 1371 2918 1425 manibus
2966 1371 3312 1438 abstractum,
3361 1373 3503 1427 Isau-

1921 1460 1965 1513 ri
1997 1459 2048 1513 in
2077 1459 2308 1514 Taurum
2347 1460 2665 1517 dimiserunt
2702 1480 2715 1515 :
2754 1461 3046 1517 Salustium
3095 1464 3146 1517 in
3185 1461 3342 1518 Creta
3385 1478 3504 1519 esse

1920 1548 2206 1605 dicebant:
2235 1551 2515 1622 Philippus
2541 1552 2834 1607 monachus
2870 1561 2926 1608 et
2953 1553 3238 1626 Presbyter
3281 1553 3502 1609 Schola-

1921 1655 2066 1705 rum,
2100 1641 2375 1697 dicebatur
2404 1642 2461 1699 in
2483 1641 2773 1712 Campania
2800 1653 3084 1714 mgrotare,
3118 1654 3173 1699 et
3202 1644 3505 1714 Stephanus

1921 1730 2183 1783 diaconus
2213 1731 2265 1783 in
2295 1730 2599 1784 Thebaidos
2625 1746 2838 1787 carcere
2867 1732 3113 1787 detineri.
3159 1733 3355 1788 Paulus
3389 1733 3504 1787 dia-

1924 1834 2119 1886 conus,
2149 1818 2454 1876 OEconomi
2477 1820 2688 1889 adjutor
2707 1862 2721 1886 ,
2755 1821 3069 1876 narrabatur
3093 1823 3145 1876 in
3176 1821 3351 1877 Africa
3382 1838 3503 1877 ver-

1922 1913 2027 1965 sari
2054 1929 2071 1967 :
2097 1913 2234 1967 alius
2276 1913 2474 1968 Paulus
2516 1914 2774 1970 diaconus
2817 1916 3113 1970 Anastasius
3158 1915 3507 1987 Jerosolymis

1924 2004 2258 2058 versabatur.
2304 2004 2579 2060 llelladius
2606 2007 2884 2076 presbyter
2914 2007 3099 2061 Palatii
3131 2009 3182 2061 in
3209 2008 3382 2077 agello
3411 2023 3507 2063 suo

1926 2092 2189 2162 Bithynia:
2214 2095 2375 2150 vitam
2402 2098 2611 2167 agebat.
2646 2097 2794 2153 Multi
2832 2098 3288 2169 Constantinopoli
3327 2100 3504 2154 delite-

1926 2186 2177 2252 scehant;
2205 2186 2294 2240 alii
2320 2188 2373 2242 in
2402 2190 2627 2258 patriam
2649 2190 2874 2260 quisque
2894 2205 3044 2245 suam
3069 2190 3326 2245 abierant.
3345 2191 3511 2246 Silva~

1927 2294 2047 2345 nus,
2073 2287 2290 2335 sanctus
2309 2282 2591 2352 episcopus
2610 2323 2624 2346 ,
2653 2283 2706 2336 in
2736 2281 2946 2338 Troade
2982 2283 3310 2351 piscabatur,
3350 2291 3405 2337 et
3445 2299 3510 2337 ex

1928 2369 2135 2438 piscatu
2165 2370 2326 2425 vitam
2354 2371 2455 2425 sibi
2484 2373 2846 2439 comparabat.
2876 2371 3175 2441 Stephanus
3199 2374 3510 2437 monachus,

1927 2461 2018 2529 qui
2042 2461 2405 2516 Romanorum
2435 2463 2688 2532 epistolas
2714 2462 3000 2529 detulerat,
3032 2478 3095 2518 ea
3116 2462 3184 2518 de
3203 2478 3365 2518 causa
3392 2478 3511 2517 ver-

1936 2550 2174 2615 beratus,
2206 2551 2392 2606 decem
2423 2553 2698 2607 mensibus
2724 2552 3183 2623 Constantinopoli
3219 2554 3271 2607 in
3298 2567 3512 2608 carcere

1929 2642 2089 2695 vitam
2124 2643 2270 2712 egit:
2306 2659 2426 2698 cum
2477 2651 2654 2698 autem
2704 2645 3031 2714 propositum
3083 2645 3183 2713 ipsi
3223 2644 3410 2699 fuisset
3455 2653 3512 2699 ut

1930 2731 2106 2786 Attico
2131 2731 2380 2799 haereret,
2401 2742 2455 2788 et
2483 2749 2588 2788 non
2618 2734 2997 2803 acquievisset,
3026 2734 3284 2789 lateribus
3313 2744 3368 2789 et
3416 2751 3511 2804 pe-

1928 2832 2078 2880 ctore
2104 2810 2421 2895 ungularum
2442 2828 2489 2879 vi
2516 2826 2779 2881 laceratus
2807 2834 2890 2880 est
2920 2825 3102 2895 :cujus
3134 2827 3210 2881 rei
3238 2827 3388 2881 testis
3416 2826 3514 2880 fuit

1931 2915 2043 2984 ipse
2072 2914 2357 2971 Palladius.
2398 2914 2707 2985 Stephanus
2739 2931 2866 2971 vero
2902 2915 3099 2971 Christi
3137 2916 3471 2986 providentia
3497 2958 3511 2982 ,

1938 3005 1992 3059 in
2018 3005 2251 3060 secunda
2279 3006 2505 3061 fortasse
2531 3006 2824 3065 certamina
2852 3015 3177 3073 reservatus,
3215 3016 3336 3077 post
3373 3007 3515 3062 dcci.

1935 3110 2078 3149 mum
2101 3096 2391 3151 curationis
2411 3111 2521 3150 sua;
2546 3111 2805 3162 mensem,
2838 3098 3110 3153 Pelusium
3132 3099 3399 3167 relegatus
3414 3109 3515 3153 est.

1930 3187 2282 3243 Provincialis
2336 3188 2549 3257 quidam
2599 3190 2754 3243 miles
2799 3205 2863 3243 ex
2895 3189 3090 3245 scholis
3138 3190 3409 3258 Palatinis,
3464 3201 3518 3247 ut

1930 3277 2149 3334 Joannis
2197 3278 2370 3333 fautor
2397 3290 2700 3345 accusatus,
2730 3287 2851 3349 post
2881 3281 3010 3334 varii
3031 3281 3242 3351 generis
3263 3282 3441 3351 plagas
3464 3290 3517 3337 et

1934 3368 2301 3424 atrocissimas
2321 3369 2648 3435 abrasiones,
2677 3370 2861 3425 Petras
2884 3371 3031 3425 exsul
3054 3372 3248 3426 missus
3272 3381 3373 3427 est.

2001 3462 2321 3531 Episcopum
2334 3461 2497 3517 alium
2512 3472 2773 3517 memorat
2788 3463 3044 3533 Syncsius
3061 3463 3328 3534 (Synesius
3343 3464 3513 3534 Epist.

1930 3554 2000 3610 96
2028 3564 2072 3609 et
2096 3552 2166 3610 97
2191 3556 2208 3624 )
2231 3595 2244 3619 ,
2298 3555 2655 3610 Alexandrum
2708 3555 3238 3626 Basilinopolitanum
3263 3597 3278 3624 ,
3311 3558 3516 3628 Cyrene

1931 3647 1982 3699 in
2001 3646 2164 3717 Libya
2183 3655 2384 3713 natum,
2404 3648 2492 3718 qui
2507 3646 2717 3717 juvenis
2730 3648 3077 3703 monasticam
3095 3649 3254 3703 vitam
3271 3664 3528 3705 exercue.

1931 3747 2032 3804 rat,
2053 3749 2339 3809 posteaque
2367 3740 2645 3811 presbyter
2658 3749 2867 3796 creatus
2882 3756 3001 3796 cum
3018 3740 3513 3811 Constantinopolin

1931 3829 2181 3895 venisset,
2200 3844 2231 3883 a
2247 3829 2649 3901 Chrysostomo,
2668 3832 2756 3901 qui
2783 3831 2897 3900 ejus
2924 3831 3173 3901 pietatem
3191 3841 3518 3903 ctetcrasque

1930 3920 2092 3973 animi
2143 3920 2294 3975 dotes
2347 3922 2512 3989 probe
2566 3932 2819 3987 noverat,
2877 3921 3255 3991 Basinopoleos
3304 3924 3513 3992 episco-

1930 4015 2030 4080 pus
2073 4020 2285 4065 creatus
2330 4010 2449 4066 fuit.
2495 4011 2625 4067 Cum
2676 4026 2804 4067 vero
2850 4012 3263 4083 Chrysostomus
3310 4029 3339 4067 a
3386 4013 3516 4069 sctle

1928 4114 2026 4154 sua
2075 4100 2255 4169 pulsus
2297 4100 2430 4167 fuit,
2483 4103 2598 4171 ejus
2644 4102 2732 4156 ille
2774 4103 3013 4171 partibus
3060 4118 3273 4172 semper
3322 4104 3512 4169 haesit,

1931 4190 2157 4261 ideoque
2199 4201 2421 4246 vexatus
2450 4192 2830 4247 Ptolctuaidem
2876 4194 2928 4246 in
2960 4193 3124 4263 Libya
3171 4210 3230 4249 se
3271 4197 3511 4263 recepit,

1930 4297 2103 4351 neque
2152 4297 2401 4351 umquam
2447 4299 2476 4336 a
2521 4282 2887 4351 Chrysostomi
2941 4284 3175 4351 partibus
3227 4284 3515 4338 abscedere

1930 4372 2114 4427 voluit.

1999 4462 2191 4518 Narrat
2244 4478 2370 4518 vero
2419 4463 2685 4517 Palladius
2716 4462 2948 4535 (Pallad.
2995 4463 3240 4535 Dialog.)
3297 4479 3517 4535 scopum

1930 4554 2185 4610 Ecclesiae
2241 4554 2495 4609 Romana:
2552 4554 2711 4609 fuisse
2772 4569 2878 4608 non
2942 4557 3335 4610 communicare
3398 4573 3516 4612 unt-

1930 4663 2087 4717 quam
2139 4663 2260 4702 cum
2309 4646 2665 4702 Orientalibus
2717 4647 3017 4718 episcopis,
3049 4649 3343 4717 praesertim
3398 4665 3516 4703 cum

1932 4738 2249 4808 Theophilo,
2281 4738 2453 4793 donec
2476 4738 2711 4793 dedisset
2741 4738 2999 4793 Dominus
3027 4738 3203 4793 locum
3234 4740 3518 4795 universali

1931 4828 2148 4901 Synodo
2171 4872 2186 4898 ,
2216 4845 2334 4900 quae
2377 4830 2686 4899 putrefactis
2728 4831 2983 4886 membris
3023 4846 3207 4886 eorum
3233 4874 3248 4899 ,
3277 4834 3364 4903 qui
3407 4832 3521 4889 lucc

1930 4928 2201 4987 patrarant
2223 4959 2237 4982 ,
2267 4918 2572 4973 mederetur
2604 4934 2617 4971 :
2651 4918 2903 4988 additque
2945 4925 3105 4975 etiam
3133 4928 3252 4991 post
3294 4932 3519 4977 mortem

1930 5009 2150 5064 Joannis
2173 5050 2187 5073 ,
2218 5008 2449 5077 viguisse
2479 5016 2655 5063 tamen
2685 5009 2829 5062 illaut
2874 5010 3164 5067 Innocentii
3201 5021 3253 5065 ct
3293 5012 3520 5069 Romani

1930 5098 2151 5153 Concilii
2176 5098 2626 5165 declarationem,
2655 5099 2777 5168 quia
2823 5101 2876 5154 in
2924 5110 3069 5169 tanto
3096 5102 3322 5157 tumultu
3370 5104 3516 5156 multi

1932 5188 2128 5258 indigni
2159 5187 2225 5242 ad
2244 5187 2509 5243 Ecclesias
2525 5191 2859 5259 occupandas
2885 5193 3267 5248 involaverant.
3288 5195 3519 5262 ldipsnnt

1929 5279 2063 5334 dicit
2085 5279 2451 5336 Theodoretns
2499 5281 2827 5352 (Theodoret.
2862 5286 2901 5339 l.
2933 5286 2985 5340 5.
3017 5302 3062 5339 c.
3097 5285 3186 5354 54)
3208 5285 3522 5354 :adjicitque

1933 5371 2093 5424 etiam
2125 5379 2244 5438 post
2283 5381 2510 5426 mortem
2537 5376 2717 5445 magni
2765 5376 3001 5430 doctoris
3029 5376 3175 5429 orbis
3218 5385 3514 5439 terrarum,

1933 5457 2302 5517 Occidentales
2317 5463 2617 5533 episcopos,
2637 5466 3006 5534 episcoporum
3025 5464 3238 5534 Egypti
3266 5473 3319 5519 et
3334 5464 3523 5521 Oricu-

1935 5549 2039 5615 tis,
2073 5550 2294 5620 Bospori
2341 5561 2396 5607 et
2444 5554 2722 5619 Thracias,
2768 5554 3194 5609 communionem
3246 5573 3348 5611 non
3396 5570 3522 5613 ante

1932 5639 2248 5705 admisisse,
2281 5658 2436 5710 quam
2482 5643 2642 5697 divini
2690 5643 2829 5696 illius
2860 5643 2955 5696 viri
3007 5659 3203 5701 nomen
3254 5664 3356 5703 una
3399 5664 3520 5704 cum

1933 5741 2137 5789 steteris
2160 5731 2422 5791 defunctis
2443 5735 3153 5809 episcOpisconsignasscnt.
