3954 6410
458 313 564 368 259

518 429 905 501 Chrysostomus
925 424 1216 480 Innocentio
1236 425 1396 492 Papa
1418 422 1586 477 literas
1605 421 1772 474 mittit.
1788 449 1858 459 --
1872 416 2036 487 Chry-

449 531 721 576 sostomus
756 531 876 570 cum
904 515 1167 584 episcopis
1190 511 1618 569 Occidentalibus
1645 523 1858 564 causam
1885 520 2035 560 suam

453 607 872 680 suscipientibus
893 603 1099 668 scribit,
1127 602 1196 657 de
1225 601 1365 657 felici
1398 600 1476 654 rei
1505 599 1650 654 exitu
1679 597 1926 652 dubitare
1953 593 2031 648 vl-

453 707 630 768 detur,
662 701 806 772 quod
840 699 1152 764 nequitiam,
1186 697 1502 767 potentiam.
1535 691 1887 762 pervicaciam
1940 687 2036 742 ad-

453 795 815 852 versariorum
838 807 1060 847 suorum
1101 789 1266 860 probe
1295 795 1496 842 nosset.
1525 785 1635 839 Nec
1662 783 1783 838 ideo
1826 782 2039 836 minore

451 903 580 942 cura
601 895 655 941 et
675 885 851 939 studio
868 883 932 936 ad
953 897 1037 936 res
1055 878 1456 950 componendas
1496 875 1752 931 utendum
1779 888 1900 928 esse
1926 871 2042 926 exi-

454 979 724 1040 stimabat,
747 985 803 1030 ut
823 975 1006 1030 videre
1028 981 1113 1027 est
1132 972 1183 1026 iu
1212 970 1438 1041 epistola
1458 968 1523 1023 ad
1552 966 1918 1022 Innocentium
1945 965 2045 1018 Pa-

453 1085 578 1142 pam
611 1068 699 1142 (T.
750 1069 804 1124 3.
845 1083 893 1120 ο.
937 1065 1085 1135 555),
1134 1062 1218 1117 cui
1271 1073 1512 1115 summas
1541 1057 1649 1127 agit
1675 1057 1876 1142 gratias
1901 1052 2044 1142 quod

450 1139 631 1206 tantas
667 1155 1007 1217 tempestates
1030 1187 1044 1210 ,
1077 1155 1249 1200 tantos
1278 1143 1470 1198 ﬂuctus
1499 1156 1595 1212 pro
1621 1139 1822 1193 viribus
1846 1139 2035 1192 sedare

449 1252 673 1297 conatus
719 1242 832 1294 sit:
868 1241 937 1292 ita
984 1248 1078 1301 ut,
1123 1238 1167 1290 si
1214 1244 1436 1291 conatus
1482 1235 1598 1302 ejus
1641 1232 1820 1286 felices
1863 1230 2035 1284 exitus

453 1333 794 1395 habuissent,
825 1331 935 1400 jam
987 1335 1170 1398 pacata
1223 1327 1402 1382 omnia
1449 1333 1663 1386 essent,
1695 1332 1750 1376 et
1798 1320 2032 1376 Ecclesia

453 1426 737 1495 tranquilla
790 1437 917 1491 pace
973 1419 1260 1474 frueretur.
1321 1419 1592 1487 [legatque
1643 1415 1789 1468 illum
1845 1427 1913 1465 ne
1964 1426 2032 1464 ex

451 1503 882 1572 adversariorum
949 1512 1128 1568 furore
1182 1513 1417 1565 animum
1473 1509 1801 1577 despondeat
1831 1548 1848 1572 ,
1913 1519 2034 1559 cum

453 1617 531 1662 tet
587 1605 765 1660 videat
819 1603 1041 1673 p0pulos
1093 1602 1363 1672 dispersos
1395 1640 1410 1665 ,
1477 1600 1702 1653 clericos
1759 1605 1986 1651 vexatos
2017 1635 2033 1660 ,

450 1699 731 1768 episcOpos
775 1693 992 1759 sedibus
1038 1693 1217 1761 pulsos
1268 1709 1282 1744 :
1331 1698 1385 1746 et
1427 1697 1625 1759 quanto
1673 1687 1843 1756 major
1894 1694 2035 1739 tem-

451 1795 629 1858 pestas
673 1795 774 1850 est,
807 1793 953 1838 tanto
998 1783 1168 1852 majus
1211 1780 1443 1836 studium
1472 1779 1723 1834 adhibeat
1769 1785 2033 1846 precatur.

453 1879 628 1946 Seque
652 1876 1038 1946 frequentiores
1065 1874 1163 1944 ipsi
1209 1875 1391 1927 literas
1415 1873 1701 1926 missurum
1733 1868 1896 1923 fuisse
1921 1867 2032 1934 ait,

453 1969 554 2024 nisi
597 1967 760 2026 Isauri
805 1966 1076 2036 perpetuis
1125 1961 1514 2018 incursionibus
1560 1962 1674 2014 vias
1714 1956 2034 2013 interclude-

453 2067 593 2122 rent.

525 2149 672 2203 Hanc
695 2145 974 2215 epistolam
1007 2145 1228 2199 Romam
1256 2142 1481 2196 attulere
1506 2141 1737 2194 Joannes
1761 2138 2038 2209 presbyter

452 2249 506 2294 et
535 2239 728 2293 Paulus
753 2238 1027 2299 diaconus,
1047 2245 1106 2290 ut
1130 2236 1180 2288 in
1212 2234 1300 2288 illa
1323 2233 1536 2298 dicitur,
1558 2246 1674 2301 qum
1702 2245 1786 2284 res
1810 2229 2040 2283 difticul-

456 2338 618 2385 tatem
660 2338 838 2383 movet
882 2343 985 2381 non
1033 2337 1138 2381 tam
1168 2325 1325 2380 facile
1369 2323 1694 2378 solvendam.
1728 2320 1783 2374 lu
1813 2321 2037 2389 epistola

453 2422 595 2480 cnim
622 2421 725 2476 “8
751 2420 817 2474 ad
845 2420 1124 2490 Cyriacum
1151 2459 1166 2484 ,
1195 2417 1520 2474 Demetrium
1549 2427 1601 2471 et
1627 2424 1851 2469 cmteros
1875 2454 1889 2478 ,
1918 2427 2038 2482 qua

453 2512 649 2580 scripta
681 2521 892 2580 putatur
920 2524 1060 2564 anno
1088 2510 1212 2574 405,
1242 2509 1314 2562 ait
1341 2507 1753 2576 Chrysostomus
1779 2504 2037 2560 Joannem

453 2603 819 2680 presbyterum
845 2611 898 2656 et
915 2601 1137 2655 Paulum
1160 2600 1441 2654 diaconum
1471 2603 1571 2654 iter
1587 2611 1790 2667 parare,
1812 2604 1868 2649 ut
1892 2595 2037 2664 ipsos

451 2693 771 2755 conveniant
823 2709 838 2743 :
891 2691 937 2744 si
991 2702 1168 2744 autem
1222 2706 1364 2744 anno
1413 2690 1519 2746 405
1572 2691 1707 2743 hanc
1758 2686 2037 2755 epistolam

448 2781 725 2850 scripserit
757 2779 1168 2849 Chrysostomus
1192 2819 1206 2843 ,
1236 2794 1341 2848 quo
1389 2788 1547 2848 pacto
1574 2777 1757 2832 dicere
1786 2775 1954 2844 possit
1977 2789 2038 2830 se

454 2871 668 2925 tertium
713 2883 908 2923 annum
954 2871 1006 2922 in
1032 2870 1220 2922 exsilio
1247 2883 1406 2937 agere
1430 2908 1444 2933 ,
1474 2869 1562 2937 qui
1595 2877 1718 2921 tunc
1745 2865 2036 2921 secundum

453 2972 660 3017 tantum
687 2961 822 3016 inire
849 2961 1360 3030 poterat?Opinatur
1385 2959 1753 3014 Tillcmoutius
1778 2959 2036 3014 Joannem

451 3062 505 3118 et
531 3052 772 3115 Paulum,
793 3052 881 3121 qui
911 3061 1034 3105 tunc
1061 3052 1161 3105 iter
1190 3051 1464 3119 parabant,
1486 3050 1866 3120 profectionem
1885 3065 2038 3105 suam

454 3142 508 3198 ln
531 3155 726 3196 annum
748 3149 1056 3210 sequentem
1080 3140 1370 3196 distulisse.

523 3235 652 3289 Alite
678 3237 788 3298 eius
817 3233 1058 3304 epistolw.
1092 3262 1160 3272 —-
1189 3232 1378 3287 Joanni
1424 3243 1599 3287 autem
1634 3235 1940 3304 presbytero
1985 3242 2039 3287 et

455 3323 616 3378 Paulo
642 3323 866 3378 diacono
901 3322 1178 3392 epistolam
1209 3321 1356 3376 dedit
1386 3322 1508 3386 168,
1542 3322 1748 3386 Probae,
1783 3335 2038 3377 matronae

454 3413 728 3479 Romamn,
759 3400 1120 3477 adferendam,
1139 3415 1224 3467 cui
1253 3413 1372 3467 illos
1400 3412 1756 3478 commendat,
1789 3413 2039 3482 illamque

455 3511 512 3557 ut
538 3502 866 3571 frequentius
893 3502 992 3557 sibi
1019 3503 1198 3558 literas
1222 3503 1395 3557 mittat
1422 3515 1688 3572 precatur.
1719 3503 2034 3573 iisdemque,

455 3602 512 3653 ut
541 3601 752 3662 putatur
775 3633 790 3657 ,
819 3593 1070 3662 epiStolas
1111 3604 1395 3663 sequentes
1423 3595 1524 3650 169
1553 3605 1608 3651 et
1638 3596 1740 3650 170
1783 3595 2035 3660 tradidit,

455 3696 677 3751 quarum
697 3682 1079 3751 priorJuliana:
1096 3693 1148 3738 et
1168 3685 1229 3738 iis
1248 3685 1472 3752 quicum
1505 3685 1590 3738 illa
1607 3695 1756 3740 erant
1771 3685 2036 3756 dirigitur,

460 3773 650 3842 quibus
675 3773 870 3842 gratias
894 3772 1041 3842 agit,
1072 3773 1214 3842 quod
1257 3774 1376 3830 illos
1400 3789 1585 3830 omnes
1609 3816 1622 3840 ,
1651 3791 1786 3846 quos
1813 3775 2040 3830 Romam

456 3863 674 3920 tniserat
736 3865 1116 3934 benignissime
1170 3868 1560 3936 excepissent,
1629 3867 1874 3936 quodque
1931 3878 2039 3921 tam

455 3968 627 4011 saevos
663 3955 918 4009 tumultus
942 3996 957 4020 ,
985 3956 1072 4024 qui
1101 3967 1210 4010 tum
1253 3956 1548 4012 Ecclesium
1573 3957 1898 4013 Orientalem
1925 3957 2037 4027 agi-

457 4043 656 4110 tabam,
685 4061 1025 4119 compescere
1050 4049 1324 4106 smderent
1356 4067 1369 4103 :
1405 4051 1668 4120 posterior
1688 4065 1816 4106 vero
1844 4050 2039 4106 Italicae

457 4137 759 4204 inscribitur
783 4181 796 4204 ,
827 4155 984 4210 quam
1015 4155 1044 4196 a
1073 4141 1380 4198 fortitudine
1405 4144 1677 4209 celebrat,
1703 4144 1844 4214 quod
1869 4161 2040 4215 neque

453 4229 703 4286 sedanda:
743 4230 995 4288 Orientali
1041 4237 1338 4306 tempestati
1384 4238 1692 4292 incumbere
1731 4237 2039 4304 desineret;

453 4322 700 4388 acuitque
743 4322 884 4377 illam
913 4334 972 4384 ut
1014 4325 1068 4380 in
1099 4325 1199 4381 hoc
1244 4335 1351 4382 tam
1399 4327 1664 4383 laudando
1693 4328 1868 4384 studio
1913 4344 2039 4399 per-

455 4419 683 4464 levaret.

528 4495 759 4567 Diversis
785 4515 996 4568 quoque
1040 4516 1136 4569 per
1163 4501 1505 4558 Occidentem
1551 4505 1813 4574 episcopis
1859 4507 2040 4563 literas

458 4585 562 4638 hoc
596 4587 808 4640 circiter
835 4597 1072 4656 tempore
1101 4590 1283 4655 misit,
1313 4590 1398 4644 vel
1427 4604 1480 4646 ut
1505 4594 1701 4661 gratias
1737 4605 1920 4664 ageret
1944 4611 2040 4666 pro

458 4687 588 4742 pace
630 4673 682 4728 in
713 4674 950 4730 Ecclesia
979 4676 1235 4734 Orientali
1264 4681 1589 4737 restituenda
1636 4684 2035 4754 laborantibus,

459 4764 542 4819 vel
571 4773 626 4818 ut
652 4776 866 4821 acueret
881 4779 935 4822 et
957 4769 1020 4824 ad
1052 4780 1360 4828 constanter
1375 4774 1636 4843 agendum
1664 4775 2038 4834 inflammaret.

457 4853 605 4910 Talis
633 4864 715 4910 est
742 4857 963 4926 epistola
1000 4861 1091 4915 l5!
1126 4861 1192 4915 ad
1238 4863 1475 4919 Asellum
1519 4867 1825 4936 episcopum
1859 4884 1873 4921 :
1908 4869 2041 4928 tales

457 4945 698 5014 epistolae
740 4947 882 5013 152,
928 4951 1070 5016 155,
1114 4952 1255 5018 154,
1301 4951 1365 5006 ad
1411 4955 1690 5025 episcopos
1731 4957 2042 5026 simpliciter

459 5035 728 5103 inscripta:
753 5077 767 5100 ,
797 5035 848 5090 id
891 5048 972 5094 est
995 5081 1012 5106 ,
1039 5048 1098 5094 ut
1134 5056 1198 5094 ex
1243 5043 1382 5098 serie
1420 5043 1586 5114 liquet
1609 5087 1624 5111 ,
1655 5045 1722 5101 ad
1762 5050 2042 5118 episcopos

458 5125 848 5183 Occidentales.
899 5128 1090 5186 Iisdem
1138 5133 1300 5188 missa
1348 5133 1444 5189 fuit
1489 5136 1709 5204 cpistola
1757 5138 1854 5193 lSl
1885 5178 1900 5204 ,
1951 5140 2043 5196 ubi

457 5218 588 5274 dicit
636 5219 756 5274 illos
805 5219 873 5273 ab
917 5221 1163 5275 onmibns
1211 5225 1484 5292 prmdicari
1533 5237 1692 5297 atque
1739 5229 2038 5297 celebrari,

459 5307 600 5374 quod
627 5309 726 5364 etsi
758 5319 864 5364 tam
900 5309 1055 5380 longe
1080 5311 1248 5366 dissiti
1276 5323 1428 5369 erant
1447 5357 1461 5380 ,
1493 5316 1700 5375 fortiter
1723 5332 2044 5388 strenueque

461 5397 715 5455 adversus
758 5402 877 5456 illos
905 5404 993 5472 qui
1027 5402 1316 5458 Ecclesiatn
1347 5408 1725 5475 perturbabant
1751 5413 1993 5467 steterint
2025 5430 2038 5466 :

469 5503 488 5544 ς
525 5486 677 5553 Quod
703 5490 784 5555 si,
826 5510 844 5544 ι
880 5493 1090 5564 inquit,
1127 5511 1147 5545 ι
1185 5493 1412 5550 necdum
1438 5497 1756 5566 importuum
1781 5516 1892 5555 sua:
1916 5518 2046 5558 con-

466 5577 687 5641 tentioni
729 5591 782 5636 et
822 5583 1018 5650 iujusto
1046 5585 1187 5641 bello
1214 5587 1372 5641 tinem
1406 5589 1679 5658 imponere
1704 5593 1925 5658 volunt,
1955 5597 2043 5665 qui

467 5665 662 5742 horum
685 5681 712 5717 a
744 5669 1000 5758 principio
1043 5676 1299 5731 malorum
1363 5689 1615 5736 auctores
1640 5677 1808 5748 fuere,
1857 5697 1924 5738 ne
1953 5699 2044 5739 vos

1499 311 1555 366 s.
1587 305 1867 364 JOANNIS
1897 298 2368 359 CHRYSOSTOMI
2411 301 2592 373 VITA,

3606 310 3710 364 260

2143 417 2426 474 conturbet
2453 418 2601 486 illud,
2622 435 2754 475 neve
2777 421 2984 476 animos
3000 431 3207 477 vestros
3235 421 3509 477 debilitet:
3528 432 3720 492 quanto

2143 511 2284 565 enim
2313 513 2482 581 major
2507 512 2656 570 vobis
2698 514 2935 571 exoritur
2977 515 3127 572 labor
3149 555 3165 583 ,
3195 523 3344 571 tanto
3366 517 3533 572 etiam
3558 516 3722 587 major

2143 615 2340 656 corona
2361 611 2622 658 ηεσιθιιιτ.
2654 624 2673 658 ι

2216 691 2445 748 Venerio
2469 710 2682 764 quoque
2705 694 3086 754 Mediolauensi
3115 699 3259 753 misit
3285 699 3572 770 epistolam
3603 700 3719 767 l82,

2141 789 2196 834 et
2223 781 2486 853 llesychio
2519 785 2794 841 Salonensi
2840 789 2892 843 in
2922 789 3176 844 Dalmatia
3220 792 3375 861 epist.
3411 792 3514 847 l83
3549 810 3563 847 :
3594 808 3722 863 quos

2142 874 2363 941 perinde
2393 875 2570 931 laudat
2597 893 2626 930 a
2658 878 2850 934 virtute
2877 892 2931 934 et
2955 883 3249 936 constantia
3273 923 3287 948 ,
3321 892 3371 937 et
3401 881 3650 938 hortatur
3673 895 3723 938 ut

2139 973 2312 1030 empta
2365 969 2622 1033 perlicere
2663 979 2922 1039 satagant.
2971 971 3321 1042 Summopere
3369 975 3626 1043 prtedicat
3667 975 3721 1030 S.

2140 1054 2342 1109 Aurelii
2367 1056 2796 1127 Carthagineusis
2822 1063 3054 1131 episcopi
3081 1065 3350 1131 virtutem,
3369 1065 3722 1120 constantiam

2139 1153 2193 1197 et
2209 1144 2456 1214 loquendi
2477 1147 2771 1202 libertatem
2799 1151 2849 1205 in
2877 1152 3099 1220 epistola
3121 1152 3224 1208 με)
3241 1170 3256 1206 :
3276 1169 3434 1223 quem
3460 1155 3564 1209 etsi
3584 1165 3724 1210 tanto

2140 1241 2402 1290 terrarum
2429 1237 2705 1294 intervallo
2730 1240 2797 1293 ab
2823 1256 2880 1294 se
2897 1241 3161 1309 dissitum,
3181 1244 3282 1298 sibi
3313 1257 3489 1299 tamen
3507 1247 3724 1301 caritate

2139 1324 2632 1393 conjunctissimum
2687 1345 2806 1386 esse
2860 1332 3160 1402 signiﬁcat,
3217 1334 3288 1388 ita
3347 1345 3407 1389 ut
3457 1337 3725 1390 ferventer

2140 1402 2427 1472 admodum
2441 1433 2657 1475 causam
2675 1437 2822 1475 suam
2847 1421 3111 1490 defendat,
3133 1424 3478 1496 hortaturque
3505 1427 3653 1482 illum
3671 1437 3723 1482 ut

2141 1503 2194 1558 in
2218 1503 2318 1560 hoc
2340 1509 2591 1576 praeclaro
2611 1513 2903 1567 certamine
2925 1524 3246 1581 perseveret.

2211 1593 2390 1652 Libros
2431 1599 2558 1654 duos
2587 1602 2810 1670 egregios
2849 1604 3022 1656 scribit
3066 1605 3311 1674 mittitque
3354 1606 3422 1659 ad
3453 1605 3722 1679 Olympia-

2140 1684 2487 1741 dem—Hoc
2524 1690 2730 1755 ultimo,
2772 1699 2829 1744 ut
2872 1701 3104 1760 putatur,
3122 1694 3294 1748 exsilii
3336 1696 3418 1750 sui
3459 1711 3625 1759 anno,
3657 1697 3715 1751 li-

2141 1771 2295 1831 brum
2324 1781 2643 1848 composuit,
2672 1782 2826 1850 cujus
2873 1783 2952 1836 vel
3008 1784 3188 1838 titulus
3241 1786 3384 1839 solus
3410 1784 3723 1842 Christianae

2136 1864 2490 1936 philosophia:
2505 1883 2770 1923 summam
2788 1869 3163 1938 complectitur
3181 1889 3194 1924 :
3219 1870 3372 1937 Quod
3389 1874 3478 1943 qui
3501 1875 3726 1944 seipsm

2135 1973 2238 2013 non
2259 1958 2420 2024 (adit,
2444 1979 2589 2018 nemo
2611 1963 2795 2019 (cedere
2819 1966 2976 2033 possit
3003 1963 3089 2034 (Τ.
3119 1967 3172 2021 5.
3199 1983 3246 2018 e.
3268 1965 3422 2036 459).
3444 1967 3545 2024 llic
3569 1970 3724 2040 quid-

2141 2046 2265 2114 quid
2317 2046 2382 2100 ad
2434 2048 2576 2115 pium
2640 2049 2758 2102 vita:
2810 2048 3104 2104 institutum
3167 2050 3431 2120 pertinet,
3481 2053 3723 2120 apposite

2143 2134 2428 2203 profertur.
2457 2136 2590 2202 Quia
2621 2153 2749 2192 vero
2773 2138 2861 2193 vix
2885 2140 3191 2208 contingere
3232 2149 3442 2210 potest,
3469 2153 3526 2196 ut
3551 2143 3641 2212 qui
3671 2143 3720 2198 in

2143 2226 2224 2280 via
2251 2227 2434 2282 salutis
2480 2228 2717 2295 incedit,
2748 2231 3002 2284 aerumnis
3043 2246 3148 2286 non
3178 2241 3450 2300 prematur
3470 2273 3486 2298 ,
3511 2244 3721 2303 quanta

2144 2318 2380 2372 utilitatis
2398 2319 2503 2372 sint
2519 2333 2768 2374 utrumme
2785 2329 2839 2375 et
2852 2321 3200 2388 calamitates,
3214 2331 3322 2376 tum
3339 2337 3402 2378 ex
3413 2322 3720 2394 Scripturis,

2143 2414 2253 2460 tum
2291 2421 2358 2464 ex
2395 2417 2698 2464 sanctorum
2728 2411 2975 2480 exemplo
3017 2412 3190 2481 palam
3235 2411 3376 2466 facit.
3409 2413 3538 2468 Post
3584 2414 3720 2470 hunc

2133 2499 2476 2552 continenter
2514 2500 2678 2553 alium
2723 2501 2916 2554 librum
2966 2499 3153 2563 edidit,
3195 2501 3349 2569 cujus
3374 2501 3563 2555 titulus
3593 2517 3608 2555 :
3643 2502 3717 2555 Ad

2134 2603 2221 2642 eos
2248 2589 2336 2658 qui
2363 2589 2698 2643 scandalizati
2726 2601 2844 2644 sunt
2871 2591 2934 2644 ob
2973 2591 3300 2646 adeersitates
3335 2608 3452 2662 qua:
3490 2593 3715 2663 totttige-

2133 2689 2272 2744 rttnt,
2299 2682 2572 2750 papulique
2592 2691 2637 2735 et
2664 2683 2937 2736 multorum
2951 2683 3268 2736 sacerdotum
3285 2685 3718 2753 persequutionent

2133 2787 2194 2825 ac
2221 2773 2608 2841 pet-versionem,
2655 2783 2759 2830 etc.
2793 2773 2884 2843 (T.
2933 2775 2988 2830 5.
3028 2790 3074 2828 c.
3107 2775 3237 2844 470)
3273 2791 3286 2826 :
3315 2773 3404 2829 ubi
3434 2773 3578 2829 idem
3612 2774 3721 2830 fere

2143 2873 2512 2932 argumentum
2558 2865 2893 2934 persequitur
2934 2865 3074 2933 quod
3121 2865 3177 2918 in
3222 2863 3544 2933 praecedenti
3592 2864 3724 2919 libro

2145 2963 2481 3009 tractaverat.
2511 2956 2699 3026 Agitur
2741 2955 2828 3011 hic
2856 2956 2924 3010 de
2969 2955 3203 3011 ferendis
3244 2956 3404 3011 rebus
3445 2955 3722 3020 adversis,

2142 3047 2524 3117 cujuscumque
2552 3049 2762 3102 tandem
2804 3048 3016 3118 generis
3044 3049 3150 3102 sint
3175 3088 3190 3113 ,
3221 3046 3574 3117 exemploque
3601 3061 3725 3102 san-

2142 3149 2348 3192 ctorum
2379 3138 2583 3194 Veteris
2609 3138 2848 3208 Novique
2873 3139 3196 3194 Testamenti
3240 3138 3307 3194 ad
3336 3153 3455 3192 eam
3484 3153 3601 3194 rem
3645 3139 3726 3193 in-

2141 3231 2432 3284 stituuntnr
2479 3231 3088 3300 Constantinopolitani,
3138 3231 3228 3301 qui
3274 3238 3400 3285 tunc
3427 3246 3458 3284 a
3487 3231 3727 3286 scelestis

2144 3324 2511 3392 perversisque
2563 3323 2864 3378 nominibus
2915 3322 3261 3378 vexabantur.
3315 3321 3396 3377 Ad
3448 3337 3547 3377 eos
3600 3338 3728 3378 vero

2142 3413 2372 3467 maxime
2397 3422 2601 3482 spectat
2624 3415 2816 3479 oratio,
2843 3414 2932 3484 qui
2960 3413 3155 3485 probos
3179 3413 3420 3469 videntes
3447 3427 3478 3466 a
3509 3413 3727 3468 seditio-

2142 3505 2218 3560 sis
2246 3504 2568 3576 nefariisque
2595 3506 2896 3562 hominibus
2923 3506 3124 3571 vexari,
3153 3505 3387 3560 divinam
3417 3506 3727 3560 incusarent

2143 3595 2552 3664 providentiam.
2597 3597 2828 3652 Atticum
2875 3607 3052 3652 autem
3077 3635 3092 3660 ,
3135 3595 3226 3665 qui
3269 3609 3303 3649 a
3346 3594 3728 3649 consceleratis

2143 3687 2196 3740 in
2239 3700 2602 3742 successorem
2645 3687 2848 3743 Arsacii
2892 3694 3169 3755 cooptatus
3212 3685 3418 3748 fuerat,
3465 3685 3728 3738 acerrime

2144 3776 2450 3847 perstringit
2474 3817 2489 3843 ,
2517 3792 2637 3832 cum
2677 3778 2751 3831 ait
2779 3792 2897 3847 cap.
2929 3777 3002 3831 20
3033 3795 3045 3830 :
3082 3775 3232 3830 Nihil
3258 3792 3376 3847 ergo
3401 3777 3615 3829 istorum
3643 3775 3729 3829 tibi

2143 3866 2450 3934 oﬂ'endiculo
2476 3869 2560 3935 sit,
2594 3885 2692 3922 non
2721 3869 2952 3922 sacerdos
2981 3869 3068 3922 ille
3091 3884 3226 3922 nunc
3252 3868 3574 3938 deprauatus,
3607 3869 3729 3936 lupo

2142 3961 2315 4030 quovis
2355 3961 2534 4014 saevius
2574 3962 2629 4014 in
2666 3977 2865 4032 gregem
2907 3961 3156 4015 insiliens.
3196 3959 3347 4016 Unde
3389 3961 3726 4030 comprobari

2145 4050 2362 4104 omnino
2390 4050 2618 4117 videtur,
2637 4051 2778 4105 hunc
2806 4051 2999 4106 librum
3030 4051 3228 4106 editum
3257 4049 3418 4105 fuisse
3447 4061 3727 4124 postquam

2145 4141 2302 4212 legati
2359 4141 2650 4198 Innocentii
2702 4143 2898 4212 Papae,
2955 4143 3188 4212 episcopi
3239 4141 3577 4207 Orientales,
3639 4141 3728 4212 qui

2143 4248 2265 4288 cum
2311 4233 2496 4304 legatis
2539 4244 2832 4298 venerant,
2877 4233 3074 4302 aliique
3119 4233 3267 4288 tnulti
3310 4234 3588 4303 episcOpi,
3639 4249 3729 4288 sa-

2145 4326 2391 4382 cerdOtes
2413 4366 2428 4393 ,
2456 4325 2635 4381 clerici
2660 4367 2674 4391 ,
2701 4333 2756 4380 et
2779 4325 3013 4394 cujusvis
3047 4325 3257 4396 generis
3281 4333 3336 4382 et
3363 4325 3687 4390 conditionis
3710 4370 3726 4401 ,

2145 4419 2320 4472 Attico
2345 4426 2583 4483 auctore,
2616 4416 2752 4487 pulsi
2779 4416 3003 4488 direque
3025 4417 3197 4474 vexati
3228 4416 3456 4486 fuerant,
3483 4425 3542 4471 ut
3564 4431 3726 4487 supra

2144 4507 2391 4562 vidimus.

2217 4595 2468 4666 Epistofc
2511 4597 2743 4669 qua’dant
2791 4599 2859 4651 ad
2907 4595 3280 4669 Olympiadem.
3310 4628 3381 4638 —
3407 4598 3512 4654 Per
3558 4608 3727 4654 totum

2143 4696 2320 4742 autem
2374 4703 2568 4742 annum
2624 4687 2728 4744 406
2777 4689 3054 4743 commoda
3103 4689 3406 4744 valetudine
3453 4689 3729 4744 fruebatur

2144 4775 2555 4848 Cltrysostoutus
2579 4818 2594 4841 ,
2628 4787 2682 4832 ut
2730 4779 2781 4831 in
2814 4778 3049 4846 Epistola
3093 4779 3159 4832 ad
3193 4779 3452 4848 Elpidium
3500 4780 3606 4835 142
3647 4790 3728 4835 sat

2146 4871 2421 4939 perspicue
2439 4870 2689 4935 insinuat,
2706 4871 2794 4925 ubi
2809 4871 2881 4925 ait
2897 4888 2955 4925 se
2968 4876 3075 4940 jam
3095 4871 3393 4926 Isaurorum
3413 4873 3728 4927 tumultibus

2145 4960 2425 5016 liberatum
2451 5001 2467 5026 ,
2513 4961 2624 5015 otio
2669 4975 2733 5015 ac
2777 4962 2954 5030 quiete
3001 4961 3100 5015 frui
3141 4972 3301 5031 atque
3345 4962 3396 5016 in
3439 4963 3730 5018 securitate

2144 5052 2358 5120 degere.
2401 5051 2458 5106 In
2499 5050 2675 5108 hieme
2715 5061 2890 5106 autem
2940 5063 3064 5107 tunc
3101 5054 3449 5118 versabatur,
3514 5069 3636 5123 quae
3676 5054 3727 5108 in

2145 5143 2394 5198 Armenia
2421 5144 2660 5210 asperior
2673 5158 2793 5198 esse
2820 5133 3043 5198 solebat.
3062 5142 3295 5198 Joannes
3312 5158 3437 5196 vero
3461 5142 3729 5199 imbecillo

2145 5247 2371 5300 corpore
2389 5232 2657 5300 praeditus,
2673 5233 2798 5286 dum
2819 5233 2982 5302 frigus
3001 5231 3378 5297 szeviret,domi
3395 5247 3455 5286 se
3471 5242 3729 5300 perpetuo

2149 5325 2467 5389 includebat,
2485 5341 2712 5395 raroque
2737 5341 2767 5380 e
2794 5325 2976 5380 limine
2993 5324 3178 5393 pedem
3196 5324 3476 5389 offerebat;
3500 5324 3729 5395 indeque

2149 5415 2342 5470 factum
2391 5424 2449 5470 ut
2491 5417 2543 5470 in
2583 5415 2758 5470 hieme
2800 5415 2887 5470 illa
2931 5416 3068 5470 bona
3096 5415 3398 5470 valetudine
3441 5416 3724 5471 frueretur.

2149 5505 2206 5561 ln
2233 5506 2456 5577 epistola
2485 5522 2697 5575 quoque
2719 5515 2904 5576 quarta
2931 5506 2996 5560 ad
3021 5504 3384 5578 Olympiadem
3410 5507 3483 5561 ait
3507 5523 3569 5563 sc
3591 5507 3723 5562 bona

2151 5596 2452 5652 valetudine
2503 5595 2644 5661 frui,
2693 5608 2852 5667 atque
2899 5599 2949 5652 in
2999 5611 3188 5668 magna
3235 5598 3519 5653 securitate
3569 5613 3724 5662 esse;

2158 5685 2295 5740 adeo
2336 5698 2391 5741 ut
2435 5688 2668 5742 Armenii
2719 5688 2783 5742 ad
2833 5699 3099 5757 stuporem
3155 5703 3320 5759 usque
3366 5690 3719 5750 mirarentur,
