3954 6456
167 346 272 401 261

171 463 322 535 quod
386 461 468 516 vir
527 461 663 516 adeo
727 457 978 514 Imbecilli
1035 456 1276 527 corporis
1307 497 1322 522 ,
1389 451 1778 509 intolerandam

172 554 399 625 frigoris
427 554 534 607 vim
579 551 815 622 perferre
842 559 1055 619 posset,
1087 562 1207 603 cum
1255 546 1288 599 ii
1335 547 1519 609 etiam,
1551 543 1640 614 qui
1691 543 1778 597 tali

175 646 350 701 hiemi
397 646 598 700 assueti
643 652 834 707 erant,
868 641 994 696 hinc
1035 657 1139 695 non
1169 640 1437 709 vulgarem
1466 638 1518 691 in
1564 635 1779 691 modum

177 734 553 793 afﬁcerentur.
583 731 884 804 Olympiadi
918 740 1094 784 autem
1123 744 1184 784 se
1209 728 1420 784 misisse
1446 727 1520 781 ait
1547 726 1738 780 librum
1763 764 1779 785 .

169 839 286 891 quo
336 825 531 894 probat
578 823 842 878 neminem
913 819 1106 874 lmdere
1155 832 1311 888 posse
1352 831 1512 882 cum,
1558 814 1647 885 qui
1691 828 1779 869 se-

177 917 364 987 lpsum
393 931 498 970 non
528 915 691 980 lwdit,
721 918 927 968 necnon
956 911 1118 965 alium
1146 909 1338 964 librum
1375 909 1602 978 idipsum
1628 920 1780 961 com-

177 1008 502 1076 probantem
529 1048 544 1074 ,
576 1021 733 1076 quem
781 1013 1107 1074 postremum
1151 1017 1276 1056 eum
1319 1015 1440 1055 esse
1467 999 1565 1056 cui.
1596 996 1781 1051 titulus

177 1105 305 1163 est,
341 1099 424 1151 Ad
470 1115 555 1152 eos
602 1096 687 1166 qui
733 1093 1065 1150 scandalizati
1110 1101 1265 1160 sunt,
1298 1100 1403 1146 etc.
1431 1132 1446 1157 ,
1489 1089 1600 1160 jam
1647 1089 1781 1143 nihil

180 1187 518 1244 dubitamus.

253 1277 441 1348 Neque
467 1277 678 1332 silentio
706 1274 1130 1346 prmtercundum
1175 1272 1226 1328 id
1255 1271 1396 1342 quod
1441 1269 1597 1340 paulo
1623 1279 1779 1323 antea

181 1366 491 1439 Olympiadi
535 1367 707 1433 dixit,
755 1382 813 1422 se
863 1381 1053 1434 nempe
1099 1372 1248 1419 certo
1297 1365 1351 1416 in
1398 1361 1580 1416 sedem
1629 1373 1778 1413 suam

183 1458 576 1516 resoluendum
596 1458 728 1512 fore.
751 1457 828 1511 En
857 1456 973 1525 ejus
989 1455 1179 1510 verba:
1205 1453 1355 1520 Quod
1378 1453 1422 1506 si
1451 1452 1537 1506 tibi
1555 1449 1780 1505 mereris

182 1565 395 1603 causam
424 1549 477 1601 id
505 1546 674 1613 a/fert,
692 1545 826 1616 quod
854 1563 886 1599 a
914 1545 1056 1598 nobis
1081 1546 1312 1614 sejuncta
1341 1543 1430 1608 sis,
1449 1542 1602 1611 hujus
1630 1541 1780 1594 etiam

183 1641 258 1694 rei
287 1638 462 1695 (artum
509 1640 662 1707 ﬁnem
707 1647 957 1707 exspecta.
989 1637 1150 1707 Atque
1196 1636 1290 1689 hoc
1336 1652 1437 1689 non
1484 1633 1781 1688 consolandi

184 1732 344 1785 animi
373 1731 448 1784 tui
473 1747 626 1784 causa
651 1745 783 1784 nunc
809 1729 943 1794 dico,
961 1728 1050 1782 sed
1072 1728 1190 1796 quia
1215 1727 1532 1798 exploratum
1557 1725 1680 1778 mihi
1706 1733 1780 1778 est

185 1825 257 1878 ita
282 1825 416 1894 fore.
439 1822 578 1877 Nam
599 1823 694 1877 nisi
726 1824 795 1876 ita
821 1823 1210 1892 futurumcsset,
1221 1821 1554 1892 jampridem,
1581 1821 1678 1873 nisi
1703 1835 1782 1873 me

186 1917 361 1982 opinio
385 1917 540 1986 fallit,
561 1932 648 1986 per
664 1915 786 1968 mihi
802 1915 969 1968 illatas
984 1914 1295 1967 calamitates
1323 1930 1350 1966 e
1378 1914 1478 1966 vita
1501 1913 1776 1966 cessissem.

190 2003 257 2060 Ut
284 2006 418 2059 enim
435 2006 585 2058 etiam
599 2005 771 2059 omnia
798 2018 911 2074 qut!
924 2001 1359 2072 ConstantinOpoli
1385 2018 1652 2071 perpessus
1666 2017 1778 2055 sum

189 2104 485 2164 prwteream
511 2135 525 2160 ,
557 2103 742 2164 quanta
765 2135 781 2160 ,
814 2103 1076 2163 postquam
1105 2109 1167 2146 ex
1193 2093 1314 2145 urbe
1341 2092 1530 2145 excessi
1551 2131 1566 2154 ,
1597 2092 1648 2144 in
1676 2099 1780 2144 tam

189 2185 340 2256 longo
367 2201 427 2238 ac
455 2186 661 2239 molesto
686 2186 862 2238 itinere
888 2184 1091 2254 pertuli,
1112 2198 1326 2252 quorum
1348 2183 1506 2234 multa
1532 2181 1782 2250 ejusmodi

188 2285 353 2342 erant,
384 2287 439 2328 ut
465 2285 676 2329 mortem
699 2275 883 2341 all'erre
911 2284 1145 2344 possent;
1174 2283 1363 2342 quanta
1392 2283 1655 2344 postquam
1681 2274 1781 2326 huc

187 2366 320 2431 ueni,
353 2376 540 2436 quanta
571 2377 834 2437 postquam
863 2363 1060 2420 Cucuso
1090 2365 1318 2434 migravi,
1351 2371 1540 2432 quanta
1569 2363 1782 2432 denique

187 2466 456 2526 postquam
502 2455 729 2510 Arabissi
773 2464 1111 2510 commoratus
1161 2471 1274 2508 sum
1297 2494 1312 2517 ,
1363 2455 1645 2523 intelligere
1689 2454 1782 2508 tibi

187 2548 324 2601 licet.
377 2545 454 2602 lla
508 2547 725 2617 putabat
771 2547 858 2602 ille
907 2545 1402 2614 Constantinopolin
1456 2545 1556 2598 sibi
1611 2545 1778 2599 remi-

185 2637 450 2704 grandum
496 2651 635 2692 esse.
667 2637 862 2692 Verum
907 2637 1050 2700 alio,
1096 2651 1254 2707 quam
1302 2636 1585 2705 sperabat,
1618 2637 1780 2692 modo

187 2741 278 2782 res
297 2727 508 2782 cecidit.

266 2817 319 2876 In
350 2817 456 2872 line
495 2827 672 2874 autem
704 2819 939 2888 epistola:
968 2819 1002 2873 4
1030 2817 1095 2873 ad
1124 2817 1489 2889 Olympiadem
1518 2817 1631 2873 haec
1656 2819 1730 2873 ait
1763 2837 1778 2874 :

191 2908 273 2962 De
296 2908 508 2980 Pelagio
533 2912 779 2964 monac/to
804 2927 987 2981 magno
1013 2909 1187 2964 dolore
1210 2909 1422 2976 affectus
1449 2927 1578 2963 sum.
1603 2909 1780 2980 Cogita

185 3002 346 3074 igitur
369 3014 490 3072 quot
516 3003 813 3072 quantisque
836 3003 1034 3056 coronis
1058 3003 1199 3073 digni
1225 3004 1324 3056 sint
1350 3005 1435 3073 qui
1463 3003 1582 3073 forti
1611 3004 1779 3058 animo

186 3111 242 3147 in
287 3097 400 3147 acie
441 3104 718 3157 steterunt,
751 3112 862 3147 cum
906 3095 1076 3159 viros,
1106 3095 1191 3165 qui
1236 3104 1339 3147 tam
1384 3095 1466 3166 pie
1505 3110 1566 3147 ac
1607 3105 1782 3154 sancte

187 3193 428 3253 tantaque
441 3201 553 3238 cum
581 3187 843 3239 tolerantia
860 3187 1108 3250 vixerant,
1126 3185 1290 3256 abripi
1307 3196 1454 3255 atque
1479 3187 1531 3240 in
1548 3189 1780 3257 fraudem

185 3274 383 3339 impelli
407 3276 682 3329 videamus.
705 3276 801 3330 llic
824 3286 1041 3346 putatur
1069 3277 1150 3345 agi
1177 3275 1243 3329 de
1263 3275 1472 3345 Pelagio
1501 3276 1779 3330 lucresiar-

187 3361 287 3416 cha
313 3404 330 3428 ,
360 3364 450 3432 qui
481 3363 583 3418 hoc
613 3373 850 3436 tempore
877 3379 1089 3420 errores
1113 3380 1238 3420 suos
1265 3366 1403 3419 circa
1430 3367 1655 3438 gratiam
1685 3366 1778 3421 Dei

187 3455 463 3523 publicare
483 3457 663 3525 cmpit.

259 3546 408 3602 Inter
435 3548 688 3617 epistolas
715 3547 1098 3619 Chrysostomi,
1129 3563 1262 3620 quas
1290 3548 1426 3604 bene
1453 3549 1643 3602 multas
1667 3547 1776 3617 jam

186 3639 606 3695 memoravimus
627 3679 644 3706 ,
675 3639 793 3694 alia:
822 3639 1064 3710 qumdam
1111 3647 1272 3707 sunt,
1302 3655 1420 3708 quae
1464 3639 1661 3692 nullam
1695 3638 1778 3693 vel

187 3731 450 3800 temporis
475 3732 555 3787 vel
583 3731 880 3787 occasionis
909 3747 1012 3802 qua
1053 3732 1192 3786 data:
1220 3734 1368 3786 fuere
1392 3773 1406 3796 ,
1440 3741 1621 3786 notam
1669 3747 1778 3801 pra:

185 3838 248 3879 se
292 3822 492 3877 ferunt.
543 3823 857 3893 Hujnsmodi
905 3831 1028 3878 sunt
1074 3824 1230 3892 epist.
1275 3823 1345 3878 56
1391 3822 1457 3877 ad
1505 3822 1776 3876 Maronem

187 3916 478 3986 quemdam
528 3915 901 3986 presbyterum
951 3924 1005 3970 et
1035 3915 1352 3969 monachum
1378 3956 1393 3979 ,
1424 3914 1510 3969 cui
1557 3915 1779 3969 sincerae

186 4005 577 4063 benevolentia:
603 4009 750 4078 signa
779 4007 1000 4076 profert,
1028 4007 1262 4075 dicitque
1290 4022 1348 4062 se
1371 4007 1441 4062 ob
1472 4007 1778 4062 tabellario-

188 4115 311 4152 rum
343 4099 618 4166 penuriam
658 4100 831 4154 rarius
874 4100 971 4169 ipsi
1015 4100 1198 4154 literas
1227 4100 1357 4154 dare
1381 4140 1395 4161 .
1425 4107 1480 4153 et
1504 4113 1602 4166 pro
1631 4114 1780 4154 more

188 4197 348 4260 rogat
371 4189 438 4242 de
463 4189 762 4244 valetudine
787 4204 881 4244 sua
904 4191 1187 4244 certiorem
1215 4205 1274 4244 se
1298 4189 1473 4244 faciat.
1502 4189 1780 4260 Ejusmodi

188 4289 320 4335 sunt
345 4281 505 4335 etiam
551 4281 774 4349 epistola
803 4281 872 4336 d6
901 4281 968 4336 ad
1011 4281 1258 4336 Ruﬁnum
1284 4321 1300 4344 ,
1348 4281 1570 4348 epistola
1601 4280 1670 4335 58
1713 4280 1779 4336 ad

188 4367 553 4424 Theodosium
582 4385 647 4425 ex
679 4370 908 4423 Ducibus
932 4386 946 4434 ;
974 4371 1130 4436 epist.
1172 4370 1241 4426 65
1267 4369 1333 4423 ad
1360 4369 1779 4439 Tranquillinum

187 4457 518 4535 quemdam;
565 4459 721 4526 epist.
771 4459 832 4513 7l
884 4459 951 4513 ad
992 4458 1293 4523 Malchum,
1339 4473 1497 4529 quem
1547 4459 1616 4514 ob
1659 4459 1782 4513 filiae

189 4559 423 4603 mortem
452 4557 700 4605 maestum
727 4551 967 4616 solatur;
996 4565 1082 4620 ep.
1111 4551 1181 4606 92
1203 4551 1270 4604 ad
1297 4551 1531 4622 Moysen]
1564 4549 1782 4621 presby-

191 4649 393 4704 terum,
411 4639 501 4708 qui
519 4641 811 4694 monachus
841 4638 1003 4696 fuisse
1020 4639 1256 4695 ferturin
1272 4641 1498 4712 quadam
1527 4642 1779 4711 regione;

190 4730 356 4797 epist.
390 4729 487 4782 l7l
536 4729 603 4783 ad
646 4729 901 4783 Montium
926 4772 942 4796 ,
974 4730 1132 4798 epist.
1166 4731 1267 4785 187
1313 4731 1382 4786 ad
1426 4731 1738 4800 Procopium
1761 4772 1778 4799 ,

193 4819 302 4875 195
354 4818 420 4873 ad
464 4819 852 4886 Claudiannm,
899 4815 999 4877 201
1048 4822 1114 4876 ad
1161 4822 1507 4890 Herculium,
1560 4823 1666 4879 209
1715 4823 1782 4878 ad

191 4911 545 4979 Salvionem,
597 4913 738 4983 quod
791 4929 984 4968 nomen
1035 4915 1184 4970 varie
1234 4917 1488 4985 scriptum
1541 4917 1780 4985 legitur:

192 5005 280 5059 alii
331 5004 473 5057 enim
503 5004 734 5059 Salbioni
766 5005 1002 5070 habent,
1046 5006 1136 5060 alii
1180 5021 1404 5062 numero
1445 5007 1628 5077 plures
1655 5008 1783 5062 Gal-

191 5095 334 5148 bioni
355 5136 371 5159 ,
401 5094 673 5167 fateorque
695 5112 784 5152 me
813 5097 878 5151 ad
909 5097 1046 5152 hanc
1087 5098 1468 5168 praeferendam
1497 5100 1780 5155 lectionem

196 5184 550 5253 propendere.

264 5273 562 5343 Epistolarn
581 5291 709 5332 vero
730 5276 797 5333 ad
823 5277 1111 5334 Caesarium
1133 5281 1448 5334 monachum
1472 5282 1524 5336 in
1549 5282 1783 5340 secundo

197 5380 296 5422 suo
321 5369 548 5436 exsilio,
581 5379 637 5424 ιιι
679 5370 846 5426 fertur
882 5373 934 5426 in
966 5373 1152 5440 titulo,
1199 5389 1228 5427 a
1279 5373 1344 5428 Β.
1401 5374 1461 5429 Ρ.
1510 5376 1779 5445 Lequien,

200 5458 315 5513 viro
340 5459 471 5515 mihi
502 5462 846 5528 amicissimo,
872 5463 980 5532 jam
1008 5464 1368 5533 reprobatam,
1388 5467 1778 5534 supposititiam

203 5561 319 5605 esse
339 5551 580 5621 pluribus
605 5552 945 5621 probavimus
971 5554 1024 5608 in
1055 5554 1252 5609 Monito
1280 5554 1446 5610 Τοπιο
1470 5556 1522 5611 5.
1538 5553 1640 5610 col.
1656 5554 1780 5612 747.

272 5641 613 5713 Chrysostomi
652 5644 842 5697 inimici
887 5644 1040 5698 livore
1076 5647 1292 5716 correpti
1319 5646 1463 5701 illum
1487 5648 1778 5702 Arabissum

207 5741 250 5784 et
277 5742 447 5796 postea
481 5730 780 5801 Pityuntem
799 5735 1061 5788 «mandari
1099 5747 1298 5790 curant.
1337 5766 1410 5778 —-
1449 5738 1548 5792 Per
1592 5739 1780 5794 Orien-

1323 339 1501 397 NUNC
1541 337 1800 394 PRIMUM
1843 335 2241 393 ΑυοιιΝΑτι.

3373 343 3481 404 262

1893 457 1998 504 tem
2022 463 2189 503 meum
2219 449 2475 504 volitabat
2503 448 2724 506 Joannis
2747 451 2917 506 nostri
2939 451 3078 508 fama
3096 495 3112 520 ,
3145 457 3234 524 qui
3285 455 3478 514 Cucusi

1888 549 2147 601 etpostea
2176 541 2414 595 Arabissi
2461 544 2637 608 exsul,
2666 559 2854 600 omnes
2898 547 3102 602 circum
3161 549 3384 618 populos
3422 560 3475 604 et

1890 645 2026 699 pane
2053 641 2107 684 et
2143 633 2317 686 verbo
2345 632 2436 687 Dei
2467 644 2706 701 paverat.
2733 633 3082 692 Conﬂuebant
3124 640 3250 697 item
3303 641 3480 696 Antio-

1887 719 2182 790 chenieius
2205 723 2467 778 invisendi
2495 739 2686 790 causa,
2719 735 2772 780 et
2795 728 3093 783 Antiochia:
3136 729 3252 798 ejus
3277 733 3476 786 sancti-

1889 822 1969 868 tas
2005 815 2415 884 praedicabatur.
2443 817 2568 872 llaec
2594 817 2711 888 ejus
2743 818 3079 874 adversarios
3127 822 3478 892 mordebant,

1887 917 2051 978 atque
2071 910 2282 966 invidia:
2304 911 2517 967 flamma
2539 914 2750 968 accensi
2779 914 3102 971 Severianus
3147 925 3201 972 et
3233 918 3476 990 Porphyc

1887 1005 2028 1069 rius,
2061 1021 2124 1060 ac
2171 1007 2386 1078 quidam
2415 1007 2505 1061 alii
2533 1009 2768 1078 episcopi
2816 1008 3020 1080 Syrias,
3055 1019 3111 1064 ut
3150 1012 3254 1066 alio
3299 1021 3474 1067 trans-

1886 1093 2116 1148 ferretur
2167 1096 2343 1150 moliri
2391 1107 2669 1167 coeperunt
2700 1099 2938 1169 (Pallad.
2989 1098 3246 1173 Dialog.).
3283 1103 3480 1158 Clerici

1883 1199 2098 1254 quoque
2143 1187 2231 1254 qui
2283 1187 2404 1242 illos
2456 1189 2795 1243 sectabantur
2845 1189 3144 1245 mirabundi
3192 1192 3479 1250 dicebant:

1901 1273 2069 1329 Videte
2111 1286 2364 1330 mortuum
2407 1277 2712 1344 terribilem,
2742 1280 2878 1334 vivos
2929 1281 3236 1351 victoresque
3284 1293 3476 1337 terren-

1884 1373 2001 1431 tem,
2032 1376 2086 1418 ut
2113 1383 2295 1434 pueros
2321 1376 2505 1420 terrent
2535 1368 2708 1422 laruas.
2738 1368 2931 1438 Papae!
2965 1370 3004 1422 ii
3027 1371 3112 1440 qui
3149 1370 3475 1425 saecularibus

1885 1457 2211 1524 potestatibus
2244 1468 2394 1528 atque
2439 1460 2787 1514 ecclesiasticis
2832 1462 3012 1528 opibus
3064 1463 3305 1515 succincti
3353 1471 3471 1516 sunt

1889 1561 2004 1600 cum
2026 1557 2272 1616 potestate
2289 1559 2337 1601 et
2364 1565 2478 1602 cum
2508 1566 2673 1602 rerum
2695 1551 2907 1620 imperio
2927 1592 2942 1617 ,
2966 1551 3274 1604 sacerdotem
3292 1551 3480 1618 solum,

1886 1647 2138 1690 extorrem
2159 1679 2173 1703 ,
2194 1654 2404 1709 corpore
2431 1639 2692 1706 inﬁrmum
2711 1681 2726 1704 ,
2753 1640 2977 1694 exsulem
3008 1642 3182 1694 timent
3215 1651 3261 1694 et
3292 1642 3483 1710 pallent

1885 1727 2177 1783 titubantes.
2208 1728 2264 1783 Id
2295 1744 2416 1784 cum
2451 1730 2528 1783 illi
2555 1728 2698 1784 ferre
2721 1745 2824 1783 non
2857 1731 2994 1784 ultra
3020 1740 3275 1802 possent,
3307 1732 3481 1800 impe-

1889 1831 2099 1877 trarunt
2125 1830 2183 1876 ut
2208 1822 2518 1876 Arabissum
2541 1821 2942 1886 transferretur,
2972 1821 3022 1876 id
3054 1831 3303 1876 curantes
3331 1822 3480 1876 vide-

1885 1911 2041 1977 licet,
2077 1921 2134 1965 ut
2159 1913 2208 1965 vi
2232 1912 2578 1965 vexationum
2602 1912 2772 1965 virum
2803 1921 2908 1966 tam
2937 1911 3148 1965 infirmo
3176 1927 3401 1982 corpore
3429 1913 3481 1967 in

1889 2003 2161 2058 interitum
2189 2002 2537 2058 deducerent.
2560 2002 2692 2057 Cum
2713 2012 2890 2057 autem
2936 2018 3042 2057 non
3075 2002 3251 2057 minus
3301 2003 3482 2072 splen.

1885 2092 2036 2147 deret
2063 2093 2295 2158 virtute,
2327 2101 2383 2146 et
2432 2093 2574 2162 paria
2636 2101 2915 2161 praestaret
2969 2092 3206 2146 Arabissi
3255 2092 3322 2146 iis
3365 2108 3484 2163 qum

1885 2181 2076 2237 Cucusi
2103 2183 2212 2251 jam
2231 2181 2503 2247 ediderat,
2543 2197 2730 2236 rursus
2769 2181 2836 2236 ab
2865 2181 2984 2234 aula
3015 2181 3356 2251 lmperatoria
3401 2197 3485 2237 reo

1885 2274 2140 2341 scriptum
2192 2273 2370 2326 acrius
2411 2272 2792 2342 impetrarunt,
2821 2282 2878 2326 ut
2929 2271 3067 2326 intra
3109 2271 3483 2327 brevissimum

1889 2371 2098 2432 tempus
2166 2363 2490 2433 assignatum
2551 2363 2855 2434 Pityuntem
2927 2363 3230 2430 duceretur,
3304 2364 3483 2419 locum

1886 2453 2121 2523 regionis
2149 2453 2449 2508 Tzanorum
2509 2454 2963 2521 desertissimum,
2992 2454 3062 2509 ad
3111 2455 3236 2510 litus
3275 2456 3480 2512 Pontici

1884 2546 2049 2600 maris
2095 2545 2275 2599 situm.

1958 2635 2149 2690 Milites
2177 2643 2353 2688 autem
2387 2633 2626 2689 Prmfecti
2670 2634 2961 2700 Praetorio,
2994 2636 3084 2705 qui
3126 2635 3270 2690 illum
3308 2635 3475 2692 duce-

1885 2726 2049 2792 bant,
2073 2727 2126 2781 in
2150 2727 2233 2781 via
2263 2727 2433 2798 ipsum
2465 2727 2695 2782 maxime
2717 2735 2962 2796 urgentes
2983 2767 2998 2791 ,
3025 2726 3273 2782 dicebant
3316 2727 3367 2781 id
3417 2741 3478 2782 se

1889 2816 2091 2872 habere
2111 2818 2163 2871 in
2199 2816 2497 2881 mandatis;
2527 2817 2596 2870 ita
2626 2824 2685 2870 ut
2707 2817 3113 2886 intelligeretur,
3154 2817 3197 2871 si
3229 2826 3334 2871 tam
3363 2817 3485 2873 diro

1883 2919 2107 2968 vexatus
2123 2911 2174 2965 in
2198 2913 2278 2964 via
2298 2917 2594 2965 moreretur
2610 2908 2864 2972 Joannes,
2884 2909 3002 2963 illos
3023 2909 3086 2962 ad
3107 2909 3337 2977 majores
3355 2924 3480 2979 gra-

1885 3002 1986 3056 dus
2005 3001 2477 3056 evehendosesse.
2512 3000 2660 3056 Unus
2687 3009 2862 3055 tamen
2890 3015 2954 3055 ex
2985 3000 3107 3062 illis,
3137 2999 3207 3055 de
3225 3001 3472 3070 praesenti

1885 3093 2070 3148 militia
2110 3093 2286 3148 minus
2330 3092 2623 3158 sollicitus,
2660 3093 2894 3162 aliquam
2923 3093 2998 3146 illi
3030 3094 3212 3146 furtim
3253 3092 3478 3148 exhibe-

1884 3183 1974 3238 bat
2022 3183 2424 3247 humanitatem.
2453 3183 2600 3236 Alter
2627 3191 2803 3236 autem
2843 3196 3008 3252 usque
3046 3181 3182 3237 adeo
3219 3181 3372 3238 ferox
3420 3194 3477 3239 et

1883 3290 2043 3343 aSper
2061 3283 2195 3338 erat,
2222 3283 2276 3328 ut
2298 3274 2599 3339 blanditias,
2633 3273 2782 3342 queis
2808 3288 2867 3328 se
2892 3282 3233 3328 occurrentes
3261 3273 3476 3345 quidam

1887 3365 2242 3435 precabantur
2272 3373 2329 3418 ut
2353 3374 2538 3419 sancto
2569 3371 2849 3434 parceret,
2878 3379 2975 3437 pro
3005 3365 3214 3434 injuriis
3252 3365 3476 3421 haberet

1885 3456 2014 3512 illud
2040 3472 2203 3512 unum
2225 3464 2470 3525 satagens
2489 3467 2544 3511 ut
2571 3456 2707 3510 mala
2732 3467 2906 3512 morte
2929 3457 3188 3514 Joannem
3235 3469 3472 3516 necaret.

1887 3550 2018 3606 Cum
2052 3552 2224 3620 pluvia
2253 3551 2545 3605 vehemens
2562 3550 2836 3605 decideret
2857 3591 2872 3617 ,
2905 3552 2957 3604 id
2980 3552 3109 3604 nihil
3141 3565 3334 3605 curans
3353 3565 3478 3621 pro-

1887 3640 2361 3705 ficiscebaturille;
2390 3640 2461 3693 ita
2490 3650 2545 3694 ut
2572 3641 2622 3694 in
2645 3639 2806 3695 dorso
2826 3641 2953 3696 etin
2981 3649 3198 3710 pectore
3222 3657 3476 3714 aquarum

1884 3733 1981 3786 rivi
2008 3732 2375 3788 decurrerent.
2417 3733 2688 3804 Ingentem
2740 3749 2924 3789 rursus
2970 3735 3099 3789 solis
3142 3742 3327 3789 uastum
3383 3751 3480 3804 pro

1883 3820 2090 3876 deliciis
2111 3821 2369 3888 habebat,
2397 3837 2518 3876 cum
2542 3831 2724 3877 nosset
2739 3821 2800 3875 Β.
2833 3822 3051 3878 Joannis
3075 3832 3234 3891 caput
3251 3865 3269 3893 ,
3295 3824 3475 3880 Elismi

1885 3914 2052 3968 instar
2076 3914 2317 3981 calvum,
2347 3924 2479 3968 aestu
2505 3915 2705 3970 vexari.
2757 3913 2815 3968 In
2869 3915 2998 3969 urbe
3048 3921 3139 3968 aut
3187 3915 3336 3981 vico,
3382 3917 3474 3972 ubi

1885 4005 2196 4060 balneorum
2225 4004 2472 4059 solatium
2496 4013 2670 4068 esset,
2700 4021 2766 4060 ne
2790 4015 3063 4062 momento
3092 4006 3306 4077 quidem
3352 4023 3476 4078 per-

1889 4095 2134 4150 mittebat
2159 4096 2336 4149 infelix
2361 4096 2447 4150 ille
2469 4095 2731 4152 Joannem
2758 4097 2977 4150 morari.

1959 4187 2015 4241 In
2045 4187 2129 4241 his
2153 4187 2434 4251 omnibus,
2469 4188 2639 4254 inquit
2675 4186 2942 4240 Palladius
2975 4186 3063 4254 (id
3083 4197 3197 4250 est,
3221 4187 3272 4239 ni
3305 4186 3475 4250 fallor,

1887 4281 1939 4335 in
1968 4280 2155 4332 itinere
2179 4278 2487 4332 Arabissum
2510 4318 2523 4339 ,
2550 4277 2637 4330 ubi
2664 4291 2759 4344 per
2782 4276 2995 4345 aliquod
3024 4285 3232 4344 tempus
3259 4277 3476 4342 mansit,

1886 4381 1939 4427 et
1967 4371 2019 4424 in
2045 4370 2232 4424 itinere
2257 4369 2511 4423 Arabisso
2534 4366 2876 4438 Pityuntem)
2907 4382 3000 4436 per
3027 4375 3135 4421 tres
3163 4382 3375 4422 menses
3395 4368 3478 4422 vir

1887 4470 2131 4522 sanctus,
2165 4459 2533 4514 difficillimum
2585 4458 2714 4512 illud
2758 4459 2861 4513 iter
2901 4459 3284 4528 agens,veluti
3330 4460 3478 4516 sidus

1887 4564 2175 4605 coruscans
2227 4549 2530 4620 perstabat,
2565 4549 2734 4619 inquit
2764 4549 3064 4608 Palladius.
3113 4548 3316 4605 habens
3360 4567 3480 4606 eor-

1888 4642 2167 4712 pusculum
2195 4650 2251 4695 ut
2271 4656 2485 4710 pomum
2516 4641 2566 4694 in
2589 4639 2851 4709 supremis
2872 4639 3034 4694 ramis
3063 4654 3092 4694 a
3120 4639 3234 4695 sole
3259 4642 3477 4698 rubens.

1889 4732 2020 4788 Cum
2041 4743 2218 4788 autem
2247 4730 2499 4786 Comanis
2527 4731 3079 4801 appropinquassent,
3113 4731 3305 4802 raptim
3337 4749 3479 4803 prm-

1890 4826 2172 4894 tergressi,
2202 4833 2351 4878 extra
2379 4835 2561 4876 muros
2588 4821 2638 4875 in
2669 4823 2926 4892 martyrio
2972 4822 3206 4893 quinque
3253 4831 3344 4876 aut
3386 4839 3478 4878 sex

1890 4917 2124 4972 millibus
2141 4917 2369 4970 distante
2398 4923 2728 4968 manserunt.
2748 4914 2946 4968 Eadem
2977 4915 3088 4986 ipsa
3120 4924 3275 4969 nocte
3313 4930 3483 4984 appa-

1890 5012 1998 5064 ruit
2021 5007 2211 5064 Joanni
2256 5007 2358 5060 loci
2390 5006 2531 5060 illius
2559 5015 2761 5076 martyr
2793 5006 3007 5060 nomine
3037 5006 3355 5070 Basiliscus,
3389 5007 3478 5074 qni

1891 5100 2176 5166 episcopus
2194 5095 2548 5150 Comanorum
2578 5110 2698 5150 cum
2726 5105 2900 5160 esset,
2933 5095 3242 5166 martyrium
3292 5110 3481 5166 passus

1891 5199 1973 5245 est
2000 5186 2324 5243 Nicomedia:
2352 5187 2405 5240 in
2432 5186 2679 5258 Bithynia
2718 5186 2817 5240 sub
2854 5186 3175 5250 Maximino,
3207 5203 3310 5244 una
3355 5200 3476 5247 cum

1891 5279 2156 5342 Luciano,
2193 5278 2503 5350 presbytero
2527 5277 2890 5344 Antiocheno;
2921 5277 3162 5347 dixitque
3208 5275 3312 5340 illi,
3345 5272 3469 5326 Con-

1891 5374 2023 5443 fido,
2054 5374 2212 5442 frater
2237 5369 2502 5436 Joannes;
2529 5371 2754 5425 crastina
2779 5370 2911 5423 enim
2958 5369 3042 5422 die
3089 5365 3472 5424 simulerimus,

1888 5462 2419 5529 Narrabantautem,
2449 5463 2656 5517 cuidam
2696 5463 2852 5517 etiam
2908 5461 3219 5531 presbytero
3274 5458 3470 5513 ibldem

1890 5554 2124 5609 manenti
2155 5554 2496 5623 praedixisse:
2523 5554 2652 5609 Para
2680 5555 2850 5610 locum
2895 5550 3040 5606 fratri
3079 5548 3298 5610 Joanni;
3329 5553 3474 5609 venit

1888 5647 2052 5702 enim.

1958 5734 2045 5791 Io.
2074 5735 2455 5807 Chrysostomus
2482 5737 2716 5792 Comanis
2747 5737 2794 5788 iu
2825 5735 2984 5788 Ponto
3007 5734 3230 5787 moritur.
3257 5727 3468 5782 ——-0ra-
