3954 6416
497 294 599 349 265

496 405 617 463 culo
645 402 813 458 lldens
829 399 1082 463 Joannes,
1108 394 1344 465 sequenti
1373 391 1459 449 die
1489 393 1683 448 milites
1710 400 1951 459 precatus
1975 398 2078 451 est,

500 506 558 551 ut
582 494 649 548 ad
686 494 869 547 heram
900 490 1136 557 quintam
1167 500 1333 555 usque
1363 484 1433 538 ibi
1458 480 2077 552 perlitatterentwozont.

502 589 615 639 με.
660 598 707 635 c.
739 581 851 649 28).
884 578 959 631 Illi
1014 592 1142 630 vero
1192 574 1322 631 nihil
1350 582 1601 627 curantes
1651 568 1870 640 profecti
1922 576 2079 632 sunt,

499 686 657 743 atque
685 671 754 727 ad
798 672 1009 740 triginta
1037 670 1253 724 circiter
1282 666 1450 720 stadia
1480 674 1792 735 pergentes,
1823 661 1887 715 ad
1936 676 2081 714 mar-

501 767 697 835 tyrium
743 763 883 818 unde
929 762 1288 818 discesserant
1336 759 1510 813 redire
1545 756 1714 812 coacti
1744 764 1901 817 sunt,
1941 752 2082 823 quod

503 855 593 910 ille
629 862 939 925 aegrotaret:
973 850 1159 921 capitis
1198 850 1341 904 enim
1387 849 1571 904 dolore
1619 844 1909 908 laborabat,
1942 842 2085 912 quod

501 944 631 998 solis
668 944 847 998 radios
890 941 1031 997 ferre
1076 957 1181 994 non
1230 949 1429 1011 posset.
1480 938 1567 994 Sic
1614 938 1772 1007 igitur
1800 948 2081 999 reversus,

505 1033 814 1103 splendidas
844 1040 1025 1089 vestes
1042 1075 1057 1099 ,
1082 1033 1185 1085 vita
1211 1046 1303 1085 sua
1330 1031 1516 1101 dignas
1540 1072 1555 1096 ,
1587 1029 1839 1099 requirit,
1868 1037 2085 1082 exutus-

504 1141 608 1196 que
638 1124 928 1195 prioribus,
953 1124 1070 1177 illas
1110 1123 1301 1187 induit,
1337 1122 1584 1176 omnibus
1623 1121 1688 1174 ad
1728 1119 2085 1173 calceamenta

506 1232 676 1285 usque
700 1217 945 1281 mutatis,
974 1224 1134 1285 atque
1162 1215 1294 1268 alias
1326 1213 1676 1283 prtescnlibtts
1704 1211 1990 1266 distribuit.
2023 1211 2088 1264 Et

509 1306 741 1374 sumptis
767 1305 1056 1361 Dominicis
1080 1304 1368 1375 symbolis,
1399 1319 1577 1357 eorum
1604 1302 1931 1356 adstantibus
1960 1301 2087 1354 ulti-

508 1412 647 1449 mam
665 1395 959 1449 orationem
982 1394 1190 1449 emisit:
1213 1403 1268 1448 et
1291 1409 1412 1447 cum
1444 1408 1536 1461 pro
1558 1407 1705 1446 mtre
1729 1406 1826 1445 suo
1847 1390 2086 1454 dixiSset,

509 1483 685 1539 Gloria
712 1482 823 1538 Deo
848 1492 1053 1554 propter
1079 1484 1249 1537 omnia
1271 1523 1286 1548 ,
1313 1491 1369 1537 et
1413 1482 1690 1547 ultimum,
1735 1481 1911 1545 Amen,
1939 1480 2085 1535 obsi-

510 1583 725 1642 gnassct
743 1614 760 1642 ,
792 1574 1064 1644 appositus
1085 1584 1168 1629 est
1189 1573 1255 1628 ad
1284 1581 1461 1643 patres
1478 1586 1603 1626 suos
1631 1580 1683 1627 et
1726 1571 1790 1626 ad
1817 1570 2088 1625 Christum

511 1665 735 1719 transiit.

581 1754 716 1806 Mira
738 1754 793 1809 in
814 1755 924 1824 ejus
952 1753 1195 1823 exsequiis
1241 1754 1601 1807 monachorum
1629 1762 1673 1807 et
1696 1754 1944 1824 virginum
1987 1754 2087 1821 [rec

508 1848 728 1915 quentia.
766 1875 839 1886 -—-
874 1846 1013 1901 Obiit
1041 1856 1219 1901 autem
1247 1848 1312 1901 Η
1338 1846 1698 1916 Septembris,
1729 1846 1962 1900 Honorio
2008 1862 2092 1899 se-

511 1937 737 2006 ptimum
764 1947 819 1992 et
847 1937 1149 1992 Theodosio
1180 1938 1370 1992 iterum
1386 1938 1712 1992 consulibus.
1731 1937 1897 1991 Tanta
1917 1948 2088 1991 autem

511 2027 565 2080 in
591 2027 860 2092 sepultura
888 2027 1005 2095 ejus
1035 2026 1318 2080 multitudo
1348 2028 1645 2096 virginum,
1670 2027 2087 2091 monachorum,

512 2125 568 2169 et
616 2114 840 2169 aliorum
887 2119 1164 2170 sanctitate
1213 2117 1523 2186 fulgentium
1582 2118 1749 2171 adfuit
1804 2133 1835 2172 e
1899 2118 2090 2188 Syria,

512 2203 695 2256 Cilicia
718 2244 735 2270 ,
759 2204 926 2259 Ponto
954 2214 1112 2273 atque
1137 2207 1386 2259 Armenia
1408 2249 1422 2274 ,
1458 2216 1514 2261 ut
1562 2207 1799 2277 plerique
1846 2218 2096 2277 putarent

1122 2302 2517 2316 ___._......____e.__...__.___.______..
2529 2301 2918 2310 Μ..
2949 2301 3217 2310 -____._..
3229 2301 3262 2308 ..
3278 2301 3790 2317 _._.___._____.

518 2305 3791 2357 W

1248 2305 1603 2314 m—

1784 2304 2049 2311 β*

1579 268 2027 326 (ρΟΜΡΕΝΒΙυΜ
2064 266 2638 326 οιιιιοκοιοαιαωι

1298 2398 1702 2460 STILTINGI
1743 2397 2263 2460 COMPENDIUM
2304 2396 2994 2460 CHRONOLOGICUM

3659 276 3759 333 ’σι

2187 384 2333 453 quasi
2364 384 2489 439 dato
2516 385 2668 452 signo
2689 399 2781 438 eos
2799 384 3075 440 advenisse
3096 385 3267 454 (Socr.
3296 387 3332 441 ι.
3356 386 3411 443 ϐ.
3443 404 3490 441 c.
3511 388 3605 442 3|.
3642 388 3760 444 Pat-

2189 477 2292 531 lud.
2320 476 2571 546 Dialog.).
2599 477 2729 530 Cum
2758 475 3063 530 celebritate
3079 485 3278 543 autem,
3308 486 3365 531 ut
3385 480 3554 533 victor
3593 481 3762 534 athle-

2191 576 2272 633 ta,
2305 584 2408 622 una
2460 584 2579 621 cum
2627 568 2878 621 Basilisco
2905 568 2957 622 in
3002 567 3190 622 eodem
3215 570 3472 639 martyrio
3526 571 3766 640 sepultus

2189 668 2288 712 est.
2310 657 2611 711 Adversarii
2636 666 2810 712 autem
2839 657 2984 726 ejus,
3015 658 3102 727 qui
3126 658 3274 712 illum
3311 669 3417 713 tam
3446 660 3564 715 dire
3604 678 3766 716 vexa-

2196 757 2385 802 verant
2409 790 2422 812 ,
2446 749 2606 801 variis
2634 746 2805 801 modis
2836 748 3086 801 ultionem
3115 748 3346 803 divinam
3382 759 3509 804 sunt
3538 752 3760 820 experti.

2194 848 2250 894 ut
2280 839 2519 908 pluribus
2551 846 2727 893 narrat
2749 838 3017 894 Palladius
3042 838 3322 911 (Dialog.).
3354 841 3617 897 Arcadius
3650 859 3770 898 vero

2205 932 2451 1002 princeps
2502 932 2788 1001 iners,qui
2846 930 2999 986 facile
3051 934 3225 1002 pravis
3272 933 3582 1004 dolosisque
3644 951 3770 989 cou-

2191 1026 2323 1086 siliis
2352 1024 2723 1079 circumveniri
2755 1032 2999 1093 poterat,
3031 1033 3151 1093 post
3175 1024 3386 1093 elapsos
3414 1035 3622 1095 septem
3653 1041 3771 1080 eum

2191 1118 2413 1175 dimidio
2434 1132 2651 1175 menses
2689 1115 2758 1171 ab
2795 1116 2943 1170 obitu
2970 1116 3337 1187 Chrysostomi
3369 1127 3612 1170 mortuus
3660 1120 3772 1181 est;

2191 1211 2404 1278 quidam
2433 1221 2561 1265 vero
2609 1205 2680 1264 ob
2705 1205 2877 1260 illatas
2916 1204 3297 1275 Chrysostomo
3336 1205 3669 1259 calamitates
3714 1220 3775 1259 ex

2195 1303 2286 1356 Dei
2340 1302 2571 1357 vindicta
2619 1296 3095 1372 quadragenarium
3133 1296 3395 1350 sublatum
3425 1296 3594 1350 fuisse
3628 1305 3774 1363 puta-

2194 1405 2337 1450 runt.

2264 1486 2459 1555 Corpus
2486 1486 2596 1555 ejus
2622 1483 3092 1553 Constantinopolin
3138 1477 3375 1537 relatum.
3413 1505 3489 1517 --
3528 1476 3778 1531 Memoria

2193 1579 2249 1633 S.
2281 1577 2501 1632 Joannis
2539 1574 2903 1647 Cbrysostomi
2933 1576 3088 1645 paqu
3118 1585 3234 1644 post
3284 1575 3489 1630 obitutn
3538 1569 3656 1645 ejus
3693 1584 3781 1635 per

2198 1678 2367 1723 totum
2410 1668 2596 1723 orbem
2648 1668 2891 1720 restituta
2943 1664 3390 1735 fuit(TItcodoret.
3428 1666 3464 1719 ι.
3586 1681 3634 1717 c.
3668 1658 3779 1736 5(5).

2194 1764 2402 1831 Corpus
2427 1770 2604 1816 autem
2640 1760 2755 1828 ejus
2782 1756 3274 1825 Constantinopolin
3300 1771 3421 1810 eum
3465 1756 3671 1825 ingenti
3696 1773 3773 1809 ec-

2196 1853 2441 1908 lebritate
2483 1853 2709 1907 relatum
2770 1850 2865 1902 fuit
2909 1864 3047 1901 anno
3099 1848 3226 1902 4'58.
3272 1846 3611 1901 Theodosius
3656 1862 3781 1900 vero

2193 1945 2373 2014 junior
2400 1944 2712 2011 Imperator,
2743 1940 2912 2009 inquit
2931 1939 3296 1993 Theodoretus
3318 1979 3333 2006 ,
3361 1938 3550 1992 oculos
3569 1949 3621 1992 et
3646 1936 3781 1992 fron-

2200 2044 2306 2090 tem
2334 2032 2510 2087 loculo
2534 2031 2823 2085 admovens
2845 2072 2859 2096 ,
2884 2045 2981 2099 pro
3007 2030 3314 2098 parentibus
3358 2027 3470 2082 suis
3514 2027 3780 2095 supplica-

2202 2126 2313 2190 vit,
2345 2133 2529 2193 petens
2549 2122 2689 2175 utiis
2710 2163 2724 2187 ,
2755 2121 2845 2190 qui
2875 2136 2968 2190 per
2993 2119 3401 2189 imprudentiam
3433 2126 3751 2188 peccassent
3772 2152 3786 2177 ,

2202 2213 2409 2266 veniam
2432 2211 2771 2265 concederet.

2529 2301 2888 2310 ψ

2977 2301 3217 2310 ———-——~

3229 2301 3485 2309 ..ρ-*ἠ

3490 2299 3790 2317 ‘_—-—-"__—__—

503 2534 1157 2618 GESTORUM
1204 2534 1353 2615 ET
1402 2532 2169 2616 SCRIPTORUM
2222 2532 2313 2615 S.
2365 2531 2845 2616 JOANNIS
2918 2533 3789 2625 CHRYSOSTOMI,

1180 2688 1566 2732 EXCERPTUH
1611 2688 1693 2729 EX
1737 2687 1917 2731 ACTIS
1962 2685 2339 2730 SANCTOBUM
2384 2688 2609 2732 MENSIS
2654 2690 2829 2732 SEPT.
2875 2691 2934 2733 Τ.
2982 2690 3071 2733 ιν.

535 2793 901 2865 Compendittm
925 2791 1335 2865 cltronologirum
1363 2801 1615 2862 gestorum
1653 2800 1701 2845 et
1740 2791 2063 2861 scriptorum,

1047 2873 1167 2914 ante
1191 2862 1533 2914 diaconatum.

573 2933 727 2989 Circa
752 2946 949 2987 annum
976 2931 1082 2987 514
1115 2938 1271 2987 natus
1299 2942 1383 2987 est
1410 2933 1470 2987 ὃ.
1500 2930 1736 2987 Joannes
1775 2933 2098 3002 Chrysosto-

506 3017 648 3059 mus.

575 3073 735 3127 Circa
784 3087 983 3126 annum
1028 3072 1155 3139 569,
1213 3072 1470 3127 absolutis
1521 3072 1840 3141 eloquentia:
1889 3072 2098 3138 studiis,

505 3157 688 3199 sacras
731 3143 917 3197 literas
964 3142 1173 3197 discere
1221 3143 1422 3211 incipit,
1464 3155 1765 3209 exponente
1812 3146 1850 3199 S
1894 3144 2103 3198 Meletio

510 3214 786 3284 episeopo,
817 3212 904 3283 qui
935 3212 1196 3268 Joannem
1225 3212 1461 3283 baptizat
1486 3214 1576 3268 illo
1607 3222 1865 3284 tempore.
1890 3214 1985 3269 llic
2011 3215 2104 3269 de-

515 3283 642 3339 tmle
673 3283 841 3338 lector
870 3283 1168 3338 ordinatus.

588 3354 742 3408 Circa
770 3353 977 3426 initium
1005 3355 1128 3407 anni
1161 3353 1285 3419 3:72,
1318 3354 1554 3423 relegam
1591 3355 1649 3410 S.
1674 3355 1903 3419 Meletio,
1933 3354 2104 3426 Chry-

512 3433 785 3479 snstomus
815 3425 1095 3494 magistros
1121 3426 1311 3494 accipit
1348 3425 1647 3480 Carterinm
1695 3437 1749 3480 et
1793 3425 2101 3490 Diodorum,

510 3496 843 3566 :uquuorum
868 3492 1203 3563 disciplinam
1239 3492 1445 3551 deinde
1500 3496 1763 3566 pertrahit
1818 3496 2103 3552 Maximum

509 3575 565 3616 et
594 3563 960 3620 Theodorum.

585 3634 739 3706 tiirca
761 3648 963 3688 annuat
992 3634 1096 3689 573
1118 3635 1303 3689 scribit
1332 3636 1439 3691 dno
1468 3638 1635 3706 prima
1665 3638 1954 3706 opuscula,
2009 3652 2102 3692 seu

517 3704 801 3776 epistolam
829 3706 1099 3775 genuinam
1122 3706 1189 3759 ad
1211 3704 1550 3762 Theodorum
1580 3704 1802 3776 lapsum.
1830 3709 1892 3763 T.
1919 3708 1958 3760 Ι.

587 3774 743 3831 Circa
770 3774 970 3830 annum
998 3776 1137 3849 _574_
1161 3778 1388 3849 Sanctus
1424 3774 1680 3848 quaeritur
1720 3778 1787 3833 ad
1830 3779 2106 3849 episcopa-

517 3854 628 3900 tum
656 3861 671 3908 ;
698 3854 755 3900 at
780 3861 840 3900 se
859 3846 1179 3901 occultando
1207 3848 1404 3903 evadit.

586 3916 701 3971 Sub
725 3915 884 3970 liuent
909 3917 1034 3970 anni
1065 3918 1189 3990 574,
1216 3928 1307 3990 aut
1333 3918 1541 3990 initium
1587 3919 1710 3972 anni
1737 3919 1861 3984 575,
1898 3919 2104 3990 ample-

511 3987 673 4040 ctitur
710 3990 872 4040 vitam
900 3988 1245 4041 monasticam
1269 3988 1320 4042 iu
1352 3989 1656 4043 solitudine.

512 4126 558 4182 Τ
585 4055 739 4178 (:irca
765 4072 963 4112 annum
990 4058 1095 4114 375
1119 4060 1299 4129 scripti
1346 4074 1440 4113 sex
1485 4059 1604 4114 libri
1655 4060 1725 4116 de
1775 4060 2101 4116 Sacerdotio.

590 4199 745 4252 Anno
787 4198 894 4272 376
929 4199 1112 4272 scripti
1130 4209 1245 4272 tres
1275 4200 1396 4257 libri
1422 4200 1679 4259 adversus
1704 4201 2108 4272 Oppugnatores

511 4272 639 4320 v't't-
671 4270 999 4324 monasticm.
1028 4271 1093 4325 Τ.
1128 4270 1167 4324 l.

594 4338 752 4411 lj‘orte
781 4355 889 4394 non
914 4340 1004 4394 ditt
1031 4350 1175 4409 post,
1206 4358 1269 4397 ac
1296 4341 1659 4397 verisimiliter
1688 4344 1738 4395 in
1797 4343 2104 4411 solitudine,

515 4409 718 4481 scripta
746 4411 1089 4481 Comparatio
1118 4413 1258 4477 regis
1286 4422 1343 4468 et
1367 4414 1640 4468 monachi.
1669 4413 1734 4467 Τ.
1766 4413 1816 4470 ι.

597 4478 728 4553 Item
760 4479 812 4531 in
835 4478 1126 4553 solitudine
1152 4481 1385 4553 scriptus
1432 4482 1569 4535 liber
1590 4484 1657 4553 de
1686 4482 2110 4553 Compnnctione

516 4547 595 4624 ad.
617 4546 943 4624 Demetrium
969 4564 984 4614 ;
1010 4558 1153 4624 post
1192 4546 1333 4624 15mg
1381 4566 1510 4605 vero
1554 4551 1691 4607 alter
1732 4546 2110 4624 de'Compun-

526 4614 707 4670 ctione
736 4616 803 4671 ad
829 4614 1176 4672 Stelechium.
1204 4620 1268 4674 Τ.
1298 4619 1340 4674 l.

596 4688 756 4763 Anno
796 4687 960 4763 _377,_
980 4698 1072 4763 aut
1110 4690 1243 4763 7578,
1278 4691 1626 4760 probabiliter
1669 4694 1852 4763 scripti
1899 4703 2007 4751 tres
2043 4696 2111 4752 ad

520 4756 903 4813 consolandum
926 4758 1213 4830 Stagirium
1237 4756 1677 4832 energumenum.
1706 4756 1836 4820 Τ.Ἰ.

1122 4832 1189 4885 In
1213 4834 1503 4887 diaconum.

593 4898 1057 4973 Suhlincmanni
1099 4903 1224 4970 580,
1257 4914 1349 4959 aut
1392 4904 1598 4958 initium
1628 4905 1753 4959 anui
1794 4907 1928 4973 58l,
1975 4908 2110 4963 San-

517 4980 655 5047 etus,
678 4970 752 5022 ob
781 4971 1024 5047 morbum
1048 4989 1114 5028 ex
1139 4991 1324 5031 eremo
1349 4975 1685 5031 Antiochiam
1723 4970 1990 5044 reversus,
2018 4997 2110 5033 or-

521 5038 740 5094 dinatur
762 5041 1040 5097 diaconus.

596 5112 892 5191 ἠπίη-531
923 5115 1160 5191 scriptus
1185 5118 1322 5172 liber
1347 5118 1424 5191 ad,
1456 5118 1679 5174 Viduam
1720 5119 2014 5189 jttnioretn,
2046 5136 2111 5177 ac

518 5180 873 5305 εέοὺςὼὶιίωι·
898 5183 963 5238 ad
993 5180 1234 5241 eamdem
1269 5204 1374 5242 non
1396 5189 1485 5243 ditt
1516 5199 1636 5260 post
1661 5180 1890 5262 scriptus
1912 5180 2011 5246 est,
2040 5194 2104 5247 li'

589 5267 614 5304 1⁹
642 5251 709 5305 (lc
739 5269 845 5305 non
877 5253 1119 5305 ilet'andu
1138 5257 1419 5305 Ctminein-
1448 5260 1511 5305 'l‘-
1548 5260 1585 5305 l-

589 5267 614 5327 ς
642 5251 845 5327 denon
877 5253 1119 5327 iterando
1138 5257 1419 5327 Conjugio.
1448 5251 1528 5314 Τ.’
1547 5260 1586 5313 Ι.

550 5391 563 5442 i
586 5319 957 5451 ltmliacpntitu
983 5319 1600 5398 probabilitcr'cxaratus
1620 5342 1705 5387 est
1746 5333 1878 5389 liber
1904 5333 1973 5389 de
2004 5332 2112 5388 \‘ir-

568 5408 620 5445 tu
702 5410 751 5448 e.
835 5437 848 5449 .
904 5434 918 5448 .
2000 5444 2005 5451 .

513 5395 751 5458 ginitate.
784 5395 848 5451 Τ.
876 5395 918 5450 Ι.
984 5395 1002 5398 “
2000 5444 2005 5453 .

588 5460 963 5547 C_irca_annum
996 5468 1102 5524 582
1131 5472 1457 5547 coniposiLus
1479 5472 1615 5547 liber
1653 5476 1706 5529 in
1736 5474 1792 5530 S.
1826 5472 2107 5547 Babylam,

515 5541 705 5610 contra
736 5533 1004 5593 Julianum
1035 5550 1089 5593 et
1111 5533 1355 5610 gentiles.
1379 5541 1442 5597 T.
1477 5542 1538 5597 ΙΙ.

547 5597 615 5685 ΞΙη
654 5597 1340 5685 diaconattrverisimililer
1368 5615 1567 5682 scripta
1611 5615 1871 5685 Synupsis
1913 5617 1964 5669 in
2013 5632 2108 5669 va-

515 5675 625 5755 rios
653 5682 825 5755 sacra:
847 5675 1134 5745 Scriptura:
1169 5683 1373 5755 libros;
1428 5675 1520 5738 sed
1567 5675 1697 5747 tota,
1748 5675 1907 5755 quam
1946 5686 2113 5745 edidit

518 5740 1088 5818 Mmttfauc0ttus,'nou
1115 5763 1195 5808 est
1225 5740 1611 5824 Utrististorui.
1649 5740 1710 5811 Τ.
1749 5740 1832 5809 ἡ.

2566 2814 2631 2870 In
2659 2815 3029 2887 presbyteratus
3072 2834 3205 2871 anno
3228 2819 3409 2887 primo.

2282 2927 2433 3003 Circa
2483 2929 2689 2983 initium
2735 2931 2860 2983 anni
2913 2932 3018 2986 586
3064 2931 3478 3003 Chrysostomus
3517 2930 3793 3003 ordinatur

2211 3000 2511 3121 presbyter,
2541 3015 2837 3063 munusque
2878 3000 3227 3057 concionandi
3273 3002 3511 3065 ordiens,
3569 3002 3788 3070 primam

2250 3071 2370 3121 abet
2399 3070 2697 3121 llmniliam.
2722 3070 2786 3121 T.
2820 3071 2859 3121 Ι.

2250 3071 2370 3124 abet
2399 3070 2697 3125 llomiliatn.
2722 3070 2786 3126 T.
2820 3071 2859 3124 Ι.

2284 3140 2410 3194 Post
2438 3140 2592 3205 hanc,
2626 3157 2812 3197 mense
2829 3143 3083 3198 Januario
3107 3155 3202 3198 aut
3243 3143 3537 3199 Februario
3566 3185 3582 3207 ,
3640 3141 3795 3196 habet

2212 3210 2496 3266 llomiliam
2521 3212 2589 3266 de
2619 3212 2768 3278 Ozia,
2797 3228 2915 3268 eam
2947 3215 3220 3276 nimirum,
3269 3230 3387 3280 qum
3416 3215 3484 3265 de
3527 3228 3599 3267 eo
3643 3227 3796 3280 argu-

2212 3292 2393 3335 mento
2442 3284 2674 3337 secunda
2721 3294 2805 3338 est
2857 3285 3133 3353 impressa.
3166 3284 3230 3339 Τ.
3266 3283 3350 3338 VI.
3404 3283 3620 3339 Seenta:
3673 3290 3794 3335 sunt

2211 3360 2336 3423 ante
2374 3353 2845 3423 Quadragesimam
2879 3364 2986 3408 tres
3009 3356 3125 3408 alite
3149 3355 3216 3409 de
3240 3353 3365 3409 Ozia
3409 3364 3503 3408 ant
3543 3356 3617 3409 de
3642 3356 3795 3410 Sera.

2214 3422 2411 3492 phinis,
2436 3422 2681 3478 videlicet
2712 3427 2886 3492 tertia,
2915 3427 3101 3493 quinta
3123 3433 3179 3480 et
3203 3435 3371 3479 sexta.
3426 3467 3447 3476 -

2286 3492 2344 3546 In
2380 3495 2640 3564 principio
2665 3495 3093 3566 Quadragesima:
3119 3495 3351 3551 inchoati
3373 3506 3499 3551 sunt
3522 3506 3652 3551 octo
3677 3500 3794 3557 Ser-

2213 3580 2401 3619 mones
2432 3567 2483 3619 in
2514 3566 2786 3620 Genesim.
2815 3566 2877 3620 T.
2905 3566 2993 3620 IV.

2285 3635 2351 3707 In
2373 3635 2558 3707 eadem
2585 3636 3019 3707 Quadragesima,
3044 3646 3432 3706 consequenter
3449 3651 3638 3691 mense
3665 3640 3795 3695 Mar-

2215 3705 2306 3780 tio,
2339 3705 2532 3780 habita:
2572 3705 2818 3761 videntur
2842 3708 2964 3780 alia:
2989 3705 3508 3780 qttinquellontilize
3530 3748 3550 3780 ε
3610 3726 3795 3780 nempe

2216 3776 2334 3829 dum
2366 3776 2432 3829 de
2462 3777 2845 3846 l‘r0pbetarum
2872 3776 3217 3833 obscuritate.
3250 3776 3315 3831 T.
3362 3778 3402 3831 Ι.
3431 3778 3588 3831 tertia
3617 3776 3795 3835 com-ra

2215 3846 2535 3917 litauit-Inuus
2554 3847 2817 3913 dicentes,
2854 3849 3133 3902 Dmmones
3171 3849 3473 3917 gubernare
3517 3851 3793 3905 mundum.

2214 3916 2276 3989 Τ.
2306 3916 2365 3968 ΙΙ.
2394 3929 2575 3985 quarta
2605 3930 2790 3973 contra
2813 3920 3095 3989 ignaviam.
3123 3916 3259 3972 Ibid.
3289 3928 3343 3973 et
3370 3917 3553 3988 quinta
3577 3921 3649 3975 de
3676 3923 3794 3976 Dia-

2214 3987 2340 4041 bolo
2357 3997 2639 4043 lentalore.
2668 3989 2802 4043 Ibid.

2286 4058 2488 4113 Eodem
2515 4075 2677 4124 anno,
2703 4060 3064 4116 verisimiliter
3087 4073 3271 4115 mense
3291 4058 3448 4128 Majo,
3483 4058 3669 4116 habita
3696 4061 3794 4118 llo—

2215 4130 2358 4183 milia
2385 4130 2436 4183 in
2463 4129 2517 4184 S.
2547 4130 2839 4185 Meletinm.
2872 4130 2934 4183 T.
2973 4130 3036 4184 ΙΙ.

2289 4199 2489 4254 Eodem
2516 4201 2875 4255 verisimiliter
2901 4217 3043 4255 anno
3063 4198 3789 4271 a‘grotavitChrvsostomus.

2216 4269 2803 4341 habuitquellmniliam
2844 4272 2897 4325 in
2951 4271 3080 4327 illud
3117 4269 3415 4340 'Apostoli:
3471 4269 3590 4325 Hoc
3638 4284 3795 4325 autem

2213 4343 2416 4406 scitote,
2450 4352 2554 4396 etc.
2585 4342 2649 4396 T.
2678 4341 2764 4397 Vl.

2286 4412 2467 4467 Mense
2497 4413 2735 4479 Augusto
2775 4412 2953 4468 habita
2998 4420 3083 4468 est
3124 4410 3351 4466 Homilia
3393 4412 3566 4478 prima
3617 4423 3792 4467 contra

2216 4484 2527 4537 Anomuros.
2583 4482 2646 4536 T.
2708 4484 2746 4537 l.
2825 4484 2954 4537 Post
3017 4484 3151 4538 hanc
3199 4481 3300 4535 sub
3362 4481 3523 4535 ﬁnem
3579 4482 3795 4551 Augusti

2215 4565 2307 4607 aut
2328 4554 2533 4607 initium
2563 4553 2914 4620 Septembris,
2942 4554 3168 4609 Sanctus
3193 4551 3373 4606 dicere
3426 4552 3595 4619 cmpit
3618 4563 3795 4607 contra

2216 4625 2453 4688 Judzeos,
2488 4624 2776 4693 habuitque
2800 4635 3193 4693 consequenter
3206 4623 3342 4677 duas
3369 4622 3578 4690 priores
3599 4625 3797 4677 oratio-

2214 4709 2313 4750 nes
2337 4706 2521 4750 contra
2541 4692 2775 4750 Judans.
2803 4696 2867 4749 Τ.
2901 4696 2941 4749 Ι.
2963 4692 3020 4750 et
3046 4695 3183 4749 forte
3200 4693 3335 4747 alias
3361 4692 3519 4748 hodie
3541 4694 3793 4761 perditas.

2287 4766 2469 4822 Mense
2509 4766 2791 4820 Novembri
2834 4767 3060 4821 Sanctus
3090 4765 3315 4819 resumit
3359 4763 3656 4818 certamina
3711 4765 3798 4817 ad-

2217 4853 2405 4891 versus
2435 4839 2738 4899 Anommos,
2765 4836 2959 4905 illoque
2992 4846 3046 4890 et
3090 4834 3331 4903 sequenti
3382 4847 3569 4887 mense
3616 4844 3797 4887 contra

2219 4908 2337 4961 illos
2365 4908 2529 4961 habet
2556 4908 2813 4961 llomilias
2841 4906 3152 4971 secundam,
3183 4906 3418 4969 tertiam,
3469 4915 3719 4973 quartam
3750 4912 3799 4957 et

2215 4980 2454 5047 quintam
2484 4979 2553 5032 de
2577 4977 3127 5045 lncomprehensibili.

2287 5049 2415 5103 Post
2457 5049 2668 5104 tertiam
2716 5043 2856 5105 dicta
2915 5047 3123 5103 videtur
3167 5044 3391 5100 llomilia
3444 5043 3515 5100 de
3561 5045 3794 5100 Anatha-

2217 5130 2377 5175 tnate.
2410 5120 2472 5175 T.
2497 5121 2536 5173 Ι.

2292 5192 2416 5246 Post
2443 5192 2682 5260 quintam
2711 5205 2837 5244 vero
2867 5199 3064 5244 secuta:
3091 5187 3338 5242 videntur
3361 5185 3481 5260 dna:
3521 5185 3676 5260 aliae,
3724 5185 3796 5239 ni-

2217 5262 2408 5316 mirum
2430 5254 2497 5317 de
2527 5262 2640 5315 Non
2670 5261 2944 5331 vulgandis
2968 5261 3191 5314 fratrum
3239 5258 3489 5327 peccatis.
3520 5254 3587 5311 Τ.
3614 5257 3699 5310 lll.
3744 5265 3793 5308 et

2215 5334 2283 5387 de
2310 5332 2422 5386 Non
2445 5332 2801 5401 desperando.
2833 5331 2914 5384 Ib.

2289 5405 2384 5459 Die
2407 5404 2507 5458 XX
2534 5397 2842 5459 Decembris
2865 5402 3094 5458 llomilia
3120 5401 3176 5455 iu
3201 5400 3259 5455 Ξ.
3292 5399 3668 5470 Philogonium
3698 5397 3792 5451 ba-

2215 5474 2344 5530 bita.
2363 5474 2428 5530 Τ.
2467 5475 2503 5528 Ι.

2289 5545 2383 5601 Die
2408 5545 2556 5600 XXV
2605 5544 2913 5600 Decembris
2959 5542 3138 5598 habita
3186 5539 3413 5597 Homilia
3464 5541 3516 5593 in
3556 5538 3793 5593 Natalem

2217 5617 2445 5671 Domini.
2471 5617 2535 5671 Τ.
2567 5615 2630 5671 ΙΙ.

2288 5689 2426 5742 Ante
2454 5690 2613 5743 tinem
2636 5688 2759 5740 anni
2785 5686 2991 5756 ligenda
3018 5684 3246 5742 Humilia
3276 5685 3327 5737 in
3370 5681 3658 5807 alqttentes
3707 5680 3792 5734 illo

2288 5760 2458 5807 mstoli
2481 5758 2645 5807 diem-
2672 5757 2792 5807 Sive
2818 5774 2907 5807 oar
2931 5756 3267 5807 occasionem.
3289 5764 3395 5807 etc.
3474 5791 3489 5805 .
3532 5749 3618 5806 ill.

2219 5760 2458 5830 Apostoli
2481 5758 2645 5827 dicto,
2672 5757 2792 5813 Sive
2817 5749 2907 5829 per
2931 5756 3267 5822 occasionem,
3289 5764 3395 5810 ctc.
3426 5749 3489 5807 Τ.
3532 5749 3618 5806 ill.
