  <div class='ocr_page' id='page_1' title='image "/cluster/home/n/w/nwhite01/storage/ocr_20150623/47:no.1:pt.1/coo.31924054869460/233.png"; bbox 0 0 3954 6420; ppageno 0'>
   <div class='ocr_carea' id='block_1_1' title="bbox 588 338 3842 404">
    <p class='ocr_par' dir='ltr' id='par_1_1' title="bbox 588 338 3842 404">
     <span class='ocr_line' id='line_1_1' title="bbox 588 338 3842 404; baseline -0.003 -5"><span class='ocrx_word' id='word_1_1' title='bbox 588 345 685 400; x_wconf 69' lang='lat' dir='ltr'><strong>an</strong></span> <span class='ocrx_word' id='word_1_2' title='bbox 2013 338 2344 397; x_wconf 72' lang='lat' dir='ltr'><strong>MONITUM.</strong></span> <span class='ocrx_word' id='word_1_3' title='bbox 3743 345 3842 404; x_wconf 65' lang='lat'><strong>273</strong></span> 
     </span>
    </p>
   </div>
   <div class='ocr_carea' id='block_1_2' title="bbox 554 454 2150 535">
    <p class='ocr_par' dir='ltr' id='par_1_2' title="bbox 554 454 2150 535">
     <span class='ocr_line' id='line_1_2' title="bbox 554 454 2150 535; baseline -0.003 -23"><span class='ocrx_word' id='word_1_4' title='bbox 554 473 776 535; x_wconf 73' lang='lat' dir='ltr'><strong>pensent</strong></span> <span class='ocrx_word' id='word_1_5' title='bbox 792 476 805 522; x_wconf 92' lang='lat'><strong>;</strong></span> <span class='ocrx_word' id='word_1_6' title='bbox 850 458 953 514; x_wconf 77' lang='grc'><strong>150</strong></span> <span class='ocrx_word' id='word_1_7' title='bbox 979 458 1045 511; x_wconf 91' lang='lat' dir='ltr'><strong>ad</strong></span> <span class='ocrx_word' id='word_1_8' title='bbox 1073 456 1370 535; x_wconf 31' lang='lat' dir='ltr'><strong>-alaximum</strong></span> <span class='ocrx_word' id='word_1_9' title='bbox 1399 457 1709 535; x_wconf 72' lang='lat' dir='ltr'><strong>episcopum</strong></span> <span class='ocrx_word' id='word_1_10' title='bbox 1733 472 1748 522; x_wconf 89' lang='lat'><strong>;</strong></span> <span class='ocrx_word' id='word_1_11' title='bbox 1783 456 1873 535; x_wconf 76' lang='grc'>151</span> <span class='ocrx_word' id='word_1_12' title='bbox 1898 455 1970 535; x_wconf 82' lang='lat' dir='ltr'><strong>ad</strong></span> <span class='ocrx_word' id='word_1_13' title='bbox 1998 454 2150 508; x_wconf 82' lang='lat' dir='ltr'><strong>Asel-</strong></span> 
     </span>
    </p>
   </div>
   <div class='ocr_carea' id='block_1_3' title="bbox 559 525 2145 606">
    <p class='ocr_par' dir='ltr' id='par_1_3' title="bbox 559 525 2145 606">
     <span class='ocr_line' id='line_1_3' title="bbox 559 525 2145 606; baseline -0.003 -25"><span class='ocrx_word' id='word_1_14' title='bbox 559 531 664 606; x_wconf 73' lang='lat' dir='ltr'><strong>lum</strong></span> <span class='ocrx_word' id='word_1_15' title='bbox 694 530 1033 606; x_wconf 61' lang='lat' dir='ltr'><strong>episcopum;</strong></span> <span class='ocrx_word' id='word_1_16' title='bbox 1067 530 1200 606; x_wconf 66' lang='grc' dir='ltr'><strong>1ἷξξ2,</strong></span> <span class='ocrx_word' id='word_1_17' title='bbox 1234 530 1357 606; x_wconf 42' lang='grc'>155..</span> <span class='ocrx_word' id='word_1_18' title='bbox 1396 525 1705 606; x_wconf 31' lang='lat' dir='ltr'><strong>lii-inegit}!</strong></span> <span class='ocrx_word' id='word_1_19' title='bbox 1734 525 1800 579; x_wconf 88' lang='lat' dir='ltr'><strong>ad</strong></span> <span class='ocrx_word' id='word_1_20' title='bbox 1825 527 2105 606; x_wconf 55' lang='lat' dir='ltr'><strong>ejuseopos</strong></span> <span class='ocrx_word' id='word_1_21' title='bbox 2130 565 2145 589; x_wconf 95' lang='lat'><strong>,</strong></span> 
     </span>
    </p>
   </div>
   <div class='ocr_carea' id='block_1_4' title="bbox 557 595 2142 669">
    <p class='ocr_par' dir='ltr' id='par_1_4' title="bbox 557 595 2142 669">
     <span class='ocr_line' id='line_1_4' title="bbox 557 595 2142 669; baseline -0.003 -17"><span class='ocrx_word' id='word_1_22' title='bbox 557 597 658 652; x_wconf 75' lang='lat' dir='ltr'><strong>H8</strong></span> <span class='ocrx_word' id='word_1_23' title='bbox 684 595 750 669; x_wconf 85' lang='lat' dir='ltr'><strong>ad</strong></span> <span class='ocrx_word' id='word_1_24' title='bbox 778 595 1078 669; x_wconf 66' lang='lat' dir='ltr'><strong>Cyﬁaeum,</strong></span> <span class='ocrx_word' id='word_1_25' title='bbox 1116 598 1462 669; x_wconf 82' lang='lat' dir='ltr'><strong>Demetrium.</strong></span> <span class='ocrx_word' id='word_1_26' title='bbox 1488 595 1801 669; x_wconf 84' lang='lat' dir='ltr'><strong>Palladium,</strong></span> <span class='ocrx_word' id='word_1_27' title='bbox 1833 596 2104 669; x_wconf 72' lang='lat' dir='ltr'><strong>Enlysitun</strong></span> <span class='ocrx_word' id='word_1_28' title='bbox 2126 633 2142 658; x_wconf 94' lang='lat'><strong>,</strong></span> 
     </span>
    </p>
   </div>
   <div class='ocr_carea' id='block_1_5' title="bbox 555 666 2147 790">
    <p class='ocr_par' dir='ltr' id='par_1_5' title="bbox 555 666 2147 790">
     <span class='ocr_line' id='line_1_5' title="bbox 555 666 2147 749; baseline -0.003 -28"><span class='ocrx_word' id='word_1_29' title='bbox 555 666 838 738; x_wconf 83' lang='lat' dir='ltr'><strong>episcopos</strong></span> <span class='ocrx_word' id='word_1_30' title='bbox 863 668 1200 749; x_wconf 76' lang='lat' dir='ltr'><strong>Orientales;</strong></span> <span class='ocrx_word' id='word_1_31' title='bbox 1235 669 1335 722; x_wconf 85' lang='grc'>168</span> <span class='ocrx_word' id='word_1_32' title='bbox 1362 668 1426 720; x_wconf 90' lang='lat' dir='ltr'><strong>ad</strong></span> <span class='ocrx_word' id='word_1_33' title='bbox 1460 667 1687 721; x_wconf 75' lang='lat' dir='ltr'><strong>l’robam</strong></span> <span class='ocrx_word' id='word_1_34' title='bbox 1713 675 2009 719; x_wconf 88' lang='lat' dir='ltr'><strong>matronam</strong></span> <span class='ocrx_word' id='word_1_35' title='bbox 2042 666 2147 718; x_wconf 81' lang='lat' dir='ltr'><strong>Ro-</strong></span> 
     </span>
     <span class='ocr_line' id='line_1_6' title="bbox 555 735 2146 790; baseline -0.001 0"><span class='ocrx_word' id='word_1_36' title='bbox 555 752 799 790; x_wconf 87' lang='lat' dir='ltr'><strong>manam:</strong></span> <span class='ocrx_word' id='word_1_37' title='bbox 832 737 935 790; x_wconf 97' lang='grc'><strong>169</strong></span> <span class='ocrx_word' id='word_1_38' title='bbox 974 740 1040 790; x_wconf 90' lang='lat' dir='ltr'><strong>ad</strong></span> <span class='ocrx_word' id='word_1_39' title='bbox 1080 739 1364 790; x_wconf 89' lang='lat' dir='ltr'><strong>.lnhanam.</strong></span> <span class='ocrx_word' id='word_1_40' title='bbox 1398 738 1585 790; x_wconf 67' lang='lat' dir='ltr'><strong>Proba:</strong></span> <span class='ocrx_word' id='word_1_41' title='bbox 1629 752 1841 790; x_wconf 90' lang='lat' dir='ltr'><strong>nurum.</strong></span> <span class='ocrx_word' id='word_1_42' title='bbox 1871 745 1925 790; x_wconf 90' lang='lat' dir='ltr'><strong>et</strong></span> <span class='ocrx_word' id='word_1_43' title='bbox 1951 736 2054 790; x_wconf 93' lang='grc'><strong>170</strong></span> <span class='ocrx_word' id='word_1_44' title='bbox 2080 735 2146 789; x_wconf 89' lang='lat' dir='ltr'><strong>ad</strong></span> 
     </span>
    </p>
   </div>
   <div class='ocr_carea' id='block_1_6' title="bbox 554 737 1925 864">
    <p class='ocr_par' dir='ltr' id='par_1_6' title="bbox 554 737 1925 864">
     <span class='ocr_line' id='line_1_7' title="bbox 554 737 1925 803; baseline -0.001 -12"><span class='ocrx_word' id='word_1_45' title='bbox 554 737 800 803; x_wconf 72' lang='lat' dir='ltr'><strong>manant;</strong></span> <span class='ocrx_word' id='word_1_46' title='bbox 832 737 935 793; x_wconf 95' lang='grc'><strong>169</strong></span> <span class='ocrx_word' id='word_1_47' title='bbox 974 740 1040 791; x_wconf 87' lang='lat' dir='ltr'><strong>ad</strong></span> <span class='ocrx_word' id='word_1_48' title='bbox 1080 739 1364 802; x_wconf 88' lang='lat' dir='ltr'><strong>.lnlianam,</strong></span> <span class='ocrx_word' id='word_1_49' title='bbox 1398 738 1585 791; x_wconf 68' lang='lat' dir='ltr'><strong>Proba:</strong></span> <span class='ocrx_word' id='word_1_50' title='bbox 1629 752 1841 801; x_wconf 90' lang='lat' dir='ltr'><strong>nurum,</strong></span> <span class='ocrx_word' id='word_1_51' title='bbox 1871 745 1925 790; x_wconf 90' lang='lat' dir='ltr'><strong>et</strong></span> 
     </span>
     <span class='ocr_line' id='line_1_8' title="bbox 557 806 1588 864; baseline 0 -4"><span class='ocrx_word' id='word_1_52' title='bbox 557 806 790 863; x_wconf 88' lang='lat' dir='ltr'><strong>Italicam</strong></span> <span class='ocrx_word' id='word_1_53' title='bbox 819 811 980 864; x_wconf 84' lang='lat' dir='ltr'><strong>etiam</strong></span> <span class='ocrx_word' id='word_1_54' title='bbox 1006 809 1238 862; x_wconf 91' lang='lat' dir='ltr'><strong>nobilem</strong></span> <span class='ocrx_word' id='word_1_55' title='bbox 1272 820 1588 861; x_wconf 90' lang='lat' dir='ltr'><strong>matronam.</strong></span> 
     </span>
    </p>
   </div>
   <div class='ocr_carea' id='block_1_7' title="bbox 1008 899 1692 970">
    <p class='ocr_par' dir='ltr' id='par_1_7' title="bbox 1008 899 1692 970">
     <span class='ocr_line' id='line_1_9' title="bbox 1008 899 1692 970; baseline 0.001 -18"><span class='ocrx_word' id='word_1_56' title='bbox 1008 900 1212 968; x_wconf 80' lang='lat' dir='ltr'><strong>Aliquot</strong></span> <span class='ocrx_word' id='word_1_57' title='bbox 1237 899 1414 952; x_wconf 82' lang='lat' dir='ltr'><strong>incerti</strong></span> <span class='ocrx_word' id='word_1_58' title='bbox 1434 899 1692 970; x_wconf 77' lang='lat' dir='ltr'><strong>temporis.</strong></span> 
     </span>
    </p>
   </div>
   <div class='ocr_carea' id='block_1_8' title="bbox 626 1008 2148 1080">
    <p class='ocr_par' dir='ltr' id='par_1_8' title="bbox 626 1008 2148 1080">
     <span class='ocr_line' id='line_1_10' title="bbox 626 1008 2148 1080; baseline 0.001 -17"><span class='ocrx_word' id='word_1_59' title='bbox 626 1008 882 1079; x_wconf 66' lang='lat' dir='ltr'><strong>Epistola‘.</strong></span> <span class='ocrx_word' id='word_1_60' title='bbox 904 1011 1162 1080; x_wconf 86' lang='lat' dir='ltr'><strong>temporis</strong></span> <span class='ocrx_word' id='word_1_61' title='bbox 1187 1010 1372 1066; x_wconf 87' lang='lat' dir='ltr'><strong>incerti</strong></span> <span class='ocrx_word' id='word_1_62' title='bbox 1396 1018 1540 1078; x_wconf 91' lang='lat' dir='ltr'><strong>sunt,</strong></span> <span class='ocrx_word' id='word_1_63' title='bbox 1562 1010 1631 1065; x_wconf 68' lang='lat'><strong>48</strong></span> <span class='ocrx_word' id='word_1_64' title='bbox 1652 1010 1720 1064; x_wconf 91' lang='lat' dir='ltr'><strong>ad</strong></span> <span class='ocrx_word' id='word_1_65' title='bbox 1746 1011 2020 1073; x_wconf 85' lang='lat' dir='ltr'><strong>Arabium,</strong></span> <span class='ocrx_word' id='word_1_66' title='bbox 2045 1010 2148 1065; x_wconf 77' lang='lat'><strong>19?.</strong></span> 
     </span>
    </p>
   </div>
   <div class='ocr_carea' id='block_1_9' title="bbox 553 1078 2146 1148">
    <p class='ocr_par' dir='ltr' id='par_1_9' title="bbox 553 1078 2146 1148">
     <span class='ocr_line' id='line_1_11' title="bbox 553 1078 2146 1148; baseline 0.001 -15"><span class='ocrx_word' id='word_1_67' title='bbox 553 1078 621 1133; x_wconf 80' lang='lat' dir='ltr'><strong>ad</strong></span> <span class='ocrx_word' id='word_1_68' title='bbox 652 1078 1059 1145; x_wconf 72' lang='lat' dir='ltr'><strong>Ottesicratiani,</strong></span> <span class='ocrx_word' id='word_1_69' title='bbox 1089 1082 1159 1135; x_wconf 76' lang='grc'>46</span> <span class='ocrx_word' id='word_1_70' title='bbox 1197 1081 1261 1133; x_wconf 82' lang='lat' dir='ltr'><strong>ad</strong></span> <span class='ocrx_word' id='word_1_71' title='bbox 1312 1080 1582 1147; x_wconf 80' lang='lat' dir='ltr'><strong>Ruﬁnum,</strong></span> <span class='ocrx_word' id='word_1_72' title='bbox 1606 1081 1678 1136; x_wconf 77' lang='lat'><strong>63</strong></span> <span class='ocrx_word' id='word_1_73' title='bbox 1716 1082 1781 1135; x_wconf 90' lang='lat' dir='ltr'><strong>ad</strong></span> <span class='ocrx_word' id='word_1_74' title='bbox 1825 1082 2146 1148; x_wconf 84' lang='lat' dir='ltr'><strong>Tranquilli-</strong></span> 
     </span>
    </p>
   </div>
   <div class='ocr_carea' id='block_1_10' title="bbox 556 1150 2145 1215">
    <p class='ocr_par' dir='ltr' id='par_1_10' title="bbox 556 1150 2145 1215">
     <span class='ocr_line' id='line_1_12' title="bbox 556 1150 2145 1215; baseline 0.003 -14"><span class='ocrx_word' id='word_1_75' title='bbox 556 1165 683 1203; x_wconf 84' lang='lat' dir='ltr'><strong>num</strong></span> <span class='ocrx_word' id='word_1_76' title='bbox 706 1190 725 1215; x_wconf 93' lang='lat'><strong>,</strong></span> <span class='ocrx_word' id='word_1_77' title='bbox 775 1150 876 1204; x_wconf 81' lang='grc'><strong>177</strong></span> <span class='ocrx_word' id='word_1_78' title='bbox 921 1152 985 1203; x_wconf 84' lang='lat' dir='ltr'><strong>ad</strong></span> <span class='ocrx_word' id='word_1_79' title='bbox 1028 1151 1445 1211; x_wconf 82' lang='lat' dir='ltr'><strong>Artemidorum,</strong></span> <span class='ocrx_word' id='word_1_80' title='bbox 1481 1152 1539 1205; x_wconf 89' lang='grc'>71</span> <span class='ocrx_word' id='word_1_81' title='bbox 1575 1152 1641 1205; x_wconf 84' lang='lat' dir='ltr'><strong>ad</strong></span> <span class='ocrx_word' id='word_1_82' title='bbox 1668 1151 1951 1215; x_wconf 84' lang='lat' dir='ltr'><strong>Malchum,</strong></span> <span class='ocrx_word' id='word_1_83' title='bbox 1981 1151 2052 1206; x_wconf 72' lang='lat'><strong>92</strong></span> <span class='ocrx_word' id='word_1_84' title='bbox 2080 1151 2145 1205; x_wconf 81' lang='lat' dir='ltr'><strong>ad</strong></span> 
     </span>
    </p>
   </div>
   <div class='ocr_carea' id='block_1_11' title="bbox 558 1218 2144 1291">
    <p class='ocr_par' dir='ltr' id='par_1_11' title="bbox 558 1218 2144 1291">
     <span class='ocr_line' id='line_1_13' title="bbox 558 1218 2144 1291; baseline 0.004 -23"><span class='ocrx_word' id='word_1_85' title='bbox 558 1218 805 1291; x_wconf 67' lang='lat' dir='ltr'><strong>Moysem</strong></span> <span class='ocrx_word' id='word_1_86' title='bbox 827 1221 1220 1291; x_wconf 71' lang='lat' dir='ltr'><strong>presbyterum,</strong></span> <span class='ocrx_word' id='word_1_87' title='bbox 1251 1222 1339 1275; x_wconf 90' lang='grc'><strong>101</strong></span> <span class='ocrx_word' id='word_1_88' title='bbox 1371 1221 1437 1274; x_wconf 86' lang='lat' dir='ltr'><strong>ad</strong></span> <span class='ocrx_word' id='word_1_89' title='bbox 1463 1220 1721 1277; x_wconf 77' lang='lat' dir='ltr'><strong>Severum</strong></span> <span class='ocrx_word' id='word_1_90' title='bbox 1752 1222 2144 1291; x_wconf 77' lang='lat' dir='ltr'><strong>presbyterum,</strong></span> 
     </span>
    </p>
   </div>
   <div class='ocr_carea' id='block_1_12' title="bbox 555 1290 2143 1360">
    <p class='ocr_par' dir='ltr' id='par_1_12' title="bbox 555 1290 2143 1360">
     <span class='ocr_line' id='line_1_14' title="bbox 555 1290 2143 1360; baseline 0.002 -18"><span class='ocrx_word' id='word_1_91' title='bbox 555 1290 660 1343; x_wconf 75' lang='grc'>159</span> <span class='ocrx_word' id='word_1_92' title='bbox 689 1290 756 1343; x_wconf 91' lang='lat' dir='ltr'><strong>ad</strong></span> <span class='ocrx_word' id='word_1_93' title='bbox 785 1290 1135 1360; x_wconf 77' lang='lat' dir='ltr'><strong>Theodorum</strong></span> <span class='ocrx_word' id='word_1_94' title='bbox 1167 1291 1339 1360; x_wconf 79' lang='lat' dir='ltr'><strong>Syria:</strong></span> <span class='ocrx_word' id='word_1_95' title='bbox 1362 1292 1697 1346; x_wconf 86' lang='lat' dir='ltr'><strong>consularem</strong></span> <span class='ocrx_word' id='word_1_96' title='bbox 1722 1290 1864 1352; x_wconf 81' lang='grc'>,171</span> <span class='ocrx_word' id='word_1_97' title='bbox 1896 1290 1963 1346; x_wconf 87' lang='lat' dir='ltr'><strong>ad</strong></span> <span class='ocrx_word' id='word_1_98' title='bbox 1994 1292 2143 1346; x_wconf 81' lang='lat' dir='ltr'><strong>Mon-</strong></span> 
     </span>
    </p>
   </div>
   <div class='ocr_carea' id='block_1_13' title="bbox 554 1354 2146 1431">
    <p class='ocr_par' dir='ltr' id='par_1_13' title="bbox 554 1354 2146 1431">
     <span class='ocr_line' id='line_1_15' title="bbox 554 1354 2146 1431; baseline 0.003 -20"><span class='ocrx_word' id='word_1_99' title='bbox 554 1361 715 1423; x_wconf 91' lang='lat' dir='ltr'><strong>tium,</strong></span> <span class='ocrx_word' id='word_1_100' title='bbox 739 1359 845 1415; x_wconf 72' lang='lat'><strong>208</strong></span> <span class='ocrx_word' id='word_1_101' title='bbox 885 1361 950 1414; x_wconf 90' lang='lat' dir='ltr'><strong>ad</strong></span> <span class='ocrx_word' id='word_1_102' title='bbox 988 1354 1241 1415; x_wconf 79' lang='lat' dir='ltr'><strong>Acacium</strong></span> <span class='ocrx_word' id='word_1_103' title='bbox 1275 1362 1664 1431; x_wconf 77' lang='lat' dir='ltr'><strong>presbyterum,</strong></span> <span class='ocrx_word' id='word_1_104' title='bbox 1693 1362 1800 1418; x_wconf 78' lang='lat'><strong>209</strong></span> <span class='ocrx_word' id='word_1_105' title='bbox 1828 1363 1894 1417; x_wconf 89' lang='lat' dir='ltr'><strong>ad</strong></span> <span class='ocrx_word' id='word_1_106' title='bbox 1933 1362 2146 1416; x_wconf 83' lang='lat' dir='ltr'><strong>Salvio-</strong></span> 
     </span>
    </p>
   </div>
   <div class='ocr_carea' id='block_1_14' title="bbox 556 1431 2145 1503">
    <p class='ocr_par' dir='ltr' id='par_1_14' title="bbox 556 1431 2145 1503">
     <span class='ocr_line' id='line_1_16' title="bbox 556 1431 2145 1503; baseline 0.003 -22"><span class='ocrx_word' id='word_1_107' title='bbox 556 1444 677 1481; x_wconf 90' lang='lat' dir='ltr'><strong>nem</strong></span> <span class='ocrx_word' id='word_1_108' title='bbox 723 1440 814 1503; x_wconf 81' lang='lat' dir='ltr'><strong>a_nt</strong></span> <span class='ocrx_word' id='word_1_109' title='bbox 838 1431 1192 1503; x_wconf 63' lang='lat' dir='ltr'><strong>Calliimiem,</strong></span> <span class='ocrx_word' id='word_1_110' title='bbox 1217 1432 1323 1486; x_wconf 74' lang='grc'><strong>214</strong></span> <span class='ocrx_word' id='word_1_111' title='bbox 1360 1432 1425 1483; x_wconf 89' lang='lat' dir='ltr'><strong>ad</strong></span> <span class='ocrx_word' id='word_1_112' title='bbox 1467 1433 1837 1486; x_wconf 82' lang='lat' dir='ltr'><strong>Sebastianum</strong></span> <span class='ocrx_word' id='word_1_113' title='bbox 1865 1432 2145 1503; x_wconf 88' lang='lat' dir='ltr'><strong>presbyte-</strong></span> 
     </span>
    </p>
   </div>
   <div class='ocr_carea' id='block_1_15' title="bbox 552 1499 2144 1572">
    <p class='ocr_par' dir='ltr' id='par_1_15' title="bbox 552 1499 2144 1572">
     <span class='ocr_line' id='line_1_17' title="bbox 552 1499 2144 1572; baseline 0.003 -21"><span class='ocrx_word' id='word_1_114' title='bbox 552 1513 673 1552; x_wconf 90' lang='lat' dir='ltr'><strong>rum</strong></span> <span class='ocrx_word' id='word_1_115' title='bbox 700 1540 715 1563; x_wconf 93' lang='lat'><strong>,</strong></span> <span class='ocrx_word' id='word_1_116' title='bbox 741 1499 849 1572; x_wconf 64' lang='grc'>215</span> <span class='ocrx_word' id='word_1_117' title='bbox 877 1501 940 1572; x_wconf 83' lang='lat' dir='ltr'><strong>ad</strong></span> <span class='ocrx_word' id='word_1_118' title='bbox 965 1501 1240 1572; x_wconf 68' lang='lat' dir='ltr'><strong>l’elaginm</strong></span> <span class='ocrx_word' id='word_1_119' title='bbox 1273 1504 1674 1572; x_wconf 84' lang='lat' dir='ltr'><strong>presbyterum,</strong></span> <span class='ocrx_word' id='word_1_120' title='bbox 1705 1503 1812 1558; x_wconf 73' lang='lat' dir='ltr'><strong>2l6</strong></span> <span class='ocrx_word' id='word_1_121' title='bbox 1847 1499 1914 1557; x_wconf 80' lang='lat' dir='ltr'><strong>ad</strong></span> <span class='ocrx_word' id='word_1_122' title='bbox 1947 1499 2144 1557; x_wconf 65' lang='lat' dir='ltr'><strong>Mdsoi-</strong></span> 
     </span>
    </p>
   </div>
   <div class='ocr_carea' id='block_1_16' title="bbox 555 1570 1320 1634">
    <p class='ocr_par' dir='ltr' id='par_1_16' title="bbox 555 1570 1320 1634">
     <span class='ocr_line' id='line_1_18' title="bbox 555 1570 1320 1634; baseline 0.005 -13"><span class='ocrx_word' id='word_1_123' title='bbox 555 1583 705 1634; x_wconf 88' lang='lat' dir='ltr'><strong>num,</strong></span> <span class='ocrx_word' id='word_1_124' title='bbox 742 1570 840 1624; x_wconf 90' lang='grc'><strong>117</strong></span> <span class='ocrx_word' id='word_1_125' title='bbox 865 1570 931 1624; x_wconf 84' lang='lat' dir='ltr'><strong>ad</strong></span> <span class='ocrx_word' id='word_1_126' title='bbox 961 1570 1320 1625; x_wconf 85' lang='lat' dir='ltr'><strong>Theodoram.</strong></span> 
     </span>
    </p>
   </div>
   <div class='ocr_carea' id='block_1_17' title="bbox 2344 448 3754 524">
    <p class='ocr_par' dir='ltr' id='par_1_17' title="bbox 2344 448 3754 524">
     <span class='ocr_line' id='line_1_19' title="bbox 2344 448 3754 524; baseline 0.006 -21"><span class='ocrx_word' id='word_1_127' title='bbox 2344 449 2487 504; x_wconf 79' lang='lat' dir='ltr'><strong>Mors</strong></span> <span class='ocrx_word' id='word_1_128' title='bbox 2509 448 2926 524; x_wconf 61' lang='lat' dir='ltr'><strong>Suttctialiaqne</strong></span> <span class='ocrx_word' id='word_1_129' title='bbox 2948 449 3190 517; x_wconf 76' lang='lat' dir='ltr'><strong>usquead</strong></span> <span class='ocrx_word' id='word_1_130' title='bbox 3219 469 3406 524; x_wconf 68' lang='lat' dir='ltr'><strong>corpus</strong></span> <span class='ocrx_word' id='word_1_131' title='bbox 3432 456 3754 511; x_wconf 68' lang='lat' dir='ltr'><strong>translatum.</strong></span> 
     </span>
    </p>
   </div>
   <div class='ocr_carea' id='block_1_18' title="bbox 2326 520 3834 594">
    <p class='ocr_par' dir='ltr' id='par_1_18' title="bbox 2326 520 3834 594">
     <span class='ocr_line' id='line_1_20' title="bbox 2326 520 3834 594; baseline 0.006 -19"><span class='ocrx_word' id='word_1_132' title='bbox 2326 524 2480 594; x_wconf 84' lang='lat' dir='ltr'><strong>Anno</strong></span> <span class='ocrx_word' id='word_1_133' title='bbox 2520 520 2897 594; x_wconf 65' lang='lat' dir='ltr'><strong>407__Sanctns</strong></span> <span class='ocrx_word' id='word_1_134' title='bbox 2932 524 3141 594; x_wconf 76' lang='lat' dir='ltr'><strong>Cogitur</strong></span> <span class='ocrx_word' id='word_1_135' title='bbox 3184 520 3357 579; x_wconf 86' lang='lat' dir='ltr'><strong>loeuin</strong></span> <span class='ocrx_word' id='word_1_136' title='bbox 3400 528 3574 581; x_wconf 75' lang='lat' dir='ltr'><strong>exsilii</strong></span> <span class='ocrx_word' id='word_1_137' title='bbox 3620 540 3834 594; x_wconf 86' lang='lat' dir='ltr'><strong>mutare,</strong></span> 
     </span>
    </p>
   </div>
   <div class='ocr_carea' id='block_1_19' title="bbox 2255 591 3837 661">
    <p class='ocr_par' dir='ltr' id='par_1_19' title="bbox 2255 591 3837 661">
     <span class='ocr_line' id='line_1_21' title="bbox 2255 591 3837 661; baseline 0.007 -18"><span class='ocrx_word' id='word_1_138' title='bbox 2255 591 2572 657; x_wconf 81' lang='lat' dir='ltr'><strong>duciturque</strong></span> <span class='ocrx_word' id='word_1_139' title='bbox 2611 591 2894 661; x_wconf 84' lang='lat' dir='ltr'><strong>Pityunta;</strong></span> <span class='ocrx_word' id='word_1_140' title='bbox 2948 594 3041 645; x_wconf 90' lang='lat' dir='ltr'><strong>sed</strong></span> <span class='ocrx_word' id='word_1_141' title='bbox 3085 593 3287 648; x_wconf 76' lang='lat' dir='ltr'><strong>fractus</strong></span> <span class='ocrx_word' id='word_1_142' title='bbox 3327 596 3538 649; x_wconf 82' lang='lat' dir='ltr'><strong>itineris</strong></span> <span class='ocrx_word' id='word_1_143' title='bbox 3579 591 3837 654; x_wconf 79' lang='lat' dir='ltr'><strong>laboribus</strong></span> 
     </span>
    </p>
   </div>
   <div class='ocr_carea' id='block_1_20' title="bbox 2254 662 3835 736">
    <p class='ocr_par' dir='ltr' id='par_1_20' title="bbox 2254 662 3835 736">
     <span class='ocr_line' id='line_1_22' title="bbox 2254 662 3835 736; baseline 0.004 -22"><span class='ocrx_word' id='word_1_144' title='bbox 2254 662 2455 736; x_wconf 79' lang='lat' dir='ltr'><strong>iuipso</strong></span> <span class='ocrx_word' id='word_1_145' title='bbox 2483 662 2672 736; x_wconf 78' lang='lat' dir='ltr'><strong>itinere</strong></span> <span class='ocrx_word' id='word_1_146' title='bbox 2702 676 2866 736; x_wconf 81' lang='lat' dir='ltr'><strong>prope</strong></span> <span class='ocrx_word' id='word_1_147' title='bbox 2902 662 3138 736; x_wconf 81' lang='lat' dir='ltr'><strong>Comana</strong></span> <span class='ocrx_word' id='word_1_148' title='bbox 3166 666 3218 736; x_wconf 92' lang='lat' dir='ltr'><strong>in</strong></span> <span class='ocrx_word' id='word_1_149' title='bbox 3250 666 3422 736; x_wconf 82' lang='lat' dir='ltr'><strong>Ponto</strong></span> <span class='ocrx_word' id='word_1_150' title='bbox 3454 666 3571 720; x_wconf 82' lang='lat' dir='ltr'><strong>XIV</strong></span> <span class='ocrx_word' id='word_1_151' title='bbox 3598 667 3835 736; x_wconf 55' lang='lat' dir='ltr'><strong>Septem.</strong></span> 
     </span>
    </p>
   </div>
   <div class='ocr_carea' id='block_1_21' title="bbox 2254 732 3837 854">
    <p class='ocr_par' dir='ltr' id='par_1_21' title="bbox 2254 732 3837 854">
     <span class='ocr_line' id='line_1_23' title="bbox 2254 732 3837 854; baseline 0.006 -69"><span class='ocrx_word' id='word_1_152' title='bbox 2254 732 2674 854; x_wconf 62' lang='lat' dir='ltr'><strong>brisrmoritur,</strong></span> <span class='ocrx_word' id='word_1_153' title='bbox 2707 732 2885 801; x_wconf 82' lang='lat' dir='ltr'><strong>ibique</strong></span> <span class='ocrx_word' id='word_1_154' title='bbox 2930 734 2983 785; x_wconf 92' lang='lat' dir='ltr'><strong>in</strong></span> <span class='ocrx_word' id='word_1_155' title='bbox 3029 733 3254 789; x_wconf 84' lang='lat' dir='ltr'><strong>ecclesia</strong></span> <span class='ocrx_word' id='word_1_156' title='bbox 3295 734 3354 791; x_wconf 88' lang='lat' dir='ltr'><strong>S.</strong></span> <span class='ocrx_word' id='word_1_157' title='bbox 3384 737 3570 791; x_wconf 82' lang='lat' dir='ltr'><strong>Basilii</strong></span> <span class='ocrx_word' id='word_1_158' title='bbox 3599 732 3837 809; x_wconf 66' lang='lat' dir='ltr'><strong>martyri:</strong></span> 
     </span>
     <span class='ocr_line' id='line_1_24' title="bbox 2254 810 2528 854; baseline 0 0"><span class='ocrx_word' id='word_1_159' title='bbox 2254 817 2381 854; x_wconf 86' lang='lat' dir='ltr'><strong>sene</strong></span> <span class='ocrx_word' id='word_1_160' title='bbox 2407 810 2528 854; x_wconf 78' lang='lat' dir='ltr'><strong>lllll‘.</strong></span> 
     </span>
    </p>
   </div>
   <div class='ocr_carea' id='block_1_22' title="bbox 2253 803 2528 856">
    <p class='ocr_par' dir='ltr' id='par_1_22' title="bbox 2253 803 2528 856">
     <span class='ocr_line' id='line_1_25' title="bbox 2253 803 2528 856; baseline -0.007 -1"><span class='ocrx_word' id='word_1_161' title='bbox 2253 803 2528 856; x_wconf 80' lang='lat' dir='ltr'><strong>sepelitur.</strong></span> 
     </span>
    </p>
   </div>
   <div class='ocr_carea' id='block_1_23' title="bbox 2317 818 3838 947">
    <p class='ocr_par' dir='ltr' id='par_1_23' title="bbox 2317 818 3838 947">
     <span class='ocr_line' id='line_1_26' title="bbox 2317 818 3838 947; baseline 0.006 -22"><span class='ocrx_word' id='word_1_162' title='bbox 2317 818 2706 947; x_wconf 39' lang='lat' dir='ltr'><strong>l(,Eailtal‘grzinnum</strong></span> <span class='ocrx_word' id='word_1_163' title='bbox 2737 873 3064 947; x_wconf 56' lang='lat' dir='ltr'><strong>“nomen</strong></span> <span class='ocrx_word' id='word_1_164' title='bbox 3090 875 3483 947; x_wconf 78' lang='lat' dir='ltr'><strong>Chrysostomi,</strong></span> <span class='ocrx_word' id='word_1_165' title='bbox 3515 888 3742 947; x_wconf 85' lang='lat' dir='ltr'><strong>urgente</strong></span> <span class='ocrx_word' id='word_1_166' title='bbox 3764 880 3838 933; x_wconf 80' lang='lat' dir='ltr'><strong>ln-</strong></span> 
     </span>
    </p>
   </div>
   <div class='ocr_carea' id='block_1_24' title="bbox 2254 943 3830 1017">
    <p class='ocr_par' dir='ltr' id='par_1_24' title="bbox 2254 943 3830 1017">
     <span class='ocr_line' id='line_1_27' title="bbox 2254 943 3830 1017; baseline 0.005 -22"><span class='ocrx_word' id='word_1_167' title='bbox 2254 944 2503 1017; x_wconf 82' lang='lat' dir='ltr'><strong>nocentio</strong></span> <span class='ocrx_word' id='word_1_168' title='bbox 2529 957 2683 1017; x_wconf 87' lang='lat' dir='ltr'><strong>papa,</strong></span> <span class='ocrx_word' id='word_1_169' title='bbox 2700 943 2892 1017; x_wconf 88' lang='lat' dir='ltr'><strong>_sa_cris</strong></span> <span class='ocrx_word' id='word_1_170' title='bbox 2928 943 3484 1017; x_wconf 8' lang='lat' dir='ltr'><strong>diptyﬁch’is&#39;inseritur</strong></span> <span class='ocrx_word' id='word_1_171' title='bbox 3512 943 3745 1017; x_wconf 80' lang='lat' dir='ltr'><strong>primum</strong></span> <span class='ocrx_word' id='word_1_172' title='bbox 3770 952 3830 1003; x_wconf 86' lang='lat' dir='ltr'><strong>ah</strong></span> 
     </span>
    </p>
   </div>
   <div class='ocr_carea' id='block_1_25' title="bbox 2256 1012 3837 1077">
    <p class='ocr_par' dir='ltr' id='par_1_25' title="bbox 2256 1012 3837 1077">
     <span class='ocr_line' id='line_1_28' title="bbox 2256 1012 3837 1077; baseline 0.005 -13"><span class='ocrx_word' id='word_1_173' title='bbox 2256 1013 2558 1067; x_wconf 79' lang='lat' dir='ltr'><strong>Alexandro</strong></span> <span class='ocrx_word' id='word_1_174' title='bbox 2590 1012 2924 1067; x_wconf 82' lang='lat' dir='ltr'><strong>Autiocheno</strong></span> <span class='ocrx_word' id='word_1_175' title='bbox 2946 1054 2963 1077; x_wconf 91' lang='lat'><strong>,</strong></span> <span class='ocrx_word' id='word_1_176' title='bbox 2990 1012 3191 1070; x_wconf 79' lang='lat' dir='ltr'><strong>deinde</strong></span> <span class='ocrx_word' id='word_1_177' title='bbox 3218 1018 3377 1071; x_wconf 91' lang='lat' dir='ltr'><strong>etiam</strong></span> <span class='ocrx_word' id='word_1_178' title='bbox 3408 1017 3477 1070; x_wconf 87' lang='lat' dir='ltr'><strong>ab</strong></span> <span class='ocrx_word' id='word_1_179' title='bbox 3500 1012 3683 1073; x_wconf 62' lang='lat' dir='ltr'><strong>Attico</strong></span> <span class='ocrx_word' id='word_1_180' title='bbox 3708 1020 3837 1073; x_wconf 70' lang='lat' dir='ltr'><strong>Oni-</strong></span> 
     </span>
    </p>
   </div>
   <div class='ocr_carea' id='block_1_26' title="bbox 2253 1083 3840 1158">
    <p class='ocr_par' dir='ltr' id='par_1_26' title="bbox 2253 1083 3840 1158">
     <span class='ocr_line' id='line_1_29' title="bbox 2253 1083 3840 1158; baseline 0.005 -23"><span class='ocrx_word' id='word_1_181' title='bbox 2253 1083 2871 1158; x_wconf 73' lang='lat' dir='ltr'><strong>stantinopolitano,_e_t</strong></span> <span class='ocrx_word' id='word_1_182' title='bbox 2918 1084 3117 1158; x_wconf 75' lang='lat' dir='ltr'><strong>Cyrillo</strong></span> <span class='ocrx_word' id='word_1_183' title='bbox 3147 1087 3530 1158; x_wconf 62' lang='lat' dir='ltr'><strong>Alexandrino</strong></span> <span class='ocrx_word' id='word_1_184' title='bbox 3556 1128 3574 1153; x_wconf 96' lang='lat'><strong>,</strong></span> <span class='ocrx_word' id='word_1_185' title='bbox 3613 1088 3840 1158; x_wconf 65' lang='lat' dir='ltr'><strong>&#39;aiiisque</strong></span> 
     </span>
    </p>
   </div>
   <div class='ocr_carea' id='block_1_27' title="bbox 2254 1154 3358 1226">
    <p class='ocr_par' dir='ltr' id='par_1_27' title="bbox 2254 1154 3358 1226">
     <span class='ocr_line' id='line_1_30' title="bbox 2254 1154 3358 1226; baseline 0.004 -20"><span class='ocrx_word' id='word_1_186' title='bbox 2254 1154 2504 1207; x_wconf 89' lang='lat' dir='ltr'><strong>omnibus</strong></span> <span class='ocrx_word' id='word_1_187' title='bbox 2530 1154 2739 1226; x_wconf 88' lang='lat' dir='ltr'><strong>imperii</strong></span> <span class='ocrx_word' id='word_1_188' title='bbox 2753 1154 3053 1226; x_wconf 68' lang='lat' dir='ltr'><strong>Orientalis</strong></span> <span class='ocrx_word' id='word_1_189' title='bbox 3073 1157 3358 1226; x_wconf 86' lang='lat' dir='ltr'><strong>episc0pis.</strong></span> 
     </span>
    </p>
   </div>
   <div class='ocr_carea' id='block_1_28' title="bbox 2327 1223 3838 1298">
    <p class='ocr_par' dir='ltr' id='par_1_28' title="bbox 2327 1223 3838 1298">
     <span class='ocr_line' id='line_1_31' title="bbox 2327 1223 3838 1298; baseline 0.004 -21"><span class='ocrx_word' id='word_1_190' title='bbox 2327 1226 2464 1298; x_wconf 84' lang='lat' dir='ltr'><strong>Ante</strong></span> <span class='ocrx_word' id='word_1_191' title='bbox 2487 1239 2684 1298; x_wconf 82' lang='lat' dir='ltr'><strong>annum</strong></span> <span class='ocrx_word' id='word_1_192' title='bbox 2705 1223 2819 1298; x_wconf 59' lang='grc' dir='ltr'><strong>Δ458</strong></span> <span class='ocrx_word' id='word_1_193' title='bbox 2847 1223 3308 1282; x_wconf 53' lang='lat' dir='ltr'><strong>festivitas&#39;Sancti</strong></span> <span class='ocrx_word' id='word_1_194' title='bbox 3335 1243 3367 1282; x_wconf 91' lang='lat' dir='ltr'><strong>a</strong></span> <span class='ocrx_word' id='word_1_195' title='bbox 3393 1228 3838 1298; x_wconf 82' lang='lat' dir='ltr'><strong>Constantinopo-</strong></span> 
     </span>
    </p>
   </div>
   <div class='ocr_carea' id='block_1_29' title="bbox 2255 1293 2946 1365">
    <p class='ocr_par' dir='ltr' id='par_1_29' title="bbox 2255 1293 2946 1365">
     <span class='ocr_line' id='line_1_32' title="bbox 2255 1293 2946 1365; baseline 0.004 -19"><span class='ocrx_word' id='word_1_196' title='bbox 2255 1294 2433 1347; x_wconf 88' lang='lat' dir='ltr'><strong>litanis</strong></span> <span class='ocrx_word' id='word_1_197' title='bbox 2459 1293 2720 1365; x_wconf 76' lang='lat' dir='ltr'><strong>celebrari</strong></span> <span class='ocrx_word' id='word_1_198' title='bbox 2748 1303 2946 1365; x_wconf 68' lang='lat' dir='ltr'><strong>empta.</strong></span> 
     </span>
    </p>
   </div>
   <div class='ocr_carea' id='block_1_30' title="bbox 2325 1364 3837 1440">
    <p class='ocr_par' dir='ltr' id='par_1_30' title="bbox 2325 1364 3837 1440">
     <span class='ocr_line' id='line_1_33' title="bbox 2325 1364 3837 1440; baseline 0.005 -23"><span class='ocrx_word' id='word_1_199' title='bbox 2325 1366 2479 1440; x_wconf 83' lang='lat' dir='ltr'><strong>Anno</strong></span> <span class='ocrx_word' id='word_1_200' title='bbox 2504 1364 2609 1418; x_wconf 75' lang='grc'><strong>458</strong></span> <span class='ocrx_word' id='word_1_201' title='bbox 2635 1364 2845 1440; x_wconf 80' lang='lat' dir='ltr'><strong>sacrum</strong></span> <span class='ocrx_word' id='word_1_202' title='bbox 2874 1380 3072 1435; x_wconf 90' lang='lat' dir='ltr'><strong>corpus</strong></span> <span class='ocrx_word' id='word_1_203' title='bbox 3107 1366 3631 1440; x_wconf 83' lang='lat' dir='ltr'><strong>Constantinopolim</strong></span> <span class='ocrx_word' id='word_1_204' title='bbox 3660 1383 3837 1440; x_wconf 85' lang='lat' dir='ltr'><strong>magno</strong></span> 
     </span>
    </p>
   </div>
   <div class='ocr_carea' id='block_1_31' title="bbox 2254 1436 2973 1489">
    <p class='ocr_par' dir='ltr' id='par_1_31' title="bbox 2254 1436 2973 1489">
     <span class='ocr_line' id='line_1_34' title="bbox 2254 1436 2973 1489; baseline 0 -1"><span class='ocrx_word' id='word_1_205' title='bbox 2254 1449 2375 1488; x_wconf 90' lang='lat' dir='ltr'><strong>cum</strong></span> <span class='ocrx_word' id='word_1_206' title='bbox 2409 1437 2612 1488; x_wconf 82' lang='lat' dir='ltr'><strong>honore</strong></span> <span class='ocrx_word' id='word_1_207' title='bbox 2639 1436 2973 1489; x_wconf 88' lang='lat' dir='ltr'><strong>translatum.</strong></span> 
     </span>
    </p>
   </div>
   <div class='ocr_carea' id='block_1_32' title="bbox 2327 1504 3836 1577">
    <p class='ocr_par' dir='ltr' id='par_1_32' title="bbox 2327 1504 3836 1577">
     <span class='ocr_line' id='line_1_35' title="bbox 2327 1504 3836 1577; baseline 0.005 -20"><span class='ocrx_word' id='word_1_208' title='bbox 2327 1504 2749 1577; x_wconf 64' lang='lat' dir='ltr'><strong>lla-esuilieiant</strong></span> <span class='ocrx_word' id='word_1_209' title='bbox 2792 1520 2891 1575; x_wconf 91' lang='lat' dir='ltr'><strong>pro</strong></span> <span class='ocrx_word' id='word_1_210' title='bbox 2938 1507 3084 1561; x_wconf 82' lang='lat' dir='ltr'><strong>brevi</strong></span> <span class='ocrx_word' id='word_1_211' title='bbox 3126 1506 3464 1577; x_wconf 82' lang='lat' dir='ltr'><strong>chronotaxi,</strong></span> <span class='ocrx_word' id='word_1_212' title='bbox 3507 1525 3634 1564; x_wconf 90' lang='lat' dir='ltr'><strong>eum</strong></span> <span class='ocrx_word' id='word_1_213' title='bbox 3672 1511 3836 1565; x_wconf 80' lang='lat' dir='ltr'><strong>omnia</strong></span> 
     </span>
    </p>
   </div>
   <div class='ocr_carea' id='block_1_33' title="bbox 2255 1574 3328 1647">
    <p class='ocr_par' dir='ltr' id='par_1_33' title="bbox 2255 1574 3328 1647">
     <span class='ocr_line' id='line_1_36' title="bbox 2255 1574 3328 1647; baseline 0.005 -20"><span class='ocrx_word' id='word_1_214' title='bbox 2255 1574 2423 1629; x_wconf 80' lang='lat' dir='ltr'><strong>hisins</strong></span> <span class='ocrx_word' id='word_1_215' title='bbox 2453 1576 2503 1629; x_wconf 92' lang='lat' dir='ltr'><strong>in</strong></span> <span class='ocrx_word' id='word_1_216' title='bbox 2532 1574 2933 1631; x_wconf 81' lang='lat' dir='ltr'><strong>Commentario</strong></span> <span class='ocrx_word' id='word_1_217' title='bbox 2957 1577 3066 1631; x_wconf 90' lang='lat' dir='ltr'><strong>sint</strong></span> <span class='ocrx_word' id='word_1_218' title='bbox 3088 1581 3328 1647; x_wconf 83' lang='lat' dir='ltr'><strong>probata.</strong></span> 
     </span>
    </p>
   </div>
   <div class='ocr_carea' id='block_1_34' title="bbox 574 1693 3834 1760">
    <p class='ocr_par' dir='ltr' id='par_1_34' title="bbox 579 1693 1734 1708">
     <span class='ocr_line' id='line_1_37' title="bbox 579 1693 1734 1708; baseline 0.005 -7"><span class='ocrx_word' id='word_1_219' title='bbox 579 1693 657 1701; x_wconf 50' lang='grc' dir='ltr'><strong>..η</strong></span> <span class='ocrx_word' id='word_1_220' title='bbox 671 1695 713 1701; x_wconf 81' lang='lat'><strong>--</strong></span> <span class='ocrx_word' id='word_1_221' title='bbox 764 1695 1734 1708; x_wconf 31' lang='grc' dir='ltr'><strong>,μήκη-*Ἥ</strong></span> 
     </span>
    </p>
   </div>
   <div class='ocr_carea' id='block_1_35' title="bbox 2027 1817 2358 1879">
    <p class='ocr_par' dir='ltr' id='par_1_35' title="bbox 2027 1817 2358 1879">
     <span class='ocr_line' id='line_1_38' title="bbox 2027 1817 2358 1879; baseline 0 -1"><span class='ocrx_word' id='word_1_222' title='bbox 2027 1818 2109 1878; x_wconf 84' lang='lat' dir='ltr'><strong>IN</strong></span> <span class='ocrx_word' id='word_1_223' title='bbox 2151 1817 2358 1879; x_wconf 86' lang='lat' dir='ltr'><strong>DUAS</strong></span> 
     </span>
    </p>
   </div>
   <div class='ocr_carea' id='block_1_36' title="bbox 704 1946 3638 2047">
    <p class='ocr_par' dir='ltr' id='par_1_36' title="bbox 704 1946 3638 2047">
     <span class='ocr_line' id='line_1_39' title="bbox 704 1946 3638 2047; baseline 0.006 -20"><span class='ocrx_word' id='word_1_224' title='bbox 704 1946 1191 2032; x_wconf 86' lang='lat' dir='ltr'><strong>JOANNIS</strong></span> <span class='ocrx_word' id='word_1_225' title='bbox 1234 1950 2056 2035; x_wconf 80' lang='lat' dir='ltr'><strong>CHRYSOSTOMI</strong></span> <span class='ocrx_word' id='word_1_226' title='bbox 2114 1955 2272 2035; x_wconf 90' lang='lat' dir='ltr'><strong>AD</strong></span> <span class='ocrx_word' id='word_1_227' title='bbox 2320 1956 2817 2039; x_wconf 89' lang='lat' dir='ltr'><strong>THEODO</strong></span> <span class='ocrx_word' id='word_1_228' title='bbox 2836 1959 3103 2041; x_wconf 81' lang='lat' dir='ltr'><strong>RUM</strong></span> <span class='ocrx_word' id='word_1_229' title='bbox 3159 1961 3638 2047; x_wconf 87' lang='lat' dir='ltr'><strong>LAPSUM</strong></span> 
     </span>
    </p>
   </div>
   <div class='ocr_carea' id='block_1_37' title="bbox 1590 2105 2740 2172">
    <p class='ocr_par' dir='ltr' id='par_1_37' title="bbox 1590 2105 2740 2172">
     <span class='ocr_line' id='line_1_40' title="bbox 1590 2105 2740 2172; baseline 0.004 -5"><span class='ocrx_word' id='word_1_230' title='bbox 1590 2105 2073 2167; x_wconf 68' lang='lat' dir='ltr'><strong>PARENESES</strong></span> <span class='ocrx_word' id='word_1_231' title='bbox 2116 2107 2262 2171; x_wconf 87' lang='lat' dir='ltr'><strong>SEU</strong></span> <span class='ocrx_word' id='word_1_232' title='bbox 2303 2109 2740 2172; x_wconf 85' lang='lat' dir='ltr'><strong>EPISTOLAS</strong></span> 
     </span>
    </p>
   </div>
   <div class='ocr_carea' id='block_1_38' title="bbox 619 2569 2142 2638">
    <p class='ocr_par' dir='ltr' id='par_1_38' title="bbox 619 2569 2142 2638">
     <span class='ocr_line' id='line_1_41' title="bbox 619 2569 2142 2638; baseline 0 -13"><span class='ocrx_word' id='word_1_233' title='bbox 619 2570 675 2626; x_wconf 85' lang='lat' dir='ltr'><strong>In</strong></span> <span class='ocrx_word' id='word_1_234' title='bbox 704 2570 937 2626; x_wconf 83' lang='lat' dir='ltr'><strong>editione</strong></span> <span class='ocrx_word' id='word_1_235' title='bbox 964 2570 1228 2626; x_wconf 87' lang='lat' dir='ltr'><strong>Saviliana</strong></span> <span class='ocrx_word' id='word_1_236' title='bbox 1274 2569 1356 2625; x_wconf 74' lang='lat' dir='ltr'><strong>ha:</strong></span> <span class='ocrx_word' id='word_1_237' title='bbox 1394 2570 1512 2625; x_wconf 67' lang='lat' dir='ltr'><strong>dua:</strong></span> <span class='ocrx_word' id='word_1_238' title='bbox 1552 2570 1862 2627; x_wconf 62' lang='lat' dir='ltr'><strong>Parxneses</strong></span> <span class='ocrx_word' id='word_1_239' title='bbox 1903 2572 2053 2638; x_wconf 90' lang='lat' dir='ltr'><strong>sive,</strong></span> <span class='ocrx_word' id='word_1_240' title='bbox 2081 2580 2142 2626; x_wconf 87' lang='lat' dir='ltr'><strong>ut</strong></span> 
     </span>
    </p>
   </div>
   <div class='ocr_carea' id='block_1_39' title="bbox 544 2660 2145 2731">
    <p class='ocr_par' dir='ltr' id='par_1_39' title="bbox 544 2660 2145 2731">
     <span class='ocr_line' id='line_1_42' title="bbox 544 2660 2145 2731; baseline -0.001 -15"><span class='ocrx_word' id='word_1_241' title='bbox 544 2660 775 2717; x_wconf 88' lang='lat' dir='ltr'><strong>Savilius</strong></span> <span class='ocrx_word' id='word_1_242' title='bbox 820 2670 1008 2727; x_wconf 86' lang='lat' dir='ltr'><strong>vocat,</strong></span> <span class='ocrx_word' id='word_1_243' title='bbox 1051 2661 1333 2717; x_wconf 81' lang='lat' dir='ltr'><strong>Orationes</strong></span> <span class='ocrx_word' id='word_1_244' title='bbox 1384 2662 1719 2731; x_wconf 76' lang='lat' dir='ltr'><strong>transposita:</strong></span> <span class='ocrx_word' id='word_1_245' title='bbox 1762 2670 1927 2728; x_wconf 90' lang='lat' dir='ltr'><strong>sunt;</strong></span> <span class='ocrx_word' id='word_1_246' title='bbox 1970 2663 2039 2716; x_wconf 92' lang='lat' dir='ltr'><strong>ita</strong></span> <span class='ocrx_word' id='word_1_247' title='bbox 2087 2669 2145 2715; x_wconf 92' lang='lat' dir='ltr'><strong>ut</strong></span> 
     </span>
    </p>
   </div>
   <div class='ocr_carea' id='block_1_40' title="bbox 543 2752 2142 2823">
    <p class='ocr_par' dir='ltr' id='par_1_40' title="bbox 543 2752 2142 2823">
     <span class='ocr_line' id='line_1_43' title="bbox 543 2752 2142 2823; baseline 0.001 -17"><span class='ocrx_word' id='word_1_248' title='bbox 543 2768 665 2822; x_wconf 68' lang='lat' dir='ltr'><strong>qum</strong></span> <span class='ocrx_word' id='word_1_249' title='bbox 688 2754 832 2822; x_wconf 89' lang='lat' dir='ltr'><strong>prior</strong></span> <span class='ocrx_word' id='word_1_250' title='bbox 866 2768 986 2809; x_wconf 87' lang='lat' dir='ltr'><strong>esse</strong></span> <span class='ocrx_word' id='word_1_251' title='bbox 1021 2753 1314 2820; x_wconf 89' lang='lat' dir='ltr'><strong>debuerat,</strong></span> <span class='ocrx_word' id='word_1_252' title='bbox 1342 2753 1411 2808; x_wconf 91' lang='lat' dir='ltr'><strong>sit</strong></span> <span class='ocrx_word' id='word_1_253' title='bbox 1447 2752 1735 2823; x_wconf 77' lang='lat' dir='ltr'><strong>posterior.</strong></span> <span class='ocrx_word' id='word_1_254' title='bbox 1766 2752 1938 2823; x_wconf 84' lang='lat' dir='ltr'><strong>Ipsam</strong></span> <span class='ocrx_word' id='word_1_255' title='bbox 1984 2767 2142 2823; x_wconf 88' lang='lat' dir='ltr'><strong>porro</strong></span> 
     </span>
    </p>
   </div>
   <div class='ocr_carea' id='block_1_41' title="bbox 545 2842 2139 2915">
    <p class='ocr_par' dir='ltr' id='par_1_41' title="bbox 545 2842 2139 2915">
     <span class='ocr_line' id='line_1_44' title="bbox 545 2842 2139 2915; baseline 0.002 -18"><span class='ocrx_word' id='word_1_256' title='bbox 545 2842 728 2897; x_wconf 89' lang='lat' dir='ltr'><strong>Savilii</strong></span> <span class='ocrx_word' id='word_1_257' title='bbox 760 2854 981 2911; x_wconf 89' lang='lat' dir='ltr'><strong>notam,</strong></span> <span class='ocrx_word' id='word_1_258' title='bbox 1013 2843 1299 2898; x_wconf 85' lang='lat' dir='ltr'><strong>observalu</strong></span> <span class='ocrx_word' id='word_1_259' title='bbox 1340 2853 1487 2899; x_wconf 91' lang='lat' dir='ltr'><strong>certe</strong></span> <span class='ocrx_word' id='word_1_260' title='bbox 1516 2844 1730 2914; x_wconf 82' lang='lat' dir='ltr'><strong>dignam</strong></span> <span class='ocrx_word' id='word_1_261' title='bbox 1755 2886 1770 2911; x_wconf 91' lang='lat'><strong>,</strong></span> <span class='ocrx_word' id='word_1_262' title='bbox 1804 2845 1907 2900; x_wconf 90' lang='lat' dir='ltr'><strong>huc</strong></span> <span class='ocrx_word' id='word_1_263' title='bbox 1950 2845 2139 2915; x_wconf 80' lang='lat' dir='ltr'><strong>partim</strong></span> 
     </span>
    </p>
   </div>
   <div class='ocr_carea' id='block_1_42' title="bbox 544 2930 2142 3002">
    <p class='ocr_par' dir='ltr' id='par_1_42' title="bbox 544 2930 2142 3002">
     <span class='ocr_line' id='line_1_45' title="bbox 544 2930 2142 3002; baseline 0.006 -19"><span class='ocrx_word' id='word_1_264' title='bbox 544 2930 739 2987; x_wconf 86' lang='lat' dir='ltr'><strong>all&#39;erre</strong></span> <span class='ocrx_word' id='word_1_265' title='bbox 768 2948 946 3002; x_wconf 73' lang='lat' dir='ltr'><strong>opera:</strong></span> <span class='ocrx_word' id='word_1_266' title='bbox 974 2934 1201 3002; x_wconf 85' lang='lat' dir='ltr'><strong>pretium</strong></span> <span class='ocrx_word' id='word_1_267' title='bbox 1231 2934 1404 2988; x_wconf 82' lang='lat' dir='ltr'><strong>fuerit.</strong></span> <span class='ocrx_word' id='word_1_268' title='bbox 1439 2953 1458 2987; x_wconf 82' lang='grc' dir='ltr'><strong>ι</strong></span> <span class='ocrx_word' id='word_1_269' title='bbox 1482 2934 1538 2988; x_wconf 84' lang='lat' dir='ltr'><strong>In</strong></span> <span class='ocrx_word' id='word_1_270' title='bbox 1570 2934 1669 2989; x_wconf 91' lang='lat' dir='ltr'><strong>hac</strong></span> <span class='ocrx_word' id='word_1_271' title='bbox 1696 2934 1931 2989; x_wconf 88' lang='lat' dir='ltr'><strong>editione</strong></span> <span class='ocrx_word' id='word_1_272' title='bbox 1957 2950 2142 2992; x_wconf 88' lang='lat' dir='ltr'><strong>errore</strong></span> 
     </span>
    </p>
   </div>
   <div class='ocr_carea' id='block_1_43' title="bbox 544 3023 2141 3094">
    <p class='ocr_par' dir='ltr' id='par_1_43' title="bbox 544 3023 2141 3094">
     <span class='ocr_line' id='line_1_46' title="bbox 544 3023 2141 3094; baseline 0.005 -19"><span class='ocrx_word' id='word_1_273' title='bbox 544 3023 729 3077; x_wconf 86' lang='lat' dir='ltr'><strong>nescio</strong></span> <span class='ocrx_word' id='word_1_274' title='bbox 759 3038 866 3093; x_wconf 91' lang='lat' dir='ltr'><strong>quo</strong></span> <span class='ocrx_word' id='word_1_275' title='bbox 904 3025 1241 3094; x_wconf 67' lang='lat' dir='ltr'><strong>transposita:</strong></span> <span class='ocrx_word' id='word_1_276' title='bbox 1263 3034 1389 3080; x_wconf 88' lang='lat' dir='ltr'><strong>sunt</strong></span> <span class='ocrx_word' id='word_1_277' title='bbox 1420 3026 1537 3080; x_wconf 77' lang='lat' dir='ltr'><strong>ista:</strong></span> <span class='ocrx_word' id='word_1_278' title='bbox 1564 3025 1682 3081; x_wconf 69' lang='lat' dir='ltr'><strong>dua:</strong></span> <span class='ocrx_word' id='word_1_279' title='bbox 1707 3025 1776 3082; x_wconf 90' lang='lat' dir='ltr'><strong>ad</strong></span> <span class='ocrx_word' id='word_1_280' title='bbox 1796 3025 2141 3083; x_wconf 86' lang='lat' dir='ltr'><strong>Theodorum</strong></span> 
     </span>
    </p>
   </div>
   <div class='ocr_carea' id='block_1_44' title="bbox 544 3111 2141 3187">
    <p class='ocr_par' dir='ltr' id='par_1_44' title="bbox 544 3111 2141 3187">
     <span class='ocr_line' id='line_1_47' title="bbox 544 3111 2141 3187; baseline 0.004 -21"><span class='ocrx_word' id='word_1_281' title='bbox 544 3111 754 3182; x_wconf 80' lang='lat' dir='ltr'><strong>lapsum</strong></span> <span class='ocrx_word' id='word_1_282' title='bbox 784 3115 1054 3169; x_wconf 81' lang='lat' dir='ltr'><strong>orationes</strong></span> <span class='ocrx_word' id='word_1_283' title='bbox 1073 3155 1088 3180; x_wconf 89' lang='lat'><strong>,</strong></span> <span class='ocrx_word' id='word_1_284' title='bbox 1117 3123 1172 3170; x_wconf 90' lang='lat' dir='ltr'><strong>et</strong></span> <span class='ocrx_word' id='word_1_285' title='bbox 1213 3132 1331 3185; x_wconf 76' lang='lat' dir='ltr'><strong>qua:</strong></span> <span class='ocrx_word' id='word_1_286' title='bbox 1361 3116 1508 3185; x_wconf 88' lang='lat' dir='ltr'><strong>prior</strong></span> <span class='ocrx_word' id='word_1_287' title='bbox 1548 3131 1671 3172; x_wconf 87' lang='lat' dir='ltr'><strong>esse</strong></span> <span class='ocrx_word' id='word_1_288' title='bbox 1711 3116 1929 3184; x_wconf 87' lang='lat' dir='ltr'><strong>debuit,</strong></span> <span class='ocrx_word' id='word_1_289' title='bbox 1958 3130 2141 3187; x_wconf 83' lang='lat' dir='ltr'><strong>poste—</strong></span> 
     </span>
    </p>
   </div>
   <div class='ocr_carea' id='block_1_45' title="bbox 542 3203 2144 3277">
    <p class='ocr_par' dir='ltr' id='par_1_45' title="bbox 542 3203 2144 3277">
     <span class='ocr_line' id='line_1_48' title="bbox 542 3203 2144 3277; baseline 0.004 -21"><span class='ocrx_word' id='word_1_290' title='bbox 542 3204 686 3257; x_wconf 87' lang='lat' dir='ltr'><strong>riore</strong></span> <span class='ocrx_word' id='word_1_291' title='bbox 710 3203 826 3259; x_wconf 89' lang='lat' dir='ltr'><strong>loco</strong></span> <span class='ocrx_word' id='word_1_292' title='bbox 850 3204 1164 3271; x_wconf 85' lang='lat' dir='ltr'><strong>collocatur,</strong></span> <span class='ocrx_word' id='word_1_293' title='bbox 1197 3215 1252 3261; x_wconf 90' lang='lat' dir='ltr'><strong>et</strong></span> <span class='ocrx_word' id='word_1_294' title='bbox 1275 3221 1394 3275; x_wconf 72' lang='lat' dir='ltr'><strong>qua:</strong></span> <span class='ocrx_word' id='word_1_295' title='bbox 1421 3208 1689 3277; x_wconf 85' lang='lat' dir='ltr'><strong>posterior</strong></span> <span class='ocrx_word' id='word_1_296' title='bbox 1714 3248 1731 3272; x_wconf 90' lang='lat'><strong>,</strong></span> <span class='ocrx_word' id='word_1_297' title='bbox 1760 3207 1942 3277; x_wconf 89' lang='lat' dir='ltr'><strong>priore</strong></span> <span class='ocrx_word' id='word_1_298' title='bbox 1974 3226 1988 3263; x_wconf 86' lang='lat'><strong>:</strong></span> <span class='ocrx_word' id='word_1_299' title='bbox 2021 3224 2144 3263; x_wconf 84' lang='lat' dir='ltr'><strong>cor-</strong></span> 
     </span>
    </p>
   </div>
   <div class='ocr_carea' id='block_1_46' title="bbox 542 3299 2132 3371">
    <p class='ocr_par' dir='ltr' id='par_1_46' title="bbox 542 3299 2132 3371">
     <span class='ocr_line' id='line_1_49' title="bbox 542 3299 2132 3371; baseline 0.005 -23"><span class='ocrx_word' id='word_1_300' title='bbox 542 3305 752 3350; x_wconf 89' lang='lat' dir='ltr'><strong>rectore</strong></span> <span class='ocrx_word' id='word_1_301' title='bbox 801 3306 985 3351; x_wconf 90' lang='lat' dir='ltr'><strong>nostro</strong></span> <span class='ocrx_word' id='word_1_302' title='bbox 1042 3299 1533 3362; x_wconf 88' lang='lat' dir='ltr'><strong>auctoritatem,ut</strong></span> <span class='ocrx_word' id='word_1_303' title='bbox 1582 3307 1989 3371; x_wconf 89' lang='lat' dir='ltr'><strong>puto,sequuto</strong></span> <span class='ocrx_word' id='word_1_304' title='bbox 2023 3301 2132 3356; x_wconf 88' lang='lat' dir='ltr'><strong>edi-</strong></span> 
     </span>
    </p>
   </div>
   <div class='ocr_carea' id='block_1_47' title="bbox 541 3386 2137 3461">
    <p class='ocr_par' dir='ltr' id='par_1_47' title="bbox 541 3386 2137 3461">
     <span class='ocr_line' id='line_1_50' title="bbox 541 3386 2137 3461; baseline 0.007 -22"><span class='ocrx_word' id='word_1_305' title='bbox 541 3386 704 3441; x_wconf 85' lang='lat' dir='ltr'><strong>tionis</strong></span> <span class='ocrx_word' id='word_1_306' title='bbox 773 3386 1094 3458; x_wconf 76' lang='lat' dir='ltr'><strong>Moguntina:</strong></span> <span class='ocrx_word' id='word_1_307' title='bbox 1126 3386 1579 3461; x_wconf 68' lang='lat' dir='ltr'><strong>&#39;Florilegiorum,</strong></span> <span class='ocrx_word' id='word_1_308' title='bbox 1615 3392 1704 3447; x_wconf 87' lang='lat' dir='ltr'><strong>ubi</strong></span> <span class='ocrx_word' id='word_1_309' title='bbox 1759 3393 1838 3448; x_wconf 91' lang='lat' dir='ltr'><strong>sic</strong></span> <span class='ocrx_word' id='word_1_310' title='bbox 1883 3396 2137 3450; x_wconf 82' lang='lat' dir='ltr'><strong>citantur.</strong></span> 
     </span>
    </p>
   </div>
   <div class='ocr_carea' id='block_1_48' title="bbox 546 3476 2140 3551">
    <p class='ocr_par' dir='ltr' id='par_1_48' title="bbox 546 3476 2140 3551">
     <span class='ocr_line' id='line_1_51' title="bbox 546 3476 2140 3551; baseline 0.008 -23"><span class='ocrx_word' id='word_1_311' title='bbox 546 3476 714 3530; x_wconf 80' lang='lat' dir='ltr'><strong>Porro</strong></span> <span class='ocrx_word' id='word_1_312' title='bbox 740 3476 898 3545; x_wconf 84' lang='lat' dir='ltr'><strong>hujus</strong></span> <span class='ocrx_word' id='word_1_313' title='bbox 926 3480 1185 3534; x_wconf 87' lang='lat' dir='ltr'><strong>orationis</strong></span> <span class='ocrx_word' id='word_1_314' title='bbox 1207 3520 1223 3546; x_wconf 92' lang='lat'><strong>,</strong></span> <span class='ocrx_word' id='word_1_315' title='bbox 1255 3497 1375 3551; x_wconf 62' lang='lat' dir='ltr'><strong>qua:</strong></span> <span class='ocrx_word' id='word_1_316' title='bbox 1401 3482 1454 3536; x_wconf 94' lang='lat' dir='ltr'><strong>in</strong></span> <span class='ocrx_word' id='word_1_317' title='bbox 1481 3491 1664 3537; x_wconf 89' lang='lat' dir='ltr'><strong>nostra</strong></span> <span class='ocrx_word' id='word_1_318' title='bbox 1688 3482 1922 3539; x_wconf 90' lang='lat' dir='ltr'><strong>editione</strong></span> <span class='ocrx_word' id='word_1_319' title='bbox 1949 3494 2140 3540; x_wconf 76' lang='lat' dir='ltr'><strong>octava</strong></span> 
     </span>
    </p>
   </div>
   <div class='ocr_carea' id='block_1_49' title="bbox 543 3569 2141 3643">
    <p class='ocr_par' dir='ltr' id='par_1_49' title="bbox 543 3569 2141 3643">
     <span class='ocr_line' id='line_1_52' title="bbox 543 3569 2141 3643; baseline 0.009 -23"><span class='ocrx_word' id='word_1_320' title='bbox 543 3569 934 3628; x_wconf 88' lang='lat' dir='ltr'><strong>est..meminit</strong></span> <span class='ocrx_word' id='word_1_321' title='bbox 973 3572 1268 3641; x_wconf 80' lang='lat' dir='ltr'><strong>magniﬁcis</strong></span> <span class='ocrx_word' id='word_1_322' title='bbox 1316 3588 1435 3627; x_wconf 93' lang='lat' dir='ltr'><strong>cum</strong></span> <span class='ocrx_word' id='word_1_323' title='bbox 1477 3574 1758 3643; x_wconf 72' lang='lat' dir='ltr'><strong>prmconiis</strong></span> <span class='ocrx_word' id='word_1_324' title='bbox 1809 3574 2141 3635; x_wconf 84' lang='lat' dir='ltr'><strong>Sozomenus</strong></span> 
     </span>
    </p>
   </div>
   <div class='ocr_carea' id='block_1_50' title="bbox 542 3660 2137 3736">
    <p class='ocr_par' dir='ltr' id='par_1_50' title="bbox 542 3660 2137 3736">
     <span class='ocr_line' id='line_1_53' title="bbox 542 3660 2137 3736; baseline 0.006 -21"><span class='ocrx_word' id='word_1_325' title='bbox 542 3660 635 3715; x_wconf 86' lang='lat' dir='ltr'><strong>lih.</strong></span> <span class='ocrx_word' id='word_1_326' title='bbox 663 3661 697 3717; x_wconf 91' lang='lat'><strong><em>8</em></strong></span> <span class='ocrx_word' id='word_1_327' title='bbox 718 3703 732 3724; x_wconf 90' lang='lat'><strong>,</strong></span> <span class='ocrx_word' id='word_1_328' title='bbox 763 3676 883 3731; x_wconf 90' lang='lat' dir='ltr'><strong>cap.</strong></span> <span class='ocrx_word' id='word_1_329' title='bbox 914 3664 950 3717; x_wconf 72' lang='lat'><strong>2</strong></span> <span class='ocrx_word' id='word_1_330' title='bbox 973 3704 988 3727; x_wconf 96' lang='lat'><strong>,</strong></span> <span class='ocrx_word' id='word_1_331' title='bbox 1017 3664 1170 3734; x_wconf 91' lang='lat' dir='ltr'><strong>cujus</strong></span> <span class='ocrx_word' id='word_1_332' title='bbox 1193 3665 1355 3720; x_wconf 85' lang='lat' dir='ltr'><strong>verba</strong></span> <span class='ocrx_word' id='word_1_333' title='bbox 1386 3680 1413 3718; x_wconf 88' lang='lat' dir='ltr'><strong>a</strong></span> <span class='ocrx_word' id='word_1_334' title='bbox 1447 3681 1533 3721; x_wconf 90' lang='lat' dir='ltr'><strong>me</strong></span> <span class='ocrx_word' id='word_1_335' title='bbox 1558 3681 1661 3736; x_wconf 88' lang='lat' dir='ltr'><strong>qua</strong></span> <span class='ocrx_word' id='word_1_336' title='bbox 1703 3681 1734 3721; x_wconf 91' lang='lat' dir='ltr'><strong>a</strong></span> <span class='ocrx_word' id='word_1_337' title='bbox 1763 3665 1933 3722; x_wconf 89' lang='lat' dir='ltr'><strong>Codd.</strong></span> <span class='ocrx_word' id='word_1_338' title='bbox 1965 3666 2093 3723; x_wconf 81' lang='lat' dir='ltr'><strong>Mss.</strong></span> <span class='ocrx_word' id='word_1_339' title='bbox 2119 3708 2137 3733; x_wconf 94' lang='lat'><strong>,</strong></span> 
     </span>
    </p>
   </div>
   <div class='ocr_carea' id='block_1_51' title="bbox 544 3754 2141 3824">
    <p class='ocr_par' dir='ltr' id='par_1_51' title="bbox 544 3754 2141 3824">
     <span class='ocr_line' id='line_1_54' title="bbox 544 3754 2141 3824; baseline 0.006 -19"><span class='ocrx_word' id='word_1_340' title='bbox 544 3767 648 3822; x_wconf 91' lang='lat' dir='ltr'><strong>qua</strong></span> <span class='ocrx_word' id='word_1_341' title='bbox 705 3768 735 3807; x_wconf 90' lang='lat' dir='ltr'><strong>a</strong></span> <span class='ocrx_word' id='word_1_342' title='bbox 796 3754 1121 3824; x_wconf 88' lang='lat' dir='ltr'><strong>eonjecturis</strong></span> <span class='ocrx_word' id='word_1_343' title='bbox 1184 3757 1549 3812; x_wconf 86' lang='lat' dir='ltr'><strong>cmendatiora</strong></span> <span class='ocrx_word' id='word_1_344' title='bbox 1614 3756 1752 3813; x_wconf 82' lang='lat' dir='ltr'><strong>facta</strong></span> <span class='ocrx_word' id='word_1_345' title='bbox 1822 3759 1994 3814; x_wconf 90' lang='lat' dir='ltr'><strong>visum</strong></span> <span class='ocrx_word' id='word_1_346' title='bbox 2055 3765 2141 3815; x_wconf 85' lang='lat' dir='ltr'><strong>est</strong></span> 
     </span>
    </p>
   </div>
   <div class='ocr_carea' id='block_1_52' title="bbox 539 3843 2138 3920">
    <p class='ocr_par' dir='ltr' id='par_1_52' title="bbox 539 3843 2138 3920">
     <span class='ocr_line' id='line_1_55' title="bbox 539 3843 2138 3920; baseline 0.006 -24"><span class='ocrx_word' id='word_1_347' title='bbox 539 3843 869 3900; x_wconf 87' lang='lat' dir='ltr'><strong>adscribere.</strong></span> <span class='ocrx_word' id='word_1_348' title='bbox 919 3850 990 3900; x_wconf 79' lang='grc' dir='ltr'><strong>οὗ</strong></span> <span class='ocrx_word' id='word_1_349' title='bbox 1026 3856 1161 3914; x_wconf 72' lang='grc' dir='ltr'><strong>μόνος</strong></span> <span class='ocrx_word' id='word_1_350' title='bbox 1202 3851 1250 3901; x_wconf 69' lang='grc' dir='ltr'><strong>δὲ</strong></span> <span class='ocrx_word' id='word_1_351' title='bbox 1278 3848 1774 3920; x_wconf 82' lang='lat' dir='ltr'><strong>(Cltrysostomus)</strong></span> <span class='ocrx_word' id='word_1_352' title='bbox 1799 3855 1930 3920; x_wconf 81' lang='grc' dir='ltr'><strong>παρὰ</strong></span> <span class='ocrx_word' id='word_1_353' title='bbox 1949 3853 2138 3913; x_wconf 75' lang='grc' dir='ltr'><strong>τούτοις</strong></span> 
     </span>
    </p>
   </div>
   <div class='ocr_carea' id='block_1_53' title="bbox 539 3934 2140 4012">
    <p class='ocr_par' dir='ltr' id='par_1_53' title="bbox 539 3934 2140 4012">
     <span class='ocr_line' id='line_1_56' title="bbox 539 3934 2140 4012; baseline 0.004 -23"><span class='ocrx_word' id='word_1_354' title='bbox 539 3940 556 3998; x_wconf 85' lang='grc'><strong>(</strong></span> <span class='ocrx_word' id='word_1_355' title='bbox 592 3934 833 3990; x_wconf 86' lang='lat' dir='ltr'><strong>Carterio</strong></span> <span class='ocrx_word' id='word_1_356' title='bbox 880 3944 937 3991; x_wconf 89' lang='lat' dir='ltr'><strong>et</strong></span> <span class='ocrx_word' id='word_1_357' title='bbox 990 3936 1271 4009; x_wconf 88' lang='lat' dir='ltr'><strong>Diodoro)</strong></span> <span class='ocrx_word' id='word_1_358' title='bbox 1311 3945 1494 4012; x_wconf 65' lang='grc' dir='ltr'><strong>ἑροιταο</strong></span> <span class='ocrx_word' id='word_1_359' title='bbox 1526 3947 1678 3993; x_wconf 68' lang='grc' dir='ltr'><strong>ἔπεισε</strong></span> <span class='ocrx_word' id='word_1_360' title='bbox 1739 3944 1787 3993; x_wconf 72' lang='lat' dir='ltr'><strong>at</strong></span> <span class='ocrx_word' id='word_1_361' title='bbox 1848 3955 1932 4001; x_wconf 80' lang='grc' dir='ltr'><strong>τῆς</strong></span> <span class='ocrx_word' id='word_1_362' title='bbox 1992 3945 2140 3995; x_wconf 79' lang='grc' dir='ltr'><strong>αὐτοῦ</strong></span> 
     </span>
    </p>
   </div>
   <div class='ocr_carea' id='block_1_54' title="bbox 539 4025 2137 4103">
    <p class='ocr_par' dir='ltr' id='par_1_54' title="bbox 539 4025 2137 4103">
     <span class='ocr_line' id='line_1_57' title="bbox 539 4025 2137 4103; baseline 0.005 -26"><span class='ocrx_word' id='word_1_363' title='bbox 539 4025 557 4088; x_wconf 88' lang='grc'><strong>(</strong></span> <span class='ocrx_word' id='word_1_364' title='bbox 582 4025 654 4078; x_wconf 92' lang='lat' dir='ltr'><strong>al.</strong></span> <span class='ocrx_word' id='word_1_365' title='bbox 683 4025 871 4095; x_wconf 73' lang='grc' dir='ltr'><strong>αὗτῆς)</strong></span> <span class='ocrx_word' id='word_1_366' title='bbox 902 4036 1081 4094; x_wconf 76' lang='grc' dir='ltr'><strong>γνώμης</strong></span> <span class='ocrx_word' id='word_1_367' title='bbox 1107 4033 1225 4084; x_wconf 63' lang='grc' dir='ltr'><strong>εἶλαι</strong></span> <span class='ocrx_word' id='word_1_368' title='bbox 1246 4037 1457 4099; x_wconf 76' lang='grc' dir='ltr'><strong>εταίρους</strong></span> <span class='ocrx_word' id='word_1_369' title='bbox 1486 4034 1633 4085; x_wconf 74' lang='grc' dir='ltr'>αὐτοῦ</span> <span class='ocrx_word' id='word_1_370' title='bbox 1666 4038 1928 4103; x_wconf 63' lang='grc' dir='ltr'><strong>γινομένους</strong></span> <span class='ocrx_word' id='word_1_371' title='bbox 1960 4037 2011 4084; x_wconf 69' lang='grc' dir='ltr'><strong>ιχ</strong></span> <span class='ocrx_word' id='word_1_372' title='bbox 2052 4047 2137 4094; x_wconf 78' lang='grc' dir='ltr'><strong>τῆς</strong></span> 
     </span>
    </p>
   </div>
   <div class='ocr_carea' id='block_1_55' title="bbox 539 4118 2140 4193">
    <p class='ocr_par' dir='ltr' id='par_1_55' title="bbox 539 4118 2140 4193">
     <span class='ocr_line' id='line_1_58' title="bbox 539 4118 2140 4193; baseline 0.002 -24"><span class='ocrx_word' id='word_1_373' title='bbox 539 4124 765 4172; x_wconf 74' lang='grc' dir='ltr'><strong>Λιϐανιου</strong></span> <span class='ocrx_word' id='word_1_374' title='bbox 804 4121 1049 4189; x_wconf 74' lang='grc' dir='ltr'>διατριϐῆς</span> <span class='ocrx_word' id='word_1_375' title='bbox 1076 4160 1090 4185; x_wconf 91' lang='grc'><em>,</em></span> <span class='ocrx_word' id='word_1_376' title='bbox 1112 4124 1346 4193; x_wconf 78' lang='grc' dir='ltr'><strong>Θεόδωρόν</strong></span> <span class='ocrx_word' id='word_1_377' title='bbox 1384 4145 1492 4175; x_wconf 78' lang='grc' dir='ltr'>τινα</span> <span class='ocrx_word' id='word_1_378' title='bbox 1524 4131 1606 4174; x_wconf 70' lang='grc' dir='ltr'><strong>καὶ</strong></span> <span class='ocrx_word' id='word_1_379' title='bbox 1646 4128 1894 4189; x_wconf 57' lang='grc' dir='ltr'><strong>Μάξιμον</strong></span> <span class='ocrx_word' id='word_1_380' title='bbox 1918 4118 1987 4175; x_wconf 82' lang='grc' dir='ltr'><strong>ὧν</strong></span> <span class='ocrx_word' id='word_1_381' title='bbox 2010 4125 2037 4175; x_wconf 80' lang='grc' dir='ltr'>ὁ</span> <span class='ocrx_word' id='word_1_382' title='bbox 2054 4130 2140 4190; x_wconf 69' lang='grc' dir='ltr'><strong>μὲν</strong></span> 
     </span>
    </p>
   </div>
   <div class='ocr_carea' id='block_1_56' title="bbox 540 4203 2132 4284">
    <p class='ocr_par' dir='ltr' id='par_1_56' title="bbox 540 4203 2132 4284">
     <span class='ocr_line' id='line_1_59' title="bbox 540 4203 2132 4284; baseline 0.004 -26"><span class='ocrx_word' id='word_1_383' title='bbox 540 4203 845 4279; x_wconf 71' lang='lat' dir='ltr'><strong>(Maximus)</strong></span> <span class='ocrx_word' id='word_1_384' title='bbox 862 4212 1047 4282; x_wconf 74' lang='grc' dir='ltr'><strong>ὕστιρον</strong></span> <span class='ocrx_word' id='word_1_385' title='bbox 1059 4215 1306 4273; x_wconf 66' lang='grc' dir='ltr'><strong>ἐπίσκοπος</strong></span> <span class='ocrx_word' id='word_1_386' title='bbox 1321 4216 1500 4278; x_wconf 57' lang='lat' dir='ltr'><strong>histro</strong></span> <span class='ocrx_word' id='word_1_387' title='bbox 1517 4220 1783 4274; x_wconf 74' lang='grc' dir='ltr'><strong>Σελιυχιιας</strong></span> <span class='ocrx_word' id='word_1_388' title='bbox 1800 4227 1884 4275; x_wconf 75' lang='grc' dir='ltr'><strong>τῆς</strong></span> <span class='ocrx_word' id='word_1_389' title='bbox 1910 4204 2132 4284; x_wconf 72' lang='grc' dir='ltr'><strong>ίσαῦρων,</strong></span> 
     </span>
    </p>
   </div>
   <div class='ocr_carea' id='block_1_57' title="bbox 535 4302 2138 4378">
    <p class='ocr_par' dir='ltr' id='par_1_57' title="bbox 535 4302 2138 4378">
     <span class='ocr_line' id='line_1_60' title="bbox 535 4302 2138 4378; baseline 0.005 -25"><span class='ocrx_word' id='word_1_390' title='bbox 535 4304 709 4368; x_wconf 68' lang='grc' dir='ltr'><strong><em>Μόψου</em></strong></span> <span class='ocrx_word' id='word_1_391' title='bbox 737 4305 785 4355; x_wconf 65' lang='grc' dir='ltr'><strong>δὲ</strong></span> <span class='ocrx_word' id='word_1_392' title='bbox 809 4305 969 4367; x_wconf 61' lang='lat' dir='ltr'><strong>ica-let;</strong></span> <span class='ocrx_word' id='word_1_393' title='bbox 996 4320 1083 4366; x_wconf 82' lang='grc' dir='ltr'><strong>τῆς</strong></span> <span class='ocrx_word' id='word_1_394' title='bbox 1116 4312 1343 4367; x_wconf 74' lang='grc' dir='ltr'><strong>Κιλικίας</strong></span> <span class='ocrx_word' id='word_1_395' title='bbox 1370 4302 1675 4378; x_wconf 68' lang='grc' dir='ltr'><strong>Θεόδωρος,[</strong></span> <span class='ocrx_word' id='word_1_396' title='bbox 1700 4311 1813 4377; x_wconf 74' lang='grc' dir='ltr'><strong>πρὸς</strong></span> <span class='ocrx_word' id='word_1_397' title='bbox 1848 4310 1899 4358; x_wconf 79' lang='grc' dir='ltr'><strong>ὃν</strong></span> <span class='ocrx_word' id='word_1_398' title='bbox 1937 4314 2138 4361; x_wconf 78' lang='grc' dir='ltr'><strong>πεσόντα</strong></span> 
     </span>
    </p>
   </div>
   <div class='ocr_carea' id='block_1_58' title="bbox 533 4394 2137 4470">
    <p class='ocr_par' dir='ltr' id='par_1_58' title="bbox 533 4394 2137 4470">
     <span class='ocr_line' id='line_1_61' title="bbox 533 4394 2137 4470; baseline 0.007 -27"><span class='ocrx_word' id='word_1_399' title='bbox 533 4394 700 4463; x_wconf 67' lang='grc' dir='ltr'><strong>γράφει</strong></span> <span class='ocrx_word' id='word_1_400' title='bbox 720 4397 744 4445; x_wconf 87' lang='grc' dir='ltr'>ὁ</span> <span class='ocrx_word' id='word_1_401' title='bbox 764 4401 879 4456; x_wconf 65' lang='lat' dir='ltr'><strong>Odos</strong></span> <span class='ocrx_word' id='word_1_402' title='bbox 892 4402 1226 4467; x_wconf 76' lang='grc' dir='ltr'><strong>Χρυσὸστομος</strong></span> <span class='ocrx_word' id='word_1_403' title='bbox 1251 4402 1500 4459; x_wconf 66' lang='grc' dir='ltr'><strong>επιστολὴν</strong></span> <span class='ocrx_word' id='word_1_404' title='bbox 1521 4401 1735 4469; x_wconf 69' lang='grc' dir='ltr'><strong>δευτέραν</strong></span> <span class='ocrx_word' id='word_1_405' title='bbox 1751 4395 1797 4470; x_wconf 81' lang='grc'><strong>],</strong></span> <span class='ocrx_word' id='word_1_406' title='bbox 1816 4406 1924 4454; x_wconf 90' lang='lat' dir='ltr'><strong>etc.</strong></span> <span class='ocrx_word' id='word_1_407' title='bbox 1960 4417 1980 4451; x_wconf 69' lang='grc' dir='ltr'><strong>ι</strong></span> <span class='ocrx_word' id='word_1_408' title='bbox 2010 4398 2137 4455; x_wconf 73' lang='grc' dir='ltr'>Πωο</span> 
     </span>
    </p>
   </div>
   <div class='ocr_carea' id='block_1_59' title="bbox 540 4485 2136 4546">
    <p class='ocr_par' dir='ltr' id='par_1_59' title="bbox 540 4485 2136 4546">
     <span class='ocr_line' id='line_1_62' title="bbox 540 4485 2136 4546; baseline 0.009 -15"><span class='ocrx_word' id='word_1_409' title='bbox 540 4488 810 4546; x_wconf 86' lang='lat' dir='ltr'><strong>postrema</strong></span> <span class='ocrx_word' id='word_1_410' title='bbox 850 4487 1013 4539; x_wconf 83' lang='lat' dir='ltr'><strong>verba</strong></span> <span class='ocrx_word' id='word_1_411' title='bbox 1053 4485 1263 4539; x_wconf 88' lang='lat' dir='ltr'><strong>uncinis</strong></span> <span class='ocrx_word' id='word_1_412' title='bbox 1295 4485 1496 4540; x_wconf 90' lang='lat' dir='ltr'><strong>inclusa</strong></span> <span class='ocrx_word' id='word_1_413' title='bbox 1538 4487 1591 4541; x_wconf 88' lang='lat' dir='ltr'><strong>in</strong></span> <span class='ocrx_word' id='word_1_414' title='bbox 1641 4487 1876 4544; x_wconf 88' lang='lat' dir='ltr'><strong>editione</strong></span> <span class='ocrx_word' id='word_1_415' title='bbox 1914 4489 2136 4546; x_wconf 82' lang='lat' dir='ltr'><strong>Roberti</strong></span> 
     </span>
    </p>
   </div>
   <div class='ocr_carea' id='block_1_60' title="bbox 542 4566 2138 4645">
    <p class='ocr_par' dir='ltr' id='par_1_60' title="bbox 542 4566 2138 4645">
     <span class='ocr_line' id='line_1_63' title="bbox 542 4566 2138 4645; baseline 0.009 -21"><span class='ocrx_word' id='word_1_416' title='bbox 542 4569 798 4640; x_wconf 84' lang='lat' dir='ltr'><strong>Stephani</strong></span> <span class='ocrx_word' id='word_1_417' title='bbox 834 4583 890 4629; x_wconf 91' lang='lat' dir='ltr'><strong>et</strong></span> <span class='ocrx_word' id='word_1_418' title='bbox 930 4574 1403 4645; x_wconf 86' lang='lat' dir='ltr'><strong>Christophorsoni</strong></span> <span class='ocrx_word' id='word_1_419' title='bbox 1448 4577 1714 4632; x_wconf 81' lang='lat' dir='ltr'><strong>habentur</strong></span> <span class='ocrx_word' id='word_1_420' title='bbox 1743 4593 1756 4632; x_wconf 91' lang='lat'><strong>:</strong></span> <span class='ocrx_word' id='word_1_421' title='bbox 1790 4579 1982 4636; x_wconf 86' lang='lat' dir='ltr'><strong>horum</strong></span> <span class='ocrx_word' id='word_1_422' title='bbox 2007 4566 2138 4639; x_wconf 87' lang='lat' dir='ltr'><strong>vero</strong></span> 
     </span>
    </p>
   </div>
   <div class='ocr_carea' id='block_1_61' title="bbox 537 4664 2136 4740">
    <p class='ocr_par' dir='ltr' id='par_1_61' title="bbox 537 4664 2136 4740">
     <span class='ocr_line' id='line_1_64' title="bbox 537 4664 2136 4740; baseline 0.008 -25"><span class='ocrx_word' id='word_1_423' title='bbox 537 4674 729 4716; x_wconf 85' lang='lat' dir='ltr'><strong>sensus</strong></span> <span class='ocrx_word' id='word_1_424' title='bbox 749 4671 858 4718; x_wconf 89' lang='lat' dir='ltr'><strong>est:</strong></span> <span class='ocrx_word' id='word_1_425' title='bbox 879 4665 1069 4721; x_wconf 88' lang='lat' dir='ltr'><strong>Divum</strong></span> <span class='ocrx_word' id='word_1_426' title='bbox 1087 4664 1525 4738; x_wconf 85' lang='lat' dir='ltr'><strong>Chrysostomum</strong></span> <span class='ocrx_word' id='word_1_427' title='bbox 1546 4668 1835 4724; x_wconf 89' lang='lat' dir='ltr'><strong>secundam</strong></span> <span class='ocrx_word' id='word_1_428' title='bbox 1856 4672 2136 4740; x_wconf 89' lang='lat' dir='ltr'><strong>epistolam</strong></span> 
     </span>
    </p>
   </div>
   <div class='ocr_carea' id='block_1_62' title="bbox 537 4753 2137 4831">
    <p class='ocr_par' dir='ltr' id='par_1_62' title="bbox 537 4753 2137 4831">
     <span class='ocr_line' id='line_1_65' title="bbox 537 4753 2137 4831; baseline 0.009 -25"><span class='ocrx_word' id='word_1_429' title='bbox 537 4753 821 4824; x_wconf 88' lang='lat' dir='ltr'><strong>scripsisse</strong></span> <span class='ocrx_word' id='word_1_430' title='bbox 840 4756 907 4812; x_wconf 92' lang='lat' dir='ltr'><strong>ad</strong></span> <span class='ocrx_word' id='word_1_431' title='bbox 928 4757 1270 4815; x_wconf 85' lang='lat' dir='ltr'><strong>Theodorum</strong></span> <span class='ocrx_word' id='word_1_432' title='bbox 1288 4759 1497 4830; x_wconf 89' lang='lat' dir='ltr'><strong>lapsum</strong></span> <span class='ocrx_word' id='word_1_433' title='bbox 1522 4778 1535 4815; x_wconf 93' lang='lat'><strong>:</strong></span> <span class='ocrx_word' id='word_1_434' title='bbox 1555 4775 1673 4831; x_wconf 71' lang='lat' dir='ltr'><strong>qua:</strong></span> <span class='ocrx_word' id='word_1_435' title='bbox 1689 4759 1933 4816; x_wconf 85' lang='lat' dir='ltr'><strong>clausula</strong></span> <span class='ocrx_word' id='word_1_436' title='bbox 1948 4763 1993 4817; x_wconf 87' lang='lat' dir='ltr'><strong>si</strong></span> <span class='ocrx_word' id='word_1_437' title='bbox 2012 4779 2137 4820; x_wconf 83' lang='lat' dir='ltr'><strong>vere</strong></span> 
     </span>
    </p>
   </div>
   <div class='ocr_carea' id='block_1_63' title="bbox 540 4844 2133 4924">
    <p class='ocr_par' dir='ltr' id='par_1_63' title="bbox 540 4844 2133 4924">
     <span class='ocr_line' id='line_1_66' title="bbox 540 4844 2133 4924; baseline 0.008 -24"><span class='ocrx_word' id='word_1_438' title='bbox 540 4844 825 4902; x_wconf 85' lang='lat' dir='ltr'><strong>Sozomeni</strong></span> <span class='ocrx_word' id='word_1_439' title='bbox 851 4861 991 4906; x_wconf 82' lang='lat' dir='ltr'><strong>esset</strong></span> <span class='ocrx_word' id='word_1_440' title='bbox 1019 4890 1034 4917; x_wconf 95' lang='lat'><strong>,</strong></span> <span class='ocrx_word' id='word_1_441' title='bbox 1057 4850 1280 4923; x_wconf 88' lang='lat' dir='ltr'><strong>alicujus</strong></span> <span class='ocrx_word' id='word_1_442' title='bbox 1309 4852 1361 4908; x_wconf 90' lang='lat' dir='ltr'><strong>in</strong></span> <span class='ocrx_word' id='word_1_443' title='bbox 1402 4868 1464 4908; x_wconf 89' lang='lat' dir='ltr'><strong>re</strong></span> <span class='ocrx_word' id='word_1_444' title='bbox 1487 4867 1647 4924; x_wconf 90' lang='lat' dir='ltr'><strong>quam</strong></span> <span class='ocrx_word' id='word_1_445' title='bbox 1687 4862 1983 4912; x_wconf 80' lang='lat' dir='ltr'><strong>tractamus</strong></span> <span class='ocrx_word' id='word_1_446' title='bbox 2014 4872 2133 4912; x_wconf 86' lang='lat' dir='ltr'><strong>mo-</strong></span> 
     </span>
    </p>
   </div>
   <div class='ocr_carea' id='block_1_64' title="bbox 542 4937 2134 5017">
    <p class='ocr_par' dir='ltr' id='par_1_64' title="bbox 542 4937 2134 5017">
     <span class='ocr_line' id='line_1_67' title="bbox 542 4937 2134 5017; baseline 0.009 -28"><span class='ocrx_word' id='word_1_447' title='bbox 542 4937 707 4992; x_wconf 92' lang='lat' dir='ltr'><strong>menti</strong></span> <span class='ocrx_word' id='word_1_448' title='bbox 735 4937 900 5006; x_wconf 77' lang='lat' dir='ltr'><strong>foret;</strong></span> <span class='ocrx_word' id='word_1_449' title='bbox 926 4957 1110 4997; x_wconf 82' lang='lat' dir='ltr'><strong>verum</strong></span> <span class='ocrx_word' id='word_1_450' title='bbox 1136 4959 1254 4998; x_wconf 84' lang='lat' dir='ltr'><strong>eam</strong></span> <span class='ocrx_word' id='word_1_451' title='bbox 1277 4959 1308 4998; x_wconf 90' lang='lat' dir='ltr'><strong>a</strong></span> <span class='ocrx_word' id='word_1_452' title='bbox 1329 4944 1548 5001; x_wconf 89' lang='lat' dir='ltr'><strong>librario</strong></span> <span class='ocrx_word' id='word_1_453' title='bbox 1577 4945 1831 5017; x_wconf 89' lang='lat' dir='ltr'><strong>quopiam</strong></span> <span class='ocrx_word' id='word_1_454' title='bbox 1862 4945 2134 5003; x_wconf 73' lang='lat' dir='ltr'><strong>inductam</strong></span> 
     </span>
    </p>
   </div>
   <div class='ocr_carea' id='block_1_65' title="bbox 536 5027 2133 5108">
    <p class='ocr_par' dir='ltr' id='par_1_65' title="bbox 536 5027 2133 5108">
     <span class='ocr_line' id='line_1_68' title="bbox 536 5027 2133 5108; baseline 0.01 -28"><span class='ocrx_word' id='word_1_455' title='bbox 536 5027 700 5084; x_wconf 76' lang='lat' dir='ltr'><strong>fuisse</strong></span> <span class='ocrx_word' id='word_1_456' title='bbox 731 5039 879 5099; x_wconf 85' lang='lat' dir='ltr'><strong>putat</strong></span> <span class='ocrx_word' id='word_1_457' title='bbox 903 5032 1163 5090; x_wconf 82' lang='lat' dir='ltr'><strong>Henricus</strong></span> <span class='ocrx_word' id='word_1_458' title='bbox 1193 5033 1454 5102; x_wconf 85' lang='lat' dir='ltr'><strong>Valesius,</strong></span> <span class='ocrx_word' id='word_1_459' title='bbox 1475 5034 1576 5091; x_wconf 88' lang='lat' dir='ltr'><strong>hac</strong></span> <span class='ocrx_word' id='word_1_460' title='bbox 1600 5030 1877 5107; x_wconf 76' lang='lat' dir='ltr'><strong>permotus</strong></span> <span class='ocrx_word' id='word_1_461' title='bbox 1903 5039 2133 5108; x_wconf 90' lang='lat' dir='ltr'><strong>ratione,</strong></span> 
     </span>
    </p>
   </div>
   <div class='ocr_carea' id='block_1_66' title="bbox 526 5125 2133 5195">
    <p class='ocr_par' dir='ltr' id='par_1_66' title="bbox 526 5125 2133 5195">
     <span class='ocr_line' id='line_1_69' title="bbox 526 5125 2133 5195; baseline 0.007 -20"><span class='ocrx_word' id='word_1_462' title='bbox 526 5136 697 5191; x_wconf 80' lang='lat' dir='ltr'><strong>quam</strong></span> <span class='ocrx_word' id='word_1_463' title='bbox 723 5132 780 5178; x_wconf 90' lang='lat' dir='ltr'><strong>et</strong></span> <span class='ocrx_word' id='word_1_464' title='bbox 808 5139 907 5180; x_wconf 84' lang='lat' dir='ltr'><strong>nos</strong></span> <span class='ocrx_word' id='word_1_465' title='bbox 934 5125 1222 5195; x_wconf 87' lang='lat' dir='ltr'><strong>probamus</strong></span> <span class='ocrx_word' id='word_1_466' title='bbox 1252 5145 1267 5182; x_wconf 88' lang='lat'><strong>:</strong></span> <span class='ocrx_word' id='word_1_467' title='bbox 1299 5128 1548 5185; x_wconf 84' lang='lat' dir='ltr'><strong>videlicet</strong></span> <span class='ocrx_word' id='word_1_468' title='bbox 1589 5128 1852 5185; x_wconf 82' lang='lat' dir='ltr'><strong>Joannem</strong></span> <span class='ocrx_word' id='word_1_469' title='bbox 1891 5140 2133 5186; x_wconf 85' lang='lat' dir='ltr'><strong>nostrum</strong></span> 
     </span>
    </p>
   </div>
   <div class='ocr_carea' id='block_1_67' title="bbox 535 5210 2132 5291">
    <p class='ocr_par' dir='ltr' id='par_1_67' title="bbox 535 5210 2132 5291">
     <span class='ocr_line' id='line_1_70' title="bbox 535 5210 2132 5291; baseline 0.007 -25"><span class='ocrx_word' id='word_1_470' title='bbox 535 5210 822 5270; x_wconf 81' lang='lat' dir='ltr'><strong>Sozomeni</strong></span> <span class='ocrx_word' id='word_1_471' title='bbox 847 5230 965 5271; x_wconf 67' lang='lat' dir='ltr'><strong>aevo</strong></span> <span class='ocrx_word' id='word_1_472' title='bbox 990 5217 1225 5272; x_wconf 89' lang='lat' dir='ltr'><strong>nondum</strong></span> <span class='ocrx_word' id='word_1_473' title='bbox 1254 5216 1624 5291; x_wconf 88' lang='lat' dir='ltr'><strong>Chrysostomi</strong></span> <span class='ocrx_word' id='word_1_474' title='bbox 1655 5236 1851 5277; x_wconf 87' lang='lat' dir='ltr'><strong>nomen</strong></span> <span class='ocrx_word' id='word_1_475' title='bbox 1878 5220 2132 5291; x_wconf 89' lang='lat' dir='ltr'><strong>adeptum</strong></span> 
     </span>
    </p>
   </div>
   <div class='ocr_carea' id='block_1_68' title="bbox 533 5306 2132 5370">
    <p class='ocr_par' dir='ltr' id='par_1_68' title="bbox 533 5306 2132 5370">
     <span class='ocr_line' id='line_1_71' title="bbox 533 5306 2132 5370; baseline 0.006 -10"><span class='ocrx_word' id='word_1_476' title='bbox 533 5306 698 5363; x_wconf 78' lang='lat' dir='ltr'><strong>fuisse</strong></span> <span class='ocrx_word' id='word_1_477' title='bbox 724 5325 738 5363; x_wconf 92' lang='lat'><strong>:</strong></span> <span class='ocrx_word' id='word_1_478' title='bbox 766 5322 888 5363; x_wconf 91' lang='lat' dir='ltr'><strong>cum</strong></span> <span class='ocrx_word' id='word_1_479' title='bbox 930 5317 1109 5365; x_wconf 86' lang='lat' dir='ltr'><strong>autem</strong></span> <span class='ocrx_word' id='word_1_480' title='bbox 1152 5310 1206 5365; x_wconf 92' lang='lat' dir='ltr'><strong>in</strong></span> <span class='ocrx_word' id='word_1_481' title='bbox 1249 5311 1435 5368; x_wconf 90' lang='lat' dir='ltr'><strong>codice</strong></span> <span class='ocrx_word' id='word_1_482' title='bbox 1474 5310 1774 5368; x_wconf 84' lang='lat' dir='ltr'><strong>Fuketiano</strong></span> <span class='ocrx_word' id='word_1_483' title='bbox 1822 5313 1939 5369; x_wconf 74' lang='lat' dir='ltr'><strong>hmc</strong></span> <span class='ocrx_word' id='word_1_484' title='bbox 1986 5314 2132 5370; x_wconf 90' lang='lat' dir='ltr'><strong>clau-</strong></span> 
     </span>
    </p>
   </div>
   <div class='ocr_carea' id='block_1_69' title="bbox 533 5400 2133 5477">
    <p class='ocr_par' dir='ltr' id='par_1_69' title="bbox 533 5400 2133 5477">
     <span class='ocr_line' id='line_1_72' title="bbox 533 5400 2133 5477; baseline 0.007 -26"><span class='ocrx_word' id='word_1_485' title='bbox 533 5400 646 5452; x_wconf 79' lang='lat' dir='ltr'><strong>sula</strong></span> <span class='ocrx_word' id='word_1_486' title='bbox 680 5414 787 5456; x_wconf 86' lang='lat' dir='ltr'><strong>non</strong></span> <span class='ocrx_word' id='word_1_487' title='bbox 827 5411 1096 5468; x_wconf 82' lang='lat' dir='ltr'><strong>exstaret,</strong></span> <span class='ocrx_word' id='word_1_488' title='bbox 1128 5403 1275 5459; x_wconf 86' lang='lat' dir='ltr'><strong>illam</strong></span> <span class='ocrx_word' id='word_1_489' title='bbox 1324 5406 1581 5477; x_wconf 77' lang='lat' dir='ltr'><strong>expunxit</strong></span> <span class='ocrx_word' id='word_1_490' title='bbox 1607 5405 1871 5463; x_wconf 82' lang='lat' dir='ltr'><strong>Valesius.</strong></span> <span class='ocrx_word' id='word_1_491' title='bbox 1902 5406 2133 5462; x_wconf 86' lang='lat' dir='ltr'><strong>Savilius</strong></span> 
     </span>
    </p>
   </div>
   <div class='ocr_carea' id='block_1_70' title="bbox 532 5490 2132 5566">
    <p class='ocr_par' dir='ltr' id='par_1_70' title="bbox 532 5490 2132 5566">
     <span class='ocr_line' id='line_1_73' title="bbox 532 5490 2132 5566; baseline 0.006 -21"><span class='ocrx_word' id='word_1_492' title='bbox 532 5490 694 5541; x_wconf 74' lang='lat' dir='ltr'><strong>etiam</strong></span> <span class='ocrx_word' id='word_1_493' title='bbox 722 5492 812 5559; x_wconf 84' lang='lat' dir='ltr'><strong>qui</strong></span> <span class='ocrx_word' id='word_1_494' title='bbox 859 5493 1004 5549; x_wconf 78' lang='lat' dir='ltr'><strong>illam</strong></span> <span class='ocrx_word' id='word_1_495' title='bbox 1032 5496 1242 5551; x_wconf 88' lang='lat' dir='ltr'><strong>uncinis</strong></span> <span class='ocrx_word' id='word_1_496' title='bbox 1279 5495 1514 5561; x_wconf 90' lang='lat' dir='ltr'><strong>inclusit,</strong></span> <span class='ocrx_word' id='word_1_497' title='bbox 1545 5509 1847 5566; x_wconf 86' lang='lat' dir='ltr'><strong>suspectam</strong></span> <span class='ocrx_word' id='word_1_498' title='bbox 1880 5498 2132 5554; x_wconf 88' lang='lat' dir='ltr'><strong>habuisse</strong></span> 
     </span>
    </p>
   </div>
   <div class='ocr_carea' id='block_1_71' title="bbox 536 5575 2223 5658">
    <p class='ocr_par' dir='ltr' id='par_1_71' title="bbox 536 5575 2223 5658">
     <span class='ocr_line' id='line_1_74' title="bbox 536 5575 2223 5658; baseline 0.011 -31"><span class='ocrx_word' id='word_1_499' title='bbox 536 5575 769 5633; x_wconf 82' lang='lat' dir='ltr'><strong>videtur.</strong></span> <span class='ocrx_word' id='word_1_500' title='bbox 792 5581 1078 5641; x_wconf 82' lang='lat' dir='ltr'><strong>Sozomeni</strong></span> <span class='ocrx_word' id='word_1_501' title='bbox 1118 5602 1250 5658; x_wconf 88' lang='lat' dir='ltr'><strong>ergo</strong></span> <span class='ocrx_word' id='word_1_502' title='bbox 1290 5597 1622 5644; x_wconf 87' lang='lat' dir='ltr'><strong>memoratus</strong></span> <span class='ocrx_word' id='word_1_503' title='bbox 1665 5589 1812 5644; x_wconf 86' lang='lat' dir='ltr'><strong>locus</strong></span> <span class='ocrx_word' id='word_1_504' title='bbox 1841 5591 1920 5645; x_wconf 90' lang='lat' dir='ltr'><strong>sic</strong></span> <span class='ocrx_word' id='word_1_505' title='bbox 1949 5590 2127 5656; x_wconf 85' lang='lat' dir='ltr'><strong>habet;</strong></span> <span class='ocrx_word' id='word_1_506' title='bbox 2218 5617 2223 5621; x_wconf 88' lang='lat'><strong><em>-</em></strong></span> 
     </span>
    </p>
   </div>
   <div class='ocr_carea' id='block_1_72' title="bbox 532 5663 2130 5750">
    <p class='ocr_par' dir='ltr' id='par_1_72' title="bbox 532 5663 2130 5750">
     <span class='ocr_line' id='line_1_75' title="bbox 532 5663 2130 5750; baseline 0.009 -30"><span class='ocrx_word' id='word_1_507' title='bbox 532 5663 729 5737; x_wconf 57' lang='lat' dir='ltr'><strong>Crmpa</strong></span> <span class='ocrx_word' id='word_1_508' title='bbox 768 5665 1041 5727; x_wconf 73' lang='lat' dir='ltr'><strong>brevitatis</strong></span> <span class='ocrx_word' id='word_1_509' title='bbox 1074 5690 1233 5733; x_wconf 87' lang='lat' dir='ltr'><strong>causa</strong></span> <span class='ocrx_word' id='word_1_510' title='bbox 1282 5679 1663 5748; x_wconf 63' lang='lat' dir='ltr'><strong>prieterimus:</strong></span> <span class='ocrx_word' id='word_1_511' title='bbox 1698 5697 1716 5730; x_wconf 84' lang='grc' dir='ltr'><strong>ι</strong></span> <span class='ocrx_word' id='word_1_512' title='bbox 1754 5679 1936 5750; x_wconf 83' lang='lat' dir='ltr'><strong>Neque</strong></span> <span class='ocrx_word' id='word_1_513' title='bbox 1984 5680 2130 5734; x_wconf 86' lang='lat' dir='ltr'><strong>solus</strong></span> 
     </span>
    </p>
   </div>
   <div class='ocr_carea' id='block_1_73' title="bbox 514 5728 2152 5832">
    <p class='ocr_par' dir='ltr' id='par_1_73' title="bbox 524 5728 2152 5832">
     <span class='ocr_line' id='line_1_76' title="bbox 524 5728 2152 5832; baseline 0.014 -26"><span class='ocrx_word' id='word_1_514' title='bbox 524 5734 819 5823; x_wconf 71' lang='lat' dir='ltr'><strong>(Joannes)</strong></span> <span class='ocrx_word' id='word_1_515' title='bbox 838 5761 938 5808; x_wconf 70' lang='lat' dir='ltr'><strong>tius</strong></span> <span class='ocrx_word' id='word_1_516' title='bbox 956 5760 1240 5827; x_wconf 83' lang='lat' dir='ltr'><strong>magistros</strong></span> <span class='ocrx_word' id='word_1_517' title='bbox 1284 5728 1476 5825; x_wconf 52' lang='lat' dir='ltr'><strong>ladibat</strong></span> <span class='ocrx_word' id='word_1_518' title='bbox 1516 5728 1915 5832; x_wconf 53' lang='lat' dir='ltr'><strong>(Carterium‘et</strong></span> <span class='ocrx_word' id='word_1_519' title='bbox 1945 5770 2152 5828; x_wconf 87' lang='lat' dir='ltr'><strong>Diodo-</strong></span> 
     </span>
    </p>
   </div>
   <div class='ocr_carea' id='block_1_74' title="bbox 2218 5760 2597 5825">
    <p class='ocr_par' dir='ltr' id='par_1_74' title="bbox 2218 5760 2597 5825">
     <span class='ocr_line' id='line_1_77' title="bbox 2218 5760 2597 5825; baseline -0.013 0"><span class='ocrx_word' id='word_1_520' title='bbox 2218 5760 2536 5825; x_wconf 38' lang='lat' dir='ltr'><strong>&#39;sccundam</strong></span> <span class='ocrx_word' id='word_1_521' title='bbox 2584 5784 2597 5821; x_wconf 90' lang='lat'><strong>:</strong></span> 
     </span>
    </p>
   </div>
   <div class='ocr_carea' id='block_1_75' title="bbox 2255 2574 3837 2646">
    <p class='ocr_par' dir='ltr' id='par_1_75' title="bbox 2255 2574 3837 2646">
     <span class='ocr_line' id='line_1_78' title="bbox 2255 2574 3837 2646; baseline 0.009 -19"><span class='ocrx_word' id='word_1_522' title='bbox 2255 2574 2437 2646; x_wconf 90' lang='lat' dir='ltr'><strong>rum),</strong></span> <span class='ocrx_word' id='word_1_523' title='bbox 2465 2576 2561 2631; x_wconf 88' lang='lat' dir='ltr'><strong>sed</strong></span> <span class='ocrx_word' id='word_1_524' title='bbox 2589 2577 2751 2632; x_wconf 86' lang='lat' dir='ltr'><strong>etiam</strong></span> <span class='ocrx_word' id='word_1_525' title='bbox 2791 2592 2918 2634; x_wconf 91' lang='lat' dir='ltr'><strong>suos</strong></span> <span class='ocrx_word' id='word_1_526' title='bbox 2960 2594 3026 2635; x_wconf 83' lang='lat' dir='ltr'><strong>ex</strong></span> <span class='ocrx_word' id='word_1_527' title='bbox 3069 2579 3275 2636; x_wconf 88' lang='lat' dir='ltr'><strong>Libanii</strong></span> <span class='ocrx_word' id='word_1_528' title='bbox 3303 2581 3488 2638; x_wconf 87' lang='lat' dir='ltr'><strong>schola</strong></span> <span class='ocrx_word' id='word_1_529' title='bbox 3533 2585 3743 2641; x_wconf 80' lang='lat' dir='ltr'><strong>sodales</strong></span> <span class='ocrx_word' id='word_1_530' title='bbox 3775 2588 3837 2642; x_wconf 79' lang='lat' dir='ltr'><strong>ad</strong></span> 
     </span>
    </p>
   </div>
   <div class='ocr_carea' id='block_1_76' title="bbox 2249 2664 3839 2746">
    <p class='ocr_par' dir='ltr' id='par_1_76' title="bbox 2249 2664 3839 2746">
     <span class='ocr_line' id='line_1_79' title="bbox 2249 2664 3839 2746; baseline 0.009 -28"><span class='ocrx_word' id='word_1_531' title='bbox 2249 2664 2478 2736; x_wconf 90' lang='lat' dir='ltr'><strong>idipsum</strong></span> <span class='ocrx_word' id='word_1_532' title='bbox 2500 2667 2762 2738; x_wconf 86' lang='lat' dir='ltr'><strong>agendum</strong></span> <span class='ocrx_word' id='word_1_533' title='bbox 2785 2669 3010 2736; x_wconf 81' lang='lat' dir='ltr'><strong>induxit,</strong></span> <span class='ocrx_word' id='word_1_534' title='bbox 3033 2670 3375 2728; x_wconf 87' lang='lat' dir='ltr'><strong>Theodorum</strong></span> <span class='ocrx_word' id='word_1_535' title='bbox 3396 2690 3593 2746; x_wconf 83' lang='lat' dir='ltr'><strong>nempe</strong></span> <span class='ocrx_word' id='word_1_536' title='bbox 3613 2688 3668 2732; x_wconf 90' lang='lat' dir='ltr'><strong>et</strong></span> <span class='ocrx_word' id='word_1_537' title='bbox 3687 2677 3839 2732; x_wconf 75' lang='lat' dir='ltr'><strong>Maxi-</strong></span> 
     </span>
    </p>
   </div>
   <div class='ocr_carea' id='block_1_77' title="bbox 2249 2759 3838 2832">
    <p class='ocr_par' dir='ltr' id='par_1_77' title="bbox 2249 2759 3838 2832">
     <span class='ocr_line' id='line_1_80' title="bbox 2249 2759 3838 2832; baseline 0.008 -21"><span class='ocrx_word' id='word_1_538' title='bbox 2249 2771 2394 2812; x_wconf 90' lang='lat' dir='ltr'><strong>mum</strong></span> <span class='ocrx_word' id='word_1_539' title='bbox 2445 2774 2461 2813; x_wconf 89' lang='lat'><strong>:</strong></span> <span class='ocrx_word' id='word_1_540' title='bbox 2511 2774 2739 2829; x_wconf 91' lang='lat' dir='ltr'><strong>quorum</strong></span> <span class='ocrx_word' id='word_1_541' title='bbox 2794 2759 2882 2816; x_wconf 91' lang='lat' dir='ltr'><strong>hic</strong></span> <span class='ocrx_word' id='word_1_542' title='bbox 2932 2762 3149 2832; x_wconf 90' lang='lat' dir='ltr'><strong>quidem</strong></span> <span class='ocrx_word' id='word_1_543' title='bbox 3209 2763 3468 2821; x_wconf 72' lang='lat' dir='ltr'><strong>Seleucia:</strong></span> <span class='ocrx_word' id='word_1_544' title='bbox 3530 2767 3585 2822; x_wconf 89' lang='lat' dir='ltr'><strong>in</strong></span> <span class='ocrx_word' id='word_1_545' title='bbox 3648 2769 3838 2824; x_wconf 79' lang='lat' dir='ltr'><strong>[saria</strong></span> 
     </span>
    </p>
   </div>
   <div class='ocr_carea' id='block_1_78' title="bbox 2247 2849 3838 2928">
    <p class='ocr_par' dir='ltr' id='par_1_78' title="bbox 2247 2849 3838 2928">
     <span class='ocr_line' id='line_1_81' title="bbox 2247 2849 3838 2928; baseline 0.008 -25"><span class='ocrx_word' id='word_1_546' title='bbox 2247 2849 2532 2919; x_wconf 87' lang='lat' dir='ltr'><strong>episcopus</strong></span> <span class='ocrx_word' id='word_1_547' title='bbox 2561 2849 2815 2921; x_wconf 84' lang='lat' dir='ltr'><strong>deinceps</strong></span> <span class='ocrx_word' id='word_1_548' title='bbox 2857 2851 2992 2917; x_wconf 81' lang='lat' dir='ltr'><strong>fuit,</strong></span> <span class='ocrx_word' id='word_1_549' title='bbox 3042 2853 3359 2910; x_wconf 87' lang='lat' dir='ltr'><strong>Theodorus</strong></span> <span class='ocrx_word' id='word_1_550' title='bbox 3403 2856 3694 2928; x_wconf 88' lang='lat' dir='ltr'><strong>episcopus</strong></span> <span class='ocrx_word' id='word_1_551' title='bbox 3732 2859 3838 2914; x_wconf 78' lang='lat' dir='ltr'><strong>Ile-</strong></span> 
     </span>
    </p>
   </div>
   <div class='ocr_carea' id='block_1_79' title="bbox 2247 2939 3839 3016">
    <p class='ocr_par' dir='ltr' id='par_1_79' title="bbox 2247 2939 3839 3016">
     <span class='ocr_line' id='line_1_82' title="bbox 2247 2939 3839 3016; baseline 0.008 -22"><span class='ocrx_word' id='word_1_552' title='bbox 2247 2939 2501 3008; x_wconf 60' lang='lat' dir='ltr'><strong>psuestite</strong></span> <span class='ocrx_word' id='word_1_553' title='bbox 2527 2940 2580 2995; x_wconf 91' lang='lat' dir='ltr'><strong>in</strong></span> <span class='ocrx_word' id='word_1_554' title='bbox 2609 2939 2817 3007; x_wconf 89' lang='lat' dir='ltr'><strong>Cilicia,</strong></span> <span class='ocrx_word' id='word_1_555' title='bbox 2848 2943 2928 2997; x_wconf 85' lang='lat' dir='ltr'><strong>vir</strong></span> <span class='ocrx_word' id='word_1_556' title='bbox 2956 2943 3007 2997; x_wconf 93' lang='lat' dir='ltr'><strong>in</strong></span> <span class='ocrx_word' id='word_1_557' title='bbox 3032 2943 3198 2999; x_wconf 88' lang='lat' dir='ltr'><strong>sacris</strong></span> <span class='ocrx_word' id='word_1_558' title='bbox 3233 2945 3525 3016; x_wconf 84' lang='lat' dir='ltr'><strong>Scripturis</strong></span> <span class='ocrx_word' id='word_1_559' title='bbox 3552 2957 3607 3005; x_wconf 89' lang='lat' dir='ltr'><strong>et</strong></span> <span class='ocrx_word' id='word_1_560' title='bbox 3633 2949 3687 3003; x_wconf 91' lang='lat' dir='ltr'><strong>in</strong></span> <span class='ocrx_word' id='word_1_561' title='bbox 3714 2950 3839 3005; x_wconf 86' lang='lat' dir='ltr'><strong>reli-</strong></span> 
     </span>
    </p>
   </div>
   <div class='ocr_carea' id='block_1_80' title="bbox 2247 3031 3841 3110">
    <p class='ocr_par' dir='ltr' id='par_1_80' title="bbox 2247 3031 3841 3110">
     <span class='ocr_line' id='line_1_83' title="bbox 2247 3031 3841 3110; baseline 0.007 -25"><span class='ocrx_word' id='word_1_562' title='bbox 2247 3032 2367 3101; x_wconf 85' lang='lat' dir='ltr'><strong>quis</strong></span> <span class='ocrx_word' id='word_1_563' title='bbox 2393 3031 2689 3103; x_wconf 88' lang='lat' dir='ltr'><strong>disciplinis</strong></span> <span class='ocrx_word' id='word_1_564' title='bbox 2729 3033 3007 3090; x_wconf 90' lang='lat' dir='ltr'><strong>rhetorum</strong></span> <span class='ocrx_word' id='word_1_565' title='bbox 3040 3045 3093 3091; x_wconf 92' lang='lat' dir='ltr'><strong>et</strong></span> <span class='ocrx_word' id='word_1_566' title='bbox 3120 3035 3561 3107; x_wconf 88' lang='lat' dir='ltr'><strong>philosophorum</strong></span> <span class='ocrx_word' id='word_1_567' title='bbox 3600 3041 3841 3110; x_wconf 87' lang='lat' dir='ltr'><strong>apprime</strong></span> 
     </span>
    </p>
   </div>
   <div class='ocr_carea' id='block_1_81' title="bbox 2247 3121 3838 3202">
    <p class='ocr_par' dir='ltr' id='par_1_81' title="bbox 2247 3121 3838 3202">
     <span class='ocr_line' id='line_1_84' title="bbox 2247 3121 3838 3202; baseline 0.006 -25"><span class='ocrx_word' id='word_1_568' title='bbox 2247 3121 2511 3177; x_wconf 89' lang='lat' dir='ltr'><strong>eruditus.</strong></span> <span class='ocrx_word' id='word_1_569' title='bbox 2563 3124 2740 3195; x_wconf 84' lang='lat' dir='ltr'><strong>Atque</strong></span> <span class='ocrx_word' id='word_1_570' title='bbox 2797 3124 2885 3181; x_wconf 89' lang='lat' dir='ltr'><strong>hic</strong></span> <span class='ocrx_word' id='word_1_571' title='bbox 2938 3126 3156 3197; x_wconf 88' lang='lat' dir='ltr'><strong>quidem</strong></span> <span class='ocrx_word' id='word_1_572' title='bbox 3205 3142 3327 3182; x_wconf 89' lang='lat' dir='ltr'><strong>eum</strong></span> <span class='ocrx_word' id='word_1_573' title='bbox 3382 3128 3579 3185; x_wconf 87' lang='lat' dir='ltr'><strong>divinis</strong></span> <span class='ocrx_word' id='word_1_574' title='bbox 3632 3130 3838 3202; x_wconf 79' lang='lat' dir='ltr'><strong>legibus</strong></span> 
     </span>
    </p>
   </div>
   <div class='ocr_carea' id='block_1_82' title="bbox 2247 3212 3835 3287">
    <p class='ocr_par' dir='ltr' id='par_1_82' title="bbox 2247 3212 3835 3287">
     <span class='ocr_line' id='line_1_85' title="bbox 2247 3212 3835 3287; baseline 0.006 -21"><span class='ocrx_word' id='word_1_575' title='bbox 2247 3213 2399 3267; x_wconf 85' lang='lat' dir='ltr'><strong>initio</strong></span> <span class='ocrx_word' id='word_1_576' title='bbox 2424 3212 2577 3269; x_wconf 88' lang='lat' dir='ltr'><strong>daret</strong></span> <span class='ocrx_word' id='word_1_577' title='bbox 2597 3230 2814 3285; x_wconf 87' lang='lat' dir='ltr'><strong>operam</strong></span> <span class='ocrx_word' id='word_1_578' title='bbox 2839 3258 2855 3283; x_wconf 92' lang='lat'><strong>,</strong></span> <span class='ocrx_word' id='word_1_579' title='bbox 2888 3225 2941 3272; x_wconf 90' lang='lat' dir='ltr'><strong>et</strong></span> <span class='ocrx_word' id='word_1_580' title='bbox 2967 3231 3087 3272; x_wconf 90' lang='lat' dir='ltr'><strong>cum</strong></span> <span class='ocrx_word' id='word_1_581' title='bbox 3113 3218 3309 3273; x_wconf 90' lang='lat' dir='ltr'><strong>sanctis</strong></span> <span class='ocrx_word' id='word_1_582' title='bbox 3333 3218 3464 3273; x_wconf 89' lang='lat' dir='ltr'><strong>viris</strong></span> <span class='ocrx_word' id='word_1_583' title='bbox 3493 3231 3801 3276; x_wconf 86' lang='lat' dir='ltr'><strong>versaretur</strong></span> <span class='ocrx_word' id='word_1_584' title='bbox 3820 3263 3835 3287; x_wconf 94' lang='lat'><strong>,</strong></span> 
     </span>
    </p>
   </div>
   <div class='ocr_carea' id='block_1_83' title="bbox 2249 3304 3838 3381">
    <p class='ocr_par' dir='ltr' id='par_1_83' title="bbox 2249 3304 3838 3381">
     <span class='ocr_line' id='line_1_86' title="bbox 2249 3304 3838 3381; baseline 0.004 -22"><span class='ocrx_word' id='word_1_585' title='bbox 2249 3304 2351 3361; x_wconf 90' lang='lat' dir='ltr'><strong>hoc</strong></span> <span class='ocrx_word' id='word_1_586' title='bbox 2390 3306 2599 3361; x_wconf 73' lang='lat' dir='ltr'><strong>vivendi</strong></span> <span class='ocrx_word' id='word_1_587' title='bbox 2646 3306 2944 3362; x_wconf 89' lang='lat' dir='ltr'><strong>institutum</strong></span> <span class='ocrx_word' id='word_1_588' title='bbox 2988 3308 3285 3378; x_wconf 89' lang='lat' dir='ltr'><strong>probabat,</strong></span> <span class='ocrx_word' id='word_1_589' title='bbox 3312 3310 3636 3381; x_wconf 88' lang='lat' dir='ltr'><strong>civilemque</strong></span> <span class='ocrx_word' id='word_1_590' title='bbox 3680 3313 3838 3366; x_wconf 82' lang='lat' dir='ltr'><strong>vitam</strong></span> 
     </span>
    </p>
   </div>
   <div class='ocr_carea' id='block_1_84' title="bbox 2245 3395 3836 3471">
    <p class='ocr_par' dir='ltr' id='par_1_84' title="bbox 2245 3395 3836 3471">
     <span class='ocr_line' id='line_1_87' title="bbox 2245 3395 3836 3471; baseline 0.003 -20"><span class='ocrx_word' id='word_1_591' title='bbox 2245 3395 2551 3451; x_wconf 88' lang='lat' dir='ltr'><strong>damnabat.</strong></span> <span class='ocrx_word' id='word_1_592' title='bbox 2596 3397 2791 3453; x_wconf 79' lang='lat' dir='ltr'><strong>Verum</strong></span> <span class='ocrx_word' id='word_1_593' title='bbox 2834 3399 2889 3454; x_wconf 92' lang='lat' dir='ltr'><strong>in</strong></span> <span class='ocrx_word' id='word_1_594' title='bbox 2957 3400 3229 3470; x_wconf 88' lang='lat' dir='ltr'><strong>proposito</strong></span> <span class='ocrx_word' id='word_1_595' title='bbox 3290 3416 3394 3455; x_wconf 90' lang='lat' dir='ltr'><strong>non</strong></span> <span class='ocrx_word' id='word_1_596' title='bbox 3444 3403 3836 3471; x_wconf 80' lang='lat' dir='ltr'><strong>perseverarit,</strong></span> 
     </span>
    </p>
   </div>
   <div class='ocr_carea' id='block_1_85' title="bbox 2247 3490 3836 3563">
    <p class='ocr_par' dir='ltr' id='par_1_85' title="bbox 2247 3490 3836 3563">
     <span class='ocr_line' id='line_1_88' title="bbox 2247 3490 3836 3563; baseline 0.004 -22"><span class='ocrx_word' id='word_1_597' title='bbox 2247 3496 2555 3559; x_wconf 91' lang='lat' dir='ltr'><strong>mutataque</strong></span> <span class='ocrx_word' id='word_1_598' title='bbox 2578 3490 2865 3557; x_wconf 89' lang='lat' dir='ltr'><strong>sententia,</strong></span> <span class='ocrx_word' id='word_1_599' title='bbox 2893 3490 2960 3545; x_wconf 88' lang='lat' dir='ltr'><strong>ad</strong></span> <span class='ocrx_word' id='word_1_600' title='bbox 2983 3490 3256 3561; x_wconf 86' lang='lat' dir='ltr'><strong>pristinam</strong></span> <span class='ocrx_word' id='word_1_601' title='bbox 3280 3492 3441 3547; x_wconf 86' lang='lat' dir='ltr'><strong>vitam</strong></span> <span class='ocrx_word' id='word_1_602' title='bbox 3461 3493 3719 3563; x_wconf 88' lang='lat' dir='ltr'><strong>abreptus</strong></span> <span class='ocrx_word' id='word_1_603' title='bbox 3736 3503 3836 3549; x_wconf 83' lang='lat' dir='ltr'><strong>est.</strong></span> 
     </span>
    </p>
   </div>
   <div class='ocr_carea' id='block_1_86' title="bbox 2245 3578 3836 3653">
    <p class='ocr_par' dir='ltr' id='par_1_86' title="bbox 2245 3578 3836 3653">
     <span class='ocr_line' id='line_1_89' title="bbox 2245 3578 3836 3653; baseline 0.005 -20"><span class='ocrx_word' id='word_1_604' title='bbox 2245 3578 2485 3650; x_wconf 87' lang='lat' dir='ltr'><strong>Cumque</strong></span> <span class='ocrx_word' id='word_1_605' title='bbox 2507 3623 2523 3647; x_wconf 94' lang='lat'><strong>,</strong></span> <span class='ocrx_word' id='word_1_606' title='bbox 2557 3590 2614 3635; x_wconf 92' lang='lat' dir='ltr'><strong>ut</strong></span> <span class='ocrx_word' id='word_1_607' title='bbox 2643 3582 2695 3636; x_wconf 89' lang='lat' dir='ltr'><strong>in</strong></span> <span class='ocrx_word' id='word_1_608' title='bbox 2724 3596 2874 3637; x_wconf 89' lang='lat' dir='ltr'><strong>more</strong></span> <span class='ocrx_word' id='word_1_609' title='bbox 2902 3593 2983 3637; x_wconf 87' lang='lat' dir='ltr'><strong>est</strong></span> <span class='ocrx_word' id='word_1_610' title='bbox 3002 3625 3018 3650; x_wconf 91' lang='lat'><strong>,</strong></span> <span class='ocrx_word' id='word_1_611' title='bbox 3052 3584 3380 3653; x_wconf 90' lang='lat' dir='ltr'><strong>propositum</strong></span> <span class='ocrx_word' id='word_1_612' title='bbox 3404 3599 3562 3640; x_wconf 91' lang='lat' dir='ltr'><strong>suum</strong></span> <span class='ocrx_word' id='word_1_613' title='bbox 3596 3600 3664 3639; x_wconf 78' lang='lat' dir='ltr'><strong>ex</strong></span> <span class='ocrx_word' id='word_1_614' title='bbox 3691 3595 3836 3641; x_wconf 85' lang='lat' dir='ltr'><strong>vete-</strong></span> 
     </span>
    </p>
   </div>
   <div class='ocr_carea' id='block_1_87' title="bbox 2246 3671 3833 3747">
    <p class='ocr_par' dir='ltr' id='par_1_87' title="bbox 2246 3671 3833 3747">
     <span class='ocr_line' id='line_1_90' title="bbox 2246 3671 3833 3747; baseline 0.005 -23"><span class='ocrx_word' id='word_1_615' title='bbox 2246 3685 2364 3724; x_wconf 88' lang='lat' dir='ltr'><strong>rum</strong></span> <span class='ocrx_word' id='word_1_616' title='bbox 2403 3672 2665 3741; x_wconf 80' lang='lat' dir='ltr'><strong>exemplis</strong></span> <span class='ocrx_word' id='word_1_617' title='bbox 2702 3671 3057 3738; x_wconf 75' lang='lat' dir='ltr'><strong>defenderet,</strong></span> <span class='ocrx_word' id='word_1_618' title='bbox 3085 3673 3388 3730; x_wconf 86' lang='lat' dir='ltr'><strong>eruditione</strong></span> <span class='ocrx_word' id='word_1_619' title='bbox 3428 3691 3658 3746; x_wconf 89' lang='lat' dir='ltr'><strong>namque</strong></span> <span class='ocrx_word' id='word_1_620' title='bbox 3701 3692 3833 3747; x_wconf 59' lang='lat' dir='ltr'><strong>prato</strong></span> 
     </span>
    </p>
   </div>
   <div class='ocr_carea' id='block_1_88' title="bbox 2244 3761 3838 3843">
    <p class='ocr_par' dir='ltr' id='par_1_88' title="bbox 2244 3761 3838 3843">
     <span class='ocr_line' id='line_1_91' title="bbox 2244 3761 3838 3843; baseline 0.002 -24"><span class='ocrx_word' id='word_1_621' title='bbox 2244 3761 2389 3819; x_wconf 85' lang='lat' dir='ltr'><strong>ditus</strong></span> <span class='ocrx_word' id='word_1_622' title='bbox 2433 3772 2568 3830; x_wconf 89' lang='lat' dir='ltr'><strong>erat,</strong></span> <span class='ocrx_word' id='word_1_623' title='bbox 2604 3765 2656 3818; x_wconf 91' lang='lat' dir='ltr'><strong>in</strong></span> <span class='ocrx_word' id='word_1_624' title='bbox 2702 3765 2887 3843; x_wconf 78' lang='lat' dir='ltr'><strong>urbem</strong></span> <span class='ocrx_word' id='word_1_625' title='bbox 2928 3765 3122 3832; x_wconf 87' lang='lat' dir='ltr'><strong>rediit,</strong></span> <span class='ocrx_word' id='word_1_626' title='bbox 3148 3765 3249 3821; x_wconf 86' lang='lat' dir='ltr'><strong>hoc</strong></span> <span class='ocrx_word' id='word_1_627' title='bbox 3286 3766 3569 3820; x_wconf 92' lang='lat' dir='ltr'><strong>consilium</strong></span> <span class='ocrx_word' id='word_1_628' title='bbox 3611 3767 3838 3838; x_wconf 88' lang='lat' dir='ltr'><strong>pristino</strong></span> 
     </span>
    </p>
   </div>
   <div class='ocr_carea' id='block_1_89' title="bbox 2245 3853 3833 3926">
    <p class='ocr_par' dir='ltr' id='par_1_89' title="bbox 2245 3853 3833 3926">
     <span class='ocr_line' id='line_1_92' title="bbox 2245 3853 3833 3926; baseline 0.003 -18"><span class='ocrx_word' id='word_1_629' title='bbox 2245 3863 2596 3923; x_wconf 85' lang='lat' dir='ltr'><strong>anteponens.</strong></span> <span class='ocrx_word' id='word_1_630' title='bbox 2645 3853 2888 3925; x_wconf 90' lang='lat' dir='ltr'><strong>Cumque</strong></span> <span class='ocrx_word' id='word_1_631' title='bbox 2928 3857 3276 3926; x_wconf 81' lang='lat' dir='ltr'><strong>comperisset</strong></span> <span class='ocrx_word' id='word_1_632' title='bbox 3324 3856 3561 3913; x_wconf 84' lang='lat' dir='ltr'><strong>Joannes</strong></span> <span class='ocrx_word' id='word_1_633' title='bbox 3612 3872 3740 3913; x_wconf 88' lang='lat' dir='ltr'><strong>eum</strong></span> <span class='ocrx_word' id='word_1_634' title='bbox 3783 3859 3833 3913; x_wconf 89' lang='lat' dir='ltr'><strong>in</strong></span> 
     </span>
    </p>
   </div>
   <div class='ocr_carea' id='block_1_90' title="bbox 2246 3945 3836 4017">
    <p class='ocr_par' dir='ltr' id='par_1_90' title="bbox 2246 3945 3836 4017">
     <span class='ocr_line' id='line_1_93' title="bbox 2246 3945 3836 4017; baseline 0.002 -16"><span class='ocrx_word' id='word_1_635' title='bbox 2246 3945 2592 4001; x_wconf 68' lang='lat' dir='ltr'><strong>stecularibus</strong></span> <span class='ocrx_word' id='word_1_636' title='bbox 2630 3947 2856 4017; x_wconf 88' lang='lat' dir='ltr'><strong>negotiis</strong></span> <span class='ocrx_word' id='word_1_637' title='bbox 2892 3947 3131 4012; x_wconf 88' lang='lat' dir='ltr'><strong>versari,</strong></span> <span class='ocrx_word' id='word_1_638' title='bbox 3172 3956 3229 4002; x_wconf 91' lang='lat' dir='ltr'><strong>et</strong></span> <span class='ocrx_word' id='word_1_639' title='bbox 3278 3946 3347 4003; x_wconf 92' lang='lat' dir='ltr'><strong>de</strong></span> <span class='ocrx_word' id='word_1_640' title='bbox 3392 3963 3560 4003; x_wconf 80' lang='lat' dir='ltr'><strong>uxore</strong></span> <span class='ocrx_word' id='word_1_641' title='bbox 3597 3948 3836 4004; x_wconf 72' lang='lat' dir='ltr'><strong>ducenda</strong></span> 
     </span>
    </p>
   </div>
   <div class='ocr_carea' id='block_1_91' title="bbox 2246 4039 3835 4109">
    <p class='ocr_par' dir='ltr' id='par_1_91' title="bbox 2246 4039 3835 4109">
     <span class='ocr_line' id='line_1_94' title="bbox 2246 4039 3835 4109; baseline 0.002 -17"><span class='ocrx_word' id='word_1_642' title='bbox 2246 4039 2517 4109; x_wconf 86' lang='lat' dir='ltr'><strong>cogitare,</strong></span> <span class='ocrx_word' id='word_1_643' title='bbox 2568 4039 2802 4095; x_wconf 91' lang='lat' dir='ltr'><strong>divinam</strong></span> <span class='ocrx_word' id='word_1_644' title='bbox 2849 4050 2904 4095; x_wconf 91' lang='lat' dir='ltr'><strong>et</strong></span> <span class='ocrx_word' id='word_1_645' title='bbox 2950 4048 3062 4095; x_wconf 89' lang='lat' dir='ltr'><strong>tum</strong></span> <span class='ocrx_word' id='word_1_646' title='bbox 3114 4041 3329 4105; x_wconf 83' lang='lat' dir='ltr'><strong>verbis,</strong></span> <span class='ocrx_word' id='word_1_647' title='bbox 3390 4049 3500 4095; x_wconf 90' lang='lat' dir='ltr'><strong>tum</strong></span> <span class='ocrx_word' id='word_1_648' title='bbox 3554 4043 3835 4097; x_wconf 85' lang='lat' dir='ltr'><strong>sententiis</strong></span> 
     </span>
    </p>
   </div>
   <div class='ocr_carea' id='block_1_92' title="bbox 2245 4128 3834 4199">
    <p class='ocr_par' dir='ltr' id='par_1_92' title="bbox 2245 4128 3834 4199">
     <span class='ocr_line' id='line_1_95' title="bbox 2245 4128 3834 4199; baseline -0.001 -15"><span class='ocrx_word' id='word_1_649' title='bbox 2245 4128 2533 4185; x_wconf 89' lang='lat' dir='ltr'><strong>humanam</strong></span> <span class='ocrx_word' id='word_1_650' title='bbox 2561 4130 2861 4185; x_wconf 79' lang='lat' dir='ltr'><strong>facultatem</strong></span> <span class='ocrx_word' id='word_1_651' title='bbox 2893 4129 3239 4186; x_wconf 79' lang='lat' dir='ltr'><strong>excedentem</strong></span> <span class='ocrx_word' id='word_1_652' title='bbox 3270 4131 3547 4199; x_wconf 87' lang='lat' dir='ltr'><strong>epistolam</strong></span> <span class='ocrx_word' id='word_1_653' title='bbox 3572 4129 3639 4184; x_wconf 89' lang='lat' dir='ltr'><strong>ad</strong></span> <span class='ocrx_word' id='word_1_654' title='bbox 3670 4131 3834 4199; x_wconf 85' lang='lat' dir='ltr'><strong>ipsum</strong></span> 
     </span>
    </p>
   </div>
   <div class='ocr_carea' id='block_1_93' title="bbox 2246 4201 3835 4282">
    <p class='ocr_par' dir='ltr' id='par_1_93' title="bbox 2246 4201 3835 4282">
     <span class='ocr_line' id='line_1_96' title="bbox 2246 4201 3835 4282; baseline -0.001 -27"><span class='ocrx_word' id='word_1_655' title='bbox 2246 4201 2410 4255; x_wconf 86' lang='lat' dir='ltr'><strong>misit.</strong></span> <span class='ocrx_word' id='word_1_656' title='bbox 2461 4201 2574 4268; x_wconf 85' lang='lat' dir='ltr'><strong>Qua</strong></span> <span class='ocrx_word' id='word_1_657' title='bbox 2617 4201 2851 4270; x_wconf 88' lang='lat' dir='ltr'><strong>perlecta</strong></span> <span class='ocrx_word' id='word_1_658' title='bbox 2892 4201 3025 4282; x_wconf 43' lang='grc'>11⁸,</span> <span class='ocrx_word' id='word_1_659' title='bbox 3067 4201 3377 4271; x_wconf 65' lang='lat' dir='ltr'><strong>paenitentia</strong></span> <span class='ocrx_word' id='word_1_660' title='bbox 3420 4201 3609 4256; x_wconf 87' lang='lat' dir='ltr'><strong>ductus</strong></span> <span class='ocrx_word' id='word_1_661' title='bbox 3649 4216 3835 4255; x_wconf 86' lang='lat' dir='ltr'><strong>rursus</strong></span> 
     </span>
    </p>
   </div>
   <div class='ocr_carea' id='block_1_94' title="bbox 2244 4292 3831 4364">
    <p class='ocr_par' dir='ltr' id='par_1_94' title="bbox 2244 4292 3831 4364">
     <span class='ocr_line' id='line_1_97' title="bbox 2244 4292 3831 4364; baseline -0.001 -16"><span class='ocrx_word' id='word_1_662' title='bbox 2244 4292 2587 4349; x_wconf 75' lang='lat' dir='ltr'><strong>facultatibus</strong></span> <span class='ocrx_word' id='word_1_663' title='bbox 2626 4303 2680 4349; x_wconf 91' lang='lat' dir='ltr'><strong>et</strong></span> <span class='ocrx_word' id='word_1_664' title='bbox 2721 4294 2922 4364; x_wconf 88' lang='lat' dir='ltr'><strong>nuptiis</strong></span> <span class='ocrx_word' id='word_1_665' title='bbox 2950 4293 3276 4348; x_wconf 89' lang='lat' dir='ltr'><strong>renuntiavit</strong></span> <span class='ocrx_word' id='word_1_666' title='bbox 3305 4311 3319 4347; x_wconf 94' lang='lat'><em>:</em></span> <span class='ocrx_word' id='word_1_667' title='bbox 3349 4292 3678 4362; x_wconf 83' lang='lat' dir='ltr'><strong>Joannisque</strong></span> <span class='ocrx_word' id='word_1_668' title='bbox 3704 4307 3831 4347; x_wconf 86' lang='lat' dir='ltr'><strong>con-</strong></span> 
     </span>
    </p>
   </div>
   <div class='ocr_carea' id='block_1_95' title="bbox 2245 4384 3836 4457">
    <p class='ocr_par' dir='ltr' id='par_1_95' title="bbox 2245 4384 3836 4457">
     <span class='ocr_line' id='line_1_98' title="bbox 2245 4384 3836 4457; baseline -0.003 -16"><span class='ocrx_word' id='word_1_669' title='bbox 2245 4386 2369 4442; x_wconf 90' lang='lat' dir='ltr'><strong>silio</strong></span> <span class='ocrx_word' id='word_1_670' title='bbox 2419 4395 2701 4452; x_wconf 90' lang='lat' dir='ltr'><strong>servatus,</strong></span> <span class='ocrx_word' id='word_1_671' title='bbox 2750 4384 2818 4441; x_wconf 91' lang='lat' dir='ltr'><strong>ad</strong></span> <span class='ocrx_word' id='word_1_672' title='bbox 2869 4385 3294 4457; x_wconf 78' lang='lat' dir='ltr'><strong>phil050phieam</strong></span> <span class='ocrx_word' id='word_1_673' title='bbox 3347 4384 3510 4438; x_wconf 87' lang='lat' dir='ltr'><strong>vitam</strong></span> <span class='ocrx_word' id='word_1_674' title='bbox 3559 4398 3836 4453; x_wconf 83' lang='lat' dir='ltr'><strong>regressus</strong></span> 
     </span>
    </p>
   </div>
   <div class='ocr_carea' id='block_1_96' title="bbox 2244 4474 3838 4544">
    <p class='ocr_par' dir='ltr' id='par_1_96' title="bbox 2244 4474 3838 4544">
     <span class='ocr_line' id='line_1_99' title="bbox 2244 4474 3838 4544; baseline -0.002 -12"><span class='ocrx_word' id='word_1_675' title='bbox 2244 4486 2349 4532; x_wconf 91' lang='lat' dir='ltr'><strong>est.</strong></span> <span class='ocrx_word' id='word_1_676' title='bbox 2388 4496 2408 4530; x_wconf 71' lang='grc' dir='ltr'><strong>ι</strong></span> <span class='ocrx_word' id='word_1_677' title='bbox 2444 4476 2665 4532; x_wconf 85' lang='lat' dir='ltr'><strong>Videtur</strong></span> <span class='ocrx_word' id='word_1_678' title='bbox 2699 4491 2829 4532; x_wconf 89' lang='lat' dir='ltr'><strong>sane</strong></span> <span class='ocrx_word' id='word_1_679' title='bbox 2869 4478 3200 4533; x_wconf 83' lang='lat' dir='ltr'><strong>Sozomenus</strong></span> <span class='ocrx_word' id='word_1_680' title='bbox 3238 4476 3307 4530; x_wconf 87' lang='lat' dir='ltr'><strong>de</strong></span> <span class='ocrx_word' id='word_1_681' title='bbox 3340 4474 3569 4531; x_wconf 90' lang='lat' dir='ltr'><strong>secunda</strong></span> <span class='ocrx_word' id='word_1_682' title='bbox 3605 4474 3838 4544; x_wconf 79' lang='lat' dir='ltr'><strong>epistola</strong></span> 
     </span>
    </p>
   </div>
   <div class='ocr_carea' id='block_1_97' title="bbox 2243 4565 3835 4639">
    <p class='ocr_par' dir='ltr' id='par_1_97' title="bbox 2243 4565 3835 4639">
     <span class='ocr_line' id='line_1_100' title="bbox 2243 4565 3835 4639; baseline -0.001 -16"><span class='ocrx_word' id='word_1_683' title='bbox 2243 4569 2357 4624; x_wconf 89' lang='lat' dir='ltr'><strong>sive</strong></span> <span class='ocrx_word' id='word_1_684' title='bbox 2384 4568 2641 4639; x_wconf 68' lang='lat' dir='ltr'><strong>parmuesi</strong></span> <span class='ocrx_word' id='word_1_685' title='bbox 2669 4568 2828 4624; x_wconf 87' lang='lat' dir='ltr'><strong>verba</strong></span> <span class='ocrx_word' id='word_1_686' title='bbox 2857 4567 3033 4624; x_wconf 82' lang='lat' dir='ltr'><strong>facere</strong></span> <span class='ocrx_word' id='word_1_687' title='bbox 3055 4610 3071 4635; x_wconf 95' lang='lat'><strong>,</strong></span> <span class='ocrx_word' id='word_1_688' title='bbox 3104 4567 3192 4623; x_wconf 92' lang='lat' dir='ltr'><strong>ubi</strong></span> <span class='ocrx_word' id='word_1_689' title='bbox 3218 4565 3623 4638; x_wconf 84' lang='lat' dir='ltr'><strong>Chrysostomus</strong></span> <span class='ocrx_word' id='word_1_690' title='bbox 3652 4567 3835 4623; x_wconf 81' lang='lat' dir='ltr'><strong>&#39;l‘beo-</strong></span> 
     </span>
    </p>
   </div>
   <div class='ocr_carea' id='block_1_98' title="bbox 2244 4657 3837 4716">
    <p class='ocr_par' dir='ltr' id='par_1_98' title="bbox 2244 4657 3837 4716">
     <span class='ocr_line' id='line_1_101' title="bbox 2244 4657 3837 4716; baseline -0.001 0"><span class='ocrx_word' id='word_1_691' title='bbox 2244 4661 2436 4716; x_wconf 90' lang='lat' dir='ltr'><strong>dorum</strong></span> <span class='ocrx_word' id='word_1_692' title='bbox 2483 4675 2513 4715; x_wconf 91' lang='lat' dir='ltr'><strong>a</strong></span> <span class='ocrx_word' id='word_1_693' title='bbox 2541 4659 2810 4716; x_wconf 89' lang='lat' dir='ltr'><strong>connubio</strong></span> <span class='ocrx_word' id='word_1_694' title='bbox 2847 4669 3091 4714; x_wconf 87' lang='lat' dir='ltr'><strong>avertere</strong></span> <span class='ocrx_word' id='word_1_695' title='bbox 3115 4669 3361 4714; x_wconf 89' lang='lat' dir='ltr'><strong>conatur.</strong></span> <span class='ocrx_word' id='word_1_696' title='bbox 3391 4657 3465 4712; x_wconf 87' lang='lat' dir='ltr'><strong>Ita</strong></span> <span class='ocrx_word' id='word_1_697' title='bbox 3493 4669 3722 4713; x_wconf 85' lang='lat' dir='ltr'><strong>censent</strong></span> <span class='ocrx_word' id='word_1_698' title='bbox 3745 4657 3837 4714; x_wconf 82' lang='lat' dir='ltr'><strong>Sa-</strong></span> 
     </span>
    </p>
   </div>
   <div class='ocr_carea' id='block_1_99' title="bbox 2243 4748 3838 4818">
    <p class='ocr_par' dir='ltr' id='par_1_99' title="bbox 2243 4748 3838 4818">
     <span class='ocr_line' id='line_1_102' title="bbox 2243 4748 3838 4818; baseline -0.004 -10"><span class='ocrx_word' id='word_1_699' title='bbox 2243 4753 2437 4817; x_wconf 87' lang='lat' dir='ltr'><strong>vilius,</strong></span> <span class='ocrx_word' id='word_1_700' title='bbox 2479 4752 2722 4807; x_wconf 81' lang='lat' dir='ltr'><strong>Valesius</strong></span> <span class='ocrx_word' id='word_1_701' title='bbox 2758 4760 2814 4806; x_wconf 91' lang='lat' dir='ltr'><strong>et</strong></span> <span class='ocrx_word' id='word_1_702' title='bbox 2845 4751 3254 4815; x_wconf 88' lang='lat' dir='ltr'><strong>Tillemontius;</strong></span> <span class='ocrx_word' id='word_1_703' title='bbox 3291 4750 3376 4804; x_wconf 92' lang='lat' dir='ltr'><strong>cui</strong></span> <span class='ocrx_word' id='word_1_704' title='bbox 3420 4748 3707 4805; x_wconf 74' lang='lat' dir='ltr'><strong>sententia:</strong></span> <span class='ocrx_word' id='word_1_705' title='bbox 3745 4764 3838 4818; x_wconf 83' lang='lat' dir='ltr'><strong>ego</strong></span> 
     </span>
    </p>
   </div>
   <div class='ocr_carea' id='block_1_100' title="bbox 2247 4841 3837 4916">
    <p class='ocr_par' dir='ltr' id='par_1_100' title="bbox 2247 4841 3837 4916">
     <span class='ocr_line' id='line_1_103' title="bbox 2247 4841 3837 4916; baseline -0.004 -15"><span class='ocrx_word' id='word_1_706' title='bbox 2247 4860 2353 4901; x_wconf 90' lang='lat' dir='ltr'><strong>non</strong></span> <span class='ocrx_word' id='word_1_707' title='bbox 2383 4859 2620 4916; x_wconf 83' lang='lat' dir='ltr'><strong>repugno</strong></span> <span class='ocrx_word' id='word_1_708' title='bbox 2641 4887 2655 4909; x_wconf 91' lang='lat'><strong>,</strong></span> <span class='ocrx_word' id='word_1_709' title='bbox 2689 4844 2813 4899; x_wconf 90' lang='lat' dir='ltr'><strong>licet</strong></span> <span class='ocrx_word' id='word_1_710' title='bbox 2853 4844 2967 4898; x_wconf 79' lang='lat' dir='ltr'><strong>ha-c</strong></span> <span class='ocrx_word' id='word_1_711' title='bbox 2995 4843 3284 4898; x_wconf 88' lang='lat' dir='ltr'><strong>oscitanter</strong></span> <span class='ocrx_word' id='word_1_712' title='bbox 3313 4856 3345 4896; x_wconf 88' lang='lat' dir='ltr'><strong>a</strong></span> <span class='ocrx_word' id='word_1_713' title='bbox 3373 4841 3674 4896; x_wconf 89' lang='lat' dir='ltr'><strong>Sozomeno</strong></span> <span class='ocrx_word' id='word_1_714' title='bbox 3715 4857 3837 4894; x_wconf 84' lang='lat' dir='ltr'><strong>nar-</strong></span> 
     </span>
    </p>
   </div>
   <div class='ocr_carea' id='block_1_101' title="bbox 2229 4921 3838 5006">
    <p class='ocr_par' dir='ltr' id='par_1_101' title="bbox 2229 4921 3838 5006">
     <span class='ocr_line' id='line_1_104' title="bbox 2229 4921 3838 5006; baseline -0.005 -14"><span class='ocrx_word' id='word_1_715' title='bbox 2229 4921 2352 4992; x_wconf 75' lang='lat' dir='ltr'><strong>rari</strong></span> <span class='ocrx_word' id='word_1_716' title='bbox 2396 4946 2730 5006; x_wconf 86' lang='lat' dir='ltr'><strong>compertum</strong></span> <span class='ocrx_word' id='word_1_717' title='bbox 2779 4935 3025 4990; x_wconf 87' lang='lat' dir='ltr'><strong>habeam.</strong></span> <span class='ocrx_word' id='word_1_718' title='bbox 3072 4933 3202 4989; x_wconf 81' lang='lat' dir='ltr'><strong>Jure</strong></span> <span class='ocrx_word' id='word_1_719' title='bbox 3247 4943 3423 4987; x_wconf 89' lang='lat' dir='ltr'><strong>autem</strong></span> <span class='ocrx_word' id='word_1_720' title='bbox 3470 4931 3535 4986; x_wconf 92' lang='lat' dir='ltr'><strong>ab</strong></span> <span class='ocrx_word' id='word_1_721' title='bbox 3583 4931 3838 4985; x_wconf 85' lang='lat' dir='ltr'><strong>omnibus</strong></span> 
     </span>
    </p>
   </div>
   <div class='ocr_carea' id='block_1_102' title="bbox 2243 5022 3830 5099">
    <p class='ocr_par' dir='ltr' id='par_1_102' title="bbox 2243 5022 3830 5099">
     <span class='ocr_line' id='line_1_105' title="bbox 2243 5022 3830 5099; baseline -0.005 -15"><span class='ocrx_word' id='word_1_722' title='bbox 2243 5029 2549 5099; x_wconf 80' lang='lat' dir='ltr'><strong>exploditur</strong></span> <span class='ocrx_word' id='word_1_723' title='bbox 2582 5028 2839 5092; x_wconf 88' lang='lat' dir='ltr'><strong>Valesius,</strong></span> <span class='ocrx_word' id='word_1_724' title='bbox 2862 5029 2951 5098; x_wconf 88' lang='lat' dir='ltr'><strong>qui</strong></span> <span class='ocrx_word' id='word_1_725' title='bbox 2979 5042 3138 5082; x_wconf 88' lang='lat' dir='ltr'><strong>unam</strong></span> <span class='ocrx_word' id='word_1_726' title='bbox 3165 5035 3360 5096; x_wconf 90' lang='lat' dir='ltr'><strong>putans</strong></span> <span class='ocrx_word' id='word_1_727' title='bbox 3390 5025 3569 5081; x_wconf 90' lang='lat' dir='ltr'><strong>haberi</strong></span> <span class='ocrx_word' id='word_1_728' title='bbox 3594 5022 3830 5096; x_wconf 82' lang='lat' dir='ltr'><strong>Chryso-</strong></span> 
     </span>
    </p>
   </div>
   <div class='ocr_carea' id='block_1_103' title="bbox 2242 5115 3834 5191">
    <p class='ocr_par' dir='ltr' id='par_1_103' title="bbox 2242 5115 3834 5191">
     <span class='ocr_line' id='line_1_106' title="bbox 2242 5115 3834 5191; baseline -0.004 -14"><span class='ocrx_word' id='word_1_729' title='bbox 2242 5125 2401 5177; x_wconf 88' lang='lat' dir='ltr'><strong>stomi</strong></span> <span class='ocrx_word' id='word_1_730' title='bbox 2420 5122 2485 5176; x_wconf 90' lang='lat' dir='ltr'><strong>ad</strong></span> <span class='ocrx_word' id='word_1_731' title='bbox 2504 5121 2844 5177; x_wconf 88' lang='lat' dir='ltr'><strong>Theodorum</strong></span> <span class='ocrx_word' id='word_1_732' title='bbox 2868 5120 3186 5191; x_wconf 74' lang='lat' dir='ltr'><strong>parzenesin,</strong></span> <span class='ocrx_word' id='word_1_733' title='bbox 3211 5133 3401 5188; x_wconf 89' lang='lat' dir='ltr'><strong>nempe</strong></span> <span class='ocrx_word' id='word_1_734' title='bbox 3417 5115 3730 5180; x_wconf 82' lang='lat' dir='ltr'><strong>secundam,</strong></span> <span class='ocrx_word' id='word_1_735' title='bbox 3752 5133 3834 5169; x_wconf 78' lang='lat' dir='ltr'><strong>an-</strong></span> 
     </span>
    </p>
   </div>
   <div class='ocr_carea' id='block_1_104' title="bbox 2226 5205 3835 5284">
    <p class='ocr_par' dir='ltr' id='par_1_104' title="bbox 2226 5205 3835 5284">
     <span class='ocr_line' id='line_1_107' title="bbox 2226 5205 3835 5284; baseline -0.007 -13"><span class='ocrx_word' id='word_1_736' title='bbox 2226 5206 2335 5271; x_wconf 86' lang='lat' dir='ltr'><strong>sus</strong></span> <span class='ocrx_word' id='word_1_737' title='bbox 2375 5223 2460 5269; x_wconf 91' lang='lat' dir='ltr'><strong>est</strong></span> <span class='ocrx_word' id='word_1_738' title='bbox 2478 5215 2620 5270; x_wconf 89' lang='lat' dir='ltr'><strong>circa</strong></span> <span class='ocrx_word' id='word_1_739' title='bbox 2642 5214 2835 5284; x_wconf 88' lang='lat' dir='ltr'><strong>prioris</strong></span> <span class='ocrx_word' id='word_1_740' title='bbox 2869 5211 3200 5267; x_wconf 81' lang='lat' dir='ltr'><strong>authentiam</strong></span> <span class='ocrx_word' id='word_1_741' title='bbox 3221 5208 3645 5266; x_wconf 89' lang='lat' dir='ltr'><strong>dubitare.Certe</strong></span> <span class='ocrx_word' id='word_1_742' title='bbox 3665 5205 3835 5278; x_wconf 84' lang='lat' dir='ltr'><strong>Chry-</strong></span> 
     </span>
    </p>
   </div>
   <div class='ocr_carea' id='block_1_105' title="bbox 2243 5298 3837 5376">
    <p class='ocr_par' dir='ltr' id='par_1_105' title="bbox 2243 5298 3837 5376">
     <span class='ocr_line' id='line_1_108' title="bbox 2243 5298 3837 5376; baseline -0.008 -14"><span class='ocrx_word' id='word_1_743' title='bbox 2243 5316 2539 5363; x_wconf 91' lang='lat' dir='ltr'><strong>sostomum</strong></span> <span class='ocrx_word' id='word_1_744' title='bbox 2576 5322 2646 5362; x_wconf 87' lang='lat' dir='ltr'><strong>ne</strong></span> <span class='ocrx_word' id='word_1_745' title='bbox 2678 5306 2762 5361; x_wconf 92' lang='lat' dir='ltr'><strong>vel</strong></span> <span class='ocrx_word' id='word_1_746' title='bbox 2794 5305 3119 5376; x_wconf 88' lang='lat' dir='ltr'><strong>primoribus</strong></span> <span class='ocrx_word' id='word_1_747' title='bbox 3160 5302 3375 5373; x_wconf 90' lang='lat' dir='ltr'><strong>quidem</strong></span> <span class='ocrx_word' id='word_1_748' title='bbox 3417 5298 3578 5354; x_wconf 87' lang='lat' dir='ltr'><strong>labris</strong></span> <span class='ocrx_word' id='word_1_749' title='bbox 3600 5299 3837 5368; x_wconf 77' lang='lat' dir='ltr'><strong>attigerit</strong></span> 
     </span>
    </p>
   </div>
   <div class='ocr_carea' id='block_1_106' title="bbox 2241 5388 3832 5470">
    <p class='ocr_par' dir='ltr' id='par_1_106' title="bbox 2241 5388 3832 5470">
     <span class='ocr_line' id='line_1_109' title="bbox 2241 5388 3832 5470; baseline -0.007 -17"><span class='ocrx_word' id='word_1_750' title='bbox 2241 5409 2474 5470; x_wconf 86' lang='lat' dir='ltr'><strong>oportet,</strong></span> <span class='ocrx_word' id='word_1_751' title='bbox 2498 5400 2586 5470; x_wconf 90' lang='lat' dir='ltr'><strong>qui</strong></span> <span class='ocrx_word' id='word_1_752' title='bbox 2615 5399 2839 5469; x_wconf 86' lang='lat' dir='ltr'><strong>primam</strong></span> <span class='ocrx_word' id='word_1_753' title='bbox 2865 5396 3167 5468; x_wconf 69' lang='lat' dir='ltr'><strong>parzenesin</strong></span> <span class='ocrx_word' id='word_1_754' title='bbox 3196 5409 3305 5450; x_wconf 88' lang='lat' dir='ltr'><strong>non</strong></span> <span class='ocrx_word' id='word_1_755' title='bbox 3332 5392 3472 5447; x_wconf 90' lang='lat' dir='ltr'><strong>inter</strong></span> <span class='ocrx_word' id='word_1_756' title='bbox 3496 5388 3832 5459; x_wconf 83' lang='lat' dir='ltr'><strong>elegantissi-</strong></span> 
     </span>
    </p>
   </div>
   <div class='ocr_carea' id='block_1_107' title="bbox 2241 5490 2979 5560">
    <p class='ocr_par' dir='ltr' id='par_1_107' title="bbox 2241 5490 2979 5560">
     <span class='ocr_line' id='line_1_110' title="bbox 2241 5490 2979 5560; baseline -0.005 -14"><span class='ocrx_word' id='word_1_757' title='bbox 2241 5508 2359 5547; x_wconf 84' lang='lat' dir='ltr'><strong>mos</strong></span> <span class='ocrx_word' id='word_1_758' title='bbox 2382 5490 2499 5560; x_wconf 89' lang='lat' dir='ltr'><strong>ejus</strong></span> <span class='ocrx_word' id='word_1_759' title='bbox 2522 5490 2659 5545; x_wconf 80' lang='lat' dir='ltr'><strong>fetus</strong></span> <span class='ocrx_word' id='word_1_760' title='bbox 2683 5497 2979 5544; x_wconf 90' lang='lat' dir='ltr'><strong>recenseat.</strong></span> 
     </span>
    </p>
   </div>
   <div class='ocr_carea' id='block_1_108' title="bbox 2316 5572 3829 5650">
    <p class='ocr_par' dir='ltr' id='par_1_108' title="bbox 2316 5572 3829 5650">
     <span class='ocr_line' id='line_1_111' title="bbox 2316 5572 3829 5650; baseline -0.009 -13"><span class='ocrx_word' id='word_1_761' title='bbox 2316 5582 2484 5637; x_wconf 89' lang='lat' dir='ltr'><strong>Unam</strong></span> <span class='ocrx_word' id='word_1_762' title='bbox 2529 5581 2688 5650; x_wconf 89' lang='lat' dir='ltr'><strong>igitur</strong></span> <span class='ocrx_word' id='word_1_763' title='bbox 2716 5579 2996 5648; x_wconf 85' lang='lat' dir='ltr'><strong>epistolam</strong></span> <span class='ocrx_word' id='word_1_764' title='bbox 3032 5577 3098 5632; x_wconf 88' lang='lat' dir='ltr'><strong>ad</strong></span> <span class='ocrx_word' id='word_1_765' title='bbox 3135 5575 3475 5632; x_wconf 83' lang='lat' dir='ltr'><strong>Theodorum</strong></span> <span class='ocrx_word' id='word_1_766' title='bbox 3505 5572 3829 5641; x_wconf 64' lang='lat' dir='ltr'><strong>Mopsuestia-</strong></span> 
     </span>
    </p>
   </div>
   <div class='ocr_carea' id='block_1_109' title="bbox 2241 5667 3829 5738">
    <p class='ocr_par' dir='ltr' id='par_1_109' title="bbox 2241 5667 3829 5738">
     <span class='ocr_line' id='line_1_112' title="bbox 2241 5667 3829 5738; baseline -0.007 -8"><span class='ocrx_word' id='word_1_767' title='bbox 2241 5692 2367 5730; x_wconf 88' lang='lat' dir='ltr'><strong>num</strong></span> <span class='ocrx_word' id='word_1_768' title='bbox 2395 5675 2482 5730; x_wconf 91' lang='lat' dir='ltr'><strong>hic</strong></span> <span class='ocrx_word' id='word_1_769' title='bbox 2505 5682 2768 5728; x_wconf 86' lang='lat' dir='ltr'><strong>memorat</strong></span> <span class='ocrx_word' id='word_1_770' title='bbox 2796 5672 3130 5729; x_wconf 82' lang='lat' dir='ltr'><strong>Sozomenus</strong></span> <span class='ocrx_word' id='word_1_771' title='bbox 3148 5711 3163 5735; x_wconf 90' lang='lat'><strong>,</strong></span> <span class='ocrx_word' id='word_1_772' title='bbox 3185 5681 3241 5724; x_wconf 93' lang='lat' dir='ltr'><strong>et</strong></span> <span class='ocrx_word' id='word_1_773' title='bbox 3263 5670 3497 5738; x_wconf 62' lang='lat' dir='ltr'><strong>quidem.</strong></span> <span class='ocrx_word' id='word_1_774' title='bbox 3520 5675 3579 5721; x_wconf 90' lang='lat' dir='ltr'><strong>ut</strong></span> <span class='ocrx_word' id='word_1_775' title='bbox 3602 5667 3829 5727; x_wconf 82' lang='lat' dir='ltr'><strong>videtur,</strong></span> 
     </span>
    </p>
   </div>
   <div class='ocr_carea' id='block_1_110' title="bbox 2648 5748 3838 5826">
    <p class='ocr_par' dir='ltr' id='par_1_110' title="bbox 2648 5748 3838 5826">
     <span class='ocr_line' id='line_1_113' title="bbox 2648 5748 3838 5826; baseline -0.015 -5"><span class='ocrx_word' id='word_1_776' title='bbox 2648 5779 2809 5821; x_wconf 88' lang='lat' dir='ltr'><strong>unam</strong></span> <span class='ocrx_word' id='word_1_777' title='bbox 2851 5765 2978 5820; x_wconf 87' lang='lat' dir='ltr'><strong>item</strong></span> <span class='ocrx_word' id='word_1_778' title='bbox 3031 5762 3098 5819; x_wconf 88' lang='lat' dir='ltr'><strong>ad</strong></span> <span class='ocrx_word' id='word_1_779' title='bbox 3153 5762 3407 5821; x_wconf 87' lang='lat' dir='ltr'><strong>eumdem</strong></span> <span class='ocrx_word' id='word_1_780' title='bbox 3434 5748 3667 5826; x_wconf 80' lang='lat' dir='ltr'><strong>Hesyclii</strong></span> <span class='ocrx_word' id='word_1_781' title='bbox 3696 5762 3749 5803; x_wconf 76' lang='lat' dir='ltr'><strong>li</strong></span> <span class='ocrx_word' id='word_1_782' title='bbox 3783 5748 3838 5804; x_wconf 83' lang='lat' dir='ltr'><strong>in</strong></span> 
     </span>
    </p>
   </div>
  </div>
