3954 6470
192 399 289 460 ὶῖε

189 520 403 594 Synodo
454 514 862 588 Constantinop.
913 512 1105 572 ϐουλε.
1152 516 1215 571 ν.
1279 529 1332 585 p.
1392 515 1496 569 470
1548 530 1560 566 :
1613 528 1771 566 uuam

186 614 386 686 pariter
413 610 728 665 Theodorus
753 610 1015 664 Caesareae
1050 608 1175 665 ibid.
1216 623 1267 677 p.
1292 608 1420 681 490,
1460 608 1551 661 sed
1584 607 1778 660 multo-

184 720 298 759 rum
330 716 603 765 versuum,
634 707 947 770 πολύστιχσν,
981 700 1032 755 id
1063 708 1175 768 est,
1204 699 1490 754 admodum
1519 700 1727 768 longam
1761 717 1772 752 :

183 796 321 865 quod
354 808 486 848 sane
510 792 755 848 videatur
797 792 863 847 ad
909 791 1133 861 primam
1167 791 1343 860 potius
1376 805 1533 860 quam
1573 789 1640 844 ad
1684 805 1774 845 se-

180 886 414 943 cundam
453 883 641 940 referri
675 902 688 938 :
731 899 854 939 nam
895 883 1132 939 secunda
1177 882 1490 953 longissima
1518 882 1620 938 dici
1670 898 1775 938 non

184 991 343 1048 posse
371 976 609 1043 videtur;
637 976 872 1030 maxime
896 991 1025 1031 vero
1058 975 1103 1030 si
1128 984 1471 1045 comparetur
1494 991 1615 1029 cum
1657 976 1775 1030 aliis

180 1069 551 1142 Chrysostomi
603 1068 873 1137 Operibus.
918 1067 1172 1123 Leontius
1224 1076 1399 1122 tamen
1450 1068 1775 1139 Byzantinus

179 1160 315 1215 duas
361 1159 429 1214 ad
476 1158 814 1214 Theodorum
870 1158 1300 1228 Mopsuestenum
1355 1158 1612 1229 epistolas
1660 1159 1773 1215 sive

178 1267 489 1324 parmneses
522 1261 938 1317 commemorat;
970 1253 1274 1323 pariterque
1315 1252 1550 1307 Isidorus
1572 1252 1769 1323 Hispa-

179 1346 347 1401 lensis
387 1345 441 1399 in
482 1343 768 1399 Chronico.
811 1343 906 1398 His
935 1344 1231 1414 perspectis
1255 1384 1268 1409 ,
1300 1343 1673 1399 Tillemontius
1714 1344 1769 1398 in

174 1453 298 1493 eam
343 1436 564 1491 omnino
610 1434 906 1505 propendet
933 1435 1251 1489 sententiam
1285 1475 1298 1498 ,
1332 1443 1387 1489 ut
1416 1444 1566 1504 putet
1607 1450 1768 1489 unam

173 1537 386 1583 tantum
429 1525 499 1581 ad
533 1525 874 1581 Theodorum
900 1524 1333 1594 Mopsuestenum
1377 1524 1558 1580 haberi
1595 1539 1767 1593 para:-

173 1620 356 1686 nesin,
388 1632 579 1688 nempe
604 1617 892 1672 secundam
923 1633 937 1670 :
965 1618 1191 1686 primam
1218 1630 1346 1671 vero
1385 1615 1453 1669 ad
1491 1617 1651 1669 alium
1678 1630 1770 1669 co-

169 1712 484 1783 gnominem
528 1724 558 1763 a
587 1708 972 1779 Chrysostomo
1015 1706 1232 1760 missam
1279 1706 1586 1760 arbitretur.
1622 1705 1768 1759 Prte-

172 1815 256 1860 ter
282 1803 655 1857 auctoritatem
681 1813 810 1855 vero
837 1813 996 1869 quam
1026 1798 1228 1869 profert
1254 1797 1535 1851 Sozomeni
1560 1835 1578 1862 ,
1608 1796 1768 1866 llesy-

168 1895 276 1949 chii
304 1905 361 1948 et
383 1891 652 1947 Theodori
679 1888 1048 1951 Caesariensis,
1074 1888 1162 1958 qui
1194 1902 1351 1942 unam
1377 1927 1391 1952 ,
1418 1896 1474 1941 ttt
1498 1888 1722 1940 vidimus
1744 1927 1760 1951 ,

169 1987 237 2042 ad
287 1983 633 2041 Theodorum
685 1981 1121 2052 Mopsuestenum
1169 1984 1594 2034 commemorant
1646 1978 1764 2047 cpi-

169 2080 366 2135 stolam
390 2119 406 2145 ,
458 2077 543 2132 bis
580 2074 876 2132 rationibus
920 2082 975 2129 et
1020 2072 1349 2144 argumentis
1382 2072 1568 2126 nititur
1605 2071 1766 2125 'l‘ille-

169 2171 443 2225 montius:
472 2186 491 2220 ι
514 2168 615 2238 Qui
637 2166 752 2222 ﬁeri
775 2167 944 2237 possit
964 2174 1021 2221 ut
1046 2166 1098 2219 in
1126 2172 1313 2220 neutra
1342 2164 1598 2233 para'nesi
1620 2165 1763 2218 nulla

165 2266 392 2320 alterius
418 2276 757 2334 parteneseos
781 2260 984 2316 mentio
1008 2265 1274 2324 occurrat,
1291 2256 1451 2311 etiam
1474 2257 1560 2310 ubi
1587 2256 1761 2328 Chry—

164 2366 439 2412 sostomus
481 2354 671 2409 iisdem
708 2350 1009 2408 rationibus
1055 2350 1219 2404 utitur
1255 2357 1310 2404 et
1336 2346 1633 2416 exemplis?
1658 2347 1764 2402 Cur

165 2452 224 2505 in
254 2449 438 2517 primae
468 2446 697 2501 decursu
732 2458 993 2513 nusquam
1023 2440 1377 2512 compellatur
1403 2438 1720 2494 Theodorus
1741 2479 1757 2505 ,

163 2542 320 2611 cujus
356 2552 552 2593 nomen
591 2537 645 2591 in
680 2536 834 2590 titulo
873 2535 1045 2590 solum
1086 2538 1401 2601 comparet;
1434 2529 1486 2584 in
1525 2528 1761 2583 secunda

163 2651 298 2688 vero
346 2646 451 2686 nou
498 2630 860 2700 iufrequentet'
896 2626 1163 2683 Theodori
1206 2638 1400 2680 nomen
1449 2621 1761 2692 profertur?

162 2724 321 2793 Quod
367 2734 543 2777 autem
583 2721 797 2791 gravius
837 2717 1247 2774 existimandum
1290 2724 1373 2771 est
1400 2756 1414 2778 ,
1445 2713 1760 2769 Theodorus

160 2817 217 2870 in
266 2815 500 2869 secunda
546 2820 907 2877 memoratus,
938 2809 1175 2865 nondum
1225 2807 1539 2877 vigesimum
1566 2847 1582 2872 ,
1622 2813 1761 2860 teste

160 2908 554 2978 Cltrysostomo
584 2945 597 2968 ,
626 2904 871 2973 attigerat
898 2915 1095 2956 annum
1120 2917 1134 2966 ;
1163 2908 1351 2954 contra
1374 2914 1504 2954 vero
1524 2939 1538 2963 ,
1568 2897 1757 2952 eodem

161 3010 388 3053 auctore
425 2997 849 3068 Chrysostomo,
878 2993 925 3048 is
964 2992 1031 3047 ad
1073 3007 1230 3061 quem
1274 2991 1421 3060 prior
1469 2991 1758 3060 paratnesis

160 3095 427 3159 mittitur,
459 3106 628 3146 annos
662 3093 789 3144 vita:
823 3089 1056 3159 reliquos
1098 3101 1204 3140 non
1235 3087 1352 3155 plus
1379 3085 1756 3155 quinquaginta

159 3198 385 3253 sperare
424 3190 666 3253 poterat,
697 3181 855 3235 etiam
887 3180 931 3234 si
958 3179 1023 3233 ad
1053 3186 1348 3232 extremam
1378 3174 1758 3244 proveheretur

160 3284 493 3330 senectutem
515 3316 529 3338 ,
560 3271 703 3344 quod
731 3272 799 3327 de
827 3271 943 3326 viro
969 3278 1172 3325 tantum
1203 3269 1312 3324 fere
1336 3267 1757 3338 quadragenario

158 3366 264 3421 dici
296 3364 483 3435 possit.
515 3363 597 3418 Ad
620 3362 738 3417 haec
765 3377 892 3417 vero
918 3362 962 3415 is
986 3402 1000 3425 ,
1029 3375 1186 3429 quem
1219 3360 1468 3429 inpriore
1492 3358 1752 3427 paraenesi

157 3459 452 3528 allo:;uitur
484 3456 903 3527 Cbrysostomus
926 3496 942 3521 ,
972 3454 1024 3508 in
1052 3463 1234 3523 aperta
1276 3453 1399 3506 vitia
1435 3459 1489 3506 et
1529 3451 1751 3504 crimina

155 3558 480 3621 proruperat
503 3591 517 3614 ,
545 3559 605 3604 ut
634 3563 700 3604 ex
741 3548 900 3602 variis
936 3547 1192 3602 orationis
1218 3545 1346 3600 locis
1371 3544 1656 3613 colligitur.
1684 3543 1753 3597 At

155 3660 267 3698 non
297 3658 536 3713 eousque
562 3641 816 3711 perniciei
843 3641 1130 3695 devenerat
1161 3637 1475 3693 Theodorus
1508 3637 1756 3706 Mopsuc-

155 3746 365 3799 stenus,
385 3735 471 3803 qui
488 3734 531 3787 si
549 3733 658 3803 jam
683 3733 974 3800 baptizatus
994 3732 1044 3785 in
1062 3745 1123 3786 ea
1144 3731 1365 3785 crimina
1387 3731 1566 3799 lapsus
1587 3738 1749 3795 esset,

154 3840 492 3897 nequaquam
517 3825 777 3894 potuisset
794 3823 1085 3877 secundum
1111 3836 1345 3876 canones
1368 3822 1418 3875 in
1439 3821 1772 3898 episcopum“

154 3929 345 3990 postea
367 3917 627 3986 cooptari.
660 3936 679 3968 ι
946 3962 953 3967 .

224 4010 359 4066 Haec
404 4009 777 4064 Tillemontins
800 4049 815 4072 ,
843 4009 931 4078 qui
961 4022 1092 4062 sane
1132 4022 1237 4062 non
1287 4008 1661 4063 animadvertit
1692 4023 1752 4063 se

151 4119 279 4160 cum
324 4100 713 4173 Cbrysostomo
751 4101 867 4171 ipso
917 4114 1174 4171 pugnare.
1220 4099 1495 4170 Siquidem
1547 4100 1599 4154 in
1647 4100 1751 4155 line

151 4194 409 4252 secunda:
435 4192 676 4263 epistola:
699 4234 713 4259 ,
743 4208 903 4263 quam
933 4192 999 4246 ad
1039 4191 1378 4246 Theodorum
1421 4191 1751 4262 MOpsueste-

151 4302 285 4342 num
316 4286 538 4340 missum
566 4284 942 4340 Tillemontius
970 4284 1085 4354 ipse
1112 4283 1331 4351 fatetur,
1350 4298 1409 4338 se
1426 4299 1536 4338 non
1566 4300 1746 4352 unam,

149 4378 248 4434 sed
285 4377 482 4432 multas
502 4376 663 4431 etiam
691 4376 946 4446 epistolas
971 4378 1037 4430 ad
1063 4374 1311 4430 eumdem
1342 4375 1551 4430 misisse
1571 4376 1628 4430 S.
1655 4376 1750 4430 do-

146 4480 271 4524 ctor
311 4467 628 4524 testiﬁcatur
670 4467 754 4522 his
790 4467 970 4523 verbis
1001 4484 1014 4521 :
1049 4466 1170 4522 Scio
1213 4482 1292 4521 me
1321 4467 1489 4537 justas
1526 4466 1750 4536 epistola:

148 4563 343 4616 limites
391 4561 659 4616 excessisse
687 4576 707 4614 :
734 4576 904 4615 verum
954 4561 1197 4632 ignosce;
1240 4575 1341 4613 non
1391 4559 1524 4613 enim
1577 4559 1750 4614 lubens

148 4654 246 4709 hoc
275 4653 379 4724 egi,
405 4652 495 4708 sed
521 4652 708 4706 amoris
733 4651 1017 4721 dolorisque
1037 4652 1084 4704 vi
1110 4650 1400 4721 compulsus
1422 4665 1441 4703 :
1459 4666 1557 4721 quo
1587 4660 1749 4703 motus

147 4744 347 4812 alfcctu
383 4744 506 4797 mihi
534 4744 634 4797 vim
662 4743 814 4797 intuli
840 4753 892 4795 ut
921 4743 1074 4796 etiam
1104 4743 1233 4796 hanc
1262 4741 1529 4796 scriberem
1557 4743 1747 4813 episto-

148 4837 256 4891 lam
281 4875 297 4903 ,
327 4836 603 4889 vetantibus
646 4836 760 4889 licet
800 4834 971 4889 multis
1004 4851 1064 4888 ac
1101 4833 1379 4889 dicentibus
1407 4849 1425 4887 :
1450 4833 1631 4888 Finem
1666 4837 1749 4906 [ac

149 4942 284 4981 vane
317 4925 583 4980 laborandi
620 4942 681 4979 ac
706 4926 762 4980 in
792 4926 946 4995 petris
973 4926 1191 4980 serendi.
1228 4924 1338 4996 Ego
1366 4935 1534 4979 autem
1563 4926 1750 4980 nemini

147 5033 331 5072 aurem
374 5017 566 5086 prtebui
590 5033 610 5071 :
636 5033 749 5086 spes
782 5016 917 5070 enim
944 5024 1016 5071 est
1038 5057 1053 5083 ,
1085 5016 1312 5071 dicebam
1341 5016 1481 5087 apud
1508 5032 1587 5071 me
1605 5057 1621 5084 ,
1654 5016 1749 5071 Dei

149 5106 349 5161 auxilio
391 5106 565 5161 literas
604 5108 796 5179 aliquia
845 5108 1137 5177 profuturas
1175 5123 1299 5162 esse.
1330 5106 1411 5162 Ex
1454 5108 1648 5179 quibus
1687 5111 1751 5164 li-

148 5208 286 5269 quet
326 5201 520 5256 multas
548 5215 577 5254 a
616 5198 999 5274 Chrysostomo
1040 5199 1107 5254 ad
1149 5199 1492 5256 Theodorum
1538 5201 1748 5271 lapsum

151 5293 351 5348 missas
384 5293 639 5363 epismlas
666 5293 832 5350 fuisse
862 5312 874 5348 :
909 5293 1051 5364 quod
1092 5294 1355 5349 indicatur
1396 5295 1478 5349 bis
1520 5296 1699 5352 verbis
1731 5314 1745 5350 :

151 5385 254 5439 aint
305 5385 425 5438 milu'
469 5386 620 5440 intuli
663 5394 716 5439 ut
755 5386 905 5439 etiam
951 5385 1082 5439 hanc
1134 5386 1398 5440 scriberem
1444 5388 1745 5458 epistolam;

151 5477 296 5546 quod
346 5477 623 5533 declarant
665 5478 826 5533 etiam
874 5477 989 5531 hzec
1036 5477 1330 5533 amicorum
1379 5477 1746 5551 Cbrysostomi

154 5570 293 5627 dicta
328 5590 343 5626 :
377 5570 556 5626 Finem
582 5575 666 5643 fac
691 5586 816 5625 vane
845 5570 1110 5625 luborandi
1141 5580 1291 5641 atque
1313 5572 1367 5624 in
1394 5571 1548 5640 petris
1577 5588 1747 5626 seren-

148 5660 225 5719 ‘di.
260 5664 464 5733 Quibus
489 5672 636 5719 certe
675 5662 914 5718 innititur
953 5677 1058 5718 non
1096 5678 1254 5718 unam
1282 5662 1579 5719 alteramve
1609 5706 1622 5728 ,
1653 5664 1746 5719 sed

157 5760 348 5811 multas
367 5755 620 5825 epistolas
643 5768 673 5809 a
694 5752 1077 5824 Cltrysostomo
1097 5755 1161 5808 ad
1184 5753 1523 5810 Theodorum
1544 5754 1748 5825 lapsum

162 5851 343 5905 missas
373 5848 536 5906 fuisse
565 5866 577 5905 :
609 5863 834 5920 quarum
864 5847 1057 5919 prima,
1081 5865 1200 5920 quae
1223 5858 1306 5905 est
1335 5849 1626 5919 paraenesis
1654 5848 1744 5905 illa

1686 397 2019 458 MONITUM.

3374 434 3478 489 276

1892 518 2101 611 longior
2120 563 2133 587 ,
2165 533 2218 579 et
2247 534 2514 595 postrema
2544 543 2848 601 supersunt.
2883 537 3008 593 Ruit
3037 540 3217 611 itaque
3253 542 3380 600 illud
3409 563 3475 602 ex

1886 610 2193 682 Sozomeni,
2216 616 2465 690 liesycbii
2494 633 2547 677 et
2565 623 2834 681 Theodori
2860 610 3207 689 (Itcsarieusis
3235 638 3475 691 testimo.

1886 703 1975 756 nio
2019 702 2361 776 desumptqu
2389 725 2782 782 argumentum.
2813 721 2900 788 qui
2949 736 3108 776 unam
3155 734 3357 781 tantum
3406 731 3472 784 ad

1884 793 2226 889 :l‘beodorum
2253 800 2684 872 Mepsuesteuum
2713 810 2919 880 lapsum
2951 826 3249 874 memorant
3275 823 3475 889 episto-

1884 883 2012 951 lam,
2039 903 2266 981 quorum
2292 895 2453 949 etiam
2489 907 2792 966 postremus
2816 903 2994 971 potius
3020 907 3244 975 primam
3268 951 3284 974 ,
3309 883 3470 981 quam

1882 979 2171 1036 secundam
2202 986 2498 1052 paramesin
2538 989 2777 1047 indicare
2812 993 3054 1060 videtur,
3079 999 3154 1053 uti
3183 1000 3294 1069 jam
3331 979 3472 1058 dixi-

1883 1087 2020 1129 mus.
2062 1076 2190 1133 Ruit
2215 1081 2376 1136 etiam
2420 1084 2546 1140 illud
2575 1089 2716 1156 quod
2757 1089 2941 1160 adjicit
2970 1092 3341 1152 'l'illcmoutius
3367 1138 3383 1163 ,
3417 1099 3469 1154 in
3506 1100 3521 1117 '

1880 1177 2068 1222 neutra
2108 1171 2332 1228 alteram
2367 1176 2477 1245 jam
2505 1177 2684 1234 datam
2714 1181 2935 1238 indicari
2965 1183 3129 1257 (unde
3159 1196 3335 1245 tamen
3364 1206 3469 1246 non

1879 1258 2036 1314 video
2070 1263 2196 1355 quid
2239 1264 2423 1323 inferri
2451 1270 2685 1343 possit);
2719 1274 2772 1328 in
2811 1278 3044 1334 secunda
3094 1295 3323 1355 namque
3351 1283 3471 1338 alias

1878 1360 2031 1446 amen
2059 1354 2197 1411 datze
2223 1372 2611 1431 memorantur,
2636 1374 2690 1421 et
2714 1367 2766 1421 in
2791 1367 2855 1422 iis
2877 1368 3013 1425 haud
3035 1372 3195 1429 dubie
3218 1375 3326 1439 illa,
3351 1392 3469 1446 qum.

1876 1442 2048 1509 prima
2078 1448 2293 1514 prodiit.

1891 1570 1895 1577 .
1945 1535 2096 1591 Circa
2142 1540 2291 1595 illum
2328 1555 2507 1600 autem
2550 1550 2798 1620 superius
2837 1553 3056 1609 allatum
3092 1556 3467 1631 Cbrysostomi

1875 1622 2046 1679 locum
2095 1632 2339 1698 quretlam
2384 1637 2722 1694 observanda
2762 1652 2907 1696 sunt.
2935 1622 3368 1705 Nimirumvcum
3412 1653 3466 1706 in

1874 1718 2052 1784 priore
2079 1721 2167 1774 illa
2211 1727 2470 1791 parantesi
2506 1727 2750 1799 longiore
2793 1732 3213 1805 Cbryt-ostomus
3259 1742 3462 1808 omnia,

1872 1821 1989 1875 qua:
2018 1808 2085 1863 ad
2113 1811 2451 1870 Theodorum
2497 1819 2564 1872 ad
2603 1822 2925 1891 stationem,
2953 1835 3010 1880 ut
3034 1828 3109 1881 ait
3152 1831 3273 1896 ille,
3303 1834 3463 1886 redito

1871 1900 2098 1954 cendum
2134 1914 2431 1972 opportuna
2466 1919 2655 1977 erant,
2685 1912 3021 1971 exhausisset
3052 1935 3067 1971 :
3098 1920 3151 1972 in
3186 1926 3462 1991 sequenti.

1872 1990 1972 2045 bus
2019 1994 2263 2061 epistolis
2317 1998 2383 2051 ad
2445 2000 2583 2054 idem
2636 2007 2967 2075 propositum
3024 1990 3416 2078 pertinentibus
3447 2056 3460 2078 .

1871 2081 2133 2139 dictorum
2175 2090 2489 2143 memoriam
2537 2091 2769 2149 breviter
2814 2096 3100 2154 refricabat
3130 2142 3145 2166 ,
3173 2105 3463 2174 paucisque

1869 2174 2049 2230 verbis
2107 2177 2364 2246 epistolas
2431 2183 2643 2238 texebat
2699 2200 2713 2237 :
2774 2185 3004 2257 indeque
3059 2200 3142 2244 est
3200 2193 3344 2261 quod
3412 2195 3464 2249 in

1869 2278 2140 2337 postrema
2166 2270 2506 2328 Theodorum
2532 2286 2725 2346 rogat,
2758 2277 2999 2347 ignoscat
3033 2281 3132 2336 sibi
3175 2283 3219 2337 si
3261 2286 3465 2353 epistoo

1869 2361 1935 2415 lie
1965 2362 2162 2417 limites
2200 2366 2525 2431 excesserit;
2564 2383 2669 2421 non
2716 2370 2860 2423 enim
2903 2369 3020 2426 btec
3061 2372 3129 2427 de
3169 2376 3465 2443 posteriore

1868 2454 2128 2520 parazttesi
2154 2494 2171 2520 ,
2205 2455 2248 2508 si
2295 2457 2459 2524 priori
2497 2467 2872 2527 comparetur,
2900 2460 3003 2515 dici
3045 2473 3306 2530 possunt;
3340 2480 3462 2518 nam

1866 2544 1983 2597 haec
2009 2546 2276 2613 posterior
2295 2587 2311 2611 ,
2343 2546 2465 2601 licet
2487 2548 2730 2617 epistolis
2754 2550 3211 2620 pr:ecedentibus,
3239 2564 3299 2609 ut
3326 2559 3463 2610 veri-

1865 2634 2038 2690 simile
2062 2643 2161 2701 est,
2189 2635 2419 2706 longior,
2446 2638 2657 2692 nonnisi
2686 2639 3061 2709 compendium
3093 2642 3285 2711 prioris
3314 2645 3460 2699 vide-

1868 2736 1951 2779 llll‘
1970 2740 2112 2781 CSSC.

1940 2818 2115 2889 Pergit
2153 2820 2522 2877 Tiliemontius
2543 2864 2561 2889 ,
2583 2837 2681 2877 cur
2705 2823 2758 2877 in
2787 2825 2984 2893 prioris
3026 2825 3255 2882 decursu
3281 2828 3460 2885 Theo-

1864 2909 2054 2965 dotum
2076 2926 2366 2983 numquam
2383 2915 2669 2984 compellat
2684 2915 3098 2986 Cbrysostomus
3123 2936 3134 2972 :
3161 2918 3212 2973 in
3234 2934 3459 2990 sequen-

1866 3002 1934 3056 tis
1958 3016 2087 3057 vero
2120 3002 2348 3059 decursu
2384 3006 2631 3060 eumdem
2675 3019 2819 3075 smpe
2849 3022 2946 3060 suo
2977 3008 3192 3062 nomine
3226 3013 3459 3079 compel-

1863 3093 1977 3148 lat?
2002 3094 2095 3148 Cui
2134 3109 2234 3165 ego
2260 3096 2406 3149 nullo
2443 3096 2656 3165 negotio
2680 3112 2935 3165 reponam
2966 3115 2980 3150 :
3009 3099 3116 3153 Cur
3135 3102 3186 3153 in
3211 3101 3459 3169 epistola-

1862 3202 1979 3240 rum
2006 3185 2072 3240 ad
2101 3185 2467 3257 Olympiadem
2491 3201 2593 3241 una
2615 3188 2699 3241 vel
2719 3188 2886 3241 altera
2910 3187 3079 3256 ipsam
3109 3203 3208 3242 suo
3243 3192 3458 3244 nomine

1860 3277 2166 3347 compellat,
2189 3275 2620 3349 Cbrysostomus,
2646 3278 2698 3330 in
2724 3277 2843 3330 aliis
2866 3292 2995 3332 vero
3014 3286 3066 3332 et
3086 3280 3381 3347 praesertim
3406 3281 3459 3335 in

1859 3369 2031 3438 aliqua
2051 3383 2254 3432 carum,
2281 3385 2399 3437 qum
2422 3368 2634 3424 caeteris
2661 3369 2870 3438 longior
2895 3379 2998 3435 est,
3027 3370 3271 3424 eamdem
3299 3387 3455 3425 num-

1859 3476 2017 3531 quam
2047 3462 2329 3531 compellat
2352 3462 2376 3515 ?
2400 3460 2505 3515 Sed
2536 3474 2791 3530 quorsum
2833 3459 3047 3515 aliunde
3084 3463 3325 3531 exempla
3363 3477 3452 3515 re-

1859 3552 2136 3622 petamus?
2157 3552 2655 3607 LicctTillemoutio
2672 3552 3093 3607 concederemus
3113 3552 3454 3609 Theodorum

1860 3645 2033 3711 illum,
2066 3645 2131 3699 ad
2163 3652 2319 3715 quem
2348 3645 2496 3713 prior
2521 3642 2752 3698 mittitur
2773 3644 3065 3713 parmuesis
3089 3686 3103 3711 ,
3136 3646 3300 3699 alium
3333 3661 3455 3700 esse

1858 3752 1887 3791 a
1918 3730 2314 3807 Mopsuesteno,
2343 3737 2426 3791 cui
2459 3736 2696 3791 secunda
2723 3736 2970 3807 dirigitur
3002 3754 3016 3790 :
3047 3751 3227 3791 annon
3264 3738 3450 3791 eadem

1857 3843 2070 3899 semper
2095 3829 2322 3899 quaestio
2346 3828 2552 3883 moveri
2588 3835 2802 3897 posset,
2835 3841 2933 3881 cur
2955 3827 3162 3882 scilicet
3196 3828 3247 3880 in
3279 3840 3457 3897 poste-

1857 3923 2000 3977 riore
2020 3937 2162 3991 smpc
2179 3920 2520 3976 Theodorum
2542 3920 2849 3991 compellet,
2869 3921 2920 3974 in
2943 3919 3118 3988 priore
3146 3921 3455 3989 numquam?

1857 4016 1956 4070 ilic
1981 4013 2337 4085 compellandi
2365 4011 2556 4067 modus
2582 4026 2648 4067 ex
2674 4026 2783 4066 uno
2803 4011 3004 4081 pendet
3032 4011 3255 4066 arbitrio
3281 4030 3293 4065 :
3319 4028 3454 4066 unus

1856 4106 2271 4177 Cbrysostomus
2290 4104 2470 4159 dicere
2495 4112 2675 4173 posset
2703 4144 2717 4164 ,
2741 4118 2838 4155 cur
2858 4101 3016 4156 modo
3036 4103 3451 4171 compellaverit,

1857 4196 2018 4251 modo
2062 4211 2091 4250 a
2134 4193 2509 4264 compellando
2533 4192 2856 4246 abstinuerit
2885 4209 2899 4245 :
2929 4193 2974 4246 si
3003 4202 3179 4245 tamen
3226 4194 3454 4246 consilio

1856 4289 1986 4344 illud
2007 4289 2195 4359 egerit,
2222 4302 2327 4341 non
2354 4301 2480 4339 vero
2509 4299 2660 4350 casu,
2696 4292 2856 4353 prout
2885 4284 2929 4336 is
2952 4284 3033 4337 vel
3064 4283 3204 4338 alius
3237 4284 3450 4345 dicendi

1856 4378 2048 4432 modus
2073 4392 2193 4431 sese
2218 4376 2382 4429 menti
2412 4374 2691 4429 oll‘erebat.

1927 4469 2044 4524 Jam
2088 4467 2155 4522 ad
2186 4466 2594 4532 validissimum,
2643 4474 2698 4519 ut
2726 4471 2877 4534 putat
2918 4462 3312 4528 Tillemontius,
3352 4464 3447 4520 de-

1854 4562 2159 4634 pellendum
2186 4561 2350 4616 telum
2383 4572 2754 4630 properemus.
2787 4557 3107 4613 Theodorus
3133 4558 3187 4611 in
3217 4560 3449 4614 secunda

1855 4653 2077 4725 epistola
2105 4660 2433 4708 memoratus
2461 4649 2697 4705 nondum
2722 4650 3041 4719 vigesimum
3071 4649 3321 4719 attigerat
3349 4664 3437 4704 an-

1854 4761 2018 4812 num;
2047 4754 2234 4801 contra
2262 4758 2411 4809 vero,
2445 4743 2560 4813 ipso
2597 4750 2815 4798 auctore
2849 4742 3260 4812 Cltrysostomo,
3308 4742 3354 4798 is
3385 4744 3450 4797 ad

1855 4854 2014 4911 quem
2047 4839 2193 4909 prior
2217 4836 2508 4906 parzenesis
2549 4828 2796 4899 mittitur,
2840 4848 3011 4888 annos
3054 4835 3178 4890 vitae
3212 4834 3451 4905 reliquos

1855 4944 1962 4985 non
2003 4928 2123 5000 plus
2152 4926 2534 4999 quinquaginta
2579 4938 2797 4993 sperare
2843 4934 3075 4993 poterat,
3109 4924 3269 4980 etiam
3306 4925 3350 4979 si
3383 4927 3447 4979 ad

1855 5030 2155 5077 extremam
2198 5018 2587 5088 proveheretur
2633 5023 2991 5081 senectutem,
3037 5015 3178 5086 quod
3226 5014 3296 5070 de
3336 5016 3452 5070 vim

1856 5122 2061 5170 tantum
2090 5112 2202 5169 fere
2231 5110 2659 5182 quadragenario
2701 5108 2806 5165 dici
2850 5111 3040 5179 possit.
3073 5108 3212 5164 Vere
3235 5106 3449 5177 quidem

1856 5207 1930 5261 ait
1976 5205 2392 5277 Cbrysostomus
2443 5204 2496 5256 in
2552 5202 2785 5258 secunda
2829 5203 3053 5272 epistola
3108 5199 3449 5257 Theodorum

1857 5296 2093 5350 nondmn
2130 5295 2443 5365 vigesimum
2487 5293 2728 5364 attigisse
2757 5309 2957 5348 annum
2987 5311 2999 5347 :
3029 5293 3082 5347 in
3116 5292 3284 5363 prima
3322 5305 3449 5345 vero

1857 5390 2005 5444 locus
2041 5387 2200 5458 paulo
2229 5401 2386 5442 secus
2414 5386 2572 5440 habet
2591 5401 2749 5456 quam
2779 5384 3149 5441 Tillemoutins
3175 5381 3447 5436 extulerit.

1856 5479 1946 5535 Sic
1969 5480 2183 5549 legitur.
2206 5495 2259 5531 u.
2287 5477 2374 5545 10,
2406 5477 2547 5533 circa
2574 5477 2741 5532 ﬁnem
2762 5495 2775 5530 :
2794 5478 2994 5541 Quanto
3017 5485 3238 5544 tempore
3261 5471 3334 5526 vis
3364 5472 3447 5527 tibi

1858 5571 2117 5641 prtrsentis
2143 5570 2257 5625 vitta
2280 5585 2509 5635 usuram,
2539 5569 2671 5634 sive,
2698 5575 2755 5623 ut
2784 5568 2851 5620 ita
2885 5568 3090 5635 loquar,
3119 5564 3447 5630 fruitionem,

1858 5663 2058 5718 extendi
2074 5663 2100 5717 .9
2124 5661 2374 5733 Equidem
2404 5679 2504 5716 non
2536 5670 2655 5732 puto
2685 5660 2774 5713 tibi
2819 5659 2935 5727 plus
2959 5656 3329 5728 quinquaginta
3356 5673 3448 5711 an-

1834 5757 1935 5810 ‘m's
1962 5755 2074 5809 vita?
2102 5771 2381 5825 superesse,
2416 5762 2468 5806 ut
2503 5754 2570 5805 ad
2608 5764 2880 5806 extrcinam
2909 5757 3217 5803 senectutem
3244 5748 3442 5803 venias.

1859 5849 1915 5906 id
1958 5861 2059 5916 est,
2102 5851 2146 5905 si
2190 5862 2361 5906 annos
2409 5847 2583 5902 adhuc
2608 5843 2990 5917 quinquaginta
3023 5841 3250 5912 vixeris,
3279 5851 3442 5899 tanta:
