  <div class='ocr_page' id='page_1' title='image "/cluster/home/n/w/nwhite01/storage/ocr_20150623/47:no.1:pt.1/coo.31924054869460/235.png"; bbox 0 0 3954 6408; ppageno 0'>
   <div class='ocr_carea' id='block_1_1' title="bbox 619 345 727 399">
    <p class='ocr_par' dir='ltr' id='par_1_1' title="bbox 619 345 727 399">
     <span class='ocr_line' id='line_1_1' title="bbox 619 345 727 399; baseline 0 -1"><span class='ocrx_word' id='word_1_1' title='bbox 619 345 727 399; x_wconf 72' lang='lat'><strong>275</strong></span> 
     </span>
    </p>
   </div>
   <div class='ocr_carea' id='block_1_2' title="bbox 615 442 2207 522">
    <p class='ocr_par' dir='ltr' id='par_1_2' title="bbox 615 442 2207 522">
     <span class='ocr_line' id='line_1_2' title="bbox 615 442 2207 522; baseline -0.008 -6"><span class='ocrx_word' id='word_1_2' title='bbox 615 457 906 515; x_wconf 84' lang='lat' dir='ltr'><strong>senectutis</strong></span> <span class='ocrx_word' id='word_1_3' title='bbox 929 456 1058 522; x_wconf 86' lang='lat' dir='ltr'><strong>eris,</strong></span> <span class='ocrx_word' id='word_1_4' title='bbox 1090 463 1148 508; x_wconf 91' lang='lat' dir='ltr'><strong>ut</strong></span> <span class='ocrx_word' id='word_1_5' title='bbox 1176 453 1298 507; x_wconf 80' lang='lat' dir='ltr'><strong>vita:</strong></span> <span class='ocrx_word' id='word_1_6' title='bbox 1321 442 1550 508; x_wconf 77' lang='lat' dir='ltr'><strong>fructum</strong></span> <span class='ocrx_word' id='word_1_7' title='bbox 1576 459 1629 505; x_wconf 90' lang='lat' dir='ltr'><strong>ct</strong></span> <span class='ocrx_word' id='word_1_8' title='bbox 1656 449 1984 521; x_wconf 88' lang='lat' dir='ltr'><strong>voluptatem</strong></span> <span class='ocrx_word' id='word_1_9' title='bbox 2015 464 2207 518; x_wconf 81' lang='lat' dir='ltr'><strong>capere</strong></span> 
     </span>
    </p>
   </div>
   <div class='ocr_carea' id='block_1_3' title="bbox 616 540 2210 617">
    <p class='ocr_par' dir='ltr' id='par_1_3' title="bbox 616 540 2210 617">
     <span class='ocr_line' id='line_1_3' title="bbox 616 540 2210 617; baseline -0.004 -14"><span class='ocrx_word' id='word_1_10' title='bbox 616 565 720 603; x_wconf 93' lang='lat' dir='ltr'><strong>non</strong></span> <span class='ocrx_word' id='word_1_11' title='bbox 750 545 942 617; x_wconf 87' lang='lat' dir='ltr'><strong>possis.</strong></span> <span class='ocrx_word' id='word_1_12' title='bbox 972 545 1104 612; x_wconf 83' lang='lat' dir='ltr'><strong>Quis</strong></span> <span class='ocrx_word' id='word_1_13' title='bbox 1133 553 1290 615; x_wconf 90' lang='lat' dir='ltr'><strong>neget</strong></span> <span class='ocrx_word' id='word_1_14' title='bbox 1316 543 1430 599; x_wconf 71' lang='lat' dir='ltr'><strong>hmc</strong></span> <span class='ocrx_word' id='word_1_15' title='bbox 1457 541 1728 598; x_wconf 84' lang='lat' dir='ltr'><strong>vicenario</strong></span> <span class='ocrx_word' id='word_1_16' title='bbox 1751 540 1932 610; x_wconf 89' lang='lat' dir='ltr'><strong>juveni</strong></span> <span class='ocrx_word' id='word_1_17' title='bbox 1962 542 2210 610; x_wconf 81' lang='lat' dir='ltr'><strong>apposite</strong></span> 
     </span>
    </p>
   </div>
   <div class='ocr_carea' id='block_1_4' title="bbox 615 635 2208 707">
    <p class='ocr_par' dir='ltr' id='par_1_4' title="bbox 615 635 2208 707">
     <span class='ocr_line' id='line_1_4' title="bbox 615 635 2208 707; baseline -0.004 -14"><span class='ocrx_word' id='word_1_18' title='bbox 615 641 716 694; x_wconf 86' lang='lat' dir='ltr'><strong>dici</strong></span> <span class='ocrx_word' id='word_1_19' title='bbox 751 643 939 707; x_wconf 74' lang='lat' dir='ltr'><strong>posse?</strong></span> <span class='ocrx_word' id='word_1_20' title='bbox 965 639 1107 693; x_wconf 88' lang='lat' dir='ltr'><strong>Sane</strong></span> <span class='ocrx_word' id='word_1_21' title='bbox 1132 639 1218 692; x_wconf 79' lang='lat' dir='ltr'><strong>vix</strong></span> <span class='ocrx_word' id='word_1_22' title='bbox 1251 652 1445 706; x_wconf 89' lang='lat' dir='ltr'><strong>capere</strong></span> <span class='ocrx_word' id='word_1_23' title='bbox 1493 636 1692 705; x_wconf 91' lang='lat' dir='ltr'><strong>possim</strong></span> <span class='ocrx_word' id='word_1_24' title='bbox 1717 635 1988 705; x_wconf 90' lang='lat' dir='ltr'><strong>quomodo</strong></span> <span class='ocrx_word' id='word_1_25' title='bbox 2017 650 2083 690; x_wconf 76' lang='lat' dir='ltr'><strong>es</strong></span> <span class='ocrx_word' id='word_1_26' title='bbox 2119 635 2208 688; x_wconf 87' lang='lat' dir='ltr'><strong>tali</strong></span> 
     </span>
    </p>
   </div>
   <div class='ocr_carea' id='block_1_5' title="bbox 612 727 2209 801">
    <p class='ocr_par' dir='ltr' id='par_1_5' title="bbox 612 727 2209 801">
     <span class='ocr_line' id='line_1_5' title="bbox 612 727 2209 801; baseline 0 -19"><span class='ocrx_word' id='word_1_27' title='bbox 612 730 756 785; x_wconf 89' lang='lat' dir='ltr'><strong>dicto</strong></span> <span class='ocrx_word' id='word_1_28' title='bbox 787 731 1023 801; x_wconf 88' lang='lat' dir='ltr'><strong>potuerit</strong></span> <span class='ocrx_word' id='word_1_29' title='bbox 1058 729 1436 785; x_wconf 85' lang='lat' dir='ltr'><strong>Tillemontius</strong></span> <span class='ocrx_word' id='word_1_30' title='bbox 1481 738 1718 782; x_wconf 90' lang='lat' dir='ltr'><strong>statuere</strong></span> <span class='ocrx_word' id='word_1_31' title='bbox 1750 727 1943 793; x_wconf 83' lang='lat' dir='ltr'><strong>virum,</strong></span> <span class='ocrx_word' id='word_1_32' title='bbox 1977 727 2063 782; x_wconf 89' lang='lat' dir='ltr'><strong>cui</strong></span> <span class='ocrx_word' id='word_1_33' title='bbox 2095 727 2209 782; x_wconf 76' lang='lat' dir='ltr'><strong>hmc</strong></span> 
     </span>
    </p>
   </div>
   <div class='ocr_carea' id='block_1_6' title="bbox 613 819 2207 894">
    <p class='ocr_par' dir='ltr' id='par_1_6' title="bbox 613 819 2207 894">
     <span class='ocr_line' id='line_1_6' title="bbox 613 819 2207 894; baseline -0.002 -15"><span class='ocrx_word' id='word_1_34' title='bbox 613 824 876 889; x_wconf 81' lang='lat' dir='ltr'><strong>dicantur,</strong></span> <span class='ocrx_word' id='word_1_35' title='bbox 923 840 1060 894; x_wconf 87' lang='lat' dir='ltr'><strong>pene</strong></span> <span class='ocrx_word' id='word_1_36' title='bbox 1096 822 1574 894; x_wconf 87' lang='lat' dir='ltr'><strong>quadragenarium</strong></span> <span class='ocrx_word' id='word_1_37' title='bbox 1620 821 1854 876; x_wconf 78' lang='lat' dir='ltr'><strong>essczsi</strong></span> <span class='ocrx_word' id='word_1_38' title='bbox 1908 835 1972 875; x_wconf 78' lang='lat' dir='ltr'><strong>ex</strong></span> <span class='ocrx_word' id='word_1_39' title='bbox 2019 819 2207 890; x_wconf 87' lang='lat' dir='ltr'><strong>hujus-</strong></span> 
     </span>
    </p>
   </div>
   <div class='ocr_carea' id='block_1_7' title="bbox 612 915 2205 985">
    <p class='ocr_par' dir='ltr' id='par_1_7' title="bbox 612 915 2205 985">
     <span class='ocr_line' id='line_1_7' title="bbox 612 915 2205 985; baseline -0.003 -14"><span class='ocrx_word' id='word_1_40' title='bbox 612 917 756 971; x_wconf 89' lang='lat' dir='ltr'><strong>modi</strong></span> <span class='ocrx_word' id='word_1_41' title='bbox 797 917 974 972; x_wconf 81' lang='lat' dir='ltr'><strong>verbis</strong></span> <span class='ocrx_word' id='word_1_42' title='bbox 1021 917 1422 985; x_wconf 86' lang='lat' dir='ltr'><strong>cluonologiam</strong></span> <span class='ocrx_word' id='word_1_43' title='bbox 1475 925 1792 980; x_wconf 71' lang='lat' dir='ltr'><strong>statuamus,</strong></span> <span class='ocrx_word' id='word_1_44' title='bbox 1851 929 2098 984; x_wconf 81' lang='lat' dir='ltr'><strong>magnam</strong></span> <span class='ocrx_word' id='word_1_45' title='bbox 2152 915 2205 967; x_wconf 91' lang='lat' dir='ltr'><strong>in</strong></span> 
     </span>
    </p>
   </div>
   <div class='ocr_carea' id='block_1_8' title="bbox 609 1004 2202 1078">
    <p class='ocr_par' dir='ltr' id='par_1_8' title="bbox 609 1004 2202 1078">
     <span class='ocr_line' id='line_1_8' title="bbox 609 1004 2202 1078; baseline 0 -18"><span class='ocrx_word' id='word_1_46' title='bbox 609 1015 912 1078; x_wconf 83' lang='lat' dir='ltr'><strong>temporum</strong></span> <span class='ocrx_word' id='word_1_47' title='bbox 958 1009 1164 1062; x_wconf 88' lang='lat' dir='ltr'><strong>ratione</strong></span> <span class='ocrx_word' id='word_1_48' title='bbox 1213 1008 1668 1076; x_wconf 85' lang='lat' dir='ltr'><strong>perturbationem</strong></span> <span class='ocrx_word' id='word_1_49' title='bbox 1718 1006 2022 1064; x_wconf 82' lang='lat' dir='ltr'><strong>atl‘eremus.</strong></span> <span class='ocrx_word' id='word_1_50' title='bbox 2066 1004 2202 1071; x_wconf 85' lang='lat' dir='ltr'><strong>Quid</strong></span> 
     </span>
    </p>
   </div>
   <div class='ocr_carea' id='block_1_9' title="bbox 607 1097 2202 1170">
    <p class='ocr_par' dir='ltr' id='par_1_9' title="bbox 607 1097 2202 1170">
     <span class='ocr_line' id='line_1_9' title="bbox 607 1097 2202 1170; baseline 0 -18"><span class='ocrx_word' id='word_1_51' title='bbox 607 1100 840 1168; x_wconf 75' lang='lat' dir='ltr'><strong>exempli</strong></span> <span class='ocrx_word' id='word_1_52' title='bbox 870 1115 1031 1154; x_wconf 89' lang='lat' dir='ltr'><strong>causa</strong></span> <span class='ocrx_word' id='word_1_53' title='bbox 1063 1099 1132 1154; x_wconf 91' lang='lat' dir='ltr'><strong>de</strong></span> <span class='ocrx_word' id='word_1_54' title='bbox 1151 1108 1309 1154; x_wconf 65' lang='lat' dir='ltr'><strong>actate</strong></span> <span class='ocrx_word' id='word_1_55' title='bbox 1336 1099 1591 1154; x_wconf 77' lang='lat' dir='ltr'><strong>Anthusze</strong></span> <span class='ocrx_word' id='word_1_56' title='bbox 1617 1097 1988 1170; x_wconf 80' lang='lat' dir='ltr'><strong>Chrysostomi</strong></span> <span class='ocrx_word' id='word_1_57' title='bbox 2017 1098 2202 1152; x_wconf 83' lang='lat' dir='ltr'><strong>matris</strong></span> 
     </span>
    </p>
   </div>
   <div class='ocr_carea' id='block_1_10' title="bbox 607 1189 2202 1258">
    <p class='ocr_par' dir='ltr' id='par_1_10' title="bbox 607 1189 2202 1258">
     <span class='ocr_line' id='line_1_10' title="bbox 607 1189 2202 1258; baseline 0 -16"><span class='ocrx_word' id='word_1_58' title='bbox 607 1189 872 1258; x_wconf 79' lang='lat' dir='ltr'><strong>quispiam</strong></span> <span class='ocrx_word' id='word_1_59' title='bbox 903 1189 1116 1252; x_wconf 80' lang='lat' dir='ltr'><strong>dixerit,</strong></span> <span class='ocrx_word' id='word_1_60' title='bbox 1149 1190 1193 1244; x_wconf 90' lang='lat' dir='ltr'><strong>si</strong></span> <span class='ocrx_word' id='word_1_61' title='bbox 1223 1190 1367 1243; x_wconf 90' lang='lat' dir='ltr'><strong>illam</strong></span> <span class='ocrx_word' id='word_1_62' title='bbox 1405 1190 1456 1244; x_wconf 93' lang='lat' dir='ltr'><strong>in</strong></span> <span class='ocrx_word' id='word_1_63' title='bbox 1497 1190 1648 1244; x_wconf 88' lang='lat' dir='ltr'><strong>libris</strong></span> <span class='ocrx_word' id='word_1_64' title='bbox 1677 1190 1746 1244; x_wconf 92' lang='lat' dir='ltr'><strong>de</strong></span> <span class='ocrx_word' id='word_1_65' title='bbox 1783 1189 2096 1245; x_wconf 88' lang='lat' dir='ltr'><strong>Sacerdotio</strong></span> <span class='ocrx_word' id='word_1_66' title='bbox 2124 1189 2202 1243; x_wconf 91' lang='lat' dir='ltr'><strong>sic</strong></span> 
     </span>
    </p>
   </div>
   <div class='ocr_carea' id='block_1_11' title="bbox 606 1279 2200 1351">
    <p class='ocr_par' dir='ltr' id='par_1_11' title="bbox 606 1279 2200 1351">
     <span class='ocr_line' id='line_1_11' title="bbox 606 1279 2200 1351; baseline 0.001 -17"><span class='ocrx_word' id='word_1_67' title='bbox 606 1279 914 1351; x_wconf 86' lang='lat' dir='ltr'><strong>loquentem</strong></span> <span class='ocrx_word' id='word_1_68' title='bbox 959 1281 1180 1336; x_wconf 89' lang='lat' dir='ltr'><strong>audiat:</strong></span> <span class='ocrx_word' id='word_1_69' title='bbox 1213 1281 1325 1336; x_wconf 87' lang='lat' dir='ltr'><strong>Nos</strong></span> <span class='ocrx_word' id='word_1_70' title='bbox 1363 1298 1478 1338; x_wconf 84' lang='lat' dir='ltr'><strong>vero</strong></span> <span class='ocrx_word' id='word_1_71' title='bbox 1516 1299 1659 1338; x_wconf 87' lang='lat' dir='ltr'><strong>senes</strong></span> <span class='ocrx_word' id='word_1_72' title='bbox 1696 1283 1825 1337; x_wconf 92' lang='lat' dir='ltr'><strong>nihil</strong></span> <span class='ocrx_word' id='word_1_73' title='bbox 1869 1283 2009 1336; x_wconf 83' lang='lat' dir='ltr'><strong>aliud</strong></span> <span class='ocrx_word' id='word_1_74' title='bbox 2047 1298 2200 1351; x_wconf 88' lang='lat' dir='ltr'><strong>quam</strong></span> 
     </span>
    </p>
   </div>
   <div class='ocr_carea' id='block_1_12' title="bbox 607 1375 2197 1446">
    <p class='ocr_par' dir='ltr' id='par_1_12' title="bbox 607 1375 2197 1446">
     <span class='ocr_line' id='line_1_12' title="bbox 607 1375 2197 1446; baseline 0.001 -19"><span class='ocrx_word' id='word_1_75' title='bbox 607 1384 819 1429; x_wconf 83' lang='lat' dir='ltr'><strong>mortem</strong></span> <span class='ocrx_word' id='word_1_76' title='bbox 839 1385 1204 1443; x_wconf 72' lang='lat' dir='ltr'><strong>exspectamus.</strong></span> <span class='ocrx_word' id='word_1_77' title='bbox 1225 1378 1415 1430; x_wconf 83' lang='lat' dir='ltr'>Annon</span> <span class='ocrx_word' id='word_1_78' title='bbox 1436 1376 1578 1429; x_wconf 89' lang='lat' dir='ltr'><strong>illam</strong></span> <span class='ocrx_word' id='word_1_79' title='bbox 1602 1375 1712 1431; x_wconf 80' lang='lat' dir='ltr'><strong>fere</strong></span> <span class='ocrx_word' id='word_1_80' title='bbox 1738 1377 2197 1446; x_wconf 86' lang='lat' dir='ltr'><strong>scptuagcnariam</strong></span> 
     </span>
    </p>
   </div>
   <div class='ocr_carea' id='block_1_13' title="bbox 606 1465 2197 1535">
    <p class='ocr_par' dir='ltr' id='par_1_13' title="bbox 606 1465 2197 1535">
     <span class='ocr_line' id='line_1_13' title="bbox 606 1465 2197 1535; baseline 0.001 -17"><span class='ocrx_word' id='word_1_81' title='bbox 606 1465 1062 1533; x_wconf 82' lang='lat' dir='ltr'><strong>pronuntiaverit?</strong></span> <span class='ocrx_word' id='word_1_82' title='bbox 1093 1467 1253 1535; x_wconf 86' lang='lat' dir='ltr'><strong>Atqui</strong></span> <span class='ocrx_word' id='word_1_83' title='bbox 1300 1466 1412 1529; x_wconf 89' lang='lat' dir='ltr'><strong>illa,</strong></span> <span class='ocrx_word' id='word_1_84' title='bbox 1446 1475 1506 1520; x_wconf 93' lang='lat' dir='ltr'><strong>ut</strong></span> <span class='ocrx_word' id='word_1_85' title='bbox 1533 1477 1740 1521; x_wconf 89' lang='lat' dir='ltr'><strong>certum</strong></span> <span class='ocrx_word' id='word_1_86' title='bbox 1767 1475 1879 1530; x_wconf 90' lang='lat' dir='ltr'><strong>est,</strong></span> <span class='ocrx_word' id='word_1_87' title='bbox 1909 1479 1963 1521; x_wconf 90' lang='lat' dir='ltr'><strong>et</strong></span> <span class='ocrx_word' id='word_1_88' title='bbox 2004 1466 2197 1520; x_wconf 78' lang='lat' dir='ltr'><strong>fatetur</strong></span> 
     </span>
    </p>
   </div>
   <div class='ocr_carea' id='block_1_14' title="bbox 602 1555 2192 1626">
    <p class='ocr_par' dir='ltr' id='par_1_14' title="bbox 602 1555 2192 1626">
     <span class='ocr_line' id='line_1_14' title="bbox 602 1555 2192 1626; baseline 0.001 -17"><span class='ocrx_word' id='word_1_89' title='bbox 602 1556 718 1624; x_wconf 89' lang='lat' dir='ltr'><strong>ipse</strong></span> <span class='ocrx_word' id='word_1_90' title='bbox 742 1555 1139 1620; x_wconf 87' lang='lat' dir='ltr'><strong>Tillemontius,</strong></span> <span class='ocrx_word' id='word_1_91' title='bbox 1170 1556 1405 1610; x_wconf 91' lang='lat' dir='ltr'><strong>nondum</strong></span> <span class='ocrx_word' id='word_1_92' title='bbox 1424 1556 1889 1626; x_wconf 80' lang='lat' dir='ltr'><strong>quadragesimum</strong></span> <span class='ocrx_word' id='word_1_93' title='bbox 1907 1557 2192 1626; x_wconf 88' lang='lat' dir='ltr'><strong>septimum</strong></span> 
     </span>
    </p>
   </div>
   <div class='ocr_carea' id='block_1_15' title="bbox 599 1645 2194 1714">
    <p class='ocr_par' dir='ltr' id='par_1_15' title="bbox 599 1645 2194 1714">
     <span class='ocr_line' id='line_1_15' title="bbox 599 1645 2194 1714; baseline 0.001 -16"><span class='ocrx_word' id='word_1_94' title='bbox 599 1645 771 1698; x_wconf 60' lang='lat' dir='ltr'><strong>celatis</strong></span> <span class='ocrx_word' id='word_1_95' title='bbox 782 1660 981 1698; x_wconf 89' lang='lat' dir='ltr'><strong>annum</strong></span> <span class='ocrx_word' id='word_1_96' title='bbox 998 1659 1214 1699; x_wconf 87' lang='lat' dir='ltr'><strong>emensa</strong></span> <span class='ocrx_word' id='word_1_97' title='bbox 1230 1654 1482 1698; x_wconf 88' lang='lat' dir='ltr'><strong>eratcum</strong></span> <span class='ocrx_word' id='word_1_98' title='bbox 1501 1645 1612 1698; x_wconf 45' lang='lat' dir='ltr'><strong>bare</strong></span> <span class='ocrx_word' id='word_1_99' title='bbox 1629 1645 1832 1700; x_wconf 84' lang='lat' dir='ltr'><strong>diceret</strong></span> <span class='ocrx_word' id='word_1_100' title='bbox 1851 1663 1864 1699; x_wconf 89' lang='lat'><strong>:</strong></span> <span class='ocrx_word' id='word_1_101' title='bbox 1882 1661 2047 1714; x_wconf 89' lang='lat' dir='ltr'><strong>usque</strong></span> <span class='ocrx_word' id='word_1_102' title='bbox 2061 1646 2194 1701; x_wconf 90' lang='lat' dir='ltr'><strong>adeo</strong></span> 
     </span>
    </p>
   </div>
   <div class='ocr_carea' id='block_1_16' title="bbox 600 1735 2193 1804">
    <p class='ocr_par' dir='ltr' id='par_1_16' title="bbox 600 1735 2193 1804">
     <span class='ocr_line' id='line_1_16' title="bbox 600 1735 2193 1804; baseline 0.006 -20"><span class='ocrx_word' id='word_1_103' title='bbox 600 1749 785 1789; x_wconf 84' lang='lat' dir='ltr'><strong>verum</strong></span> <span class='ocrx_word' id='word_1_104' title='bbox 820 1745 900 1788; x_wconf 89' lang='lat' dir='ltr'><strong>est</strong></span> <span class='ocrx_word' id='word_1_105' title='bbox 928 1749 1036 1789; x_wconf 92' lang='lat' dir='ltr'><strong>non</strong></span> <span class='ocrx_word' id='word_1_106' title='bbox 1067 1749 1224 1803; x_wconf 83' lang='lat' dir='ltr'><strong>posse</strong></span> <span class='ocrx_word' id='word_1_107' title='bbox 1251 1751 1319 1790; x_wconf 80' lang='lat' dir='ltr'><strong>es</strong></span> <span class='ocrx_word' id='word_1_108' title='bbox 1348 1735 1612 1804; x_wconf 88' lang='lat' dir='ltr'><strong>ejusmodi</strong></span> <span class='ocrx_word' id='word_1_109' title='bbox 1639 1737 1794 1791; x_wconf 90' lang='lat' dir='ltr'><strong>dictis</strong></span> <span class='ocrx_word' id='word_1_110' title='bbox 1825 1747 2193 1798; x_wconf 84' lang='lat' dir='ltr'><strong>certam.tem-</strong></span> 
     </span>
    </p>
   </div>
   <div class='ocr_carea' id='block_1_17' title="bbox 596 1825 2191 1900">
    <p class='ocr_par' dir='ltr' id='par_1_17' title="bbox 596 1825 2191 1900">
     <span class='ocr_line' id='line_1_17' title="bbox 596 1825 2191 1900; baseline 0.001 -21"><span class='ocrx_word' id='word_1_111' title='bbox 596 1825 743 1894; x_wconf 88' lang='lat' dir='ltr'><strong>poris</strong></span> <span class='ocrx_word' id='word_1_112' title='bbox 767 1835 947 1880; x_wconf 91' lang='lat' dir='ltr'><strong>notam</strong></span> <span class='ocrx_word' id='word_1_113' title='bbox 967 1825 1179 1882; x_wconf 89' lang='lat' dir='ltr'><strong>deduci.</strong></span> <span class='ocrx_word' id='word_1_114' title='bbox 1198 1827 1382 1897; x_wconf 86' lang='lat' dir='ltr'><strong>Neque</strong></span> <span class='ocrx_word' id='word_1_115' title='bbox 1408 1843 1506 1883; x_wconf 93' lang='lat' dir='ltr'><strong>nos</strong></span> <span class='ocrx_word' id='word_1_116' title='bbox 1523 1839 1733 1884; x_wconf 80' lang='lat' dir='ltr'><strong>moveat</strong></span> <span class='ocrx_word' id='word_1_117' title='bbox 1760 1844 1884 1894; x_wconf 71' lang='lat' dir='ltr'><strong>vos,</strong></span> <span class='ocrx_word' id='word_1_118' title='bbox 1905 1840 2016 1900; x_wconf 75' lang='grc' dir='ltr'><strong>πρὸς</strong></span> <span class='ocrx_word' id='word_1_119' title='bbox 2046 1836 2191 1898; x_wconf 73' lang='grc' dir='ltr'><strong>ἔσχα-</strong></span> 
     </span>
    </p>
   </div>
   <div class='ocr_carea' id='block_1_18' title="bbox 595 1918 2191 1990">
    <p class='ocr_par' dir='ltr' id='par_1_18' title="bbox 595 1918 2191 1990">
     <span class='ocr_line' id='line_1_18' title="bbox 595 1918 2191 1990; baseline 0.003 -20"><span class='ocrx_word' id='word_1_120' title='bbox 595 1939 676 1970; x_wconf 78' lang='grc' dir='ltr'><strong><em>τον</em></strong></span> <span class='ocrx_word' id='word_1_121' title='bbox 691 1932 857 1986; x_wconf 74' lang='grc' dir='ltr'><strong>γῆρας,</strong></span> <span class='ocrx_word' id='word_1_122' title='bbox 881 1918 950 1971; x_wconf 84' lang='lat' dir='ltr'><strong>ad</strong></span> <span class='ocrx_word' id='word_1_123' title='bbox 971 1927 1245 1972; x_wconf 74' lang='lat' dir='ltr'><strong>extremam</strong></span> <span class='ocrx_word' id='word_1_124' title='bbox 1271 1929 1572 1973; x_wconf 76' lang='lat' dir='ltr'><strong>senectutem</strong></span> <span class='ocrx_word' id='word_1_125' title='bbox 1599 1936 1618 1973; x_wconf 90' lang='lat'><strong><em>:</em></strong></span> <span class='ocrx_word' id='word_1_126' title='bbox 1640 1921 1783 1975; x_wconf 89' lang='lat' dir='ltr'><strong>illam</strong></span> <span class='ocrx_word' id='word_1_127' title='bbox 1809 1921 2006 1990; x_wconf 86' lang='lat' dir='ltr'><strong>quippe</strong></span> <span class='ocrx_word' id='word_1_128' title='bbox 2036 1936 2191 1975; x_wconf 82' lang='lat' dir='ltr'><strong>usur-</strong></span> 
     </span>
    </p>
   </div>
   <div class='ocr_carea' id='block_1_19' title="bbox 597 2008 2190 2081">
    <p class='ocr_par' dir='ltr' id='par_1_19' title="bbox 597 2008 2190 2081">
     <span class='ocr_line' id='line_1_19' title="bbox 597 2008 2190 2081; baseline 0.005 -21"><span class='ocrx_word' id='word_1_129' title='bbox 597 2024 726 2076; x_wconf 88' lang='lat' dir='ltr'><strong>pare</strong></span> <span class='ocrx_word' id='word_1_130' title='bbox 771 2009 911 2064; x_wconf 83' lang='lat' dir='ltr'><strong>solet</strong></span> <span class='ocrx_word' id='word_1_131' title='bbox 955 2008 1392 2081; x_wconf 82' lang='lat' dir='ltr'><strong>Chrysostomus,</strong></span> <span class='ocrx_word' id='word_1_132' title='bbox 1435 2027 1538 2066; x_wconf 90' lang='lat' dir='ltr'><strong>non</strong></span> <span class='ocrx_word' id='word_1_133' title='bbox 1587 2027 1682 2080; x_wconf 88' lang='lat' dir='ltr'><strong>pro</strong></span> <span class='ocrx_word' id='word_1_134' title='bbox 1722 2012 1993 2081; x_wconf 87' lang='lat' dir='ltr'><strong>decrepita</strong></span> <span class='ocrx_word' id='word_1_135' title='bbox 2035 2028 2190 2068; x_wconf 90' lang='lat' dir='ltr'><strong>sene-</strong></span> 
     </span>
    </p>
   </div>
   <div class='ocr_carea' id='block_1_20' title="bbox 592 2102 2188 2172">
    <p class='ocr_par' dir='ltr' id='par_1_20' title="bbox 592 2102 2188 2172">
     <span class='ocr_line' id='line_1_20' title="bbox 592 2102 2188 2172; baseline 0.004 -18"><span class='ocrx_word' id='word_1_136' title='bbox 592 2108 761 2168; x_wconf 90' lang='lat' dir='ltr'><strong>ctute,</strong></span> <span class='ocrx_word' id='word_1_137' title='bbox 788 2116 909 2157; x_wconf 91' lang='lat' dir='ltr'><strong>cum</strong></span> <span class='ocrx_word' id='word_1_138' title='bbox 945 2102 1064 2171; x_wconf 88' lang='lat' dir='ltr'><strong>quis</strong></span> <span class='ocrx_word' id='word_1_139' title='bbox 1090 2102 1240 2157; x_wconf 86' lang='lat' dir='ltr'><strong>verbi</strong></span> <span class='ocrx_word' id='word_1_140' title='bbox 1268 2102 1434 2172; x_wconf 85' lang='lat' dir='ltr'><strong>gratia</strong></span> <span class='ocrx_word' id='word_1_141' title='bbox 1463 2102 1536 2158; x_wconf 87' lang='lat' dir='ltr'><strong>ita</strong></span> <span class='ocrx_word' id='word_1_142' title='bbox 1561 2118 1826 2158; x_wconf 91' lang='lat' dir='ltr'><strong>annorum</strong></span> <span class='ocrx_word' id='word_1_143' title='bbox 1851 2106 1991 2159; x_wconf 84' lang='lat' dir='ltr'><strong>mule</strong></span> <span class='ocrx_word' id='word_1_144' title='bbox 2021 2105 2188 2160; x_wconf 78' lang='lat' dir='ltr'><strong>obru-</strong></span> 
     </span>
    </p>
   </div>
   <div class='ocr_carea' id='block_1_21' title="bbox 594 2193 2185 2264">
    <p class='ocr_par' dir='ltr' id='par_1_21' title="bbox 594 2193 2185 2264">
     <span class='ocr_line' id='line_1_21' title="bbox 594 2193 2185 2264; baseline 0.004 -18"><span class='ocrx_word' id='word_1_145' title='bbox 594 2201 680 2246; x_wconf 88' lang='lat' dir='ltr'><strong>tus</strong></span> <span class='ocrx_word' id='word_1_146' title='bbox 706 2201 808 2255; x_wconf 87' lang='lat' dir='ltr'><strong>est.</strong></span> <span class='ocrx_word' id='word_1_147' title='bbox 842 2201 900 2248; x_wconf 91' lang='lat' dir='ltr'><strong>ut</strong></span> <span class='ocrx_word' id='word_1_148' title='bbox 923 2193 1034 2262; x_wconf 89' lang='lat' dir='ltr'><strong>jam</strong></span> <span class='ocrx_word' id='word_1_149' title='bbox 1062 2209 1316 2248; x_wconf 90' lang='lat' dir='ltr'><strong>sensuum</strong></span> <span class='ocrx_word' id='word_1_150' title='bbox 1346 2209 1446 2249; x_wconf 93' lang='lat' dir='ltr'><strong>usu</strong></span> <span class='ocrx_word' id='word_1_151' title='bbox 1473 2210 1610 2264; x_wconf 89' lang='lat' dir='ltr'><strong>pene</strong></span> <span class='ocrx_word' id='word_1_152' title='bbox 1635 2196 1943 2263; x_wconf 84' lang='lat' dir='ltr'><strong>destitutus,</strong></span> <span class='ocrx_word' id='word_1_153' title='bbox 1976 2212 2097 2251; x_wconf 82' lang='lat' dir='ltr'><strong>mox</strong></span> <span class='ocrx_word' id='word_1_154' title='bbox 2130 2198 2185 2252; x_wconf 92' lang='lat' dir='ltr'><strong>in</strong></span> 
     </span>
    </p>
   </div>
   <div class='ocr_carea' id='block_1_22' title="bbox 589 2283 2187 2357">
    <p class='ocr_par' dir='ltr' id='par_1_22' title="bbox 589 2283 2187 2357">
     <span class='ocr_line' id='line_1_22' title="bbox 589 2283 2187 2357; baseline 0.004 -19"><span class='ocrx_word' id='word_1_155' title='bbox 589 2283 890 2352; x_wconf 86' lang='lat' dir='ltr'><strong>sepulcrum</strong></span> <span class='ocrx_word' id='word_1_156' title='bbox 936 2284 1007 2338; x_wconf 85' lang='lat' dir='ltr'><strong>sit</strong></span> <span class='ocrx_word' id='word_1_157' title='bbox 1051 2284 1380 2350; x_wconf 80' lang='lat' dir='ltr'><strong>infcrcndus,</strong></span> <span class='ocrx_word' id='word_1_158' title='bbox 1424 2297 1480 2340; x_wconf 92' lang='lat' dir='ltr'><strong>ut</strong></span> <span class='ocrx_word' id='word_1_159' title='bbox 1523 2295 1648 2341; x_wconf 85' lang='lat' dir='ltr'><strong>sunt</strong></span> <span class='ocrx_word' id='word_1_160' title='bbox 1691 2290 2034 2357; x_wconf 84' lang='lat' dir='ltr'><strong>octogenario</strong></span> <span class='ocrx_word' id='word_1_161' title='bbox 2073 2304 2187 2344; x_wconf 81' lang='lat' dir='ltr'><strong>ma-</strong></span> 
     </span>
    </p>
   </div>
   <div class='ocr_carea' id='block_1_23' title="bbox 587 2375 2182 2452">
    <p class='ocr_par' dir='ltr' id='par_1_23' title="bbox 587 2375 2182 2452">
     <span class='ocr_line' id='line_1_23' title="bbox 587 2375 2182 2452; baseline 0.006 -27"><span class='ocrx_word' id='word_1_162' title='bbox 587 2375 732 2443; x_wconf 79' lang='lat' dir='ltr'><strong>jores</strong></span> <span class='ocrx_word' id='word_1_163' title='bbox 760 2382 815 2429; x_wconf 90' lang='lat' dir='ltr'><strong>et</strong></span> <span class='ocrx_word' id='word_1_164' title='bbox 841 2377 1217 2446; x_wconf 84' lang='lat' dir='ltr'><strong>nonagenarii;</strong></span> <span class='ocrx_word' id='word_1_165' title='bbox 1251 2376 1344 2431; x_wconf 88' lang='lat' dir='ltr'><strong>sed</strong></span> <span class='ocrx_word' id='word_1_166' title='bbox 1370 2391 1467 2446; x_wconf 91' lang='lat' dir='ltr'><strong>pro</strong></span> <span class='ocrx_word' id='word_1_167' title='bbox 1493 2379 1621 2434; x_wconf 85' lang='lat' dir='ltr'><strong>viris</strong></span> <span class='ocrx_word' id='word_1_168' title='bbox 1647 2379 1734 2449; x_wconf 91' lang='lat' dir='ltr'><strong>qui</strong></span> <span class='ocrx_word' id='word_1_169' title='bbox 1765 2380 1940 2434; x_wconf 84' lang='lat' dir='ltr'><strong>adhuc</strong></span> <span class='ocrx_word' id='word_1_170' title='bbox 1969 2382 2182 2452; x_wconf 86' lang='lat' dir='ltr'><strong>negotia</strong></span> 
     </span>
    </p>
   </div>
   <div class='ocr_carea' id='block_1_24' title="bbox 589 2463 2177 2540">
    <p class='ocr_par' dir='ltr' id='par_1_24' title="bbox 589 2463 2177 2540">
     <span class='ocr_line' id='line_1_24' title="bbox 589 2463 2177 2540; baseline 0.008 -26"><span class='ocrx_word' id='word_1_171' title='bbox 589 2463 985 2527; x_wconf 87' lang='lat' dir='ltr'><strong>administrare.</strong></span> <span class='ocrx_word' id='word_1_172' title='bbox 1037 2475 1091 2519; x_wconf 91' lang='lat' dir='ltr'><strong>ct</strong></span> <span class='ocrx_word' id='word_1_173' title='bbox 1139 2481 1330 2536; x_wconf 85' lang='lat' dir='ltr'><strong>magna</strong></span> <span class='ocrx_word' id='word_1_174' title='bbox 1377 2477 1601 2537; x_wconf 87' lang='lat' dir='ltr'><strong>possunt</strong></span> <span class='ocrx_word' id='word_1_175' title='bbox 1640 2470 1817 2524; x_wconf 82' lang='lat' dir='ltr'><strong>omcia</strong></span> <span class='ocrx_word' id='word_1_176' title='bbox 1875 2486 2177 2540; x_wconf 79' lang='lat' dir='ltr'><strong>capessere.</strong></span> 
     </span>
    </p>
   </div>
   <div class='ocr_carea' id='block_1_25' title="bbox 586 2556 2178 2634">
    <p class='ocr_par' dir='ltr' id='par_1_25' title="bbox 586 2556 2178 2634">
     <span class='ocr_line' id='line_1_25' title="bbox 586 2556 2178 2634; baseline 0.004 -23"><span class='ocrx_word' id='word_1_177' title='bbox 586 2556 676 2611; x_wconf 83' lang='lat' dir='ltr'><strong>Sic</strong></span> <span class='ocrx_word' id='word_1_178' title='bbox 707 2556 775 2610; x_wconf 88' lang='lat' dir='ltr'><strong>de</strong></span> <span class='ocrx_word' id='word_1_179' title='bbox 812 2556 1127 2612; x_wconf 85' lang='lat' dir='ltr'><strong>Sacerdotio</strong></span> <span class='ocrx_word' id='word_1_180' title='bbox 1156 2558 1249 2612; x_wconf 88' lang='lat' dir='ltr'><strong>lib.</strong></span> <span class='ocrx_word' id='word_1_181' title='bbox 1294 2560 1349 2623; x_wconf 82' lang='lat'><strong>&#39;5,</strong></span> <span class='ocrx_word' id='word_1_182' title='bbox 1380 2574 1430 2628; x_wconf 95' lang='lat' dir='ltr'><strong>p.</strong></span> <span class='ocrx_word' id='word_1_183' title='bbox 1475 2560 1601 2626; x_wconf 80' lang='lat'><strong>595,</strong></span> <span class='ocrx_word' id='word_1_184' title='bbox 1644 2562 1734 2616; x_wconf 87' lang='lat' dir='ltr'><strong>ubi</strong></span> <span class='ocrx_word' id='word_1_185' title='bbox 1779 2563 1910 2616; x_wconf 88' lang='lat' dir='ltr'><strong>dicit</strong></span> <span class='ocrx_word' id='word_1_186' title='bbox 1946 2579 2060 2628; x_wconf 51' lang='lat' dir='ltr'><strong>eoi,</strong></span> <span class='ocrx_word' id='word_1_187' title='bbox 2088 2563 2178 2634; x_wconf 91' lang='lat' dir='ltr'><strong>qui</strong></span> 
     </span>
    </p>
   </div>
   <div class='ocr_carea' id='block_1_26' title="bbox 583 2647 2175 2725">
    <p class='ocr_par' dir='ltr' id='par_1_26' title="bbox 583 2647 2175 2725">
     <span class='ocr_line' id='line_1_26' title="bbox 583 2647 2175 2725; baseline 0.004 -24"><span class='ocrx_word' id='word_1_188' title='bbox 583 2661 704 2701; x_wconf 91' lang='lat' dir='ltr'><strong>cum</strong></span> <span class='ocrx_word' id='word_1_189' title='bbox 738 2647 895 2703; x_wconf 83' lang='lat' dir='ltr'><strong>laude</strong></span> <span class='ocrx_word' id='word_1_190' title='bbox 932 2649 984 2702; x_wconf 92' lang='lat' dir='ltr'><strong>in</strong></span> <span class='ocrx_word' id='word_1_191' title='bbox 1027 2649 1338 2704; x_wconf 83' lang='lat' dir='ltr'><strong>ministeriis</strong></span> <span class='ocrx_word' id='word_1_192' title='bbox 1378 2651 1675 2707; x_wconf 87' lang='lat' dir='ltr'><strong>minoribus</strong></span> <span class='ocrx_word' id='word_1_193' title='bbox 1718 2655 1880 2708; x_wconf 87' lang='lat' dir='ltr'><strong>vitam</strong></span> <span class='ocrx_word' id='word_1_194' title='bbox 1929 2665 2175 2725; x_wconf 82' lang='lat' dir='ltr'><strong>egerunt,</strong></span> 
     </span>
    </p>
   </div>
   <div class='ocr_carea' id='block_1_27' title="bbox 583 2737 2177 2816">
    <p class='ocr_par' dir='ltr' id='par_1_27' title="bbox 583 2737 2177 2816">
     <span class='ocr_line' id='line_1_27' title="bbox 583 2737 2177 2816; baseline 0.007 -25"><span class='ocrx_word' id='word_1_195' title='bbox 583 2737 675 2792; x_wconf 87' lang='lat' dir='ltr'><strong>ubi</strong></span> <span class='ocrx_word' id='word_1_196' title='bbox 711 2737 777 2792; x_wconf 89' lang='lat' dir='ltr'><strong>ad</strong></span> <span class='ocrx_word' id='word_1_197' title='bbox 816 2748 1149 2794; x_wconf 88' lang='lat' dir='ltr'><strong>senectutem</strong></span> <span class='ocrx_word' id='word_1_198' title='bbox 1179 2740 1466 2807; x_wconf 83' lang='lat' dir='ltr'><strong>devenere,</strong></span> <span class='ocrx_word' id='word_1_199' title='bbox 1499 2757 1606 2797; x_wconf 92' lang='lat' dir='ltr'><strong>non</strong></span> <span class='ocrx_word' id='word_1_200' title='bbox 1653 2757 1772 2799; x_wconf 73' lang='lat' dir='ltr'><strong>eSSe</strong></span> <span class='ocrx_word' id='word_1_201' title='bbox 1821 2760 2038 2815; x_wconf 88' lang='lat' dir='ltr'><strong>semper</strong></span> <span class='ocrx_word' id='word_1_202' title='bbox 2067 2763 2177 2816; x_wconf 77' lang='lat' dir='ltr'><strong>pra:</strong></span> 
     </span>
    </p>
   </div>
   <div class='ocr_carea' id='block_1_28' title="bbox 581 2827 2178 2900">
    <p class='ocr_par' dir='ltr' id='par_1_28' title="bbox 581 2827 2178 2900">
     <span class='ocr_line' id='line_1_28' title="bbox 581 2827 2178 2900; baseline 0.009 -20"><span class='ocrx_word' id='word_1_203' title='bbox 581 2827 1016 2897; x_wconf 85' lang='lat' dir='ltr'><strong>aliisjunioribus</strong></span> <span class='ocrx_word' id='word_1_204' title='bbox 1038 2830 1088 2883; x_wconf 94' lang='lat' dir='ltr'><strong>in</strong></span> <span class='ocrx_word' id='word_1_205' title='bbox 1107 2830 1473 2899; x_wconf 86' lang='lat' dir='ltr'><strong>episcopatum</strong></span> <span class='ocrx_word' id='word_1_206' title='bbox 1495 2832 1823 2900; x_wconf 83' lang='lat' dir='ltr'><strong>evehendus,</strong></span> <span class='ocrx_word' id='word_1_207' title='bbox 1845 2837 1944 2890; x_wconf 90' lang='lat' dir='ltr'><strong>nisi</strong></span> <span class='ocrx_word' id='word_1_208' title='bbox 1961 2837 2178 2894; x_wconf 85' lang='lat' dir='ltr'><strong>aliunde</strong></span> 
     </span>
    </p>
   </div>
   <div class='ocr_carea' id='block_1_29' title="bbox 583 2916 2178 2983">
    <p class='ocr_par' dir='ltr' id='par_1_29' title="bbox 583 2916 2178 2983">
     <span class='ocr_line' id='line_1_29' title="bbox 583 2916 2178 2983; baseline 0.008 -13"><span class='ocrx_word' id='word_1_209' title='bbox 583 2916 763 2972; x_wconf 88' lang='lat' dir='ltr'><strong>idonei</strong></span> <span class='ocrx_word' id='word_1_210' title='bbox 793 2918 1019 2983; x_wconf 77' lang='lat' dir='ltr'><strong>fuerint;</strong></span> <span class='ocrx_word' id='word_1_211' title='bbox 1051 2918 1123 2973; x_wconf 84' lang='lat' dir='ltr'><strong>ibi</strong></span> <span class='ocrx_word' id='word_1_212' title='bbox 1152 2920 1319 2974; x_wconf 86' lang='lat' dir='ltr'><strong>utitur</strong></span> <span class='ocrx_word' id='word_1_213' title='bbox 1341 2921 1528 2977; x_wconf 89' lang='lat' dir='ltr'><strong>eadem</strong></span> <span class='ocrx_word' id='word_1_214' title='bbox 1567 2939 1698 2979; x_wconf 90' lang='lat' dir='ltr'><strong>voce</strong></span> <span class='ocrx_word' id='word_1_215' title='bbox 1722 2925 1776 2978; x_wconf 88' lang='lat' dir='ltr'><strong>in</strong></span> <span class='ocrx_word' id='word_1_216' title='bbox 1801 2935 2075 2981; x_wconf 71' lang='lat' dir='ltr'><strong>extremam</strong></span> <span class='ocrx_word' id='word_1_217' title='bbox 2098 2945 2178 2983; x_wconf 82' lang='lat' dir='ltr'><strong>se-</strong></span> 
     </span>
    </p>
   </div>
   <div class='ocr_carea' id='block_1_30' title="bbox 581 3010 2176 3089">
    <p class='ocr_par' dir='ltr' id='par_1_30' title="bbox 581 3010 2176 3089">
     <span class='ocr_line' id='line_1_30' title="bbox 581 3010 2176 3089; baseline 0.008 -29"><span class='ocrx_word' id='word_1_218' title='bbox 581 3016 828 3061; x_wconf 81' lang='lat' dir='ltr'><strong>nectutem</strong></span> <span class='ocrx_word' id='word_1_219' title='bbox 872 3010 1128 3078; x_wconf 76' lang='lat' dir='ltr'><strong>pervenit;</strong></span> <span class='ocrx_word' id='word_1_220' title='bbox 1173 3018 1229 3065; x_wconf 85' lang='lat' dir='ltr'><strong>et</strong></span> <span class='ocrx_word' id='word_1_221' title='bbox 1271 3010 1409 3067; x_wconf 75' lang='lat' dir='ltr'><strong>infra</strong></span> <span class='ocrx_word' id='word_1_222' title='bbox 1442 3012 1509 3067; x_wconf 88' lang='lat' dir='ltr'><strong>de</strong></span> <span class='ocrx_word' id='word_1_223' title='bbox 1553 3013 1742 3070; x_wconf 84' lang='lat' dir='ltr'><strong>iisdem</strong></span> <span class='ocrx_word' id='word_1_224' title='bbox 1789 3016 1842 3071; x_wconf 83' lang='lat' dir='ltr'><strong>in</strong></span> <span class='ocrx_word' id='word_1_225' title='bbox 1891 3029 2176 3089; x_wconf 80' lang='lat' dir='ltr'><strong>provectam</strong></span> 
     </span>
    </p>
   </div>
   <div class='ocr_carea' id='block_1_31' title="bbox 579 3098 2176 3176">
    <p class='ocr_par' dir='ltr' id='par_1_31' title="bbox 579 3098 2176 3176">
     <span class='ocr_line' id='line_1_31' title="bbox 579 3098 2176 3176; baseline 0.01 -26"><span class='ocrx_word' id='word_1_226' title='bbox 579 3105 900 3152; x_wconf 79' lang='lat' dir='ltr'><strong>senectutem.</strong></span> <span class='ocrx_word' id='word_1_227' title='bbox 927 3098 1130 3166; x_wconf 84' lang='lat' dir='ltr'><strong>Quibus</strong></span> <span class='ocrx_word' id='word_1_228' title='bbox 1173 3116 1306 3157; x_wconf 88' lang='lat' dir='ltr'><strong>sane</strong></span> <span class='ocrx_word' id='word_1_229' title='bbox 1346 3110 1402 3156; x_wconf 93' lang='lat' dir='ltr'><strong>et</strong></span> <span class='ocrx_word' id='word_1_230' title='bbox 1439 3107 1904 3176; x_wconf 77' lang='lat' dir='ltr'><strong>septuagenarios,</strong></span> <span class='ocrx_word' id='word_1_231' title='bbox 1936 3117 1992 3164; x_wconf 91' lang='lat' dir='ltr'><strong>ct</strong></span> <span class='ocrx_word' id='word_1_232' title='bbox 2037 3108 2176 3168; x_wconf 83' lang='lat' dir='ltr'><strong>forte</strong></span> 
     </span>
    </p>
   </div>
   <div class='ocr_carea' id='block_1_32' title="bbox 577 3188 2173 3264">
    <p class='ocr_par' dir='ltr' id='par_1_32' title="bbox 577 3188 2173 3264">
     <span class='ocr_line' id='line_1_32' title="bbox 577 3188 2173 3264; baseline 0.01 -24"><span class='ocrx_word' id='word_1_233' title='bbox 577 3188 1003 3258; x_wconf 86' lang='lat' dir='ltr'><strong>septuagenariis</strong></span> <span class='ocrx_word' id='word_1_234' title='bbox 1033 3189 1272 3246; x_wconf 77' lang='lat' dir='ltr'><strong>minores</strong></span> <span class='ocrx_word' id='word_1_235' title='bbox 1316 3193 1351 3246; x_wconf 84' lang='lat' dir='ltr'><strong>ir</strong></span> <span class='ocrx_word' id='word_1_236' title='bbox 1376 3193 1585 3264; x_wconf 89' lang='lat' dir='ltr'><strong>telligit,</strong></span> <span class='ocrx_word' id='word_1_237' title='bbox 1633 3204 1692 3250; x_wconf 92' lang='lat' dir='ltr'><strong>ut</strong></span> <span class='ocrx_word' id='word_1_238' title='bbox 1732 3213 1892 3253; x_wconf 89' lang='lat' dir='ltr'><strong>nemo</strong></span> <span class='ocrx_word' id='word_1_239' title='bbox 1921 3200 2173 3256; x_wconf 87' lang='lat' dir='ltr'><strong>cordatus</strong></span> 
     </span>
    </p>
   </div>
   <div class='ocr_carea' id='block_1_33' title="bbox 578 3278 2173 3362">
    <p class='ocr_par' dir='ltr' id='par_1_33' title="bbox 578 3278 2173 3362">
     <span class='ocr_line' id='line_1_33' title="bbox 578 3278 2173 3362; baseline 0.009 -30"><span class='ocrx_word' id='word_1_240' title='bbox 578 3293 688 3332; x_wconf 90' lang='lat' dir='ltr'><strong>non</strong></span> <span class='ocrx_word' id='word_1_241' title='bbox 714 3278 931 3347; x_wconf 90' lang='lat' dir='ltr'><strong>videat;</strong></span> <span class='ocrx_word' id='word_1_242' title='bbox 953 3297 1076 3336; x_wconf 89' lang='lat' dir='ltr'><strong>nam</strong></span> <span class='ocrx_word' id='word_1_243' title='bbox 1111 3283 1201 3353; x_wconf 90' lang='lat' dir='ltr'><strong>qui</strong></span> <span class='ocrx_word' id='word_1_244' title='bbox 1232 3285 1454 3340; x_wconf 89' lang='lat' dir='ltr'><strong>omnino</strong></span> <span class='ocrx_word' id='word_1_245' title='bbox 1482 3286 1741 3357; x_wconf 87' lang='lat' dir='ltr'><strong>decrepiti</strong></span> <span class='ocrx_word' id='word_1_246' title='bbox 1779 3299 1926 3356; x_wconf 89' lang='lat' dir='ltr'><strong>sunt,</strong></span> <span class='ocrx_word' id='word_1_247' title='bbox 1961 3307 2026 3346; x_wconf 90' lang='lat' dir='ltr'><strong>eo</strong></span> <span class='ocrx_word' id='word_1_248' title='bbox 2057 3294 2173 3362; x_wconf 90' lang='lat' dir='ltr'><strong>ipso</strong></span> 
     </span>
    </p>
   </div>
   <div class='ocr_carea' id='block_1_34' title="bbox 577 3372 2170 3455">
    <p class='ocr_par' dir='ltr' id='par_1_34' title="bbox 577 3372 2170 3455">
     <span class='ocr_line' id='line_1_34' title="bbox 577 3372 2170 3455; baseline 0.011 -31"><span class='ocrx_word' id='word_1_249' title='bbox 577 3385 685 3425; x_wconf 90' lang='lat' dir='ltr'><strong>non</strong></span> <span class='ocrx_word' id='word_1_250' title='bbox 728 3381 850 3426; x_wconf 91' lang='lat' dir='ltr'><strong>sunt</strong></span> <span class='ocrx_word' id='word_1_251' title='bbox 879 3372 1076 3428; x_wconf 89' lang='lat' dir='ltr'><strong>idonei.</strong></span> <span class='ocrx_word' id='word_1_252' title='bbox 1107 3373 1371 3432; x_wconf 86' lang='lat' dir='ltr'><strong>Similiter</strong></span> <span class='ocrx_word' id='word_1_253' title='bbox 1400 3377 1557 3433; x_wconf 82' lang='lat' dir='ltr'><strong>Hom.</strong></span> <span class='ocrx_word' id='word_1_254' title='bbox 1590 3380 1625 3434; x_wconf 78' lang='grc'><strong>5</strong></span> <span class='ocrx_word' id='word_1_255' title='bbox 1655 3380 1722 3436; x_wconf 88' lang='lat' dir='ltr'><strong>de</strong></span> <span class='ocrx_word' id='word_1_256' title='bbox 1764 3382 1967 3438; x_wconf 88' lang='lat' dir='ltr'><strong>Statuis</strong></span> <span class='ocrx_word' id='word_1_257' title='bbox 1996 3386 2170 3455; x_wconf 89' lang='lat' dir='ltr'><strong>initio,</strong></span> 
     </span>
    </p>
   </div>
   <div class='ocr_carea' id='block_1_35' title="bbox 575 3460 2170 3544">
    <p class='ocr_par' dir='ltr' id='par_1_35' title="bbox 575 3460 2170 3544">
     <span class='ocr_line' id='line_1_35' title="bbox 575 3460 2170 3544; baseline 0.013 -30"><span class='ocrx_word' id='word_1_258' title='bbox 575 3474 698 3515; x_wconf 92' lang='lat' dir='ltr'><strong>cum</strong></span> <span class='ocrx_word' id='word_1_259' title='bbox 739 3460 1026 3518; x_wconf 84' lang='lat' dir='ltr'><strong>Flavianus</strong></span> <span class='ocrx_word' id='word_1_260' title='bbox 1065 3465 1348 3535; x_wconf 86' lang='lat' dir='ltr'><strong>episcopus</strong></span> <span class='ocrx_word' id='word_1_261' title='bbox 1386 3467 1749 3526; x_wconf 83' lang='lat' dir='ltr'><strong>Theodosium</strong></span> <span class='ocrx_word' id='word_1_262' title='bbox 1791 3473 2170 3544; x_wconf 79' lang='lat' dir='ltr'><strong>Imperatorem</strong></span> 
     </span>
    </p>
   </div>
   <div class='ocr_carea' id='block_1_36' title="bbox 576 3551 2172 3633">
    <p class='ocr_par' dir='ltr' id='par_1_36' title="bbox 576 3551 2172 3633">
     <span class='ocr_line' id='line_1_36' title="bbox 576 3551 2172 3633; baseline 0.014 -30"><span class='ocrx_word' id='word_1_263' title='bbox 576 3551 845 3620; x_wconf 88' lang='lat' dir='ltr'><strong>placatum</strong></span> <span class='ocrx_word' id='word_1_264' title='bbox 871 3553 1025 3618; x_wconf 85' lang='lat' dir='ltr'><strong>adiit,</strong></span> <span class='ocrx_word' id='word_1_265' title='bbox 1053 3554 1124 3610; x_wconf 89' lang='lat' dir='ltr'><strong>de</strong></span> <span class='ocrx_word' id='word_1_266' title='bbox 1160 3557 1251 3613; x_wconf 90' lang='lat' dir='ltr'><strong>illo</strong></span> <span class='ocrx_word' id='word_1_267' title='bbox 1273 3558 1346 3612; x_wconf 89' lang='lat' dir='ltr'><strong>ait</strong></span> <span class='ocrx_word' id='word_1_268' title='bbox 1371 3559 1808 3633; x_wconf 86' lang='lat' dir='ltr'><strong>Chrysostomus,</strong></span> <span class='ocrx_word' id='word_1_269' title='bbox 1851 3578 1974 3623; x_wconf 65' lang='lat' dir='ltr'><strong>a&#39;tas</strong></span> <span class='ocrx_word' id='word_1_270' title='bbox 2000 3571 2068 3626; x_wconf 90' lang='lat' dir='ltr'><strong>ad</strong></span> <span class='ocrx_word' id='word_1_271' title='bbox 2092 3571 2172 3625; x_wconf 88' lang='lat' dir='ltr'><strong>ul-</strong></span> 
     </span>
    </p>
   </div>
   <div class='ocr_carea' id='block_1_37' title="bbox 576 3643 2170 3731">
    <p class='ocr_par' dir='ltr' id='par_1_37' title="bbox 576 3643 2170 3731">
     <span class='ocr_line' id='line_1_37' title="bbox 576 3643 2170 3731; baseline 0.014 -36"><span class='ocrx_word' id='word_1_272' title='bbox 576 3643 752 3696; x_wconf 81' lang='lat' dir='ltr'><strong>timam</strong></span> <span class='ocrx_word' id='word_1_273' title='bbox 780 3655 1012 3714; x_wconf 78' lang='lat' dir='ltr'><strong>provecta</strong></span> <span class='ocrx_word' id='word_1_274' title='bbox 1058 3657 1377 3702; x_wconf 77' lang='lat' dir='ltr'><strong>senectutem.</strong></span> <span class='ocrx_word' id='word_1_275' title='bbox 1409 3653 1564 3722; x_wconf 79' lang='lat' dir='ltr'><strong>Atqui</strong></span> <span class='ocrx_word' id='word_1_276' title='bbox 1594 3655 1887 3712; x_wconf 88' lang='lat' dir='ltr'><strong>secundum</strong></span> <span class='ocrx_word' id='word_1_277' title='bbox 1930 3659 2170 3731; x_wconf 85' lang='lat' dir='ltr'><strong>Chryso-</strong></span> 
     </span>
    </p>
   </div>
   <div class='ocr_carea' id='block_1_38' title="bbox 580 3737 2168 3816">
    <p class='ocr_par' dir='ltr' id='par_1_38' title="bbox 580 3737 2168 3816">
     <span class='ocr_line' id='line_1_38' title="bbox 580 3737 2168 3816; baseline 0.014 -26"><span class='ocrx_word' id='word_1_278' title='bbox 580 3745 814 3791; x_wconf 86' lang='lat' dir='ltr'><strong>stomum</strong></span> <span class='ocrx_word' id='word_1_279' title='bbox 847 3737 1020 3807; x_wconf 85' lang='lat' dir='ltr'><strong>ipsum</strong></span> <span class='ocrx_word' id='word_1_280' title='bbox 1053 3739 1238 3810; x_wconf 89' lang='lat' dir='ltr'><strong>elapso</strong></span> <span class='ocrx_word' id='word_1_281' title='bbox 1267 3743 1430 3798; x_wconf 89' lang='lat' dir='ltr'><strong>etiam</strong></span> <span class='ocrx_word' id='word_1_282' title='bbox 1454 3746 1684 3816; x_wconf 87' lang='lat' dir='ltr'><strong>quodam</strong></span> <span class='ocrx_word' id='word_1_283' title='bbox 1713 3751 1782 3804; x_wconf 90' lang='lat' dir='ltr'><strong>ab</strong></span> <span class='ocrx_word' id='word_1_284' title='bbox 1814 3752 1902 3806; x_wconf 87' lang='lat' dir='ltr'><strong>illa</strong></span> <span class='ocrx_word' id='word_1_285' title='bbox 1931 3753 2168 3812; x_wconf 82' lang='lat' dir='ltr'><strong>Flaviani</strong></span> 
     </span>
    </p>
   </div>
   <div class='ocr_carea' id='block_1_39' title="bbox 574 3822 2167 3905">
    <p class='ocr_par' dir='ltr' id='par_1_39' title="bbox 574 3822 2167 3905">
     <span class='ocr_line' id='line_1_39' title="bbox 574 3822 2167 3905; baseline 0.014 -27"><span class='ocrx_word' id='word_1_286' title='bbox 574 3822 839 3894; x_wconf 73' lang='lat' dir='ltr'><strong>legatione</strong></span> <span class='ocrx_word' id='word_1_287' title='bbox 876 3826 944 3882; x_wconf 88' lang='lat' dir='ltr'><strong>ad</strong></span> <span class='ocrx_word' id='word_1_288' title='bbox 989 3828 1350 3886; x_wconf 85' lang='lat' dir='ltr'><strong>Theodosium</strong></span> <span class='ocrx_word' id='word_1_289' title='bbox 1393 3843 1653 3905; x_wconf 86' lang='lat' dir='ltr'><strong>tempore,</strong></span> <span class='ocrx_word' id='word_1_290' title='bbox 1701 3839 1990 3899; x_wconf 86' lang='lat' dir='ltr'><strong>Flavianus</strong></span> <span class='ocrx_word' id='word_1_291' title='bbox 2031 3862 2167 3900; x_wconf 88' lang='lat' dir='ltr'><strong>non-</strong></span> 
     </span>
    </p>
   </div>
   <div class='ocr_carea' id='block_1_40' title="bbox 572 3912 2170 4007">
    <p class='ocr_par' dir='ltr' id='par_1_40' title="bbox 572 3912 2170 4007">
     <span class='ocr_line' id='line_1_40' title="bbox 572 3912 2170 4007; baseline 0.015 -39"><span class='ocrx_word' id='word_1_292' title='bbox 572 3912 701 3968; x_wconf 91' lang='lat' dir='ltr'><strong>dum</strong></span> <span class='ocrx_word' id='word_1_293' title='bbox 732 3929 1048 3984; x_wconf 80' lang='lat' dir='ltr'><strong>pervenerat</strong></span> <span class='ocrx_word' id='word_1_294' title='bbox 1077 3919 1145 3975; x_wconf 87' lang='lat' dir='ltr'><strong>ad</strong></span> <span class='ocrx_word' id='word_1_295' title='bbox 1176 3931 1388 3977; x_wconf 61' lang='lat' dir='ltr'><strong>aetatem</strong></span> <span class='ocrx_word' id='word_1_296' title='bbox 1424 3925 1479 3978; x_wconf 87' lang='lat' dir='ltr'><strong>S.</strong></span> <span class='ocrx_word' id='word_1_297' title='bbox 1517 3926 1662 3982; x_wconf 87' lang='lat' dir='ltr'><strong>Petri</strong></span> <span class='ocrx_word' id='word_1_298' title='bbox 1694 3931 1957 4000; x_wconf 79' lang='lat' dir='ltr'><strong>Apostoli.</strong></span> <span class='ocrx_word' id='word_1_299' title='bbox 1987 3935 2170 4007; x_wconf 80' lang='lat' dir='ltr'><strong>Siqui-</strong></span> 
     </span>
    </p>
   </div>
   <div class='ocr_carea' id='block_1_41' title="bbox 574 4005 2166 4087">
    <p class='ocr_par' dir='ltr' id='par_1_41' title="bbox 574 4005 2166 4087">
     <span class='ocr_line' id='line_1_41' title="bbox 574 4005 2166 4087; baseline 0.016 -27"><span class='ocrx_word' id='word_1_300' title='bbox 574 4005 700 4061; x_wconf 87' lang='lat' dir='ltr'><strong>dem</strong></span> <span class='ocrx_word' id='word_1_301' title='bbox 736 4007 787 4062; x_wconf 91' lang='lat' dir='ltr'><strong>in</strong></span> <span class='ocrx_word' id='word_1_302' title='bbox 831 4008 1026 4064; x_wconf 79' lang='lat' dir='ltr'><strong>Homil.</strong></span> <span class='ocrx_word' id='word_1_303' title='bbox 1054 4011 1089 4066; x_wconf 74' lang='grc' dir='ltr'>ὅ</span> <span class='ocrx_word' id='word_1_304' title='bbox 1123 4012 1174 4066; x_wconf 92' lang='lat' dir='ltr'><strong>in</strong></span> <span class='ocrx_word' id='word_1_305' title='bbox 1203 4012 1528 4087; x_wconf 87' lang='lat' dir='ltr'><strong>Principium</strong></span> <span class='ocrx_word' id='word_1_306' title='bbox 1573 4019 1827 4076; x_wconf 87' lang='lat' dir='ltr'><strong>Actorum</strong></span> <span class='ocrx_word' id='word_1_307' title='bbox 1867 4005 2166 4084; x_wconf 80' lang='lat' dir='ltr'><strong>orationem</strong></span> 
     </span>
    </p>
   </div>
   <div class='ocr_carea' id='block_1_42' title="bbox 569 4095 2169 4176">
    <p class='ocr_par' dir='ltr' id='par_1_42' title="bbox 569 4095 2169 4176">
     <span class='ocr_line' id='line_1_42' title="bbox 569 4095 2169 4176; baseline 0.017 -26"><span class='ocrx_word' id='word_1_308' title='bbox 569 4095 826 4155; x_wconf 87' lang='lat' dir='ltr'><strong>claudens</strong></span> <span class='ocrx_word' id='word_1_309' title='bbox 845 4097 1261 4172; x_wconf 85' lang='lat' dir='ltr'><strong>Chrysostomus</strong></span> <span class='ocrx_word' id='word_1_310' title='bbox 1294 4105 1548 4164; x_wconf 86' lang='lat' dir='ltr'><strong>Flaviano</strong></span> <span class='ocrx_word' id='word_1_311' title='bbox 1577 4127 1744 4168; x_wconf 88' lang='lat' dir='ltr'><strong>annos</strong></span> <span class='ocrx_word' id='word_1_312' title='bbox 1771 4117 1943 4171; x_wconf 70' lang='lat' dir='ltr'><strong>anatis</strong></span> <span class='ocrx_word' id='word_1_313' title='bbox 1978 4118 2034 4174; x_wconf 89' lang='lat' dir='ltr'><strong>S.</strong></span> <span class='ocrx_word' id='word_1_314' title='bbox 2070 4121 2169 4176; x_wconf 85' lang='lat' dir='ltr'><strong>Pe-</strong></span> 
     </span>
    </p>
   </div>
   <div class='ocr_carea' id='block_1_43' title="bbox 571 4189 2164 4271">
    <p class='ocr_par' dir='ltr' id='par_1_43' title="bbox 571 4189 2164 4271">
     <span class='ocr_line' id='line_1_43' title="bbox 571 4189 2164 4271; baseline 0.016 -28"><span class='ocrx_word' id='word_1_315' title='bbox 571 4189 638 4244; x_wconf 91' lang='lat' dir='ltr'><strong>tri</strong></span> <span class='ocrx_word' id='word_1_316' title='bbox 670 4189 910 4262; x_wconf 83' lang='lat' dir='ltr'><strong>Apostoli</strong></span> <span class='ocrx_word' id='word_1_317' title='bbox 940 4205 1278 4264; x_wconf 89' lang='lat' dir='ltr'><strong>apprecatur,</strong></span> <span class='ocrx_word' id='word_1_318' title='bbox 1323 4210 1602 4271; x_wconf 87' lang='lat' dir='ltr'><strong>postquam</strong></span> <span class='ocrx_word' id='word_1_319' title='bbox 1645 4204 1794 4261; x_wconf 90' lang='lat' dir='ltr'><strong>illum</strong></span> <span class='ocrx_word' id='word_1_320' title='bbox 1839 4217 1964 4264; x_wconf 86' lang='lat' dir='ltr'><strong>ante</strong></span> <span class='ocrx_word' id='word_1_321' title='bbox 2001 4226 2164 4267; x_wconf 89' lang='lat' dir='ltr'><strong>unum</strong></span> 
     </span>
    </p>
   </div>
   <div class='ocr_carea' id='block_1_44' title="bbox 567 4281 2165 4370">
    <p class='ocr_par' dir='ltr' id='par_1_44' title="bbox 567 4281 2165 4370">
     <span class='ocr_line' id='line_1_44' title="bbox 567 4281 2165 4370; baseline 0.014 -34"><span class='ocrx_word' id='word_1_322' title='bbox 567 4281 759 4336; x_wconf 82' lang='lat' dir='ltr'><strong>saltem</strong></span> <span class='ocrx_word' id='word_1_323' title='bbox 788 4297 986 4339; x_wconf 88' lang='lat' dir='ltr'><strong>annum</strong></span> <span class='ocrx_word' id='word_1_324' title='bbox 1009 4285 1119 4356; x_wconf 92' lang='lat' dir='ltr'><strong>jam</strong></span> <span class='ocrx_word' id='word_1_325' title='bbox 1144 4287 1210 4342; x_wconf 89' lang='lat' dir='ltr'><strong>ad</strong></span> <span class='ocrx_word' id='word_1_326' title='bbox 1252 4299 1546 4347; x_wconf 79' lang='lat' dir='ltr'><strong>extremam</strong></span> <span class='ocrx_word' id='word_1_327' title='bbox 1589 4305 1944 4362; x_wconf 87' lang='lat' dir='ltr'><strong>senectutem,</strong></span> <span class='ocrx_word' id='word_1_328' title='bbox 1973 4317 2165 4370; x_wconf 70' lang='lat' dir='ltr'><strong>perveo</strong></span> 
     </span>
    </p>
   </div>
   <div class='ocr_carea' id='block_1_45' title="bbox 569 4374 2164 4457">
    <p class='ocr_par' dir='ltr' id='par_1_45' title="bbox 569 4374 2164 4457">
     <span class='ocr_line' id='line_1_45' title="bbox 569 4374 2164 4457; baseline 0.014 -32"><span class='ocrx_word' id='word_1_329' title='bbox 569 4374 714 4428; x_wconf 84' lang='lat' dir='ltr'><strong>nisse</strong></span> <span class='ocrx_word' id='word_1_330' title='bbox 755 4375 965 4432; x_wconf 77' lang='lat' dir='ltr'><strong>dixerat</strong></span> <span class='ocrx_word' id='word_1_331' title='bbox 1007 4380 1140 4447; x_wconf 88' lang='lat' dir='ltr'><strong>:qui</strong></span> <span class='ocrx_word' id='word_1_332' title='bbox 1186 4378 1470 4437; x_wconf 82' lang='lat' dir='ltr'><strong>Flavianus</strong></span> <span class='ocrx_word' id='word_1_333' title='bbox 1522 4389 1681 4440; x_wconf 89' lang='lat' dir='ltr'><strong>etiam</strong></span> <span class='ocrx_word' id='word_1_334' title='bbox 1731 4397 1851 4457; x_wconf 91' lang='lat' dir='ltr'><strong>post</strong></span> <span class='ocrx_word' id='word_1_335' title='bbox 1905 4390 2048 4446; x_wconf 85' lang='lat' dir='ltr'><strong>illam</strong></span> <span class='ocrx_word' id='word_1_336' title='bbox 2095 4392 2164 4448; x_wconf 91' lang='lat' dir='ltr'><strong>ad</strong></span> 
     </span>
    </p>
   </div>
   <div class='ocr_carea' id='block_1_46' title="bbox 570 4460 2163 4544">
    <p class='ocr_par' dir='ltr' id='par_1_46' title="bbox 570 4460 2163 4544">
     <span class='ocr_line' id='line_1_46' title="bbox 570 4460 2163 4544; baseline 0.015 -27"><span class='ocrx_word' id='word_1_337' title='bbox 570 4460 930 4520; x_wconf 81' lang='lat' dir='ltr'><strong>Theodosium</strong></span> <span class='ocrx_word' id='word_1_338' title='bbox 974 4466 1296 4536; x_wconf 75' lang='lat' dir='ltr'><strong>legationem</strong></span> <span class='ocrx_word' id='word_1_339' title='bbox 1344 4474 1500 4526; x_wconf 90' lang='lat' dir='ltr'><strong>annis</strong></span> <span class='ocrx_word' id='word_1_340' title='bbox 1542 4479 1925 4544; x_wconf 88' lang='lat' dir='ltr'><strong>septemdecim</strong></span> <span class='ocrx_word' id='word_1_341' title='bbox 1970 4485 2163 4540; x_wconf 85' lang='lat' dir='ltr'><strong>Antio-</strong></span> 
     </span>
    </p>
   </div>
   <div class='ocr_carea' id='block_1_47' title="bbox 568 4549 2162 4630">
    <p class='ocr_par' dir='ltr' id='par_1_47' title="bbox 568 4549 2162 4630">
     <span class='ocr_line' id='line_1_47' title="bbox 568 4549 2162 4630; baseline 0.017 -27"><span class='ocrx_word' id='word_1_342' title='bbox 568 4549 757 4605; x_wconf 82' lang='lat' dir='ltr'><strong>cheme</strong></span> <span class='ocrx_word' id='word_1_343' title='bbox 783 4553 994 4622; x_wconf 63' lang='lat' dir='ltr'><strong>prmluit</strong></span> <span class='ocrx_word' id='word_1_344' title='bbox 1027 4555 1284 4612; x_wconf 70' lang='lat' dir='ltr'><strong>Ecclesia:</strong></span> <span class='ocrx_word' id='word_1_345' title='bbox 1311 4574 1324 4611; x_wconf 91' lang='lat'><strong>:</strong></span> <span class='ocrx_word' id='word_1_346' title='bbox 1351 4567 1430 4614; x_wconf 90' lang='lat' dir='ltr'><strong>tot</strong></span> <span class='ocrx_word' id='word_1_347' title='bbox 1470 4563 1615 4618; x_wconf 90' lang='lat' dir='ltr'><strong>enim</strong></span> <span class='ocrx_word' id='word_1_348' title='bbox 1661 4579 2012 4628; x_wconf 88' lang='lat' dir='ltr'><strong>numerantur</strong></span> <span class='ocrx_word' id='word_1_349' title='bbox 2035 4575 2162 4630; x_wconf 88' lang='lat' dir='ltr'><strong>anni</strong></span> 
     </span>
    </p>
   </div>
   <div class='ocr_carea' id='block_1_48' title="bbox 569 4644 2162 4728">
    <p class='ocr_par' dir='ltr' id='par_1_48' title="bbox 569 4644 2162 4728">
     <span class='ocr_line' id='line_1_48' title="bbox 569 4644 2162 4728; baseline 0.018 -34"><span class='ocrx_word' id='word_1_350' title='bbox 569 4644 640 4695; x_wconf 84' lang='lat' dir='ltr'><strong>ab</strong></span> <span class='ocrx_word' id='word_1_351' title='bbox 679 4657 820 4698; x_wconf 92' lang='lat' dir='ltr'><strong>anno</strong></span> <span class='ocrx_word' id='word_1_352' title='bbox 876 4645 1002 4713; x_wconf 74' lang='lat'><strong>587,</strong></span> <span class='ocrx_word' id='word_1_353' title='bbox 1051 4663 1159 4718; x_wconf 86' lang='lat' dir='ltr'><strong>quo</strong></span> <span class='ocrx_word' id='word_1_354' title='bbox 1205 4648 1297 4705; x_wconf 89' lang='lat' dir='ltr'><strong>ille</strong></span> <span class='ocrx_word' id='word_1_355' title='bbox 1347 4651 1708 4712; x_wconf 87' lang='lat' dir='ltr'><strong>Theodosium</strong></span> <span class='ocrx_word' id='word_1_356' title='bbox 1750 4660 1903 4728; x_wconf 83' lang='lat' dir='ltr'><strong>adiit,</strong></span> <span class='ocrx_word' id='word_1_357' title='bbox 1953 4665 2018 4719; x_wconf 89' lang='lat' dir='ltr'><strong>ad</strong></span> <span class='ocrx_word' id='word_1_358' title='bbox 2065 4683 2162 4722; x_wconf 89' lang='lat' dir='ltr'><strong>an-</strong></span> 
     </span>
    </p>
   </div>
   <div class='ocr_carea' id='block_1_49' title="bbox 569 4735 2162 4826">
    <p class='ocr_par' dir='ltr' id='par_1_49' title="bbox 569 4735 2162 4826">
     <span class='ocr_line' id='line_1_49' title="bbox 569 4735 2162 4826; baseline 0.014 -35"><span class='ocrx_word' id='word_1_359' title='bbox 569 4751 698 4791; x_wconf 89' lang='lat' dir='ltr'><strong>num</strong></span> <span class='ocrx_word' id='word_1_360' title='bbox 725 4735 854 4802; x_wconf 73' lang='grc'><strong>404,</strong></span> <span class='ocrx_word' id='word_1_361' title='bbox 880 4753 987 4808; x_wconf 91' lang='lat' dir='ltr'><strong>quo</strong></span> <span class='ocrx_word' id='word_1_362' title='bbox 1021 4750 1264 4796; x_wconf 89' lang='lat' dir='ltr'><strong>mortuus</strong></span> <span class='ocrx_word' id='word_1_363' title='bbox 1291 4753 1568 4800; x_wconf 83' lang='lat' dir='ltr'><strong>vacantem</strong></span> <span class='ocrx_word' id='word_1_364' title='bbox 1596 4747 1782 4804; x_wconf 88' lang='lat' dir='ltr'><strong>sedem</strong></span> <span class='ocrx_word' id='word_1_365' title='bbox 1815 4755 2048 4826; x_wconf 74' lang='lat' dir='ltr'><strong>reliquit.</strong></span> <span class='ocrx_word' id='word_1_366' title='bbox 2087 4759 2162 4814; x_wconf 85' lang='lat' dir='ltr'><strong>De</strong></span> 
     </span>
    </p>
   </div>
   <div class='ocr_carea' id='block_1_50' title="bbox 566 4832 2156 4916">
    <p class='ocr_par' dir='ltr' id='par_1_50' title="bbox 566 4832 2156 4916">
     <span class='ocr_line' id='line_1_50' title="bbox 566 4832 2156 4916; baseline 0.012 -32"><span class='ocrx_word' id='word_1_367' title='bbox 566 4836 726 4884; x_wconf 63' lang='lat' dir='ltr'><strong>etate</strong></span> <span class='ocrx_word' id='word_1_368' title='bbox 754 4843 912 4897; x_wconf 90' lang='lat' dir='ltr'><strong>porro</strong></span> <span class='ocrx_word' id='word_1_369' title='bbox 938 4832 1058 4900; x_wconf 88' lang='lat' dir='ltr'><strong>ejus</strong></span> <span class='ocrx_word' id='word_1_370' title='bbox 1098 4847 1218 4888; x_wconf 90' lang='lat' dir='ltr'><strong>cum</strong></span> <span class='ocrx_word' id='word_1_371' title='bbox 1246 4833 1389 4890; x_wconf 91' lang='lat' dir='ltr'><strong>diem</strong></span> <span class='ocrx_word' id='word_1_372' title='bbox 1431 4837 1626 4894; x_wconf 86' lang='lat' dir='ltr'><strong>clausit</strong></span> <span class='ocrx_word' id='word_1_373' title='bbox 1661 4851 1959 4900; x_wconf 78' lang='lat' dir='ltr'><strong>extremum</strong></span> <span class='ocrx_word' id='word_1_374' title='bbox 1993 4849 2156 4916; x_wconf 58' lang='lat' dir='ltr'><strong>piari.</strong></span> 
     </span>
    </p>
   </div>
   <div class='ocr_carea' id='block_1_51' title="bbox 565 4919 2162 4997">
    <p class='ocr_par' dir='ltr' id='par_1_51' title="bbox 565 4919 2162 4997">
     <span class='ocr_line' id='line_1_51' title="bbox 565 4919 2162 4997; baseline 0.014 -23"><span class='ocrx_word' id='word_1_375' title='bbox 565 4919 668 4975; x_wconf 87' lang='lat' dir='ltr'><strong>bus</strong></span> <span class='ocrx_word' id='word_1_376' title='bbox 695 4929 882 4991; x_wconf 88' lang='lat' dir='ltr'><strong>agetur</strong></span> <span class='ocrx_word' id='word_1_377' title='bbox 909 4921 960 4976; x_wconf 90' lang='lat' dir='ltr'><strong>in</strong></span> <span class='ocrx_word' id='word_1_378' title='bbox 993 4922 1109 4978; x_wconf 85' lang='lat' dir='ltr'><strong>Vita</strong></span> <span class='ocrx_word' id='word_1_379' title='bbox 1137 4923 1526 4997; x_wconf 86' lang='lat' dir='ltr'><strong>Chrysostomi.</strong></span> <span class='ocrx_word' id='word_1_380' title='bbox 1554 4931 1619 4986; x_wconf 85' lang='lat' dir='ltr'><strong>Et</strong></span> <span class='ocrx_word' id='word_1_381' title='bbox 1650 4933 1848 4990; x_wconf 88' lang='lat' dir='ltr'><strong>Homil.</strong></span> <span class='ocrx_word' id='word_1_382' title='bbox 1881 4936 1918 4992; x_wconf 75' lang='grc'><strong>2</strong></span> <span class='ocrx_word' id='word_1_383' title='bbox 1937 4938 2004 4994; x_wconf 91' lang='lat' dir='ltr'><strong>de</strong></span> <span class='ocrx_word' id='word_1_384' title='bbox 2035 4941 2162 4997; x_wconf 78' lang='grc' dir='ltr'><strong>Ρω-</strong></span> 
     </span>
    </p>
   </div>
   <div class='ocr_carea' id='block_1_52' title="bbox 564 5011 2160 5096">
    <p class='ocr_par' dir='ltr' id='par_1_52' title="bbox 564 5011 2160 5096">
     <span class='ocr_line' id='line_1_52' title="bbox 564 5011 2160 5096; baseline 0.015 -32"><span class='ocrx_word' id='word_1_385' title='bbox 564 5011 786 5066; x_wconf 85' lang='lat' dir='ltr'><strong>nitentia</strong></span> <span class='ocrx_word' id='word_1_386' title='bbox 829 5027 884 5066; x_wconf 91' lang='lat' dir='ltr'><strong>n.</strong></span> <span class='ocrx_word' id='word_1_387' title='bbox 927 5012 984 5079; x_wconf 71' lang='lat'><strong>2,</strong></span> <span class='ocrx_word' id='word_1_388' title='bbox 1033 5014 1101 5070; x_wconf 91' lang='lat' dir='ltr'><strong>de</strong></span> <span class='ocrx_word' id='word_1_389' title='bbox 1131 5015 1329 5072; x_wconf 85' lang='lat' dir='ltr'><strong>Davide</strong></span> <span class='ocrx_word' id='word_1_390' title='bbox 1371 5019 1594 5089; x_wconf 89' lang='lat' dir='ltr'><strong>l0quens</strong></span> <span class='ocrx_word' id='word_1_391' title='bbox 1633 5023 2047 5096; x_wconf 82' lang='lat' dir='ltr'><strong>Chrysostomus</strong></span> <span class='ocrx_word' id='word_1_392' title='bbox 2085 5032 2160 5088; x_wconf 87' lang='lat' dir='ltr'><strong>ait</strong></span> 
     </span>
    </p>
   </div>
   <div class='ocr_carea' id='block_1_53' title="bbox 564 5100 2157 5182">
    <p class='ocr_par' dir='ltr' id='par_1_53' title="bbox 564 5100 2157 5182">
     <span class='ocr_line' id='line_1_53' title="bbox 564 5100 2157 5182; baseline 0.018 -30"><span class='ocrx_word' id='word_1_393' title='bbox 564 5100 738 5166; x_wconf 91' lang='lat' dir='ltr'><strong>illum,</strong></span> <span class='ocrx_word' id='word_1_394' title='bbox 771 5103 984 5170; x_wconf 90' lang='lat' dir='ltr'><strong>quando</strong></span> <span class='ocrx_word' id='word_1_395' title='bbox 1013 5105 1065 5160; x_wconf 94' lang='lat' dir='ltr'><strong>in</strong></span> <span class='ocrx_word' id='word_1_396' title='bbox 1105 5107 1426 5164; x_wconf 87' lang='lat' dir='ltr'><strong>adulterium</strong></span> <span class='ocrx_word' id='word_1_397' title='bbox 1457 5111 1640 5182; x_wconf 82' lang='lat' dir='ltr'><strong>lapsus</strong></span> <span class='ocrx_word' id='word_1_398' title='bbox 1682 5128 1784 5182; x_wconf 85' lang='lat' dir='ltr'><strong>est,</strong></span> <span class='ocrx_word' id='word_1_399' title='bbox 1821 5120 1873 5173; x_wconf 94' lang='lat' dir='ltr'><strong>in</strong></span> <span class='ocrx_word' id='word_1_400' title='bbox 1917 5133 2157 5180; x_wconf 78' lang='lat' dir='ltr'><strong>extrema</strong></span> 
     </span>
    </p>
   </div>
   <div class='ocr_carea' id='block_1_54' title="bbox 560 5191 2157 5280">
    <p class='ocr_par' dir='ltr' id='par_1_54' title="bbox 560 5191 2157 5280">
     <span class='ocr_line' id='line_1_54' title="bbox 560 5191 2157 5280; baseline 0.014 -33"><span class='ocrx_word' id='word_1_401' title='bbox 560 5193 758 5248; x_wconf 85' lang='lat' dir='ltr'><strong>canitie</strong></span> <span class='ocrx_word' id='word_1_402' title='bbox 782 5191 980 5258; x_wconf 80' lang='lat' dir='ltr'><strong>fuisse;</strong></span> <span class='ocrx_word' id='word_1_403' title='bbox 1007 5195 1136 5252; x_wconf 89' lang='lat' dir='ltr'><strong>illud</strong></span> <span class='ocrx_word' id='word_1_404' title='bbox 1163 5213 1290 5254; x_wconf 83' lang='lat' dir='ltr'><strong>vero</strong></span> <span class='ocrx_word' id='word_1_405' title='bbox 1307 5201 1374 5255; x_wconf 90' lang='lat' dir='ltr'><strong>de</strong></span> <span class='ocrx_word' id='word_1_406' title='bbox 1413 5202 1611 5261; x_wconf 89' lang='lat' dir='ltr'><strong>Davide</strong></span> <span class='ocrx_word' id='word_1_407' title='bbox 1639 5208 1804 5263; x_wconf 88' lang='lat' dir='ltr'><strong>nolim</strong></span> <span class='ocrx_word' id='word_1_408' title='bbox 1827 5226 1924 5280; x_wconf 90' lang='lat' dir='ltr'><strong>pro</strong></span> <span class='ocrx_word' id='word_1_409' title='bbox 1949 5225 2157 5270; x_wconf 83' lang='lat' dir='ltr'><strong>asserto</strong></span> 
     </span>
    </p>
   </div>
   <div class='ocr_carea' id='block_1_55' title="bbox 561 5284 2159 5372">
    <p class='ocr_par' dir='ltr' id='par_1_55' title="bbox 561 5284 2159 5372">
     <span class='ocr_line' id='line_1_55' title="bbox 561 5284 2159 5372; baseline 0.016 -34"><span class='ocrx_word' id='word_1_410' title='bbox 561 5284 764 5356; x_wconf 86' lang='lat' dir='ltr'><strong>accipi;</strong></span> <span class='ocrx_word' id='word_1_411' title='bbox 798 5285 891 5340; x_wconf 87' lang='lat' dir='ltr'><strong>sed</strong></span> <span class='ocrx_word' id='word_1_412' title='bbox 919 5298 978 5341; x_wconf 87' lang='lat' dir='ltr'><strong>ut</strong></span> <span class='ocrx_word' id='word_1_413' title='bbox 1005 5303 1163 5344; x_wconf 91' lang='lat' dir='ltr'><strong>nemo</strong></span> <span class='ocrx_word' id='word_1_414' title='bbox 1191 5305 1350 5362; x_wconf 74' lang='lat' dir='ltr'><strong>Spero</strong></span> <span class='ocrx_word' id='word_1_415' title='bbox 1381 5298 1614 5367; x_wconf 77' lang='lat' dir='ltr'><strong>negabit,</strong></span> <span class='ocrx_word' id='word_1_416' title='bbox 1640 5299 1695 5354; x_wconf 31' lang='lat' dir='ltr'><strong>id.</strong></span> <span class='ocrx_word' id='word_1_417' title='bbox 1732 5303 2011 5372; x_wconf 88' lang='lat' dir='ltr'><strong>probatum</strong></span> <span class='ocrx_word' id='word_1_418' title='bbox 2039 5322 2159 5363; x_wconf 86' lang='lat' dir='ltr'><strong>cer-</strong></span> 
     </span>
    </p>
   </div>
   <div class='ocr_carea' id='block_1_56' title="bbox 563 5381 2158 5458">
    <p class='ocr_par' dir='ltr' id='par_1_56' title="bbox 563 5381 2158 5458">
     <span class='ocr_line' id='line_1_56' title="bbox 563 5381 2158 5458; baseline 0.018 -31"><span class='ocrx_word' id='word_1_419' title='bbox 563 5382 782 5448; x_wconf 88' lang='lat' dir='ltr'><strong>tumque</strong></span> <span class='ocrx_word' id='word_1_420' title='bbox 817 5392 938 5435; x_wconf 87' lang='lat' dir='ltr'><strong>esse</strong></span> <span class='ocrx_word' id='word_1_421' title='bbox 981 5381 1231 5450; x_wconf 86' lang='lat' dir='ltr'><strong>arbitror,</strong></span> <span class='ocrx_word' id='word_1_422' title='bbox 1272 5383 1714 5458; x_wconf 79' lang='lat' dir='ltr'><strong>Chrysostonium</strong></span> <span class='ocrx_word' id='word_1_423' title='bbox 1763 5396 1834 5448; x_wconf 86' lang='lat' dir='ltr'><strong>ad</strong></span> <span class='ocrx_word' id='word_1_424' title='bbox 1882 5411 2158 5455; x_wconf 62' lang='lat' dir='ltr'><strong>extremam</strong></span> 
     </span>
    </p>
   </div>
   <div class='ocr_carea' id='block_1_57' title="bbox 563 5473 2157 5557">
    <p class='ocr_par' dir='ltr' id='par_1_57' title="bbox 563 5473 2157 5557">
     <span class='ocr_line' id='line_1_57' title="bbox 563 5473 2157 5557; baseline 0.021 -41"><span class='ocrx_word' id='word_1_425' title='bbox 563 5477 863 5557; x_wconf 64' lang='lat' dir='ltr'><strong>samtutem</strong></span> <span class='ocrx_word' id='word_1_426' title='bbox 921 5473 1118 5542; x_wconf 86' lang='lat' dir='ltr'><strong>passim</strong></span> <span class='ocrx_word' id='word_1_427' title='bbox 1171 5475 1470 5548; x_wconf 76' lang='lat' dir='ltr'><strong>intelligere</strong></span> <span class='ocrx_word' id='word_1_428' title='bbox 1512 5480 1581 5535; x_wconf 85' lang='lat' dir='ltr'><strong>de</strong></span> <span class='ocrx_word' id='word_1_429' title='bbox 1634 5491 2056 5557; x_wconf 85' lang='lat' dir='ltr'><strong>septuagenariis</strong></span> <span class='ocrx_word' id='word_1_430' title='bbox 2101 5503 2157 5549; x_wconf 92' lang='lat' dir='ltr'><strong>et</strong></span> 
     </span>
    </p>
   </div>
   <div class='ocr_carea' id='block_1_58' title="bbox 565 5551 1989 5639">
    <p class='ocr_par' dir='ltr' id='par_1_58' title="bbox 565 5551 1989 5639">
     <span class='ocr_line' id='line_1_58' title="bbox 565 5551 1989 5639; baseline 0.022 -36"><span class='ocrx_word' id='word_1_431' title='bbox 565 5551 702 5608; x_wconf 76' lang='lat' dir='ltr'><strong>forte</strong></span> <span class='ocrx_word' id='word_1_432' title='bbox 730 5571 1126 5633; x_wconf 83' lang='lat' dir='ltr'><strong>nonnumquam</strong></span> <span class='ocrx_word' id='word_1_433' title='bbox 1153 5565 1221 5620; x_wconf 87' lang='lat' dir='ltr'><strong>de</strong></span> <span class='ocrx_word' id='word_1_434' title='bbox 1245 5572 1652 5639; x_wconf 88' lang='lat' dir='ltr'><strong>septuagenario</strong></span> <span class='ocrx_word' id='word_1_435' title='bbox 1677 5551 1989 5636; x_wconf 65' lang='lat' dir='ltr'><strong>minoribus.</strong></span> 
     </span>
    </p>
   </div>
   <div class='ocr_carea' id='block_1_59' title="bbox 633 5642 2154 5744">
    <p class='ocr_par' dir='ltr' id='par_1_59' title="bbox 633 5642 2154 5744">
     <span class='ocr_line' id='line_1_59' title="bbox 633 5642 2154 5744; baseline 0.025 -48"><span class='ocrx_word' id='word_1_436' title='bbox 633 5642 801 5744; x_wconf 62' lang='lat' dir='ltr'><strong>Instat</strong></span> <span class='ocrx_word' id='word_1_437' title='bbox 837 5647 1324 5744; x_wconf 59' lang='lat' dir='ltr'><strong>Tillemnntiuszls</strong></span> <span class='ocrx_word' id='word_1_438' title='bbox 1368 5675 1526 5731; x_wconf 84' lang='lat' dir='ltr'><strong>quem</strong></span> <span class='ocrx_word' id='word_1_439' title='bbox 1569 5663 1623 5719; x_wconf 88' lang='lat' dir='ltr'><strong>in</strong></span> <span class='ocrx_word' id='word_1_440' title='bbox 1673 5669 1849 5737; x_wconf 88' lang='lat' dir='ltr'><strong>priore</strong></span> <span class='ocrx_word' id='word_1_441' title='bbox 1895 5677 2154 5744; x_wconf 68' lang='lat' dir='ltr'><strong>parmnesl</strong></span> 
     </span>
    </p>
   </div>
   <div class='ocr_carea' id='block_1_60' title="bbox 563 5728 2150 5825">
    <p class='ocr_par' dir='ltr' id='par_1_60' title="bbox 563 5728 2150 5825">
     <span class='ocr_line' id='line_1_60' title="bbox 563 5728 2150 5825; baseline 0.026 -42"><span class='ocrx_word' id='word_1_442' title='bbox 563 5728 854 5803; x_wconf 85' lang='lat' dir='ltr'><strong>alloquitur</strong></span> <span class='ocrx_word' id='word_1_443' title='bbox 880 5737 1313 5816; x_wconf 78' lang='lat' dir='ltr'><strong>Chrysnstornus,</strong></span> <span class='ocrx_word' id='word_1_444' title='bbox 1365 5728 1418 5805; x_wconf 78' lang='lat' dir='ltr'><strong>in</strong></span> <span class='ocrx_word' id='word_1_445' title='bbox 1465 5764 1644 5825; x_wconf 79' lang='lat' dir='ltr'><strong>aperta</strong></span> <span class='ocrx_word' id='word_1_446' title='bbox 1673 5728 1808 5815; x_wconf 32' lang='lat' dir='ltr'><strong>vvitia</strong></span> <span class='ocrx_word' id='word_1_447' title='bbox 1839 5728 1908 5819; x_wconf 49' lang='lat' dir='ltr'><strong>et.</strong></span> <span class='ocrx_word' id='word_1_448' title='bbox 1928 5728 2150 5824; x_wconf 65' lang='lat' dir='ltr'><strong>crimina</strong></span> 
     </span>
    </p>
   </div>
   <div class='ocr_carea' id='block_1_61' title="bbox 2082 327 3821 420">
    <p class='ocr_par' dir='ltr' id='par_1_61' title="bbox 2082 327 3821 420">
     <span class='ocr_line' id='line_1_61' title="bbox 2082 327 3821 420; baseline -0.004 -34"><span class='ocrx_word' id='word_1_449' title='bbox 2082 327 2414 388; x_wconf 72' lang='lat' dir='ltr'><strong>MONITUM.</strong></span> <span class='ocrx_word' id='word_1_450' title='bbox 3751 365 3821 420; x_wconf 54' lang='grc' dir='ltr'>Μ</span> 
     </span>
    </p>
   </div>
   <div class='ocr_carea' id='block_1_62' title="bbox 2324 460 3821 547">
    <p class='ocr_par' dir='ltr' id='par_1_62' title="bbox 2324 460 3821 547">
     <span class='ocr_line' id='line_1_62' title="bbox 2324 460 3821 547; baseline 0.024 -42"><span class='ocrx_word' id='word_1_451' title='bbox 2324 463 2658 524; x_wconf 87' lang='lat' dir='ltr'><strong>proruperat,</strong></span> <span class='ocrx_word' id='word_1_452' title='bbox 2709 465 2767 511; x_wconf 92' lang='lat' dir='ltr'><strong>ut</strong></span> <span class='ocrx_word' id='word_1_453' title='bbox 2793 472 2856 514; x_wconf 79' lang='lat' dir='ltr'><strong>es</strong></span> <span class='ocrx_word' id='word_1_454' title='bbox 2890 460 3049 516; x_wconf 84' lang='lat' dir='ltr'><strong>variis</strong></span> <span class='ocrx_word' id='word_1_455' title='bbox 3076 464 3330 520; x_wconf 83' lang='lat' dir='ltr'><strong>orationis</strong></span> <span class='ocrx_word' id='word_1_456' title='bbox 3359 466 3482 524; x_wconf 83' lang='lat' dir='ltr'><strong>locis</strong></span> <span class='ocrx_word' id='word_1_457' title='bbox 3505 472 3762 547; x_wconf 76' lang='lat' dir='ltr'><strong>colligitur:</strong></span> <span class='ocrx_word' id='word_1_458' title='bbox 3785 498 3821 543; x_wconf 85' lang='lat' dir='ltr'><strong>at</strong></span> 
     </span>
    </p>
   </div>
   <div class='ocr_carea' id='block_1_63' title="bbox 2321 551 3822 632">
    <p class='ocr_par' dir='ltr' id='par_1_63' title="bbox 2321 551 3822 632">
     <span class='ocr_line' id='line_1_63' title="bbox 2321 551 3822 632; baseline 0.021 -32"><span class='ocrx_word' id='word_1_459' title='bbox 2321 560 2426 601; x_wconf 92' lang='lat' dir='ltr'><strong>non</strong></span> <span class='ocrx_word' id='word_1_460' title='bbox 2464 561 2704 618; x_wconf 87' lang='lat' dir='ltr'><strong>eousque</strong></span> <span class='ocrx_word' id='word_1_461' title='bbox 2742 551 2993 620; x_wconf 84' lang='lat' dir='ltr'><strong>perniciei</strong></span> <span class='ocrx_word' id='word_1_462' title='bbox 3025 553 3302 612; x_wconf 83' lang='lat' dir='ltr'><strong>devenisse</strong></span> <span class='ocrx_word' id='word_1_463' title='bbox 3347 560 3546 618; x_wconf 85' lang='lat' dir='ltr'><strong>videtur</strong></span> <span class='ocrx_word' id='word_1_464' title='bbox 3576 565 3822 632; x_wconf 77' lang='lat' dir='ltr'><strong>Theodorus</strong></span> 
     </span>
    </p>
   </div>
   <div class='ocr_carea' id='block_1_64' title="bbox 2319 635 3818 729">
    <p class='ocr_par' dir='ltr' id='par_1_64' title="bbox 2319 635 3818 729">
     <span class='ocr_line' id='line_1_64' title="bbox 2319 635 3818 729; baseline 0.021 -40"><span class='ocrx_word' id='word_1_465' title='bbox 2319 635 2745 706; x_wconf 83' lang='lat' dir='ltr'><strong>Mopsuestenus,</strong></span> <span class='ocrx_word' id='word_1_466' title='bbox 2795 642 2860 696; x_wconf 91' lang='lat' dir='ltr'><strong>ad</strong></span> <span class='ocrx_word' id='word_1_467' title='bbox 2899 659 3057 712; x_wconf 91' lang='lat' dir='ltr'><strong>quem</strong></span> <span class='ocrx_word' id='word_1_468' title='bbox 3098 647 3328 702; x_wconf 88' lang='lat' dir='ltr'><strong>secunda</strong></span> <span class='ocrx_word' id='word_1_469' title='bbox 3369 653 3582 710; x_wconf 88' lang='lat' dir='ltr'><strong>mittitur</strong></span> <span class='ocrx_word' id='word_1_470' title='bbox 3613 660 3818 729; x_wconf 82' lang='lat' dir='ltr'><strong>cpistola:</strong></span> 
     </span>
    </p>
   </div>
   <div class='ocr_carea' id='block_1_65' title="bbox 2316 729 3818 820">
    <p class='ocr_par' dir='ltr' id='par_1_65' title="bbox 2316 729 3818 820">
     <span class='ocr_line' id='line_1_65' title="bbox 2316 729 3818 820; baseline 0.02 -39"><span class='ocrx_word' id='word_1_471' title='bbox 2316 729 2406 800; x_wconf 88' lang='lat' dir='ltr'><strong>qui</strong></span> <span class='ocrx_word' id='word_1_472' title='bbox 2433 730 2477 784; x_wconf 91' lang='lat' dir='ltr'><strong>si</strong></span> <span class='ocrx_word' id='word_1_473' title='bbox 2501 731 2608 800; x_wconf 89' lang='lat' dir='ltr'><strong>jam</strong></span> <span class='ocrx_word' id='word_1_474' title='bbox 2641 731 2939 802; x_wconf 81' lang='lat' dir='ltr'><strong>baptizatus</strong></span> <span class='ocrx_word' id='word_1_475' title='bbox 2981 736 3035 790; x_wconf 91' lang='lat' dir='ltr'><strong>in</strong></span> <span class='ocrx_word' id='word_1_476' title='bbox 3065 752 3126 791; x_wconf 89' lang='lat' dir='ltr'><strong>ea</strong></span> <span class='ocrx_word' id='word_1_477' title='bbox 3157 740 3377 795; x_wconf 90' lang='lat' dir='ltr'><strong>crimina</strong></span> <span class='ocrx_word' id='word_1_478' title='bbox 3403 743 3570 814; x_wconf 90' lang='lat' dir='ltr'><strong>lapsus</strong></span> <span class='ocrx_word' id='word_1_479' title='bbox 3592 762 3726 820; x_wconf 85' lang='lat' dir='ltr'><strong>esset,</strong></span> <span class='ocrx_word' id='word_1_480' title='bbox 3752 773 3818 812; x_wconf 86' lang='lat' dir='ltr'><strong>ne-</strong></span> 
     </span>
    </p>
   </div>
   <div class='ocr_carea' id='block_1_66' title="bbox 2314 825 3820 914">
    <p class='ocr_par' dir='ltr' id='par_1_66' title="bbox 2314 825 3820 914">
     <span class='ocr_line' id='line_1_66' title="bbox 2314 825 3820 914; baseline 0.02 -42"><span class='ocrx_word' id='word_1_481' title='bbox 2314 836 2576 891; x_wconf 90' lang='lat' dir='ltr'><strong>quaquam</strong></span> <span class='ocrx_word' id='word_1_482' title='bbox 2617 825 2878 892; x_wconf 89' lang='lat' dir='ltr'><strong>potuisset</strong></span> <span class='ocrx_word' id='word_1_483' title='bbox 2915 828 3205 884; x_wconf 87' lang='lat' dir='ltr'><strong>secundum</strong></span> <span class='ocrx_word' id='word_1_484' title='bbox 3241 847 3469 890; x_wconf 90' lang='lat' dir='ltr'><strong>canones</strong></span> <span class='ocrx_word' id='word_1_485' title='bbox 3504 837 3552 892; x_wconf 90' lang='lat' dir='ltr'><strong>in</strong></span> <span class='ocrx_word' id='word_1_486' title='bbox 3581 843 3820 914; x_wconf 77' lang='lat' dir='ltr'><strong>episcopum</strong></span> 
     </span>
    </p>
   </div>
   <div class='ocr_carea' id='block_1_67' title="bbox 2314 917 3816 1003">
    <p class='ocr_par' dir='ltr' id='par_1_67' title="bbox 2314 917 3816 1003">
     <span class='ocr_line' id='line_1_67' title="bbox 2314 917 3816 1003; baseline 0.021 -39"><span class='ocrx_word' id='word_1_487' title='bbox 2314 922 2495 982; x_wconf 86' lang='lat' dir='ltr'><strong>postea</strong></span> <span class='ocrx_word' id='word_1_488' title='bbox 2556 917 2816 985; x_wconf 88' lang='lat' dir='ltr'><strong>c0uptari.</strong></span> <span class='ocrx_word' id='word_1_489' title='bbox 2890 919 3017 974; x_wconf 86' lang='lat' dir='ltr'><strong>ll:rc</strong></span> <span class='ocrx_word' id='word_1_490' title='bbox 3072 924 3220 978; x_wconf 89' lang='lat' dir='ltr'><strong>nullo</strong></span> <span class='ocrx_word' id='word_1_491' title='bbox 3279 929 3488 996; x_wconf 79' lang='lat' dir='ltr'><strong>negotio</strong></span> <span class='ocrx_word' id='word_1_492' title='bbox 3532 932 3816 1003; x_wconf 71' lang='lat' dir='ltr'><strong>depelluntur.</strong></span> 
     </span>
    </p>
   </div>
   <div class='ocr_carea' id='block_1_68' title="bbox 2312 1003 3815 1098">
    <p class='ocr_par' dir='ltr' id='par_1_68' title="bbox 2312 1003 3815 1098">
     <span class='ocr_line' id='line_1_68' title="bbox 2312 1003 3815 1098; baseline 0.019 -40"><span class='ocrx_word' id='word_1_493' title='bbox 2312 1003 2651 1072; x_wconf 85' lang='lat' dir='ltr'><strong>Theodorus,</strong></span> <span class='ocrx_word' id='word_1_494' title='bbox 2683 1008 2770 1077; x_wconf 91' lang='lat' dir='ltr'><strong>qui</strong></span> <span class='ocrx_word' id='word_1_495' title='bbox 2817 1023 3028 1064; x_wconf 87' lang='lat' dir='ltr'><strong>sacrum</strong></span> <span class='ocrx_word' id='word_1_496' title='bbox 3077 1025 3274 1070; x_wconf 64' lang='lat' dir='ltr'><strong>castum</strong></span> <span class='ocrx_word' id='word_1_497' title='bbox 3313 1016 3624 1090; x_wconf 86' lang='lat' dir='ltr'><strong>deseruerat,</strong></span> <span class='ocrx_word' id='word_1_498' title='bbox 3657 1032 3815 1098; x_wconf 75' lang='lat' dir='ltr'><strong>negotii</strong></span> 
     </span>
    </p>
   </div>
   <div class='ocr_carea' id='block_1_69' title="bbox 2309 1096 3817 1184">
    <p class='ocr_par' dir='ltr' id='par_1_69' title="bbox 2309 1096 3817 1184">
     <span class='ocr_line' id='line_1_69' title="bbox 2309 1096 3817 1184; baseline 0.018 -36"><span class='ocrx_word' id='word_1_499' title='bbox 2309 1096 2587 1150; x_wconf 72' lang='lat' dir='ltr'><strong>smcularia</strong></span> <span class='ocrx_word' id='word_1_500' title='bbox 2625 1099 2904 1166; x_wconf 89' lang='lat' dir='ltr'><strong>tractabat,</strong></span> <span class='ocrx_word' id='word_1_501' title='bbox 2949 1104 3309 1174; x_wconf 89' lang='lat' dir='ltr'><strong>voluptatibus</strong></span> <span class='ocrx_word' id='word_1_502' title='bbox 3334 1109 3538 1168; x_wconf 88' lang='lat' dir='ltr'><strong>deditus</strong></span> <span class='ocrx_word' id='word_1_503' title='bbox 3571 1129 3688 1184; x_wconf 82' lang='lat' dir='ltr'><strong>erat,</strong></span> <span class='ocrx_word' id='word_1_504' title='bbox 3719 1096 3817 1176; x_wconf 78' lang='lat' dir='ltr'><strong>lier-</strong></span> 
     </span>
    </p>
   </div>
   <div class='ocr_carea' id='block_1_70' title="bbox 2308 1186 3816 1271">
    <p class='ocr_par' dir='ltr' id='par_1_70' title="bbox 2308 1186 3816 1271">
     <span class='ocr_line' id='line_1_70' title="bbox 2308 1186 3816 1271; baseline 0.02 -34"><span class='ocrx_word' id='word_1_505' title='bbox 2308 1186 2516 1240; x_wconf 87' lang='lat' dir='ltr'><strong>miones</strong></span> <span class='ocrx_word' id='word_1_506' title='bbox 2543 1189 2734 1256; x_wconf 73' lang='lat' dir='ltr'><strong>puellm</strong></span> <span class='ocrx_word' id='word_1_507' title='bbox 2771 1192 3052 1260; x_wconf 88' lang='lat' dir='ltr'><strong>cujusdam</strong></span> <span class='ocrx_word' id='word_1_508' title='bbox 3080 1212 3266 1253; x_wconf 87' lang='lat' dir='ltr'><strong>amore</strong></span> <span class='ocrx_word' id='word_1_509' title='bbox 3303 1199 3565 1271; x_wconf 83' lang='lat' dir='ltr'><strong>ﬂagrabat.</strong></span> <span class='ocrx_word' id='word_1_510' title='bbox 3593 1205 3690 1262; x_wconf 85' lang='lat' dir='ltr'><strong>Non</strong></span> <span class='ocrx_word' id='word_1_511' title='bbox 3713 1211 3816 1268; x_wconf 83' lang='lat' dir='ltr'><strong>aliud</strong></span> 
     </span>
    </p>
   </div>
   <div class='ocr_carea' id='block_1_71' title="bbox 2307 1276 3814 1362">
    <p class='ocr_par' dir='ltr' id='par_1_71' title="bbox 2307 1276 3814 1362">
     <span class='ocr_line' id='line_1_71' title="bbox 2307 1276 3814 1362; baseline 0.019 -32"><span class='ocrx_word' id='word_1_512' title='bbox 2307 1276 2374 1330; x_wconf 91' lang='lat' dir='ltr'><strong>de</strong></span> <span class='ocrx_word' id='word_1_513' title='bbox 2402 1277 2689 1335; x_wconf 84' lang='lat' dir='ltr'><strong>Theodoro</strong></span> <span class='ocrx_word' id='word_1_514' title='bbox 2717 1283 2924 1339; x_wconf 90' lang='lat' dir='ltr'><strong>crimen</strong></span> <span class='ocrx_word' id='word_1_515' title='bbox 2961 1286 3122 1342; x_wconf 79' lang='lat' dir='ltr'><strong>refert</strong></span> <span class='ocrx_word' id='word_1_516' title='bbox 3163 1290 3563 1362; x_wconf 82' lang='lat' dir='ltr'><strong>Chrysostomus</strong></span> <span class='ocrx_word' id='word_1_517' title='bbox 3590 1301 3665 1354; x_wconf 86' lang='lat' dir='ltr'><strong>:id</strong></span> <span class='ocrx_word' id='word_1_518' title='bbox 3689 1311 3814 1359; x_wconf 82' lang='lat' dir='ltr'><strong>taiuen</strong></span> 
     </span>
    </p>
   </div>
   <div class='ocr_carea' id='block_1_72' title="bbox 2307 1369 3815 1461">
    <p class='ocr_par' dir='ltr' id='par_1_72' title="bbox 2307 1369 3815 1461">
     <span class='ocr_line' id='line_1_72' title="bbox 2307 1369 3815 1461; baseline 0.018 -38"><span class='ocrx_word' id='word_1_519' title='bbox 2307 1369 2397 1424; x_wconf 88' lang='lat' dir='ltr'><strong>ille</strong></span> <span class='ocrx_word' id='word_1_520' title='bbox 2446 1373 2620 1441; x_wconf 80' lang='lat' dir='ltr'><strong>magni</strong></span> <span class='ocrx_word' id='word_1_521' title='bbox 2663 1374 2906 1432; x_wconf 87' lang='lat' dir='ltr'><strong>criminis</strong></span> <span class='ocrx_word' id='word_1_522' title='bbox 2953 1378 3071 1434; x_wconf 89' lang='lat' dir='ltr'><strong>loco</strong></span> <span class='ocrx_word' id='word_1_523' title='bbox 3119 1380 3317 1438; x_wconf 86' lang='lat' dir='ltr'><strong>habere</strong></span> <span class='ocrx_word' id='word_1_524' title='bbox 3367 1386 3565 1442; x_wconf 85' lang='lat' dir='ltr'><strong>videtur</strong></span> <span class='ocrx_word' id='word_1_525' title='bbox 3605 1390 3649 1444; x_wconf 91' lang='lat' dir='ltr'><strong>iu</strong></span> <span class='ocrx_word' id='word_1_526' title='bbox 3688 1394 3815 1461; x_wconf 83' lang='lat' dir='ltr'><strong>priuro</strong></span> 
     </span>
    </p>
   </div>
   <div class='ocr_carea' id='block_1_73' title="bbox 2304 1464 3815 1539">
    <p class='ocr_par' dir='ltr' id='par_1_73' title="bbox 2304 1464 3815 1539">
     <span class='ocr_line' id='line_1_73' title="bbox 2304 1464 3815 1539; baseline 0.017 -24"><span class='ocrx_word' id='word_1_527' title='bbox 2304 1464 2583 1530; x_wconf 71' lang='lat' dir='ltr'><strong>parmnesi,</strong></span> <span class='ocrx_word' id='word_1_528' title='bbox 2614 1465 2700 1519; x_wconf 90' lang='lat' dir='ltr'><strong>ubi</strong></span> <span class='ocrx_word' id='word_1_529' title='bbox 2733 1467 2848 1522; x_wconf 72' lang='lat' dir='ltr'><strong>lucc</strong></span> <span class='ocrx_word' id='word_1_530' title='bbox 2889 1483 3260 1527; x_wconf 81' lang='lat' dir='ltr'><strong>recensentur.</strong></span> <span class='ocrx_word' id='word_1_531' title='bbox 3297 1475 3588 1534; x_wconf 85' lang='lat' dir='ltr'><strong>Secundum</strong></span> <span class='ocrx_word' id='word_1_532' title='bbox 3629 1482 3721 1538; x_wconf 77' lang='lat' dir='ltr'><strong>inec</strong></span> <span class='ocrx_word' id='word_1_533' title='bbox 3750 1501 3815 1539; x_wconf 84' lang='lat' dir='ltr'><strong>au-</strong></span> 
     </span>
    </p>
   </div>
   <div class='ocr_carea' id='block_1_74' title="bbox 2303 1558 3815 1639">
    <p class='ocr_par' dir='ltr' id='par_1_74' title="bbox 2303 1558 3815 1639">
     <span class='ocr_line' id='line_1_74' title="bbox 2303 1558 3815 1639; baseline 0.016 -33"><span class='ocrx_word' id='word_1_534' title='bbox 2303 1563 2432 1618; x_wconf 89' lang='lat' dir='ltr'><strong>tem,</strong></span> <span class='ocrx_word' id='word_1_535' title='bbox 2466 1571 2587 1609; x_wconf 85' lang='lat' dir='ltr'><strong>cum</strong></span> <span class='ocrx_word' id='word_1_536' title='bbox 2618 1558 2703 1612; x_wconf 85' lang='lat' dir='ltr'><strong>vel</strong></span> <span class='ocrx_word' id='word_1_537' title='bbox 2729 1559 2847 1613; x_wconf 88' lang='lat' dir='ltr'><strong>aliis</strong></span> <span class='ocrx_word' id='word_1_538' title='bbox 2873 1561 3248 1631; x_wconf 80' lang='lat' dir='ltr'><strong>referentibus,</strong></span> <span class='ocrx_word' id='word_1_539' title='bbox 3274 1567 3357 1620; x_wconf 62' lang='lat' dir='ltr'><strong>viel</strong></span> <span class='ocrx_word' id='word_1_540' title='bbox 3387 1583 3478 1637; x_wconf 91' lang='lat' dir='ltr'><strong>per</strong></span> <span class='ocrx_word' id='word_1_541' title='bbox 3514 1571 3658 1639; x_wconf 86' lang='lat' dir='ltr'><strong>ipsius</strong></span> <span class='ocrx_word' id='word_1_542' title='bbox 3687 1573 3815 1630; x_wconf 79' lang='lat' dir='ltr'><strong>Theo-</strong></span> 
     </span>
    </p>
   </div>
   <div class='ocr_carea' id='block_1_75' title="bbox 2299 1643 3813 1734">
    <p class='ocr_par' dir='ltr' id='par_1_75' title="bbox 2299 1643 3813 1734">
     <span class='ocr_line' id='line_1_75' title="bbox 2299 1643 3813 1734; baseline 0.015 -36"><span class='ocrx_word' id='word_1_543' title='bbox 2299 1643 2415 1698; x_wconf 92' lang='lat' dir='ltr'><strong>dori</strong></span> <span class='ocrx_word' id='word_1_544' title='bbox 2460 1645 2642 1702; x_wconf 88' lang='lat' dir='ltr'><strong>literas</strong></span> <span class='ocrx_word' id='word_1_545' title='bbox 2680 1651 2995 1720; x_wconf 68' lang='lat' dir='ltr'><strong>accepisset,</strong></span> <span class='ocrx_word' id='word_1_546' title='bbox 3036 1652 3377 1711; x_wconf 88' lang='lat' dir='ltr'><strong>Theodorum</strong></span> <span class='ocrx_word' id='word_1_547' title='bbox 3422 1659 3535 1714; x_wconf 91' lang='lat' dir='ltr'><strong>idco</strong></span> <span class='ocrx_word' id='word_1_548' title='bbox 3570 1662 3617 1717; x_wconf 87' lang='lat' dir='ltr'><strong>in</strong></span> <span class='ocrx_word' id='word_1_549' title='bbox 3656 1666 3813 1734; x_wconf 80' lang='lat' dir='ltr'><strong>negotia</strong></span> 
     </span>
    </p>
   </div>
   <div class='ocr_carea' id='block_1_76' title="bbox 2298 1738 3814 1816">
    <p class='ocr_par' dir='ltr' id='par_1_76' title="bbox 2298 1738 3814 1816">
     <span class='ocr_line' id='line_1_76' title="bbox 2298 1738 3814 1816; baseline 0.013 -27"><span class='ocrx_word' id='word_1_550' title='bbox 2298 1738 2573 1794; x_wconf 71' lang='lat' dir='ltr'><strong>smcularia</strong></span> <span class='ocrx_word' id='word_1_551' title='bbox 2615 1754 2675 1795; x_wconf 90' lang='lat' dir='ltr'><strong>se</strong></span> <span class='ocrx_word' id='word_1_552' title='bbox 2699 1743 3002 1808; x_wconf 87' lang='lat' dir='ltr'><strong>immisisse,</strong></span> <span class='ocrx_word' id='word_1_553' title='bbox 3035 1755 3093 1799; x_wconf 93' lang='lat' dir='ltr'><strong>ut</strong></span> <span class='ocrx_word' id='word_1_554' title='bbox 3120 1756 3460 1816; x_wconf 86' lang='lat' dir='ltr'><strong>paternarum</strong></span> <span class='ocrx_word' id='word_1_555' title='bbox 3490 1767 3649 1807; x_wconf 90' lang='lat' dir='ltr'><strong>rerum</strong></span> <span class='ocrx_word' id='word_1_556' title='bbox 3669 1755 3814 1811; x_wconf 84' lang='lat' dir='ltr'><strong>sollici-</strong></span> 
     </span>
    </p>
   </div>
   <div class='ocr_carea' id='block_1_77' title="bbox 2299 1827 3811 1908">
    <p class='ocr_par' dir='ltr' id='par_1_77' title="bbox 2299 1827 3811 1908">
     <span class='ocr_line' id='line_1_77' title="bbox 2299 1827 3811 1908; baseline 0.014 -27"><span class='ocrx_word' id='word_1_557' title='bbox 2299 1827 2538 1885; x_wconf 91' lang='lat' dir='ltr'><strong>tudinem</strong></span> <span class='ocrx_word' id='word_1_558' title='bbox 2575 1843 2806 1900; x_wconf 84' lang='lat' dir='ltr'><strong>gereret,</strong></span> <span class='ocrx_word' id='word_1_559' title='bbox 2837 1834 3178 1893; x_wconf 82' lang='lat' dir='ltr'><strong>llcrmionem</strong></span> <span class='ocrx_word' id='word_1_560' title='bbox 3208 1855 3409 1908; x_wconf 89' lang='lat' dir='ltr'><strong>amare,</strong></span> <span class='ocrx_word' id='word_1_561' title='bbox 3437 1853 3491 1898; x_wconf 94' lang='lat' dir='ltr'><strong>ut</strong></span> <span class='ocrx_word' id='word_1_562' title='bbox 3513 1860 3618 1900; x_wconf 89' lang='lat' dir='ltr'><strong>eam</strong></span> <span class='ocrx_word' id='word_1_563' title='bbox 3647 1845 3811 1902; x_wconf 79' lang='lat' dir='ltr'><strong>duceret</strong></span> 
     </span>
    </p>
   </div>
   <div class='ocr_carea' id='block_1_78' title="bbox 2295 1927 3808 2007">
    <p class='ocr_par' dir='ltr' id='par_1_78' title="bbox 2295 1927 3808 2007">
     <span class='ocr_line' id='line_1_78' title="bbox 2295 1927 3808 2007; baseline 0.015 -35"><span class='ocrx_word' id='word_1_564' title='bbox 2295 1933 2553 1985; x_wconf 78' lang='lat' dir='ltr'><strong>uxorem;</strong></span> <span class='ocrx_word' id='word_1_565' title='bbox 2581 1937 2685 1976; x_wconf 94' lang='lat' dir='ltr'><strong>non</strong></span> <span class='ocrx_word' id='word_1_566' title='bbox 2732 1927 2894 1980; x_wconf 91' lang='lat' dir='ltr'><strong>tantis</strong></span> <span class='ocrx_word' id='word_1_567' title='bbox 2916 1927 3154 1997; x_wconf 87' lang='lat' dir='ltr'><strong>quidem,</strong></span> <span class='ocrx_word' id='word_1_568' title='bbox 3187 1935 3399 2001; x_wconf 83' lang='lat' dir='ltr'><strong>quantis</strong></span> <span class='ocrx_word' id='word_1_569' title='bbox 3439 1945 3600 1998; x_wconf 87' lang='lat' dir='ltr'><strong>antea,</strong></span> <span class='ocrx_word' id='word_1_570' title='bbox 3629 1937 3808 2007; x_wconf 83' lang='lat' dir='ltr'><strong>implica-</strong></span> 
     </span>
    </p>
   </div>
   <div class='ocr_carea' id='block_1_79' title="bbox 2297 2012 3809 2098">
    <p class='ocr_par' dir='ltr' id='par_1_79' title="bbox 2297 2012 3809 2098">
     <span class='ocr_line' id='line_1_79' title="bbox 2297 2012 3809 2098; baseline 0.015 -36"><span class='ocrx_word' id='word_1_571' title='bbox 2297 2017 2408 2064; x_wconf 92' lang='lat' dir='ltr'><strong>tum</strong></span> <span class='ocrx_word' id='word_1_572' title='bbox 2439 2013 2593 2067; x_wconf 88' lang='lat' dir='ltr'><strong>malis</strong></span> <span class='ocrx_word' id='word_1_573' title='bbox 2618 2012 2962 2072; x_wconf 88' lang='lat' dir='ltr'><strong>Theodorum</strong></span> <span class='ocrx_word' id='word_1_574' title='bbox 2993 2034 3112 2075; x_wconf 88' lang='lat' dir='ltr'><strong>esse</strong></span> <span class='ocrx_word' id='word_1_575' title='bbox 3139 2024 3380 2091; x_wconf 88' lang='lat' dir='ltr'><strong>putavit;</strong></span> <span class='ocrx_word' id='word_1_576' title='bbox 3417 2027 3506 2082; x_wconf 88' lang='lat' dir='ltr'><strong>sed</strong></span> <span class='ocrx_word' id='word_1_577' title='bbox 3535 2041 3630 2082; x_wconf 87' lang='lat' dir='ltr'><strong>non</strong></span> <span class='ocrx_word' id='word_1_578' title='bbox 3655 2043 3680 2083; x_wconf 89' lang='lat' dir='ltr'><strong>a</strong></span> <span class='ocrx_word' id='word_1_579' title='bbox 3699 2030 3809 2098; x_wconf 82' lang='lat' dir='ltr'><strong>culpa</strong></span> 
     </span>
    </p>
   </div>
   <div class='ocr_carea' id='block_1_80' title="bbox 2295 2098 3807 2187">
    <p class='ocr_par' dir='ltr' id='par_1_80' title="bbox 2295 2098 3807 2187">
     <span class='ocr_line' id='line_1_80' title="bbox 2295 2098 3807 2187; baseline 0.014 -35"><span class='ocrx_word' id='word_1_580' title='bbox 2295 2098 2520 2155; x_wconf 90' lang='lat' dir='ltr'><strong>liberum</strong></span> <span class='ocrx_word' id='word_1_581' title='bbox 2551 2101 2722 2172; x_wconf 76' lang='lat' dir='ltr'><strong>duxit,</strong></span> <span class='ocrx_word' id='word_1_582' title='bbox 2751 2116 2808 2161; x_wconf 92' lang='lat' dir='ltr'><strong>ut</strong></span> <span class='ocrx_word' id='word_1_583' title='bbox 2835 2123 2933 2178; x_wconf 90' lang='lat' dir='ltr'><strong>per</strong></span> <span class='ocrx_word' id='word_1_584' title='bbox 2961 2117 3128 2165; x_wconf 83' lang='lat' dir='ltr'><strong>lotam</strong></span> <span class='ocrx_word' id='word_1_585' title='bbox 3164 2114 3453 2169; x_wconf 85' lang='lat' dir='ltr'><strong>secundam</strong></span> <span class='ocrx_word' id='word_1_586' title='bbox 3487 2119 3726 2187; x_wconf 86' lang='lat' dir='ltr'><strong>epistolam</strong></span> <span class='ocrx_word' id='word_1_587' title='bbox 3751 2120 3807 2173; x_wconf 82' lang='lat' dir='ltr'><strong>in-</strong></span> 
     </span>
    </p>
   </div>
   <div class='ocr_carea' id='block_1_81' title="bbox 2293 2190 3808 2281">
    <p class='ocr_par' dir='ltr' id='par_1_81' title="bbox 2293 2190 3808 2281">
     <span class='ocr_line' id='line_1_81' title="bbox 2293 2190 3808 2281; baseline 0.015 -37"><span class='ocrx_word' id='word_1_588' title='bbox 2293 2190 2459 2258; x_wconf 88' lang='lat' dir='ltr'><strong>dicat,</strong></span> <span class='ocrx_word' id='word_1_589' title='bbox 2488 2195 2640 2263; x_wconf 91' lang='lat' dir='ltr'><strong>cujus</strong></span> <span class='ocrx_word' id='word_1_590' title='bbox 2677 2200 2967 2256; x_wconf 82' lang='lat' dir='ltr'><strong>exordium</strong></span> <span class='ocrx_word' id='word_1_591' title='bbox 2997 2212 3080 2258; x_wconf 91' lang='lat' dir='ltr'><strong>est</strong></span> <span class='ocrx_word' id='word_1_592' title='bbox 3119 2203 3424 2274; x_wconf 89' lang='lat' dir='ltr'><strong>hujusmodi</strong></span> <span class='ocrx_word' id='word_1_593' title='bbox 3451 2227 3462 2261; x_wconf 89' lang='lat'>:</span> <span class='ocrx_word' id='word_1_594' title='bbox 3493 2209 3550 2263; x_wconf 86' lang='lat' dir='ltr'><strong>Si</strong></span> <span class='ocrx_word' id='word_1_595' title='bbox 3575 2212 3700 2278; x_wconf 77' lang='lat' dir='ltr'><strong>ﬂetus</strong></span> <span class='ocrx_word' id='word_1_596' title='bbox 3722 2228 3808 2281; x_wconf 81' lang='lat' dir='ltr'><strong>pos-</strong></span> 
     </span>
    </p>
   </div>
   <div class='ocr_carea' id='block_1_82' title="bbox 2291 2288 3809 2372">
    <p class='ocr_par' dir='ltr' id='par_1_82' title="bbox 2291 2288 3809 2372">
     <span class='ocr_line' id='line_1_82' title="bbox 2291 2288 3809 2372; baseline 0.014 -37"><span class='ocrx_word' id='word_1_597' title='bbox 2291 2293 2400 2336; x_wconf 87' lang='lat' dir='ltr'><strong>sent</strong></span> <span class='ocrx_word' id='word_1_598' title='bbox 2428 2293 2474 2338; x_wconf 90' lang='lat' dir='ltr'><strong>et</strong></span> <span class='ocrx_word' id='word_1_599' title='bbox 2504 2288 2716 2355; x_wconf 81' lang='lat' dir='ltr'><strong>gemitus</strong></span> <span class='ocrx_word' id='word_1_600' title='bbox 2736 2305 2825 2358; x_wconf 82' lang='lat' dir='ltr'><strong>per</strong></span> <span class='ocrx_word' id='word_1_601' title='bbox 2851 2292 3023 2346; x_wconf 81' lang='lat' dir='ltr'><strong>literas</strong></span> <span class='ocrx_word' id='word_1_602' title='bbox 3054 2296 3298 2363; x_wconf 77' lang='lat' dir='ltr'><strong>exhiberi,</strong></span> <span class='ocrx_word' id='word_1_603' title='bbox 3327 2299 3404 2353; x_wconf 85' lang='lat' dir='ltr'><strong>his</strong></span> <span class='ocrx_word' id='word_1_604' title='bbox 3424 2300 3642 2370; x_wconf 79' lang='lat' dir='ltr'><strong>repletam</strong></span> <span class='ocrx_word' id='word_1_605' title='bbox 3667 2301 3809 2372; x_wconf 81' lang='lat' dir='ltr'><strong>episto-</strong></span> 
     </span>
    </p>
   </div>
   <div class='ocr_carea' id='block_1_83' title="bbox 2290 2377 3803 2464">
    <p class='ocr_par' dir='ltr' id='par_1_83' title="bbox 2290 2377 3803 2464">
     <span class='ocr_line' id='line_1_83' title="bbox 2290 2377 3803 2464; baseline 0.011 -33"><span class='ocrx_word' id='word_1_606' title='bbox 2290 2377 2392 2432; x_wconf 86' lang='lat' dir='ltr'><strong>lam</strong></span> <span class='ocrx_word' id='word_1_607' title='bbox 2431 2380 2501 2433; x_wconf 87' lang='lat' dir='ltr'><strong>ad</strong></span> <span class='ocrx_word' id='word_1_608' title='bbox 2526 2391 2574 2436; x_wconf 90' lang='lat' dir='ltr'><strong>te</strong></span> <span class='ocrx_word' id='word_1_609' title='bbox 2613 2385 2876 2439; x_wconf 79' lang='lat' dir='ltr'><strong>misissem.</strong></span> <span class='ocrx_word' id='word_1_610' title='bbox 2906 2385 3157 2459; x_wconf 81' lang='lat' dir='ltr'><strong>Equidem</strong></span> <span class='ocrx_word' id='word_1_611' title='bbox 3186 2392 3308 2461; x_wconf 80' lang='lat' dir='ltr'><strong>ﬂeo,</strong></span> <span class='ocrx_word' id='word_1_612' title='bbox 3349 2410 3449 2447; x_wconf 83' lang='lat' dir='ltr'><strong>non</strong></span> <span class='ocrx_word' id='word_1_613' title='bbox 3476 2396 3599 2461; x_wconf 80' lang='lat' dir='ltr'><strong>quod</strong></span> <span class='ocrx_word' id='word_1_614' title='bbox 3619 2406 3803 2464; x_wconf 81' lang='lat' dir='ltr'><strong>paterna-</strong></span> 
     </span>
    </p>
   </div>
   <div class='ocr_carea' id='block_1_84' title="bbox 2285 2477 3814 2556">
    <p class='ocr_par' dir='ltr' id='par_1_84' title="bbox 2285 2477 3814 2556">
     <span class='ocr_line' id='line_1_84' title="bbox 2285 2477 3814 2556; baseline 0.013 -32"><span class='ocrx_word' id='word_1_615' title='bbox 2285 2487 2398 2525; x_wconf 85' lang='lat' dir='ltr'><strong>rum</strong></span> <span class='ocrx_word' id='word_1_616' title='bbox 2423 2489 2592 2528; x_wconf 81' lang='lat' dir='ltr'><strong>rerum</strong></span> <span class='ocrx_word' id='word_1_617' title='bbox 2615 2477 3007 2533; x_wconf 85' lang='lat' dir='ltr'><strong>sollicitudinem</strong></span> <span class='ocrx_word' id='word_1_618' title='bbox 3030 2499 3196 2552; x_wconf 78' lang='lat' dir='ltr'><strong>geras,</strong></span> <span class='ocrx_word' id='word_1_619' title='bbox 3225 2485 3317 2538; x_wconf 90' lang='lat' dir='ltr'><strong>sed</strong></span> <span class='ocrx_word' id='word_1_620' title='bbox 3336 2486 3470 2555; x_wconf 84' lang='lat' dir='ltr'><strong>quod</strong></span> <span class='ocrx_word' id='word_1_621' title='bbox 3496 2504 3553 2541; x_wconf 82' lang='lat' dir='ltr'><strong>ea:</strong></span> <span class='ocrx_word' id='word_1_622' title='bbox 3576 2487 3752 2556; x_wconf 75' lang='lat' dir='ltr'><strong>fratrum</strong></span> <span class='ocrx_word' id='word_1_623' title='bbox 3775 2495 3814 2544; x_wconf 31' lang='lat' dir='ltr'><strong>te.</strong></span> 
     </span>
    </p>
   </div>
   <div class='ocr_carea' id='block_1_85' title="bbox 2283 2565 3804 2642">
    <p class='ocr_par' dir='ltr' id='par_1_85' title="bbox 2283 2565 3804 2642">
     <span class='ocr_line' id='line_1_85' title="bbox 2283 2565 3804 2642; baseline 0.009 -26"><span class='ocrx_word' id='word_1_624' title='bbox 2283 2565 2517 2635; x_wconf 82' lang='lat' dir='ltr'><strong>catalogo</strong></span> <span class='ocrx_word' id='word_1_625' title='bbox 2546 2567 2804 2633; x_wconf 79' lang='lat' dir='ltr'><strong>deleveris,</strong></span> <span class='ocrx_word' id='word_1_626' title='bbox 2830 2572 2965 2640; x_wconf 85' lang='lat' dir='ltr'><strong>quod</strong></span> <span class='ocrx_word' id='word_1_627' title='bbox 2994 2585 3142 2642; x_wconf 83' lang='lat' dir='ltr'><strong>pacta</strong></span> <span class='ocrx_word' id='word_1_628' title='bbox 3180 2591 3292 2628; x_wconf 86' lang='lat' dir='ltr'><strong>cum</strong></span> <span class='ocrx_word' id='word_1_629' title='bbox 3323 2575 3516 2632; x_wconf 85' lang='lat' dir='ltr'><strong>Christo</strong></span> <span class='ocrx_word' id='word_1_630' title='bbox 3543 2579 3653 2631; x_wconf 86' lang='lat' dir='ltr'><strong>inita</strong></span> <span class='ocrx_word' id='word_1_631' title='bbox 3683 2578 3804 2631; x_wconf 79' lang='lat' dir='ltr'><strong>calca-</strong></span> 
     </span>
    </p>
   </div>
   <div class='ocr_carea' id='block_1_86' title="bbox 2285 2655 3808 2739">
    <p class='ocr_par' dir='ltr' id='par_1_86' title="bbox 2285 2655 3808 2739">
     <span class='ocr_line' id='line_1_86' title="bbox 2285 2655 3808 2739; baseline 0.008 -33"><span class='ocrx_word' id='word_1_632' title='bbox 2285 2655 2431 2708; x_wconf 78' lang='lat' dir='ltr'><strong>veris.</strong></span> <span class='ocrx_word' id='word_1_633' title='bbox 2461 2656 2536 2710; x_wconf 90' lang='lat' dir='ltr'><strong>De</strong></span> <span class='ocrx_word' id='word_1_634' title='bbox 2569 2659 2836 2714; x_wconf 87' lang='lat' dir='ltr'><strong>connubio</strong></span> <span class='ocrx_word' id='word_1_635' title='bbox 2857 2671 3035 2718; x_wconf 88' lang='lat' dir='ltr'><strong>autem</strong></span> <span class='ocrx_word' id='word_1_636' title='bbox 3070 2663 3186 2719; x_wconf 69' lang='lat' dir='ltr'><strong>hmo</strong></span> <span class='ocrx_word' id='word_1_637' title='bbox 3213 2666 3378 2722; x_wconf 88' lang='lat' dir='ltr'><strong>habet</strong></span> <span class='ocrx_word' id='word_1_638' title='bbox 3406 2682 3456 2736; x_wconf 89' lang='lat' dir='ltr'><strong>p.</strong></span> <span class='ocrx_word' id='word_1_639' title='bbox 3487 2669 3551 2724; x_wconf 75' lang='lat'><strong>33</strong></span> <span class='ocrx_word' id='word_1_640' title='bbox 3579 2686 3592 2723; x_wconf 91' lang='lat'><strong>:</strong></span> <span class='ocrx_word' id='word_1_641' title='bbox 3619 2666 3808 2739; x_wconf 77' lang='lat' dir='ltr'><strong>Legitinut</strong></span> 
     </span>
    </p>
   </div>
   <div class='ocr_carea' id='block_1_87' title="bbox 2282 2750 3808 2830">
    <p class='ocr_par' dir='ltr' id='par_1_87' title="bbox 2282 2750 3808 2830">
     <span class='ocr_line' id='line_1_87' title="bbox 2282 2750 3808 2830; baseline 0.009 -33"><span class='ocrx_word' id='word_1_642' title='bbox 2282 2761 2362 2799; x_wconf 90' lang='lat' dir='ltr'><strong>res</strong></span> <span class='ocrx_word' id='word_1_643' title='bbox 2387 2756 2460 2800; x_wconf 81' lang='lat' dir='ltr'><strong>est</strong></span> <span class='ocrx_word' id='word_1_644' title='bbox 2502 2750 2814 2820; x_wconf 69' lang='lat' dir='ltr'><strong>confugium,</strong></span> <span class='ocrx_word' id='word_1_645' title='bbox 2844 2753 2900 2806; x_wconf 84' lang='lat' dir='ltr'><strong>id</strong></span> <span class='ocrx_word' id='word_1_646' title='bbox 2932 2769 3024 2825; x_wconf 85' lang='lat' dir='ltr'><strong>ego</strong></span> <span class='ocrx_word' id='word_1_647' title='bbox 3048 2759 3278 2825; x_wconf 79' lang='lat' dir='ltr'><strong>fateor...</strong></span> <span class='ocrx_word' id='word_1_648' title='bbox 3313 2763 3401 2812; x_wconf 84' lang='lat' dir='ltr'><strong>sed</strong></span> <span class='ocrx_word' id='word_1_649' title='bbox 3427 2759 3512 2814; x_wconf 85' lang='lat' dir='ltr'><strong>tibi</strong></span> <span class='ocrx_word' id='word_1_650' title='bbox 3527 2760 3631 2830; x_wconf 84' lang='lat' dir='ltr'><strong>jam</strong></span> <span class='ocrx_word' id='word_1_651' title='bbox 3658 2766 3808 2812; x_wconf 79' lang='lat' dir='ltr'><strong>nonest</strong></span> 
     </span>
    </p>
   </div>
   <div class='ocr_carea' id='block_1_88' title="bbox 2282 2837 3806 2918">
    <p class='ocr_par' dir='ltr' id='par_1_88' title="bbox 2282 2837 3806 2918">
     <span class='ocr_line' id='line_1_88' title="bbox 2282 2837 3806 2918; baseline 0.008 -28"><span class='ocrx_word' id='word_1_652' title='bbox 2282 2837 2532 2909; x_wconf 85' lang='lat' dir='ltr'><strong>integrum</strong></span> <span class='ocrx_word' id='word_1_653' title='bbox 2564 2842 2692 2911; x_wconf 81' lang='lat' dir='ltr'><strong>jura</strong></span> <span class='ocrx_word' id='word_1_654' title='bbox 2725 2845 2963 2898; x_wconf 79' lang='lat' dir='ltr'><strong>connubii</strong></span> <span class='ocrx_word' id='word_1_655' title='bbox 2995 2863 3212 2901; x_wconf 79' lang='lat' dir='ltr'><strong>servare.</strong></span> <span class='ocrx_word' id='word_1_656' title='bbox 3246 2848 3382 2903; x_wconf 77' lang='lat' dir='ltr'><strong>Eum</strong></span> <span class='ocrx_word' id='word_1_657' title='bbox 3421 2853 3564 2912; x_wconf 80' lang='lat' dir='ltr'><strong>enim,</strong></span> <span class='ocrx_word' id='word_1_658' title='bbox 3589 2851 3663 2918; x_wconf 85' lang='lat' dir='ltr'><strong>qui</strong></span> <span class='ocrx_word' id='word_1_659' title='bbox 3695 2848 3806 2904; x_wconf 78' lang='lat' dir='ltr'><strong>semd</strong></span> 
     </span>
    </p>
   </div>
   <div class='ocr_carea' id='block_1_89' title="bbox 2282 2929 3806 3005">
    <p class='ocr_par' dir='ltr' id='par_1_89' title="bbox 2282 2929 3806 3005">
     <span class='ocr_line' id='line_1_89' title="bbox 2282 2929 3806 3005; baseline 0.008 -24"><span class='ocrx_word' id='word_1_660' title='bbox 2282 2929 2471 2983; x_wconf 69' lang='lat' dir='ltr'><strong>scelesti</strong></span> <span class='ocrx_word' id='word_1_661' title='bbox 2489 2947 2678 2999; x_wconf 83' lang='lat' dir='ltr'><strong>sponso</strong></span> <span class='ocrx_word' id='word_1_662' title='bbox 2693 2935 2908 3005; x_wconf 86' lang='lat' dir='ltr'><strong>junctus</strong></span> <span class='ocrx_word' id='word_1_663' title='bbox 2926 2945 3022 3001; x_wconf 88' lang='lat' dir='ltr'><strong>est,</strong></span> <span class='ocrx_word' id='word_1_664' title='bbox 3039 2938 3082 2992; x_wconf 91' lang='lat' dir='ltr'><strong>si</strong></span> <span class='ocrx_word' id='word_1_665' title='bbox 3109 2939 3282 2993; x_wconf 82' lang='lat' dir='ltr'><strong>abillo</strong></span> <span class='ocrx_word' id='word_1_666' title='bbox 3304 2941 3566 2996; x_wconf 84' lang='lat' dir='ltr'><strong>divellatur</strong></span> <span class='ocrx_word' id='word_1_667' title='bbox 3588 2952 3627 2996; x_wconf 84' lang='lat' dir='ltr'><strong>et</strong></span> <span class='ocrx_word' id='word_1_668' title='bbox 3653 2953 3806 2994; x_wconf 77' lang='lat' dir='ltr'><strong>mrem</strong></span> 
     </span>
    </p>
   </div>
   <div class='ocr_carea' id='block_1_90' title="bbox 2281 3019 3804 3086">
    <p class='ocr_par' dir='ltr' id='par_1_90' title="bbox 2281 3019 3804 3086">
     <span class='ocr_line' id='line_1_90' title="bbox 2281 3019 3804 3086; baseline 0.006 -15"><span class='ocrx_word' id='word_1_669' title='bbox 2281 3019 2453 3084; x_wconf 89' lang='lat' dir='ltr'><strong>ducat,</strong></span> <span class='ocrx_word' id='word_1_670' title='bbox 2483 3022 2792 3077; x_wconf 86' lang='lat' dir='ltr'><strong>adulterium</strong></span> <span class='ocrx_word' id='word_1_671' title='bbox 2833 3025 3098 3082; x_wconf 87' lang='lat' dir='ltr'><strong>admittere</strong></span> <span class='ocrx_word' id='word_1_672' title='bbox 3138 3039 3334 3083; x_wconf 81' lang='lat' dir='ltr'><strong>certum</strong></span> <span class='ocrx_word' id='word_1_673' title='bbox 3378 3040 3470 3086; x_wconf 87' lang='lat' dir='ltr'><strong>est.</strong></span> <span class='ocrx_word' id='word_1_674' title='bbox 3516 3030 3640 3086; x_wconf 87' lang='lat' dir='ltr'><strong>Puto</strong></span> <span class='ocrx_word' id='word_1_675' title='bbox 3673 3039 3804 3084; x_wconf 87' lang='lat' dir='ltr'><strong>autem</strong></span> 
     </span>
    </p>
   </div>
   <div class='ocr_carea' id='block_1_91' title="bbox 2280 3105 3802 3193">
    <p class='ocr_par' dir='ltr' id='par_1_91' title="bbox 2280 3105 3802 3193">
     <span class='ocr_line' id='line_1_91' title="bbox 2280 3105 3802 3193; baseline 0.012 -30"><span class='ocrx_word' id='word_1_676' title='bbox 2280 3109 2622 3166; x_wconf 88' lang='lat' dir='ltr'><strong>Theodorum</strong></span> <span class='ocrx_word' id='word_1_677' title='bbox 2647 3116 2884 3184; x_wconf 90' lang='lat' dir='ltr'><strong>acceptis</strong></span> <span class='ocrx_word' id='word_1_678' title='bbox 2912 3116 3177 3186; x_wconf 85' lang='lat' dir='ltr'><strong>prioribus</strong></span> <span class='ocrx_word' id='word_1_679' title='bbox 3205 3105 3567 3193; x_wconf 75' lang='lat' dir='ltr'><strong>Clirysostomi</strong></span> <span class='ocrx_word' id='word_1_680' title='bbox 3599 3118 3802 3189; x_wconf 59' lang='lat' dir='ltr'><strong>epistolis,</strong></span> 
     </span>
    </p>
   </div>
   <div class='ocr_carea' id='block_1_92' title="bbox 2278 3201 3805 3282">
    <p class='ocr_par' dir='ltr' id='par_1_92' title="bbox 2278 3201 3805 3282">
     <span class='ocr_line' id='line_1_92' title="bbox 2278 3201 3805 3282; baseline 0.006 -30"><span class='ocrx_word' id='word_1_681' title='bbox 2278 3201 2471 3271; x_wconf 90' lang='lat' dir='ltr'><strong>quibus</strong></span> <span class='ocrx_word' id='word_1_682' title='bbox 2499 3202 2567 3258; x_wconf 91' lang='lat' dir='ltr'><strong>de</strong></span> <span class='ocrx_word' id='word_1_683' title='bbox 2591 3205 2939 3262; x_wconf 74' lang='lat' dir='ltr'><strong>smcularibus</strong></span> <span class='ocrx_word' id='word_1_684' title='bbox 2976 3211 3240 3280; x_wconf 90' lang='lat' dir='ltr'><strong>susceptis</strong></span> <span class='ocrx_word' id='word_1_685' title='bbox 3271 3213 3516 3282; x_wconf 85' lang='lat' dir='ltr'><strong>negotiis,</strong></span> <span class='ocrx_word' id='word_1_686' title='bbox 3553 3220 3602 3266; x_wconf 91' lang='lat' dir='ltr'><strong>et</strong></span> <span class='ocrx_word' id='word_1_687' title='bbox 3622 3210 3680 3264; x_wconf 85' lang='lat' dir='ltr'><strong>de</strong></span> <span class='ocrx_word' id='word_1_688' title='bbox 3709 3209 3805 3263; x_wconf 86' lang='lat' dir='ltr'><strong>llcr-</strong></span> 
     </span>
    </p>
   </div>
   <div class='ocr_carea' id='block_1_93' title="bbox 2278 3293 3805 3370">
    <p class='ocr_par' dir='ltr' id='par_1_93' title="bbox 2278 3293 3805 3370">
     <span class='ocr_line' id='line_1_93' title="bbox 2278 3293 3805 3370; baseline 0.005 -22"><span class='ocrx_word' id='word_1_689' title='bbox 2278 3293 2488 3349; x_wconf 85' lang='lat' dir='ltr'><strong>mioncs</strong></span> <span class='ocrx_word' id='word_1_690' title='bbox 2529 3311 2714 3352; x_wconf 89' lang='lat' dir='ltr'><strong>amore</strong></span> <span class='ocrx_word' id='word_1_691' title='bbox 2755 3299 3193 3370; x_wconf 87' lang='lat' dir='ltr'><strong>redarguebatur,</strong></span> <span class='ocrx_word' id='word_1_692' title='bbox 3238 3305 3310 3359; x_wconf 89' lang='lat' dir='ltr'><strong>ad</strong></span> <span class='ocrx_word' id='word_1_693' title='bbox 3354 3305 3433 3359; x_wconf 90' lang='lat' dir='ltr'><strong>sui</strong></span> <span class='ocrx_word' id='word_1_694' title='bbox 3476 3303 3805 3361; x_wconf 82' lang='lat' dir='ltr'><strong>excusationem</strong></span> 
     </span>
    </p>
   </div>
   <div class='ocr_carea' id='block_1_94' title="bbox 2279 3386 3802 3464">
    <p class='ocr_par' dir='ltr' id='par_1_94' title="bbox 2279 3386 3802 3464">
     <span class='ocr_line' id='line_1_94' title="bbox 2279 3386 3802 3464; baseline 0.005 -25"><span class='ocrx_word' id='word_1_695' title='bbox 2279 3399 2374 3455; x_wconf 91' lang='lat' dir='ltr'><strong>per</strong></span> <span class='ocrx_word' id='word_1_696' title='bbox 2397 3386 2650 3455; x_wconf 90' lang='lat' dir='ltr'><strong>epistolas</strong></span> <span class='ocrx_word' id='word_1_697' title='bbox 2675 3399 2731 3444; x_wconf 92' lang='lat' dir='ltr'><strong>et</strong></span> <span class='ocrx_word' id='word_1_698' title='bbox 2766 3401 3106 3460; x_wconf 89' lang='lat' dir='ltr'><strong>paternarum</strong></span> <span class='ocrx_word' id='word_1_699' title='bbox 3133 3410 3316 3451; x_wconf 92' lang='lat' dir='ltr'><strong>rerum</strong></span> <span class='ocrx_word' id='word_1_700' title='bbox 3357 3412 3556 3464; x_wconf 87' lang='lat' dir='ltr'><strong>curam,</strong></span> <span class='ocrx_word' id='word_1_701' title='bbox 3591 3405 3639 3452; x_wconf 87' lang='lat' dir='ltr'><strong>et</strong></span> <span class='ocrx_word' id='word_1_702' title='bbox 3668 3393 3802 3462; x_wconf 87' lang='lat' dir='ltr'><strong>conju.</strong></span> 
     </span>
    </p>
   </div>
   <div class='ocr_carea' id='block_1_95' title="bbox 2286 3477 3804 3548">
    <p class='ocr_par' dir='ltr' id='par_1_95' title="bbox 2286 3477 3804 3548">
     <span class='ocr_line' id='line_1_95' title="bbox 2286 3477 3804 3548; baseline 0.003 -16"><span class='ocrx_word' id='word_1_703' title='bbox 2286 3477 2431 3548; x_wconf 90' lang='lat' dir='ltr'><strong>gium</strong></span> <span class='ocrx_word' id='word_1_704' title='bbox 2457 3493 2576 3534; x_wconf 91' lang='lat' dir='ltr'><strong>cum</strong></span> <span class='ocrx_word' id='word_1_705' title='bbox 2605 3479 2896 3540; x_wconf 83' lang='lat' dir='ltr'><strong>Hermione</strong></span> <span class='ocrx_word' id='word_1_706' title='bbox 2921 3485 3214 3542; x_wconf 90' lang='lat' dir='ltr'><strong>ineundum</strong></span> <span class='ocrx_word' id='word_1_707' title='bbox 3252 3488 3311 3544; x_wconf 89' lang='lat' dir='ltr'><strong>in</strong></span> <span class='ocrx_word' id='word_1_708' title='bbox 3339 3490 3565 3545; x_wconf 86' lang='lat' dir='ltr'><strong>medium</strong></span> <span class='ocrx_word' id='word_1_709' title='bbox 3603 3486 3804 3543; x_wconf 78' lang='lat' dir='ltr'><strong>attulisse.</strong></span> 
     </span>
    </p>
   </div>
   <div class='ocr_carea' id='block_1_96' title="bbox 2275 3565 3802 3652">
    <p class='ocr_par' dir='ltr' id='par_1_96' title="bbox 2275 3565 3802 3652">
     <span class='ocr_line' id='line_1_96' title="bbox 2275 3565 3802 3652; baseline 0.005 -31"><span class='ocrx_word' id='word_1_710' title='bbox 2275 3565 2434 3622; x_wconf 89' lang='lat' dir='ltr'><strong>Certe</strong></span> <span class='ocrx_word' id='word_1_711' title='bbox 2475 3569 2526 3623; x_wconf 93' lang='lat' dir='ltr'><strong>in</strong></span> <span class='ocrx_word' id='word_1_712' title='bbox 2565 3571 2806 3640; x_wconf 75' lang='lat' dir='ltr'><strong>epistola:</strong></span> <span class='ocrx_word' id='word_1_713' title='bbox 2835 3583 3124 3644; x_wconf 74' lang='lat' dir='ltr'><strong>postremzc</strong></span> <span class='ocrx_word' id='word_1_714' title='bbox 3163 3579 3316 3636; x_wconf 90' lang='lat' dir='ltr'><strong>calce</strong></span> <span class='ocrx_word' id='word_1_715' title='bbox 3356 3591 3507 3652; x_wconf 88' lang='lat' dir='ltr'><strong>rogat</strong></span> <span class='ocrx_word' id='word_1_716' title='bbox 3531 3579 3802 3636; x_wconf 87' lang='lat' dir='ltr'><strong>Theodorum</strong></span> 
     </span>
    </p>
   </div>
   <div class='ocr_carea' id='block_1_97' title="bbox 2276 3654 3804 3742">
    <p class='ocr_par' dir='ltr' id='par_1_97' title="bbox 2276 3654 3804 3742">
     <span class='ocr_line' id='line_1_97' title="bbox 2276 3654 3804 3742; baseline 0.005 -30"><span class='ocrx_word' id='word_1_717' title='bbox 2276 3654 2716 3730; x_wconf 86' lang='lat' dir='ltr'><strong>Chrysostomus,</strong></span> <span class='ocrx_word' id='word_1_718' title='bbox 2745 3671 2804 3718; x_wconf 91' lang='lat' dir='ltr'><strong>ut</strong></span> <span class='ocrx_word' id='word_1_719' title='bbox 2846 3665 2944 3720; x_wconf 89' lang='lat' dir='ltr'><strong>sibi</strong></span> <span class='ocrx_word' id='word_1_720' title='bbox 2977 3668 3277 3723; x_wconf 79' lang='lat' dir='ltr'><strong>rescribere</strong></span> <span class='ocrx_word' id='word_1_721' title='bbox 3303 3670 3578 3742; x_wconf 83' lang='lat' dir='ltr'><strong>dignetur;</strong></span> <span class='ocrx_word' id='word_1_722' title='bbox 3613 3671 3650 3724; x_wconf 88' lang='lat' dir='ltr'><strong>si</strong></span> <span class='ocrx_word' id='word_1_723' title='bbox 3678 3677 3737 3723; x_wconf 89' lang='lat' dir='ltr'><strong>tot</strong></span> <span class='ocrx_word' id='word_1_724' title='bbox 3758 3667 3804 3720; x_wconf 83' lang='lat' dir='ltr'><strong>li-</strong></span> 
     </span>
    </p>
   </div>
   <div class='ocr_carea' id='block_1_98' title="bbox 2277 3750 3803 3832">
    <p class='ocr_par' dir='ltr' id='par_1_98' title="bbox 2277 3750 3803 3832">
     <span class='ocr_line' id='line_1_98' title="bbox 2277 3750 3803 3832; baseline 0.002 -27"><span class='ocrx_word' id='word_1_725' title='bbox 2277 3750 2408 3805; x_wconf 81' lang='lat' dir='ltr'><strong>teris</strong></span> <span class='ocrx_word' id='word_1_726' title='bbox 2448 3761 2602 3807; x_wconf 85' lang='lat' dir='ltr'><strong>antea</strong></span> <span class='ocrx_word' id='word_1_727' title='bbox 2643 3755 2842 3821; x_wconf 86' lang='lat' dir='ltr'><strong>missis,</strong></span> <span class='ocrx_word' id='word_1_728' title='bbox 2892 3757 3024 3812; x_wconf 87' lang='lat' dir='ltr'><strong>nihil</strong></span> <span class='ocrx_word' id='word_1_729' title='bbox 3070 3761 3458 3829; x_wconf 89' lang='lat' dir='ltr'><strong>respondisset,</strong></span> <span class='ocrx_word' id='word_1_730' title='bbox 3497 3761 3803 3832; x_wconf 83' lang='lat' dir='ltr'><strong>objurgaturus</strong></span> 
     </span>
    </p>
   </div>
   <div class='ocr_carea' id='block_1_99' title="bbox 2274 3841 3802 3920">
    <p class='ocr_par' dir='ltr' id='par_1_99' title="bbox 2274 3841 3802 3920">
     <span class='ocr_line' id='line_1_99' title="bbox 2274 3841 3802 3920; baseline 0.001 -24"><span class='ocrx_word' id='word_1_731' title='bbox 2274 3854 2396 3896; x_wconf 89' lang='lat' dir='ltr'><strong>eum</strong></span> <span class='ocrx_word' id='word_1_732' title='bbox 2426 3841 2563 3896; x_wconf 90' lang='lat' dir='ltr'><strong>haud</strong></span> <span class='ocrx_word' id='word_1_733' title='bbox 2589 3843 2748 3899; x_wconf 87' lang='lat' dir='ltr'><strong>dubie</strong></span> <span class='ocrx_word' id='word_1_734' title='bbox 2775 3854 2890 3900; x_wconf 87' lang='lat' dir='ltr'><strong>erat</strong></span> <span class='ocrx_word' id='word_1_735' title='bbox 2919 3847 3343 3920; x_wconf 81' lang='lat' dir='ltr'><strong>Chrysostomus</strong></span> <span class='ocrx_word' id='word_1_736' title='bbox 3368 3851 3438 3908; x_wconf 88' lang='lat' dir='ltr'><strong>de</strong></span> <span class='ocrx_word' id='word_1_737' title='bbox 3465 3862 3603 3906; x_wconf 89' lang='lat' dir='ltr'><strong>tanto</strong></span> <span class='ocrx_word' id='word_1_738' title='bbox 3625 3847 3802 3906; x_wconf 85' lang='lat' dir='ltr'><strong>silentio.</strong></span> 
     </span>
    </p>
   </div>
   <div class='ocr_carea' id='block_1_100' title="bbox 2347 3930 3804 4010">
    <p class='ocr_par' dir='ltr' id='par_1_100' title="bbox 2347 3930 3804 4010">
     <span class='ocr_line' id='line_1_100' title="bbox 2347 3930 3804 4010; baseline 0.004 -24"><span class='ocrx_word' id='word_1_739' title='bbox 2347 3930 2442 3987; x_wconf 87' lang='lat' dir='ltr'><strong>llis</strong></span> <span class='ocrx_word' id='word_1_740' title='bbox 2467 3947 2567 4003; x_wconf 89' lang='lat' dir='ltr'><strong>ego</strong></span> <span class='ocrx_word' id='word_1_741' title='bbox 2591 3933 2659 3989; x_wconf 90' lang='lat' dir='ltr'><strong>de</strong></span> <span class='ocrx_word' id='word_1_742' title='bbox 2693 3937 2871 3991; x_wconf 90' lang='lat' dir='ltr'><strong>causis</strong></span> <span class='ocrx_word' id='word_1_743' title='bbox 2898 3937 3080 3992; x_wconf 88' lang='lat' dir='ltr'><strong>Savilii</strong></span> <span class='ocrx_word' id='word_1_744' title='bbox 3109 3948 3165 3994; x_wconf 90' lang='lat' dir='ltr'><strong>et</strong></span> <span class='ocrx_word' id='word_1_745' title='bbox 3208 3939 3499 3998; x_wconf 85' lang='lat' dir='ltr'><strong>Frontonis</strong></span> <span class='ocrx_word' id='word_1_746' title='bbox 3525 3940 3727 4010; x_wconf 83' lang='lat' dir='ltr'><strong>vestigiis</strong></span> <span class='ocrx_word' id='word_1_747' title='bbox 3748 3937 3804 3988; x_wconf 88' lang='lat' dir='ltr'><strong>in-</strong></span> 
     </span>
    </p>
   </div>
   <div class='ocr_carea' id='block_1_101' title="bbox 2273 4025 3804 4104">
    <p class='ocr_par' dir='ltr' id='par_1_101' title="bbox 2273 4025 3804 4104">
     <span class='ocr_line' id='line_1_101' title="bbox 2273 4025 3804 4104; baseline 0.003 -24"><span class='ocrx_word' id='word_1_748' title='bbox 2273 4025 2470 4080; x_wconf 90' lang='lat' dir='ltr'><strong>sistens</strong></span> <span class='ocrx_word' id='word_1_749' title='bbox 2495 4042 2657 4081; x_wconf 90' lang='lat' dir='ltr'><strong>unum</strong></span> <span class='ocrx_word' id='word_1_750' title='bbox 2688 4027 2852 4084; x_wconf 79' lang='lat' dir='ltr'><strong>fuisse</strong></span> <span class='ocrx_word' id='word_1_751' title='bbox 2883 4029 3223 4087; x_wconf 89' lang='lat' dir='ltr'><strong>Theodorum</strong></span> <span class='ocrx_word' id='word_1_752' title='bbox 3254 4045 3406 4103; x_wconf 91' lang='lat' dir='ltr'><strong>puto,</strong></span> <span class='ocrx_word' id='word_1_753' title='bbox 3451 4035 3514 4091; x_wconf 89' lang='lat' dir='ltr'><strong>ad</strong></span> <span class='ocrx_word' id='word_1_754' title='bbox 3539 4050 3678 4104; x_wconf 88' lang='lat' dir='ltr'><strong>quem</strong></span> <span class='ocrx_word' id='word_1_755' title='bbox 3700 4039 3804 4085; x_wconf 84' lang='lat' dir='ltr'><strong>utra-</strong></span> 
     </span>
    </p>
   </div>
   <div class='ocr_carea' id='block_1_102' title="bbox 2273 4121 3800 4198">
    <p class='ocr_par' dir='ltr' id='par_1_102' title="bbox 2273 4121 3800 4198">
     <span class='ocr_line' id='line_1_102' title="bbox 2273 4121 3800 4198; baseline -0.001 -25"><span class='ocrx_word' id='word_1_756' title='bbox 2273 4135 2379 4190; x_wconf 90' lang='lat' dir='ltr'><strong>que</strong></span> <span class='ocrx_word' id='word_1_757' title='bbox 2419 4121 2708 4189; x_wconf 64' lang='lat' dir='ltr'><strong>partenesis</strong></span> <span class='ocrx_word' id='word_1_758' title='bbox 2737 4123 2898 4178; x_wconf 89' lang='lat' dir='ltr'><strong>missa</strong></span> <span class='ocrx_word' id='word_1_759' title='bbox 2926 4124 3045 4178; x_wconf 79' lang='lat' dir='ltr'><strong>fuit.</strong></span> <span class='ocrx_word' id='word_1_760' title='bbox 3081 4123 3322 4198; x_wconf 87' lang='lat' dir='ltr'><strong>Utraque</strong></span> <span class='ocrx_word' id='word_1_761' title='bbox 3349 4137 3497 4184; x_wconf 89' lang='lat' dir='ltr'><strong>certe</strong></span> <span class='ocrx_word' id='word_1_762' title='bbox 3523 4126 3584 4181; x_wconf 90' lang='lat' dir='ltr'><strong>ad</strong></span> <span class='ocrx_word' id='word_1_763' title='bbox 3610 4123 3800 4181; x_wconf 87' lang='lat' dir='ltr'><strong>eumdem</strong></span> 
     </span>
    </p>
   </div>
   <div class='ocr_carea' id='block_1_103' title="bbox 2273 4209 3802 4289">
    <p class='ocr_par' dir='ltr' id='par_1_103' title="bbox 2273 4209 3802 4289">
     <span class='ocr_line' id='line_1_103' title="bbox 2273 4209 3802 4289; baseline -0.003 -23"><span class='ocrx_word' id='word_1_764' title='bbox 2273 4209 2617 4266; x_wconf 85' lang='lat' dir='ltr'><strong>Theodorum</strong></span> <span class='ocrx_word' id='word_1_765' title='bbox 2674 4213 2986 4269; x_wconf 89' lang='lat' dir='ltr'><strong>inscribitur</strong></span> <span class='ocrx_word' id='word_1_766' title='bbox 3035 4215 3088 4270; x_wconf 92' lang='lat' dir='ltr'><strong>in</strong></span> <span class='ocrx_word' id='word_1_767' title='bbox 3143 4218 3400 4289; x_wconf 85' lang='lat' dir='ltr'><strong>omnibus</strong></span> <span class='ocrx_word' id='word_1_768' title='bbox 3457 4211 3802 4285; x_wconf 87' lang='lat' dir='ltr'><strong>manuscriptis.</strong></span> 
     </span>
    </p>
   </div>
   <div class='ocr_carea' id='block_1_104' title="bbox 2275 4299 3803 4372">
    <p class='ocr_par' dir='ltr' id='par_1_104' title="bbox 2275 4299 3803 4372">
     <span class='ocr_line' id='line_1_104' title="bbox 2275 4299 3803 4372; baseline -0.002 -16"><span class='ocrx_word' id='word_1_769' title='bbox 2275 4317 2504 4372; x_wconf 88' lang='lat' dir='ltr'><strong>quorum</strong></span> <span class='ocrx_word' id='word_1_770' title='bbox 2555 4303 2774 4371; x_wconf 91' lang='lat' dir='ltr'><strong>quidam</strong></span> <span class='ocrx_word' id='word_1_771' title='bbox 2831 4305 3205 4362; x_wconf 67' lang='lat' dir='ltr'><strong>remotissima:</strong></span> <span class='ocrx_word' id='word_1_772' title='bbox 3255 4310 3538 4364; x_wconf 86' lang='lat' dir='ltr'><strong>vetustatis</strong></span> <span class='ocrx_word' id='word_1_773' title='bbox 3585 4299 3803 4360; x_wconf 72' lang='lat' dir='ltr'><strong>suntzdd</strong></span> 
     </span>
    </p>
   </div>
   <div class='ocr_carea' id='block_1_105' title="bbox 2274 4393 3802 4462">
    <p class='ocr_par' dir='ltr' id='par_1_105' title="bbox 2274 4393 3802 4462">
     <span class='ocr_line' id='line_1_105' title="bbox 2274 4393 3802 4462; baseline 0 -15"><span class='ocrx_word' id='word_1_774' title='bbox 2274 4395 2505 4447; x_wconf 85' lang='lat' dir='ltr'><strong>eumdem</strong></span> <span class='ocrx_word' id='word_1_775' title='bbox 2561 4393 2882 4450; x_wconf 85' lang='lat' dir='ltr'><strong>Theodorum</strong></span> <span class='ocrx_word' id='word_1_776' title='bbox 2905 4435 2922 4462; x_wconf 89' lang='lat'><strong>,</strong></span> <span class='ocrx_word' id='word_1_777' title='bbox 2982 4395 3180 4453; x_wconf 85' lang='lat' dir='ltr'><strong>habent</strong></span> <span class='ocrx_word' id='word_1_778' title='bbox 3219 4413 3415 4455; x_wconf 87' lang='lat' dir='ltr'><strong>omnes</strong></span> <span class='ocrx_word' id='word_1_779' title='bbox 3451 4417 3465 4453; x_wconf 91' lang='lat'>:</span> <span class='ocrx_word' id='word_1_780' title='bbox 3503 4399 3627 4454; x_wconf 89' lang='lat' dir='ltr'><strong>duos</strong></span> <span class='ocrx_word' id='word_1_781' title='bbox 3669 4401 3802 4448; x_wconf 81' lang='lat' dir='ltr'><strong>autem</strong></span> 
     </span>
    </p>
   </div>
   <div class='ocr_carea' id='block_1_106' title="bbox 2274 4485 3802 4562">
    <p class='ocr_par' dir='ltr' id='par_1_106' title="bbox 2274 4485 3802 4562">
     <span class='ocr_line' id='line_1_106' title="bbox 2274 4485 3802 4562; baseline 0 -22"><span class='ocrx_word' id='word_1_782' title='bbox 2274 4485 2588 4541; x_wconf 85' lang='lat' dir='ltr'><strong>Theodoros</strong></span> <span class='ocrx_word' id='word_1_783' title='bbox 2614 4487 2965 4556; x_wconf 86' lang='lat' dir='ltr'><strong>comminisci,</strong></span> <span class='ocrx_word' id='word_1_784' title='bbox 2981 4503 3206 4558; x_wconf 89' lang='lat' dir='ltr'><strong>quorum</strong></span> <span class='ocrx_word' id='word_1_785' title='bbox 3235 4501 3462 4562; x_wconf 89' lang='lat' dir='ltr'><strong>uterque</strong></span> <span class='ocrx_word' id='word_1_786' title='bbox 3485 4504 3597 4544; x_wconf 92' lang='lat' dir='ltr'><strong>cum</strong></span> <span class='ocrx_word' id='word_1_787' title='bbox 3623 4485 3802 4552; x_wconf 76' lang='lat' dir='ltr'><strong>Chryso-</strong></span> 
     </span>
    </p>
   </div>
   <div class='ocr_carea' id='block_1_107' title="bbox 2274 4569 3802 4650">
    <p class='ocr_par' dir='ltr' id='par_1_107' title="bbox 2274 4569 3802 4650">
     <span class='ocr_line' id='line_1_107' title="bbox 2274 4569 3802 4650; baseline -0.005 -16"><span class='ocrx_word' id='word_1_788' title='bbox 2274 4586 2450 4634; x_wconf 90' lang='lat' dir='ltr'><strong>stomo</strong></span> <span class='ocrx_word' id='word_1_789' title='bbox 2487 4579 2742 4634; x_wconf 88' lang='lat' dir='ltr'><strong>societate</strong></span> <span class='ocrx_word' id='word_1_790' title='bbox 2772 4579 2988 4650; x_wconf 89' lang='lat' dir='ltr'><strong>junctus</strong></span> <span class='ocrx_word' id='word_1_791' title='bbox 3025 4595 3180 4636; x_wconf 87' lang='lat' dir='ltr'><strong>sacro</strong></span> <span class='ocrx_word' id='word_1_792' title='bbox 3222 4582 3437 4637; x_wconf 89' lang='lat' dir='ltr'><strong>cuidam</strong></span> <span class='ocrx_word' id='word_1_793' title='bbox 3475 4579 3622 4638; x_wconf 65' lang='lat' dir='ltr'><strong>metui</strong></span> <span class='ocrx_word' id='word_1_794' title='bbox 3659 4591 3706 4630; x_wconf 89' lang='lat' dir='ltr'><strong>sc</strong></span> <span class='ocrx_word' id='word_1_795' title='bbox 3735 4569 3802 4627; x_wconf 45' lang='lat' dir='ltr'><strong>ad.</strong></span> 
     </span>
    </p>
   </div>
   <div class='ocr_carea' id='block_1_108' title="bbox 2271 4665 3802 4743">
    <p class='ocr_par' dir='ltr' id='par_1_108' title="bbox 2271 4665 3802 4743">
     <span class='ocr_line' id='line_1_108' title="bbox 2271 4665 3802 4743; baseline -0.006 -18"><span class='ocrx_word' id='word_1_796' title='bbox 2271 4669 2486 4736; x_wconf 79' lang='lat' dir='ltr'><strong>dixerit,</strong></span> <span class='ocrx_word' id='word_1_797' title='bbox 2517 4680 2741 4741; x_wconf 88' lang='lat' dir='ltr'><strong>uterque</strong></span> <span class='ocrx_word' id='word_1_798' title='bbox 2772 4671 3045 4737; x_wconf 89' lang='lat' dir='ltr'><strong>resilierit,</strong></span> <span class='ocrx_word' id='word_1_799' title='bbox 3078 4683 3304 4743; x_wconf 89' lang='lat' dir='ltr'><strong>uterque</strong></span> <span class='ocrx_word' id='word_1_800' title='bbox 3344 4665 3763 4729; x_wconf 81' lang='lat' dir='ltr'><strong>revocamsluerit</strong></span> <span class='ocrx_word' id='word_1_801' title='bbox 3782 4676 3802 4713; x_wconf 81' lang='lat' dir='ltr'><strong>a</strong></span> 
     </span>
    </p>
   </div>
   <div class='ocr_carea' id='block_1_109' title="bbox 2269 4761 3804 4837">
    <p class='ocr_par' dir='ltr' id='par_1_109' title="bbox 2269 4761 3804 4837">
     <span class='ocr_line' id='line_1_109' title="bbox 2269 4761 3804 4837; baseline -0.005 -19"><span class='ocrx_word' id='word_1_802' title='bbox 2269 4761 2677 4834; x_wconf 86' lang='lat' dir='ltr'><strong>Chrysostomo,</strong></span> <span class='ocrx_word' id='word_1_803' title='bbox 2701 4762 2860 4836; x_wconf 85' lang='lat' dir='ltr'><strong>idque</strong></span> <span class='ocrx_word' id='word_1_804' title='bbox 2888 4765 3037 4819; x_wconf 92' lang='lat' dir='ltr'><strong>nullo</strong></span> <span class='ocrx_word' id='word_1_805' title='bbox 3065 4773 3284 4821; x_wconf 90' lang='lat' dir='ltr'><strong>auctore</strong></span> <span class='ocrx_word' id='word_1_806' title='bbox 3312 4781 3487 4837; x_wconf 77' lang='lat' dir='ltr'><strong>exque</strong></span> <span class='ocrx_word' id='word_1_807' title='bbox 3514 4763 3697 4821; x_wconf 88' lang='lat' dir='ltr'><strong>levibus</strong></span> <span class='ocrx_word' id='word_1_808' title='bbox 3711 4765 3804 4813; x_wconf 77' lang='lat' dir='ltr'><strong>coti-</strong></span> 
     </span>
    </p>
   </div>
   <div class='ocr_carea' id='block_1_110' title="bbox 2263 4847 3804 4928">
    <p class='ocr_par' dir='ltr' id='par_1_110' title="bbox 2263 4847 3804 4928">
     <span class='ocr_line' id='line_1_110' title="bbox 2263 4847 3804 4928; baseline -0.005 -20"><span class='ocrx_word' id='word_1_809' title='bbox 2263 4852 2526 4921; x_wconf 89' lang='lat' dir='ltr'><strong>jecturis,</strong></span> <span class='ocrx_word' id='word_1_810' title='bbox 2578 4853 2631 4910; x_wconf 89' lang='lat' dir='ltr'><strong>id</strong></span> <span class='ocrx_word' id='word_1_811' title='bbox 2685 4855 2878 4910; x_wconf 88' lang='lat' dir='ltr'><strong>mirum</strong></span> <span class='ocrx_word' id='word_1_812' title='bbox 2935 4865 3194 4928; x_wconf 91' lang='lat' dir='ltr'><strong>quantum</strong></span> <span class='ocrx_word' id='word_1_813' title='bbox 3247 4858 3537 4914; x_wconf 88' lang='lat' dir='ltr'><strong>abhorreat</strong></span> <span class='ocrx_word' id='word_1_814' title='bbox 3583 4855 3645 4909; x_wconf 87' lang='lat' dir='ltr'><strong>ab</strong></span> <span class='ocrx_word' id='word_1_815' title='bbox 3687 4847 3804 4906; x_wconf 81' lang='lat' dir='ltr'><strong>insti-</strong></span> 
     </span>
    </p>
   </div>
   <div class='ocr_carea' id='block_1_111' title="bbox 2269 4951 2550 5000">
    <p class='ocr_par' dir='ltr' id='par_1_111' title="bbox 2269 4951 2550 5000">
     <span class='ocr_line' id='line_1_111' title="bbox 2269 4951 2550 5000; baseline 0.007 -4"><span class='ocrx_word' id='word_1_816' title='bbox 2269 4951 2383 4998; x_wconf 88' lang='lat' dir='ltr'><strong>tuto</strong></span> <span class='ocrx_word' id='word_1_817' title='bbox 2409 4959 2550 5000; x_wconf 90' lang='lat' dir='ltr'><strong>meo.</strong></span> 
     </span>
    </p>
   </div>
   <div class='ocr_carea' id='block_1_112' title="bbox 2341 5033 3803 5112">
    <p class='ocr_par' dir='ltr' id='par_1_112' title="bbox 2341 5033 3803 5112">
     <span class='ocr_line' id='line_1_112' title="bbox 2341 5033 3803 5112; baseline -0.001 -19"><span class='ocrx_word' id='word_1_818' title='bbox 2341 5038 2492 5093; x_wconf 89' lang='lat' dir='ltr'><strong>Circa</strong></span> <span class='ocrx_word' id='word_1_819' title='bbox 2533 5053 2754 5103; x_wconf 89' lang='lat' dir='ltr'><strong>annum,</strong></span> <span class='ocrx_word' id='word_1_820' title='bbox 2781 5055 2887 5112; x_wconf 87' lang='lat' dir='ltr'><strong>quo</strong></span> <span class='ocrx_word' id='word_1_821' title='bbox 2923 5039 3006 5096; x_wconf 71' lang='lat' dir='ltr'><strong>bte</strong></span> <span class='ocrx_word' id='word_1_822' title='bbox 3041 5042 3161 5096; x_wconf 76' lang='lat' dir='ltr'><strong>dua:</strong></span> <span class='ocrx_word' id='word_1_823' title='bbox 3206 5043 3424 5111; x_wconf 74' lang='lat' dir='ltr'><strong>scripta:</strong></span> <span class='ocrx_word' id='word_1_824' title='bbox 3463 5051 3582 5098; x_wconf 87' lang='lat' dir='ltr'><strong>sunt</strong></span> <span class='ocrx_word' id='word_1_825' title='bbox 3619 5033 3803 5094; x_wconf 72' lang='lat' dir='ltr'><strong>homilim</strong></span> 
     </span>
    </p>
   </div>
   <div class='ocr_carea' id='block_1_113' title="bbox 2266 5130 3804 5196">
    <p class='ocr_par' dir='ltr' id='par_1_113' title="bbox 2266 5130 3804 5196">
     <span class='ocr_line' id='line_1_113' title="bbox 2266 5130 3804 5196; baseline 0.001 -12"><span class='ocrx_word' id='word_1_826' title='bbox 2266 5143 2374 5184; x_wconf 89' lang='lat' dir='ltr'><strong>non</strong></span> <span class='ocrx_word' id='word_1_827' title='bbox 2420 5130 2626 5185; x_wconf 88' lang='lat' dir='ltr'><strong>modica</strong></span> <span class='ocrx_word' id='word_1_828' title='bbox 2665 5141 2748 5187; x_wconf 90' lang='lat' dir='ltr'><strong>est</strong></span> <span class='ocrx_word' id='word_1_829' title='bbox 2787 5131 3091 5189; x_wconf 80' lang='lat' dir='ltr'><strong>diflicultas.</strong></span> <span class='ocrx_word' id='word_1_830' title='bbox 3139 5133 3224 5190; x_wconf 81' lang='lat' dir='ltr'><strong>Ait</strong></span> <span class='ocrx_word' id='word_1_831' title='bbox 3279 5134 3544 5194; x_wconf 87' lang='lat' dir='ltr'><strong>Baronius</strong></span> <span class='ocrx_word' id='word_1_832' title='bbox 3579 5138 3804 5196; x_wconf 76' lang='lat' dir='ltr'><strong>utramque</strong></span> 
     </span>
    </p>
   </div>
   <div class='ocr_carea' id='block_1_114' title="bbox 2267 5222 3803 5297">
    <p class='ocr_par' dir='ltr' id='par_1_114' title="bbox 2267 5222 3803 5297">
     <span class='ocr_line' id='line_1_114' title="bbox 2267 5222 3803 5297; baseline 0.003 -22"><span class='ocrx_word' id='word_1_833' title='bbox 2267 5225 2564 5291; x_wconf 74' lang='lat' dir='ltr'><strong>pamnesin</strong></span> <span class='ocrx_word' id='word_1_834' title='bbox 2591 5241 2620 5279; x_wconf 92' lang='lat' dir='ltr'><strong>a</strong></span> <span class='ocrx_word' id='word_1_835' title='bbox 2650 5222 3059 5297; x_wconf 87' lang='lat' dir='ltr'><strong>Chrysostomo,</strong></span> <span class='ocrx_word' id='word_1_836' title='bbox 3084 5227 3210 5282; x_wconf 90' lang='lat' dir='ltr'><strong>dum</strong></span> <span class='ocrx_word' id='word_1_837' title='bbox 3252 5228 3304 5282; x_wconf 93' lang='lat' dir='ltr'><strong>in</strong></span> <span class='ocrx_word' id='word_1_838' title='bbox 3341 5230 3607 5284; x_wconf 91' lang='lat' dir='ltr'><strong>montibus</strong></span> <span class='ocrx_word' id='word_1_839' title='bbox 3633 5225 3803 5293; x_wconf 60' lang='lat' dir='ltr'><strong>degere!</strong></span> 
     </span>
    </p>
   </div>
   <div class='ocr_carea' id='block_1_115' title="bbox 2266 5312 3802 5382">
    <p class='ocr_par' dir='ltr' id='par_1_115' title="bbox 2266 5312 3802 5382">
     <span class='ocr_line' id='line_1_115' title="bbox 2266 5312 3802 5382; baseline -0.002 -16"><span class='ocrx_word' id='word_1_840' title='bbox 2266 5312 2562 5382; x_wconf 83' lang='lat' dir='ltr'><strong>solitarius,</strong></span> <span class='ocrx_word' id='word_1_841' title='bbox 2594 5315 2662 5370; x_wconf 88' lang='lat' dir='ltr'><strong>ad</strong></span> <span class='ocrx_word' id='word_1_842' title='bbox 2709 5315 3050 5372; x_wconf 87' lang='lat' dir='ltr'><strong>Theodorum</strong></span> <span class='ocrx_word' id='word_1_843' title='bbox 3096 5317 3314 5373; x_wconf 87' lang='lat' dir='ltr'><strong>missam</strong></span> <span class='ocrx_word' id='word_1_844' title='bbox 3349 5318 3531 5374; x_wconf 84' lang='lat' dir='ltr'><strong>fuisse.</strong></span> <span class='ocrx_word' id='word_1_845' title='bbox 3563 5315 3802 5371; x_wconf 84' lang='lat' dir='ltr'><strong>Tillemoa-</strong></span> 
     </span>
    </p>
   </div>
   <div class='ocr_carea' id='block_1_116' title="bbox 2266 5402 3802 5480">
    <p class='ocr_par' dir='ltr' id='par_1_116' title="bbox 2266 5402 3802 5480">
     <span class='ocr_line' id='line_1_116' title="bbox 2266 5402 3802 5480; baseline 0.006 -21"><span class='ocrx_word' id='word_1_846' title='bbox 2266 5406 2371 5461; x_wconf 88' lang='lat' dir='ltr'><strong>tius</strong></span> <span class='ocrx_word' id='word_1_847' title='bbox 2400 5421 2528 5461; x_wconf 83' lang='lat' dir='ltr'><strong>vero</strong></span> <span class='ocrx_word' id='word_1_848' title='bbox 2551 5423 2614 5461; x_wconf 85' lang='lat' dir='ltr'><strong>ex</strong></span> <span class='ocrx_word' id='word_1_849' title='bbox 2655 5407 2998 5477; x_wconf 61' lang='lat' dir='ltr'><strong>prasjudicata</strong></span> <span class='ocrx_word' id='word_1_850' title='bbox 3034 5407 3286 5479; x_wconf 81' lang='lat' dir='ltr'><strong>Opinione</strong></span> <span class='ocrx_word' id='word_1_851' title='bbox 3315 5409 3561 5480; x_wconf 86' lang='lat' dir='ltr'><strong>loquens.</strong></span> <span class='ocrx_word' id='word_1_852' title='bbox 3588 5406 3648 5460; x_wconf 84' lang='lat' dir='ltr'><strong>de</strong></span> <span class='ocrx_word' id='word_1_853' title='bbox 3673 5402 3802 5474; x_wconf 65' lang='lat' dir='ltr'><strong>Prin“</strong></span> 
     </span>
    </p>
   </div>
   <div class='ocr_carea' id='block_1_117' title="bbox 2265 5483 3802 5571">
    <p class='ocr_par' dir='ltr' id='par_1_117' title="bbox 2265 5483 3802 5571">
     <span class='ocr_line' id='line_1_117' title="bbox 2265 5483 3802 5571; baseline -0.005 -17"><span class='ocrx_word' id='word_1_854' title='bbox 2265 5497 2332 5554; x_wconf 89' lang='lat' dir='ltr'><strong>ad</strong></span> <span class='ocrx_word' id='word_1_855' title='bbox 2359 5499 2542 5563; x_wconf 88' lang='lat' dir='ltr'><strong>alium,</strong></span> <span class='ocrx_word' id='word_1_856' title='bbox 2578 5507 2636 5553; x_wconf 92' lang='lat' dir='ltr'><strong>ut</strong></span> <span class='ocrx_word' id='word_1_857' title='bbox 2661 5508 2815 5570; x_wconf 88' lang='lat' dir='ltr'><strong>putat</strong></span> <span class='ocrx_word' id='word_1_858' title='bbox 2839 5500 2950 5563; x_wconf 86' lang='lat' dir='ltr'><strong>ille,</strong></span> <span class='ocrx_word' id='word_1_859' title='bbox 2981 5515 3140 5571; x_wconf 86' lang='lat' dir='ltr'><strong>quam</strong></span> <span class='ocrx_word' id='word_1_860' title='bbox 3163 5501 3590 5569; x_wconf 82' lang='lat' dir='ltr'><strong>Mepsuestenum</strong></span> <span class='ocrx_word' id='word_1_861' title='bbox 3617 5505 3748 5549; x_wconf 62' lang='lat' dir='ltr'><strong>inissa</strong></span> <span class='ocrx_word' id='word_1_862' title='bbox 3767 5483 3802 5538; x_wconf 82' lang='lat' dir='ltr'><strong>id</strong></span> 
     </span>
    </p>
   </div>
   <div class='ocr_carea' id='block_1_118' title="bbox 2263 5578 3802 5662">
    <p class='ocr_par' dir='ltr' id='par_1_118' title="bbox 2263 5578 3802 5662">
     <span class='ocr_line' id='line_1_118' title="bbox 2263 5578 3802 5662; baseline 0 -16"><span class='ocrx_word' id='word_1_863' title='bbox 2263 5591 2484 5647; x_wconf 86' lang='lat' dir='ltr'><strong>concedi</strong></span> <span class='ocrx_word' id='word_1_864' title='bbox 2526 5606 2685 5661; x_wconf 85' lang='lat' dir='ltr'><strong>posse</strong></span> <span class='ocrx_word' id='word_1_865' title='bbox 2729 5601 2918 5662; x_wconf 90' lang='lat' dir='ltr'><strong>putat;</strong></span> <span class='ocrx_word' id='word_1_866' title='bbox 2965 5602 3034 5648; x_wconf 82' lang='lat' dir='ltr'><strong>de</strong></span> <span class='ocrx_word' id='word_1_867' title='bbox 3077 5591 3311 5648; x_wconf 85' lang='lat' dir='ltr'><strong>secunda</strong></span> <span class='ocrx_word' id='word_1_868' title='bbox 3364 5594 3597 5648; x_wconf 88' lang='lat' dir='ltr'><strong>minime.</strong></span> <span class='ocrx_word' id='word_1_869' title='bbox 3641 5583 3726 5653; x_wconf 69' lang='lat' dir='ltr'><strong>Qui</strong></span> <span class='ocrx_word' id='word_1_870' title='bbox 3771 5578 3802 5632; x_wconf 72' lang='grc' dir='ltr'><strong>εί</strong></span> 
     </span>
    </p>
   </div>
   <div class='ocr_carea' id='block_1_119' title="bbox 2263 5673 3800 5756">
    <p class='ocr_par' dir='ltr' id='par_1_119' title="bbox 2263 5673 3800 5756">
     <span class='ocr_line' id='line_1_119' title="bbox 2263 5673 3800 5756; baseline -0.002 -20"><span class='ocrx_word' id='word_1_871' title='bbox 2263 5681 2731 5747; x_wconf 78' lang='lat' dir='ltr'><strong>animadvertisset</strong></span> <span class='ocrx_word' id='word_1_872' title='bbox 2775 5682 2906 5740; x_wconf 90' lang='lat' dir='ltr'><strong>illud</strong></span> <span class='ocrx_word' id='word_1_873' title='bbox 2957 5687 3100 5756; x_wconf 91' lang='lat' dir='ltr'><strong>quod</strong></span> <span class='ocrx_word' id='word_1_874' title='bbox 3150 5685 3200 5740; x_wconf 91' lang='lat' dir='ltr'><strong>in</strong></span> <span class='ocrx_word' id='word_1_875' title='bbox 3248 5684 3357 5740; x_wconf 80' lang='lat' dir='ltr'><strong>line</strong></span> <span class='ocrx_word' id='word_1_876' title='bbox 3416 5683 3596 5756; x_wconf 62' lang='lat' dir='ltr'><strong>prima:</strong></span> <span class='ocrx_word' id='word_1_877' title='bbox 3632 5673 3800 5733; x_wconf 65' lang='lat' dir='ltr'><strong>dicitur.</strong></span> 
     </span>
    </p>
   </div>
   <div class='ocr_carea' id='block_1_120' title="bbox 2264 5774 3799 5850">
    <p class='ocr_par' dir='ltr' id='par_1_120' title="bbox 2264 5774 3799 5850">
     <span class='ocr_line' id='line_1_120' title="bbox 2264 5774 3799 5850; baseline 0 -21"><span class='ocrx_word' id='word_1_878' title='bbox 2264 5775 2484 5846; x_wconf 83' lang='lat' dir='ltr'><strong>perinde</strong></span> <span class='ocrx_word' id='word_1_879' title='bbox 2513 5774 2578 5830; x_wconf 83' lang='lat' dir='ltr'><strong>de</strong></span> <span class='ocrx_word' id='word_1_880' title='bbox 2606 5776 2776 5846; x_wconf 84' lang='lat' dir='ltr'><strong>prima</strong></span> <span class='ocrx_word' id='word_1_881' title='bbox 2820 5787 2981 5850; x_wconf 86' lang='lat' dir='ltr'><strong>atque</strong></span> <span class='ocrx_word' id='word_1_882' title='bbox 3019 5785 3088 5835; x_wconf 83' lang='lat' dir='ltr'><strong>de</strong></span> <span class='ocrx_word' id='word_1_883' title='bbox 3116 5778 3351 5838; x_wconf 84' lang='lat' dir='ltr'><strong>secunda</strong></span> <span class='ocrx_word' id='word_1_884' title='bbox 3399 5794 3502 5836; x_wconf 90' lang='lat' dir='ltr'><strong>non</strong></span> <span class='ocrx_word' id='word_1_885' title='bbox 3529 5785 3672 5849; x_wconf 80' lang='lat' dir='ltr'><strong>posse</strong></span> <span class='ocrx_word' id='word_1_886' title='bbox 3705 5778 3799 5821; x_wconf 58' lang='grc' dir='ltr'><strong>σοι»</strong></span> 
     </span>
    </p>
   </div>
  </div>
