  <div class='ocr_page' id='page_1' title='image "/cluster/home/n/w/nwhite01/storage/ocr_20150623/47:no.1:pt.1/coo.31924054869460/236.png"; bbox 0 0 3954 6392; ppageno 0'>
   <div class='ocr_carea' id='block_1_1' title="bbox 215 347 371 401">
    <p class='ocr_par' dir='ltr' id='par_1_1' title="bbox 215 347 371 401">
     <span class='ocr_line' id='line_1_1' title="bbox 215 347 371 401; baseline 0 0"><span class='ocrx_word' id='word_1_1' title='bbox 215 347 321 401; x_wconf 68' lang='grc'><strong>975</strong></span> <span class='ocrx_word' id='word_1_2' title='bbox 339 358 371 390; x_wconf 60' lang='grc'><strong><em>⁸</em></strong></span> 
     </span>
    </p>
   </div>
   <div class='ocr_carea' id='block_1_2' title="bbox 218 452 1800 526">
    <p class='ocr_par' dir='ltr' id='par_1_2' title="bbox 218 452 1800 526">
     <span class='ocr_line' id='line_1_2' title="bbox 218 452 1800 526; baseline -0.004 -11"><span class='ocrx_word' id='word_1_3' title='bbox 218 459 335 518; x_wconf 84' lang='lat' dir='ltr'><strong>cedi</strong></span> <span class='ocrx_word' id='word_1_4' title='bbox 359 458 612 513; x_wconf 86' lang='lat' dir='ltr'><strong>dicturus</strong></span> <span class='ocrx_word' id='word_1_5' title='bbox 633 462 769 511; x_wconf 84' lang='lat' dir='ltr'><strong>erat.</strong></span> <span class='ocrx_word' id='word_1_6' title='bbox 796 452 886 509; x_wconf 88' lang='lat' dir='ltr'><strong>Slc</strong></span> <span class='ocrx_word' id='word_1_7' title='bbox 903 452 1048 509; x_wconf 91' lang='lat' dir='ltr'><strong>enim</strong></span> <span class='ocrx_word' id='word_1_8' title='bbox 1067 453 1297 525; x_wconf 85' lang='lat' dir='ltr'><strong>primam</strong></span> <span class='ocrx_word' id='word_1_9' title='bbox 1322 454 1625 526; x_wconf 68' lang='lat' dir='ltr'><strong>paraenesin</strong></span> <span class='ocrx_word' id='word_1_10' title='bbox 1644 455 1800 509; x_wconf 91' lang='lat' dir='ltr'><strong>clau-</strong></span> 
     </span>
    </p>
   </div>
   <div class='ocr_carea' id='block_1_3' title="bbox 216 542 1803 614">
    <p class='ocr_par' dir='ltr' id='par_1_3' title="bbox 216 542 1803 614">
     <span class='ocr_line' id='line_1_3' title="bbox 216 542 1803 614; baseline -0.006 -9"><span class='ocrx_word' id='word_1_11' title='bbox 216 549 334 606; x_wconf 81' lang='lat' dir='ltr'><strong>dit:</strong></span> <span class='ocrx_word' id='word_1_12' title='bbox 372 551 597 601; x_wconf 86' lang='lat' dir='ltr'><strong>Tantum</strong></span> <span class='ocrx_word' id='word_1_13' title='bbox 636 561 699 599; x_wconf 87' lang='lat' dir='ltr'><strong>ne</strong></span> <span class='ocrx_word' id='word_1_14' title='bbox 736 543 999 614; x_wconf 81' lang='lat' dir='ltr'><strong>desperes,</strong></span> <span class='ocrx_word' id='word_1_15' title='bbox 1033 560 1194 614; x_wconf 84' lang='lat' dir='ltr'><strong>neque</strong></span> <span class='ocrx_word' id='word_1_16' title='bbox 1216 542 1488 598; x_wconf 77' lang='lat' dir='ltr'><strong>concidas.</strong></span> <span class='ocrx_word' id='word_1_17' title='bbox 1521 547 1635 599; x_wconf 86' lang='lat' dir='ltr'><strong>Hoc</strong></span> <span class='ocrx_word' id='word_1_18' title='bbox 1662 543 1803 597; x_wconf 85' lang='lat' dir='ltr'><strong>enim</strong></span> 
     </span>
    </p>
   </div>
   <div class='ocr_carea' id='block_1_4' title="bbox 219 638 1788 710">
    <p class='ocr_par' dir='ltr' id='par_1_4' title="bbox 219 638 1788 710">
     <span class='ocr_line' id='line_1_4' title="bbox 219 638 1788 710; baseline -0.004 -12"><span class='ocrx_word' id='word_1_19' title='bbox 219 645 314 698; x_wconf 84' lang='lat' dir='ltr'><strong>tibi</strong></span> <span class='ocrx_word' id='word_1_20' title='bbox 331 644 390 696; x_wconf 87' lang='lat' dir='ltr'><strong>in</strong></span> <span class='ocrx_word' id='word_1_21' title='bbox 412 641 584 697; x_wconf 87' lang='lat' dir='ltr'><strong>omnis</strong></span> <span class='ocrx_word' id='word_1_22' title='bbox 604 640 863 695; x_wconf 76' lang='lat' dir='ltr'><strong>sermonis</strong></span> <span class='ocrx_word' id='word_1_23' title='bbox 881 655 1191 710; x_wconf 84' lang='lat' dir='ltr'><strong>congressu,</strong></span> <span class='ocrx_word' id='word_1_24' title='bbox 1208 638 1520 710; x_wconf 81' lang='lat' dir='ltr'><strong>ubicumque</strong></span> <span class='ocrx_word' id='word_1_25' title='bbox 1543 648 1591 692; x_wconf 88' lang='lat' dir='ltr'><strong><em>te</em></strong></span> <span class='ocrx_word' id='word_1_26' title='bbox 1610 638 1788 693; x_wconf 84' lang='lat' dir='ltr'><strong><em>videro</em></strong></span> 
     </span>
    </p>
   </div>
   <div class='ocr_carea' id='block_1_5' title="bbox 216 731 1805 803">
    <p class='ocr_par' dir='ltr' id='par_1_5' title="bbox 216 731 1805 803">
     <span class='ocr_line' id='line_1_5' title="bbox 216 731 1805 803; baseline -0.006 -9"><span class='ocrx_word' id='word_1_27' title='bbox 216 748 267 794; x_wconf 83' lang='lat' dir='ltr'><strong>et</strong></span> <span class='ocrx_word' id='word_1_28' title='bbox 298 738 532 792; x_wconf 72' lang='lat' dir='ltr'><strong>aliorum</strong></span> <span class='ocrx_word' id='word_1_29' title='bbox 554 736 717 790; x_wconf 83' lang='lat' dir='ltr'><strong>etiam</strong></span> <span class='ocrx_word' id='word_1_30' title='bbox 733 750 821 788; x_wconf 87' lang='lat' dir='ltr'><strong>ore</strong></span> <span class='ocrx_word' id='word_1_31' title='bbox 838 741 1064 802; x_wconf 86' lang='lat' dir='ltr'><strong><em>repetere</em></strong></span> <span class='ocrx_word' id='word_1_32' title='bbox 1089 749 1193 787; x_wconf 89' lang='lat' dir='ltr'><strong>non</strong></span> <span class='ocrx_word' id='word_1_33' title='bbox 1210 731 1460 787; x_wconf 88' lang='lat' dir='ltr'><strong>cessabo:</strong></span> <span class='ocrx_word' id='word_1_34' title='bbox 1484 731 1623 803; x_wconf 86' lang='lat' dir='ltr'><strong>quod</strong></span> <span class='ocrx_word' id='word_1_35' title='bbox 1646 733 1693 786; x_wconf 91' lang='lat' dir='ltr'><strong><em>si</em></strong></span> <span class='ocrx_word' id='word_1_36' title='bbox 1714 748 1805 786; x_wconf 88' lang='lat' dir='ltr'><strong>au-</strong></span> 
     </span>
    </p>
   </div>
   <div class='ocr_carea' id='block_1_6' title="bbox 217 824 1805 897">
    <p class='ocr_par' dir='ltr' id='par_1_6' title="bbox 217 824 1805 897">
     <span class='ocr_line' id='line_1_6' title="bbox 217 824 1805 897; baseline -0.003 -14"><span class='ocrx_word' id='word_1_37' title='bbox 217 831 409 892; x_wconf 85' lang='lat' dir='ltr'><strong><em>dieris,</em></strong></span> <span class='ocrx_word' id='word_1_38' title='bbox 434 828 557 882; x_wconf 82' lang='lat' dir='ltr'><strong>aliis</strong></span> <span class='ocrx_word' id='word_1_39' title='bbox 576 826 804 897; x_wconf 83' lang='lat' dir='ltr'><strong>amplius</strong></span> <span class='ocrx_word' id='word_1_40' title='bbox 824 825 1068 879; x_wconf 73' lang='lat' dir='ltr'><strong><em>remediis</em></strong></span> <span class='ocrx_word' id='word_1_41' title='bbox 1088 841 1192 879; x_wconf 90' lang='lat' dir='ltr'><strong>non</strong></span> <span class='ocrx_word' id='word_1_42' title='bbox 1212 825 1404 895; x_wconf 79' lang='lat' dir='ltr'><strong>egebis.</strong></span> <span class='ocrx_word' id='word_1_43' title='bbox 1420 825 1485 879; x_wconf 75' lang='lat' dir='ltr'><strong>In</strong></span> <span class='ocrx_word' id='word_1_44' title='bbox 1500 825 1619 881; x_wconf 91' lang='lat' dir='ltr'><strong>loco</strong></span> <span class='ocrx_word' id='word_1_45' title='bbox 1635 824 1805 894; x_wconf 89' lang='lat' dir='ltr'><strong>igitur</strong></span> 
     </span>
    </p>
   </div>
   <div class='ocr_carea' id='block_1_7' title="bbox 216 914 1805 990">
    <p class='ocr_par' dir='ltr' id='par_1_7' title="bbox 216 914 1805 990">
     <span class='ocr_line' id='line_1_7' title="bbox 216 914 1805 990; baseline -0.006 -12"><span class='ocrx_word' id='word_1_46' title='bbox 216 930 341 978; x_wconf 88' lang='lat' dir='ltr'><strong>erat</strong></span> <span class='ocrx_word' id='word_1_47' title='bbox 368 919 798 990; x_wconf 84' lang='lat' dir='ltr'><strong>Cbrysostomus</strong></span> <span class='ocrx_word' id='word_1_48' title='bbox 818 955 834 981; x_wconf 95' lang='lat'><strong>,</strong></span> <span class='ocrx_word' id='word_1_49' title='bbox 877 915 971 972; x_wconf 90' lang='lat' dir='ltr'><strong>ubi</strong></span> <span class='ocrx_word' id='word_1_50' title='bbox 1012 930 1138 971; x_wconf 90' lang='lat' dir='ltr'><strong>cum</strong></span> <span class='ocrx_word' id='word_1_51' title='bbox 1164 914 1456 970; x_wconf 82' lang='lat' dir='ltr'><strong>Theodoro</strong></span> <span class='ocrx_word' id='word_1_52' title='bbox 1486 914 1721 985; x_wconf 90' lang='lat' dir='ltr'><strong>negotiis</strong></span> <span class='ocrx_word' id='word_1_53' title='bbox 1750 922 1805 969; x_wconf 89' lang='lat' dir='ltr'><strong>et</strong></span> 
     </span>
    </p>
   </div>
   <div class='ocr_carea' id='block_1_8' title="bbox 217 1003 1801 1081">
    <p class='ocr_par' dir='ltr' id='par_1_8' title="bbox 217 1003 1801 1081">
     <span class='ocr_line' id='line_1_8' title="bbox 217 1003 1801 1081; baseline -0.005 -14"><span class='ocrx_word' id='word_1_54' title='bbox 217 1010 595 1081; x_wconf 74' lang='lat' dir='ltr'><strong>voluptatibus</strong></span> <span class='ocrx_word' id='word_1_55' title='bbox 621 1008 883 1064; x_wconf 87' lang='lat' dir='ltr'><strong>immerso</strong></span> <span class='ocrx_word' id='word_1_56' title='bbox 907 1007 1190 1078; x_wconf 82' lang='lat' dir='ltr'><strong>congredi,</strong></span> <span class='ocrx_word' id='word_1_57' title='bbox 1228 1006 1520 1077; x_wconf 51' lang='lat' dir='ltr'><strong>ipsumque</strong></span> <span class='ocrx_word' id='word_1_58' title='bbox 1551 1020 1686 1061; x_wconf 87' lang='lat' dir='ltr'><strong>casu</strong></span> <span class='ocrx_word' id='word_1_59' title='bbox 1711 1003 1801 1061; x_wconf 83' lang='lat' dir='ltr'><strong>of-</strong></span> 
     </span>
    </p>
   </div>
   <div class='ocr_carea' id='block_1_9' title="bbox 220 1095 1805 1172">
    <p class='ocr_par' dir='ltr' id='par_1_9' title="bbox 220 1095 1805 1172">
     <span class='ocr_line' id='line_1_9' title="bbox 220 1095 1805 1172; baseline -0.006 -12"><span class='ocrx_word' id='word_1_60' title='bbox 220 1105 447 1162; x_wconf 81' lang='lat' dir='ltr'><strong>fendere</strong></span> <span class='ocrx_word' id='word_1_61' title='bbox 466 1112 521 1159; x_wconf 91' lang='lat' dir='ltr'><strong>et</strong></span> <span class='ocrx_word' id='word_1_62' title='bbox 542 1101 730 1157; x_wconf 87' lang='lat' dir='ltr'><strong>videre</strong></span> <span class='ocrx_word' id='word_1_63' title='bbox 756 1107 992 1172; x_wconf 82' lang='lat' dir='ltr'><strong>poterat,</strong></span> <span class='ocrx_word' id='word_1_64' title='bbox 1020 1107 1184 1169; x_wconf 88' lang='lat' dir='ltr'><strong>atque</strong></span> <span class='ocrx_word' id='word_1_65' title='bbox 1202 1096 1339 1153; x_wconf 91' lang='lat' dir='ltr'><strong>adeo</strong></span> <span class='ocrx_word' id='word_1_66' title='bbox 1360 1095 1685 1152; x_wconf 63' lang='lat' dir='ltr'><strong>Antiochiae.</strong></span> <span class='ocrx_word' id='word_1_67' title='bbox 1713 1095 1805 1150; x_wconf 88' lang='lat' dir='ltr'><strong>ld-</strong></span> 
     </span>
    </p>
   </div>
   <div class='ocr_carea' id='block_1_10' title="bbox 218 1189 1802 1269">
    <p class='ocr_par' dir='ltr' id='par_1_10' title="bbox 218 1189 1802 1269">
     <span class='ocr_line' id='line_1_10' title="bbox 218 1189 1802 1269; baseline -0.006 -18"><span class='ocrx_word' id='word_1_68' title='bbox 218 1214 331 1269; x_wconf 89' lang='lat' dir='ltr'><strong>que</strong></span> <span class='ocrx_word' id='word_1_69' title='bbox 354 1195 423 1251; x_wconf 86' lang='lat' dir='ltr'><strong>de</strong></span> <span class='ocrx_word' id='word_1_70' title='bbox 450 1194 691 1251; x_wconf 85' lang='lat' dir='ltr'><strong>secunda</strong></span> <span class='ocrx_word' id='word_1_71' title='bbox 714 1194 917 1265; x_wconf 84' lang='lat' dir='ltr'><strong>pariter</strong></span> <span class='ocrx_word' id='word_1_72' title='bbox 940 1192 1193 1248; x_wconf 89' lang='lat' dir='ltr'><strong>oratione</strong></span> <span class='ocrx_word' id='word_1_73' title='bbox 1218 1189 1511 1247; x_wconf 90' lang='lat' dir='ltr'><strong>dicendum</strong></span> <span class='ocrx_word' id='word_1_74' title='bbox 1539 1207 1558 1245; x_wconf 77' lang='lat'><strong>-.</strong></span> <span class='ocrx_word' id='word_1_75' title='bbox 1583 1202 1745 1258; x_wconf 91' lang='lat' dir='ltr'><strong>quam</strong></span> <span class='ocrx_word' id='word_1_76' title='bbox 1770 1202 1802 1242; x_wconf 89' lang='lat' dir='ltr'><strong>a</strong></span> 
     </span>
    </p>
   </div>
   <div class='ocr_carea' id='block_1_11' title="bbox 218 1277 1802 1361">
    <p class='ocr_par' dir='ltr' id='par_1_11' title="bbox 218 1277 1802 1361">
     <span class='ocr_line' id='line_1_11' title="bbox 218 1277 1802 1361; baseline -0.008 -16"><span class='ocrx_word' id='word_1_77' title='bbox 218 1291 613 1361; x_wconf 84' lang='lat' dir='ltr'><strong>Cbrysostomo</strong></span> <span class='ocrx_word' id='word_1_78' title='bbox 634 1287 834 1343; x_wconf 85' lang='lat' dir='ltr'><strong>editam</strong></span> <span class='ocrx_word' id='word_1_79' title='bbox 861 1294 917 1342; x_wconf 92' lang='lat' dir='ltr'><strong>et</strong></span> <span class='ocrx_word' id='word_1_80' title='bbox 934 1286 1162 1342; x_wconf 87' lang='lat' dir='ltr'><strong>missam</strong></span> <span class='ocrx_word' id='word_1_81' title='bbox 1194 1283 1365 1339; x_wconf 79' lang='lat' dir='ltr'><strong>fuisse</strong></span> <span class='ocrx_word' id='word_1_82' title='bbox 1396 1282 1655 1352; x_wconf 85' lang='lat' dir='ltr'><strong>opinatur</strong></span> <span class='ocrx_word' id='word_1_83' title='bbox 1684 1277 1802 1335; x_wconf 88' lang='lat' dir='ltr'><strong>Til-</strong></span> 
     </span>
    </p>
   </div>
   <div class='ocr_carea' id='block_1_12' title="bbox 218 1372 1802 1439">
    <p class='ocr_par' dir='ltr' id='par_1_12' title="bbox 218 1372 1802 1439">
     <span class='ocr_line' id='line_1_12' title="bbox 218 1372 1802 1439; baseline -0.009 -2"><span class='ocrx_word' id='word_1_84' title='bbox 218 1380 517 1437; x_wconf 89' lang='lat' dir='ltr'><strong>lemontius</strong></span> <span class='ocrx_word' id='word_1_85' title='bbox 546 1393 691 1433; x_wconf 90' lang='lat' dir='ltr'><strong>anno</strong></span> <span class='ocrx_word' id='word_1_86' title='bbox 718 1375 938 1434; x_wconf 86' lang='lat' dir='ltr'><strong>circiter</strong></span> <span class='ocrx_word' id='word_1_87' title='bbox 964 1374 1090 1431; x_wconf 79' lang='lat'><strong>569.</strong></span> <span class='ocrx_word' id='word_1_88' title='bbox 1124 1372 1281 1429; x_wconf 83' lang='lat' dir='ltr'><strong>Hunc</strong></span> <span class='ocrx_word' id='word_1_89' title='bbox 1303 1387 1436 1428; x_wconf 85' lang='lat' dir='ltr'><strong>vero</strong></span> <span class='ocrx_word' id='word_1_90' title='bbox 1466 1384 1670 1426; x_wconf 87' lang='lat' dir='ltr'><strong>annum</strong></span> <span class='ocrx_word' id='word_1_91' title='bbox 1701 1382 1802 1439; x_wconf 92' lang='lat' dir='ltr'><strong>pro</strong></span> 
     </span>
    </p>
   </div>
   <div class='ocr_carea' id='block_1_13' title="bbox 218 1461 1804 1542">
    <p class='ocr_par' dir='ltr' id='par_1_13' title="bbox 218 1461 1804 1542">
     <span class='ocr_line' id='line_1_13' title="bbox 218 1461 1804 1542; baseline -0.008 -14"><span class='ocrx_word' id='word_1_92' title='bbox 218 1481 456 1542; x_wconf 87' lang='lat' dir='ltr'><strong>utraque</strong></span> <span class='ocrx_word' id='word_1_93' title='bbox 477 1468 745 1541; x_wconf 66' lang='lat' dir='ltr'><strong>paraenesi</strong></span> <span class='ocrx_word' id='word_1_94' title='bbox 762 1468 996 1523; x_wconf 84' lang='lat' dir='ltr'><strong>libenter</strong></span> <span class='ocrx_word' id='word_1_95' title='bbox 1017 1474 1072 1523; x_wconf 91' lang='lat' dir='ltr'><strong>et</strong></span> <span class='ocrx_word' id='word_1_96' title='bbox 1090 1480 1191 1538; x_wconf 88' lang='lat' dir='ltr'><strong>ego</strong></span> <span class='ocrx_word' id='word_1_97' title='bbox 1211 1465 1499 1522; x_wconf 88' lang='lat' dir='ltr'><strong>statuerim</strong></span> <span class='ocrx_word' id='word_1_98' title='bbox 1520 1480 1536 1531; x_wconf 88' lang='lat'><strong>;</strong></span> <span class='ocrx_word' id='word_1_99' title='bbox 1567 1461 1804 1516; x_wconf 82' lang='lat' dir='ltr'><strong>maxime</strong></span> 
     </span>
    </p>
   </div>
   <div class='ocr_carea' id='block_1_14' title="bbox 217 1552 1797 1637">
    <p class='ocr_par' dir='ltr' id='par_1_14' title="bbox 217 1552 1797 1637">
     <span class='ocr_line' id='line_1_14' title="bbox 217 1552 1797 1637; baseline -0.008 -18"><span class='ocrx_word' id='word_1_100' title='bbox 217 1568 353 1637; x_wconf 86' lang='lat' dir='ltr'><strong>quia</strong></span> <span class='ocrx_word' id='word_1_101' title='bbox 381 1580 493 1619; x_wconf 89' lang='lat' dir='ltr'><strong>non</strong></span> <span class='ocrx_word' id='word_1_102' title='bbox 516 1562 734 1617; x_wconf 89' lang='lat' dir='ltr'><strong>videtur</strong></span> <span class='ocrx_word' id='word_1_103' title='bbox 761 1560 906 1616; x_wconf 91' lang='lat' dir='ltr'><strong>alius</strong></span> <span class='ocrx_word' id='word_1_104' title='bbox 944 1558 1285 1615; x_wconf 85' lang='lat' dir='ltr'><strong>commodior</strong></span> <span class='ocrx_word' id='word_1_105' title='bbox 1315 1572 1493 1612; x_wconf 88' lang='lat' dir='ltr'><strong>annus</strong></span> <span class='ocrx_word' id='word_1_106' title='bbox 1512 1552 1747 1610; x_wconf 86' lang='lat' dir='ltr'><strong>indicari</strong></span> <span class='ocrx_word' id='word_1_107' title='bbox 1783 1570 1797 1607; x_wconf 91' lang='lat'>:</span> 
     </span>
    </p>
   </div>
   <div class='ocr_carea' id='block_1_15' title="bbox 217 1646 1802 1720">
    <p class='ocr_par' dir='ltr' id='par_1_15' title="bbox 217 1646 1802 1720">
     <span class='ocr_line' id='line_1_15' title="bbox 217 1646 1802 1720; baseline -0.009 -7"><span class='ocrx_word' id='word_1_108' title='bbox 217 1657 326 1713; x_wconf 89' lang='lat' dir='ltr'><strong>etsi</strong></span> <span class='ocrx_word' id='word_1_109' title='bbox 359 1671 471 1711; x_wconf 85' lang='lat' dir='ltr'><strong>non</strong></span> <span class='ocrx_word' id='word_1_110' title='bbox 500 1654 711 1709; x_wconf 91' lang='lat' dir='ltr'><strong>modica</strong></span> <span class='ocrx_word' id='word_1_111' title='bbox 736 1651 1028 1707; x_wconf 81' lang='lat' dir='ltr'><strong>dillicultas</strong></span> <span class='ocrx_word' id='word_1_112' title='bbox 1048 1656 1321 1720; x_wconf 74' lang='lat' dir='ltr'><strong>exsurgat</strong></span> <span class='ocrx_word' id='word_1_113' title='bbox 1349 1648 1496 1703; x_wconf 85' lang='lat' dir='ltr'><strong>circa</strong></span> <span class='ocrx_word' id='word_1_114' title='bbox 1526 1646 1679 1701; x_wconf 87' lang='lat' dir='ltr'><strong>illum</strong></span> <span class='ocrx_word' id='word_1_115' title='bbox 1714 1659 1802 1700; x_wconf 89' lang='lat' dir='ltr'><strong>sa-</strong></span> 
     </span>
    </p>
   </div>
   <div class='ocr_carea' id='block_1_16' title="bbox 219 1739 1801 1814">
    <p class='ocr_par' dir='ltr' id='par_1_16' title="bbox 219 1739 1801 1814">
     <span class='ocr_line' id='line_1_16' title="bbox 219 1739 1801 1814; baseline -0.008 -10"><span class='ocrx_word' id='word_1_116' title='bbox 219 1764 380 1804; x_wconf 91' lang='lat' dir='ltr'><strong>crum</strong></span> <span class='ocrx_word' id='word_1_117' title='bbox 404 1756 627 1814; x_wconf 66' lang='lat' dir='ltr'><strong>coetum,</strong></span> <span class='ocrx_word' id='word_1_118' title='bbox 652 1746 741 1799; x_wconf 89' lang='lat' dir='ltr'><strong>cui</strong></span> <span class='ocrx_word' id='word_1_119' title='bbox 770 1759 970 1799; x_wconf 90' lang='lat' dir='ltr'><strong>nomen</strong></span> <span class='ocrx_word' id='word_1_120' title='bbox 999 1744 1261 1799; x_wconf 89' lang='lat' dir='ltr'><strong>dederant</strong></span> <span class='ocrx_word' id='word_1_121' title='bbox 1283 1739 1523 1796; x_wconf 76' lang='lat' dir='ltr'><strong>Joannes</strong></span> <span class='ocrx_word' id='word_1_122' title='bbox 1554 1739 1801 1808; x_wconf 85' lang='lat' dir='ltr'><strong>Chryso-</strong></span> 
     </span>
    </p>
   </div>
   <div class='ocr_carea' id='block_1_17' title="bbox 220 1834 1800 1901">
    <p class='ocr_par' dir='ltr' id='par_1_17' title="bbox 220 1834 1800 1901">
     <span class='ocr_line' id='line_1_17' title="bbox 220 1834 1800 1901; baseline -0.006 -6"><span class='ocrx_word' id='word_1_123' title='bbox 220 1850 440 1897; x_wconf 89' lang='lat' dir='ltr'><strong>stomus</strong></span> <span class='ocrx_word' id='word_1_124' title='bbox 461 1846 513 1893; x_wconf 84' lang='lat' dir='ltr'><strong>et</strong></span> <span class='ocrx_word' id='word_1_125' title='bbox 541 1835 867 1892; x_wconf 85' lang='lat' dir='ltr'><strong>Theodorus</strong></span> <span class='ocrx_word' id='word_1_126' title='bbox 897 1854 909 1889; x_wconf 93' lang='lat'>:</span> <span class='ocrx_word' id='word_1_127' title='bbox 938 1835 1032 1890; x_wconf 89' lang='lat' dir='ltr'><strong>sed</strong></span> <span class='ocrx_word' id='word_1_128' title='bbox 1060 1834 1197 1889; x_wconf 93' lang='lat' dir='ltr'><strong>illud</strong></span> <span class='ocrx_word' id='word_1_129' title='bbox 1223 1840 1501 1899; x_wconf 86' lang='lat' dir='ltr'><strong>accurate,</strong></span> <span class='ocrx_word' id='word_1_130' title='bbox 1534 1837 1800 1901; x_wconf 86' lang='lat' dir='ltr'><strong>quantum</strong></span> 
     </span>
    </p>
   </div>
   <div class='ocr_carea' id='block_1_18' title="bbox 219 1921 1801 1998">
    <p class='ocr_par' dir='ltr' id='par_1_18' title="bbox 219 1921 1801 1998">
     <span class='ocr_line' id='line_1_18' title="bbox 219 1921 1801 1998; baseline -0.009 -9"><span class='ocrx_word' id='word_1_131' title='bbox 219 1934 307 1989; x_wconf 77' lang='lat' dir='ltr'><strong>fas</strong></span> <span class='ocrx_word' id='word_1_132' title='bbox 339 1931 467 1998; x_wconf 89' lang='lat' dir='ltr'><strong>erit,</strong></span> <span class='ocrx_word' id='word_1_133' title='bbox 504 1930 815 1987; x_wconf 75' lang='lat' dir='ltr'><strong>excutiatur</strong></span> <span class='ocrx_word' id='word_1_134' title='bbox 844 1929 898 1983; x_wconf 92' lang='lat' dir='ltr'><strong>in</strong></span> <span class='ocrx_word' id='word_1_135' title='bbox 932 1926 1057 1981; x_wconf 85' lang='lat' dir='ltr'><strong>Vita</strong></span> <span class='ocrx_word' id='word_1_136' title='bbox 1082 1923 1464 1997; x_wconf 86' lang='lat' dir='ltr'><strong>Chrysostomi</strong></span> <span class='ocrx_word' id='word_1_137' title='bbox 1494 1921 1562 1977; x_wconf 86' lang='lat' dir='ltr'><strong>ad</strong></span> <span class='ocrx_word' id='word_1_138' title='bbox 1593 1921 1801 1978; x_wconf 89' lang='lat' dir='ltr'><strong>calcem</strong></span> 
     </span>
    </p>
   </div>
   <div class='ocr_carea' id='block_1_19' title="bbox 221 2018 1056 2095">
    <p class='ocr_par' dir='ltr' id='par_1_19' title="bbox 221 2018 1056 2095">
     <span class='ocr_line' id='line_1_19' title="bbox 221 2018 1056 2095; baseline -0.006 -15"><span class='ocrx_word' id='word_1_139' title='bbox 221 2024 388 2095; x_wconf 84' lang='lat' dir='ltr'><strong>hujus</strong></span> <span class='ocrx_word' id='word_1_140' title='bbox 419 2021 680 2079; x_wconf 83' lang='lat' dir='ltr'><strong>editionis</strong></span> <span class='ocrx_word' id='word_1_141' title='bbox 715 2018 1056 2076; x_wconf 87' lang='lat' dir='ltr'><strong>adornanda.</strong></span> 
     </span>
    </p>
   </div>
   <div class='ocr_carea' id='block_1_20' title="bbox 295 2100 1813 2180">
    <p class='ocr_par' dir='ltr' id='par_1_20' title="bbox 295 2100 1813 2180">
     <span class='ocr_line' id='line_1_20' title="bbox 295 2100 1813 2180; baseline -0.009 -12"><span class='ocrx_word' id='word_1_142' title='bbox 295 2112 563 2168; x_wconf 73' lang='lat' dir='ltr'><strong>Monitum</strong></span> <span class='ocrx_word' id='word_1_143' title='bbox 592 2112 847 2168; x_wconf 86' lang='lat' dir='ltr'><strong>lectorem</strong></span> <span class='ocrx_word' id='word_1_144' title='bbox 872 2108 1053 2176; x_wconf 80' lang='lat' dir='ltr'><strong>velim,</strong></span> <span class='ocrx_word' id='word_1_145' title='bbox 1081 2107 1245 2180; x_wconf 87' lang='lat' dir='ltr'><strong>paulo</strong></span> <span class='ocrx_word' id='word_1_146' title='bbox 1274 2114 1401 2162; x_wconf 86' lang='lat' dir='ltr'><strong>ante</strong></span> <span class='ocrx_word' id='word_1_147' title='bbox 1424 2104 1586 2159; x_wconf 80' lang='lat' dir='ltr'><strong>linem</strong></span> <span class='ocrx_word' id='word_1_148' title='bbox 1611 2100 1813 2177; x_wconf 60' lang='lat' dir='ltr'><strong>prima</strong></span> 
     </span>
    </p>
   </div>
   <div class='ocr_carea' id='block_1_21' title="bbox 563 5723 1301 5794">
    <p class='ocr_par' dir='ltr' id='par_1_21' title="bbox 563 5723 1301 5794">
     <span class='ocr_line' id='line_1_21' title="bbox 563 5723 1301 5794; baseline -0.009 0"><span class='ocrx_word' id='word_1_149' title='bbox 563 5728 843 5794; x_wconf 69' lang='grc' dir='ltr'><strong>Ρλτιιοι.</strong></span> <span class='ocrx_word' id='word_1_150' title='bbox 888 5725 1007 5791; x_wconf 79' lang='lat' dir='ltr'><strong>Gn.</strong></span> <span class='ocrx_word' id='word_1_151' title='bbox 1046 5723 1301 5790; x_wconf 80' lang='lat' dir='ltr'><strong>XLVII.</strong></span> 
     </span>
    </p>
   </div>
   <div class='ocr_carea' id='block_1_22' title="bbox 1682 332 2016 395">
    <p class='ocr_par' dir='ltr' id='par_1_22' title="bbox 1682 332 2016 395">
     <span class='ocr_line' id='line_1_22' title="bbox 1682 332 2016 395; baseline -0.009 -1"><span class='ocrx_word' id='word_1_152' title='bbox 1682 332 2016 395; x_wconf 74' lang='lat' dir='ltr'><strong>MONITUM.</strong></span> 
     </span>
    </p>
   </div>
   <div class='ocr_carea' id='block_1_23' title="bbox 3342 337 3495 403">
    <p class='ocr_par' dir='ltr' id='par_1_23' title="bbox 3342 337 3495 403">
     <span class='ocr_line' id='line_1_23' title="bbox 3342 337 3495 403; baseline 0.013 -11"><span class='ocrx_word' id='word_1_153' title='bbox 3342 337 3495 403; x_wconf 11' lang='lat'><strong>2707&#39;</strong></span> 
     </span>
    </p>
   </div>
   <div class='ocr_carea' id='block_1_24' title="bbox 1912 452 3495 526">
    <p class='ocr_par' dir='ltr' id='par_1_24' title="bbox 1912 452 3495 526">
     <span class='ocr_line' id='line_1_24' title="bbox 1912 452 3495 526; baseline 0.004 -19"><span class='ocrx_word' id='word_1_154' title='bbox 1912 453 2234 525; x_wconf 77' lang='lat' dir='ltr'><strong>paraenesis,</strong></span> <span class='ocrx_word' id='word_1_155' title='bbox 2283 454 2491 509; x_wconf 82' lang='lat' dir='ltr'><strong>scilicet</strong></span> <span class='ocrx_word' id='word_1_156' title='bbox 2538 453 2629 507; x_wconf 90' lang='lat' dir='ltr'><strong>ubi</strong></span> <span class='ocrx_word' id='word_1_157' title='bbox 2672 453 2852 525; x_wconf 88' lang='lat' dir='ltr'><strong>agitur</strong></span> <span class='ocrx_word' id='word_1_158' title='bbox 2898 452 2966 509; x_wconf 89' lang='lat' dir='ltr'><strong>de</strong></span> <span class='ocrx_word' id='word_1_159' title='bbox 3015 453 3247 522; x_wconf 83' lang='lat' dir='ltr'><strong>quodam</strong></span> <span class='ocrx_word' id='word_1_160' title='bbox 3290 456 3495 526; x_wconf 84' lang='lat' dir='ltr'><strong>juvene</strong></span> 
     </span>
    </p>
   </div>
   <div class='ocr_carea' id='block_1_25' title="bbox 1910 544 3493 619">
    <p class='ocr_par' dir='ltr' id='par_1_25' title="bbox 1910 544 3493 619">
     <span class='ocr_line' id='line_1_25' title="bbox 1910 544 3493 619; baseline 0.002 -17"><span class='ocrx_word' id='word_1_161' title='bbox 1910 544 2173 602; x_wconf 63' lang='lat' dir='ltr'><strong>Phoenice</strong></span> <span class='ocrx_word' id='word_1_162' title='bbox 2195 544 2402 603; x_wconf 84' lang='lat' dir='ltr'><strong>Urbani</strong></span> <span class='ocrx_word' id='word_1_163' title='bbox 2424 545 2536 601; x_wconf 83' lang='lat' dir='ltr'><strong>ﬁlio</strong></span> <span class='ocrx_word' id='word_1_164' title='bbox 2557 545 2745 611; x_wconf 84' lang='lat' dir='ltr'><strong>divite,</strong></span> <span class='ocrx_word' id='word_1_165' title='bbox 2770 544 2863 616; x_wconf 92' lang='lat' dir='ltr'><strong>qui</strong></span> <span class='ocrx_word' id='word_1_166' title='bbox 2880 553 3169 619; x_wconf 86' lang='lat' dir='ltr'><strong>postquam</strong></span> <span class='ocrx_word' id='word_1_167' title='bbox 3194 546 3263 603; x_wconf 88' lang='lat' dir='ltr'><strong>ad</strong></span> <span class='ocrx_word' id='word_1_168' title='bbox 3275 556 3493 605; x_wconf 83' lang='lat' dir='ltr'><strong>montes</strong></span> 
     </span>
    </p>
   </div>
   <div class='ocr_carea' id='block_1_26' title="bbox 1911 636 3490 709">
    <p class='ocr_par' dir='ltr' id='par_1_26' title="bbox 1911 636 3490 709">
     <span class='ocr_line' id='line_1_26' title="bbox 1911 636 3490 709; baseline 0.002 -16"><span class='ocrx_word' id='word_1_169' title='bbox 1911 652 2037 693; x_wconf 91' lang='lat' dir='ltr'><strong>cum</strong></span> <span class='ocrx_word' id='word_1_170' title='bbox 2060 637 2352 693; x_wconf 89' lang='lat' dir='ltr'><strong>monachis</strong></span> <span class='ocrx_word' id='word_1_171' title='bbox 2376 637 2722 703; x_wconf 89' lang='lat' dir='ltr'><strong>secessisset,</strong></span> <span class='ocrx_word' id='word_1_172' title='bbox 2747 636 2957 695; x_wconf 81' lang='lat' dir='ltr'><strong>relictis</strong></span> <span class='ocrx_word' id='word_1_173' title='bbox 2973 644 3163 709; x_wconf 85' lang='lat' dir='ltr'><strong>postea</strong></span> <span class='ocrx_word' id='word_1_174' title='bbox 3182 640 3490 705; x_wconf 87' lang='lat' dir='ltr'><strong>monachis,</strong></span> 
     </span>
    </p>
   </div>
   <div class='ocr_carea' id='block_1_27' title="bbox 1911 732 3494 807">
    <p class='ocr_par' dir='ltr' id='par_1_27' title="bbox 1911 732 3494 807">
     <span class='ocr_line' id='line_1_27' title="bbox 1911 732 3494 807; baseline -0.001 -16"><span class='ocrx_word' id='word_1_175' title='bbox 1911 735 2176 806; x_wconf 86' lang='lat' dir='ltr'><strong>voluptati</strong></span> <span class='ocrx_word' id='word_1_176' title='bbox 2198 741 2254 791; x_wconf 91' lang='lat' dir='ltr'><strong>et</strong></span> <span class='ocrx_word' id='word_1_177' title='bbox 2276 733 2492 791; x_wconf 89' lang='lat' dir='ltr'><strong>libidini</strong></span> <span class='ocrx_word' id='word_1_178' title='bbox 2512 733 2568 789; x_wconf 91' lang='lat' dir='ltr'><strong>in</strong></span> <span class='ocrx_word' id='word_1_179' title='bbox 2593 732 2729 789; x_wconf 90' lang='lat' dir='ltr'><strong>urbe</strong></span> <span class='ocrx_word' id='word_1_180' title='bbox 2745 732 2961 789; x_wconf 89' lang='lat' dir='ltr'><strong>deditus</strong></span> <span class='ocrx_word' id='word_1_181' title='bbox 2982 741 3122 802; x_wconf 87' lang='lat' dir='ltr'><strong>erat;</strong></span> <span class='ocrx_word' id='word_1_182' title='bbox 3144 733 3199 789; x_wconf 88' lang='lat' dir='ltr'><strong>id</strong></span> <span class='ocrx_word' id='word_1_183' title='bbox 3218 734 3366 807; x_wconf 89' lang='lat' dir='ltr'><strong>quod</strong></span> <span class='ocrx_word' id='word_1_184' title='bbox 3392 735 3494 789; x_wconf 86' lang='lat' dir='ltr'><strong>ad-</strong></span> 
     </span>
    </p>
   </div>
   <div class='ocr_carea' id='block_1_28' title="bbox 1906 824 3490 898">
    <p class='ocr_par' dir='ltr' id='par_1_28' title="bbox 1906 824 3490 898">
     <span class='ocr_line' id='line_1_28' title="bbox 1906 824 3490 898; baseline 0 -16"><span class='ocrx_word' id='word_1_185' title='bbox 1906 828 2098 898; x_wconf 90' lang='lat' dir='ltr'><strong>jicitur</strong></span> <span class='ocrx_word' id='word_1_186' title='bbox 2122 827 2188 883; x_wconf 89' lang='lat' dir='ltr'><strong>de</strong></span> <span class='ocrx_word' id='word_1_187' title='bbox 2213 826 2422 883; x_wconf 86' lang='lat' dir='ltr'><strong>sanctis</strong></span> <span class='ocrx_word' id='word_1_188' title='bbox 2447 826 2581 882; x_wconf 88' lang='lat' dir='ltr'><strong>viris</strong></span> <span class='ocrx_word' id='word_1_189' title='bbox 2603 824 2698 896; x_wconf 91' lang='lat' dir='ltr'><strong>qui</strong></span> <span class='ocrx_word' id='word_1_190' title='bbox 2730 824 2881 879; x_wconf 90' lang='lat' dir='ltr'><strong>illum</strong></span> <span class='ocrx_word' id='word_1_191' title='bbox 2904 824 2972 879; x_wconf 88' lang='lat' dir='ltr'><strong>ad</strong></span> <span class='ocrx_word' id='word_1_192' title='bbox 2999 824 3287 895; x_wconf 88' lang='lat' dir='ltr'><strong>pristinam</strong></span> <span class='ocrx_word' id='word_1_193' title='bbox 3319 827 3490 882; x_wconf 86' lang='lat' dir='ltr'><strong>vitam</strong></span> 
     </span>
    </p>
   </div>
   <div class='ocr_carea' id='block_1_29' title="bbox 1911 914 3491 984">
    <p class='ocr_par' dir='ltr' id='par_1_29' title="bbox 1911 914 3491 984">
     <span class='ocr_line' id='line_1_29' title="bbox 1911 914 3491 984; baseline -0.001 -9"><span class='ocrx_word' id='word_1_194' title='bbox 1911 920 2173 976; x_wconf 89' lang='lat' dir='ltr'><strong>reducere</strong></span> <span class='ocrx_word' id='word_1_195' title='bbox 2197 918 2499 984; x_wconf 88' lang='lat' dir='ltr'><strong>tentabant,</strong></span> <span class='ocrx_word' id='word_1_196' title='bbox 2525 925 2580 974; x_wconf 89' lang='lat' dir='ltr'><strong>et</strong></span> <span class='ocrx_word' id='word_1_197' title='bbox 2604 926 2664 973; x_wconf 93' lang='lat' dir='ltr'><strong>ut</strong></span> <span class='ocrx_word' id='word_1_198' title='bbox 2687 916 2875 972; x_wconf 64' lang='lat' dir='ltr'><strong>Graeca</strong></span> <span class='ocrx_word' id='word_1_199' title='bbox 2897 916 3187 983; x_wconf 78' lang='lat' dir='ltr'><strong>babent,el</strong></span> <span class='ocrx_word' id='word_1_200' title='bbox 3200 935 3330 973; x_wconf 79' lang='grc' dir='ltr'><strong>ποτε</strong></span> <span class='ocrx_word' id='word_1_201' title='bbox 3352 914 3491 973; x_wconf 75' lang='grc' dir='ltr'><strong>εἶδον</strong></span> 
     </span>
    </p>
   </div>
   <div class='ocr_carea' id='block_1_30' title="bbox 1911 1008 3493 1083">
    <p class='ocr_par' dir='ltr' id='par_1_30' title="bbox 1911 1008 3493 1083">
     <span class='ocr_line' id='line_1_30' title="bbox 1911 1008 3493 1083; baseline 0 -18"><span class='ocrx_word' id='word_1_202' title='bbox 1911 1011 2145 1082; x_wconf 83' lang='grc' dir='ltr'>φανέντα</span> <span class='ocrx_word' id='word_1_203' title='bbox 2166 1012 2259 1065; x_wconf 69' lang='grc' dir='ltr'><strong>ἐπὶ</strong></span> <span class='ocrx_word' id='word_1_204' title='bbox 2272 1010 2373 1083; x_wconf 80' lang='grc' dir='ltr'><strong>τῆς</strong></span> <span class='ocrx_word' id='word_1_205' title='bbox 2392 1010 2619 1081; x_wconf 77' lang='grc' dir='ltr'><strong>ἀγορᾶς,</strong></span> <span class='ocrx_word' id='word_1_206' title='bbox 2638 1010 2733 1063; x_wconf 75' lang='grc' dir='ltr'><strong>καὶ</strong></span> <span class='ocrx_word' id='word_1_207' title='bbox 2749 1008 3056 1081; x_wconf 80' lang='grc' dir='ltr'>προσῄεσαν</span> <span class='ocrx_word' id='word_1_208' title='bbox 3072 1009 3166 1063; x_wconf 81' lang='grc' dir='ltr'><strong>καὶ</strong></span> <span class='ocrx_word' id='word_1_209' title='bbox 3184 1009 3493 1081; x_wconf 78' lang='grc' dir='ltr'><strong>ἠσπάζοντο</strong></span> 
     </span>
    </p>
   </div>
   <div class='ocr_carea' id='block_1_31' title="bbox 1912 1099 3493 1175">
    <p class='ocr_par' dir='ltr' id='par_1_31' title="bbox 1912 1099 3493 1175">
     <span class='ocr_line' id='line_1_31' title="bbox 1912 1099 3493 1175; baseline -0.001 -17"><span class='ocrx_word' id='word_1_210' title='bbox 1912 1102 2081 1175; x_wconf 92' lang='lat' dir='ltr'><strong>(quod</strong></span> <span class='ocrx_word' id='word_1_211' title='bbox 2098 1118 2199 1159; x_wconf 89' lang='lat' dir='ltr'><strong>nos</strong></span> <span class='ocrx_word' id='word_1_212' title='bbox 2214 1102 2503 1167; x_wconf 88' lang='lat' dir='ltr'><strong>vertimus,</strong></span> <span class='ocrx_word' id='word_1_213' title='bbox 2523 1102 2570 1157; x_wconf 88' lang='lat' dir='ltr'><strong><em>si</em></strong></span> <span class='ocrx_word' id='word_1_214' title='bbox 2594 1101 2808 1173; x_wconf 82' lang='lat' dir='ltr'><strong>quando</strong></span> <span class='ocrx_word' id='word_1_215' title='bbox 2834 1099 3067 1156; x_wconf 82' lang='lat' dir='ltr'><strong>viderent</strong></span> <span class='ocrx_word' id='word_1_216' title='bbox 3092 1101 3148 1155; x_wconf 91' lang='lat' dir='ltr'><strong>in</strong></span> <span class='ocrx_word' id='word_1_217' title='bbox 3175 1100 3315 1170; x_wconf 77' lang='lat' dir='ltr'><strong>foro,</strong></span> <span class='ocrx_word' id='word_1_218' title='bbox 3342 1118 3493 1156; x_wconf 81' lang='lat' dir='ltr'><strong>acce-</strong></span> 
     </span>
    </p>
   </div>
   <div class='ocr_carea' id='block_1_32' title="bbox 1910 1191 3489 1265">
    <p class='ocr_par' dir='ltr' id='par_1_32' title="bbox 1910 1191 3489 1265">
     <span class='ocr_line' id='line_1_32' title="bbox 1910 1191 3489 1265; baseline 0 -16"><span class='ocrx_word' id='word_1_219' title='bbox 1910 1196 2103 1252; x_wconf 74' lang='lat' dir='ltr'><strong>dabant</strong></span> <span class='ocrx_word' id='word_1_220' title='bbox 2121 1206 2171 1251; x_wconf 89' lang='lat' dir='ltr'><strong>et</strong></span> <span class='ocrx_word' id='word_1_221' title='bbox 2195 1194 2645 1265; x_wconf 81' lang='lat' dir='ltr'><strong>amplectebantur</strong></span> <span class='ocrx_word' id='word_1_222' title='bbox 2667 1191 2807 1264; x_wconf 87' lang='lat' dir='ltr'><strong>eum)</strong></span> <span class='ocrx_word' id='word_1_223' title='bbox 2824 1191 3228 1265; x_wconf 86' lang='lat' dir='ltr'><strong>illud,inquam,</strong></span> <span class='ocrx_word' id='word_1_224' title='bbox 3243 1207 3489 1250; x_wconf 75' lang='lat' dir='ltr'><strong>commo—</strong></span> 
     </span>
    </p>
   </div>
   <div class='ocr_carea' id='block_1_33' title="bbox 1911 1283 3487 1357">
    <p class='ocr_par' dir='ltr' id='par_1_33' title="bbox 1911 1283 3487 1357">
     <span class='ocr_line' id='line_1_33' title="bbox 1911 1283 3487 1357; baseline -0.003 -15"><span class='ocrx_word' id='word_1_225' title='bbox 1911 1288 2034 1344; x_wconf 87' lang='lat' dir='ltr'><strong>dius</strong></span> <span class='ocrx_word' id='word_1_226' title='bbox 2055 1286 2198 1342; x_wconf 89' lang='lat' dir='ltr'><strong>verti</strong></span> <span class='ocrx_word' id='word_1_227' title='bbox 2218 1301 2406 1357; x_wconf 89' lang='lat' dir='ltr'><strong>posse,</strong></span> <span class='ocrx_word' id='word_1_228' title='bbox 2432 1284 2749 1340; x_wconf 81' lang='lat' dir='ltr'><strong>accedebant</strong></span> <span class='ocrx_word' id='word_1_229' title='bbox 2768 1293 2820 1339; x_wconf 87' lang='lat' dir='ltr'><strong>et</strong></span> <span class='ocrx_word' id='word_1_230' title='bbox 2840 1284 3153 1340; x_wconf 82' lang='lat' dir='ltr'><strong>salutabant</strong></span> <span class='ocrx_word' id='word_1_231' title='bbox 3167 1301 3307 1342; x_wconf 85' lang='lat' dir='ltr'><strong>eum.</strong></span> <span class='ocrx_word' id='word_1_232' title='bbox 3325 1283 3487 1341; x_wconf 80' lang='lat' dir='ltr'><strong>Prior</strong></span> 
     </span>
    </p>
   </div>
   <div class='ocr_carea' id='block_1_34' title="bbox 1909 1378 3490 1453">
    <p class='ocr_par' dir='ltr' id='par_1_34' title="bbox 1909 1378 3490 1453">
     <span class='ocr_line' id='line_1_34' title="bbox 1909 1378 3490 1453; baseline -0.001 -18"><span class='ocrx_word' id='word_1_233' title='bbox 1909 1381 2287 1453; x_wconf 84' lang='lat' dir='ltr'><strong>interpretatio</strong></span> <span class='ocrx_word' id='word_1_234' title='bbox 2308 1382 2512 1452; x_wconf 88' lang='lat' dir='ltr'><strong>optime</strong></span> <span class='ocrx_word' id='word_1_235' title='bbox 2534 1378 2847 1451; x_wconf 86' lang='lat' dir='ltr'><strong>quadraret,</strong></span> <span class='ocrx_word' id='word_1_236' title='bbox 2881 1378 2989 1435; x_wconf 90' lang='lat' dir='ltr'><strong>nisi</strong></span> <span class='ocrx_word' id='word_1_237' title='bbox 3018 1393 3085 1435; x_wconf 86' lang='lat' dir='ltr'><strong>ea</strong></span> <span class='ocrx_word' id='word_1_238' title='bbox 3109 1394 3232 1451; x_wconf 73' lang='lat' dir='ltr'><strong>qua:</strong></span> <span class='ocrx_word' id='word_1_239' title='bbox 3252 1393 3377 1435; x_wconf 82' lang='lat' dir='ltr'><strong>mox</strong></span> <span class='ocrx_word' id='word_1_240' title='bbox 3401 1394 3490 1435; x_wconf 60' lang='lat' dir='ltr'><strong>se.</strong></span> 
     </span>
    </p>
   </div>
   <div class='ocr_carea' id='block_1_35' title="bbox 1908 1470 3491 1548">
    <p class='ocr_par' dir='ltr' id='par_1_35' title="bbox 1908 1470 3491 1548">
     <span class='ocr_line' id='line_1_35' title="bbox 1908 1470 3491 1548; baseline -0.006 -16"><span class='ocrx_word' id='word_1_241' title='bbox 1908 1485 2153 1548; x_wconf 91' lang='lat' dir='ltr'><strong>quuntur</strong></span> <span class='ocrx_word' id='word_1_242' title='bbox 2176 1475 2469 1547; x_wconf 85' lang='lat' dir='ltr'><strong>posteriori</strong></span> <span class='ocrx_word' id='word_1_243' title='bbox 2492 1474 2666 1545; x_wconf 86' lang='lat' dir='ltr'><strong>magis</strong></span> <span class='ocrx_word' id='word_1_244' title='bbox 2698 1472 2943 1528; x_wconf 81' lang='lat' dir='ltr'><strong>faverent</strong></span> <span class='ocrx_word' id='word_1_245' title='bbox 2972 1488 2986 1525; x_wconf 90' lang='lat'><strong>:</strong></span> <span class='ocrx_word' id='word_1_246' title='bbox 3012 1479 3064 1526; x_wconf 89' lang='lat' dir='ltr'><strong>et</strong></span> <span class='ocrx_word' id='word_1_247' title='bbox 3090 1470 3350 1539; x_wconf 83' lang='lat' dir='ltr'><strong>principio</strong></span> <span class='ocrx_word' id='word_1_248' title='bbox 3372 1471 3491 1542; x_wconf 75' lang='lat' dir='ltr'><strong>qui-</strong></span> 
     </span>
    </p>
   </div>
   <div class='ocr_carea' id='block_1_36' title="bbox 1908 1558 3488 1637">
    <p class='ocr_par' dir='ltr' id='par_1_36' title="bbox 1908 1558 3488 1637">
     <span class='ocr_line' id='line_1_36' title="bbox 1908 1558 3488 1637; baseline -0.005 -17"><span class='ocrx_word' id='word_1_249' title='bbox 1908 1567 2025 1622; x_wconf 89' lang='lat' dir='ltr'><strong>dem</strong></span> <span class='ocrx_word' id='word_1_250' title='bbox 2048 1566 2133 1621; x_wconf 87' lang='lat' dir='ltr'><strong>ille</strong></span> <span class='ocrx_word' id='word_1_251' title='bbox 2162 1582 2292 1637; x_wconf 85' lang='lat' dir='ltr'><strong>equo</strong></span> <span class='ocrx_word' id='word_1_252' title='bbox 2314 1574 2485 1620; x_wconf 84' lang='lat' dir='ltr'><strong>uectus</strong></span> <span class='ocrx_word' id='word_1_253' title='bbox 2514 1564 2842 1632; x_wconf 86' lang='lat' dir='ltr'><strong>insequentes</strong></span> <span class='ocrx_word' id='word_1_254' title='bbox 2859 1559 2982 1614; x_wconf 86' lang='lat' dir='ltr'><strong>illos</strong></span> <span class='ocrx_word' id='word_1_255' title='bbox 3011 1559 3219 1631; x_wconf 78' lang='lat' dir='ltr'><strong>oblique</strong></span> <span class='ocrx_word' id='word_1_256' title='bbox 3247 1558 3488 1630; x_wconf 84' lang='lat' dir='ltr'><strong>alloque-</strong></span> 
     </span>
    </p>
   </div>
   <div class='ocr_carea' id='block_1_37' title="bbox 1909 1650 3491 1726">
    <p class='ocr_par' dir='ltr' id='par_1_37' title="bbox 1909 1650 3491 1726">
     <span class='ocr_line' id='line_1_37' title="bbox 1909 1650 3491 1726; baseline -0.004 -15"><span class='ocrx_word' id='word_1_257' title='bbox 1909 1660 2087 1711; x_wconf 81' lang='lat' dir='ltr'><strong>batur.</strong></span> <span class='ocrx_word' id='word_1_258' title='bbox 2113 1655 2267 1726; x_wconf 84' lang='lat' dir='ltr'><strong>Eque</strong></span> <span class='ocrx_word' id='word_1_259' title='bbox 2292 1663 2506 1711; x_wconf 88' lang='lat' dir='ltr'><strong>vectum</strong></span> <span class='ocrx_word' id='word_1_260' title='bbox 2529 1653 2773 1708; x_wconf 87' lang='lat' dir='ltr'><strong>salutare</strong></span> <span class='ocrx_word' id='word_1_261' title='bbox 2801 1650 3020 1706; x_wconf 79' lang='lat' dir='ltr'><strong>facilius</strong></span> <span class='ocrx_word' id='word_1_262' title='bbox 3049 1659 3154 1717; x_wconf 89' lang='lat' dir='ltr'><strong>est,</strong></span> <span class='ocrx_word' id='word_1_263' title='bbox 3178 1664 3343 1721; x_wconf 78' lang='lat' dir='ltr'><strong>quam</strong></span> <span class='ocrx_word' id='word_1_264' title='bbox 3371 1663 3491 1705; x_wconf 80' lang='lat' dir='ltr'><strong>am-</strong></span> 
     </span>
    </p>
   </div>
   <div class='ocr_carea' id='block_1_38' title="bbox 1908 1743 3304 1821">
    <p class='ocr_par' dir='ltr' id='par_1_38' title="bbox 1908 1743 3304 1821">
     <span class='ocr_line' id='line_1_38' title="bbox 1908 1743 3304 1821; baseline -0.006 -16"><span class='ocrx_word' id='word_1_265' title='bbox 1908 1751 2069 1821; x_wconf 90' lang='lat' dir='ltr'><strong>plecti</strong></span> <span class='ocrx_word' id='word_1_266' title='bbox 2095 1769 2110 1806; x_wconf 87' lang='lat'><strong>:</strong></span> <span class='ocrx_word' id='word_1_267' title='bbox 2137 1749 2456 1820; x_wconf 76' lang='grc' dir='ltr'><strong>ἀσπάζομαι</strong></span> <span class='ocrx_word' id='word_1_268' title='bbox 2486 1755 2666 1803; x_wconf 89' lang='lat' dir='ltr'><strong>autem</strong></span> <span class='ocrx_word' id='word_1_269' title='bbox 2689 1753 2983 1816; x_wconf 86' lang='lat' dir='ltr'><strong>utrumque</strong></span> <span class='ocrx_word' id='word_1_270' title='bbox 3011 1743 3304 1815; x_wconf 81' lang='lat' dir='ltr'><strong>signiﬁcat.</strong></span> 
     </span>
    </p>
   </div>
   <div class='ocr_carea' id='block_1_39' title="bbox 1979 1832 3487 1914">
    <p class='ocr_par' dir='ltr' id='par_1_39' title="bbox 1979 1832 3487 1914">
     <span class='ocr_line' id='line_1_39' title="bbox 1979 1832 3487 1914; baseline -0.007 -17"><span class='ocrx_word' id='word_1_271' title='bbox 1979 1841 2487 1914; x_wconf 87' lang='lat' dir='ltr'><strong>lnterpretationem</strong></span> <span class='ocrx_word' id='word_1_272' title='bbox 2512 1839 2799 1908; x_wconf 88' lang='lat' dir='ltr'><strong>utriusque</strong></span> <span class='ocrx_word' id='word_1_273' title='bbox 2822 1836 3062 1893; x_wconf 76' lang='lat' dir='ltr'><strong>homiliae</strong></span> <span class='ocrx_word' id='word_1_274' title='bbox 3076 1834 3145 1891; x_wconf 89' lang='lat' dir='ltr'><strong>ab</strong></span> <span class='ocrx_word' id='word_1_275' title='bbox 3166 1836 3375 1891; x_wconf 87' lang='lat' dir='ltr'><strong>incerto</strong></span> <span class='ocrx_word' id='word_1_276' title='bbox 3401 1832 3487 1887; x_wconf 83' lang='lat' dir='ltr'><strong>in-</strong></span> 
     </span>
    </p>
   </div>
   <div class='ocr_carea' id='block_1_40' title="bbox 1908 1928 3484 2008">
    <p class='ocr_par' dir='ltr' id='par_1_40' title="bbox 1908 1928 3484 2008">
     <span class='ocr_line' id='line_1_40' title="bbox 1908 1928 3484 2008; baseline -0.005 -17"><span class='ocrx_word' id='word_1_277' title='bbox 1908 1944 2145 2008; x_wconf 86' lang='lat' dir='ltr'><strong>terprete</strong></span> <span class='ocrx_word' id='word_1_278' title='bbox 2180 1936 2413 1998; x_wconf 79' lang='lat' dir='ltr'><strong>factam,</strong></span> <span class='ocrx_word' id='word_1_279' title='bbox 2456 1941 2647 2003; x_wconf 87' lang='lat' dir='ltr'><strong>utpote</strong></span> <span class='ocrx_word' id='word_1_280' title='bbox 2682 1947 2791 1988; x_wconf 90' lang='lat' dir='ltr'><strong>non</strong></span> <span class='ocrx_word' id='word_1_281' title='bbox 2821 1938 3136 1988; x_wconf 86' lang='lat' dir='ltr'><strong>accuratam</strong></span> <span class='ocrx_word' id='word_1_282' title='bbox 3167 1928 3484 2001; x_wconf 80' lang='lat' dir='ltr'><strong>rcjecimus,</strong></span> 
     </span>
    </p>
   </div>
   <div class='ocr_carea' id='block_1_41' title="bbox 1912 2026 2581 2099">
    <p class='ocr_par' dir='ltr' id='par_1_41' title="bbox 1912 2026 2581 2099">
     <span class='ocr_line' id='line_1_41' title="bbox 1912 2026 2581 2099; baseline -0.009 -15"><span class='ocrx_word' id='word_1_283' title='bbox 1912 2043 2216 2099; x_wconf 87' lang='lat' dir='ltr'><strong>novamque</strong></span> <span class='ocrx_word' id='word_1_284' title='bbox 2245 2026 2581 2098; x_wconf 88' lang='lat' dir='ltr'><strong>paravimus.</strong></span> 
     </span>
    </p>
   </div>
   <div class='ocr_carea' id='block_1_42' title="bbox 3109 5693 3196 5766">
    <p class='ocr_par' dir='ltr' id='par_1_42' title="bbox 3109 5693 3196 5766">
     <span class='ocr_line' id='line_1_42' title="bbox 3109 5693 3196 5766; baseline 0.034 -3"><span class='ocrx_word' id='word_1_285' title='bbox 3109 5693 3196 5766; x_wconf 72' lang='lat'><strong>15</strong></span> 
     </span>
    </p>
   </div>
  </div>
