3954 6436
539 306 646 362 279

539 420 608 474 lia
643 420 840 474 dixisse
882 415 1102 471 videbor
1149 416 1230 479 iis,
1273 417 1364 486 qui
1413 430 1554 474 nunc
1601 415 1783 470 vident
1826 417 2121 469 vastitatem

538 510 1052 580 subversionemque
1080 519 1222 564 tuam
1257 526 1270 562 :
1305 520 1634 581 quapropter
1678 524 1818 564 nunc
1851 507 2007 563 doleo
2048 509 2120 562 lu»

535 616 760 670 geoque,
804 615 977 671 neque
1019 599 1178 656 ﬁnem
1222 600 1436 672 lugendi
1487 601 1679 656 faciam
1725 599 1900 655 donec
1934 601 1984 654 in
2017 600 2123 668 pri-

535 691 673 745 stino
708 700 760 746 te
799 691 1085 762 splendore
1131 691 1336 747 videro.
1377 691 1527 748 Licet
1564 693 1706 747 enim
1758 691 1808 745 id
1850 691 2120 744 hominum

535 786 840 841 lacullatem
893 800 1149 856 superare
1194 785 1478 852 videatur,
1531 786 1642 840 Deo
1703 793 1878 838 tamen
1912 789 2122 848 ,omnta

531 875 701 930 facilia
730 885 873 931 sunt.
895 875 1012 946 lpse
1035 877 1175 931 enim
1199 887 1281 931 est
1304 875 1407 944 Qui
1425 877 1633 930 suscitat
1658 875 1721 928 de
1741 885 1874 928 terra
1895 875 2119 945 irwpem,

526 978 572 1020 et
594 969 656 1021 de
677 979 896 1023 stercore
921 968 1068 1040 erigit
1091 985 1390 1040 pauperem,
1411 977 1467 1021 ut
1492 983 1605 1022 eum
1627 967 1801 1021 sedere
1828 965 1985 1036 faciat
2007 982 2120 1018 cum

527 1058 859 1130 principibus,
910 1075 1025 1112 cum
1063 1058 1375 1130 principibus
1415 1056 1592 1129 populi
1629 1060 1727 1111 sui.
1771 1057 1890 1128 Ipse
1925 1056 2121 1126 estqui

527 1150 753 1203 habitare
778 1149 903 1220 facit
929 1150 1151 1204 sterilem
1179 1151 1231 1202 in
1253 1149 1424 1213 domo,
1454 1158 1664 1202 matrem
1693 1149 1756 1202 de
1780 1147 1903 1215 ﬁliis
1941 1147 2120 1202 laetan—

525 1251 621 1294 tem
643 1240 815 1311 (Psal.
850 1241 972 1296 H2.
1002 1240 1140 1314 7-9).
1170 1241 1352 1312 Itaque
1382 1256 1450 1295 ne
1470 1241 1726 1310 desperes
1753 1248 1802 1294 te
1828 1238 1892 1292 ad
1918 1239 2116 1308 optima

524 1331 908 1387 immutandum
936 1346 1074 1387 esse.
1109 1330 1166 1387 Si
1206 1331 1349 1388 enim
1376 1330 1622 1386 diabolus
1669 1339 1870 1384 tantum
1921 1327 2112 1398 potuit,

523 1432 577 1476 ut
607 1432 708 1476 tea
737 1423 934 1478 vertice
978 1423 1069 1477 illo
1094 1431 1147 1478 et
1193 1421 1406 1494 fastigio
1453 1422 1666 1476 virtutis
1719 1422 1771 1474 in
1815 1430 2112 1475 extremum

521 1513 737 1568 ntalitizc
776 1513 1104 1579 detruderet,
1153 1514 1321 1568 multo
1367 1512 1536 1583 magis
1564 1521 1615 1567 te
1648 1513 1786 1565 Deus
1829 1510 2022 1581 poterit
2062 1509 2112 1564 in

519 1607 794 1674 pristinam
818 1606 1074 1662 reducere
1103 1605 1442 1660 libertatem:
1473 1618 1572 1658 nec
1599 1603 1758 1657 talem
1801 1602 1984 1667 modo,
2017 1601 2109 1656 sed

517 1698 682 1751 multo
712 1696 1001 1752 feliciorem
1038 1706 1088 1751 te
1116 1695 1341 1751 reddere
1367 1709 1523 1764 quam
1557 1694 1706 1763 prius
1735 1691 1929 1747 fueras.

588 1789 852 1844 Peccatori
877 1805 991 1860 spes
1034 1804 1310 1857 numquam
1348 1786 1646 1841 amittenda.
1679 1815 1747 1825 —
1773 1785 2000 1839 Tantum
2043 1800 2111 1839 ne

512 1881 784 1944 concidas,
808 1896 906 1934 nec
941 1895 1089 1950 spem
1115 1880 1309 1934 bonam
1330 1876 1675 1948 przescindas,
1697 1893 1802 1932 neu
1826 1878 2108 1945 impiorum

511 1982 704 2026 statum
735 1973 948 2028 subeas.
978 1971 1161 2041 Neque
1190 1971 1331 2025 enim
1367 1977 1708 2039 peccatorum
1738 1968 2022 2022 multitudo
2055 1968 2106 2022 in

509 2066 938 2135 desperationem
962 2064 1228 2134 conjicere
1249 2063 1406 2127 solet,
1435 2062 1530 2117 sed
1555 2063 1734 2116 anima
1756 2077 1819 2115 ex
1843 2075 1902 2115 se
1925 2060 2104 2130 impia.

510 2158 844 2226 Quapropter
872 2155 1125 2210 Salomon
1151 2168 1257 2209 non
1291 2152 1426 2208 dixit
1453 2152 1767 2223 simpliciter
1794 2170 1808 2206 :
1843 2152 2097 2223 Quisquis

509 2249 639 2301 venit
677 2249 726 2300 in
754 2247 1067 2318 profundum
1113 2247 1389 2311 malorum,
1434 2245 1743 2310 contemnit;
1770 2245 1864 2301 sed
1905 2244 2106 2316 Impius

511 2350 713 2394 tantum
747 2340 925 2409 (Prov.
957 2338 1149 2410 18.5).
1197 2337 1484 2408 Impiorum
1515 2341 1658 2392 enim
1703 2336 1981 2392 dumtaxat
2023 2345 2104 2392 cst

507 2435 594 2488 ille
623 2433 860 2498 morbus,
881 2432 1096 2504 quando
1118 2432 1170 2485 in
1198 2430 1519 2501 profundum
1542 2430 1805 2485 malorum
1829 2430 2098 2486 venerint.

507 2528 572 2578 lit
600 2525 700 2578 hoc
727 2525 855 2593 ipsis
885 2538 952 2578 ne
979 2520 1302 2592 respiciendi
1324 2520 1539 2592 quidem
1577 2519 1881 2576 facultatem
1929 2520 2098 2576 relin-

503 2618 635 2686 quit,
686 2631 857 2688 neque
909 2631 973 2672 eo
1021 2614 1351 2683 revertendi,
1394 2613 1539 2670 unde
1586 2613 1916 2670 exciderant.
1960 2613 2094 2668 Nam

500 2709 762 2778 ﬂagitiosa
813 2709 903 2764 illa
965 2707 1217 2779 cogitatio
1264 2715 1531 2778 tamquam
1583 2706 1770 2776 jugum
1829 2706 2096 2776 quoddam

501 2802 734 2873 lignctun
759 2803 950 2856 anima:
975 2801 1171 2856 cervici
1199 2800 1507 2869 impositum
1539 2807 1591 2854 et
1613 2798 1939 2868 compellens
1962 2814 2096 2854 ocu-

499 2895 582 2948 los
608 2894 658 2947 in
688 2903 881 2947 terram
929 2891 1230 2958 demittere,
1278 2889 1530 2960 prohibet
1576 2904 1644 2944 ne
1693 2889 1760 2944 ad
1809 2890 2094 2945 Dominum

497 3001 654 3039 suum
677 2985 943 3052 respiciat.
974 2985 1042 3038 At
1072 2983 1168 3036 viri
1191 2991 1271 3038 est
1289 2983 1534 3054 generosi
1562 2989 1618 3038 et
1635 2981 1956 3048 admirandi,
1990 2982 2094 3040 hu-

497 3075 724 3145 iusmodi
750 3077 946 3145 lignum
969 3085 1270 3138 conterere,
1291 3083 1345 3130 et
1362 3074 1603 3130 lictorem
1626 3074 1716 3145 qui
1744 3073 1797 3129 id
1818 3074 2092 3145 imposue-

496 3179 577 3221 rat
634 3179 921 3233 excutere,
972 3183 1034 3222 ac
1080 3169 1352 3238 prOphetae
1396 3167 1558 3222 verba
1615 3166 1892 3238 proferre:
1957 3168 2091 3225 Nam

497 3265 642 3317 Sicut
686 3261 822 3317 oculi
862 3263 1064 3316 ancilla:
1106 3261 1157 3314 in
1197 3261 1427 3316 manibus
1458 3259 1680 3317 domina:
1700 3277 1827 3328 suae,
1857 3261 1930 3317 ita
1955 3263 2092 3318 oculi

493 3359 649 3412 nostri
695 3358 762 3411 ad
821 3355 1098 3410 Dominum
1129 3409 1142 3413 _
1165 3353 1328 3408 Deum
1389 3365 1616 3410 nostrum
1641 3395 1658 3422 ,
1713 3357 1871 3409 donec
1939 3356 2089 3410 mise-

493 3462 662 3507 rentur
681 3451 857 3506 nostri.
899 3450 1141 3506 Miserere
1166 3450 1343 3517 nostri,
1372 3449 1608 3518 Domine,
1637 3450 1868 3506 miserere
1904 3449 2097 3521 nostri:

480 3541 609 3612 quia
624 3541 836 3594 multum
855 3540 1030 3609 repleti
1055 3555 1230 3593 sumus
1255 3539 1572 3610 despectione
1594 3540 1768 3611 (Psal.
1795 3543 1911 3597 l22.
1931 3543 1988 3599 2.
2004 3545 2083 3616 3).

500 3633 591 3684 liae
617 3645 742 3686 vero
771 3631 962 3684 divina:
985 3640 1108 3684 sunt
1135 3630 1454 3699 disciplima,
1479 3640 1533 3686 et
1559 3648 1822 3702 suprema
1845 3634 2085 3704 philoso-

495 3723 633 3790 phia:
660 3723 927 3795 dogmata.
957 3723 1165 3793 Repleti
1191 3739 1394 3788 sumus,
1416 3725 1605 3795 inquit,
1634 3725 2000 3796 despectione,
2030 3740 2085 3786 et

492 3815 709 3870 inﬁnitis
743 3815 996 3871 mrumnis
1017 3815 1193 3869 afﬂicti
1217 3825 1482 3870 :attamcn
1504 3817 1601 3870 ‘ad
1621 3818 1785 3872 Deum
1807 3820 2078 3889 respicere

492 3924 596 3961 non
620 3909 971 3973 cessabimus,
1001 3922 1101 3961 nec
1129 3909 1285 3961 ﬁnem
1319 3909 1570 3978 precandi
1598 3909 1873 3976 faciemus,
1907 3910 2082 3967 donec

489 3999 747 4065 postulata
773 3998 912 4052 nacti
957 3997 1232 4051 fuerimus.
1263 3999 1373 4054 Hoc
1395 4008 1477 4053 est
1521 3999 1662 4052 enim
1712 4001 1872 4054 animi
1918 4017 2104 4072 gencc,

490 4088 597 4141 rosi
644 4103 748 4142 non
793 4087 1155 4153 consternari,
1209 4102 1307 4142 nec
1340 4102 1370 4141 a
1398 4102 1493 4157 spe
1536 4086 1810 4143 deturbari
1859 4101 2080 4161 propter

412 4225 418 4231 .
485 4181 590 4235 vim
619 4181 1013 4244 calamitatum,
1043 4193 1218 4249 neque
1235 4179 1534 4254 discedere,
1578 4177 1788 4234 etiamsi
1835 4179 2079 4249 repetitis

492 4260 714 4315 subinde
739 4259 986 4329 precibus
1011 4259 1143 4312 nilnt
1175 4257 1493 4322 impetrarit,
1520 4258 1612 4310 sed
1635 4260 1882 4316 insistere
1901 4263 2073 4319 donec

492 4356 805 4408 misereatur
832 4353 1017 4416 nostri,
1048 4352 1493 4422 quemadmodum
1521 4351 1597 4407 ait
1621 4352 1805 4408 beatus
1839 4353 2022 4410 David.

559 4465 613 4515 2.
645 4464 924 4532 Propterea
955 4463 1098 4518 enim
1143 4463 1384 4516 diabolus
1421 4476 1519 4516 nos
1547 4463 1600 4516 in
1645 4464 1952 4533 desperatus
1982 4481 2071 4521 co-

486 4553 770 4621 gitationes
792 4553 978 4622 injicit,
998 4561 1056 4605 ut
1099 4566 1248 4619 Spem
1277 4565 1402 4618 erga
1449 4551 1611 4604 Deum
1663 4553 2071 4619 praecidanea-

485 4643 703 4697 choram
736 4657 928 4712 nempe
955 4649 1118 4696 tutam
1157 4640 1384 4709 vitaeque
1409 4648 1605 4693 nostrae
1629 4644 2064 4708 sustentaculum,

483 4735 671 4788 ducem
703 4735 756 4788 in
784 4733 866 4788 via
889 4735 955 4790 ad
991 4732 1179 4788 caelum
1213 4741 1412 4795 nostra,
1461 4730 1684 4786 salutem
1739 4733 2067 4802 perditarum

480 4827 797 4881 animarum.
828 4825 934 4896 Spe
953 4825 1104 4891 enim,
1148 4825 1334 4895 inquit,
1380 4825 1507 4878 salvi
1532 4826 1652 4896 facti
1679 4842 1854 4881 sursus
1885 4827 2040 4898 illam

479 4919 531 4973 8.
560 4918 678 4989 2t).
728 4918 886 4983 llaec,
919 4917 1155 4986 inquam,
1204 4917 1318 4971 inec
1353 4917 1502 4972 velut
1539 4927 1724 4971 catena
1756 4918 1776 4948 ²
1819 4916 1970 4972 fortis
1996 4919 2065 4976 de

477 5011 609 5064 melo
637 5010 893 5080 pendens,
948 5009 1152 5064 animas
1204 5010 1431 5064 sustinet
1479 5019 1712 5075 nostras,
1759 5019 1812 5066 et
1855 5011 1920 5066 ad
1968 5028 2058 5067 ca-

475 5118 664 5157 cumen
692 5102 815 5156 illud
848 5103 1096 5172 paulatim
1148 5101 1312 5156 trahit
1361 5115 1476 5168 eos,
1507 5103 1598 5173 qui
1655 5102 1794 5159 lianc
1837 5103 2062 5160 ﬁrmiter

477 5202 677 5259 tenent,
709 5203 763 5248 et
811 5208 842 5248 a
872 5194 1115 5263 procellis
1145 5194 1404 5249 malorum
1449 5196 1726 5264 przesentis
1769 5197 1893 5251 vitze
1916 5197 2060 5252 abri-

476 5286 568 5350 pit.
591 5286 645 5339 Si
675 5283 792 5354 quis
819 5283 981 5352 igitur
1004 5299 1111 5353 pra:
1157 5283 1380 5339 mollitie
1430 5283 1568 5341 hanc
1595 5299 1803 5342 sacram
1851 5288 2054 5344 ancho-

475 5387 582 5428 ram
600 5376 851 5441 dimittat,
875 5375 1052 5429 statim
1080 5373 1280 5428 decidit
1306 5384 1361 5428 et
1385 5375 1698 5439 suffocatur.
1729 5378 1780 5431 in
1801 5379 2052 5450 abyssum

477 5465 684 5519 inalitiaa
721 5467 1017 5521 demersus.
1047 5465 1197 5530 Quod
1226 5465 1247 5496 ³
1276 5481 1397 5521 cum
1449 5468 1583 5522 sciat
1636 5469 1899 5539 malignus
1941 5471 2050 5540 ille,

539 5619 552 5683 ξ
591 5619 785 5683 savil.et
804 5634 930 5683 unus
947 5629 1085 5682 Reg,
1108 5625 1316 5683 attamen
1337 5618 1484 5683 etiam
1505 5619 1575 5670 sic
1598 5619 1757 5683 positi.

535 5680 552 5744 ξ
588 5679 720 5728 savii.
749 5688 802 5730 et
821 5679 1001 5744 aliquot
1015 5679 1122 5731 inss.
1150 5682 1349 5739 habent,
1386 5681 1511 5732 velut
1542 5679 1708 5732 catena
1731 5694 1899 5732 aurea.

504 5755 510 5763 ·
537 5739 552 5769 ³
589 5747 698 5803 ttog.
729 5752 852 5788 unus
874 5739 1035 5802 habet,
1077 5753 1202 5800 (intr.
1225 5744 1352 5791 Idem
1378 5757 1508 5805 mox,
1532 5751 1776 5807 postquam
1794 5757 1876 5795 nos
1900 5744 2043 5796 ivsos.

1288 299 1342 352 S.
1382 297 1658 354 JOANNIS
1681 299 2151 359 CllliYSOSTOMl
2195 302 2509 359 AltClIlliP.
2550 305 3078 364 CONSTANTINOP.

3733 317 3829 373 280

2236 430 2510 488 postquam
2544 435 2643 473 nos
2698 422 2956 476 malorum
3008 437 3231 493 operum
3267 425 3596 482 conscientia
3651 442 3828 484 onera-

2199 525 2209 534 ·
2234 519 2315 563 tos
2340 512 2527 575 sensit,
2557 512 2767 568 irruens
2809 524 2863 568 et
2892 514 3005 584 ipse
3031 515 3422 584 desperationis
3447 520 3822 588 cogitationem

2232 599 2449 668 plumbo
2497 597 2801 669 graviorem
2831 603 3102 669 immittit;
3129 620 3289 674 quam
3319 607 3364 661 si
3403 611 3820 679 susmpcrimus,

2230 705 2451 746 necesse
2479 701 2561 746 est
2585 693 2822 763 pondere
2869 695 3048 750 statim
3093 696 3308 753 avulsos
3333 706 3389 753 et
3437 714 3469 754 a
3511 712 3706 756 catena
3737 704 3820 758 illa

2227 781 2524 838 abstractos
2567 783 2618 838 in
2655 783 2977 854 profundum
3021 787 3280 843 malorum
3325 789 3576 861 deprimi,
3621 794 3674 848 in
3721 811 3823 866 quo

2229 880 2282 925 tu
2302 887 2444 928 nunc
2466 876 2696 930 versaris
2719 893 2733 930 :
2751 877 3183 948 quandoquidem
3205 882 3408 957 rejecto
3427 885 3572 939 mitis
3587 895 3642 940 et
3657 885 3824 942 humi-

2225 966 2292 1022 lis
2342 966 2554 1022 Domini
2615 970 2900 1034 mandato,
2938 972 3170 1029 crudelis
3222 975 3365 1033 illius
3418 986 3578 1049 atque
3612 982 3822 1052 tyranni

2237 1057 2693 1132 implacabilisque
2721 1063 2907 1118 salutis
2941 1075 3140 1121 nostra:
3175 1066 3376 1124 inimici
3433 1081 3703 1142 praecepta
3731 1089 3821 1128 cx-

2223 1152 2464 1221 seqtteris
2493 1155 2691 1220 omnia,
2734 1155 2882 1210 suavi
2901 1156 3029 1228 jugo
3049 1157 3283 1230 dirupto,
3313 1160 3415 1216 levi
3453 1161 3667 1232 abjecto
3692 1180 3820 1222 one-

2224 1257 2299 1308 re,
2335 1245 2726 1316 circumpositis
2773 1247 2825 1301 in
2856 1249 3025 1304 vicem
3057 1249 3270 1306 illorum
3298 1254 3544 1312 vectibus
3575 1255 3772 1314 ferreis
3802 1277 3815 1321 ;

2224 1334 2548 1407 insuperque
2579 1338 2773 1392 molam
2810 1338 3099 1396 asinariam
3121 1356 3150 1396 a
3172 1343 3312 1400 collo
3337 1352 3427 1400 tuo
3469 1348 3816 1418 suspendisti.

2221 1424 2320 1482 Ubi
2339 1443 2480 1484 nunc
2496 1431 2726 1498 steteris,
2777 1441 3056 1504 postquam
3095 1435 3358 1492 infelicem
3401 1439 3640 1496 animam
3680 1453 3815 1498 tuam

2219 1517 2542 1586 detnersisti,
2557 1536 2621 1578 ac
2643 1522 2734 1578 tibi
2752 1537 2869 1578 eam
2889 1525 3265 1583 necessitatem
3285 1529 3561 1596 ittduxisti,
3585 1542 3645 1586 ut
3661 1534 3814 1588 deor-

2218 1624 2335 1664 sum
2365 1625 2578 1682 semper
2601 1613 2788 1670 tendas
2804 1615 2826 1668 ?
2842 1614 3031 1671 Mulier
3050 1618 3228 1689 itaque
3249 1619 3336 1674 illa
3358 1637 3475 1692 qua:
3495 1622 3812 1683 drachmam

2218 1717 2376 1756 unam
2404 1703 2698 1772 invenerat,
2723 1707 2922 1762 vicinas
2948 1706 3245 1766 advocabat
3291 1711 3487 1769 laetitiae
3508 1730 3625 1770 sua:
3647 1719 3811 1787 parti-

2217 1793 2364 1863 cipes
2395 1835 2411 1860 ,
2459 1794 2646 1851 dicens
2678 1815 2691 1850 :
2723 1796 3163 1869 Congratulamini
3207 1802 3371 1872 mihi(
3399 1801 3527 1857 Luc.
3580 1806 3673 1859 i5.
3713 1811 3744 1858 9
3771 1809 3809 1876 ).

2216 1885 2328 1955 Ego
2357 1901 2484 1941 vero
2504 1888 2706 1944 amicos
2722 1903 2910 1945 omnes
2955 1899 3010 1945 et
3025 1906 3174 1964 meos
3194 1902 3248 1947 et
3271 1902 3387 1950 tuos
3413 1894 3478 1949 ad
3510 1911 3628 1950 rem
3659 1898 3810 1967 plane

2213 1977 2537 2032 contrariam
2566 1994 2705 2036 nunc
2743 1983 3050 2038 convocabo
3083 2001 3095 2038 :
3125 1999 3224 2040 nec
3251 1986 3422 2040 dicam
3458 2005 3470 2040 :
3500 1987 3808 2060 Congratu-

2169 2147 2172 2150 ἢ
2215 2072 2395 2126 lamini
2445 2069 2767 2146 mihi;scd:
2810 2075 3010 2147 Lugete
3059 2093 3293 2141 mecum.
3341 2081 3808 2153 cumdemquelu-

2211 2171 2355 2216 ctum
2415 2165 2705 2232 assumite,
2736 2174 2790 2221 et
2843 2168 3170 2225 lamentabili
3223 2173 3495 2228 nobiscum
3528 2191 3662 2231 voce
3699 2178 3805 2231 cla-

2211 2261 2373 2308 mate.
2399 2254 2703 2312 Extremam
2725 2259 2921 2330 quippe
2943 2259 3204 2330 jacturam
3237 2263 3495 2331 fecimus;
3528 2282 3637 2322 non
3659 2269 3803 2337 quod

2211 2354 2288 2400 tot
2322 2354 2377 2402 et
2399 2355 2476 2402 tot
2501 2350 2614 2403 auri
2639 2350 2834 2406 talenta
2867 2366 2898 2406 e
2921 2353 3167 2409 manibus
3188 2356 3502 2421 exciderint,
3533 2373 3635 2413 nec
3662 2361 3803 2428 quod

2208 2453 2397 2510 magna
2437 2441 2518 2496 vis
2564 2441 2799 2512 lapidum
2827 2445 3224 2514 pretiosorum;
3267 2449 3360 2504 sed
3408 2451 3548 2520 quod
3587 2453 3670 2506 vir
3723 2454 3805 2509 his

2206 2533 2457 2590 omnibus
2483 2535 2791 2604 pretiosior,
2819 2538 2910 2608 qui
2954 2539 3006 2594 in
3050 2539 3150 2596 hoc
3197 2558 3388 2614 magno
3415 2554 3469 2598 ct
3496 2547 3800 2601 vastissimo

2207 2625 2342 2680 mari
2371 2625 2648 2682 nobiscum
2675 2628 2977 2698 navigabat,
3005 2633 3187 2688 nescio
3204 2649 3308 2704 quo
3328 2644 3482 2704 pacto
3507 2652 3791 2706 excussus,

2206 2717 2258 2772 in
2287 2718 2458 2788 ipsum
2488 2719 2743 2788 perniciei
2771 2721 3092 2792 profundum
3109 2723 3391 2781 deciderit.

2273 2811 2327 2865 5.
2354 2811 2508 2878 Quod
2528 2813 2572 2867 si
2599 2812 2688 2884 qui
2718 2829 2805 2870 me
2829 2830 2859 2868 a
2885 2815 3029 2870 luctu
3054 2816 3318 2873 abducere
3336 2820 3680 2887 tcntaverint,
3703 2838 3794 2878 eos

2203 2901 2350 2958 hisce
2369 2903 2647 2974 pr0pheta3
2665 2905 2845 2960 verbis
2888 2906 3130 2978 alloquar
3158 2925 3172 2962 :
3199 2907 3452 2964 Dimittite
3493 2927 3592 2977 me,
3621 2930 3795 2967 amare

2199 2995 2330 3066 ﬂebo
2361 3011 2380 3050 :
2422 3012 2486 3050 ne
2510 2997 2611 3051 vim
2664 2999 2865 3070 faciatis
2888 2999 2957 3053 ad
2993 3001 3362 3055 consolandum
3391 3020 3468 3056 me
3493 3005 3511 3076 (
3544 3004 3679 3058 Isai.
3699 3005 3789 3060 22.

2198 3091 2290 3162 4).
2344 3089 2526 3161 Neque
2568 3092 2712 3147 enim
2743 3092 2839 3147 tali
2883 3091 3028 3148 luctu
3073 3109 3214 3149 nunc
3241 3093 3466 3162 afﬁcior,
3496 3097 3587 3166 qui
3638 3098 3792 3168 mihi,

2197 3183 2340 3256 quod
2366 3183 2746 3240 immoderatus
2768 3185 2858 3253 sit,
2890 3185 3020 3240 vitio
3061 3185 3196 3240 verti
3232 3187 3427 3256 possit;
3456 3188 3550 3243 sed
3577 3191 3791 3259 qualem

2196 3291 2297 3333 nec
2313 3276 2558 3344 Paulum,
2589 3291 2691 3332 nec
2715 3276 2952 3346 Petrum,
2981 3277 3127 3332 omni
3165 3277 3535 3334 consolatione
3566 3280 3789 3350 rejects,

2195 3383 2471 3425 assumere
2493 3367 2788 3439 puduisset.

2264 3459 2584 3532 Deplorandi
2609 3459 2695 3531 qui
2745 3460 2800 3514 in
2847 3459 3064 3531 peccatis
3096 3469 3377 3514 versantur.
3410 3489 3483 3501 -—
3511 3461 3786 3534 Siquidem

2193 3569 2307 3620 eos,
2327 3554 2417 3625 qui
2439 3553 2577 3609 hanc
2599 3569 2937 3609 communem
2959 3561 3186 3609 mortem
3207 3553 3508 3624 deplorant,
3523 3557 3650 3633 jure
3666 3559 3785 3628 quis

2191 3649 2367 3720 pusilli
2391 3649 2552 3704 animi
2583 3648 2818 3718 arguerit
2849 3666 2861 3702 :
2892 3646 3104 3718 quando
3149 3657 3328 3702 autem
3382 3647 3499 3704 vice
3540 3651 3784 3719 corporis

2189 3742 2365 3796 anima
2387 3751 2649 3811 prostrata
2665 3741 2806 3810 jacet
2831 3748 3061 3808 mortua,
3085 3739 3380 3796 innumeris
3393 3740 3642 3796 confossa
3667 3741 3781 3796 vulo

2189 3833 2425 3899 neribus,
2448 3842 2503 3886 et
2528 3832 2578 3885 in
2625 3832 2736 3902 ipsa
2764 3831 2923 3886 etiam
2957 3839 3126 3886 morte
3143 3830 3381 3900 pristinae
3433 3831 3629 3888 indolis
3644 3835 3784 3902 opti-

2187 3925 2352 3988 mre‘,
2386 3923 2701 3978 valetudinis
2742 3922 3044 3992 praeteritae,
3095 3923 3479 3992 exstinctreque
3536 3923 3780 3993 pulchri-

2187 4017 2385 4072 tudinis
2414 4017 2564 4086 signa
2592 4015 2825 4086 prthCl'l,
2853 4017 3094 4085 quistam
3124 4014 3371 4070 immanis
3396 4025 3659 4072 etsensus
3681 4034 3778 4074 ex-

2185 4123 2327 4177 pers,
2349 4108 2438 4177 qui
2483 4123 2580 4178 pro
2600 4107 2885 4177 gemitibus
2907 4106 3219 4178 etlacrymis
3248 4107 3632 4162 consolationis
3659 4125 3777 4164 ver-

2183 4196 2248 4253 ba
2268 4198 2546 4269 proferat?
2581 4197 3044 4266 Quemadmodum
3087 4199 3230 4253 enim
3278 4197 3384 4254 illic
3410 4215 3510 4253 ttOu
3566 4201 3773 4269 lugere,

2179 4279 2249 4334 ita
2280 4277 2560 4347 hiclugere
2596 4277 3020 4347 philosophicum
3049 4288 3152 4332 est.
3179 4277 3283 4345 Qui
3324 4277 3390 4333 ad
3425 4279 3616 4332 celum
3645 4297 3754 4349 pcr-

2177 4375 2414 4432 venerat,
2435 4367 2526 4437 qui
2555 4368 2676 4422 vitae
2723 4369 3006 4424 vanitatem
3059 4367 3355 4435 deridebat,
3402 4370 3493 4439 qui
3532 4369 3764 4426 formam

2177 4473 2462 4528 corporum
2492 4459 2710 4529 perinde
2747 4468 2906 4529 atque
2947 4459 3150 4529 lapidea
3181 4460 3465 4515 simulacra
3498 4463 3762 4532 respicie-

2177 4551 2285 4614 bat,
2317 4551 2409 4621 qui
2452 4565 2638 4605 aurum
2680 4552 2829 4620 quasi
2867 4551 3071 4618 lutum,
3111 4553 3333 4607 delicias
3374 4569 3562 4608 omnes
3605 4556 3762 4625 quasi

2175 4656 2388 4696 omnum
2441 4643 2818 4697 contemnebat
2861 4644 2926 4696 ἐ
2970 4642 3058 4697 hic
3113 4643 3402 4713 derepente
3456 4643 3587 4698 febri
3635 4660 3760 4700 cor-

2174 4741 2358 4802 reptus
2401 4733 2617 4788 insulsae
2659 4733 3123 4802 concupiscentiae,
3158 4733 3518 4788 valetudinem
3542 4775 3562 4800 ,
3593 4737 3763 4790 robur

2170 4837 2224 4882 et
2267 4829 2500 4895 speciem
2541 4840 2753 4881 omnem
2797 4825 3060 4896 perdidit,
3097 4825 3534 4896 voluptatumque
3564 4841 3762 4882 servus

2173 4921 2394 4977 effectus
2436 4932 2541 4979 est.
2583 4923 2776 4979 Annon
2822 4923 2961 4977 hunc
3001 4921 3434 4991 deplorabimus,
3475 4919 3563 4976 dic
3603 4921 3760 4986 mihi,

2141 5015 2348 5068 'annon
2395 5014 2722 5085 lugebimus,
2770 5013 3090 5082 donecienm
3119 5013 3544 5084 recuperemus?
3591 5004 3676 5067 An
3712 5015 3762 5067 id

2169 5105 2383 5158 humani
2425 5113 2569 5161 esset
2605 5104 2812 5160 animi?
2861 5105 3074 5160 Etenim
3117 5105 3307 5160 mortis
3334 5119 3610 5174 corporea:
3666 5103 3736 5159 de

2165 5198 2388 5253 strnctio
2416 5197 2502 5254 hic
2527 5197 2751 5253 inveniri
2779 5198 2983 5269 nequit,
3018 5211 3193 5267 neque
3221 5207 3398 5261 tamen
3425 5196 3480 5252 id
3504 5195 3762 5270 lugentes

2225 5498 2240 5528 ι
2275 5492 2406 5562 colli.
2429 5507 2554 5562 unus
2583 5494 2705 5554 loco,
2728 5491 2904 5556 indolis
2925 5491 3130 5562 optingit,
3155 5491 3334 5562 habet,
3367 5492 3641 5562 tenuitatis:
3668 5497 3746 5541 Sa-

2160 5554 2239 5604 vil.
2290 5556 2338 5604 in
2386 5558 2604 5620 margine
2642 5564 2796 5615 notat,
2840 5553 3124 5620 uenustatis,
3169 5567 3272 5616 pro,
3315 5553 3493 5604 indolis
3533 5553 3750 5616 optimc.

2159 5625 2369 5683 Uterque
2395 5617 2523 5683 enim
2545 5631 2722 5668 sensus
2743 5631 2905 5679 graece
2929 5631 3058 5679 pene
3079 5617 3208 5683 idem
3231 5624 3387 5683 sonat.
3496 5677 3506 5683 _
3572 5673 3583 5683 .

2220 5681 2242 5711 ⁸
2272 5673 2345 5728 s'ic
2367 5681 2505 5729 Savil.
2539 5688 2588 5729 et
2622 5673 2828 5742 quatuor
2979 5677 3138 5728 Morel.
3177 5677 3342 5732 habet,
3368 5689 3448 5737 qm
3474 5673 3738 5732 deridebat,

2157 5755 2313 5790 nntius
2335 5751 2481 5792 recte.
