3954 6466
275 377 385 433 181

273 505 314 544 a
345 489 476 546 netu
503 486 757 553 cohibet;
783 487 974 544 anima
995 499 1121 544 vero
1148 501 1294 546 mors
1319 485 1408 544 hic
1427 494 1632 544 tantum
1661 486 1863 544 destrui

278 589 466 652 potest
496 597 514 635 :
541 575 610 636 In
635 579 834 650 inferno
856 577 1002 637 enim
1027 578 1178 648 quis.
1207 577 1408 647 inquit,
1437 577 1753 646 conﬁtebitur
1779 576 1869 634 liii!

277 668 461 741 (Psal.
487 669 545 728 6.
567 669 662 739 6)?
687 668 804 741 Quo
831 677 990 740 pacto
1009 667 1170 742 igitur
1191 683 1296 724 non
1324 682 1544 724 summa:
1566 668 1868 724 stoliditatis

287 763 479 829 fuerit,
509 777 628 817 cum
659 762 692 816 ii
724 761 814 831 qui
841 761 1080 829 corporis
1101 771 1327 820 mortem
1357 761 1552 830 lugent,
1581 770 1687 816 tam
1708 760 1870 816 vehe-

277 865 500 910 menter
539 853 556 884 ⁸
586 851 638 907 id
679 851 902 914 faciant,
948 850 1069 906 licet
1119 851 1292 910 sciant
1329 865 1389 908 se
1442 850 1746 907 defunctum
1800 849 1866 906 ad

279 947 454 1000 vitam
487 943 736 1016 lacryntis
777 959 880 998 non
911 952 1252 998 revocaturos
1279 958 1432 1008 esse;
1465 959 1564 998 nos
1601 943 1731 998 nihil
1765 943 1864 996 hu,

277 1035 521 1110 jusmodi
565 1034 858 1102 exhibere,
896 1035 982 1103 qui
1014 1035 1215 1088 scimus
1256 1049 1402 1102 Spem
1441 1048 1561 1088 esse
1586 1033 1654 1088 de
1693 1032 1867 1088 anima

283 1141 500 1191 mortua
551 1127 602 1182 in
659 1127 940 1197 pristinam
988 1127 1150 1184 vitam
1196 1125 1542 1182 reducenda?
1595 1123 1869 1193 Siquidem

284 1222 444 1280 mttlti
472 1219 654 1274 ethoc
678 1227 920 1288 tempore
945 1225 1002 1272 et
1039 1217 1298 1288 majorum
1331 1227 1630 1273 nostrorum
1657 1232 1804 1279 aevo,
1837 1232 1866 1279 a

282 1321 440 1368 recta
481 1310 709 1366 statione
748 1308 989 1366 Subversi
1028 1317 1084 1364 et
1109 1309 1176 1364 ab
1202 1317 1420 1379 angusta
1451 1308 1538 1365 via
1567 1307 1866 1384 prmcipites

285 1403 424 1464 dati.
453 1403 524 1465 ita
554 1417 840 1458 surrexere
866 1401 1062 1466 denuo.
1093 1411 1148 1456 ut
1177 1401 1472 1472 posteriore
1499 1401 1604 1455 vita
1636 1400 1866 1469 priorem

286 1495 630 1566 obtegerent,
655 1495 880 1562 palmam
903 1493 1225 1564 acciperent,
1253 1506 1449 1549 corona
1470 1490 1864 1562 redimirentur,

283 1601 416 1641 cum
448 1584 734 1640 victoribus
775 1583 1224 1654 prmdicarentur,
1268 1591 1322 1642 et
1363 1591 1664 1642 sanctorum
1705 1579 1868 1638 choro

284 1686 792 1734 annumerareutur.
853 1666 1114 1743 Quamdiu
1165 1683 1338 1734 tamen
1387 1674 1506 1744 quis
1555 1673 1606 1726 in
1659 1672 1870 1729 fornace

285 1767 622 1838 voluptatum
668 1766 947 1832 consistit,
1001 1765 1208 1820 etiamsi
1253 1765 1528 1824 innumera
1569 1763 1867 1834 hujusmodi

285 1859 535 1928 exempla
566 1858 833 1932 proposita
865 1857 1089 1922 habeat,
1123 1857 1220 1930 ipsi
1264 1872 1350 1912 res
1379 1869 1498 1911 esse
1537 1871 1700 1926 supra
1729 1855 1870 1910 vires

286 1957 517 2020 apparet
544 1967 558 2000 :
587 1959 641 2004 at
671 1949 713 2003 si
745 1948 826 2010 vel
860 1947 1123 2005 tantillum
1150 1947 1374 2016 cmperit
1398 1946 1542 2000 illinc
1571 1945 1772 2016 egredi,
1803 1945 1869 1999 ad

286 2041 547 2098 ulteriora
574 2055 786 2110 semper
814 2039 1136 2109 procedens,
1171 2047 1365 2092 statum
1394 2037 1540 2092 illum
1569 2036 1871 2108 diligentius

287 2151 451 2207 quam
488 2133 662 2205 ignem
692 2149 720 2185 a
749 2141 897 2202 tergo
935 2130 1232 2201 relinquet,
1276 2145 1339 2186 ea
1365 2145 1491 2186 vero
1521 2145 1638 2200 qua:
1665 2137 1787 2182 ante
1813 2142 1873 2184 se

287 2225 464 2296 pesita
495 2231 620 2278 sunt
643 2223 780 2278 roris
808 2221 1178 2292 facilitatisque
1205 2220 1363 2290 plena
1389 2219 1682 2290 conspicict
1711 2237 1724 2273 :
1755 2228 1870 2274 lan-

290 2325 406 2369 tum
436 2329 500 2370 ne
525 2312 895 2384 desperemus,
924 2326 1058 2367 neve
1084 2311 1152 2365 de
1176 2310 1346 2365 reditu
1377 2309 1679 2364 dubitemus
1709 2326 1722 2363 :
1751 2322 1868 2361 nam

288 2406 384 2476 qui
412 2405 490 2461 sic
513 2403 730 2458 affectus
756 2413 859 2468 est,
889 2402 1088 2471 ingenti
1119 2401 1245 2459 licet
1275 2401 1581 2456 fortitudine
1605 2410 1659 2454 et
1681 2399 1872 2454 alaeri-

290 2505 403 2550 tate
448 2494 698 2565 pra'ditus
727 2495 830 2557 sit,
875 2507 993 2547 eam
1040 2487 1236 2546 frustra
1267 2490 1522 2561 possidet.
1567 2489 1700 2544 Cum
1728 2489 1870 2544 enim

283 2586 506 2654 jauuatn
534 2583 632 2637 sibi
678 2584 1004 2654 paenitentia:
1033 2582 1198 2636 semel
1239 2581 1540 2647 occluscrit,
1574 2589 1630 2636 et
1651 2581 1716 2636 ad
1759 2589 1870 2634 sta-

291 2677 442 2730 dium
486 2674 844 2729 intercluserit
885 2673 1119 2740 aditum,
1159 2671 1426 2743 qumnodo
1473 2680 1622 2726 extra
1669 2669 1872 2740 positus

293 2767 492 2838 poterit
534 2767 616 2821 vel
665 2781 912 2835 magnum
945 2764 1028 2820 vel
1079 2764 1341 2820 modicum
1389 2763 1656 2832 quidpiam
1699 2761 1820 2815 boui
1846 2763 1868 2794 '

290 2857 548 2928 Ope-rari?
601 2855 936 2926 Quapropter
965 2854 1227 2924 malignus
1257 2854 1347 2910 ille
1377 2852 1506 2906 nihil
1534 2867 1638 2906 non
1669 2851 1872 2906 machi-

293 2958 474 3014 natur,
519 2964 624 3019 quo
665 2947 818 3003 nobis
861 2947 996 3002 banc
1037 2947 1412 3017 cogitationem
1444 2945 1602 3000 altius
1631 2944 1869 3016 deligat:

297 3058 422 3096 nam
453 3049 634 3112 postea
665 3057 769 3095 non
801 3038 1098 3096 sudandum
1129 3040 1178 3094 ei
1199 3080 1214 3104 ,
1251 3052 1353 3093 nec
1387 3036 1733 3092 laborandum
1773 3037 1878 3092 erit

292 3145 356 3190 ut
393 3149 491 3188 nos
527 3141 830 3204 oppugnet;
873 3133 1120 3187 nimirum
1159 3132 1269 3202 jam
1309 3131 1487 3200 lapsos
1517 3140 1570 3186 ct
1609 3131 1872 3200 jaceutes,

293 3235 458 3298 atque
486 3225 534 3280 ei
563 3225 824 3280 obsistere
849 3223 1112 3278 nolentes.
1141 3223 1240 3290 Qui
1271 3223 1412 3284 enim
1439 3222 1508 3276 ab
1538 3221 1637 3276 hoc
1665 3221 1876 3276 vinculo

294 3333 360 3372 se
387 3317 642 3387 expedire
673 3317 898 3385 poterit,
940 3315 1216 3386 pristinam
1251 3311 1610 3372 fortitudinem
1653 3325 1877 3380 recupe-

296 3409 458 3474 rahit,
487 3422 589 3464 nec
615 3407 846 3462 cessabit
873 3407 940 3461 ad
969 3415 1266 3464 extremum
1291 3419 1460 3474 usque
1487 3404 1706 3459 halitmn
1751 3419 1874 3457 cum

297 3499 391 3555 illo
423 3513 655 3569 pugnare
683 3514 698 3550 :
731 3497 939 3553 etiamsi
965 3511 1094 3550 vero
1125 3495 1176 3550 in
1215 3503 1496 3552 sexcentos
1538 3494 1718 3562 lapsus
1745 3507 1876 3562 pro-

301 3605 440 3656 ruat,
468 3604 648 3664 surget
675 3593 892 3657 iterum,
920 3599 974 3646 et
1003 3591 1206 3646 hostem
1238 3589 1502 3645 conficiet.
1531 3587 1727 3644 Contra
1749 3601 1878 3642 vero

297 3687 388 3756 qui
417 3683 806 3755 desperationis
835 3681 1158 3752 cogitatione
1184 3682 1403 3751 ligatur,
1431 3679 1629 3735 fractus
1655 3677 1874 3744 viribus,

298 3776 566 3847 quomodo
593 3790 848 3844 superare
885 3774 1078 3846 poterit
1103 3773 1190 3830 vel
1217 3772 1479 3828 obsistere
1497 3813 1514 3841 ,
1538 3786 1658 3827 cum
1689 3787 1753 3826 ex
1782 3769 1876 3825 ad-

300 3885 459 3924 verso
488 3867 652 3938 fugiat
671 3866 695 3921 ?

371 3960 426 4014 4.
461 3958 660 4024 Quwvis
689 3957 876 4012 scelera
903 3957 1196 4028 paenitentia
1233 3955 1480 4012 delentur.
1508 3987 1577 3998 -—-
1600 3956 1708 4014 Nec
1731 3959 1879 4014 dicas

303 4049 419 4105 lucc
447 4049 512 4104 ad
559 4065 652 4105 eos
690 4050 780 4120 qui
813 4049 1018 4104 modice
1059 4049 1401 4119 deliquerunt
1443 4051 1708 4120 pertinere
1739 4070 1753 4106 :
1783 4053 1876 4108 sed

301 4157 443 4212 pone
469 4141 765 4212 quempiam
810 4140 953 4204 omni
984 4138 1180 4210 ﬂagitio
1209 4139 1421 4210 plenum
1444 4182 1458 4204 ,
1491 4141 1579 4210 qui
1611 4141 1741 4195 nihil
1773 4159 1876 4198 non

301 4233 492 4303 egerit,
519 4229 659 4301 quod
684 4247 714 4284 a
755 4245 920 4302 regno
963 4229 1055 4284 illo
1088 4229 1360 4292 excludat,
1393 4230 1480 4299 qui
1521 4245 1550 4284 a
1596 4231 1875 4300 principio,

302 4337 412 4378 non
455 4337 518 4376 ex
567 4320 877 4387 inﬁdelium,
923 4319 1016 4374 sed
1061 4335 1124 4374 ex
1171 4318 1438 4385 ﬁdelium,
1469 4334 1759 4391 eorumque
1789 4323 1877 4392 qui

307 4411 424 4468 Deo
445 4411 754 4478 placueraut
773 4425 994 4468 numero
1014 4407 1196 4476 fuerit,
1215 4408 1406 4465 deinde
1422 4423 1570 4474 vero,
1595 4418 1876 4475 scortator,

301 4503 546 4557 mmchus
566 4543 580 4565 ,
611 4501 786 4556 mollis
805 4543 821 4566 ,
850 4501 963 4565 fur,
991 4500 1234 4554 ebriosus
1253 4540 1266 4564 ,
1298 4498 1644 4569 ptederastes,
1679 4501 1882 4554 calum-

302 4595 478 4650 uiator
520 4595 782 4659 evaserit,
821 4601 887 4650 et.
921 4593 1022 4654 alia
1064 4591 1086 4624 ³
1130 4591 1180 4646 id
1218 4606 1385 4660 genus
1435 4591 1659 4646 crimina
1713 4592 1880 4648 admi-

301 4685 435 4740 serit
459 4703 472 4739 :
495 4689 562 4740 ne
589 4683 728 4740 hunc
748 4683 961 4754 quidem
984 4683 1026 4736 si
1053 4682 1302 4751 desperet
1325 4683 1710 4752 approbaturus
1733 4699 1876 4751 sum,

299 4776 512 4831 etiamsi
539 4775 603 4830 ad
633 4784 930 4830 extremam
962 4789 1126 4844 usque
1155 4783 1426 4830 senectam
1455 4775 1506 4829 in
1534 4775 1754 4832 nefariis
1779 4777 1882 4832 illis

301 4867 677 4936 atrocibusque
721 4865 932 4936 ﬂagitiis
974 4867 1417 4936 perseveraverit.
1447 4867 1577 4921 Nam
1606 4868 1650 4922 si
1678 4869 1758 4923 ira
1786 4869 1880 4924 Dei

298 4961 466 5016 animi
499 4961 755 5030 a'gritudo
786 4969 961 5022 esset,
1000 4961 1122 5030 jure
1163 4962 1283 5031 quis
1322 4961 1668 5030 desperaret.
1699 4974 1882 5032 utpote

297 5053 394 5124 qui
437 5069 539 5106 non
574 5063 752 5120 posset
785 5053 809 5084 ⁸
857 5051 1122 5109 ﬂammam
1165 5061 1242 5106 tot
1277 5053 1568 5108 sceleribus
1601 5057 1880 5109 excitatam

299 5143 682 5214 exstinguere;
733 5143 856 5213 quia
899 5159 1024 5197 vero
1061 5143 1295 5196 divinum
1343 5159 1536 5197 numen
1568 5146 1882 5213 mgritudirte

297 5235 464 5290 animi
493 5251 714 5292 vacuum
759 5244 862 5301 est,
909 5251 972 5292 ac
1017 5235 1141 5291 licet
1185 5237 1386 5308 puniat,
1435 5236 1558 5292 licet
1595 5238 1880 5293 vindictam

297 5340 498 5396 sumat,
531 5348 635 5389 non
666 5334 742 5388 ira
771 5344 1072 5388 commotus
1102 5333 1151 5388 id
1181 5335 1308 5404 agit,
1333 5333 1424 5390 sed
1453 5349 1632 5390 curam
1657 5345 1709 5388 et
1735 5348 1883 5388 amo-

301 5436 416 5478 rem
467 5424 631 5478 nostri
673 5439 889 5494 semper
931 5427 1112 5494 gerit:
1159 5425 1278 5480 ideo
1303 5425 1326 5456 ⁸
1360 5424 1499 5478 bono
1543 5438 1663 5480 esse
1704 5425 1884 5478 animo

367 5557 386 5624 ξ
419 5553 740 5624 partehabet,
763 5527 1095 5624 rebanentius,
1134 5564 1192 5608 ut
1223 5563 1275 5608 et
1293 5555 1432 5609 Sari].

366 5615 390 5696 ζ
419 5621 584 5671 Deest,
624 5615 748 5675 boni,
779 5617 828 5664 in
865 5617 1148 5684 quibusdam
1170 5628 1271 5669 MSS.

423 5682 552 5724 Unus
565 5677 730 5730 habet.
754 5684 798 5726 et
817 5677 918 5726 atat
948 5679 1126 5730 omnia.

715 5711 730 5730 ς
754 5695 796 5726 σι
817 5695 918 5726 αιιει
948 5695 1126 5730 annua.

369 5738 392 5803 ξ
420 5735 550 5803 Coll).
577 5744 631 5803 et
650 5736 808 5803 sar“,
833 5751 925 5803 non
938 5739 1048 5803 jam
1069 5747 1241 5803 posset.

367 5795 392 5834 ⁸
425 5802 590 5855 Deest,
615 5795 740 5854 ideo,
779 5799 826 5846 in
847 5795 1130 5862 quibusdam
1164 5808 1264 5858 Mss.

1428 375 1520 432 Αι)
1557 375 1973 434 THEODORUM
2012 377 2305 436 LAPSUM.
2342 378 2383 436 Ι.

3441 385 3548 444 18!

1973 503 2069 558 par
2087 496 2191 557 est,
2215 501 2269 547 et
2293 491 2344 546 vi
2369 493 2692 564 panitentite
2710 495 2999 556 conlidere.
3025 497 3297 570 Siquidem
3319 513 3436 568 eos,
3457 500 3545 569 qui

1971 577 2026 636 in
2052 593 2112 634 se
2142 590 2492 648 peccaverunt
2511 623 2529 648 ,
2559 598 2666 640 non
2694 586 2778 642 sui
2801 601 2957 648 causa
2986 588 3123 646 solet
3150 587 3332 646 ulcisci
3363 607 3380 648 :
3411 589 3543 648 nihil

1971 668 2114 724 enim
2152 679 2328 740 potest
2356 672 2410 729 in
2427 671 2748 745 huiusmodi
2771 687 3010 734 naturam
3040 680 3219 736 damni
3244 681 3462 748 induci;
3493 682 3544 740 id

1977 773 2100 813 vero
2127 761 2236 832 agit
2261 761 2328 818 ad
2356 773 2593 818 nostram
2626 776 2872 834 spectans
2900 770 3198 836 utilitatem,
3227 787 3294 826 ne
3319 772 3370 828 iu
3399 773 3546 828 dete-

1974 849 2169 905 riorem
2203 861 2398 906 statum
2425 857 2750 924 perversitas
2771 867 2950 916 nostra
2970 859 3201 926 decidat,
3227 861 3354 918 dum
3377 862 3548 933 ipsum

1974 955 2088 994 rem
2113 951 2460 1000 contemnere
2487 959 2550 1001 ac
2578 946 2854 1016 deSpieere
2889 959 3154 1020 putamus.
3197 952 3549 1020 Quemadmo-

1973 1029 2099 1084 dum
2143 1033 2286 1090 cnim
2331 1033 2376 1090 is
2405 1035 2552 1104 quia
2591 1035 2710 1092 luce
2751 1038 2989 1102 recedit,
3020 1041 3148 1097 nihil
3193 1042 3305 1097 luci
3325 1041 3418 1100 sed
3447 1042 3548 1099 sibi

1974 1123 2201 1178 multum
2240 1123 2418 1180 damni
2459 1125 2654 1193 infert,
2683 1128 2808 1184 dum
2839 1129 2891 1186 in
2923 1131 3170 1188 tenebras
3206 1148 3265 1189 se
3290 1135 3504 1209 conjicit
3533 1154 3546 1190 :

1972 1213 2051 1276 sic
2099 1214 2190 1284 qui
2237 1217 2660 1286 omnipotentem
2711 1220 2852 1276 illam
2901 1221 3154 1278 virtutem
3189 1233 3550 1282 contemnere

1973 1305 2163 1365 solitus
2189 1315 2290 1372 est,
2319 1306 2488 1378 ipsam
2511 1309 2722 1380 quidem
2754 1310 2885 1368 nihil
2912 1311 3077 1377 lthit,
3103 1321 3399 1369 extremam
3425 1330 3554 1372 vero

1972 1393 2073 1450 sibi
2107 1395 2394 1466 perniciem
2425 1398 2618 1455 adfert.
2652 1400 2762 1456 llac
2801 1400 2869 1456 de
2911 1417 3070 1458 causa
3103 1404 3242 1464 Deus
3267 1405 3552 1462 vindictam

1973 1483 2131 1540 nobis
2155 1487 2532 1554 comminatur,
2557 1503 2807 1562 smpeque
2837 1492 3092 1557 immittit,
3122 1509 3228 1549 non
3258 1504 3313 1556 ut
3340 1510 3398 1553 se
3425 1496 3555 1552 ulci-

1973 1584 2152 1631 scatur
2171 1617 2187 1642 ,
2219 1577 2312 1634 sed
2342 1589 2398 1634 ut
2423 1595 2522 1638 nos
2547 1580 2616 1636 ad
2645 1596 2703 1637 se
2731 1583 3026 1652 pertrahat.
3056 1585 3126 1642 At
3149 1589 3290 1649 enim
3318 1587 3554 1646 medicus

1972 1664 2040 1720 de
2068 1668 2404 1724 cautumeliis
2441 1669 2781 1726 delirantium
2823 1687 2928 1728 non
2957 1673 3102 1728 dolet
3125 1715 3140 1742 ,
3183 1691 3354 1747 neque
3381 1677 3551 1734 offen-

1973 1753 2150 1822 ditur;
2192 1755 2284 1811 sed
2315 1766 2491 1814 tamen
2525 1759 2654 1814 nihil
2695 1775 2802 1816 non
2833 1763 2972 1831 agit,
3005 1771 3063 1817 ut
3093 1779 3186 1818 eos
3216 1765 3285 1820 ita
3331 1768 3554 1836 turpiter

1973 1859 2034 1900 se
2059 1858 2308 1916 gerentes
2333 1860 2657 1920 compescat,
2686 1868 2792 1906 non
2817 1869 2965 1908 suam
2993 1865 3240 1924 spectans
3259 1898 3274 1920 ,
3305 1857 3398 1914 sed
3431 1858 3553 1916 illo-

1973 1953 2091 1993 rum
2134 1940 2414 1996 utilitatem
2454 1943 2544 1997 :si
2589 1954 2766 2000 autem
2812 1947 2937 2014 aegri
2981 1947 3064 2002 vel
3106 1949 3367 2004 tantillum
3409 1967 3555 2010 same

1977 2031 2172 2086 mentis
2197 2032 2499 2100 ostendant,
2525 2036 2722 2104 gaudet
2749 2045 2804 2091 et
2827 2035 3050 2104 Ιωιειιιιν,
3091 2039 3364 2109 multoque
3397 2043 3557 2100 vehe-

1975 2121 2208 2177 mentius
2235 2123 2469 2178 remedia
2496 2124 2774 2191 admovet,
2817 2143 2920 2180 non
2959 2127 3099 2198 quod
3146 2145 3330 2200 poenas
3369 2142 3558 2188 contu-

1975 2213 2150 2268 meliae
2191 2223 2440 2284 expetat,
2496 2216 2590 2272 sed
2648 2227 2706 2275 ut
2774 2219 3052 2275 utilitatem
3102 2231 3294 2292 augeat
3345 2225 3404 2289 ί,
3447 2227 3556 2280 imo

1974 2315 2030 2361 et
2053 2306 2343 2376 perfectam
2375 2309 2658 2367 sanitatem
2691 2311 2925 2368 inducat.
2969 2312 3172 2370 Eodem
3199 2316 3357 2373 modo
3395 2318 3552 2384 Deus,

1977 2409 2254 2469 postquam
2299 2415 2399 2456 nos
2443 2401 2496 2456 in
2543 2411 2838 2458 extremam
2883 2403 3180 2462 decidimus
3225 2409 3549 2476 amentiam,

1975 2502 2081 2541 non
2110 2498 2166 2542 ut
2198 2489 2464 2558 praeterita
2493 2491 2800 2559 ulciscatur,
2831 2493 2924 2550 sed
2953 2503 3010 2548 ut
3038 2511 3136 2550 nos
3161 2511 3191 2552 a
3213 2499 3401 2552 morbo
3426 2499 3559 2558 libe-

1975 2585 2081 2643 ret,
2116 2577 2245 2632 nihil
2279 2594 2386 2632 non
2427 2579 2554 2634 dicit
2589 2590 2644 2635 et
2683 2579 2848 2636 facit:
2883 2584 3025 2654 quod
3052 2599 3183 2647 sane
3211 2587 3384 2658 quivis
3413 2597 3557 2648 recto

1976 2681 2104 2722 usus
2129 2667 2407 2722 ratiocinio
2437 2671 2744 2740 perspicere
2772 2671 2932 2726 valet.

2046 2758 2100 2814 5.
2141 2759 2197 2817 Si
2223 2776 2350 2814 vero
2386 2762 2648 2842 quispiam
2677 2762 2791 2818 haec
2817 2763 2870 2818 in
2896 2764 3112 2820 dubium
3138 2768 3406 2824 vocaverit
3440 2809 3459 2836 ,
3487 2785 3554 2825 ex

1976 2849 2169 2906 divinis
2197 2851 2486 2924 Scripturis
2510 2869 2572 2908 ca
2610 2853 2722 2924 ipsa
2753 2855 3067 2912 conﬁrmare
3098 2857 3152 2914 in
3179 2871 3421 2930 promptu
3451 2871 3554 2918 est.

1976 2941 2108 2997 Nam
2127 2943 2266 3014 quis,
2295 2959 2506 3014 quaeso,
2523 2960 2648 3016 rege
2664 2945 3071 3018 Babyloniorum
3101 2951 3408 3009 sceleratior
3431 2953 3558 3010 fuit?

1977 3032 2066 3104 qui
2096 3048 2214 3089 cum
2241 3043 2440 3090 tantam
2479 3037 2568 3092 Dei
2589 3038 2874 3106 potentiam
2891 3051 3142 3110 expertus
3172 3052 3334 3110 esset,
3354 3053 3412 3100 ut
3431 3061 3556 3116 pro-

1979 3123 2190 3192 phetam
2218 3124 2334 3194 ejus
2371 3125 2618 3181 adoraret
2637 3167 2651 3192 ,
2667 3127 2987 3200 juberetque
3009 3131 3058 3186 ei
3086 3148 3272 3188 mauaa
3299 3135 3320 3167 ⁸
3347 3175 3364 3201 ,
3399 3134 3453 3190 id
3475 3144 3560 3192 est

1977 3211 2138 3280 dona,
2169 3223 2224 3268 et
2247 3213 2442 3270 odores
2471 3214 2667 3282 olferri,
2700 3231 2886 3272 rursus
2917 3221 2968 3272 in
3000 3221 3278 3290 pristinam
3309 3239 3558 3281 reversus

1978 3302 2279 3370 superbiam
2317 3317 2432 3370 eos,
2469 3304 2560 3374 qui
2597 3303 2771 3374 ipsum
2803 3305 2914 3361 Deo
2954 3309 3208 3377 prteferre
3249 3311 3554 3382 noluerant,

1979 3392 2166 3466 ligatos
2187 3394 2238 3448 in
2263 3393 2530 3452 fornacem
2559 3395 2806 3466 conjeeit.
2828 3399 3074 3454 Attamen
3101 3399 3244 3458 hunc
3268 3403 3337 3458 ita
3366 3405 3556 3463 crude-

1980 3485 2083 3540 lem
2105 3527 2120 3554 ,
2153 3485 2372 3556 impium
2394 3529 2408 3552 ,
2442 3486 2715 3560 feramque
2751 3490 2926 3558 potius
2953 3505 3110 3561 quam
3155 3491 3422 3550 hominem
3444 3539 3459 3564 ,
3485 3498 3556 3556 ad

1981 3580 2345 3652 paenitentiam
2370 3589 2646 3650 provocat,
2667 3580 2902 3652 aliasque
2921 3583 3074 3638 offert
3090 3585 3187 3654 ipsi
3211 3588 3556 3657 resipisccndi

1981 3669 2320 3736 occasiones;
2346 3669 2518 3740 primo
2549 3671 2722 3742 ipsum
2757 3673 3070 3728 miraculum
3095 3677 3232 3746 quod
3259 3677 3309 3732 in
3340 3679 3555 3739 fornace

1980 3760 2200 3830 contigit
2222 3776 2237 3826 ;
2263 3761 2456 3817 deinde
2477 3761 2755 3830 visionem,
2786 3763 2894 3833 regi
2921 3765 3172 3832 oblatam,
3201 3783 3356 3839 quam
3387 3771 3553 3828 inter-

1982 3859 2216 3920 pretatus
2237 3861 2319 3907 est
2335 3851 2539 3920 Daniel,
2562 3869 2680 3924 qua:
2711 3862 2920 3927 poterat
2941 3856 3022 3911 vel
3041 3857 3302 3927 lapideam
3323 3850 3554 3922 aniniam

1981 3941 2198 3998 flectere
2231 3961 2243 3997 :
2275 3943 2484 3998 tandem
2508 3954 2627 4014 post
2651 3943 2796 4000 illam
2822 3961 2886 4001 ex
2909 3947 3068 4003 rebus
3097 3949 3226 4018 ipsis
3253 3950 3442 4009 factam
3467 3955 3556 4011 ad-

1984 4033 2329 4089 monitionem
2353 4077 2367 4102 ,
2397 4036 2511 4105 ipse
2551 4036 2808 4106 propheta
2843 4040 3122 4094 consilium
3151 4043 3298 4098 dedit
3337 4044 3418 4101 his
3440 4063 3560 4103 ver-

1983 4123 2064 4177 bis
2095 4143 2107 4178 :
2140 4122 2436 4192 Propterea,
2471 4141 2561 4179 rea:
2583 4166 2598 4190 ,
2627 4127 2891 4180 consilium
2919 4145 3083 4182 meum
3117 4131 3204 4184 tibi
3245 4131 3440 4202 placeat
3465 4177 3480 4202 ,
3511 4146 3559 4191 et

1982 4225 2185 4284 peccata
2208 4224 2292 4266 tua
2317 4215 2370 4268 in
2395 4214 2714 4284 cleemosynis
2753 4217 2958 4284 redime,
2991 4229 3037 4271 et
3055 4220 3339 4288 iniquitates
3369 4233 3482 4280 tuas
3506 4226 3558 4281 in

1993 4303 2396 4358 miserationibus
2442 4319 2721 4374 pauperum
2764 4319 2784 4358 :
2820 4307 3032 4376 forsitan
3069 4309 3162 4362 erit
3207 4310 3561 4382 longanimitas

1983 4393 2176 4448 delictis
2215 4395 2312 4449 tuis
2356 4392 2515 4467 (Dan.
2552 4395 2607 4450 4.
2637 4393 2753 4466 2i).
2795 4394 2932 4464 Quid
2969 4397 3139 4464 dicis,
3185 4416 3218 4455 ο
3251 4405 3464 4472 sapiens
3506 4419 3557 4464 et

1983 4486 2184 4542 beate?
2216 4497 2368 4542 estne
2405 4494 2525 4556 post
2571 4495 2774 4544 tantum
2817 4489 3023 4558 lapsmn
3069 4493 3304 4560 reditus,
3342 4506 3396 4551 et
3440 4511 3562 4572 post

1985 4586 2188 4634 tantum
2239 4579 2484 4633 morbum
2533 4579 2788 4634 sanitas?
2841 4596 3122 4644 rursumne
3172 4594 3294 4656 post
3361 4595 3560 4646 tantum

1983 4672 2268 4726 amentiam
2295 4685 2418 4740 spes
2441 4671 2821 4740 resipiscentia:
2836 4671 2858 4725 ?
2873 4670 3094 4727 Onmem
3122 4676 3271 4745 prius
3292 4693 3440 4748 Spem
3465 4683 3564 4738 sibi

1986 4763 2225 4832 pra-cidit
2257 4778 2374 4828 rex,
2417 4764 2590 4830 primo
2625 4778 2746 4816 cum
2790 4773 3086 4820 creatorem
3125 4781 3300 4833 suum,
3333 4787 3563 4844 citusque

1985 4853 2073 4923 qui
2103 4868 2161 4906 se
2180 4851 2244 4906 ad
2265 4861 2464 4908 tantum
2481 4851 2738 4906 honorem
2765 4863 3032 4922 evexerat,
3053 4855 3336 4926 ignoravit,
3354 4862 3563 4919 etiamsi

1985 4945 2102 5012 ejus
2154 4942 2405 5011 potentia:
2449 4953 2608 5013 atque
2657 4943 3001 5012 providentia:
3059 4961 3372 5020 argumenta
3429 4953 3565 5011 bene

1987 5033 2174 5098 multa,
2201 5039 2308 5085 tum
2335 5047 2458 5100 erga
2483 5046 2562 5092 se.
2587 5041 2696 5089 tum
2722 5047 2846 5105 erga
2871 5037 3235 5106 progenitores
3259 5055 3385 5094 suos
3407 5041 3559 5095 exhi.

1988 5121 2116 5188 bila,
2149 5121 2446 5176 enarranda
2475 5120 2718 5176 haberet.
2743 5122 2946 5180 Deinde
2972 5117 3119 5192 ver‘o,
3149 5141 3270 5182 cum
3301 5137 3417 5197 post
3441 5129 3560 5185 data

1987 5213 2260 5283 sapientia:
2289 5220 2343 5267 et
2373 5212 2714 5282 praescientia:
2743 5215 2858 5282 ejus
2895 5216 3040 5285 signa
3079 5219 3386 5288 conspicua,
3419 5231 3564 5287 post-

1988 5321 2147 5376 quam
2179 5305 2436 5374 magicen,
2468 5307 2880 5372 astronomiam,
2913 5323 3232 5380 omnemque
3267 5311 3560 5368 diabolica-

1989 5409 2108 5448 rum
2141 5394 2520 5466 prmstigiarum
2547 5409 2762 5450 scenam
2793 5409 3029 5450 eversam
3049 5397 3286 5465 vidisset,
3312 5401 3558 5472 graviora

2039 5695 2052 5723 ¹
2077 5695 2295 5740 ωιυθτι.
2321 5697 2465 5745 unus,
2488 5685 2573 5737 sed
2594 5691 2644 5734 ut
2665 5680 2920 5745 pulchrum
2942 5672 3284 5745 illuutttitium
3304 5686 3495 5740 augeat.

2039 5755 2058 5784 ⁸
2086 5739 2264 5800 ilionea
2303 5755 2380 5796 est
2405 5739 2492 5798 vox
2517 5739 2766 5803 hebra'iea,
2803 5753 2915 5802 qua
2955 5739 3210 5802 signiﬁcat.
3249 5739 3438 5794 manus.
3477 5745 3572 5789 aut

1974 5812 2188 5871 dmum...

2251 5965 2275 5973 κ,
