3954 6462
447 386 557 444 285

450 506 717 579 prioribus
739 501 967 558 admisit.
987 499 1116 555 Nam
1135 512 1198 553 ea
1225 513 1344 569 qua:
1365 497 1633 568 sapientes
1663 496 1738 550 illi
1765 495 1902 565 magi
1919 493 2025 550 Ga-

451 597 630 654 zarcni
655 593 922 664 explicare
947 605 1052 646 non
1084 599 1350 660 poterant,
1382 589 1479 644 sed
1505 587 1895 644 confitebantur
1919 600 2030 639 ma-

449 689 564 760 jora
591 701 730 749 esse,
754 699 914 754 quam
937 683 1167 737 humana
1188 681 1407 737 facultas
1428 687 1664 751 caperet,
1695 695 1756 734 ea
1782 679 1872 732 Dei
1900 685 2030 730 nutu

453 785 828 848 interpretatus
845 776 1100 847 puerulus
1126 774 1384 845 captivus,
1410 773 1585 842 ipsum
1608 769 1908 840 hujusmodi
1933 767 2031 821 mi-

456 871 642 926 racqu
671 883 908 938 eousque
933 867 1182 932 deduxit,
1215 875 1272 921 ut
1305 883 1410 921 non
1447 864 1604 919 modo
1626 862 1869 919 crederet
1891 902 1904 924 ,
1934 859 2027 914 sed

450 965 610 1018 etiam
639 959 756 1016 orbi
787 968 1048 1014 terrarum
1091 959 1184 1014 toti
1227 957 1382 1012 fieret
1418 957 1533 1026 ejus
1563 955 1825 1024 dogmatis
1856 966 2030 1022 prmco

447 1064 502 1108 ct
527 1054 718 1108 doctor
747 1052 994 1123 publicus
1021 1069 1034 1105 :
1063 1052 1132 1105 ita
1159 1059 1217 1104 ut
1257 1051 1301 1105 si
1340 1057 1465 1104 ante
1491 1049 1698 1120 signum
1727 1044 2030 1116 hujusmodi

451 1145 604 1199 venia
626 1142 876 1214 indignus
903 1150 1038 1204 erat.
1067 1139 1206 1211 quod
1235 1141 1400 1195 Deum
1429 1139 1718 1209 ignoraret,
1752 1136 1917 1190 multo
1953 1135 2031 1188 in-

449 1235 660 1306 dignior
695 1243 816 1304 post
857 1232 984 1287 illud
1029 1230 1343 1286 miraculum
1386 1237 1441 1284 et
1479 1237 1598 1300 post
1643 1226 2030 1282 confessionem

451 1342 601 1382 suam
627 1336 784 1396 atque
828 1324 1125 1380 doctrinam
1155 1322 1272 1377 aliis
1303 1321 1646 1377 declaratam.
1674 1319 1856 1389 Neque
1889 1317 2029 1372 enim

453 1418 551 1472 nisi
576 1417 733 1488 plane
757 1414 1076 1472 credidisset
1097 1415 1267 1485 ipsum
1298 1413 1469 1469 solum
1491 1426 1612 1468 esse
1631 1425 1817 1466 verum
1842 1409 2028 1472 Deum,

452 1517 658 1562 tantum
685 1521 842 1562 servo
862 1504 977 1576 ejus
992 1504 1252 1559 honorem
1272 1502 1574 1566 detulisset,
1603 1515 1702 1555 nec
1727 1497 2032 1569 hujusmodi

453 1598 700 1654 mandata
740 1597 950 1652 eceteris
985 1595 1238 1651 dedisset.
1282 1595 1528 1650 Attamen
1562 1599 1684 1662 post
1727 1587 2030 1660 hujusmodi

451 1691 839 1747 confessionem
865 1689 918 1744 in
942 1689 1295 1744 idololatrian:
1322 1688 1514 1740 iterum
1544 1685 1794 1754 delapsus
1824 1691 1906 1738 est
1934 1699 1948 1736 :
1979 1690 2034 1736 et

449 1783 542 1852 qui
588 1791 886 1853 prostratus
924 1780 976 1835 in
1031 1778 1220 1834 faciem
1274 1793 1487 1835 servum
1537 1777 1631 1831 Dei
1673 1775 2030 1840 adoraverat,

454 1881 602 1927 tanto
633 1881 815 1941 postea
845 1871 1025 1926 furore
1053 1879 1330 1939 correptus
1369 1877 1472 1934 est,
1502 1879 1559 1922 ut
1589 1868 1678 1922 Dei
1701 1882 1914 1931 servos,
1943 1863 2032 1934 qui

452 1967 623 2037 ipsum
641 1964 864 2020 adorare
882 1964 1183 2028 noluerant,
1199 1962 1249 2016 in
1270 1962 1534 2016 fornacem
1549 1960 1876 2013 immitteret.
1895 1956 2030 2024 Quid

457 2055 656 2127 igitur?
682 2071 808 2109 num
835 2054 974 2109 Deus
1002 2061 1298 2122 apostatam
1331 2051 1473 2105 ultus
1499 2057 1579 2104 est
1600 2091 1615 2115 ,
1647 2060 1702 2104 ut
1730 2048 1910 2102 ulcisci
1936 2046 2032 2100 de-

455 2147 654 2203 bebat?
679 2144 928 2211 Quinimo
951 2143 1152 2212 majora
1175 2142 1275 2212 ipsi
1307 2141 1557 2212 potentia:
1591 2155 1699 2194 suae
1725 2139 1872 2209 signa
1900 2153 2034 2207 pra:-

458 2239 592 2306 buit,
612 2237 892 2308 ipsumque
919 2244 1041 2306 post
1073 2243 1272 2289 tantam
1313 2234 1582 2288 vesaniam
1608 2231 1675 2287 ad
1705 2232 1921 2302 pristina
1939 2232 2034 2285 ite-

453 2345 572 2385 rum
606 2329 835 2384 reduxit.
854 2327 1113 2398 Quodque
1143 2326 1436 2382 mirabilius
1461 2335 1560 2390 est,
1587 2340 1654 2380 ne
1674 2323 1742 2378 ob
1767 2324 2035 2396 prodigio-

459 2437 579 2478 rum
601 2421 1014 2492 magnitudinem
1039 2419 1171 2474 ﬂdes
1192 2419 1321 2490 ipsis
1344 2427 1650 2489 negaretur,
1673 2421 1727 2472 in
1756 2417 1904 2472 nullo
1928 2417 2034 2472 alio

456 2514 664 2584 signum
694 2511 839 2578 fecit,
873 2511 976 2566 nisi
1001 2511 1056 2565 in
1085 2510 1196 2581 ipsa
1233 2508 1448 2565 fornace
1471 2551 1486 2577 ,
1525 2523 1684 2579 quam
1718 2507 2036 2564 accenderat

459 2606 549 2660 ille
576 2613 761 2660 contra
794 2616 989 2674 pueros
1027 2617 1162 2674 quos
1189 2602 1378 2673 ligatos
1406 2617 1471 2657 eo
1496 2601 1745 2672 coniecit.
1777 2600 1918 2655 Sane
1947 2615 2033 2655 res

457 2698 592 2753 mira
631 2696 998 2768 stupendaque
1024 2694 1246 2761 fuisset,
1271 2695 1317 2750 si
1344 2695 1614 2749 ﬂammam
1643 2693 1985 2750 exstinxisset
2016 2709 2031 2746 :

454 2800 506 2844 at
529 2790 977 2846 clementissimus
1017 2789 1125 2854 ille,
1153 2796 1212 2842 ut
1249 2787 1506 2858 majorem
1548 2794 1748 2841 metum
1777 2785 2030 2852 adferret,

453 2883 857 2951 graviorcmque
883 2887 1141 2934 terrorem
1167 2877 1450 2942 incuteret,
1483 2877 1709 2946 ejusque
1739 2877 2030 2931 caecitatem

457 2972 667 3041 penitus
691 2971 941 3038 solveret,
967 2969 1138 3040 majus
1159 2968 1428 3039 quippiam
1454 2975 1508 3022 et
1529 2960 1826 3022 mirabilius
1841 2982 2033 3038 opera-

457 3075 543 3119 tus
583 3073 687 3120 est.
712 3062 845 3118 Cum
877 3061 1019 3117 enim
1050 3060 1378 3132 permisisset
1411 3060 1558 3113 illam
1590 3059 1840 3114 succendi
1865 3073 2032 3130 quan-

457 3166 565 3208 tum
588 3153 703 3225 ipse
731 3151 962 3218 volebat,
985 3150 1057 3206 ita
1081 3165 1232 3206 suam
1254 3149 1487 3206 ostendit
1506 3148 1816 3219 potentiam,
1848 3158 1902 3203 ut
1927 3147 2033 3202 ini-

457 3246 712 3301 micorum
738 3243 1164 3300 macbinamenta
1207 3256 1312 3296 non
1350 3240 1686 3305 dissolveret,
1713 3239 1806 3294 sed
1845 3238 2032 3294 eadem

457 3335 823 3407 permanentia
853 3335 998 3390 irrita
1046 3333 1268 3390 faceret.
1314 3331 1393 3388 Ne
1432 3333 1552 3403 quis
1586 3347 1715 3387 vero
1746 3332 1889 3401 ipsos
1915 3339 2036 3401 post

456 3435 732 3497 superatas
771 3425 1014 3480 ﬂammas
1059 3425 1416 3494 conspiciens,
1442 3424 1753 3493 phantasma
1785 3437 1904 3478 esse
1937 3437 2034 3491 pu-

457 3527 614 3581 taret,
644 3531 738 3572 eos
759 3515 999 3571 comburi
1023 3515 1285 3584 permisit,
1314 3514 1406 3583 qui
1437 3515 1580 3583 ipsos
1606 3514 1918 3582 injccerant,
1949 3529 2036 3569 os-

457 3608 680 3662 tendens
705 3622 889 3662 verum
925 3607 1099 3675 ignem
1127 3620 1246 3660 esse
1276 3604 1327 3659 id
1357 3605 1496 3675 quod
1532 3605 1874 3664 cernebatur:
1906 3605 2037 3658 alio-

457 3701 582 3769 quin
609 3713 712 3753 non
731 3696 1040 3766 naphtham,
1081 3707 1308 3766 stnpam,
1325 3697 1589 3765 palmites,
1610 3704 1791 3765 totque
1811 3710 2035 3765 corpora

458 3790 858 3846 combussisset.
881 3788 986 3844 Sed
1011 3791 1128 3858 ejus
1151 3787 1377 3857 imperio
1406 3787 1534 3842 nihil
1568 3788 1838 3856 potentius
1867 3805 1880 3840 :
1914 3787 2033 3840 uni-

458 3897 716 3952 versaque
751 3895 930 3935 rerum
969 3888 1156 3934 natura
1199 3878 1275 3933 illi
1305 3877 1636 3948 obsequitur,
1678 3877 1765 3946 qui
1810 3892 1927 3931 eam
1968 3893 2035 3932 ex

459 3973 624 4030 nihilo
669 3972 934 4044 produxit,
967 3971 1108 4043 quod
1147 3985 1278 4026 sane
1302 3979 1428 4025 tunc
1462 3969 1882 4023 demonstratum
1920 3977 2032 4022 est:

458 4064 653 4121 ctenim
675 4064 886 4119 ﬂamma
924 4077 1046 4118 cum
1075 4062 1436 4132 corruptibilia
1467 4076 1686 4130 corpora
1721 4061 2033 4130 accepisset,

461 4157 528 4213 ab
553 4155 616 4212 iis
647 4157 797 4228 quasi
820 4154 1311 4226 incorruptibilibus
1336 4153 1608 4216 abstinuit,
1631 4151 2034 4223 depositumque

459 4248 664 4304 salvum
689 4247 936 4313 reddidit,
968 4248 1126 4318 idque
1154 4247 1322 4302 multo
1347 4261 1467 4301 cum
1487 4244 1803 4316 splendore.
1832 4244 2033 4312 Quem-

457 4338 741 4394 admodum
771 4341 914 4394 enim
936 4354 1000 4394 ex
1019 4340 1180 4410 regiis
1206 4337 1410 4392 aedibus
1431 4353 1602 4408 reges,
1625 4338 1703 4391 sic
1729 4352 1792 4390 ex
1815 4335 2032 4392 fornace

459 4430 608 4499 pueri
629 4429 880 4483 exierunt
903 4446 918 4494 ;
945 4428 1090 4483 nullo
1119 4438 1246 4482 tunc
1269 4442 1450 4497 regem
1477 4428 1718 4496 aspicere
1743 4427 1996 4498 dignante
2013 4467 2031 4494 ,

459 4519 552 4574 sed
585 4520 820 4573 omnium
863 4519 1033 4574 oculis
1056 4559 1072 4584 ,
1118 4519 1340 4572 dimisso
1380 4518 1508 4582 illo,
1537 4519 1602 4572 ad
1647 4529 1756 4573 tam
1794 4520 2037 4575 mirabile

461 4608 816 4677 spectaculum
857 4610 1170 4662 conversis:
1218 4622 1281 4661 ac
1321 4622 1494 4677 neque
1536 4609 1778 4663 diadema
1811 4651 1826 4677 ,
1865 4626 2038 4681 neque

463 4712 716 4769 purpura,
752 4714 922 4768 neque
951 4698 1092 4752 aliud
1117 4697 1386 4768 quidpiam
1410 4699 1571 4768 regiae
1602 4714 1831 4769 pompae,
1855 4701 2038 4756 turbas

466 4790 757 4844 infidelium
803 4789 1024 4858 perinde
1069 4791 1370 4859 permovit,
1402 4798 1562 4859 atque
1590 4790 1795 4861 species
1825 4791 2034 4845 illorum

464 4885 722 4949 fidelium,
751 4883 840 4954 qui
866 4883 1027 4955 longo
1065 4884 1278 4956 quidem
1320 4893 1562 4954 tempore
1597 4884 1650 4938 in
1681 4883 1800 4954 igne
1842 4885 2036 4937 versati

461 4984 606 5042 sunt,
647 4974 739 5029 sed
779 4973 998 5046 perinde
1042 4976 1306 5042 exierunt,
1341 4990 1403 5031 ac
1432 4976 1475 5029 si
1503 4990 1600 5045 per
1622 4975 1889 5030 somnium
1925 4973 2039 5030 hzee

463 5067 699 5138 perpessi
726 5074 925 5121 essent.
949 5066 1156 5121 Atenim
1188 5066 1330 5136 quod
1351 5066 1403 5120 in
1431 5067 1584 5121 nobis
1609 5065 1812 5121 facilius
1841 5081 2038 5121 consu-

472 5160 655 5221 mitur,
686 5173 877 5228 nempe
907 5157 1217 5227 capillorum
1245 5165 1451 5224 natura,
1475 5167 1601 5212 tunc
1627 5159 1906 5211 adamante
1926 5155 2036 5209 for-

464 5251 566 5304 tius
595 5247 835 5302 ﬂammas
881 5248 1057 5301 omnia
1103 5247 1424 5302 devorantcs
1465 5249 1753 5316 superavit.
1780 5247 1961 5316 Neque
1991 5247 2042 5302 id

469 5341 641 5393 solum
677 5339 921 5395 mirabile
954 5346 1096 5403 erat,
1129 5337 1268 5409 quod
1301 5339 1350 5392 in
1378 5337 1513 5409 ignis
1542 5337 1774 5392 medium
1811 5338 2036 5406 conjecti

469 5431 596 5483 nihil
627 5439 954 5500 paterentur,
988 5429 1083 5485 sed
1129 5429 1268 5499 quod
1309 5429 1469 5483 etiam
1497 5429 1839 5497 loquerentur
1871 5428 2039 5482 conti-

471 5536 575 5572 nuo
601 5537 615 5573 :
651 5535 806 5576 nemo
833 5531 1011 5576 autem
1039 5521 1208 5575 nescit
1239 5534 1334 5574 cos
1358 5517 1446 5588 qui
1477 5519 1528 5571 in
1563 5516 1793 5572 ﬂammis
1824 5533 2041 5572 versan-

474 5616 582 5671 tur,
611 5606 776 5663 donec
801 5609 994 5664 clausis
1017 5609 1168 5664 labiis
1187 5617 1328 5670 sunt,
1353 5606 1564 5660 modico
1584 5606 1772 5660 saltem
1801 5615 2042 5675 tempore

474 5695 721 5751 incendio
757 5700 1040 5765 resistere;
1077 5701 1121 5754 si
1151 5709 1327 5755 autem
1375 5713 1437 5753 os
1488 5697 1824 5767 aperuerint,
1867 5699 2045 5752 statim

471 5789 700 5846 animam
731 5803 762 5842 a
802 5803 1027 5856 corpore
1069 5792 1299 5847 arolarc.
1340 5789 1716 5847 Verumtamen
1767 5797 1844 5844 tot
1889 5788 2044 5844 editis

1161 381 1217 438 S.
1258 377 1535 438 JOANNIS
1572 372 2047 434 CHRYSOSTOMI
2083 373 2398 430 ARCHILP.
2442 373 2974 432 CONSTANTINOP.

3615 381 3726 437 28‘

2142 491 2430 549 miraculis.
2469 493 2818 563 omnibusque
2855 490 3112 561 attonitis,
3144 501 3252 549 tam
3279 495 3640 568 praesentibus
3668 508 3726 552 et

2138 585 2502 654 spectantibus
2526 600 2684 654 quam
2713 586 3042 654 absentibus,
3072 587 3162 658 qui
3196 588 3249 644 id
3281 604 3378 659 per
3401 589 3588 646 literas
3608 591 3728 646 edi-

2140 675 2400 743 diccrunt,
2435 691 2528 731 rex
2555 677 2643 732 ille
2666 676 2755 747 qui
2778 677 2911 732 alios
2945 677 3218 744 docuerat,
3246 679 3549 736 obstinatus
3571 698 3728 738 man-

2140 766 2229 833 sit,
2261 777 2314 822 et
2331 767 2395 821 ad
2421 768 2697 837 pristinam
2729 784 2975 824 reversus
3003 778 3087 825 est
3106 769 3526 839 improbitatem.
3550 774 3632 827 Ac
3654 789 3727 828 ne

2137 858 2216 914 sic
2237 859 2447 930 quidem
2475 861 2624 916 illum
2653 863 2792 918 Deus
2818 862 3040 932 punivit,
3070 862 3168 917 sed
3192 864 3460 933 patienter
3489 865 3631 933 tulit,
3660 881 3727 921 ac

2139 965 2235 1018 per
2280 951 2545 1006 somnium
2587 966 2783 1022 perque
2821 952 3137 1024 prophetam
3175 968 3560 1019 commonens,
3595 971 3722 1010 cum

2138 1043 2226 1098 tali
2255 1044 2338 1098 via
2373 1044 2538 1100 nihilo
2575 1045 2762 1100 melior
2801 1046 3074 1112 evaderet,
3108 1061 3321 1115 poenam
3351 1046 3569 1103 demum
3614 1049 3723 1102 im-

2136 1134 2300 1198 misit,
2346 1149 2450 1189 non
2488 1135 2754 1205 praeterita
2798 1136 3096 1203 ulciscens,
3131 1137 3224 1192 sed
3254 1136 3428 1192 futura
3459 1140 3722 1208 praesciu-

2135 1225 2270 1281 dens
2317 1226 2476 1290 mala,
2518 1234 2573 1282 et
2607 1227 3003 1297 improbitatem
3041 1242 3108 1282 ne
3135 1228 3354 1284 ulterius
3398 1229 3719 1298 procederet

2139 1333 2432 1374 coercens:
2477 1333 2652 1389 neque
2692 1327 2867 1373 tamen
2909 1335 3079 1388 usque
3118 1323 3170 1374 in
3211 1320 3400 1385 finem;
3435 1331 3718 1392 postquam

2136 1411 2277 1466 enim
2308 1411 2490 1480 paucis
2528 1412 2674 1466 illum
2711 1413 2865 1467 annis
2908 1413 3255 1482 castigasset,
3283 1414 3508 1483 pristino
3535 1415 3720 1470 reddi-

2137 1500 2217 1556 dit
2249 1501 2474 1567 honori,
2506 1502 2649 1557 nullo
2673 1502 2866 1557 damno
2892 1503 3168 1558 multatum
3201 1519 3267 1559 ex
3295 1519 3471 1574 paena,
3505 1505 3603 1560 sed
3625 1505 3717 1560 bo—

2142 1608 2269 1647 num
2291 1594 2526 1649 omnium
2550 1598 2840 1649 maximum
2867 1594 3124 1650 lucratum
3146 1635 3161 1662 ,
3191 1604 3248 1650 ut
3273 1611 3464 1666 nempe
3492 1595 3716 1652 firmiter

2139 1684 2260 1740 fidei
2300 1701 2426 1755 erga
2481 1685 2649 1740 Deum
2678 1685 2941 1754 haereret,
2973 1700 3036 1741 ac
3065 1685 3132 1742 de
3170 1688 3398 1756 peccatis
3441 1688 3714 1757 prioribus

2142 1775 2510 1846 paenitentiam
2536 1786 2736 1847 ageret.

2209 1886 2263 1942 6.
2312 1886 2608 1958 Numquam
2627 1897 2882 1943 aversatur
2909 1887 3046 1943 Deus
3075 1888 3320 1944 sinceram
3348 1890 3712 1959 paenitentiam.

2135 2007 2206 2018 —-
2240 1979 2551 2049 Hujusmodi
2587 1979 2782 2049 quippe
2817 1988 2897 2034 est
2931 1979 3027 2036 Dei
3058 1995 3184 2051 erga
3208 1979 3448 2035 homines
3476 1982 3715 2038 clemen-

2137 2069 2244 2124 tia:
2279 2085 2564 2140 numquam
2592 2080 2867 2124 aversatur
2895 2071 3155 2126 sinceram
3186 2071 3583 2141 pmnilentiam;
3620 2074 3714 2130 sed

2137 2160 2343 2215 etiamsi
2372 2160 2489 2230 quis
2515 2160 2566 2213 in
2595 2170 2892 2215 extremum
2931 2161 3280 2230 improbitatis
3312 2163 3587 2233 pertigerit
3610 2205 3626 2230 ,
3661 2175 3716 2221 et

2136 2249 2261 2305 hinc
2284 2249 2351 2304 ad
2379 2249 2589 2305 virtutis
2614 2251 2754 2304 viam
2784 2251 2959 2307 redire
2984 2253 3249 2322 voluerit,
3292 2253 3465 2324 ipsum
3494 2256 3716 2326 suscipit

2136 2351 2190 2398 et
2215 2342 2568 2412 amplexatur,
2595 2343 2836 2413 nihilque
2863 2359 2967 2399 non
2996 2345 3104 2415 agit
3123 2354 3179 2400 ut
3203 2361 3324 2401 eum
3352 2346 3404 2402 in
3433 2348 3712 2417 pristinum

2136 2441 2331 2488 statum
2359 2433 2619 2486 restituat.
2644 2432 2900 2503 Quodque
2924 2434 3142 2504 majoris
3166 2445 3248 2490 cst
3274 2435 3591 2503 clementiaz,
3615 2438 3714 2492 etsi

2135 2523 2255 2593 quis
2279 2536 2384 2577 non
2410 2522 2670 2594 integram
2695 2523 3058 2593 paenitentiam
3081 2526 3362 2593 exhibeat,
3391 2526 3612 2584 brevem
3633 2538 3713 2584 ta-

2137 2628 2261 2668 men
2286 2613 2430 2667 illam
2457 2621 2510 2668 et
2529 2612 2597 2668 ad
2625 2613 2890 2668 modicum
2918 2615 3209 2671 exhibitam
3236 2633 3342 2672 non
3371 2618 3590 2685 abnuit,
3621 2619 3713 2676 sed

2136 2719 2380 2776 magnam
2408 2704 2530 2760 huic
2555 2703 2853 2760 mercedem
2881 2705 3064 2760 tribuit
3097 2723 3110 2760 :
3141 2707 3281 2776 quod
3322 2723 3450 2764 sane
3489 2709 3712 2765 manifeo

2137 2805 2276 2852 stum
2305 2805 2387 2851 est
2414 2812 2480 2852 ex
2506 2796 2591 2863 iis,
2610 2811 2729 2867 quas
2756 2796 2823 2851 de
2847 2796 3042 2865 populo
3064 2797 3366 2853 Judazorum
3395 2799 3524 2854 dicit
3553 2801 3713 2856 Isaias

2139 2889 2392 2958 propheta
2419 2887 2501 2942 bis
2527 2887 2701 2943 verbis
2731 2904 2745 2940 :
2776 2885 2993 2958 Pmpter
3029 2899 3285 2958 peccatum
3310 2892 3569 2961 paulisper
3591 2908 3713 2945 con-

2138 2984 2332 3038 tristavi
2355 3001 2488 3052 eum,
2519 2994 2566 3040 et
2595 2986 2817 3055 percussi
2837 3001 2976 3050 eum,
3001 2994 3051 3039 et
3077 2985 3236 3038 averti
3254 2985 3434 3055 [aciem
3462 3000 3626 3036 meam
3655 2985 3714 3037 ab

2137 3089 2195 3128 eo
2217 3091 2236 3128 :
2264 3083 2311 3128 et
2335 3077 2657 3130 contristatus
2686 3084 2794 3142 est,
2829 3086 2876 3130 et
2901 3077 3174 3129 ambulavit
3202 3083 3438 3136 ntwstus;
3467 3083 3514 3127 et
3542 3081 3713 3129 sanari

2137 3181 2270 3231 eum,
2293 3173 2339 3219 et
2358 3166 2640 3221 consolatus
2665 3183 2777 3220 sum
2803 3182 2916 3220 eum
2960 3164 3128 3238 (Isai.
3152 3166 3240 3221 57.
3268 3165 3352 3220 17.
3378 3165 3444 3219 i8
3465 3163 3505 3235 ).
3543 3164 3714 3218 Testis

2137 3265 2312 3310 autem
2339 3256 2491 3311 nobis
2515 3258 2619 3312 erit
2655 3258 2999 3327 impiissimus
3045 3273 3140 3312 rex
3183 3257 3271 3311 ille
3293 3298 3308 3320 ,
3339 3257 3428 3326 qui
3455 3255 3523 3310 ab
3553 3270 3718 3311 uxore

2137 3347 2349 3418 quidem
2381 3349 2610 3418 peccatis
2636 3349 2860 3404 traditus
2885 3359 2966 3404 est
2995 3366 3008 3402 :
3036 3357 3090 3403 at
3117 3349 3204 3404 ubi
3234 3349 3462 3419 primum
3490 3348 3644 3412 luxit,
3665 3357 3716 3402 et

2138 3453 2294 3493 sacco
2321 3438 2535 3493 indutus
2563 3437 2797 3494 facinora
2826 3453 2919 3494 sua
2948 3439 3236 3504 damnavit,
3265 3439 3334 3493 ita
3362 3438 3461 3492 sibi
3495 3439 3590 3494 Dei
3616 3437 3713 3492 mi-

2139 3529 2483 3584 sericordiam
2528 3531 2864 3593 conciliavit,
2911 3538 2968 3585 ut
3016 3531 3191 3585 omnia
3235 3530 3333 3585 sibi
3385 3530 3711 3585 imminentia

2139 3621 2276 3675 mala
2297 3622 2537 3676 evilaret.
2561 3621 2691 3680 Nam
2715 3623 2852 3676 Deus
2874 3622 3037 3677 Heliae
3062 3623 3226 3678 dixit:
3264 3622 3447 3677 Vidisti
3465 3623 3715 3688 quomodo

2139 3721 2464 3781 compunctus
2478 3722 2548 3767 est
2566 3711 2736 3766 Achab
2756 3729 2787 3766 a
2807 3714 2938 3782 facie
2957 3714 3104 3768 mea?
3119 3713 3241 3790 οη
3264 3713 3499 3766 inducam
3529 3714 3715 3766 malum

2139 3802 2189 3855 in
2217 3803 2388 3856 diebus
2412 3805 2541 3874 ejus,
2571 3820 2628 3858 eo
2652 3805 2786 3874 quod
2821 3805 3012 3874 ﬂeverit
3035 3821 3068 3858 a
3094 3805 3223 3874 facie
3243 3822 3351 3858 mea
3369 3802 3444 3878 (5.
3471 3805 3599 3874 Reg.
3620 3805 3712 3859 21.

2137 3895 2252 3965 29).
2272 3896 2398 3951 Post
2426 3895 2565 3951 hunc
2587 3897 2744 3951 etiam
2771 3896 3040 3952 Manasses
3063 3896 3138 3967 (2.
3162 3895 3344 3950 Paral.
3368 3898 3457 3952 '53.
3491 3895 3606 3964 13),
3629 3895 3713 3964 qui

2139 3989 2324 4043 omnes
2353 3989 2556 4043 insania
2584 3989 2854 4058 superavit
2877 3996 3034 4058 atque
3065 3988 3342 4059 tyrannide
3364 4029 3380 4054 ,
3411 3996 3466 4042 et
3494 3987 3715 4057 legalem

2140 4080 2330 4134 evertit
2352 4079 2570 4143 cultum,
2603 4079 2856 4148 templum
2876 4079 3088 4144 clausit,
3117 4086 3172 4134 et
3196 4077 3457 4133 idolorum
3480 4090 3715 4131 errorem

2143 4170 2333 4226 ﬂorere
2352 4170 2492 4234 fecit,
2517 4170 2859 4240 onmiumque
2877 4169 3111 4240 quiante
3136 4168 3346 4224 fuerant
3373 4167 3718 4238 impiissimus

2141 4259 2258 4326 fuit,
2287 4276 2406 4316 cum
2434 4271 2618 4331 postea
2649 4260 2990 4330 resipuisset,
3018 4260 3215 4315 relatus
3241 4267 3326 4315 est
3353 4258 3406 4313 in
3436 4272 3715 4312 numerum

2141 4353 2431 4408 amicorum
2465 4352 2575 4407 Dei.
2611 4352 2668 4407 Si
2698 4360 2875 4412 autem
2908 4359 3196 4420 conspecta
3231 4349 3570 4419 iniquitatum
3599 4363 3717 4404 sua-

2141 4461 2258 4500 rum
2286 4444 2646 4516 magnitudine
2668 4486 2682 4510 ,
2712 4445 2780 4500 de
2807 4445 2980 4499 reditu
3007 4459 3070 4500 ac
3098 4444 3165 4500 de
3193 4445 3487 4499 mutatione
3523 4442 3716 4514 despe-

2143 4545 2332 4601 rasset,
2359 4537 2604 4592 omnibus
2631 4545 2776 4591 certe
2803 4551 2923 4607 qua:
2943 4545 3126 4606 postea
3150 4544 3506 4605 consequutus
3524 4543 3610 4590 est
3631 4549 3718 4589 ex-

2143 4629 2390 4684 cidisset:
2414 4644 2553 4683 nunc
2571 4637 2767 4695 autem,
2791 4644 2895 4683 non
2916 4627 2984 4683 ad
3009 4629 3205 4683 molem
3231 4637 3568 4698 peccatorum
3599 4641 3720 4681 suo-

2144 4738 2283 4786 rum,
2312 4721 2406 4776 sed
2432 4721 2498 4775 ad
2528 4721 2838 4776 immensam
2874 4720 2963 4775 Dei
2991 4719 3508 4774 commiserationem
3548 4716 3720 4785 respi-
3779 4785 3781 4788 ι

2144 4816 2290 4869 ciens
2308 4855 2323 4878 ,
2351 4813 2576 4883 diruptis
2596 4814 2791 4868 diaboli
2817 4813 3062 4879 vinculis,
3086 4813 3317 4867 surrexit
3337 4820 3389 4865 et
3409 4807 3716 4876 décertavit,

2146 4905 2449 4974 bonumque
2476 4919 2688 4959 cursum
2726 4903 3132 4959 consummavit.
3174 4901 3294 4957 Non
3334 4901 3504 4956 solum
3544 4908 3718 4954 autem

2147 5010 2210 5049 ex
2239 4993 2434 5060 verbis,
2465 5011 2584 5065 qua:
2609 4995 2676 5049 ad
2701 5010 2793 5050 eos
2821 4995 3068 5064 loquutus
3089 5002 3191 5059 est,
3220 4992 3316 5048 sed
3337 4992 3493 5047 etiam
3519 5005 3585 5044 ex
3608 4989 3722 5044 aliis

2148 5100 2242 5153 per
2261 5085 2570 5154 prophetam
2598 5085 2947 5154 pronuntiatis
2970 5084 3116 5139 Deus
3134 5097 3322 5138 omnes
3342 5081 3724 5152 desperationis

2148 5177 2492 5246 cogitationes
2518 5176 2823 5246 prmscindit
2855 5195 2867 5231 :
2899 5175 3097 5238 Hodie,
3131 5175 3323 5245 inquit,
3351 5174 3394 5228 si
3422 5188 3594 5226 vocem
3619 5174 3726 5243 eius

2150 5269 2408 5338 audieritis
2428 5309 2441 5331 ,
2472 5269 2625 5323 nolile
2652 5269 2900 5324 obdurare
2923 5268 3078 5323 corda
3103 5277 3265 5322 vestra
3290 5268 3418 5320 sicut
3441 5267 3494 5319 in
3524 5281 3725 5319 exacer-

2152 5361 2348 5414 batione
2375 5359 2543 5432 (Psal.
2571 5361 2659 5416 94.
2687 5360 2766 5430 9).

2227 5471 2347 5527 Non
2375 5490 2437 5527 ea:
2469 5483 2689 5542 tempore
2709 5514 2722 5537 ,
2756 5472 2843 5526 sed
2871 5487 2933 5526 ea:
2961 5469 3146 5537 affectu
3187 5467 3475 5537 pauitantia
3501 5467 3723 5519 testium-

2155 5576 2254 5619 tur.
2275 5594 2348 5607 --
2378 5565 2504 5618 Illud
2531 5575 2707 5619 autem
2734 5563 2884 5618 hodie
2907 5576 3002 5631 per
3029 5568 3193 5615 totam
3216 5559 3378 5614 vitam
3404 5557 3509 5612 dici
3537 5568 3724 5626 potest,

2156 5658 2282 5722 imo,
2304 5657 2348 5711 si
2373 5655 2520 5721 libet,
2542 5654 2608 5710 ad
2628 5661 2956 5710 senectutem
2977 5665 3146 5723 usque
3169 5666 3182 5704 :
3209 5665 3312 5705 non
3335 5648 3476 5704 enim
3505 5663 3572 5701 ex
3597 5657 3728 5700 tem-

2156 5749 2299 5818 poris
2332 5747 2656 5819 longitudine
2682 5787 2695 5814 ,
2733 5746 2825 5802 scd
2869 5733 2932 5802 ex
2975 5745 3132 5802 animi
3185 5742 3373 5797 affectu
3425 5739 3727 5811 pmuitentia
