3954 6470
359 416 466 471 285

359 527 674 582 a'stimatur.
694 523 938 580 Ninivitae
958 522 1220 592 siquidem
1240 536 1344 576 non
1369 520 1547 576 multis
1565 520 1753 577 diebus
1776 522 1792 553 ¹
1815 536 1951 590 opus

362 619 686 679 habuerunt,
704 625 761 672 ut
781 626 1053 685 peccatum
1075 616 1317 671 delerent
1336 631 1490 668 suum
1519 616 1562 676 ',
1582 613 1674 669 sed
1702 614 1946 683 exiguum

362 709 468 765 diei
502 717 710 779 tempus
755 709 925 777 potuit
963 708 1264 761 universam
1294 722 1478 761 eorum
1507 706 1720 760 abolere
1755 706 1948 776 iniqui-
1984 692 1997 700 ’

364 808 527 853 tatem
561 817 574 851 :
607 808 662 852 et
703 799 838 853 latro
867 815 970 850 non
1001 799 1167 850 multo
1200 808 1434 865 tempore
1473 798 1699 864 paradisi
1746 799 1950 861 ingrcs-

362 906 482 946 sum
510 890 830 959 impetravit,
860 890 952 942 sed
979 905 1044 944 eo
1070 890 1240 955 Spatio
1267 906 1371 957 quo
1399 890 1615 942 verbum
1644 906 1802 942 unum
1834 905 1954 956 pro-

364 983 533 1037 Iertur
554 1024 569 1046 ,
611 1000 674 1034 eo
706 992 973 1035 momento
1000 980 1254 1033 abster‘ie
1284 981 1443 1033 totius
1480 982 1596 1032 vita:
1626 997 1686 1031 su
1707 998 1733 1030 ι·
1764 995 1950 1047 peri-a-

365 1076 456 1135 tis,
490 1074 649 1127 etiam
678 1081 801 1126 ante
829 1072 1100 1140 apostolos
1133 1071 1456 1139 probatioaie
1491 1073 1763 1138 praemium
1801 1085 1952 1123 arce-

366 1168 464 1235 pit.
498 1165 749 1219 Videmus
779 1166 936 1218 etiam
970 1175 1263 1234 martyres,
1293 1178 1396 1216 non
1439 1163 1619 1216 multis
1645 1163 1831 1222 annis.
1858 1162 1951 1215 sed

364 1262 527 1314 etiam
557 1260 746 1313 diebus
777 1259 978 1328 paucis,
1009 1258 1119 1312 imo
1144 1258 1227 1312 vel
1259 1273 1362 1312 uua
1387 1256 1476 1312 Jie
1500 1257 1808 1326 splendidas
1827 1272 1952 1310 con-

367 1360 624 1421 sequutus
649 1365 894 1405 coronas.

437 1451 492 1500 7.
529 1445 867 1513 Quapropter
902 1443 1097 1514 ubique
1136 1443 1290 1498 nobis
1325 1443 1597 1499 alacritate
1620 1483 1635 1509 ,
1663 1441 1955 1510 seduloque

367 1536 532 1588 animi
561 1536 751 1589 aﬂ'ectu
772 1545 851 1588 est
871 1551 1005 1603 opus
1025 1554 1038 1589 :
1061 1535 1203 1603 quod
1234 1536 1275 1589 si
1307 1535 1375 1589 ita
1410 1551 1653 1603 lmrernus
1679 1536 1954 1589 conscien-

369 1625 519 1691 tiam,
538 1635 601 1701 ut
621 1635 762 1679 tanta
786 1626 1116 1679 vehementia
1141 1627 1417 1695 pristinam
1439 1627 1691 1680 malitiam
1714 1625 1952 1679 deteste-

370 1733 512 1779 nmr,
529 1718 913 1771 etcontrariam
938 1719 1073 1770 viam
1095 1717 1411 1786 deligamus,
1429 1727 1678 1786 quantam
1705 1717 1842 1771 Deus
1867 1717 1957 1770 im-

372 1817 524 1874 perat
552 1822 615 1861 ac
645 1808 881 1875 requirit,
913 1807 1038 1860 nihil
1067 1808 1138 1860 ob
1166 1810 1420 1876 temporis
1446 1808 1753 1861 brevitatem
1789 1808 1955 1862 babe-

371 1897 548 1950 bimus
574 1900 749 1950 minus
769 1939 786 1963 ,
820 1898 1247 1965 quandoquidem
1281 1900 1427 1951 nmlti
1460 1898 1732 1952 novissimi
1759 1899 1956 1965 primos

369 1988 987 2069 longi-antecessermq’.
1004 1989 1114 2044 Non
1133 1991 1273 2044 enim
1289 1991 1546 2044 cecidisse
1561 2006 1721 2058 grave
1743 2000 1840 2053 est,
1862 1990 1956 2044 sed

371 2078 576 2146 lap~um
595 2078 794 2145 jacere,
825 2095 921 2134 nec
953 2096 1251 2148 resurgere,
1278 2081 1371 2134 sed
1406 2081 1557 2136 malis
1580 2082 1717 2136 ultro
1746 2082 1953 2134 lia-rea-

371 2177 479 2222 tem
506 2182 554 2221 et
583 2180 879 2239 torpentem
918 2172 1210 2240 desperatis
1238 2174 1647 2241 cogitationibus
1695 2174 1952 2242 propositi

371 2260 787 2316 imbecillitatem
819 2274 1012 2332 tegi-re.
1037 2263 1342 2331 Cuiusmodi
1364 2265 1661 2318 horninibus
1684 2266 1831 2333 quasi
1854 2266 1956 2319 du-

372 2351 546 2405 bitans
565 2353 816 2422 propheta
838 2356 1042 2408 dicebat
1064 2372 1076 2408 :
1106 2354 1244 2408 Nam
1266 2356 1351 2425 qui
1371 2357 1504 2408 cadit
1523 2374 1619 2409 non
1647 2367 1888 2425 resurget,
1913 2366 1959 2410 et

372 2448 711 2518 quinum-titur
735 2460 1120 2501 nonrevertetur
1149 2448 1425 2516 (Jerem.8.
1448 2450 1538 2519 4)?
1560 2449 1706 2516 Quod
1736 2450 1778 2502 si
1801 2463 1957 2517 quos-

380 2537 520 2605 pi-mt
548 2551 577 2590 ο
605 2537 755 2591 nobis
779 2554 1004 2605 quzeras,
1035 2540 1121 2605 qui
1152 2548 1427 2609 postquam
1457 2540 1794 2593 Crediderunt
1820 2539 1961 2592 oeci-

377 2628 590 2690 derint,
626 2629 737 2682 bare
766 2645 896 2683 sane
930 2630 1105 2682 munia
1155 2629 1178 2661 ⁸
1227 2630 1294 2682 de
1325 2630 1429 2683 illis
1475 2630 1611 2683 dicta
1643 2639 1768 2685 Sunt
1796 2647 1809 2681 τ
1838 2646 1958 2683 nam

375 2720 466 2789 qui
496 2721 685 2773 cecidit
708 2735 973 2775 expornm
1007 2736 1228 2775 innuero
1249 2732 1350 2785 est,
1383 2722 1470 2790 qui
1499 2724 1642 2790 prius
1673 2731 1957 2785 steterunt,

379 2826 485 2866 non
515 2812 937 2881 quijacuerunt:
968 2814 1055 2883 qui
1089 2816 1228 2867 enim
1274 2814 1416 2881 jacet
1456 2814 1724 2883 quomodo
1764 2815 1960 2869 radat?

378 2902 494 2955 Alia
523 2917 736 2972 quoque
780 2902 1023 2956 diccttlttt‘
1066 2914 1173 2957 tum
1213 2920 1307 2975 per
1345 2906 1662 2973 parabolas.
1716 2915 1824 2959 tmn
1870 2922 1964 2973 per

377 2991 605 3046 clariora
650 2992 782 3044 faeta
816 2995 896 3046 vel
943 2994 1081 3047 dicta
1135 3013 1143 3045 :
1195 3018 1220 3043 ι’
1248 2995 1389 3048 enim
1434 2996 1549 3048 ovis
1591 2995 1677 3048 illa
1722 3012 1749 3045 a
1792 3011 1962 3048 nona-

378 3079 521 3149 ginta
547 3098 734 3134 novem
759 3094 998 3151 separata
1027 3123 1038 3145 ,
1080 3092 1131 3137 et
1162 3094 1343 3152 postea
1376 3085 1588 3138 reducta
1615 3125 1630 3149 ,
1662 3086 1789 3138 nilnl
1819 3085 1961 3139 aliud

379 3173 535 3226 nobis
575 3173 840 3236 declarat,
870 3190 1031 3243 quam
1077 3175 1307 3228 lideliunt
1346 3175 1546 3241 lapsum
1588 3187 1639 3228 et
1682 3178 1911 3227 reditum
1946 3193 1959 3230 :

381 3263 644 3331 siquidem
691 3265 802 3317 lure
831 3267 946 3318 ovis
979 3282 1081 3318 non
1121 3268 1341 3318 afterins
1371 3266 1547 3335 gregis
1586 3277 1700 3318 erat
1724 3307 1739 3329 ,
1771 3266 1863 3320 sed
1894 3282 1961 3320 ex

381 3353 705 3421 reliquarum
752 3370 1017 3420 numero,
1085 3356 1151 3407 ab
1206 3355 1501 3423 eodemque
1550 3366 1758 3423 pastore
1820 3370 1963 3424 prius

384 3444 698 3514 pasvebatur
736 3462 750 3497 :
782 3458 940 3515 atque
986 3462 1168 3500 errore
1205 3460 1309 3498 non
1347 3446 1544 3513 vulgari
1592 3445 1816 3499 abducm
1856 3455 1959 3512 est,

380 3536 477 3591 sed
508 3551 602 3604 per
627 3548 834 3593 montes
857 3548 910 3590 et
938 3539 1106 3592 saltus
1132 3580 1146 3601 ,
1179 3548 1488 3606 remotaque
1523 3538 1606 3592 via
1632 3579 1645 3596 .
1691 3547 1741 3591 et
1769 3555 1795 3589 a
1821 3548 1963 3591 recta

384 3626 541 3695 longe
562 3627 809 3681 distante.
853 3628 988 3681 Num
1017 3644 1142 3696 ergo
1170 3629 1401 3699 neglexit
1426 3629 1728 3683 errantem?
1752 3627 1964 3697 Nequa-

385 3719 700 3787 quamzsed
747 3718 957 3773 reduxit
999 3737 1103 3773 non
1151 3721 1477 3786 compellens
1523 3729 1580 3773 et
1630 3721 1960 3773 verberans:

390 3810 499 3864 iam
526 3810 759 3865 humeris
787 3821 1087 3881 reportans.
1118 3812 1576 3879 Quemadmodum
1604 3813 1745 3865 enim
1776 3812 1964 3865 medici

389 3902 668 3968 peritiores
721 3917 893 3967 a-gros
937 3901 1185 3957 diuturno
1216 3903 1402 3956 morbo
1447 3902 1468 3933 ⁸
1510 3912 1725 3956 vexatos
1760 3916 1967 3955 summa

386 4005 515 4045 cura
542 3992 822 4045 Valetudim
853 3994 1168 4054 restituunt.
1213 4011 1314 4046 non
1345 3993 1503 4047 modo
1532 3993 1806 4046 medicina:
1834 3992 1968 4061 legi-

388 4078 492 4133 bus
516 4090 746 4147 utentes,
768 4082 862 4135 sed
891 4083 1152 4137 interdum
1183 4083 1519 4151 indulgentes
1541 4084 1717 4151 aegris,
1745 4085 1814 4137 ita
1839 4098 1971 4151 quo-

390 4186 496 4240 que
543 4173 679 4224 Dens
720 4173 1008 4225 admodum
1053 4183 1470 4238 corruptusnon
1517 4172 1817 4226 velit-menti
1866 4174 1965 4224 iiii-

391 4262 548 4330 pulsu
584 4262 650 4314 ad
690 4263 935 4317 virtutem
981 4263 1165 4326 ducit,
1218 4263 1311 4317 sed
1365 4263 1615 4330 paulatim
1673 4273 1728 4317 et
1768 4264 1969 4319 sensim

390 4362 713 4420 supportaos
740 4354 950 4422 ltitique,
978 4370 1043 4406 ne
1063 4352 1146 4406 wl
1175 4353 1343 4419 major
1371 4353 1622 4415 scissura,
1654 4353 1734 4407 vel
1759 4354 1970 4422 gravius

390 4454 624 4498 erratum
654 4445 878 4499 accidat.
931 4444 1109 4511 Neque
1141 4445 1189 4497 id
1219 4445 1300 4495 illa
1325 4443 1494 4496 sidunt
1519 4444 1770 4505 parabola
1797 4444 1973 4498 subin-

390 4534 598 4593 diratur
618 4577 632 4596 .
669 4536 759 4589 sed
784 4546 835 4589 et
864 4537 963 4589 alia
995 4538 1156 4589 etiam
1186 4536 1254 4590 de
1284 4534 1392 4589 lilio
1418 4536 1659 4606 prodigo.
1697 4530 1969 4603 Siquidem

392 4623 480 4685 hic
505 4643 609 4679 non
653 4626 859 4680 alienus
894 4637 1048 4691 erat,
1095 4628 1200 4681 imo
1241 4628 1379 4679 lilius
1404 4668 1418 4692 ,
1460 4626 1725 4696 fraterque
1759 4628 1847 4680 lilii
1879 4627 1969 4694 qui

394 4716 530 4787 patri
561 4726 809 4786 acceptus
851 4726 1005 4770 erat:
1040 4718 1085 4770 is
1134 4718 1186 4769 in
1227 4717 1617 4784 improbitatem
1671 4720 1847 4784 lapsus
1893 4725 1975 4769 est

396 4822 502 4859 non
529 4808 801 4876 vulgarem
827 4847 843 4872 ,
873 4806 966 4861 sed
995 4809 1045 4859 in
1074 4808 1242 4875 ipsum
1263 4847 1276 4867 ,
1312 4817 1369 4859 ut
1392 4808 1458 4857 ita
1488 4806 1679 4862 diezun.
1714 4807 1973 4858 nialorum

394 4910 694 4955 extremum
725 4917 738 4951 :
770 4899 919 4952 dives
942 4939 956 4960 ,
989 4898 1158 4960 liber,
1183 4898 1374 4950 nobilis
1395 4938 1409 4961 ,
1444 4897 1672 4962 fauinlis,
1704 4896 1974 4950 extraneis

395 4990 845 5055 mercenariisqne
874 4989 1116 5041 miserior
1140 4988 1361 5041 effectus
1387 4996 1487 5039 est.
1520 4991 1764 5039 Attamen
1799 4985 1974 5055 pristi-

398 5096 525 5136 num
558 5083 609 5134 in
636 5091 828 5134 statum
857 5080 1052 5145 rediit,
1095 5079 1448 5145 antissatttqtte
1486 5078 1708 5146 gloriam
1752 5091 1973 5144 recupe-

399 5172 557 5229 ravit.
603 5172 656 5227 Si
700 5173 1066 5241 desperasset,
1098 5175 1239 5225 ctnb
1264 5169 1616 5223 ealainitatem
1640 5170 1978 5239 desliondens

399 5266 635 5325 animum
676 5267 728 5320 in
767 5265 938 5323 aliena
967 5280 1103 5322 terra
1139 5264 1438 5328 mansisset,
1471 5279 1758 5333 numquam
1785 5278 1976 5317 ροηδε·

471 5571 485 5600 ⁸
524 5576 649 5617 t'nus
669 5567 839 5629 habet,
875 5566 1038 5618 multis
1088 5566 1226 5616 anuis
1242 5572 1382 5629 atque
1400 5564 1589 5629 diebus.

470 5634 488 5661 ²
523 5630 661 5681 savii.
687 5637 733 5677 et
753 5628 935 5690 aliquot
958 5636 1082 5690 Mss,
1111 5627 1358 5690 peccatum
1374 5627 1585 5677 delerent
1607 5628 1767 5677 istum.

471 5694 493 5723 ⁵
524 5691 665 5740 savil.
693 5698 746 5739 et
769 5689 870 5752 tres
1023 5728 1035 5745 .
1065 5689 1199 5752 longe
1220 5689 1288 5740 sic
1312 5695 1673 5745 (interesset-iuit.

472 5754 495 5782 δ
531 5761 647 5809 vox,
671 5749 847 5808 ouuiia,
871 5751 1015 5800 deest
1038 5752 1086 5799 in
1109 5749 1187 5801 tri.
1210 5764 1268 5801 us
1290 5759 1394 5800 Mss.

473 5815 495 5858 ι
526 5812 657 5869 culti.
682 5825 824 5866 unus.
845 5812 1050 5871 quodam
1080 5811 1257 5869 inorbo.

1562 407 1656 462 AD
1694 402 2119 462 TllEODORU)!
2158 406 2446 462 LAPSUSI.
2485 406 2531 464 ι.

3529 416 3634 476 286

2054 533 2316 590 quuturus
2382 532 2497 578 erat
2554 537 2652 592 ea,
2701 540 2822 595 quae
2869 528 3207 596 postmodum
3256 531 3491 600 recepit,
3541 534 3636 589 Sed

2056 611 2196 669 fame
2216 624 2581 683 consumptus,
2599 614 2893 672 miserrima
2909 620 3146 673 omnium
3167 630 3336 674 ntorte
3353 623 3634 692 periisset:

2059 720 2241 759 verum
2280 707 2401 775 quia
2445 706 2667 776 resipnit
2692 749 2707 772 ,
2756 724 2856 764 nec
2895 710 3231 779 desperavit,
3279 723 3397 780 post
3425 723 3625 770 tantam

2054 799 2488 866 Corruptionem,
2531 800 2776 853 currulem
2829 802 2997 868 ipsum
3044 817 3362 870 assequtitns
3413 814 3635 862 turtunm

2056 888 2418 955 Splendtn-cm,
2473 889 2827 955 puli-iterrium
2876 893 3105 946 induitur
3159 900 3375 960 ainit'tu,
3425 910 3472 951 et
3526 916 3634 952 nri-

2051 977 2257 1047 juribus
2287 980 2477 1032 frttilur
2509 982 2659 1033 bonis
2684 1024 2698 1047 ,
2748 1000 2902 1050 quam
2939 984 3098 1037 frater
3143 1005 3243 1037 non
3290 989 3469 1052 lJpSlH
3539 988 3635 1043 Tot

2055 1072 2202 1123 anuis
2225 1113 2238 1132 ,
2267 1073 2431 1139 inquit
2462 1073 2568 1134 ille,
2598 1073 2761 1126 serrio
2791 1074 2911 1135 tibi,
2957 1085 3003 1125 et
3036 1092 3305 1139 autumant
3336 1080 3631 1132 mandatum

2057 1172 2199 1214 tuum
2244 1165 2524 1230 prati-rivi,
2583 1177 2628 1218 et
2682 1183 2955 1233 numquam
3003 1167 3186 1219 dedisti
3235 1170 3358 1221 milii
3408 1171 3630 1238 lardum,

2057 1264 2108 1306 ut
2135 1272 2251 1308 cum
2275 1258 2449 1309 amicis
2492 1259 2615 1311 meis
2659 1261 2855 1313 la’tarer
2882 1276 2898 1313 :
2927 1260 3015 1315 sed
3056 1272 3316 1329 postquam
3348 1263 3482 1330 [ilius
3524 1275 3637 1319 tuus

2057 1344 2138 1397 hic
2161 1386 2173 1409 ,
2202 1347 2287 1415 qui
2311 1347 2560 1400 devoravit
2598 1348 2923 1411 substantiam
2963 1367 3102 1402 -uam
3131 1367 3243 1403 cum
3276 1354 3634 1420 meretricibus,

2057 1435 2205 1495 venit.
2247 1438 2473 1490 occidisti
2524 1438 2601 1490 illi
2659 1438 2867 1491 vitulum
2919 1441 3204 1509 saginatum
3252 1440 3634 1511 (I.uc.15.29.

2056 1529 2168 1591 ΞΟ).
2202 1529 2368 1582 Tanta
2399 1538 2482 1584 est
2508 1531 2672 1584 virtus
2703 1534 3043 1599 pmoitentim.

2129 1622 2183 1675 8.
2217 1620 2431 1674 Nullum
2453 1633 2522 1675 est
2544 1632 2800 1690 percolunt
2822 1625 2903 1676 cui
2927 1624 3386 1691 rcmediuma/I‘crri
3403 1645 3502 1679 non
3520 1646 3638 1695 pos-

2057 1712 2345 1767 sit.—-Tot
2367 1714 2903 1783 tantisqueexemplis
2935 1715 2949 1745 ‘
2993 1717 3202 1768 exvitati
3242 1734 3306 1768 ne
3334 1733 3641 1772 mam-amur

2060 1803 2110 1857 in
2144 1804 2295 1857 malis
2314 1846 2328 1867 ,
2362 1820 2457 1858 nec
2484 1805 2550 1857 de
2581 1807 2930 1858 Conversione
2955 1805 3331 1873 desperemus;
3371 1822 3409 1859 si
3432 1808 3462 1858 d
3490 1809 3637 1862 (Ιιεςιο

2060 1912 2176 1950 mus
2201 1908 2249 1949 et
2275 1911 2389 1955 nos,
2435 1896 2625 1947 Vadam
2646 1896 2713 1946 ad
2737 1895 2938 1947 Patrem
2968 1914 3150 1960 manu,
3180 1909 3227 1950 et
3256 1899 3638 1967 appropinqucc

2061 2003 2179 2042 mus
2208 1989 2331 2041 Deo.
2366 1988 2660 2056 Numquam
2693 1989 2832 2041 enim
2863 1989 2948 2041 ille
2975 2004 3070 2041 nos
3097 2003 3391 2054 avris-itur,
3424 1992 3514 2045 sed
3540 1992 3642 2060 ipsi

2061 2080 2128 2135 ab
2157 2096 2220 2133 eo
2257 2081 2409 2149 lange
2448 2080 2746 2134 I'el‘t'tllltttlS
2776 2099 2789 2132 :
2828 2081 2960 2133 Deus
2994 2082 3161 2148 enim,
3217 2084 3385 2149 inquit
3437 2087 3456 2115 ³
3479 2125 3494 2145 ,
3539 2102 3642 2149 apo

2062 2172 2407 2241 propinquans
2451 2189 2539 2240 ego
2588 2189 2740 2235 sum,
2788 2182 2833 2224 ct
2884 2189 2981 2224 non
3017 2171 3151 2226 Deus
3180 2192 3271 2243 pro
3304 2174 3359 2227 ul
3388 2175 3517 2242 (.ler.
3548 2177 3638 2233 23.

2061 2262 2177 2329 25).
2226 2266 2299 2315 Ae
2330 2279 2425 2331 per
2470 2262 2612 2317 hunc
2669 2263 2979 2331 prtqibetam
3024 2280 3232 2319 rursum
3275 2264 3482 2318 incusat
3504 2284 3594 2318 eos
3622 2267 3643 2299 ⁸

2064 2351 2145 2405 bis
2172 2354 2345 2405 verbis
2380 2371 2391 2403 :
2428 2351 2613 2405 Nonne
2639 2364 2841 2419 peccata
2871 2363 3028 2406 vestra
3069 2355 3299 2407 dividunt
3337 2356 3463 2408 inter
3490 2374 3572 2409 vos
3597 2369 3642 2410 et

2063 2462 2141 2497 me
2166 2443 2315 2511 (Isui.
2340 2445 2428 2499 59.
2460 2445 2562 2511 ‘2)?
2600 2446 2734 2498 Cum
2784 2446 2958 2513 itaque
3003 2446 3114 2499 lia-e
3150 2462 3246 2499 nos
3284 2459 3643 2504 removeanta

2066 2534 2209 2598 Deo,
2265 2534 2699 2588 molestissimum
2757 2535 2858 2585 bne
2897 2544 3103 2601 st-ptum
3133 2577 3148 2600 ,
3202 2536 3339 2601 quod
3391 2548 3538 2590 arcet
3575 2539 3643 2592 ab

2066 2645 2280 2684 arcesse
2302 2672 2316 2695 ,
2344 2630 2413 2684 de
2438 2631 2611 2681 tiu-dio
2644 2630 2912 2683 tollamus.
2940 2630 3071 2683 Audi
3096 2632 3204 2695 jam
3235 2648 3297 2685 ex
3333 2634 3491 2688 rebus
3515 2633 3643 2699 ipsis

2066 2720 2114 2773 id
2147 2722 2286 2788 quod
2334 2721 2561 2773 diciu:us
2605 2719 2960 2786 comprobari.
3015 2721 3165 2789 Apud
3218 2722 3520 2776 (Zorintlnos
3566 2724 3644 2776 vir

2063 2812 2275 2879 quidam
2326 2810 2546 2865 illustris
2578 2811 2680 2863 tale
2712 2820 2985 2877 peceatum
3028 2810 3346 2870 admiserat.
3395 2813 3548 2880 quale
3578 2826 3656 2868 ne‘

2064 2901 2201 2969 apud
2230 2902 2452 2969 gentiles
2493 2901 2703 2969 quidem
2743 2900 3152 2953 memorabatur.
3205 2900 3250 2953 Is
3276 2912 3450 2955 autem
3478 2902 3647 2956 lidelis

2065 3005 2180 3047 erat
2224 2994 2290 3047 de
2334 2995 2681 3049 familiaribus
2723 2995 2917 3049 Citriin
2957 3012 2968 3045 :
3011 3003 3131 3047 Sttlll
3178 2994 3266 3063 qui
3309 2995 3639 3048 sacerdotem

2067 3101 2278 3155 quoque
2304 3085 2468 3139 fuisse
2497 3086 2697 3139 dicant.
2731 3085 2866 3150 Quid
2893 3084 3090 3154 igitur?
3124 3084 3386 3138 Paulusne
3416 3084 3584 3150 ipsum
3615 3099 3642 3137 :I

2065 3188 2210 3230 Sorte
2249 3193 2470 3240 θυι-ειη),
2503 3177 2590 3243 qui
2641 3176 2862 3229 salutem
2904 3184 3337 3241 consequuntur,
3382 3174 3646 3227 absridil!

2064 3267 2404 3336 Nequaquam
2437 3285 2449 3319 :
2476 3268 2586 3336 ipse
2600 3267 2792 3335 quippe
2811 3277 2886 3319 est
2912 3265 2999 3331 qui
3022 3263 3322 3317 sesi-enties
3342 3262 3647 3317 Corinthios

2069 3359 2226 3410 variis
2254 3357 2426 3410 modis
2451 3360 2649 3426 carpit,
2697 3356 2837 3424 quod
2869 3373 2987 3406 t'ttttt
3019 3354 3081 3404 ad
3130 3369 3216 3422 pm
3241 3354 3491 3405 ιὶιυιιιίιιιιι
3541 3370 3644 3408 non

2068 3451 2369 3520 redegerint
2406 3470 2419 3502 :
2460 3461 2518 3503 ut
2564 3460 2739 3503 autem
2791 3449 3037 3501 ostendat
3086 3447 3235 3499 nobis
3278 3447 3478 3499 nullum
3526 3460 3687 3498 esse‘

2066 3552 2340 3612 peccatmu
2363 3582 2377 3599 .
2410 3542 2492 3593 cui
2526 3538 2820 3593 remedium
2864 3538 3040 3590 alii-rvi
3074 3554 3176 3589 non
3214 3537 3399 3606 possit.
3436 3550 3647 3589 rursum

2070 3634 2137 3689 de
2164 3634 2255 3687 illo
2281 3674 2293 3695 ,
2326 3633 2413 3701 qni
2441 3632 2651 3700 gravius
2681 3644 2836 3698 quam
2863 3638 3050 3697 gentes
3090 3634 3398 3695 pet-caverat
3421 3667 3433 3685 .
3467 3626 3534 3677 ita
3572 3627 3647 3677 lo-

2068 3727 2248 3795 quitur
2278 3742 2292 3778 :
2337 3724 2539 3777 Tradite
2585 3723 2729 3776 illum
2773 3732 2965 3775 satana:
3000 3721 3049 3772 in
3082 3721 3336 3771 interitum
3367 3719 3562 3776 carnis,
3594 3725 3650 3769 ut

2068 3818 2275 3886 spiritus
2316 3815 2483 3868 snlrus
2526 3816 2585 3867 sit
2629 3815 2679 3866 in
2723 3815 2804 3866 die
2848 3812 3047 3864 Domini
3090 3812 3246 3863 nostri
3287 3809 3409 3861 .lesu
3461 3808 3649 3864 Christi

2070 3911 2146 3977 (Ι.
2179 3906 2296 3961 (ω’.
2316 3907 2463 3972 5.ἲ›).
2490 3905 2590 3959 Sed
2620 3904 2669 3957 id
2697 3905 2906 3971 quidem
2935 3911 3055 3954 ante
3081 3900 3439 3968 pamitentiam
3467 3918 3478 3951 :
3517 3909 3649 3967 post-

2071 4014 2229 4068 quam
2256 4008 2431 4051 autem
2462 3996 2682 4062 resipuit
2715 4012 2727 4046 :
2762 3993 2957 4063 Sit/ﬂvit
2982 4034 2996 4056 ,
3040 3990 3201 4059 inquit
3227 4033 3240 4055 ,
3272 3991 3371 4051 illi,
3401 3989 3486 4058 qui
3514 3991 3652 4056 ejus-

2073 4091 2209 4143 modi
2238 4099 2326 4149 est.
2352 4089 2634 4156 objurgatio
2662 4085 2683 4116 ‘
2710 4100 2820 4153 quia
2840 4087 2894 4151 fit
2934 4101 2964 4134 α
3001 4082 3225 4150 pluribus
3243 4080 3324 4144 (‘2.
3346 4080 3464 4131 (for.
3486 4079 3537 4132 2.
3561 4079 3646 4147 ti):

2072 4181 2388 4247 scripsitque
2415 4178 2494 4231 eis
2517 4218 2531 4238 ,
2566 4186 2621 4228 ut
2648 4175 3054 4248 consolarentur
3080 4189 3227 4233 cuin,
3262 4183 3314 4225 et
3338 4173 3448 4240 (ιλιις
3476 4171 3646 4238 pinni-

2075 4273 2291 4325 tentiam
2338 4268 2716 4319 admitterent.
2763 4279 2828 4316 ne
2868 4264 3341 4317 cirrtnnveniretur
3377 4278 3405 4312 a
3441 4270 3646 4312 satana.

2076 4362 2203 4414 item
2237 4360 2532 4413 universam
2559 4354 2861 4408 Galatarum
2900 4353 3165 4404 nationem
3196 4364 3308 4417 pou
3338 4359 3638 4420 snserptain

2076 4454 2256 4513 tidem,
2291 4460 2409 4518 post
2452 4455 2648 4515 patrata
2679 4446 2847 4510 signa,
2881 4455 2928 4494 et
2963 4443 3156 4495 multas
3190 4457 3284 4508 pro
3307 4429 3497 4492 Christi
3533 4438 3636 4493 lido

2074 4553 2344 4611 smn-mlas
2376 4538 2709 4592 mutationes,
2737 4536 2932 4604 lapsus,
2963 4534 3194 4601 ilttltlaltt,
3216 4530 3430 4585 Calan“
3460 4531 3648 4582 ἱιοτιιιιι

2076 4635 2250 4703 erigit.
2298 4631 2447 4698 Quod
2489 4630 2629 4681 enim
2677 4626 2925 4681 miracula
2972 4622 3252 4683 fovissent,
3301 4622 3385 4675 ille
3415 4620 3650 4674 ili-viarat

2079 4727 2161 4780 bis
2185 4722 2355 4777 verbis
2389 4739 2401 4775 :
2438 4720 2536 4786 Qui
2562 4735 2677 4788 ergo
2706 4717 2873 4770 tribuit
2901 4715 3037 4766 robis
3054 4713 3306 4779 spiritum,
3338 4721 3385 4763 et
3415 4721 3652 4777 aperatur

2077 4826 2281 4870 virtutes
2319 4814 2370 4865 in
2404 4811 2537 4864 rubis
2573 4808 2764 4877 (Galat.
2795 4806 2847 4861 5.
2877 4805 2933 4875 5)
2970 4823 2983 4859 :
3016 4803 3154 4873 quod
3207 4819 3329 4856 vero
3359 4801 3517 4853 inulta
3554 4814 3648 4866 pro

2082 4906 2180 4958 fide
2198 4903 2485 4965 ci-rtamina
2514 4899 2743 4956 inierint.
2775 4898 2822 4949 id
2846 4899 3002 4950 etiam
3033 4895 3147 4951 dt'('l
3169 4894 3315 4947 :ravit
3337 4893 3417 4945 Itis
3440 4890 3648 4944 verbis:

2080 4995 2244 5052 Tanta
2267 4994 2399 5063 passi
2422 4992 2538 5043 estis
2559 4993 2665 5043 sine
2693 5005 2877 5051 causa,
2905 4989 2950 5040 si
2977 4998 3141 5039 tantm
3170 4987 3277 5039 sine
3296 5000 3465 5036 causa.
3502 4982 3652 5034 Atta-

2084 5102 2204 5139 tncn
2236 5093 2349 5152 post
2397 5091 2595 5135 tantum
2641 5081 2848 5132 virtutis
2900 5080 3277 5131 incrementum
3304 5113 3319 5137 ,
3372 5080 3646 5141 peceatum

2084 5179 2429 5237 admiserunt,
2457 5172 2595 5242 quod
2623 5182 2793 5240 posset
2825 5185 2918 5224 eos
2943 5186 2971 5220 a
2989 5168 3199 5221 Cbrism
3223 5165 3422 5215 alienus
3448 5164 3654 5213 lactare:

2083 5269 2150 5323 de
2176 5284 2280 5329 uno
2312 5267 2422 5333 ipse
2445 5265 2582 5318 hanc
2611 5262 2808 5331 profert
2834 5260 3147 5314 sententiam
3186 5274 3199 5310 :
3236 5255 3362 5307 Ecce
3386 5270 3474 5321 ego
3504 5249 3644 5302 Pau-

2085 5361 2162 5413 lus
2196 5359 2309 5412 (ἔξεο
2343 5358 2477 5411 vobis
2496 5398 2512 5424 ,
2554 5356 2596 5409 si
2625 5351 3053 5411 circumcidamiui
3071 5391 3085 5416 ,
3113 5347 3339 5402 Christus
3366 5345 3492 5397 nihil
3520 5342 3656 5396 vobis

2150 5559 2166 5590 ί
2203 5554 2342 5604 savii.
2369 5559 2420 5601 et
2445 5565 2571 5601 unus
2591 5560 2717 5607 \tss.,
2750 5547 2810 5597 iis
2854 5542 3138 5613 ξπρρτριίδκ,
3232 5601 3245 5613 .
3328 5610 3337 5613 ,

2149 5622 2171 5652 ί
2293 5598 2973 5669 savii.etidnoimauuscripti.
2994 5598 3064 5653 ἰιι
3104 5601 3267 5651 alorci.
3293 5610 3344 5653 et
3369 5599 3475 5650 aliis
3495 5598 3654 5660 deest.

2087 5686 2367 5790 meniieest.
2391 5751 2487 5797 eos,
2506 5738 2555 5785 in
2571 5736 2757 5801 duobus
2774 5738 2876 5801 »ιςεε

2153 5806 2175 5846 δ
2205 5803 2335 5856 uno.
2363 5792 2527 5855 habet.
2570 5794 2834 5854 obitu-guno
2852 5792 2953 5845 tua.
