3954 6434
394 399 495 456 287

392 511 617 583 proderit
643 529 662 564 :
699 517 754 563 et
780 509 995 573 itcrum,
1019 507 1326 576 Quicumque
1358 509 1412 560 in
1432 508 1537 577 lege
1556 506 1912 577 justiﬁcamini
1939 521 1971 557 a

390 603 556 674 gratia
584 598 836 655 midinis
872 597 1011 670 (Gut.
1036 597 1089 653 5.
1112 596 1149 650 2
1184 605 1230 650 et
1253 598 1327 667 4).
1362 598 1609 649 Attamen
1641 603 1760 665 post
1788 593 1974 663 hujus-

394 691 534 745 modi
565 691 791 759 lapsum,
823 689 967 758 ipsos
997 686 1219 756 recipit,
1243 685 1426 740 dicens
1458 701 1472 739 :
1505 684 1683 738 Filioli
1710 684 1826 746 mei,
1853 697 1973 752 quos

395 784 573 834 iterum
595 779 820 849 parturio
836 818 851 843 ,
882 777 1038 830 donec
1064 776 1310 846 formetur
1336 774 1564 829 Christus
1589 774 1642 827 in
1668 775 1805 828 vobis
1827 771 1970 843 (Gal.

404 877 441 924 t.
481 873 594 942 19),
613 870 921 935 ostendens,
945 869 1103 923 etiam
1126 878 1241 938 post
1259 878 1551 922 extremam
1576 866 1973 936 corruptionem

430 978 551 1017 usse
584 976 767 1015 rursus
794 960 1067 1015 Christum
1107 958 1359 1013 divinitus
1397 957 1663 1012 cfformari
1704 957 1758 1010 in
1786 956 1971 1020 nobis;

406 1053 678 1107 uouitenim
707 1052 819 1105 vult
848 1062 1073 1104 mortem
1101 1049 1414 1119 peccatoris,
1438 1046 1535 1103 sed
1559 1057 1618 1103 ut
1636 1055 1976 1103 convertatur

393 1157 446 1199 et
469 1147 609 1200 viVat
635 1143 847 1216 (Ezech.
876 1143 964 1199 55.
997 1143 1107 1212 ll).

465 1238 519 1291 9.
552 1236 791 1291 Cebenna
820 1237 951 1306 ignis
976 1233 1305 1301 daemonibus,
1335 1249 1546 1303 regnum
1572 1232 1810 1287 caelorum
1835 1230 1976 1284 nobis

395 1327 683 1396 deputatur.
712 1357 783 1366 —
809 1326 1195 1381 Couvertamur
1228 1326 1424 1394 itaque,
1458 1339 1490 1378 ο
1516 1324 1764 1378 dilectum
1795 1330 1972 1392 caput,

394 1428 447 1470 et
474 1418 796 1470 voluntatem
829 1416 919 1470 Dei
947 1415 1301 1485 perficiamus.
1334 1413 1457 1468 Ideo
1483 1414 1676 1483 quippe
1702 1427 1799 1466 nos
1824 1426 1976 1466 crea-

396 1509 469 1561 vit
496 1519 550 1562 et
581 1507 855 1577 produxit,
885 1517 938 1561 ut
970 1507 1261 1561 cmlestium
1293 1505 1552 1559 bonorum
1589 1512 1866 1559 consortes
1894 1502 1974 1557 fa.

400 1609 582 1665 ceret,
634 1608 690 1653 ut
729 1614 949 1668 regnum
997 1599 1247 1653 cmlorum
1293 1597 1550 1651 tribueret
1607 1599 1646 1660 ι,
1680 1612 1784 1651 non
1825 1605 1883 1649 ut
1922 1596 1975 1649 in

395 1688 688 1757 gehennam
710 1688 1016 1757 conjicerct,
1043 1688 1254 1758 ignique
1276 1687 1507 1741 traderet
1530 1703 1544 1739 :
1569 1686 1655 1740 hic
1675 1685 1813 1740 enim
1841 1686 1977 1756 ignis

395 1796 497 1833 non
522 1790 734 1849 propter
755 1796 870 1845 nos,
894 1779 985 1833 sed
1008 1789 1224 1850 propter
1240 1779 1505 1834 diabolum
1529 1779 1844 1835 constitutus
1863 1786 1973 1844 est;

394 1886 613 1941 regnum
643 1885 770 1925 vero
812 1870 963 1925 nobis
1004 1878 1243 1940 paratum
1282 1870 1524 1939 primitus
1562 1879 1617 1924 et
1652 1869 1975 1940 assignatum

393 1971 493 2013 est.
524 1960 815 2029 Utrumque
856 1976 982 2014 vero
1020 1959 1318 2015 subindicat
1356 1976 1475 2015 eum
1505 1960 1634 2014 dicit
1672 1961 1735 2015 iis
1764 1960 1975 2030 quidem

392 2050 479 2117 qui
510 2063 537 2101 a
565 2049 765 2104 dextris
791 2059 913 2102 sunt
944 2066 958 2103 :
994 2047 1188 2115 Venite,
1220 2048 1463 2103 benedicti
1497 2047 1669 2104 Patris
1696 2050 1813 2115 mei,
1855 2065 1976 2119 pos-

393 2141 548 2194 sidete
596 2150 827 2211 paratum
876 2140 1012 2195 vobis
1060 2157 1270 2210 regnum
1316 2157 1348 2196 α
1398 2142 1749 2196 constitutione
1801 2143 1979 2197 mundi

395 2230 608 2300 (Matth.
635 2231 726 2286 ‘25.
755 2232 883 2301 5i);
917 2231 982 2286 iis
1010 2246 1138 2286 vero
1166 2232 1255 2301 qui
1293 2246 1323 2285 a
1362 2232 1593 2287 sinistris
1622 2251 1636 2286 :
1667 2231 1921 2287 Discedite
1942 2249 1977 2287 a

394 2338 511 2387 me,
554 2323 840 2388 maledicti,
883 2323 937 2376 in
984 2323 1151 2394 ignem
1208 2333 1452 2377 reternum
1484 2326 1526 2388 ³,
1554 2333 1821 2395 paratum;
1857 2340 1974 2380 anon

392 2413 576 2483 utique
611 2413 790 2478 vobis,
821 2412 916 2468 sed
945 2400 1151 2468 diabolo.
1174 2422 1220 2467 et
1257 2413 1450 2485 angelis
1487 2416 1595 2485 ejus
1620 2414 1795 2469 ‘.Non
1819 2414 1977 2485 igitur

392 2504 547 2559 nobis
574 2513 751 2574 parata
777 2513 861 2559 est
884 2503 1146 2575 gehenna,
1170 2505 1263 2559 sed
1289 2504 1500 2561 diabolo
1523 2514 1577 2560 ct
1600 2506 1804 2575 angelis
1823 2506 1970 2576 ejus;

393 2611 618 2667 regnum
648 2605 824 2651 autem
854 2612 886 2652 a
915 2597 1291 2651 constitutione
1334 2597 1518 2652 mundi
1558 2597 1710 2655 nobis
1744 2598 1974 2654 adorna-

391 2696 504 2743 tum
526 2699 626 2744 est.
656 2688 735 2744 Ne
759 2689 936 2759 itaque
962 2705 1060 2743 nos
1085 2689 1300 2744 thalami
1329 2689 1568 2759 ingressu
1595 2691 1836 2760 indignos
1856 2690 1977 2746 red-

392 2778 618 2833 damus:
661 2780 910 2849 quamdiu
951 2780 1092 2833 enim
1121 2777 1145 2810 ⁸
1174 2779 1259 2833 hic
1298 2793 1502 2845 sumus,
1548 2781 1754 2835 etiamsi
1783 2779 1975 2836 millies

394 2885 675 2933 peccemus
697 2917 711 2943 ι
744 2869 917 2931 “mnia
962 2869 1084 2931 licet
1124 2870 1305 2930 cluere
1346 2879 1682 2938 peccatorum
1714 2871 1977 2940 poeniten-

395 2974 519 3025 tiaiu
559 2970 932 3026 exhibcutibus
964 2987 977 3024 :
1008 2985 1127 3024 cum
1172 2976 1348 3023 autem
1396 2961 1520 3016 illnc
1558 2957 1768 3017 abducti
1809 2961 1974 3019 fueri-

392 3080 529 3126 mus,
555 3062 763 3118 etiamsi
784 3062 1048 3133 ingentem
1073 3062 1435 3131 paenitentiam
1456 3054 1821 3120 exhibcamus,
1841 3056 1983 3141 nihil.

393 3153 546 3208 nobis
576 3153 840 3223 proderit;
873 3151 967 3208 sed
994 3154 1331 3224 quantumvis
1359 3146 1604 3208 dentthS
1639 3146 1967 3214 frendamus,

391 3247 726 3317 quantumvis
767 3246 1072 3316 lugeamus,
1113 3246 1449 3317 quantumvis
1487 3245 1863 3310 Obsecremus,
1904 3256 1971 3299 nc

389 3348 630 3393 extremo
655 3338 868 3408 quidem
894 3337 1060 3409 digito
1094 3339 1353 3408 quispiam
1393 3338 1547 3393 nobis
1586 3336 1784 3407 aliquid
1815 3337 1971 3391 refri-

389 3429 517 3494 gerii
539 3429 843 3494 distillabit;
872 3428 964 3483 sed
985 3443 1045 3482 ea
1072 3428 1183 3497 ipsa
1213 3428 1507 3494 audiemus,
1532 3444 1650 3497 quae
1675 3428 1824 3483 dives
1843 3428 1969 3483 olim

387 3516 480 3572 ille
499 3558 516 3582 ,
548 3533 738 3586 nempe
756 3559 771 3583 ,
808 3516 1054 3586 Magnum
1082 3518 1234 3571 chaos
1259 3518 1387 3571 inter
1413 3534 1503 3570 nos
1529 3525 1573 3571 et
1598 3532 1683 3571 vos
1716 3518 1971 3586 ﬁrmatum

390 3616 461 3658 est
488 3604 635 3679 (an.
671 3605 753 3660 l6.
781 3605 894 3676 26).
931 3605 1318 3675 Resipiscamus
1347 3607 1543 3677 itaque,
1571 3607 1813 3669 obsecro,
1842 3606 1970 3661 dum

389 3697 478 3752 hic
505 3697 761 3766 tlcgimus,
797 3705 849 3751 ct
879 3697 1156 3751 Dominum
1186 3710 1563 3766 agnoscamus,
1594 3706 1653 3750 ut
1680 3711 1971 3767 agnoscere

390 3795 617 3856 oportet.
647 3777 976 3842 Tunc‘cuim
1022 3787 1192 3840 solum
1232 3786 1297 3841 de
1335 3788 1645 3856 paenitentia
1676 3787 1967 3857 deSperan-

390 3878 515 3932 dum
547 3878 669 3945 erit,
696 3894 815 3931 eum
845 3878 895 3932 in
928 3877 1135 3931 inferno
1159 3877 1427 3932 constituti
1452 3878 1651 3933 erimus
1675 3895 1688 3931 :
1713 3878 1785 3931 ibi
1814 3893 1968 3933 nam-

388 3986 494 4039 que
530 3970 699 4023 solum
741 3969 843 4025 hoc
887 3970 1182 4024 remedium
1220 3970 1484 4024 infirmum
1524 3969 1812 4040 inutileque
1834 3977 1965 4025 est:

388 4061 512 4114 dum
533 4069 709 4114 autem
732 4059 816 4114 hic
837 4074 1127 4125 versamur,
1146 4050 1350 4115 etiamsi
1374 4061 1425 4114 in
1449 4060 1559 4127 ipsa
1581 4068 1850 4116 senectute
1868 4058 1967 4114 ad-

387 4151 656 4215 hibeatur,
698 4151 804 4205 vim
845 4151 1003 4207 habet
1033 4153 1337 4206 maximam.
1364 4151 1696 4222 Quapropter
1723 4152 1966 4208 diabolus

386 4241 515 4295 nihil
546 4255 648 4296 non
676 4241 1027 4308 machinatur,
1054 4250 1112 4297 ut
1137 4242 1524 4313 desperationis
1550 4242 1786 4298 radicem
1814 4242 1967 4298 nobis

314 4326 321 4330 ’
387 4342 548 4402 ponat
575 4350 588 4386 :
618 4334 764 4388 novit
794 4337 936 4390 enim
955 4377 970 4400 ,
1000 4335 1044 4389 si
1072 4335 1160 4391 vel
1188 4334 1446 4389 tantillum
1476 4334 1884 4404 rcsipuerimus,
1912 4334 1965 4390 id

387 4437 491 4474 non
521 4422 636 4478 siue
662 4425 910 4480 mercede
939 4424 1168 4479 futurum
1199 4440 1337 4481 esse.
1366 4425 1470 4479 Sed
1509 4425 1648 4479 sicut
1680 4427 1726 4480 is
1752 4426 1842 4495 qui
1876 4441 1966 4481 ca-

390 4510 542 4565 licem
569 4526 717 4581 aqua:
742 4511 946 4583 frigidae
971 4515 1284 4583 porrexerit,
1310 4513 1602 4582 depositam
1629 4514 1789 4569 habet
1812 4516 1967 4570 retri-

386 4601 688 4665 butionem,
718 4600 796 4656 sic
832 4601 912 4669 is,
940 4616 1098 4672 quem
1125 4601 1193 4657 de
1229 4602 1475 4657 admissis
1504 4618 1532 4656 a
1561 4618 1620 4658 se
1647 4603 1966 4660 facinoribus

387 4691 644 4762 pmnitet,
689 4691 813 4746 licet
856 4691 1070 4761 dignam
1122 4691 1487 4760 paenitentiam
1530 4709 1637 4747 non
1684 4694 1961 4764 exhibeat,

385 4783 624 4851 ejusdem
655 4793 829 4837 tamen
857 4784 1256 4840 retributionem
1279 4786 1520 4854 accipiet.
1544 4785 1681 4840 Nihil
1704 4787 1847 4843 enim
1870 4787 1966 4842 ho-

387 4890 610 4936 norum,
653 4875 989 4939 quantumvis
1021 4877 1267 4946 exiguum
1307 4876 1404 4941 sit,
1472 4893 1500 4930 a
1538 4877 1685 4947 justo
1725 4879 1747 4910 ⁸
1786 4879 1963 4948 judice

405 4967 727 5036 lcspicituur.
761 4967 892 5022 Nam
931 4968 973 5021 si
1022 4977 1236 5037 peccata
1274 4984 1395 5024 cum
1435 4976 1578 5023 tanta
1624 4972 1966 5028 accuratioue

396 5057 779 5127 lisquiruntur,
825 5067 884 5113 ut
926 5058 1085 5113 etiam
1128 5057 1195 5113 de
1237 5058 1414 5113 verbis
1453 5068 1507 5113 et
1551 5061 1958 5129 cogitationibus

387 5164 566 5216 poenas
592 5149 801 5215 demus,
831 5162 1029 5218 quanto
1057 5150 1223 5218 magis
1252 5150 1388 5204 bona
1417 5166 1598 5220 opera,
1623 5166 1717 5207 seu
1745 5167 1956 5222 magna,

383 5253 473 5292 seu
503 5255 659 5309 parva
691 5239 903 5305 fuerint,
935 5241 1087 5295 nobis
1114 5240 1203 5294 illo
1229 5250 1469 5311 tempore
1490 5244 1953 5312 computabuntur.

383 5327 556 5394 Quare
584 5333 706 5387 licet
730 5329 795 5385 ad
826 5332 1099 5401 pristinam
1129 5331 1270 5386 illam
1293 5332 1618 5403 diligentiam
1646 5335 1819 5390 redire
1847 5350 1954 5390 non

444 5468 461 5495 ι
497 5465 636 5515 savii.
668 5474 721 5517 et
739 5481 867 5518 unus
886 5468 1035 5527 Colh.,
1060 5466 1194 5518 nobis
1215 5466 1461 5519 tribueret.

444 5527 728 5635 ἓξὲξ-ξι.
753 5534 806 5578 et
824 5538 1028 5593 quatuor
1050 5536 1158 5580 Mss.
1199 5528 1363 5579 Morel.
1396 5538 1449 5579 et
1465 5529 1562 5578 duo
1579 5529 1675 5591 alii,
1720 5534 1772 5582 in
1794 5531 1952 5596 ignem

444 5599 450 5630 Ζ
587 5601 597 5610 “
659 5603 693 5635 ι.

385 5596 778 5757 unus
796 5648 962 5712 habet,
980 5657 1205 5712 paratum
1234 5649 1423 5702 diabolo
1444 5656 1489 5701 et
1512 5651 1693 5716 augetis
1714 5652 1836 5716 ejus,
1861 5665 1953 5705 non

444 5722 525 5758 ws.

444 5771 465 5834 ξ
498 5766 637 5817 savil.
665 5774 714 5816 et
736 5776 981 5834 l_l_ml8_M!-i..
1001 5770 1145 5834 enim.
1170 5781 1325 5823 recte.
1352 5779 1400 5822 lu
1423 5773 1527 5823 altis
1548 5773 1708 5834 deest,
1732 5773 1874 5825 enim.

442 5831 463 5865 ⁵
496 5838 545 5881 tu
569 5843 665 5879 uno
680 5827 813 5878 Colb.
843 5829 1004 5890 deest,
1022 5830 1167 5890 iusto.

1107 394 1162 453 ὃ.
1201 391 1481 449 JOANNIS
1517 389 1990 448 CHRYSOSTOMI
2032 387 2345 444 AllClllL‘l’.
2387 390 2913 449 CONSTANTINOP.

3565 401 3669 460 ξεε

2082 502 2280 569 valeas,
2306 503 2401 560 sed
2424 506 2612 575 quovis
2640 506 2851 563 tandem
2881 508 3040 564 modo
3066 522 3096 562 a
3122 513 3371 580 praesenti
3396 514 3588 569 morbo
3612 526 3666 571 et

2030 641 2049 662 κ
2081 591 2284 649 luxuria
2316 603 2367 650 te
2394 595 2649 663 abducas,
2683 613 2750 652 ne
2776 596 2877 652 hoc
2904 598 3117 669 quidem
3155 599 3249 656 tibi
3276 600 3664 661 infructuosum

2014 696 2041 714 ι’
2079 686 2182 739 erit
2207 703 2222 742 :
2248 685 2329 742 fac
2356 688 2503 743 ineas
2525 702 2679 758 opus,
2706 698 2762 744 et
2786 689 2985 745 aditum
3009 689 3075 745 ad
3100 693 3389 746 certamina
3414 695 3625 763 aperias
3651 713 3664 750 :

2080 777 2331 846 quamdiu
2371 779 2515 834 enim
2557 788 2709 834 extra
2746 781 3019 845 manebis,
3046 781 3168 851 jure
3195 782 3289 837 tibi
3322 783 3542 840 difficile
3574 800 3661 840 ar-

2080 868 2347 938 duumque
2371 871 2387 901 ¹
2426 870 2709 925 videbitur.
2747 870 2878 926 Nam
2913 880 3195 944 antequam
3225 876 3523 945 periculum
3547 877 3659 943 fiat,

2079 960 2417 1027 quantumvis
2453 961 2634 1017 faciles
2662 972 2715 1017 et
2743 964 3004 1033 expedita:
3036 981 3123 1021 res
3151 965 3384 1033 fuerint,
3414 983 3661 1039 magnam

2081 1056 2255 1104 tamen
2295 1050 2618 1107 difﬁcultatis
2676 1054 2909 1124 speciem
2981 1069 3091 1123 pm
3150 1070 3210 1112 se
3246 1055 3389 1113 ferre
3437 1059 3663 1125 solent;

2079 1152 2200 1192 cum
2229 1147 2405 1194 autem
2442 1154 2536 1194 eas
2568 1140 2788 1197 strenuo
2813 1142 3105 1213 audacique
3144 1146 3322 1199 animo
3360 1147 3623 1203 adivimus
3645 1190 3662 1212 ,

2080 1244 2271 1299 magna
2301 1246 2424 1301 pars
2455 1231 2652 1286 laboris
2676 1233 2886 1298 evolat;
2916 1249 2979 1289 ac
3008 1235 3200 1291 lldueia
3218 1277 3234 1305 ,
3266 1236 3384 1292 loco
3414 1243 3665 1296 tremoris

2079 1321 2572 1393 desperationisque
2598 1325 2956 1396 subingressa,
2985 1337 3183 1382 metum
3206 1329 3416 1396 minuit,
3448 1331 3666 1386 facilita-

2083 1424 2189 1468 tem
2229 1422 2415 1483 auget,
2458 1415 2757 1487 bonamque
2791 1431 2940 1485 spem
2980 1418 3213 1474 roborat.
3244 1419 3368 1476 Ideo
3404 1422 3665 1492 malignus

2083 1506 2171 1560 ille
2194 1505 2385 1561 ludam
2411 1521 2476 1561 ex
2506 1507 2606 1563 hac
2635 1508 2739 1561 vita
2766 1508 3015 1573 abduxit,
3042 1524 3111 1565 ne
3136 1510 3288 1565 initio
3317 1511 3663 1582 resipiseendi

2083 1594 2242 1662 facto,
2275 1612 2368 1665 per
2390 1597 2754 1666 paenitentiam
2781 1598 2846 1652 ad
2874 1598 3048 1654 locum
3075 1599 3217 1655 unde
3248 1601 3518 1656 exciderat
3545 1602 3663 1658 red-

2082 1688 2202 1742 iret.
2238 1684 2347 1757 Ego
2372 1688 2512 1742 enim
2532 1731 2548 1756 ,
2576 1689 2676 1743 etsi
2717 1703 2874 1760 supra
2896 1690 3055 1745 fidem
3086 1691 3230 1761 loqui
3258 1691 3459 1759 videar,
3489 1708 3661 1763 neque

2083 1778 2210 1833 illud
2250 1779 2472 1850 (Judze)
2515 1789 2787 1850 peccatum
2830 1782 3001 1852 majus
3042 1797 3163 1839 esse
3202 1782 3463 1852 dixerim,
3503 1802 3661 1855 quam

2081 1870 2340 1926 auxilium
2365 1912 2381 1939 ,
2409 1873 2551 1943 quod
2589 1873 2743 1929 nobis
2770 1888 2800 1926 a
2835 1874 3150 1944 paenitentia
3183 1873 3422 1931 oﬂ‘ertur.
3459 1878 3662 1943 Quam-

2079 1962 2265 2017 obrem
2297 1977 2425 2032 rogo
2449 1974 2505 2018 et
2531 1963 2783 2032 obsecro,
2812 1965 2955 2019 omni
2994 1964 3217 2036 depulsa
3250 1967 3484 2022 satanica
3512 1968 3661 2039 cogi-

2084 2055 2283 2109 tatione
2325 2055 2392 2109 ab
2434 2055 2609 2110 anima
2650 2065 2766 2121 tua,
2806 2056 2873 2111 ad
2917 2056 3053 2111 hanc
3093 2057 3316 2112 salutem
3359 2058 3569 2114 redeas.
3605 2060 3660 2115 Si

2081 2160 2310 2215 namque
2344 2144 2626 2201 confestim
2655 2146 2721 2201 ad
2749 2146 2878 2201 illud
2919 2155 2971 2201 te
3009 2146 3273 2217 fastigium
3301 2148 3663 2205 conscendere

2077 2237 2341 2307 juhcrcm,
2371 2236 2422 2292 id
2447 2237 2569 2307 jure
2600 2237 2824 2293 moleste
2853 2237 3040 2303 ferres,
3064 2246 3250 2308 utpote
3274 2255 3387 2294 rem
3414 2239 3661 2295 diliicilli-

2082 2342 2265 2391 mam;
2313 2341 2436 2381 cum
2479 2326 2738 2381 autemid
2774 2335 2976 2382 tantum
3017 2343 3161 2382 nunc
3210 2330 3232 2361 ⁸
3275 2329 3571 2398 postulem,
3601 2339 3660 2385 ut

2081 2416 2432 2487 praesentibus
2461 2416 2616 2472 malis
2649 2415 2782 2471 nihil
2809 2415 3029 2486 adjicias
3048 2459 3063 2483 ,
3094 2416 3187 2473 sed
3215 2432 3438 2488 surgens
3464 2419 3533 2473 ad
3561 2420 3661 2476 iter

2079 2507 2404 2563 contrarium
2435 2517 2485 2562 te
2514 2517 2816 2574 convertas,
2842 2507 2967 2578 quid
2994 2509 3297 2565 cunctaris?
3318 2525 3415 2565 cur
3441 2511 3656 2584 refugis,

2080 2606 2136 2654 et
2157 2597 2225 2653 ad
2254 2598 2551 2669 posteriora
2583 2608 2634 2654 te
2659 2598 2932 2653 retrahis?
2958 2599 3150 2655 Annon
3186 2599 3362 2656 vidisti
3400 2603 3658 2669 quosdam

2078 2689 2169 2759 qui
2197 2689 2249 2743 in
2278 2689 2513 2755 deliciis,
2542 2698 2596 2744 et
2640 2689 2693 2744 in
2723 2689 3066 2745 ebrietatibus
3104 2698 3160 2746 et
3196 2690 3249 2745 in
3272 2691 3406 2761 jocis
3435 2692 3457 2724 ³
3479 2734 3495 2758 ,
3524 2704 3578 2748 et
3603 2694 3655 2748 in

2079 2778 2284 2848 reliquo
2328 2779 2487 2849 hujus
2526 2780 2649 2834 vita:
2683 2779 2923 2836 ludibrio-
2952 2781 3147 2837 mortui
3189 2782 3353 2836 sunt?
3387 2782 3483 2837 Ubi
3518 2800 3657 2839 nunc

2078 2879 2203 2925 sunt
2235 2867 2326 2940 qui
2365 2869 2552 2924 tumidi
2593 2870 2840 2940 superbia
2866 2885 2988 2926 cum
3015 2870 3197 2926 multis
3224 2872 3538 2941 sequacibus
3564 2888 3659 2942 per

2078 2959 2256 3016 forum
2287 2960 2646 3017 incedebant?
2672 2960 2762 3031 qui
2791 2961 2976 3016 sericis
3003 2960 3172 3016 induti
3214 2962 3447 3017 vestibus
3473 2973 3528 3017 et
3555 2978 3625 3017 un
3643 2994 3656 3003 -

2076 3063 2329 3125 guentum
2354 3054 2578 3121 olentes,
2605 3052 2969 3123 parasitosque
2992 3052 3219 3120 alentes,
3246 3068 3421 3109 scente
3443 3069 3659 3123 semper

2077 3146 2221 3200 affixi
2247 3144 2436 3200 erant?
2461 3144 2552 3200 ubi
2578 3158 2718 3199 nunc
2744 3143 3029 3199 ostentatio
3059 3143 3149 3198 illa
3172 3153 3228 3199 et
3254 3142 3481 3213 pompa?
3509 3143 3654 3200 Abiit

2075 3251 2349 3293 cumarum
2375 3245 2644 3306 sumptus,
2676 3236 3002 3290 musicorum
3044 3235 3230 3301 turba,
3268 3235 3650 3290 assentantimn

2075 3329 2350 3395 clientela,
2384 3328 2521 3385 risus
2556 3326 2897 3395 immodicus,
2937 3326 3097 3382 animi
3142 3326 3416 3395 remissio,
3458 3327 3650 3383 mentis

2076 3423 2295 3487 effusio,
2328 3421 2432 3474 vita
2473 3419 2679 3484 mollis,
2713 3419 2918 3482 otiosa,
2947 3419 3074 3473 luxu
3111 3417 3334 3488 perdita.
3366 3419 3482 3485 Quo
3510 3432 3652 3474 nunc

2074 3514 2353 3569 evolarunt
2381 3512 2601 3566 omnia?
2627 3510 2754 3581 quid
2784 3510 2979 3566 factum
3009 3519 3093 3565 est
3128 3510 3196 3565 de
3228 3525 3482 3580 corpore,
3509 3512 3653 3580 quod

2077 3603 2279 3674 pridem
2318 3609 2466 3657 tanto
2505 3601 2763 3656 famulitio
2786 3642 2802 3668 ,
2832 3608 2974 3655 tanta
3012 3599 3270 3654 munditia
3310 3601 3657 3656 abundabat?

2073 3697 2242 3766 Perge
2278 3711 2419 3750 nunc
2459 3694 2527 3749 ad
2568 3694 2869 3764 sepulcrum
2902 3710 2916 3749 :
2944 3692 3307 3762 contemplare
3334 3693 3604 3763 pulverem
3627 3735 3653 3762 ,

2073 3788 2310 3853 cineres,
2364 3802 2609 3851 vermes,
2658 3786 2760 3841 loci
2796 3783 2819 3816 ⁸
2861 3783 3253 3840 deformitatem
3296 3786 3531 3850 intuere,
3598 3798 3656 3842 et

2073 3896 2252 3935 amare
2279 3879 2505 3948 suspira.
2537 3879 2710 3949 Atque
2736 3877 2937 3932 utinam
2961 3875 3028 3931 ad
3056 3877 3265 3932 cineres
3298 3875 3551 3931 damnum
3578 3877 3653 3930 si-

2073 3980 2268 4035 steret;
2293 3970 2401 4040 jam
2421 3978 2599 4024 autem
2620 3983 2652 4023 a
2678 3967 2925 4038 sepulcro
2944 3976 2998 4022 et
3016 3982 3046 4021 a
3067 3967 3336 4023 vermibus
3358 3968 3649 4037 cogitatum

2075 4062 2305 4118 transfer
2327 4061 2392 4116 ad
2419 4060 2775 4116 immortalem
2804 4059 2952 4114 illum
2980 4067 3238 4124 vermem,
3265 4057 3331 4111 ad
3362 4057 3536 4127 ignem
3565 4057 3648 4110 in-

2071 4151 2533 4224 exstinguibilem,
2570 4148 2639 4204 ad
2682 4147 2949 4204 fremitum
2992 4147 3266 4214 dentium,
3297 4145 3364 4201 ad
3404 4146 3652 4201 tenebras

2070 4247 2393 4313 exteriores,
2425 4245 2491 4301 ad
2517 4244 2857 4299 afflictionem
2884 4251 2940 4298 et
2967 4241 3262 4313 angustiam
3282 4280 3298 4307 ,
3326 4239 3392 4294 ad
3419 4238 3647 4309 parabo-

2071 4341 2175 4396 lam
2201 4338 2382 4395 Lazari
2404 4348 2460 4394 et
2479 4337 2676 4401 divitis,
2706 4337 2794 4407 qui
2824 4344 2897 4389 tut
2926 4333 3164 4406 pecuniis
3190 4333 3496 4396 instructus,
3524 4346 3651 4402 pur-

2069 4446 2309 4503 puraque
2339 4429 2551 4484 indutus
2572 4469 2589 4494 ,
2618 4443 2686 4482 ne
2726 4427 2922 4482 stillam
2960 4423 3173 4496 quidem
3202 4438 3355 4493 aqua;
3378 4431 3564 4493 postea
3594 4422 3645 4476 in

2072 4522 2332 4593 potestate
2371 4520 2556 4576 habuit
2584 4519 2606 4552 '
2629 4558 2646 4585 ,
2678 4518 2731 4573 in
2781 4525 2925 4571 tanta
2964 4515 3268 4570 calamitate
3305 4513 3643 4569 constitutus.

2069 4612 2238 4682 Hujus
2263 4612 2406 4668 enim
2439 4611 2562 4665 vita:
2588 4607 2826 4664 conditio
2862 4604 3084 4662 somniis
3125 4603 3294 4659 nihilo
3330 4602 3519 4659 melior
3542 4612 3647 4658 est.

2068 4700 2525 4772 Quemadmodum
2553 4697 2695 4753 enim
2717 4697 2807 4768 qui
2835 4695 3045 4751 metalla
3069 4692 3349 4758 cll‘odinnt,
3369 4699 3465 4747 aut
3487 4691 3655 4746 aliam

2068 4793 2350 4863 quamdam
2375 4804 2588 4862 pcenam
2609 4789 2761 4845 luunt
2785 4788 2885 4843 hac
2902 4786 3224 4858 graviorem,
3246 4784 3293 4839 si
3315 4783 3527 4854 quando
3549 4783 3656 4839 sub-

2068 4884 2214 4940 duris
2254 4882 2361 4937 illis
2390 4881 2659 4937 laboribus
2694 4889 2750 4935 et
2786 4876 3128 4933 acerbissima
3154 4875 3260 4930 vita
3297 4874 3652 4930 dormitantes

2069 4991 2164 5045 per
2185 4972 2449 5028 somnium
2475 4987 2535 5027 se
2557 4970 2787 5026 viderint
2813 4969 2865 5023 in
2891 4966 3117 5031 deliciis,
3139 4974 3192 5021 et
3215 4979 3395 5020 rerum
3422 4963 3649 5017 amoen-

2065 5066 2141 5122 tia
2160 5108 2172 5131 ,
2202 5064 2499 5135 experrecti
2545 5071 2725 5132 postea
2746 5101 2762 5126 ,
2808 5059 3006 5114 nullam
3046 5056 3270 5112 somniis
3297 5056 3518 5125 gratiam
3548 5053 3647 5107 ha-

2066 5159 2226 5213 bent:
2255 5156 2331 5210 sic
2355 5164 2409 5210 et
2433 5153 2582 5208 dives
2611 5152 2720 5218 ille,
2749 5164 2870 5206 cum
2899 5163 2952 5203 tn
2986 5146 3233 5217 prmscnli
3258 5146 3385 5211 vita,
3414 5142 3567 5214 quasi
3598 5144 3657 5194 iu.

2064 5248 2296 5311 Somnio,
2316 5245 2511 5300 divitiis
2536 5241 2879 5306 abundasset,
2904 5250 3251 5310 posteaquam
3277 5235 3403 5290 hinc
3420 5234 3646 5304 emigra-

2124 5469 2141 5499 ¹
2175 5467 2249 5515 sic
2270 5462 2409 5513 savii.
2430 5470 2482 5512 et
2501 5461 2599 5511 duo
2615 5466 2723 5509 Mss.
2746 5465 2865 5506 nes
2885 5455 2985 5515 alii,
3007 5451 3428 5515 utterdictumqnc.

2123 5532 2143 5561 ³
2176 5509 2499 5577 sanitatum
2514 5509 2644 5582 uss,
2662 5532 2805 5579 nunc,
2834 5509 2990 5568 recte.
3025 5522 3074 5563 tn
3097 5512 3202 5563 aliis
3225 5523 3277 5564 et
3300 5509 3653 5572 ξιιὸιεειηηιιησι

2059 5590 2227 5640 deest.
2437 5645 2449 5652 _
2504 5644 2511 5652 ,
2577 5642 2589 5652 ,
2657 5643 2669 5652 ,
2850 5637 2939 5652 _..
3005 5635 3113 5652 _..-
3149 5634 3258 5652 -4...

2122 5632 2339 5707 inueest,
2362 5652 2407 5697 et
2428 5642 2639 5707 injocis,
2656 5643 2704 5707 in
2726 5654 2823 5707 uno
2845 5637 2976 5707 Qolb.
2996 5642 3048 5686 et
3070 5635 3116 5707 in
3143 5634 3357 5707 editione
3382 5632 3641 5683 itontet‘alc

2058 5713 2206 5767 Hujus
2230 5698 2359 5759 vocis
2395 5698 2502 5756 loco
2521 5698 2831 5767 ςενὶιειρειὺει,
2854 5700 2903 5750 in
2926 5698 3196 5767 voracitate.

2172 5771 2310 5821 Savil.
2334 5771 2499 5830 habet,
2520 5765 2705 5816 tumuli.
2729 5772 2847 5830 Tres
2864 5765 3254 5830 ‘\tsls.,.imagtms.

2123 5834 2143 5867 ⁵
2175 5831 2312 5884 Savil.
2342 5840 2393 5880 et
2414 5821 2595 5880 aliuuot
2616 5835 2746 5885 ωδε..
2768 5823 2835 5876 ibi
2855 5821 3037 5873 habuit.
