3954 6450
225 292 329 356 2δὲ

227 417 418 474 verat,
457 407 595 475 duro
644 407 904 479 supplicio
953 404 1300 477 plecti-batur.
1347 403 1473 460 time
1513 403 1728 473 cogita.
1773 411 1828 458 et

228 505 406 575 ignem
439 502 585 556 illum
617 501 896 555 conferens
921 511 1040 552 cum
1079 512 1180 564 eo,
1219 512 1328 568 quo
1361 511 1503 550 nunc
1531 495 1785 550 detinens
1811 535 1825 559 ,

226 593 580 664 Cupiditatum
607 590 874 652 incendio,
901 587 1114 644 tandem
1137 604 1167 642 a
1191 590 1404 644 l'urnace
1425 589 1514 646 illa
1541 599 1592 642 te
1612 589 1822 659 expedi.

227 683 362 741 Nam
392 683 481 753 qui
513 683 646 735 banc
681 681 768 735 hic
809 679 974 752 probe
1017 679 1256 735 restinxit
1283 719 1299 747 ,
1342 695 1442 734 nec
1481 679 1628 734 illam
1667 680 1826 736 aliam

228 775 541 844 experietur
567 791 579 826 :
609 772 652 826 si
681 772 800 842 quis
825 787 953 826 vero
980 771 1116 826 hanc
1139 787 1240 824 non
1272 771 1602 841 Superaverit
1622 813 1637 837 ,
1666 771 1828 828 vehe-

225 864 469 922 mentius
493 863 615 918 hinc
641 863 904 933 profectus
931 863 983 916 in
1014 861 1097 916 illa
1127 872 1252 917 tunc
1277 863 1621 918 cruciabitur.
1647 863 1828 930 Quan-

223 966 282 1011 to
311 966 557 1024 tempore
585 956 662 1008 vis
697 953 790 1007 tibi
835 953 1116 1021 prmsentis
1156 953 1277 1007 vita:
1319 968 1534 1007 usuram
1573 953 1828 1007 extendi?

224 1046 498 1116 Equidem
537 1061 672 1122 noni
687 1055 812 1114 puto
841 1045 934 1100 tibi
973 1045 1089 1114 plus
1117 1045 1496 1116 quinquaginta
1523 1045 1678 1100 anuis
1705 1046 1826 1101 vita:

222 1153 550 1206 superesse,
579 1146 634 1192 ιιι
663 1136 730 1192 ad
767 1145 1060 1191 extremam
1099 1147 1429 1193 senectutem
1470 1138 1688 1202 venias;
1721 1136 1828 1191 imo

224 1247 298 1287 ne
326 1230 430 1286 hoc
460 1229 676 1300 quidem
701 1237 908 1284 certum
947 1227 1104 1283 nobis
1132 1238 1216 1283 est
1244 1245 1256 1282 :
1287 1243 1410 1282 nam
1437 1227 1527 1298 qui
1566 1243 1631 1282 ne
1659 1241 1827 1296 usque

222 1324 292 1380 ad
320 1339 603 1394 vesperam
631 1321 700 1378 de
725 1323 830 1376 vita
869 1322 1042 1377 securi
1073 1336 1282 1386 sumus,
1310 1321 1578 1392 quomodo
1609 1329 1686 1376 tot
1713 1319 1828 1375 fore

223 1415 354 1470 vitae
379 1429 552 1469 annos
579 1414 846 1469 affirmare
871 1414 1196 1484 possumus?
1220 1412 1408 1484 Neque
1438 1413 1490 1468 id
1518 1420 1721 1467 tantum
1752 1412 1828 1466 la-

226 1517 326 1572 tet,
355 1505 452 1562 sed
483 1506 642 1562 etiam
669 1505 847 1560 futura
877 1521 1056 1560 rerum
1090 1507 1314 1560 mutatio
1345 1523 1359 1559 :
1393 1519 1634 1576 persaepe
1661 1504 1826 1570 enim,

225 1600 355 1656 licet
385 1601 490 1654 vita
517 1601 573 1654 in
598 1600 814 1670 longum
838 1599 1415 1670 tempus-producatur,
1441 1615 1546 1653 non
1572 1598 1682 1668 pari
1709 1613 1830 1670 gra-

227 1690 302 1747 du
334 1690 633 1761 procedunt
659 1691 958 1761 voluptates
986 1708 1000 1744 :
1030 1690 1123 1746 sed
1161 1691 1341 1746 statim
1375 1700 1534 1761 atque
1561 1690 1830 1745 aﬂ'ueruut

224 1783 563 1840 dilabuntur.
586 1783 782 1839 Verum
806 1799 902 1854 per
925 1798 1012 1838 me
1037 1783 1183 1848 licet,
1209 1796 1346 1850 pone
1375 1781 1419 1836 si
1449 1782 1526 1836 vis
1555 1790 1606 1836 te
1634 1789 1708 1835 tot
1733 1796 1830 1836 an-

229 1891 332 1931 nos
361 1875 623 1930 victurum
663 1889 813 1940 esse,
850 1889 952 1929 nec
980 1873 1140 1928 ullam
1169 1872 1285 1928 fore
1313 1874 1365 1928 in
1395 1875 1555 1928 rebus
1580 1871 1682 1928 tuis
1708 1888 1828 1926 mu-

231 1969 491 2024 tationem
527 1987 542 2024 :
572 1967 698 2038 quid
741 1967 844 2023 boc
867 1976 950 2022 est
975 1967 1041 2022 ad
1072 1967 1276 2021 infinita
1321 1966 1546 2032 smcula,
1573 1966 1698 2036 quid
1729 1964 1831 2021 hoc

228 2061 299 2118 ad
346 2062 576 2118 acerbos
618 2062 741 2118 illos
799 2068 856 2116 et
912 2060 1277 2116 intolerabiles
1311 2060 1328 2092 ί
1376 2059 1682 2115 cruciatus?
1734 2058 1831 2115 Hic

227 2155 376 2210 enim
409 2165 514 2209 tam
545 2154 706 2218 bona,
737 2169 896 2225 quam
927 2153 1064 2207 mala
1093 2152 1250 2206 linem
1279 2150 1502 2219 habent,
1535 2161 1591 2208 et
1612 2150 1829 2222 quidem

228 2245 616 2310 celerrimum;
649 2244 758 2299 illic
789 2259 918 2299 vero
946 2254 1170 2314 utraque
1203 2243 1595 2298 immortalibus
1620 2242 1832 2298 saeculis

228 2346 516 2410 aequantur
543 2355 558 2392 :
587 2352 690 2394 nec
717 2336 822 2394 dici
858 2345 1036 2408 potest
1058 2345 1316 2408 quantum
1352 2335 1606 2392 diﬂ'erant
1629 2350 1660 2390 a
1689 2351 1829 2406 pra:-

228 2429 494 2486 sentibus.

304 2520 395 2576 10.
441 2519 588 2592 Ignis
633 2519 821 2592 inferni
855 2536 958 2576 non
989 2519 1105 2574 huic
1129 2519 1237 2590 igni
1277 2519 1478 2575 similis.
1515 2547 1591 2560 —
1616 2517 1828 2574 Etenim

229 2625 354 2668 eum
379 2611 555 2683 ignem
583 2611 758 2678 audis,
785 2626 916 2667 eave
945 2619 1099 2677 putes
1123 2625 1243 2666 esse
1269 2609 1396 2666 huic
1423 2610 1528 2681 igni
1555 2609 1786 2665 similem
1811 2625 1826 2663 :

233 2706 324 2760 hic
345 2705 488 2760 enim
531 2704 787 2776 quidquid
818 2703 1062 2775 corripit,
1095 2704 1318 2759 devorat
1361 2713 1414 2758 et
1443 2703 1708 2768 absumit;
1742 2702 1830 2758 ille

231 2812 366 2853 vero
393 2813 527 2868 quos
549 2797 719 2854 semei
737 2797 1112 2866 apprehendit,
1139 2807 1398 2866 perpetuo
1422 2795 1708 2861 comburit,
1733 2809 1832 2851 nec

231 2905 471 2961 unquam
499 2889 746 2954 desistit;
781 2889 1008 2960 ideoque
1033 2890 1474 2960 iuexstiuguibilis
1497 2890 1711 2944 dicitur.
1741 2890 1828 2944 Si-

230 2967 452 3052 quidem
490 2981 652 3036 etiam
695 2992 1006 3051 peccatores
1031 2976 1240 3051 oportet
1267 2981 1487 3038 induere
1513 2981 1830 3036 immortali-

233 3082 424 3136 tatem,
455 3087 558 3128 non
590 3071 657 3126 ad
701 3073 982 3137 honorem,
1011 3072 1106 3126 sed
1139 3082 1194 3127 ut
1223 3081 1538 3142 perpetuum
1570 3073 1641 3125 sit
1689 3072 1832 3128 illius

231 3165 484 3236 supplicii
531 3164 780 3218 viaticum
811 3181 825 3218 :
859 3163 912 3220 id
967 3178 1095 3220 vero
1141 3179 1300 3234 quam
1346 3164 1419 3218 sit
1461 3162 1787 3218 horrendum
1814 3203 1828 3228 ,

235 3257 388 3310 nullo
405 3268 653 3326 umquam
675 3265 846 3326 potest
863 3269 1110 3311 sermone
1129 3255 1386 3310 declarari
1403 3272 1417 3318 ;
1433 3255 1528 3308 sed
1545 3270 1573 3307 a
1588 3254 1834 3308 minima-

233 3363 358 3401 rum
389 3361 564 3401 rerum
591 3347 960 3416 experimento
981 3356 1192 3402 tenuem
1217 3359 1525 3417 magnarum
1553 3359 1834 3414 possumus

233 3437 604 3506 conjecturam
649 3453 863 3506 capere.
893 3439 950 3493 Si
977 3437 1192 3508 quando
1223 3436 1391 3492 fueris
1421 3438 1472 3492 in
1509 3439 1705 3494 balneo
1743 3438 1833 3492 'ni-

237 3529 407 3584 mium
453 3529 858 3592 eﬂ'ervescente,
893 3539 1018 3584 tune
1059 3528 1129 3584 de
1176 3529 1420 3600 gebenna
1453 3529 1588 3598 ignis
1615 3529 1786 3599 cogita
1817 3545 1830 3586 :

237 3628 299 3675 et
323 3620 368 3675 si
397 3620 609 3690 quando
637 3619 832 3675 acriori
875 3619 1024 3676 febre
1049 3621 1270 3686 arseris,
1295 3619 1364 3676 ad
1393 3619 1660 3676 ﬂammam
1691 3621 1833 3676 illam

241 3722 480 3767 mentem
509 3711 812 3779 traducite;
843 3722 898 3768 et
920 3725 1048 3768 tunc
1073 3712 1273 3791 poteris
1296 3713 1460 3782 probe
1485 3711 1833 3784 distinguere.

242 3801 384 3858 Nam
413 3801 459 3858 si
487 3803 737 3859 balneum
767 3812 826 3858 et
866 3803 1028 3860 febris
1055 3818 1157 3860 nos
1183 3803 1318 3858 adeo
1361 3807 1600 3859 cruciant
1627 3814 1682 3860 et
1707 3819 1838 3858 eon-

244 3896 464 3950 tmbaut
491 3937 506 3961 ,
551 3907 674 3952 cum
745 3896 802 3951 in
849 3893 1068 3952 ﬂuvium
1119 3897 1256 3968 ignis
1297 3896 1446 3952 illum
1495 3897 1840 3952 inciderimus

243 3985 519 4051 ﬂuentem,
555 3997 684 4043 ante
714 3987 1040 4043 horrendum
1089 3987 1218 4044 illud
1249 3987 1500 4050 tribunal,
1528 4002 1636 4058 quo
1660 3989 1840 4044 animo

237 4079 408 4135 futuri
468 4079 721 4135 smnus?
787 4079 930 4135 Sane
998 4079 1248 4136 dentibus
1315 4080 1662 4134 stridebimus
1738 4095 1836 4149 op—

243 4171 418 4241 pressi
447 4171 719 4226 laboribus
741 4179 798 4226 et
827 4171 1176 4228 intolerandis
1213 4171 1559 4237 cruciatibus,
1600 4179 1657 4225 ct
1681 4186 1840 4226 nemo

241 4263 520 4330 suppetias
547 4259 722 4320 feret;
755 4261 848 4317 sed
890 4262 1300 4332 ingemiseemus
1341 4262 1593 4332 graviter.
1626 4260 1839 4318 ﬂamma

244 4351 404 4406 nobis
464 4352 836 4408 vehementius
895 4353 1160 4418 instante;
1219 4352 1488 4406 nemiuem
1542 4351 1841 4408 videbimus

244 4451 446 4514 praeter
466 4443 798 4500 crueiatuum
827 4452 1128 4512 consortes,
1159 4452 1216 4500 et
1258 4443 1545 4500 immanem
1591 4443 1840 4499 solitudi-

247 4551 394 4592 nem.

319 4625 665 4700 laici-italiam
685 4641 947 4700 patrarunt
967 4627 1257 4696 descriptio.
1277 4657 1350 4668 —
1365 4625 1496 4695 Quis
1511 4625 1843 4682 eoarraverit

247 4731 490 4778 terrores
531 4736 562 4776 a
611 4721 850 4777 tenebris
907 4719 1015 4776 illis
1071 4720 1302 4790 injectus
1357 4721 1550 4778 animis
1599 4721 1843 4776 nostris?

242 4811 719 4880 Quomadmbdum
748 4811 892 4866 enim
945 4811 1081 4881 ignis
1129 4811 1219 4868 ille
1264 4826 1369 4867 non
1417 4813 1718 4878 consumit,
1771 4813 1841 4868 ita

243 4919 426 4975 neque
455 4903 597 4959 lueet
622 4920 637 4958 :
664 4903 899 4974 alioquin
926 4918 1032 4959 non
1053 4913 1245 4960 essent
1273 4903 1527 4960 tenebrm.
1559 4903 1846 4961 Perturba-

245 4996 452 5052 tioucm
483 4997 660 5066 itaque
691 4996 846 5052 nobis
869 4997 1184 5062 immissam,
1223 5005 1533 5062 tremorem,
1561 4997 1846 5054 resolutio-

245 5113 373 5152 nem
394 5139 412 5164 ,
455 5107 728 5166 stuporem
757 5131 774 5164 ,
823 5096 953 5152 illud
1007 5096 1180 5151 selum
1229 5104 1440 5166 tempus
1502 5095 1777 5151 declarare
1821 5095 1843 5126 ²

245 5196 448 5260 potest.
483 5189 646 5271 Multa
671 5189 868 5260 quippe
897 5189 1004 5244 illic
1030 5188 1285 5256 variaque
1325 5196 1606 5251 tormenta,
1639 5185 1820 5242 crucia

247 5288 508 5350 tuumque
537 5281 726 5350 ingens
751 5280 986 5350 procella
1032 5279 1268 5350 undique
1309 5277 1614 5334 immittitur
1642 5279 1698 5334 in
1723 5279 1842 5334 ani—

245 5382 416 5428 mam.
456 5372 611 5441 Quod
661 5373 706 5429 si
749 5373 870 5444 quis
913 5371 1154 5428 dixerit:
1185 5371 1466 5441 Quomodo
1505 5381 1707 5426 tantam
1737 5373 1844 5432 vim
1883 5371 1894 5380 ⁴

248 5463 584 5520 cruciatuum
613 5463 752 5520 ferre
791 5465 961 5536 possit
986 5463 1186 5532 anima,
1218 5473 1275 5519 et
1298 5461 1520 5518 inﬁnitis
1547 5463 1762 5518 szeculis
1790 5463 1844 5517 in

315 5688 335 5719 ³
371 5695 581 5746 mutuor
618 5695 724 5738 Mss.
767 5688 966 5748 habent,
987 5693 1228 5752 oriundos.

313 5751 338 5780 8
371 5751 492 5780 lani“
546 5755 594 5780 ιιι
627 5747 742 5780 mla.
786 5763 910 5780 ιιηιια
940 5752 1118 5780 tum...
1177 5749 1343 5780 ηρ..ηᾶ

371 5751 509 5799 savii.
545 5755 600 5800 ut
627 5747 758 5800 coib.
786 5763 912 5799 unus
939 5747 1140 5812 italiam,
1176 5749 1434 5812 perspicue
1455 5750 1731 5803 docturus-ti.

1385 290 1473 344 AD
1511 285 1933 348 THEODOBUH
1975 286 2268 346 LAI’SUM.
2311 291 2352 346 1.

3423 303 3529 360 190

1938 404 2199 476 supplicio
2241 407 2582 476 perdurare?
2609 410 2655 467 is
2700 410 2897 482 cogitet
2938 429 3001 468 ea
3048 430 3167 484 qua:
3197 415 3250 471 in
3297 417 3396 474 bac
3423 419 3525 474 vita

1935 504 2282 566 cuuttngunt,
2314 499 2582 566 quomodo
2615 500 2818 557 scilicet
2861 503 3011 559 multi
3055 504 3364 564 diuturnum
3405 525 3526 580 gra-

1936 600 2162 657 vemque
2193 589 2436 644 morbum
2483 591 2843 648 toleraverunt.
2877 595 2934 650 Si
2964 607 3142 652 autem
3169 608 3398 655 mortem
3423 602 3524 656 ob-

1935 675 2116 741 ierint,
2145 677 2196 734 id
2226 680 2421 735 accidit
2462 697 2566 736 non
2593 683 2736 754 quod
2763 686 2939 740 anima
2967 699 3280 760 consumpta
3310 693 3399 756 sit,
3427 693 3522 748 sed

1933 773 2074 840 qaod
2115 788 2312 844 corpus
2351 775 2648 842 deiecerit;
2679 777 2724 832 si
2756 794 2862 834 non
2903 782 3152 837 eeSsisset
3181 783 3332 850 illud,
3364 801 3522 840 num-

1933 880 2090 937 quam
2121 867 2298 922 anima
2325 869 2553 924 cruciari
2581 869 2850 926 desiisset.
2881 871 3054 938 Quare
3085 885 3363 945 postquam
3399 893 3521 933 cor-

1934 972 2034 1028 pus
2063 959 2164 1014 boc
2187 959 2586 1030 incorruptibile
2615 972 2668 1018 et
2693 963 3058 1020 indissolubile
3079 969 3364 1036 acceperit,
3391 969 3521 1025 nihil

1934 1050 2183 1120 impediet
2231 1053 2516 1122 quominus
2566 1069 2724 1124 ptena
2770 1057 2822 1126 in
2853 1065 3112 1112 a'teruum
3159 1060 3516 1129 protrahatur.

1934 1140 2031 1196 llic
2059 1151 2235 1198 autem
2283 1158 2390 1197 non
2445 1153 2618 1214 potest
2649 1155 2933 1216 utrumque
2959 1149 3115 1202 simul
3159 1151 3470 1222 contingere
3501 1183 3518 1215 ο

1932 1235 2270 1292 vehementia
2333 1253 2523 1306 nempe
2595 1240 2840 1308 supplicii
2905 1250 2962 1296 et
3026 1241 3346 1298 diuturnitas
3384 1245 3524 1300 :sed

1932 1327 2160 1383 alterum
2198 1343 2320 1383 cum
2347 1330 2518 1386 altero
2545 1341 2764 1402 pugnat,
2794 1348 2862 1388 eo
2889 1333 3032 1402 quod
3073 1337 3313 1405 corporis
3339 1347 3523 1392 natura

1933 1420 2258 1490 corruptioni
2311 1421 2543 1477 obnoxia
2590 1439 2772 1479 earum
2829 1437 3149 1482 cuneursum
3195 1443 3300 1482 non
3346 1429 3521 1484 ferat:

1933 1508 2331 1566 immortalitate
2351 1521 2529 1568 autem
2559 1515 2900 1582 succedente,
2928 1517 3168 1573 solvetur
3187 1519 3298 1572 lucc
3325 1533 3520 1590 pugna,

1931 1607 1987 1654 et
2031 1615 2220 1670 magna
2271 1617 2394 1657 cum
2440 1603 2693 1660 violentia
2740 1607 2792 1660 in
2840 1617 3098 1662 mternum
3149 1625 3246 1663 nos
3299 1620 3526 1680 utraque

1932 1692 2072 1748 mala
2115 1693 2388 1748 tenebunt.
2433 1694 2512 1750 Ne
2557 1697 2754 1766 itaque,
2803 1709 2866 1752 ac
2907 1699 2953 1752 si
2999 1700 3329 1754 cruciatuum
3361 1703 3523 1757 vehe-

1933 1783 2130 1838 mentia
2155 1785 2388 1840 animam
2421 1798 2656 1842 nostram
2693 1790 2934 1844 consumi
2970 1801 3235 1860 oporteat,
3264 1807 3330 1846 eo
3362 1792 3524 1848 modo

1933 1891 2076 1932 nunc
2100 1877 2273 1932 aﬂ‘ecti
2307 1879 2476 1934 simus
2504 1897 2518 1934 :
2546 1893 2720 1951 neque
2749 1883 2892 1936 cnim
2913 1897 3106 1952 corpus
3129 1891 3257 1939 tunc
3275 1887 3520 1942 consumi

1935 1967 2129 2035 p0terit
2154 1978 2212 2021 ut
2238 1969 2290 2022 in
2337 1972 2620 2038 prteseuti;
2653 1971 2750 2028 sed
2793 1987 2914 2030 cum
2959 1975 3136 2029 anima
3165 1987 3424 2032 mter-unm
3466 1977 3520 2033 iu

1933 2057 2208 2128 suppliciis
2237 2059 2496 2126 manebit,
2544 2076 2646 2116 nec
2675 2061 2794 2118 ﬂuis
2819 2064 2956 2118 ullus
2985 2065 3106 2119 erit.
3155 2065 3393 2133 Quantas
3422 2067 3522 2137 igi-

1935 2155 2022 2204 tur
2062 2149 2282 2206 delicias
2325 2161 2380 2206 et
2407 2162 2664 2222 quantum
2716 2155 2972 2226 temporis
3003 2156 3108 2211 illis
3135 2159 3410 2227 suppliciis
3441 2161 3521 2214 vis

1933 2244 2280 2314 comparari?
2305 2245 2455 2302 visne
2479 2256 2694 2302 centum
2726 2262 2916 2312 annos,
2947 2255 3040 2304 aut
3061 2250 3225 2321 duplo
3254 2252 3526 2320 amplius?

1932 2331 2069 2399 Quid
2101 2335 2202 2389 hoc
2238 2335 2344 2390 erit
2369 2335 2414 2390 si
2459 2347 2801 2406 comparetur
2835 2353 2958 2393 cum
3009 2340 3220 2394 excolis
3259 2341 3524 2396 inﬁnitis?

1931 2422 2084 2492 Quod
2123 2425 2267 2480 enim
2295 2435 2380 2482 est
2419 2429 2686 2482 somnium
2717 2429 2872 2484 unius
2899 2429 3004 2485 dici
3053 2431 3118 2486 ad
3165 2441 3327 2487 tutata
3359 2434 3520 2487 vitam

1933 2518 2206 2585 collatum,
2235 2518 2286 2574 id
2317 2520 2488 2590 ipsum
2515 2529 2600 2576 est
2640 2537 2817 2577 rerum
2850 2524 3189 2592 prmeutium
3221 2539 3402 2590 usura,
3437 2525 3522 2578 fu-

1935 2617 2174 2666 turorum
2202 2613 2364 2666 statui
2383 2623 2712 2684 comparata.
2743 2613 2876 2668 Num
2897 2613 3092 2683 aliquis
3117 2623 3219 2682 est,
3246 2616 3336 2685 qui
3358 2629 3523 2672 suave

1934 2704 2203 2759 somnium
2247 2713 2413 2774 optet,
2464 2719 2526 2758 ea
2569 2704 2874 2760 conditione
2904 2715 2961 2760 ut
3008 2721 3102 2775 per
3145 2717 3308 2760 totam
3359 2709 3520 2762 vitam

1932 2795 2241 2851 crucietur?
2269 2797 2452 2866 ecquis
2493 2798 2564 2852 ita
2594 2797 2788 2852 stultus
2829 2808 2931 2861 est,
2964 2807 3023 2852 ut
3051 2798 3116 2852 ad
3163 2799 3322 2852 talem
3363 2801 3524 2854 retrio

1934 2885 2210 2943 butionem
2249 2888 2508 2943 accedat?
2536 2888 2804 2945 Niliildum
2831 2888 3002 2942 dicam
3033 2897 3218 2944 contra
3262 2889 3480 2944 delicias
3503 2929 3521 2956 ,

1937 2993 2038 3033 nec
2079 2987 2273 3047 quanta
2321 2979 2430 3034 illic
2461 2979 2698 3036 resideat
2737 2981 3039 3034 amaritudo
3072 2993 3211 3034 nunc
3238 2982 3472 3049 aperiam

1935 3083 2111 3138 neque
2129 3069 2272 3124 enim
2285 3069 2393 3137 jam
2412 3079 2618 3138 tempus
2634 3080 2718 3126 est
2731 3071 2954 3126 baicena
2963 3071 3260 3137 rraudi,sed
3279 3087 3397 3125 cum
3415 3071 3526 3141 prl-

1937 3175 2081 3213 mum
2111 3175 2203 3214 eas
2229 3159 2463 3230 eﬂ‘ugere
2492 3160 2750 3230 potueris.
2783 3160 2936 3214 Nunc
2957 3160 3156 3216 etenim
3187 3163 3307 3230 quia
3336 3163 3526 3218 morbo

1937 3249 2031 3306 illo
2073 3250 2350 3314 detineris,
2400 3251 2586 3320 nugari
2635 3250 2728 3305 tibi
2777 3251 3072 3315 videamur,
3118 3253 3164 3306 si
3195 3254 3523 3324 voluptatem

1937 3357 2172 3398 amaram
2215 3347 2455 3398 dicatus
2483 3361 2499 3398 :
2527 3357 2646 3398 cum
2687 3354 2866 3398 autem
2916 3359 3012 3412 per
3059 3343 3154 3399 Dei
3198 3349 3424 3415 gratiam
3456 3349 3526 3402 ab

1937 3433 2252 3504 aegritudine
2281 3434 2532 3490 liberatus
2553 3433 2736 3499 fueris,
2767 3444 2893 3490 tunc
2917 3436 3034 3506 ejus
3057 3437 3323 3492 miseriam
3357 3439 3524 3507 probo

1938 3539 2248 3594 cognosces.
2277 3525 2454 3594 Quare
2495 3527 2560 3580 iis
2585 3525 2637 3580 iu
2665 3527 2822 3580 aliam
2868 3529 3320 3596 opportuniuuem
3353 3539 3526 3582 trans-

1939 3618 2140 3680 missis.
2191 3617 2293 3673 hoc
2335 3633 2478 3674 nunc
2519 3617 2780 3674 dicemus.
2831 3619 3100 3674 Puuamus
3149 3620 3366 3676 delicias
3406 3636 3527 3676 esse

1940 3724 2066 3763 vere
2093 3707 2332 3774 delicias,
2377 3721 2432 3764 et
2473 3710 2796 3779 voluptatem
2827 3726 2952 3765 vere
2991 3712 3338 3780 Voluptatem,
3371 3711 3505 3768 nihil

1941 3817 2047 3872 que
2073 3801 2275 3858 habere
2315 3803 2581 3874 ingratum
2612 3803 2692 3858 vel
2719 3804 2983 3873 vituperio
3005 3803 3220 3872 dignum
3252 3821 3265 3857 :
3296 3803 3421 3873 quid
3460 3803 3530 3860 de

1942 3893 2204 3964 supplicio
2249 3893 2517 3954 destinato
2559 3896 2843 3950 dicemus?
2869 3895 2995 3966 quid
3043 3905 3168 3948 vero
3200 3907 3323 3950 nunc
3365 3896 3528 3950 l'acie~

1944 4001 2085 4054 mus,
2111 3991 2199 4058 qui
2231 3990 2282 4042 in
2309 3989 2558 4059 prmsenti
2588 3989 2690 4042 vita
2735 3987 2818 4042 his
2843 3987 2995 4056 quasi
3023 3987 3076 4041 in
3109 3987 3294 4041 umbra
3319 3998 3370 4041 et
3401 3987 3506 4040 ima

1942 4081 2066 4152 giae
2123 4082 2272 4149 potiti
2317 4095 2535 4147 sumus,
2577 4097 2638 4136 re
2684 4091 2860 4135 autem
2913 4080 3024 4148 ilsa
3069 4080 3176 4136 illic
3215 4091 3472 4134 aeternum
3507 4079 3527 4115 ⁸

1943 4171 2264 4240 ωιψΙὶοἰιοιη
2313 4171 2520 4227 luemus
2548 4189 2562 4224 :
2596 4171 2753 4238 idque
2793 4179 2912 4224 Cum
2947 4168 3262 4223 breviSsimo
3291 4181 3533 4237 tempore

1947 4261 2231 4331 praedictos
2270 4262 2539 4315 cruciatus
2587 4258 2822 4328 eﬂ‘ugere
2842 4297 2857 4321 ,
2885 4265 2941 4314 et
2969 4259 3201 4326 reposita
3251 4259 3384 4310 bona
3413 4258 3530 4310 adi-

1947 4355 2076 4425 pisci
2107 4351 2380 4408 licuisset?
2413 4351 2524 4405 lloc
2547 4361 2632 4406 est
2660 4351 2802 4404 enim
2829 4363 2967 4418 opus
2987 4349 3281 4404 clementia:
3313 4348 3526 4414 divimr,

1943 4445 2086 4516 quod
2113 4445 2266 4499 nobis
2309 4443 2598 4508 certamina
2627 4458 2731 4496 non
2759 4443 2810 4496 in
2843 4441 3055 4512 longum
3088 4451 3298 4508 tempus
3325 4449 3533 4510 protra-

1947 4537 2166 4604 bantur,
2193 4537 2288 4593 sed
2333 4551 2451 4592 cum
2480 4535 2626 4591 brevi
2657 4545 2711 4590 et
2737 4535 2788 4590 in
2822 4536 2926 4590 ictu
2957 4534 3094 4588 oculi
3136 4535 3534 4605 (momentaazea

1945 4633 2090 4686 enim
2135 4637 2220 4684 est
2263 4639 2501 4700 pra-scus
2554 4626 2659 4681 vita
2704 4626 2780 4681 illi
2822 4622 3150 4694 cmnparata)
3180 4623 3537 4678 decertaveri-

1947 4737 2088 4788 mus,
2120 4719 2342 4775 inﬁnitis
2385 4719 2438 4774 in
2463 4718 2672 4773 sacculis
2707 4731 3066 4782 coronemur;
3097 4716 3256 4784 idque
3287 4725 3412 4770 tunc
3437 4716 3538 4769 da-

1950 4821 2250 4869 mnatorum
2279 4811 2486 4866 animas
2513 4811 2860 4877 excruciabit,
2884 4808 3098 4880 quando
3117 4809 3426 4878 cogitabant
3451 4823 3536 4874 se,

1947 4918 2070 4963 cum
2099 4915 2277 4976 posset
2307 4920 2403 4975 per
2440 4918 2642 4975 paucos
2685 4903 2816 4957 istos
2857 4902 2975 4957 dies
3001 4901 3177 4958 oumia
3206 4899 3493 4954 emendare
3519 4938 3538 4966 ,

1949 4999 2266 5070 negligentia
2293 5005 2420 5052 usos
2445 4993 2836 5050 humor-talibus
2865 5008 2987 5048 sese
3031 4993 3185 5046 maiis
3230 4990 3536 5045 tradidisse.

1951 5091 2102 5160 Quod
2125 5102 2192 5146 ne
2217 5090 2502 5160 patiamur,
2529 5099 2832 5158 surgamus,
2855 5085 3028 5140 donec
3059 5094 3265 5153 tempus
3290 5089 3537 5148 accepta-

1951 5183 2079 5247 bile,
2116 5182 2288 5237 donec
2315 5181 2430 5236 dies
2472 5177 2662 5234 salutis
2703 5176 2878 5243 adest,
2909 5177 3079 5232 donec
3118 5175 3197 5228 vis
3223 5187 3412 5242 magna
3456 5178 3541 5225 eat

1950 5277 2300 5350 pauitantia.
2343 5274 2524 5346 Neque
2563 5273 2706 5326 enim
2752 5270 3004 5340 praidieta
3049 5267 3225 5322 sol-um
3261 5267 3396 5318 inata
3441 5275 3541 5316 nos

1948 5374 2188 5444 segniter
2229 5379 2448 5439 agentes
2496 5367 2780 5438 excipient,
2829 5364 2940 5419 imo
2985 5369 3040 5418 et
3081 5360 3184 5414 alia
3229 5356 3332 5410 illis
3369 5353 3545 5408 multo

1952 5465 2216 5536 gravium.
2248 5463 2374 5518 "th
2399 5459 2542 5538 enim
2573 5467 2698 5516 sunt
2731 5470 2851 5532 qua:
2881 5456 2932 5510 in
2955 5453 3198 5524 gehenna
3241 5457 3498 5518 parantur
3520 5483 3542 5510 ,

1955 5563 2011 5612 et
2036 5555 2101 5610 iis
2127 5557 2284 5626 longe
2315 5553 2590 5609 acerbiora
2615 5560 2630 5606 ι
2651 5563 2683 5604 a
2710 5547 2870 5604 tantis
2896 5554 3072 5599 autem
3099 5539 3362 5596 excidisse
3387 5539 3544 5595 bonis

2023 5749 2040 5782 ι
2075 5739 2234 5802 savit.,
2256 5745 2490 5791 tetanum:
2507 5745 2639 5798 μοι
2653 5731 2798 5781 deest
2816 5729 2865 5777 in
2883 5732 3087 5786 quatuor
3110 5730 3208 5771 stas.
3241 5728 3372 5778 qm.
