3954 6460
438 313 534 363 291
1147 312 1202 366 S.
1239 311 1515 366 JOA-NNIS
1553 309 2020 366 CHRYSOSTOMI
2060 310 2368 366 .\RClllEl‘.
2412 312 2942 368 CONSTANTINOP.

444 435 651 480 tantum
674 425 830 481 infert
852 424 1071 490 doloris,
1092 425 1414 490 afflictionis,
1441 427 1720 495 angustize,
1741 435 1798 478 ut
1819 425 2025 479 etiamsi

363 587 366 590 ἢ
446 517 650 570 nullum
680 516 819 570 aliud
863 524 1006 571 esset
1036 517 1350 587 supplicium
1395 517 1761 586 peccatoribus
1791 516 2029 571 destina-

451 619 596 673 tum,
646 605 769 660 illud
817 607 986 660 solum
1032 619 1211 676 posset
1257 609 1552 677 graviorem
1604 607 1722 661 aliis
1771 607 2031 677 gehenna:

448 697 768 752 cruciatibus
816 697 1011 752 inferre
1070 714 1280 768 poenam
1331 699 1626 769 animaeque
1672 698 2030 767 perturbatio-

450 804 594 842 nem.

523 879 612 934 11.
667 877 900 932 .Eterme
923 879 1037 934 uita:
1055 879 1288 951 felicitas.
1313 909 1385 920 —
1409 880 1598 934 Animo
1629 889 1802 935 tecum
1845 887 2034 948 reputa

452 971 576 1026 vita:
622 971 760 1025 illius
788 980 984 1026 statum
1028 980 1082 1026 et
1109 972 1502 1037 conditionem,
1533 981 1791 1041 quantum
1831 971 2036 1025 scilicet

453 1075 646 1128 capere
685 1069 836 1129 potes
861 1078 874 1114 :
899 1076 1020 1114 nam
1053 1075 1147 1129 pro
1184 1061 1259 1116 rei
1301 1060 1556 1130 dignitate
1603 1061 1750 1114 nullo
1785 1073 2035 1115 sermone

455 1150 719 1206 declarari
748 1151 929 1206 valet:
955 1151 1048 1206 sed
1071 1168 1134 1205 ex
1163 1153 1225 1206 iis
1253 1168 1373 1222 qua:
1401 1152 1702 1206 audivimus
1720 1192 1734 1217 ,
1762 1151 1912 1220 quasi
1943 1164 2037 1219 per

455 1242 759 1311 aenigmata,
783 1241 1063 1296 obscuram
1092 1233 1374 1312 quamdam
1411 1243 1528 1312 ejus
1557 1243 1635 1298 rei
1676 1242 2035 1311 conjecturam

455 1336 727 1388 faciamus.
779 1335 1008 1406 Aufugit,
1057 1336 1246 1405 inquit,
1278 1336 1443 1400 dolor,
1493 1335 1691 1388 tristitia
1734 1343 1782 1389 et
1827 1333 2038 1404 gemitus

462 1426 618 1496 (lsai.
647 1428 734 1482 55.
766 1425 875 1498 10).
903 1429 1038 1493 Quid
1080 1428 1239 1497 igitur
1282 1443 1344 1482 ea
1373 1429 1476 1480 vita
1514 1426 1720 1481 felicius
1761 1426 1880 1481 est?
1922 1424 2035 1478 Non

458 1527 541 1572 est
579 1518 648 1571 ibi
683 1516 964 1572 metuenda
1021 1526 1304 1587 paupertas
1353 1526 1408 1572 et
1447 1517 1726 1587 aegritudo,
1763 1516 1941 1570 nullus
1967 1515 2038 1570 ibi

456 1607 620 1672 laedit,
646 1607 822 1660 nullus
842 1607 1074 1673 lzeditur,
1100 1607 1277 1661 nullus
1307 1607 1478 1660 irritat
1499 1622 1598 1661 nec
1628 1607 1884 1672 irritatur,
1915 1605 2038 1660 nul-

456 1697 542 1750 lus
571 1698 836 1760 irascitur,
865 1705 955 1751 aut
993 1697 1221 1762 invidet,
1251 1707 1340 1752 aut
1395 1699 1622 1752 absurda
1659 1699 2040 1768 concupiscen-

459 1787 526 1840 tia
572 1787 885 1852 exardescit,
945 1803 1102 1842 nemo
1155 1787 1222 1843 de
1267 1789 1686 1844 necessariorum
1741 1796 2041 1844 commeatu

457 1879 645 1933 anxius
687 1887 791 1944 est,
827 1893 986 1934 nemo
1023 1895 1185 1948 super
1239 1880 1552 1950 magistratu
1604 1888 1694 1934 aut
1745 1879 2040 1950 principatu

457 1970 605 2024 dolet
632 1989 645 2024 :
669 1971 842 2025 omnis
865 1971 1007 2026 enim
1035 1971 1320 2026 affectuum
1352 1972 1583 2042 procella
1610 1972 1794 2027 sedata
1837 1972 2038 2034 exstin-

457 2063 664 2130 guitur,
685 2061 863 2115 omnia
891 2062 942 2116 in
965 2076 1116 2131 pace,
1146 2061 1327 2115 ltetitia
1363 2072 1417 2116 et
1440 2061 1664 2131 gaudio,
1688 2062 1866 2116 omnia
1896 2070 2042 2116 tran-

459 2153 620 2221 quilla
649 2161 703 2207 et
729 2168 934 2218 serena,
965 2154 1146 2207 omnia
1174 2153 1310 2217 dies,
1337 2153 1608 2222 Splendor,
1645 2153 1736 2207 lux
1769 2171 1782 2208 :
1810 2168 1916 2208 non
1951 2152 2044 2208 lux

463 2242 740 2310 hodierna,
778 2243 873 2298 sed
911 2243 1012 2298 alia
1044 2251 1190 2298 tanto
1217 2243 1318 2298 hac
1345 2243 1689 2314 splendidior,
1722 2255 1920 2315 quanto
1963 2245 2044 2299 lu-

460 2348 622 2389 cerna
638 2333 726 2388 lux
739 2333 866 2389 diei.
889 2333 1044 2388 Nulla
1070 2333 1141 2390 ibi
1163 2343 1320 2390 nocte
1347 2351 1519 2404 neque
1540 2335 1759 2390 nubium
1780 2349 2044 2391 concursu

459 2424 798 2493 obscuratur;
823 2439 922 2481 nec
949 2425 1119 2492 ardet,
1147 2440 1247 2481 nec
1269 2440 1493 2496 corpora
1512 2426 1705 2481 adurit.
1722 2426 1874 2482 Nulla
1895 2428 2041 2482 enim

463 2531 592 2584 nox,
647 2533 820 2588 neque
865 2533 1090 2590 vespera
1133 2519 1229 2588 ibi,
1263 2535 1373 2576 non
1403 2521 1566 2592 frigus
1594 2531 1907 2590 necazstus,
1935 2537 2044 2578 non

460 2607 562 2661 alia
591 2615 965 2678 tempestatum
992 2610 1253 2677 mutatio;
1294 2611 1388 2666 sed
1415 2612 1552 2667 alius
1587 2612 1739 2668 adest
1771 2621 1943 2668 status
1967 2620 2046 2667 ta-

462 2697 655 2768 lisque,
677 2700 887 2769 qualem
911 2701 948 2755 ii
973 2700 1145 2756 solum
1166 2700 1480 2771 intelligent,
1498 2703 1586 2772 qui
1608 2701 1784 2772 adepti
1809 2702 2042 2774 fuerint;

461 2803 568 2844 non
596 2787 702 2845 illic
743 2799 1026 2857 senectus,
1056 2806 1156 2846 nec
1206 2793 1496 2847 senectutis
1547 2793 1902 2859 incommoda,
1951 2793 2045 2849 sed

462 2880 660 2946 omnia,
687 2897 806 2950 quae
829 2881 895 2935 ad
916 2882 1310 2951 corruptionem
1335 2891 1608 2952 spectant,
1649 2883 1718 2939 de
1747 2883 1922 2938 medio
1946 2884 2046 2939 tol-

462 2970 665 3035 luntur,
693 2970 814 3040 quia
842 2970 1256 3042 incorruptibilis
1282 2972 1450 3042 gloria
1477 2973 1670 3043 ubique
1720 2972 2044 3028 dominatur.

463 3061 723 3133 Quodque
775 3063 1012 3118 omnium
1051 3064 1308 3134 optimum
1363 3074 1484 3133 est,
1540 3065 1734 3121 Christi
1779 3067 2049 3122 consortio

463 3153 705 3209 fruentur
731 3169 850 3208 cum
877 3154 1098 3224 angelis,
1130 3171 1251 3211 cum
1273 3155 1626 3227 archangelis,
1649 3170 1768 3210 cum
1797 3156 2045 3226 superio-

464 3244 612 3300 ribus
637 3246 1006 3315 potestatibus.
1051 3246 1424 3316 Contemplare
1455 3261 1597 3303 nunc
1632 3247 1838 3313 ctelum,
1859 3255 1915 3302 et
1957 3261 2043 3312 ea,

466 3353 586 3408 qum
627 3353 788 3409 super
823 3339 984 3394 caelos
1019 3346 1162 3406 sunt,
1191 3338 1425 3410 cogitatu
1466 3337 1782 3395 transcende
1814 3353 1831 3391 :
1873 3338 2046 3408 cogita

464 3429 626 3484 totius
646 3436 907 3484 creatura:
947 3430 1474 3496 transmutationem;
1507 3444 1613 3484 non
1638 3429 1780 3484 enim
1812 3437 1870 3483 ut
1905 3442 2048 3484 nunc

464 3531 548 3577 est
558 3521 810 3589 manebit,
822 3519 918 3576 sed
931 3522 1097 3577 multo
1107 3521 1383 3592 pulchrior
1397 3523 1498 3578 erit
1512 3530 1567 3578 et
1579 3522 1794 3590 clarior,
1811 3531 1866 3577 et
1881 3535 2048 3592 quan-

468 3634 580 3678 tum
609 3622 827 3693 plumbo
853 3621 1105 3692 fulgidius
1133 3631 1218 3678 est
1243 3636 1463 3689 aurum,
1494 3627 1697 3676 tantum
1737 3619 1839 3674 hac
1867 3634 2047 3674 rerum

466 3715 808 3786 praesentium
833 3713 1140 3771 conditione
1167 3714 1504 3784 praestantior
1527 3714 1628 3768 erit
1651 3713 1758 3781 illa,
1787 3710 2048 3782 quemad-

466 3806 682 3862 modum
709 3807 782 3862 ait
804 3807 990 3863 beatus
1013 3805 1209 3860 Paulus
1234 3821 1248 3858 :
1283 3805 1416 3872 Quia
1442 3814 1488 3859 et
1524 3805 1636 3874 ipsa
1670 3813 1902 3859 creatura
1928 3801 2050 3856 libe-

465 3897 661 3951 rabitur
711 3914 744 3950 a
787 3897 1022 3951 servitute
1071 3897 1406 3966 corruptionis
1463 3896 1636 3967 (Rom.
1664 3895 1720 3950 8.
1747 3894 1863 3966 Ἡ).
1900 3894 2050 3950 Nunc

468 3988 632 4054 enim,
665 3996 844 4058 utpote
895 3987 1251 4056 corruptionis
1287 3986 1572 4057 particeps,
1611 3986 1776 4041 multa
1829 3986 2046 4055 patitur,

469 4093 584 4148 qua:
609 4079 821 4148 corpori
861 4078 1214 4143 conveniunt;
1245 4087 1371 4132 tunc
1398 4091 1526 4132 vero
1552 4076 1635 4132 his
1659 4076 1908 4132 omnibus
1949 4091 2049 4131 ex-

471 4179 583 4236 uta,
613 4169 1074 4240 incorruptibilem
1103 4169 1259 4224 nobis
1303 4168 1554 4224 decorem
1583 4167 1874 4224 exhibebit.
1904 4167 2050 4234 Quo-

470 4263 612 4317 niam
643 4262 784 4317 enim
820 4270 1012 4317 natura
1041 4260 1462 4331 incorruptibilia
1500 4274 1726 4331 corpora
1767 4267 2050 4328 acceptura

468 4362 568 4419 est,
599 4354 713 4424 ipsa
742 4369 956 4425 quoque
998 4333 1228 4408 demum
1267 4351 1320 4406 in
1372 4351 1564 4407 melius
1615 4350 2049 4406 commutabitur.

470 4445 624 4499 Nulla
650 4454 776 4500 tunc
801 4447 904 4500 erit
925 4444 1117 4500 seditio
1145 4453 1238 4498 aut
1267 4457 1438 4514 pugna
1469 4459 1483 4496 :
1514 4457 1704 4512 magna
1728 4442 1923 4513 quippe
1951 4441 2055 4498 erit

471 4537 523 4588 in
544 4535 710 4588 choro
731 4544 1036 4590 sanctorum
1062 4534 1366 4599 concordia,
1409 4534 1656 4588 omnibus
1676 4548 1888 4603 semper
1912 4534 2054 4589 inter

469 4641 528 4679 se
553 4624 1028 4680 consentientibus.
1049 4624 1166 4680 Non
1195 4624 1303 4678 illic
1340 4623 1586 4678 diabolus
1625 4623 1920 4691 timendus,
1945 4639 2051 4679 non

475 4717 778 4770 daemonum
820 4716 1048 4784 insidiae,
1086 4731 1193 4772 non
1235 4713 1497 4786 gehennae
1544 4715 1904 4782 comminatio,
1951 4731 2057 4772 non

470 4821 637 4873 mors,
666 4822 838 4878 neque
864 4806 1097 4863 humana
1131 4806 1269 4876 haec,
1293 4821 1468 4878 neque
1501 4806 1590 4862 illa
1613 4806 1718 4862 alia
1749 4805 1919 4862 multo
1939 4822 2059 4878 gra-

470 4898 619 4964 vior;
650 4896 745 4952 sed
773 4898 948 4953 omnis
980 4897 1347 4968 hujuscemodi
1392 4905 1568 4954 metus
1595 4897 1803 4953 solutus
1836 4905 1940 4954 est.
1980 4898 2059 4954 Ac

468 4989 608 5043 sicut
629 5003 760 5058 puer
784 4987 962 5058 regius
985 5028 1001 5054 ,
1040 4988 1269 5058 primum
1310 4987 1540 5059 simplici
1578 4987 1738 5044 modo
1765 4987 2054 5058 educatur,

472 5081 751 5136 timoribus
777 5088 936 5152 atque
956 5080 1112 5136 minis
1133 5089 1429 5147 coercetur,
1462 5095 1531 5137 ne
1552 5095 1648 5151 per
1672 5080 2056 5152 indulgentiam

469 5171 620 5242 pejor
647 5171 857 5239 evadat,
887 5186 1054 5243 seque
1072 5181 1290 5242 paterna
1320 5171 1596 5242 indignum
1617 5171 1805 5227 reddat
1833 5170 2061 5227 haeredi-

472 5271 609 5328 tate;
644 5271 924 5334 postquam
943 5271 1122 5318 autem
1149 5263 1348 5333 regiam
1369 5263 1676 5335 dignitatem
1707 5263 1932 5335 adeptus
1952 5273 2056 5329 est,

473 5353 557 5407 his
578 5355 826 5411 omnibus
845 5353 1128 5411 confestim
1154 5354 1431 5426 depositis,
1462 5371 1692 5426 purpura
1723 5355 2058 5412 diademate-

474 5459 579 5510 que
603 5457 856 5514 ornatus,
877 5462 940 5502 ac
979 5463 1265 5504 numeroso
1302 5448 1553 5504 satellitio
1581 5450 1806 5518 stipatus
1825 5491 1840 5515 ,
1869 5464 2057 5520 magna

478 5550 598 5589 cum
624 5539 868 5597 libertate
901 5541 1181 5612 praesidet,
1209 5539 1421 5611 abiecto
1453 5541 1523 5596 ab
1563 5541 1739 5596 anima
1787 5555 1882 5596 sua
1921 5551 2060 5596 statu

478 5625 570 5679 illo
602 5628 783 5684 humili
817 5641 978 5702 atque
1019 5632 1275 5699 demisso,
1304 5632 1514 5702 aliaque
1553 5616 1835 5686 substituta
1879 5647 2060 5686 rerum

479 5715 783 5774 conditione
818 5736 832 5772 :
877 5721 948 5775 ita
976 5732 1102 5780 tunc
1142 5724 1415 5795 continget
1444 5721 1642 5778 sanctis
1672 5721 1938 5780 omnibus.
1984 5723 2062 5778 Ne

3603 315 3716 370 293

2140 436 2292 494 putes
2319 437 2494 480 autem
2524 425 2638 480 hazc
2682 440 2780 480 ceu
2823 423 3051 495 quadam
3082 423 3364 478 verborum
3397 439 3585 494 poinpa
3635 443 3718 495 ιιιο

2135 518 2287 579 ctari,
2320 517 2384 570 ad
2412 527 2646 572 montem
2678 531 2959 587 pergamus
2979 516 3070 570 ubi
3095 514 3340 569 Christus
3367 515 3723 584 transﬁgura-

2137 618 2218 662 tus
2240 618 2319 664 est
2341 628 2352 662 :
2381 609 2802 678 contemplemur
2821 609 2967 662 illum
2989 607 3276 676 splendore
3295 621 3488 677 magno
3508 607 3723 678 fulgen-

2138 709 2243 754 tem
2270 741 2284 767 ,
2315 702 2434 754 licet
2456 710 2630 754 tamen
2662 701 2774 770 ipse
2802 715 2909 754 non
2937 709 3105 756 totum
3135 698 3298 753 futuri
3329 699 3510 753 surculi
3541 699 3727 768 splen-

2138 792 2324 845 dorem
2352 791 2670 847 exhibuerit.
2692 791 2820 846 Nam
2838 791 2978 861 quod
3000 789 3442 859 attemperatione
3464 790 3725 861 quadam,

2139 897 2244 936 non
2270 889 2514 936 accurata
2533 895 2714 934 rerum
2744 881 3213 945 demonstratione,
3244 880 3362 934 talis
3389 881 3726 949 apparuerit.

2139 987 2204 1027 ex
2230 972 2358 1041 ipsis
2383 971 2723 1041 evangelista:
2749 970 2927 1026 verbis
2952 968 3428 1037 ostenditur..Quid
3453 969 3599 1024 enim
3617 969 3730 1023 ait?

2144 1063 2473 1132 Respleuduit
2500 1063 2629 1118 sicut
2653 1063 2730 1116 sol
2763 1060 2974 1133 (Matth.
3004 1061 3091 1115 l7.
3123 1060 3200 1130 2).
3233 1058 3730 1128 lncorruptibiliurn

2139 1163 2319 1209 autem
2351 1168 2636 1223 corporum
2661 1151 2823 1222 gloria
2869 1165 2977 1206 non
3031 1157 3230 1204 tantam
3282 1149 3476 1204 emittit
3521 1148 3728 1210 lucem.

2141 1254 2390 1315 quantam
2436 1259 2629 1314 corpus
2676 1242 2779 1297 hoc
2825 1240 3186 1310 corruptibile,
3211 1254 3382 1309 neque
3409 1238 3574 1294 talem
3608 1245 3674 1293 ut
3697 1251 3730 1292 a

2141 1335 2454 1390 mortalibus
2480 1333 2649 1389 oculis
2682 1331 2851 1387 videri
2879 1332 3080 1402 possit;
3112 1331 3206 1386 sed
3230 1329 3733 1400 incorruptibilibus

2143 1436 2198 1482 et
2217 1425 2603 1480 immortalibus
2628 1423 2796 1480 oculis
2843 1433 2924 1479 est
2969 1436 3102 1492 opus
3139 1421 3204 1475 ad
3235 1422 3351 1492 ejus
3393 1418 3734 1488 contempla-

2144 1518 2365 1573 tionem.
2399 1517 2455 1572 In
2483 1524 2665 1572 monte
2694 1525 2870 1570 autem
2898 1523 3096 1571 tantam
3127 1514 3258 1584 ipsis
3285 1511 3526 1582 aperuit,
3555 1527 3733 1583 quan-

2148 1621 2256 1666 tam
2308 1612 2423 1666 sine
2471 1611 2745 1665 oculorum
2798 1609 3016 1663 ltesione
3059 1607 3198 1662 ferre
3237 1617 3484 1676 poterant
3511 1623 3526 1660 :
3551 1622 3732 1676 neque

2146 1713 2322 1760 tamen
2353 1705 2619 1759 sustinere
2641 1709 2947 1773 potuerunt,
2977 1699 3072 1754 sed
3101 1699 3408 1754 ceciderunt
3449 1699 3503 1752 in
3533 1697 3730 1752 faciem

2145 1810 2294 1850 suam
2311 1795 2351 1846 ¹.
2371 1793 2464 1848 Dic
2488 1793 2637 1859 mihi,
2656 1806 2858 1862 quaeso,
2882 1791 2927 1846 si
2945 1790 3062 1860 quis
3087 1799 3138 1845 te
3171 1789 3223 1843 in
3241 1790 3415 1843 locum
3438 1787 3730 1857 quemdam

2146 1883 2480 1955 splendidum
2511 1885 2530 1914 ²
2554 1882 2866 1946 induceret,
2891 1881 2982 1935 ubi
3029 1894 3218 1935 omnes
3258 1878 3507 1933 sederent
3549 1877 3732 1933 aureis

2148 1975 2318 2031 induti
2350 1975 2604 2042 vestibus,
2638 1984 2693 2029 et
2718 1973 2770 2028 in
2798 1973 2973 2027 medio
3015 1980 3157 2027 coetu
3195 1969 3357 2024 alium
3393 1967 3727 2031 ostenderet,

2147 2068 2236 2137 qui
2260 2076 2313 2122 et
2334 2075 2534 2122 vestem
2561 2075 2616 2122 et
2639 2066 2827 2136 capitis
2857 2079 3110 2118 coronam
3134 2061 3352 2117 haberet
3374 2076 3443 2117 ex
3463 2060 3732 2130 lapidibus

2149 2167 2354 2212 tantum
2378 2157 2624 2228 pretiosis
2665 2164 2990 2225 compactas,
3039 2153 3334 2222 deindeque
3383 2151 3732 2222 polliceretur

2151 2259 2202 2303 te
2241 2249 2292 2303 in
2321 2263 2600 2302 numerum
2628 2246 2787 2316 hujus
2818 2244 3000 2316 populi
3033 2242 3420 2314 adscripturum
3446 2256 3604 2306 esse;
3635 2257 3730 2295 an-

2151 2354 2254 2393 non
2275 2337 2482 2408 quidvis
2508 2337 2730 2405 faceres,
2758 2345 2816 2390 ut
2830 2336 2936 2390 tale
2955 2334 3278 2405 promissum
3295 2345 3689 2402 consequerere
3705 2331 3730 2383 ?

2148 2433 2310 2503 Aperi
2337 2446 2475 2486 nunc
2503 2429 2706 2496 oculos,
2737 2437 2791 2484 et
2809 2427 2936 2483 illud
2961 2428 3166 2497 respice
3187 2425 3469 2492 theatrum,
3496 2438 3608 2478 non
3629 2422 3730 2476 hu-

2145 2522 2382 2593 jusmodi
2411 2521 2537 2577 viris
2561 2517 2954 2591 frequentatum
2975 2557 2991 2584 ,
3023 2517 3118 2574 sed
3146 2517 3239 2584 iis,
3263 2515 3352 2586 qui
3397 2523 3454 2570 et
3480 2529 3650 2581 auro,
3679 2522 3730 2567 et

2151 2616 2414 2688 lapidibus
2453 2613 2720 2685 pretiosis,
2752 2620 2808 2668 et
2844 2610 3008 2667 radiis
3033 2609 3314 2675 solaribus,
3341 2615 3400 2664 et
3440 2607 3593 2662 omni
3643 2606 3728 2676 qui

2151 2711 2249 2765 sub
2271 2716 2541 2778 aspectum
2566 2705 2707 2761 cadit
2743 2703 3026 2775 splendore
3044 2743 3058 2768 ,
3087 2701 3241 2771 longe
3264 2699 3535 2770 digniores
3572 2708 3726 2756 sunt:

2151 2816 2258 2856 non
2283 2798 2585 2856 hominibus
2608 2796 2789 2860 modo,
2821 2794 2918 2851 sed
2945 2793 3107 2849 etiam
3132 2791 3197 2848 iis
3215 2792 3304 2862 qui
3323 2789 3570 2845 homines
3599 2789 3731 2842 mul-

2153 2901 2207 2946 to
2252 2891 2424 2961 spatio
2466 2887 2808 2953 antecellunt,
2855 2885 3057 2954 augel's
3103 2895 3315 2952 nempe,
3369 2877 3728 2950 archangelis,

2154 2983 2378 3050 thronis,
2406 2979 2879 3045 dominationibus,
2916 2974 3322 3048 principatibus,
3351 2971 3727 3042 potestatibus.

2156 3073 2235 3128 De
2259 3086 2388 3142 rege
2417 3083 2680 3138 namque,
2707 3067 2879 3139 qualis
2906 3067 3070 3121 sitne
3097 3063 3274 3119 dicere
3297 3061 3514 3133 quidem
3543 3075 3732 3131 possuo

2152 3177 2301 3228 mus;
2329 3161 2464 3218 adeo
2484 3173 2785 3216 sermonem
2815 3166 2873 3214 et
2895 3165 3131 3213 mentem
3151 3167 3365 3211 omnem
3389 3151 3606 3208 excedit
3620 3152 3732 3222 ejus

2156 3253 2517 3327 pulchritudo,
2548 3251 2777 3323 species,
2807 3248 3080 3321 splendor,
3102 3247 3295 3318 gloria,
3326 3243 3604 3316 maiestas,
3624 3259 3730 3297 ma-

2151 3345 2475 3418 gniﬁcentia.
2511 3343 2683 3399 Totne
2712 3341 2734 3374 ⁸
2773 3340 2952 3408 bonis,
2986 3339 3072 3395 die
3094 3337 3246 3405 mihi,
3268 3349 3366 3392 nos
3381 3333 3727 3405 privabimus,

2151 3446 2213 3492 ut
2236 3437 2564 3493 declinemus
2591 3433 2766 3503 exigui
2789 3431 3043 3503 temporis
3072 3427 3344 3486 laborem?
3369 3426 3506 3481 Nam
3547 3425 3594 3480 si
3620 3425 3732 3478 mil-

2153 3530 2251 3585 lies
2273 3526 2510 3598 quotidie
2530 3524 2864 3580 moriendum
2893 3531 3058 3590 esset,
3083 3523 3129 3578 si
3160 3520 3404 3591 gehenna
3430 3518 3546 3588 ipsa
3577 3516 3732 3571 susti-

2153 3620 2329 3677 nenda
2348 3619 2507 3686 foret,
2532 3627 2589 3674 ut
2607 3617 2877 3673 Christum
2902 3618 2955 3672 in
2977 3615 3142 3688 gloria
3166 3628 3262 3669 sua
3276 3612 3582 3668 venientem
3609 3625 3732 3664 con-

2153 3713 2512 3782 spiceremus,
2561 3719 2617 3765 et
2661 3718 2968 3765 sanctorum
3019 3706 3185 3761 choro
3223 3715 3729 3760 annumeraremur.

2155 3820 2335 3860 nonne
2384 3804 2564 3859 omnia
2610 3802 2702 3857 illa
2752 3799 2970 3857 ferenda
3013 3793 3387 3854 essent?Audi
3415 3791 3543 3862 quid
3599 3790 3733 3844 dicat

2155 3898 2342 3954 beatus
2363 3897 2549 3952 Petrus
2577 3912 2592 3949 :
2619 3895 2816 3949 Bonum
2833 3901 2907 3948 est
2932 3907 3023 3946 nos
3052 3890 3134 3944 hic
3161 3904 3266 3943 esse
3297 3885 3511 3958 (Matth.
3538 3884 3628 3938 17.
3659 3883 3728 3947 ι).

2157 3987 2310 4056 Quod
2335 3987 2382 4042 si
2424 3986 2516 4041 ille
2553 3986 2780 4041 obscura
2831 3982 3060 4054 quadam
3102 3987 3389 4048 conspecta
3437 3973 3729 4030 futurorum

2157 4079 2408 4149 imagine,
2432 4078 2608 4133 omnia
2634 4077 2812 4132 statim
2840 4073 3026 4144 rejecit
3045 4071 3111 4126 ab
3129 4070 3329 4134 animo,
3355 4067 3426 4123 ob
3458 4064 3678 4120 inditam
3705 4076 3730 4112 τι

2159 4174 2249 4229 tali
2269 4171 2476 4226 visione
2504 4169 2830 4239 voluptatem
2853 4165 3007 4236 :quid
3045 4163 3251 4218 dicetur
3277 4157 3488 4231 quando
3509 4157 3625 4225 ipsa
3656 4168 3732 4208 re-

2159 4280 2280 4320 rum
2325 4262 2524 4318 veritas
2575 4258 2766 4323 aderit,
2821 4254 3054 4327 quando,
3083 4251 3280 4322 apertis
3311 4246 3470 4319 regiis
3495 4243 3729 4306 aedibus,

2161 4359 2334 4428 ipsum
2353 4366 2533 4424 regem
2561 4349 2870 4420 conspicere
2894 4344 3096 4411 licebit,
3115 4356 3220 4397 non
3248 4339 3387 4395 ultra
3408 4337 3462 4392 in
3483 4335 3732 4404 aenigma-

2161 4460 2234 4517 te,
2265 4461 2441 4517 neque
2469 4459 2567 4515 per
2596 4441 2891 4513 speculum,
2930 4437 3025 4493 sed
3081 4434 3216 4490 facie
3260 4431 3330 4488 ad
3377 4428 3590 4492 faciem,
3634 4437 3732 4479 non

2107 4562 2118 4570 ’
2162 4543 2300 4597 ultra
2330 4554 2424 4610 per
2450 4537 2630 4602 ﬁdem,
2655 4533 2750 4590 sed
2767 4546 2864 4604 per
2885 4527 3158 4601 speciem?

2235 4609 2558 4687 £2.7Amissio
2579 4627 2720 4698 regni
2741 4623 2952 4680 ctelestis
2979 4621 3178 4692 grauior
3196 4615 3397 4672 cateruis
3421 4609 3731 4668 cruciatibus.

2163 4755 2234 4766 —
2260 4723 2404 4779 Multi
2423 4712 2555 4777 sane
2583 4727 2726 4784 sunt,
2753 4717 2844 4788 qui
2867 4711 3099 4770 absurdo
3122 4708 3325 4780 judicio
3349 4706 3455 4773 usi,
3482 4718 3514 4759 a
3538 4702 3731 4774 gehen-

2165 4831 2233 4872 na
2255 4814 2428 4871 solum
2450 4810 2664 4867 liberari
2709 4813 2995 4879 peroptant
3025 4820 3040 4855 :
3071 4815 3171 4872 ego
3197 4813 3328 4854 vero
3345 4796 3591 4868 gehenna
3619 4792 3737 4847 mul-

2165 4916 2222 4965 to
2245 4904 2548 4978 graviorem
2575 4915 2696 4958 esse
2722 4912 2940 4969 pmnarn
2959 4903 3108 4966 puto,
3135 4906 3244 4947 non
3269 4894 3612 4978 assequutum
3629 4896 3739 4938 esse

2166 4975 2391 5071 gloriam
2413 4995 2581 5062 illam,
2605 4993 2763 5063 eique
2808 4989 2899 5060 qui
2943 4985 3066 5042 inde
3116 4979 3375 5038 exciderit
3397 4975 3590 5071 opinor
3641 4987 3737 5071 non

2167 5065 2302 5147 adeo
2314 5086 2603 5160 lugendum
2629 5096 2749 5140 esse
2769 5081 2838 5137 de
2870 5078 3130 5151 gehenna:
3157 5072 3312 5129 malis
3331 5111 3348 5137 ,
3374 5079 3435 5124 ut
3461 5067 3531 5123 de
3556 5065 3741 5160 amisso

2167 5158 2419 5241 caelorum
2473 5193 2640 5250 regno
2681 5175 2814 5230 :hic
2869 5173 3011 5227 enim
3061 5176 3145 5223 est
3194 5163 3461 5221 cruciatus
3515 5158 3740 5250 omnium

2170 5248 2570 5330 acerbissimus.
2610 5267 2763 5324 Nunc
2804 5273 2950 5321 certe
2974 5275 3094 5317 cum
3120 5271 3299 5331 regem
3349 5253 3594 5310 videmus
3643 5248 3740 5302 frc-

2168 5367 2350 5440 quenti
2372 5379 2493 5420 cum
2513 5359 2762 5420 satellitio
2783 5358 2980 5428 regiam
3007 5352 3314 5416 adeuntem,
3346 5347 3573 5414 clientes
3599 5342 3707 5412 ejus
3725 5380 3739 5406 ,

2234 5547 2247 5577 ι
2288 5550 2452 5600 Deest,
2477 5553 2631 5599 suam,
2659 5539 2707 5587 in
2729 5549 2828 5605 ειηο
2843 5534 2953 5605 (³οᾴ-
2984 5591 2995 5605 ,
3039 5604 3046 5605 ί
3165 5587 3412 5605 ,ημηλῌ
3438 5583 3619 5605 __-._.._..-

2231 5609 2251 5638 ί
2275 5583 2631 5654 gazam;
2649 5583 2761 5648 (id.
2777 5583 2881 5659 pro,
2905 5596 2954 5645 iu
2980 5591 3134 5642 locum
3156 5587 3415 5652 quemdam
3433 5583 3738 5648 splendiium.

2171 5670 2371 5722 habent,
2393 5666 2443 5715 in
2468 5665 2722 5714 theatrum.

2240 5715 2260 5762 ³
2291 5715 2432 5779 sarit.
2460 5735 2512 5776 et
2530 5738 2657 5774 unus
2683 5730 2808 5786 post,
2827 5726 2970 5779 totne,
2989 5715 3188 5776 addunt,
3213 5725 3268 5762 ac
3286 5718 3449 5763 tonus.
