3954 6392
221 391 323 444 293

221 502 509 569 sermonis,
533 505 739 558 consilii
770 514 821 560 et
839 507 1021 576 gloriae
1043 509 1327 580 participes
1347 553 1362 577 ,
1390 513 1578 570 beatos
1608 517 1804 586 praedi-

222 608 429 657 camus,
466 609 668 664 nosque
696 598 942 665 miseros,
973 602 1074 655 etsi
1104 601 1325 659 inﬁnitis
1368 605 1520 662 bonis
1569 611 1809 670 abunde-

224 700 365 750 mus,
391 701 618 756 quorum
649 701 862 743 sensum
892 706 996 745 non
1019 694 1360 764 percipimus,
1385 711 1568 753 eorum
1585 701 1806 770 gloriam

225 777 497 832 intuentes
521 794 536 843 ;
569 780 779 834 etiamsi
803 795 1136 851 compertum
1164 787 1232 839 sit
1261 787 1433 855 nobis,
1467 789 1608 846 hunc
1628 793 1808 861 splen-

223 867 414 921 dorem
437 866 682 924 fallacem
713 885 832 926 esse
854 873 1180 944 minimeque
1198 888 1426 945 certum,
1460 889 1572 934 tum
1600 881 1670 936 ob
1701 883 1811 938 bel-

227 958 298 1021 la,
328 965 441 1011 tum
471 957 542 1012 ob
568 959 790 1014 insidias
816 961 1208 1034 invidiamque,
1240 976 1348 1020 tum
1369 969 1551 1036 etiam,
1575 971 1717 1040 quod
1746 973 1811 1028 iis

225 1049 478 1104 omnibus
507 1050 754 1119 sepositis
785 1052 900 1121 ipse
929 1068 1026 1122 per
1072 1070 1132 1109 se
1186 1070 1283 1125 pro
1327 1057 1494 1114 nihilo
1538 1059 1810 1119 habendus

227 1140 316 1194 sit.
351 1143 428 1196 Ac
461 1142 548 1196 ubi
593 1143 770 1212 agitur
810 1143 875 1199 de
925 1145 1071 1216 Rege
1127 1149 1516 1218 universorum,
1565 1153 1654 1223 qui
1705 1171 1809 1210 non

230 1239 458 1297 partem,
491 1231 583 1285 sed
609 1247 798 1303 gyrum
848 1241 1014 1287 totum
1059 1243 1212 1290 terra:
1266 1238 1519 1306 possidet,
1568 1242 1676 1296 imo
1721 1245 1809 1313 qui

230 1330 396 1376 totam
419 1323 564 1378 illam
595 1340 768 1394 pugno
787 1327 1157 1394 complectitur
1176 1369 1192 1395 ,
1225 1337 1280 1384 et
1303 1331 1476 1398 palmo
1505 1334 1666 1388 callos
1693 1349 1808 1389 me-

230 1413 379 1479 titur,
397 1413 486 1482 qui
517 1424 688 1482 portat
716 1415 893 1469 omnia
938 1417 1102 1471 verbo
1126 1418 1336 1472 virtutis
1363 1435 1492 1486 suto,
1517 1423 1601 1476 cui
1624 1437 1812 1480 omnes

229 1515 419 1575 gentes
449 1507 596 1576 quasi
626 1507 828 1562 nihilet
846 1510 996 1578 quasi
1009 1509 1172 1564 saliva
1194 1521 1568 1580 computantur
1593 1530 1609 1568 :
1633 1530 1810 1570 annon

233 1598 544 1666 putabimus
591 1610 892 1654 extremum
935 1616 1055 1656 esse
1082 1602 1398 1671 supplicium
1418 1645 1434 1672 ,
1461 1605 1507 1658 si
1562 1605 1614 1660 in
1645 1605 1812 1662 choro

231 1689 333 1756 ipsi
350 1688 728 1758 circumposito
748 1705 852 1744 non
867 1692 1275 1756 constituamur,
1300 1693 1396 1748 sed
1421 1703 1503 1749 sat
1521 1696 1674 1751 nobis
1691 1711 1811 1752 esse

229 1777 534 1844 credemus,
563 1779 606 1834 si
634 1779 931 1848 gehennam
955 1780 1329 1852 eﬂ'ugerimus?
1371 1784 1508 1852 Quid
1537 1787 1711 1840 anima
1733 1788 1812 1842 sic

231 1867 420 1923 aﬂ'ccta
452 1869 736 1924 miserius?
758 1871 869 1926 Rex
899 1873 1041 1926 enim
1084 1873 1175 1928 ille
1233 1889 1338 1928 non
1384 1875 1512 1945 jugo
1567 1876 1808 1931 alborum

229 1967 494 2020 mulorum
517 2006 530 2030 ,
553 1980 657 2019 non
687 1981 852 2021 aureo
894 1981 1054 2022 Clll'l'll
1078 1975 1292 2030 νεοιυε,
1323 1982 1426 2022 non
1457 1984 1686 2040 purpura
1713 1984 1813 2025 nec

227 2073 428 2112 corona
454 2066 694 2126 ornatus,
725 2074 831 2113 non
858 2061 956 2126 sic,
991 2061 1228 2130 inquam,
1251 2061 1586 2130 judicaturus
1613 2071 1809 2120 terram

226 2152 427 2204 veniet.

302 2239 608 2293 Testimonia
653 2241 916 2310 defutura
945 2242 1160 2312 judicio.
1187 2273 1257 2284 -—
1284 2241 1563 2312 Quomodo
1602 2245 1760 2316 igitur
1787 2246 1811 2300 ἳ

227 2330 366 2386 Audi
389 2332 674 2402 prophetas
695 2333 988 2388 clamantes
1021 2342 1076 2389 et
1110 2334 1350 2390 dicentes
1373 2376 1389 2403 ,
1413 2344 1669 2406 quantum
1705 2337 1806 2392 ho-

227 2423 464 2478 minibus
491 2423 668 2479 dicere
691 2423 770 2479 fas
797 2433 882 2480 est
905 2443 918 2478 :
948 2426 1083 2480 alius
1104 2425 1316 2496 quidem
1343 2427 1418 2480 ait
1447 2444 1462 2482 :
1493 2426 1626 2481 Deus
1648 2429 1812 2482 mani-

226 2516 354 2584 {este
377 2515 533 2568 veniet
551 2556 566 2580 ,
593 2513 730 2568 Deus
759 2524 944 2582 noster,
970 2526 1016 2570 et
1061 2532 1161 2570 non
1189 2517 1350 2572 silebit
1383 2533 1402 2571 :
1427 2518 1558 2589 ignis
1601 2518 1653 2572 in
1684 2535 1808 2572 cou-

223 2612 398 2672 spectu
426 2604 538 2674 ejus
569 2605 853 2658 exardescet
875 2647 890 2671 ,
919 2615 965 2658 et
992 2606 1043 2658 in
1065 2605 1277 2659 circuitu
1305 2607 1415 2677 ejus
1436 2616 1700 2678 tempestas
1723 2623 1812 2660 ναμ-

225 2694 333 2746 lida
357 2709 377 2747 :
400 2694 658 2749 advocabit
693 2697 874 2750 attalum
913 2696 1209 2762 desursum,
1231 2706 1279 2751 et
1318 2707 1502 2752 terram
1531 2699 1810 2754 discernere

227 2784 474 2853 populum
496 2801 642 2838 suum
667 2785 832 2857 (Psal.
861 2786 950 2841 49.
981 2789 1032 2842 5.
1056 2785 1134 2858 4).
1163 2787 1324 2843 Isaias
1351 2803 1476 2844 vero
1493 2789 1808 2860 supplicium

225 2875 400 2945 ipsum
449 2875 603 2930 nobis
649 2877 893 2946 proponit
928 2877 1010 2932 his
1048 2877 1224 2933 verbis
1260 2896 1272 2932 :
1305 2877 1440 2934 Ecce
1467 2879 1572 2935 dies
1601 2877 1810 2935 Domini

225 2967 359 3020 venit
403 2966 697 3021 insanabilis
735 2969 920 3038 furoris
962 2979 1008 3024 et
1051 2971 1176 3037 iraa,
1210 2971 1279 3024 ad
1320 2973 1606 3042 ponendum
1652 2983 1809 3029 totum

225 3059 396 3114 orbem
426 3069 675 3114 terrarum
701 3061 986 3127 desertum,
1015 3073 1059 3116 et
1089 3064 1156 3116 ad
1185 3065 1495 3134 perdendum
1527 3075 1808 3135 peccatores

224 3167 291 3205 ea:
334 3167 412 3204 eo.
474 3150 612 3205 Nam
653 3153 814 3207 stella:
831 3153 976 3220 ca’li,
1005 3165 1051 3208 et
1093 3155 1286 3222 Orion,
1316 3165 1362 3210 et
1391 3158 1553 3212 omnis
1599 3167 1807 3214 ornatus

223 3242 338 3296 cali
361 3283 376 3306 ,
408 3243 572 3296 lucem
607 3261 752 3298 suam
777 3261 877 3298 non
903 3245 1090 3300 dabunt
1121 3263 1139 3300 :
1169 3257 1215 3302 et
1245 3247 1603 3304 obtenebrescet
1641 3249 1719 3304 sol
1753 3254 1807 3305 in

223 3343 402 3385 exortu
422 3349 513 3387 suo
536 3373 550 3399 ,
580 3342 625 3386 et
666 3334 788 3388 luna
830 3352 931 3390 non
959 3336 1097 3391 dabit
1144 3338 1312 3392 lumen
1358 3355 1524 3392 suum.
1553 3337 1621 3394 Et
1663 3356 1806 3395 man-

222 3422 358 3476 dabo
403 3424 631 3478 unioerso
679 3425 787 3478 orbi
831 3427 1004 3491 mala,
1056 3436 1103 3480 et
1146 3428 1315 3498 impiis
1359 3439 1562 3498 peccata
1601 3447 1694 3484 sua
1722 3441 1807 3484 :et

223 3513 435 3580 perdam
480 3499 830 3570 contumeliam
873 3518 1196 3586 iniquorum,
1241 3529 1288 3573 et
1325 3522 1678 3575 contumeliam
1714 3539 1805 3576 su-

220 3604 493 3673 perborum
519 3606 794 3661 humiliabo
817 3624 836 3662 :
861 3618 907 3663 et
927 3619 1073 3663 erunt
1096 3612 1182 3676 qui
1202 3611 1363 3664 relicti
1391 3613 1596 3683 fuerint,
1620 3615 1808 3684 pretio-

218 3713 380 3751 siores
407 3715 560 3767 quam
587 3715 770 3752 aurum
812 3700 1062 3755 incoctum
1085 3743 1099 3768 ,
1127 3712 1171 3756 et
1214 3703 1363 3758 homo
1408 3705 1671 3774 pretiosior
1713 3707 1805 3760 erit

221 3804 382 3858 quant
408 3789 538 3859 lapis
573 3805 637 3843 ea:
661 3789 877 3859 Suphir.
907 3790 1109 3846 Etenim
1156 3793 1334 3848 caelum
1381 3796 1729 3862 concutietur,
1760 3806 1806 3850 et

219 3887 361 3930 terra
399 3880 786 3934 commovebitur
807 3897 837 3932 a
867 3881 1208 3952 fundamentis
1240 3884 1374 3949 suis,
1409 3895 1613 3954 propter
1658 3889 1806 3956 furo-

218 3985 334 4022 rem
359 3969 450 4024 ira:
477 3969 683 4025 Domini
713 3971 966 4040 Sabaoth,
993 3975 1046 4028 in
1074 3975 1155 4029 die
1179 3992 1278 4045 qua
1322 3979 1633 4047 superveniet
1663 3983 1807 4048 furor

216 4062 336 4131 ejus
362 4059 512 4132 (Isai.
543 4063 628 4118 15.
654 4063 688 4118 9
717 4065 828 4135 15).
857 4064 926 4120 Et
973 4081 1184 4120 rursum
1203 4109 1218 4132 ,
1259 4065 1550 4134 Fenestrte,
1598 4069 1800 4140 inquit,

215 4155 290 4207 de
331 4154 457 4208 ctelo
507 4156 812 4224 aperientur,
856 4166 904 4211 et
976 4159 1413 4212 commovebuntur
1475 4159 1806 4228 fundamenta

214 4253 396 4298 terrae:
408 4241 700 4299 turbatione
714 4247 1006 4302 turbabitur
1021 4256 1178 4317 terra,
1191 4258 1414 4322 egestate
1425 4251 1607 4320 egebit,
1623 4251 1797 4322 agita-

214 4336 362 4390 tione
401 4337 673 4408 agitabitur
708 4337 837 4392 sicut
881 4338 1045 4393 ebrius
1083 4349 1130 4394 et
1155 4340 1428 4411 crapulatis
1456 4343 1806 4397 :roncutietur

213 4425 352 4480 sicut
399 4428 654 4498 tugurium
699 4430 980 4500 pomarium
1033 4440 1168 4485 terra
1204 4447 1224 4486 :
1263 4432 1440 4500 cadet,
1492 4451 1580 4488 nec
1626 4437 1804 4504 poterit

212 4533 484 4587 resurgere
510 4535 530 4572 :
554 4520 762 4575 invaluit
787 4522 921 4576 enim
947 4539 1099 4592 super
1125 4540 1235 4578 eam
1258 4525 1515 4596 iniquitas.
1543 4525 1612 4580 Et
1647 4527 1802 4580 indu-

210 4617 301 4664 cet
330 4608 465 4662 Deus
485 4627 637 4680 super
661 4621 896 4666 ornatum
916 4614 1025 4667 creti
1046 4614 1099 4668 in
1123 4615 1228 4669 alto
1250 4633 1456 4668 manum
1479 4633 1624 4670 suam
1649 4618 1700 4671 iu
1724 4620 1806 4672 die

210 4699 316 4753 illa
338 4739 354 4765 ,
382 4709 430 4754 et
455 4717 607 4771 super
634 4718 792 4772 regna
831 4713 977 4756 terra
1007 4718 1028 4757 :
1051 4713 1097 4758 et
1124 4705 1495 4778 congregabunt
1524 4725 1803 4780 congrega-

209 4791 410 4842 tionem
439 4791 548 4860 ejus
587 4791 640 4844 in
667 4807 914 4846 carcerem
937 4833 952 4859 ,
982 4802 1028 4847 et
1065 4795 1328 4849 occludent
1377 4798 1430 4850 in
1478 4799 1805 4854 munitionem

210 4878 732 4953 (lsai.21.19-22).
760 4882 1045 4939 Malachias
1092 4885 1218 4941 item
1250 4885 1333 4942 his
1376 4901 1608 4945 consona
1651 4891 1805 4946 locu-

208 4983 309 5026 tus
339 4981 420 5026 cst
451 4989 464 5026 :
499 4971 627 5028 Ecce
653 4975 780 5028 venit
812 4974 1058 5031 Dominus
1084 4977 1404 5046 omnipotens
1423 5019 1438 5044 ,
1467 4989 1512 5033 et
1538 4981 1652 5047 quis
1695 4999 1805 5036 sus-

210 5061 397 5117 tinebit
449 5064 583 5118 diem
628 5066 884 5134 ingressus
923 5068 1081 5138 ejus?
1108 5078 1193 5121 aut
1237 5069 1346 5138 quis
1394 5071 1626 5125 subsistet
1651 5073 1704 5126 in
1733 5073 1808 5127 ri-

211 5155 364 5208 sione
389 5155 500 5225 ejus
519 5156 546 5209 ?
578 5153 709 5221 Quia
735 5160 844 5227 ipse
870 5159 1150 5230 ingreditur
1171 5160 1298 5213 sicut
1327 5160 1457 5231 ignis
1482 5164 1769 5231 con/latorii
1786 5207 1802 5232 ,

211 5254 264 5298 et
301 5244 427 5298 sicut
453 5245 606 5298 herba
627 5246 900 5301 lavantium
931 5265 949 5304 .'
976 5259 1023 5302 et
1043 5249 1227 5303 sedebit
1252 5251 1480 5319 conﬂans
1507 5263 1552 5307 et
1581 5270 1807 5324 purgans

212 5335 370 5407 quasi
389 5346 652 5407 argentum
679 5349 726 5392 et
746 5355 923 5392 aurum
955 5338 1204 5411 (Malach.
1231 5342 1284 5395 ὅ.
1305 5342 1360 5396 2.
1389 5341 1465 5414 5).
1489 5343 1554 5398 Et
1571 5359 1804 5410 rursum,

213 5427 360 5482 Ecce
380 5469 397 5494 ,
431 5429 634 5499 inquit,
679 5431 786 5485 dies
814 5429 1020 5486 Domini
1052 5433 1180 5486 venit
1203 5449 1413 5489 accensa
1444 5443 1496 5486 ut
1526 5439 1730 5505 (ornas,
1763 5446 1808 5489 et

212 5521 558 5590 iiﬂanunabit
587 5539 690 5577 eos.
722 5522 788 5576 Et
815 5534 960 5579 erunt
985 5541 1156 5580 omnes
1185 5526 1481 5598 alienigene
1508 5543 1526 5580 :
1557 5537 1604 5581 et
1629 5544 1803 5582 omnes

214 5623 488 5683 operantes
512 5615 685 5685 iniqua
707 5655 723 5682 ,
747 5615 945 5670 arundo
969 5632 989 5671 :
1012 5625 1059 5673 et
1080 5617 1316 5671 accendet
1339 5633 1421 5672 eos
1451 5618 1555 5671 dies
1576 5628 1801 5684 ventura,

216 5707 349 5760 dicit
370 5703 618 5761 Dominus
649 5708 983 5777 omnipotens,
1013 5707 1475 5777 nec‘relinquentur
1510 5709 1681 5774 radix,
1713 5725 1804 5763 ue-

219 5813 319 5867 gne
345 5802 534 5867 palmes
562 5799 812 5869 (Mulxrh.
835 5800 887 5855 4.
925 5802 997 5870 1).
1032 5800 1123 5856 Vir
1161 5811 1337 5857 autem
1387 5802 1472 5856 ille
1505 5801 1798 5858 desiderim

1322 403 1412 456 AD
1451 401 1867 461 THEODORUM
1904 405 2193 465 LAPSUM.
2234 409 2275 464 Ι.

3383 421 3480 477 ἓῦἂ

1919 532 2077 586 rum,
2119 520 2392 590 Videbunt,
2425 526 2626 597 inquit,
2655 531 2810 584 donec
2850 531 3018 584 throni
3059 532 3210 600 positi
3252 543 3408 598 sunt,
3443 542 3496 585 et

1915 614 2152 681 antiquus
2177 615 2368 670 dierum
2398 618 2596 672 sedebat
2627 635 2643 672 :
2671 629 2715 672 et
2741 623 3079 674 vestimentum
3118 623 3225 690 ejus
3254 624 3381 675 sicut
3406 621 3501 674 nix

1917 702 2086 756 album
2109 745 2123 769 ,
2147 705 2362 775 capillus
2388 708 2567 776 capitis
2593 711 2702 779 ejus
2725 710 2868 778 quasi
2892 713 3012 763 lana
3033 712 3221 764 munda
3240 725 3259 764 :
3284 711 3496 763 tlu'onus

1918 793 2028 860 ejus
2054 794 2261 860 flamma
2286 795 2418 864 ignis
2437 837 2452 859 ,
2481 806 2528 850 et
2552 807 2677 851 rotat
2701 799 2810 868 ejus
2835 798 2965 868 ignis
2989 798 3314 867 inﬂammans
3339 814 3355 852 :
3387 800 3487 867 ﬂu-

1918 883 2026 936 uius
2063 885 2194 953 ignis
2220 886 2445 940 trahebat
2480 888 2804 958 progrediens
2839 898 2955 941 ante
2997 905 3128 942 eum
3157 888 3300 942 Mille
3333 888 3495 941 millia

1919 975 2268 1029 ministrabant
2305 978 2370 1040 ei,
2401 987 2448 1031 et
2491 979 2652 1032 decies
2701 979 2884 1032 millies
2933 977 3064 1032 dena
3115 978 3275 1031 millia
3318 978 3491 1030 adsta-

1917 1063 2037 1118 bant
2085 1065 2139 1117 in
2185 1075 2450 1135 conspectu
2479 1068 2589 1137 ejus
2636 1065 2899 1122 Judicium
2923 1069 3069 1132 sedit,
3101 1077 3146 1122 et
3178 1067 3293 1121 libri
3329 1067 3492 1135 aperti

1923 1164 2040 1207 sunt
2082 1154 2243 1224 (Dan.
2290 1157 2344 1211 7.
2376 1156 2570 1230 9.10).
2599 1158 2666 1212 Et
2708 1159 2888 1228 paucis
2943 1158 3303 1228 interpositis,
3341 1156 3494 1209 Vide-

1917 1243 2030 1297 bam
2053 1286 2067 1310 ,
2093 1245 2291 1316 inquit,
2327 1249 2380 1300 in
2430 1249 2618 1302 uisione
2658 1249 2852 1314 noctis,
2888 1258 2934 1304 et
2987 1265 3097 1302 ecce
3136 1265 3250 1302 cum
3289 1248 3498 1302 nubibus

1919 1337 2030 1390 αειὶ
2053 1339 2197 1406 quasi
2216 1339 2352 1407 ﬁlius
2378 1339 2593 1394 hominis
2625 1341 2822 1394 veniens
2847 1349 2953 1395 erat
2973 1382 2988 1407 ,
3017 1350 3064 1393 et
3095 1357 3251 1408 usque
3271 1341 3338 1393 ad
3363 1342 3496 1393 anti-

1915 1441 2070 1494 quum
2109 1426 2301 1481 dierum
2345 1430 2566 1497 pervenit
2589 1469 2605 1494 ,
2657 1439 2703 1483 et
2743 1446 2914 1484 coram
2975 1446 3034 1483 eo
3077 1429 3274 1484 oblatus
3313 1440 3431 1484 est:
3455 1440 3499 1480 rt

1917 1518 2018 1584 ipsi
2045 1518 2220 1571 datum
2249 1529 2322 1572 est
2358 1520 2659 1589 imperium,
2688 1521 2848 1574 honor
2885 1530 2934 1574 et
2959 1538 3168 1591 regnum
3199 1537 3218 1574 .'
3245 1531 3292 1574 et
3330 1537 3499 1574 omnes

1918 1607 2127 1676 populi,
2154 1608 2309 1663 tribus
2332 1619 2377 1662 et
2403 1609 2591 1681 linguae
2609 1611 2708 1680 ipsi
2730 1612 2968 1664 serviunt.
2995 1610 3230 1665 Potestas
3249 1612 3380 1683 ejus,
3401 1627 3494 1679 po-

1917 1706 2068 1752 testas
2105 1703 2440 1768 sempiterna,
2469 1716 2582 1769 qua:
2606 1717 2707 1754 non
2737 1701 3008 1769 praeteribit
3027 1741 3042 1764 ,
3076 1711 3122 1754 et
3148 1718 3360 1772 regnum
3383 1699 3495 1768 ejus

1917 1804 2017 1841 non
2054 1788 2351 1843 destruetur.
2384 1787 2649 1842 lnhorruit
2689 1789 2899 1859 spiritus
2945 1805 3119 1854 meus,
3149 1806 3240 1859 ego
3265 1787 3457 1842 Dante!
3479 1829 3494 1852 ,

1918 1878 1971 1930 in
1994 1877 2164 1932 habitu
2197 1895 2305 1933 meo
2328 1919 2344 1945 ,
2372 1887 2417 1932 et
2445 1880 2658 1934 uisiones
2687 1880 2865 1949 capitis
2889 1881 2984 1934 mei
3025 1881 3386 1934 conturbabant
3420 1897 3497 1935 me

1918 1967 2026 2036 (Ib.
2104 1967 2313 2039 13-15).
2376 1969 2530 2024 Tunc
2591 1966 2904 2038 aperientur
2967 1983 3158 2025 omnes
3202 1971 3493 2025 cmlestium

1916 2058 2176 2114 fornicum
2215 2067 2414 2130 portzn;
2446 2060 2554 2115 imo
2582 2066 2637 2114 et
2665 2059 2836 2128 ipsum
2864 2060 3056 2114 czelum
3087 2075 3119 2116 e
3156 2061 3335 2115 medio
3365 2071 3496 2116 sub-

1914 2149 2157 2206 ducetur.
2219 2150 2454 2206 Volvetur
2500 2151 2666 2219 enim,
2697 2152 2898 2222 inquit,
2951 2153 3131 2206 catlum
3185 2154 3328 2224 quasi
3374 2154 3498 2207 iiber

1916 2242 2070 2314 (Isai.
2094 2244 2182 2298 51.
2207 2243 2261 2315 4)
2294 2262 2306 2298 :
2344 2244 2505 2299 veluti
2546 2245 2820 2314 cujusdam
2856 2244 3179 2300 tabernaculi
3223 2246 3378 2316 pellis
3415 2256 3498 2299 at-

1914 2347 2018 2402 que
2042 2333 2214 2388 velum
2241 2351 2271 2388 e
2300 2334 2478 2390 medio
2505 2335 2854 2402 contrahitur,
2879 2336 2946 2390 ita
2977 2346 3033 2390 ut
3059 2337 3108 2390 in
3134 2337 3320 2391 melius
3347 2352 3496 2392 com-

1915 2432 2166 2480 mittetur.
2191 2425 2322 2478 Tum
2348 2427 2526 2480 omnia
2555 2437 2793 2496 stupore,
2826 2426 3046 2482 horrore
3073 2438 3230 2497 atque
3266 2437 3498 2483 tremore

1913 2517 2174 2586 completa
2213 2526 2387 2570 erunt.
2435 2516 2569 2571 Tum
2621 2519 2779 2572 etiam
2828 2527 3000 2573 metus
3045 2519 3231 2588 ingens
3277 2520 3498 2590 angelos

1914 2608 2058 2677 ipsos
2088 2609 2402 2679 occupabit;
2431 2623 2606 2678 neque
2651 2609 2867 2678 angelos
2913 2619 3153 2675 tantum,
3199 2611 3290 2664 scd
3335 2612 3494 2664 etiam

1913 2698 2260 2768 archangelos
2287 2739 2303 2764 ,
2335 2700 2555 2753 thronos
2579 2740 2592 2763 ,
2632 2699 3022 2756 dominationes
3046 2741 3060 2766 ,
3084 2700 3412 2770 principatus
3437 2710 3497 2756 ct

1916 2798 2248 2859 potestates:
2293 2789 2515 2844 Virtutes
2562 2791 2734 2857 enim,
2782 2791 2887 2857 ait,
2928 2790 3166 2845 cazlorum
3218 2807 3494 2845 commove-

1914 2882 2098 2936 buntur
2119 2880 2328 2955 (Matth.
2348 2881 2439 2936 24.
2465 2880 2579 2952 29),
2605 2882 2728 2952 quia
2750 2881 2982 2951 ipsorum
3025 2883 3268 2937 conservi
3311 2897 3495 2950 poenas

1912 2975 2084 3030 daturi
2115 2983 2238 3030 sunt
2272 2974 2337 3030 de
2377 2983 2588 3044 peracta
2629 2974 2682 3028 in
2716 2973 2916 3029 mundo
2961 2974 3089 3028 vita.
3117 2973 3249 3028 Nam
3293 2973 3337 3027 si
3373 2988 3494 3029 cum

1913 3065 1980 3120 de
2020 3080 2123 3120 una
2165 3065 2181 3096 ¹
2226 3064 2438 3120 civitate
2463 3063 2716 3134 judicium
2763 3063 3071 3130 instituitur,
3103 3063 3185 3117 his
3214 3064 3495 3134 magistra-

1913 3153 2053 3211 tibus
2078 3196 2092 3221 ,
2131 3154 2504 3210 inhorrescunt
2545 3167 2731 3208 onmes
2774 3153 2932 3207 etiam
2967 3152 3036 3218 ii,
3060 3153 3146 3222 qui
3175 3162 3319 3207 extra
3351 3153 3494 3222 peri-

1911 3245 2089 3301 culum
2124 3254 2275 3311 sunt,
2303 3260 2424 3300 cum
2459 3244 2525 3300 de
2568 3245 2820 3298 universo
2846 3241 2975 3298 orbe
2994 3242 3316 3311 iudicabitur
3342 3258 3372 3296 a
3403 3243 3491 3297 tali

1906 3338 2086 3408 judice
2106 3379 2121 3405 ,
2151 3336 2238 3408 qui
2267 3351 2440 3406 neque
2479 3334 2730 3399 testibus,
2759 3349 2929 3404 neque
2970 3333 3371 3404 probationibus
3407 3333 3488 3388 in-

1911 3427 2054 3498 diget
2074 3469 2089 3495 ,
2121 3427 2214 3482 sed
2245 3427 2445 3497 absque
2471 3426 2552 3480 his
2581 3425 2827 3480 omnibus
2851 3467 2866 3490 ,
2895 3434 2950 3480 et
2979 3439 3138 3495 opera
3169 3435 3223 3480 et
3241 3424 3402 3479 verba
3430 3433 3485 3478 ct

1909 3521 2259 3592 cogitationes
2302 3520 2353 3574 in
2399 3518 2632 3574 medium
2679 3516 2926 3583 adducit,
2971 3517 3256 3587 omniaque
3296 3531 3394 3572 ceu
3437 3517 3488 3570 in

1910 3613 2141 3685 imagine
2165 3621 2219 3669 et
2256 3611 2598 3682 peccantibus
2646 3619 2701 3666 et
2737 3609 3103 3680 ignorantibus
3129 3607 3488 3664 demonstrat.

1909 3705 2178 3777 quomodo
2201 3705 2314 3760 ﬁeri
2342 3713 2516 3774 potest
2540 3745 2554 3768 ,
2583 3711 2642 3756 ut
2679 3701 2926 3772 quailibet
2958 3700 3124 3754 virtus
3164 3716 3268 3753 non
3301 3707 3490 3754 tremat

1909 3807 1963 3854 et
1987 3796 2360 3853 concutiatur?
2389 3795 2541 3850 Licet
2567 3793 2707 3849 enim
2739 3791 2930 3846 ﬂuvius
2964 3792 3146 3861 igneus
3176 3803 3279 3844 non
3309 3788 3486 3842 trahe-

1909 3901 2076 3952 retur,
2107 3903 2280 3959 neque
2313 3886 2484 3956 angeli
2525 3884 2800 3940 adstarent
2839 3878 3236 3946 formidabiles;
3269 3880 3367 3933 soli
3398 3893 3490 3931 au-

1911 3990 2016 4036 tem
2075 3978 2319 4034 homines
2367 3974 2676 4042 convocati,
2717 3973 2805 4028 alii
2851 3972 3092 4027 laudibus
3123 3979 3180 4026 et
3216 3969 3492 4054 prccconiis

1909 4073 2347 4134 celebrarentur;
2378 4069 2466 4123 alii
2500 4083 2622 4122 cum
2669 4065 2954 4136 ignominia
3002 4063 3390 4132 abjicercntur,
3424 4075 3491 4113 ne

1909 4163 2153 4219 viderent
2201 4159 2422 4232 gloriam
2477 4158 2567 4212 Dei
2601 4174 2613 4210 :
2647 4155 2877 4210 Tollatur
2901 4155 2922 4185 ³
2947 4193 2962 4218 ,
3019 4153 3223 4222 inquit,
3267 4150 3452 4219 impius
3473 4190 3486 4213 ,

1910 4272 1974 4310 ne
1992 4253 2156 4308 videat
2181 4251 2394 4323 gloriam
2420 4246 2660 4311 Domini;
2684 4258 2858 4301 nonne
2881 4241 3064 4312 quavis
3085 4239 3321 4309 gcltenna
3343 4253 3490 4292 acer-

1910 4346 2028 4401 bius
2055 4345 2134 4398 vel
2177 4342 2227 4396 id
2276 4339 2479 4402 solum,
2511 4336 2654 4406 quod
2687 4350 2716 4388 a
2750 4334 2910 4388 tantis
2949 4330 3271 4386 excidissent
3295 4327 3447 4382 bonis
3473 4368 3487 4390 ,

1911 4436 2236 4505 abjectorum
2263 4430 2467 4485 animas
2493 4425 2874 4484 excruciaret?
2916 4421 3045 4478 lllud
3080 4435 3208 4478 vero
3235 4427 3488 4492 quantum

1910 4528 1976 4581 sit
2007 4525 2238 4592 malum,
2273 4537 2410 4577 nunc
2435 4520 2646 4591 quidem
2689 4531 2936 4572 sermone
2969 4512 3227 4569 declarari
3268 4512 3450 4580 nequit
3479 4529 3492 4574 ;

1912 4628 2036 4674 tunc
2083 4596 2212 4672 vero
2250 4631 2315 4671 ex
2370 4630 2429 4669 re
2471 4614 2582 4684 ipsa
2626 4609 2902 4665 manifeste
2958 4619 3360 4676 cognoscemus.
3411 4602 3490 4657 Tu

1909 4723 2040 4764 vero
2071 4721 2212 4762 nunc
2239 4706 2323 4761 his
2349 4703 2483 4759 adde
2528 4701 2841 4772 supplicium
2873 4697 3000 4752 illttd
3026 4737 3042 4763 ,
3084 4710 3259 4764 neque
3289 4700 3490 4748 tantum

1912 4801 2155 4857 homines
2182 4797 2386 4868 pudore
2413 4793 2661 4859 suffusos,
2694 4791 2777 4846 vel
2807 4797 2994 4860 operto
3019 4787 3192 4858 Capite
3210 4827 3225 4854 ,
3249 4795 3303 4839 et
3327 4783 3495 4838 oculis

1914 4893 1966 4947 in
2007 4900 2204 4946 terram
2232 4886 2453 4951 deﬁxis,
2485 4883 2578 4939 scd
2622 4884 2782 4936 etiam
2827 4889 3025 4934 tractos
3071 4893 3167 4948 per
3205 4877 3340 4930 viam
3375 4889 3495 4944 qua:

1914 4984 2084 5041 tendit
2108 4981 2172 5036 ad
2213 4979 2388 5050 ignem
2415 5019 2429 5043 ,
2457 4984 2513 5031 et
2540 4974 2604 5029 ad
2636 4981 2898 5029 tormenta
2928 4974 3176 5041 abreptos
3200 5011 3216 5036 ,
3242 4967 3497 5023 traditos-

1913 5090 2015 5146 que
2045 5070 2362 5127 immanibus
2389 5065 2739 5138 potestatibus
2767 5081 2780 5117 :
2811 5063 2969 5133 idque
2989 5077 3054 5117 eo
3083 5069 3322 5129 tempore
3343 5097 3361 5126 ,
3388 5073 3496 5129 quo

1914 5173 2257 5230 coronantur,
2285 5161 2622 5218 celebrantur
2651 5157 2949 5228 throanue
2977 5157 3120 5226 regio
3146 5155 3404 5210 sistuntur
3435 5152 3498 5213 ii.

1914 5260 2001 5330 qui
2032 5259 2168 5313 bona
2197 5261 2418 5326 egerunt
2437 5260 2491 5308 et
2512 5251 2672 5322 gestis
2697 5250 2807 5305 suis
2827 5259 3024 5304 aeterna
3051 5247 3156 5300 vita
3182 5242 3324 5312 digni
3349 5251 3492 5297 sunt.

1988 5349 2074 5403 15.
2099 5347 2319 5402 Calatis
2347 5343 2600 5418 felicitatis
2629 5339 2960 5412 imago—Et
3003 5337 3116 5391 ltmc
3155 5331 3369 5404 quidem
3409 5331 3496 5386 illa

1914 5441 2033 5495 die:
2066 5453 2185 5510 qua:
2212 5451 2340 5493 vero
2375 5445 2492 5507 post
2514 5432 2690 5489 futura
2719 5439 2840 5487 sunt
2875 5431 2992 5500 quis
3020 5439 3195 5481 sermo
3225 5421 3378 5477 nobis
3403 5438 3494 5477 es-

1917 5532 2132 5601 primat,
2160 5528 2486 5594 voluptatem
2517 5538 2706 5595 nempe
2734 5537 2799 5577 es
2819 5518 3012 5575 Christi
3033 5513 3322 5580 consortio,
3356 5514 3496 5568 utili-

1987 5693 2001 5723 ¹
2026 5691 2254 5752 Quinque
2293 5686 2508 5752 Mss.,de
2539 5696 2704 5748 parra.
2730 5678 2914 5752 ttorelp
2936 5673 3364 5752 Sarilzsetaliiltde
3387 5686 3492 5752 una.

1980 5756 2000 5785 ’
2033 5735 2502 5802 sul-litigatum
2539 5735 2650 5794 'Mss.
2677 5752 2727 5794 tu
2749 5735 2913 5793 Morel.
2939 5747 2990 5792 et
3013 5737 3216 5799 reliquis
3254 5737 3385 5796 haec,
3410 5735 3504 5785 ιρι-ι

1923 5815 2066 5876 tatur,
2096 5823 2214 5874 etc,
2238 5815 2432 5862 desunt.
