3954 6398
497 400 598 454 295

497 529 700 581 metu,
753 511 1002 581 gaudium
1062 512 1122 565 ‘?
1170 513 1359 567 Anima
1429 515 1624 584 quippe
1679 515 1746 570 ad
1810 515 2079 585 propriam

495 607 712 661 redueta
745 603 1092 670 nobilitatem,
1117 620 1234 674 qua:
1250 605 1442 660 deinde
1470 607 1753 660 Dominum
1781 621 1935 660 suum
1961 621 2081 660 cum

497 698 740 751 libertate
768 695 1083 764 conspicere
1112 696 1269 757 valet,
1301 706 1496 766 quanta
1523 698 1795 766 voluptate
1823 697 2085 750 afficiatur

495 795 548 841 et
574 795 830 856 quantum
859 785 991 839 lucri
1017 785 1231 850 referat,
1258 787 1496 840 enarrari
1519 787 1704 857 nequit
1728 804 1740 840 :
1789 786 1910 840 laeta
1936 786 2082 840 scili-

495 888 602 944 cet,
635 892 741 931 non
765 884 966 932 tantum
989 878 1130 948 quod
1159 877 1312 932 bonis
1336 877 1694 946 prazsentibus
1719 876 1925 931 fruatur
1949 918 1964 943 ,
1992 875 2086 931 sed

499 969 638 1036 quod
668 975 815 1024 certa
837 968 906 1022 sit
933 983 995 1022 ea
1019 983 1305 1037 numquam
1331 967 1567 1022 desitura
1601 983 1743 1023 esse.
1771 968 1917 1022 lianc
1939 975 2086 1022 certe

500 1061 737 1116 trctitiam
781 1073 881 1114 nec
927 1059 1104 1114 verbis
1153 1063 1454 1129 exprimere
1482 1098 1499 1126 ,
1529 1073 1628 1114 nec
1670 1068 1848 1114 mente
1893 1073 2087 1128 capere

505 1166 787 1225 possumus
853 1152 914 1205 ἐ
976 1151 1203 1205 obscure
1269 1158 1445 1205 tamen
1479 1191 1496 1217 ,
1541 1159 1804 1220 quatenus
1865 1155 2090 1219 possunt

503 1259 691 1311 magna
723 1243 898 1312 parvis
924 1242 1203 1306 declarari,
1232 1257 1350 1295 eam
1378 1241 1679 1298 describere
1701 1242 1933 1297 tentabo.
1964 1241 2090 1296 Pcr-

504 1333 798 1404 rendamus
823 1347 917 1387 eos
940 1334 1028 1403 qui
1053 1332 1104 1386 in
1141 1333 1386 1399 praesenti
1410 1333 1514 1386 vita
1545 1332 1702 1402 hujus
1725 1331 1908 1386 mundi
1937 1347 2086 1386 com-

503 1425 677 1480 modis
707 1424 974 1491 fruuntur,
1001 1423 1219 1490 divitiis,
1253 1425 1489 1495 inquam,
1520 1425 1851 1495 magistratu,
1882 1424 2049 1494 gloria
2077 1443 2090 1479 :

503 1531 611 1588 quo
650 1526 804 1586 pacto
833 1515 1034 1571 scilicet
1057 1515 1124 1569 de
1151 1516 1286 1570 bona
1316 1515 1524 1570 fortuna
1555 1515 1925 1585 superbientes
1949 1557 1964 1581 ,
1997 1530 2094 1570 ne-

510 1621 616 1673 que
636 1621 694 1661 se
719 1607 772 1662 in
805 1617 945 1662 terra
977 1607 1178 1677 positos
1205 1608 1569 1673 arbitrantur;
1605 1608 1817 1662 tametsi
1845 1608 1910 1662 iis
1941 1607 2094 1662 bonis

498 1701 750 1754 truantur
778 1738 792 1764 ,
837 1713 955 1768 quae
986 1713 1160 1768 neque
1180 1699 1317 1752 bona
1342 1711 1462 1754 esse
1487 1697 1782 1753 creduntur
1801 1738 1816 1764 ,
1846 1711 2020 1766 neque
2043 1697 2092 1750 in

491 1807 691 1846 eorum
724 1792 1062 1861 possessione
1102 1800 1448 1862 permanent,
1490 1790 1586 1846 sed
1615 1791 1827 1846 somnio
1854 1790 2096 1845 velocius

506 1883 725 1938 avolant
753 1901 766 1938 :
794 1882 937 1953 quod
979 1883 1024 1937 si
1058 1883 1326 1953 paulisper
1365 1882 1652 1952 aliquando
1678 1882 2009 1944 consistant,
2044 1880 2096 1934 in

508 1975 757 2045 prcesenti
800 1975 972 2029 solum
1011 1973 1120 2028 vita
1165 1973 1280 2028 usui
1319 1987 1441 2028 esse
1466 1983 1690 2042 possunt
1717 2015 1732 2040 ,
1757 1988 1856 2028 nec
1879 1973 2100 2026 ulterius

509 2065 890 2137 unaprogrcdi
919 2067 1115 2121 valent.
1147 2065 1202 2121 Si
1222 2073 1398 2120 autem
1419 2065 1723 2134 bujusmodi
1755 2065 1894 2120 bona
1923 2064 2097 2120 domi-

509 2173 605 2214 nos
638 2167 783 2213 tanto
824 2158 1022 2229 gaudio
1059 2157 1320 2212 extollunt
1351 2199 1366 2224 ,
1403 2157 1530 2228 quid
1575 2158 1810 2212 futurum
1855 2165 2008 2228 putas
2035 2156 2100 2211 dc

509 2250 792 2306 animabus
822 2251 927 2306 illis
953 2293 964 2314 ,
995 2250 1268 2305 accersitis
1295 2251 1360 2305 ad
1384 2249 1588 2306 infinita
1613 2250 1699 2306 illa
1723 2266 1842 2322 qua:
1871 2252 1923 2305 in
1953 2252 2100 2306 etclis

508 2352 638 2398 sunt
676 2342 814 2397 bona
847 2384 862 2410 ,
893 2358 1012 2414 qua:
1043 2342 1198 2396 firma
1227 2356 1440 2414 semper
1481 2349 1538 2398 et
1587 2342 1803 2398 immota
1834 2352 2050 2397 manent
2080 2342 2102 2396 ?

511 2432 696 2504 Neque
724 2449 785 2489 ea
811 2449 870 2488 re
897 2435 1069 2488 solum
1113 2433 1444 2489 antecellunt
1469 2475 1483 2499 ,
1525 2434 1620 2490 sed
1650 2434 1812 2490 etiam
1839 2434 2103 2505 magnitu-

512 2524 640 2582 dine
663 2534 716 2580 et
742 2525 1050 2581 conditione
1100 2540 1194 2580 sua
1235 2527 1306 2580 ita
1349 2527 1703 2596 prmsentibus
1731 2528 2101 2597 praestantiora

512 2627 639 2678 omit
661 2617 681 2649 ³
701 2658 716 2685 ,
767 2627 825 2672 ιιι
854 2618 1094 2689 nequein
1129 2635 1224 2674 cor
1255 2619 1484 2674 hominis
1519 2619 1572 2674 id
1593 2619 1886 2675 ascendere
1913 2621 2100 2689 possit.

433 2723 439 2730 ‘
511 2710 665 2766 Nunc
704 2713 901 2766 etenim
943 2711 1391 2781 quemadmodum
1430 2712 1484 2766 in
1528 2720 1681 2767 utero
1703 2712 1874 2766 infans
1904 2755 1915 2775 ,
1949 2713 2103 2768 sicin

513 2805 617 2857 hoc
641 2803 841 2857 mundo
866 2802 1123 2872 anguStiis
1146 2803 1380 2858 conclusi
1403 2803 1662 2874 degimus,
1695 2819 1795 2859 nec
1825 2817 2108 2874 possumus

513 2893 680 2949 futuri
709 2895 888 2950 sreculi
919 2895 1260 2965 splendorem
1292 2905 1346 2951 et
1393 2896 1699 2953 libertatem
1727 2900 1971 2954 contueri
2005 2917 2018 2953 :
2051 2909 2108 2954 at

512 2987 610 3042 ubi
640 2998 827 3058 partus
867 2998 1077 3058 tempus
1112 2989 1396 3045 advenerit
1426 3031 1441 3057 ,
1473 3006 1767 3060 omnesque
1813 2991 2057 3047 homines
2089 3033 2104 3060 ,

512 3096 650 3149 quos
671 3090 994 3153 susceperat,
1014 3081 1098 3138 hic
1116 3081 1344 3137 mundus
1361 3081 1424 3137 ad
1447 3081 1786 3153 diemjudicii
1802 3083 2104 3154 protulerit,

517 3173 744 3226 abortivi
777 3172 991 3243 quidem
1013 3173 1305 3229 e'tenebris
1333 3173 1383 3228 in
1418 3173 1667 3230 tenebras
1697 3174 2105 3245 ingredientur,

515 3273 572 3319 et
597 3281 660 3318 ex
684 3266 946 3337 angustiis
975 3266 1028 3321 in
1058 3267 1331 3337 angustias
1359 3267 1662 3338 graviores;
1704 3269 1901 3324 maturi
1929 3277 2106 3324 autem

513 3353 676 3420 fetus,
709 3355 798 3426 qui
827 3356 986 3427 regia:
1012 3356 1259 3425 imaginis
1274 3355 1510 3412 formam
1538 3367 1593 3415 et
1623 3369 1777 3416 notas
1803 3369 2106 3425 servarunt,

522 3445 634 3517 regi
657 3445 942 3511 sistentur,
972 3446 1207 3516 illudque
1237 3447 1593 3504 ministerium
1624 3459 1910 3520 capessent
1929 3490 1946 3518 ,
1965 3449 2109 3521 quod

518 3536 690 3606 angeli
721 3544 774 3590 et
811 3535 1116 3606 archangeli
1162 3537 1532 3594 universorum
1562 3540 1675 3595 Deo
1705 3540 2004 3611 perhibent.
2033 3541 2111 3598 Ne

520 3628 698 3695 itaque
721 3626 816 3682 hos
845 3625 1184 3682 characteres
1208 3671 1222 3696 ,
1249 3645 1282 3683 ο
1307 3631 1477 3686 amice
1506 3672 1522 3698 ,
1558 3646 1725 3702 usque
1744 3632 1798 3687 in
1831 3630 1989 3688 finem
2013 3632 2110 3689 de-

516 3717 802 3785 lcre‘vclis,
834 3717 928 3774 sed
958 3733 1052 3773 eos
1072 3721 1466 3791 quamprimum
1487 3723 1813 3779 instauratos
1839 3725 1892 3780 in
1920 3726 2110 3780 melio-

521 3824 634 3862 rem
680 3807 904 3864 formam
940 3809 1194 3866 reducas.
1237 3811 1371 3866 Nam
1414 3812 1864 3882 pulchritudinem
1897 3816 2111 3886 quidem

518 3915 834 3970 corpoream
861 3902 998 3956 intra
1021 3911 1227 3959 naturae
1271 3903 1468 3960 limites
1505 3906 1766 3963 conclusit
1790 3907 1961 3963 Deus:
1992 3910 2110 3964 ani-

523 4007 626 4047 mre
649 4007 779 4048 vero
799 3993 964 4049 decor
981 3994 1087 4050 illic
1105 4011 1137 4050 a
1160 3997 1477 4052 necessitate
1489 4007 1538 4052 et
1555 3999 1811 4054 servitute
1831 4000 2110 4066 liberatur,

523 4092 704 4153 utpote
731 4099 989 4156 corporea
1025 4085 1192 4142 forma
1227 4089 1384 4159 longe
1418 4089 1808 4159 praestantior:
1854 4101 2016 4165 atque
2059 4095 2112 4148 in

522 4177 675 4231 nobis
701 4187 754 4232 ct
781 4179 832 4232 in
866 4179 958 4234 Dei
1000 4193 1128 4236 nutu
1153 4181 1290 4237 situs
1319 4191 1401 4238 est
1426 4193 1586 4240 totus.
1621 4183 1897 4256 Siquidem
1924 4186 2112 4241 Domi-

523 4285 623 4324 nus
654 4284 834 4327 noster
859 4272 1132 4330 beneficus
1169 4289 1290 4329 cum
1331 4276 1421 4344 sit,
1455 4275 1556 4333 hoc
1586 4279 1824 4334 maxime
1850 4277 1991 4334 dono
2016 4294 2114 4350 ge-

522 4375 622 4415 nus
651 4371 890 4416 nostrum
920 4366 1241 4432 exornavit,
1296 4374 1354 4420 ut
1392 4382 1510 4437 qua:
1557 4370 1763 4425 minora
1817 4378 1980 4438 sunt,
2013 4385 2114 4426 nec

523 4453 697 4521 magni
728 4455 1010 4520 intersunt,
1041 4473 1140 4510 nec
1169 4457 1336 4512 refert
1373 4459 1642 4530 quidpiam
1673 4463 1719 4517 si
1743 4464 2064 4519 intercidant
2093 4504 2110 4532 ,

521 4557 583 4594 ea
618 4552 819 4597 natura:
848 4547 1156 4600 necessitati
1194 4547 1500 4615 addixerit;
1535 4567 1779 4606 verorum
1811 4562 1990 4609 autem
2019 4553 2115 4608 bo-

522 4648 714 4688 norum
747 4651 842 4690 nos
868 4637 1086 4706 opifices
1112 4653 1230 4693 esse
1252 4643 1600 4696 concesserit.
1642 4644 1857 4699 Ateuim
1901 4645 1946 4699 si
1991 4647 2113 4717 pul-

522 4725 842 4780 chritudinis
891 4742 1168 4797 corporea:
1252 4745 1350 4785 nos
1423 4731 1670 4788 dominos
1742 4733 2110 4802 reddidisset,

523 4815 848 4888 superﬂuam
891 4821 1300 4877 sollicitudinem
1353 4825 1820 4896 suscepissemus,
1869 4835 2029 4897 atque
2061 4829 2113 4887 iu

522 4911 685 4967 rebus
777 4909 1124 4970 infructuosis
1217 4924 1386 4970 totum
1462 4925 1674 4989 tempus
1741 4917 2112 4988 impendisse-

523 5018 664 5070 mus,
694 5003 887 5059 anima:
911 5018 1038 5059 cura
1064 5020 1280 5075 prorsus
1307 5007 1566 5078 neglecta.

597 5095 837 5166 Corporis
858 5096 1185 5168 pulchritudo
1197 5100 1373 5171 augeri
1390 5116 1490 5155 non
1512 5109 1692 5172 potest,
1715 5101 1902 5157 animae
1920 5119 2118 5172 semper

525 5191 904 5259 potesl.-Cum
916 5192 1053 5247 enim
1067 5192 1406 5265 negalanohis
1419 5193 1704 5264 bujusmodi
1716 5189 1964 5251 facultate
1978 5210 2117 5250 nunc

523 5284 699 5338 omnia
720 5281 994 5347 faciamus,
1019 5283 1195 5336 omnia
1219 5283 1520 5350 moliamur,
1543 5301 1604 5340 ac
1623 5301 1744 5340 cum
1768 5301 1948 5341 veram
1969 5301 2114 5341 asse-

528 5376 613 5442 qui
643 5377 876 5445 speciem
890 5389 1233 5446 nequeamus,
1257 5374 1535 5444 pigmentis
1553 5374 1694 5430 illam
1716 5376 1868 5431 nobis
1883 5376 2117 5431 vindice-

529 5476 666 5530 mus,
697 5480 761 5519 ac
785 5465 1072 5532 coloribus,
1101 5464 1348 5534 picturis,
1379 5465 1692 5535 capillorum
1729 5466 2112 5532 concinnitate,

594 5602 614 5676 ξ
648 5607 773 5676 rost,
793 5604 1045 5676 gaudium,
1071 5603 1214 5676 aliqui
1228 5601 1816 5676 addunt.jucundilatem.

594 5663 614 5692 a
649 5663 722 5709 εξς
741 5661 838 5712 δύο
1002 5661 1055 5714 et
1085 5661 1285 5727 quidem
1319 5661 1497 5714 melius
1517 5678 1662 5726 quam
1685 5664 1785 5724 alii,
1811 5667 1892 5727 qui
1922 5667 1990 5715 sic
2025 5666 2112 5715 ha-

529 5718 668 5782 bent,
701 5734 789 5772 nrc
853 5727 1012 5776 verbis
1047 5718 1342 5789 exh-interr,
1407 5739 1494 5775 nec
1536 5718 1710 5776 incute.
1770 5718 1977 5778 bliscure
2041 5738 2115 5780 ta-

533 5796 637 5814 ηω..
697 5810 717 5814 ν.

533 5796 793 5893 min
815 5845 973 5894 ctduo
999 5853 1100 5896 uss.
1127 5848 1320 5907 addunt.
1346 5848 1450 5908 illo,
1474 5858 1598 5909 post,
1617 5857 1741 5902 sunt.

1207 395 1264 452 S.
1303 395 1583 456 JOA'NNIS
1619 395 2096 458 CHRYSOSTOMI
2135 398 2448 456 ARClllEP.
2491 399 3022 459 CONSTANTINOP.

3667 400 3771 455 296

2193 515 2416 568 vestium
2470 515 2698 577 amictu,
2742 512 3014 569 oculorum
3056 513 3281 568 artificio
3324 513 3549 584 aliisque
3600 522 3778 568 multis

2192 604 2452 658 machinis
2465 603 2651 658 falsam
2672 604 3111 673 pulchritudinem
3128 604 3779 674 ementiamur,quodnain

2193 692 2426 747 studium
2452 694 2642 747 animae
2671 703 2726 748 et
2750 694 2910 748 rebus
2933 693 3166 748 honestis
3189 708 3510 763 poneremus
3529 735 3544 759 ,
3575 695 3622 748 si
3657 710 3781 750 cor-

2193 794 2293 854 pus
2324 785 2374 839 in
2415 785 2689 855 pulchram
2721 785 2943 840 formam
2983 794 3188 840 mutare
3226 787 3542 854 possemus?
3568 785 3782 841 Nullam

2195 873 2418 930 fortasse
2441 876 2595 929 aliam
2626 890 2842 946 operam
2874 877 3264 944 susciperemus
3292 877 3330 940 ί,
3359 876 3402 929 si
3435 875 3557 930 haec
3586 886 3782 932 nostra:

2197 964 2462 1021 facultatis
2491 977 2670 1032 esset,
2703 966 2796 1022 sed
2827 975 2991 1020 totum
3019 982 3456 1022 consumeremus
3491 976 3708 1036 tempus
3735 979 3787 1022 ut

2197 1074 2406 1114 servam
2430 1060 2648 1114 infinitis
2666 1061 2992 1114 ornamentis
3008 1059 3404 1124 decoraremus,
3423 1060 3551 1114 dum
3568 1061 3785 1115 domina

2197 1150 2316 1220 plus
2341 1165 2500 1220 quam
2528 1151 2630 1205 vile
2659 1151 2978 1220 mancipium
3008 1151 3058 1204 in
3099 1150 3434 1206 deformitate
3472 1159 3530 1205 et
3562 1151 3791 1221 segnitie

2193 1242 2416 1312 jaceret.
2457 1243 2568 1309 Qua
2594 1243 2660 1298 de
2702 1258 2858 1297 causa
2906 1243 3076 1305 Deus,
3108 1242 3353 1312 adempta
3389 1241 3591 1296 infelici
3625 1259 3788 1309 cura,

2201 1336 2438 1390 melioris
2469 1335 2545 1389 rei
2573 1344 2739 1389 artem
2769 1334 2921 1388 nobis
2953 1333 3180 1398 indidit;
3210 1335 3277 1387 ita
3304 1342 3361 1387 nt
3382 1334 3468 1403 qui
3500 1347 3705 1402 corpus
3726 1349 3790 1387 ex

2199 1427 2421 1483 deformi
2444 1427 2662 1496 elegans
2683 1426 2907 1480 reddere
2929 1440 3034 1479 non
3058 1433 3250 1494 potest,
3277 1425 3322 1478 is
3345 1425 3510 1492 possit
3529 1424 3789 1488 animam,

2203 1518 2410 1572 etiamsi
2438 1519 2487 1571 in
2515 1527 2806 1573 extremam
2837 1516 3227 1571 deformitatem
3249 1515 3530 1580 deciderit,
3559 1516 3614 1569 in
3641 1531 3790 1570 Sum-

2203 1625 2344 1664 mam
2388 1609 2834 1679 pnlebritudinem
2879 1608 3174 1672 reducere,
3220 1607 3462 1676 adeoque
3503 1607 3789 1661 amabilem

2198 1701 2590 1773 jucundamqne
2611 1701 2832 1755 reddere
2853 1739 2866 1764 ,
2901 1708 2958 1753 nt
2983 1714 3088 1754 non
3118 1699 3267 1769 probi
3295 1706 3498 1752 tantum
3529 1698 3626 1751 viri
3655 1739 3669 1761 ,
3699 1698 3791 1752 sed

2203 1795 2363 1850 etiam
2391 1795 2627 1848 omnium
2657 1794 2767 1848 Rex
2799 1802 2852 1848 et
2895 1794 3035 1848 Deus
3067 1793 3117 1846 in
3159 1792 3274 1862 cjus
3303 1791 3792 1860 concupiscentiam

2204 1885 2386 1939 veniat
2419 1903 2432 1938 :
2463 1884 2908 1955 quemadmodum
2941 1893 2991 1938 ct
3023 1883 3294 1952 psalmista
3323 1883 3388 1937 de
3424 1882 3516 1936 illa
3552 1882 3794 1952 pulchri-

2209 1976 2389 2032 tudine
2405 1976 2636 2046 loquitnr
2655 1993 2668 2028 :
2694 1975 2762 2029 Et
2777 1975 3089 2046 concupiscet
3111 1991 3202 2030 rea:
3216 1974 3440 2029 decorem
3461 1983 3600 2027 tuum
3619 1971 3794 2046 (Ρεαι.

2205 2068 2275 2123 46
2294 2110 2310 2133 ,
2341 2069 2450 2140 12).
2475 2070 2664 2123 Annon
2693 2067 2844 2121 vides
2875 2068 2926 2121 in
2958 2065 3298 2137 lupanaribus
3322 2064 3590 2120 deformes
3619 2072 3676 2119 et
3696 2065 3798 2118 im-

2207 2158 2469 2230 pudentes
2499 2159 2750 2214 mulieres
2779 2175 2846 2213 ne
2876 2174 2904 2210 a
2935 2158 3316 2228 gladiatoribus
3342 2157 3576 2227 quidem,
3610 2156 3797 2226 fugiti-

2207 2252 2309 2318 vis,
2338 2261 2392 2307 et
2418 2252 2481 2305 iis
2506 2251 2738 2321 quicum
2766 2250 2951 2305 bestiis
2973 2249 3276 2320 depugnant
3300 2291 3316 2316 ,
3347 2249 3586 2312 admitti;
3618 2249 3662 2302 si
3693 2265 3798 2318 qua

2207 2359 2336 2400 vero
2362 2345 2429 2398 sit
2457 2343 2710 2408 formosa,
2742 2343 2968 2412 ingenua
2995 2350 3049 2396 et
3081 2340 3402 2410 pudibunda,
3427 2355 3545 2409 qua:
3569 2339 3798 2392 calami-

2209 2448 2319 2493 tate
2363 2436 2590 2507 quadam
2639 2437 2690 2490 in
2737 2436 2896 2490 talem
2944 2434 3188 2488 inciderit
3234 2431 3605 2486 necessitatem
3633 2472 3648 2496 ,
3677 2446 3801 2484 eam

2210 2546 2429 2585 uxorem
2453 2529 2648 2584 dueere
2673 2543 2740 2582 ne
2767 2527 2908 2581 viros
2936 2525 3148 2596 quidem
3175 2537 3394 2594 magnos
3423 2531 3474 2576 et
3502 2519 3801 2590 Splendide

2211 2623 2436 2677 fortunae
2465 2619 2824 2676 erubescere?
2853 2618 3002 2686 Quod
3034 2619 3077 2671 si
3105 2625 3248 2671 tanta
3271 2624 3353 2670 est
3381 2613 3522 2682 apud
3553 2612 3804 2665 homines

2210 2712 2594 2779 misericordia,
2609 2719 2663 2767 et
2684 2718 2858 2766 tantus
2869 2709 3052 2781 gloria:
3068 2717 3484 2777 contemptus,ut
3499 2719 3644 2773 smpe
3660 2704 3795 2764 ilias,

2211 2818 2330 2874 qua:
2354 2804 2406 2857 in
2430 2803 2632 2857 fornice
2653 2801 2938 2872 ignominia
2961 2809 3085 2854 sunt
3105 2797 3326 2861 affectaa,
3345 2797 3411 2850 ab
3434 2795 3524 2848 illa
3544 2795 3800 2848 servitute

2213 2893 2441 2947 liberent
2465 2933 2480 2960 ,
2512 2901 2567 2948 et
2609 2908 2705 2962 pro
2734 2891 3048 2961 coniugibus
3085 2888 3318 2944 habeant
3348 2905 3361 2940 :
3393 2895 3590 2954 quanto
3630 2885 3803 2951 major

2213 2984 2351 3053 apud
2392 2983 2564 3038 Deum
2587 2983 2690 3037 erit
2728 2997 2851 3052 erga
2890 2981 3123 3044 animas,
3167 2993 3284 3047 qua:
3324 2990 3418 3046 per
3461 2974 3799 3045 tyrannidem

2213 3076 2407 3132 diaboli
2450 3092 2482 3131 a
2528 3076 2701 3147 prisca
2743 3075 2831 3129 illa
2881 3073 3154 3129 nobilitate
3194 3073 3216 3102 ³
3264 3071 3316 3123 in
3360 3066 3643 3138 praesentis
3683 3066 3800 3116 vit-.e

2215 3169 2439 3240 lupanar
2484 3169 2715 3222 reducta:
2759 3166 2920 3220 sunt?
2967 3161 3279 3233 llujusmodi
3323 3157 3564 3226 exempla
3605 3156 3796 3224 passim

2215 3262 2354 3332 apud
2381 3261 2667 3332 prophetas
2691 3258 2946 3329 reperias,
2971 3271 3093 3311 cum
3118 3251 3407 3308 Jerusalem
3431 3248 3794 3316 alloquuntur,

2213 3371 2331 3426 qua:
2359 3353 2538 3424 utique
2568 3353 2619 3406 in
2665 3349 3065 3405 fornicationem
3100 3343 3392 3405 inciderat,
3423 3339 3532 3393 imo
3571 3335 3799 3391 fornica-

2217 3445 2414 3501 tionem
2455 3443 2582 3499 novi
2651 3443 2883 3515 generis,
2925 3434 3375 3512 quemadmodum
3407 3431 3481 3484 ait
3512 3427 3757 3483 Ezechiel
3787 3445 3798 3480 :

2220 3537 2463 3590 Omnibus
2487 3534 2828 3589 meretricibus
2848 3535 3034 3585 dantur
3054 3526 3324 3591 mercedes,
3350 3532 3402 3576 tu
3424 3537 3538 3576 vero
3560 3521 3800 3573 mercede:

2217 3626 2392 3690 dabas,
2423 3635 2470 3679 et
2499 3625 2640 3695 apud
2664 3633 2709 3676 te
2735 3623 2929 3676 diverso
2958 3621 3105 3675 modo
3134 3620 3328 3690 agitur,
3360 3628 3510 3684 quant
3538 3612 3680 3681 apud
3707 3626 3802 3665 ca:-

2216 3726 2348 3771 teras
2376 3714 2602 3790 (Ezcclz.
2632 3715 2718 3770 16.
2745 3715 2812 3769 55
2834 3713 2876 3784 ).
2911 3712 2978 3767 Et
3005 3711 3160 3776 alius,
3189 3707 3379 3765 sedisti
3409 3711 3708 3773 exspectans
3728 3717 3803 3754 eos

2219 3820 2474 3879 tamquam
2517 3807 2694 3861 cornix
2722 3806 2915 3862 deserta
2942 3803 2964 3834 ³
2990 3801 3118 3876 (Jer.
3149 3803 3202 3856 5.
3226 3800 3265 3854 2
3288 3799 3329 3868 ).
3356 3795 3503 3848 Hanc
3530 3793 3709 3862 itaque
3734 3794 3804 3846 sic

2220 3897 2530 3953 fornicatam
2554 3911 2762 3951 rursum
2785 3905 2974 3949 evocat
2991 3894 3147 3948 Deus.
3169 3887 3383 3945 Etenim
3404 3884 3687 3954 captivitas
3707 3896 3804 3935 non

2219 4001 2326 4046 tam
2349 3989 2416 4044 ad
2444 3989 2727 4044 vindictam
2749 3985 3036 4051 acciderat,
3060 3999 3216 4056 quam
3239 3981 3306 4036 ad
3330 3976 3741 4034 conversionem
3758 3982 3807 4026 et

2218 4083 2667 4139 emendationem.
2691 4079 2963 4151 Siquidem
2985 4078 3030 4134 si
3052 4093 3144 4132 eos
3167 4088 3383 4146 prorsus
3403 4069 3590 4127 ulcisci
3616 4067 3806 4121 voluis-

2218 4185 2300 4232 Set
2325 4177 2483 4241 Deus,
2509 4189 2613 4229 non
2631 4173 2933 4228 reduxisset
2953 4171 3191 4231 domum,
3217 4182 3317 4222 nec
3340 4167 3529 4221 urbem
3549 4159 3802 4230 majorem

2219 4277 2271 4322 ct
2283 4265 2718 4337 Splendidiorem,
2735 4277 2832 4318 nec
2845 4262 3097 4331 templum
3111 4258 3292 4314 itidem
3307 4257 3481 4312 denuo
3494 4255 3798 4310 excitasSet:

2220 4359 2333 4413 Erit
2351 4359 2504 4424 enim,
2527 4359 2619 4420 ait,
2641 4355 2804 4427 gloria
2830 4355 3006 4408 domus
3028 4352 3178 4422 hujus
3199 4349 3467 4403 novissima
3491 4344 3803 4417 praestantior

2221 4450 2388 4522 priore
2416 4447 2774 4523 (11993.40).
2807 4445 2958 4514 Quod
2988 4445 3032 4498 si
3060 4443 3199 4497 Deus
3229 4455 3373 4511 saepe
3397 4448 3804 4507 conspurcatam

2220 4541 2438 4595 libidine
2473 4555 2502 4593 a
2543 4537 2853 4608 ptenitentia
2885 4550 2990 4590 non
3015 4533 3274 4600 exclusit,
3303 4531 3468 4585 multo
3495 4530 3665 4598 magis
3694 4527 3802 4580 ani-

2221 4647 2362 4686 mam
2387 4641 2531 4685 tuam
2552 4626 2957 4698 amplexabitur.
2983 4639 3100 4694 quae
3122 4637 3261 4676 nunc
3283 4621 3510 4691 primum
3535 4619 3688 4687 lapsa
3713 4627 3806 4671 est.

2222 4723 2390 4778 Nemo
2413 4721 2577 4784 enim,
2603 4734 2761 4774 nemo
2783 4731 3056 4786 corporea:
3076 4721 3280 4768 amator
3300 4711 3506 4775 formm,
3532 4719 3810 4779 quantum-

2222 4817 2350 4871 libct
2391 4816 2608 4869 insanus
2628 4853 2642 4877 ,
2673 4820 2819 4865 tanta
2851 4808 3036 4862 amica:
3074 4821 3185 4860 sua:
3212 4803 3233 4835 ‘
3254 4803 3404 4859 ardet
3427 4801 3812 4869 concupiscet»-

2225 4910 2315 4972 tia,
2347 4914 2546 4976 quanto
2577 4901 2753 4957 studio
2783 4901 2927 4955 Deus
2953 4899 3251 4951 animarum
3283 4901 3584 4948 nostrarum
3615 4889 3812 4959 appetit

2222 5001 2448 5054 salutem
2480 5014 2492 5051 :
2518 4995 2657 5067 quod
2688 5004 2796 5048 tum
2826 5008 2891 5048 ex
2919 4992 2982 5046 iis
3003 5005 3123 5060 qua:
3144 4986 3382 5059 quotidie
3406 4984 3682 5047 accidunt,
3706 4995 3814 5036 tum

2223 5109 2287 5146 cx
2307 5092 2604 5145 divinarum
2625 5087 3018 5158 Scripturarum
3037 5082 3192 5137 dictis
3213 5079 3390 5134 videre
3411 5078 3555 5132 licet.
3578 5076 3817 5130 Observa

2225 5193 2330 5238 tam
2360 5185 2411 5238 in
2439 5185 2553 5252 ipso
2573 5179 2822 5236 Ieremia:
2848 5175 3090 5243 exordio,
3119 5189 3274 5244 quam
3302 5171 3428 5226 alibi
3455 5171 3660 5239 passim
3685 5166 3818 5238 apud

2224 5279 2532 5350 prophetas,
2562 5272 2829 5346 quomodo
2851 5271 3137 5339 despectus
3159 5276 3210 5320 ct
3235 5263 3562 5332 contemptui
3585 5261 3817 5323 habitus,

2225 5385 2436 5428 rursum
2469 5369 2630 5421 instet
2663 5373 2717 5420 et
2742 5362 3029 5418 amicitiam
3065 5374 3251 5414 eorum
3278 5399 3294 5424 ,
3323 5356 3410 5426 qui
3452 5354 3522 5408 ab
3563 5369 3626 5408 se
3655 5352 3821 5407 aversi

2226 5467 2437 5520 fuerant
2462 5505 2474 5530 ,
2505 5461 2752 5531 exquirat
2779 5477 2792 5512 :
2824 5455 2964 5529 quod
2987 5455 3146 5509 etiam
3176 5453 3288 5523 ipse
3317 5453 3367 5504 in
3398 5449 3709 5519 Evangeliis
3737 5447 3821 5500 de-

2291 5669 2302 5698 ¹
2343 5663 2481 5715 Smil.
2507 5673 2558 5714 et
2574 5663 2770 5726 quidam
2799 5669 2908 5729 itas.
2936 5657 3134 5729 addunt,
3225 5655 3335 5729 rita.

2289 5731 2309 5761 ι
2342 5729 2482 5777 savil.
2504 5735 2554 5776 et
2577 5717 2704 5774 unus
2723 5723 2856 5779 t:od.,
2882 5720 3128 5772 nobilitate
3146 5727 3189 5768 rt
3216 5717 3404 5766 decore.

2291 5792 2312 5822 ³
2344 5772 2486 5838 sai-ii;
2508 5772 2559 5837 éi
2573 5772 2781 5850 quatuor
2798 5772 2924 5841 Mss,
2948 5781 3118 5832 caruit
3138 5781 3185 5829 in
3210 5781 3398 5826 deserto
3421 5772 3547 5824 sola.

2294 5858 2318 5884 ⁵
2348 5857 2516 5909 Deest,
2537 5864 2660 5908 suu‘,
2678 5851 2726 5897 iu
2751 5850 2931 5910 aliquot
2953 5852 3058 5894 ms.
