3954 6400
270 335 372 389 297

274 453 445 505 claret
472 451 552 506 his
589 453 764 510 verbis
797 469 811 508 :
841 453 1122 509 Jerusalem
1145 496 1160 521 ,
1190 455 1468 510 Ierusalem
1488 497 1503 521 ,
1533 473 1647 526 qua
1669 458 1853 511 occidis

273 545 579 623 prophetas,
606 553 656 598 et
691 545 892 616 lapidas
923 561 1006 600 eos
1029 547 1115 615 qui
1151 547 1218 600 ad
1253 556 1299 602 te
1330 548 1468 601 missi
1493 557 1636 615 sunt,
1667 549 1857 617 quoties

275 635 410 688 solui
427 648 736 707 congregare
758 637 894 706 ﬁlios
922 647 1052 705 tuos,
1074 639 1496 706 quemadmodum
1519 641 1710 712 gallina
1733 659 1855 696 eon-

273 734 448 796 gregat
470 727 637 795 pullos
657 743 774 781 suos
794 730 884 783 sub
904 730 1034 796 alas,
1060 739 1106 784 et
1125 731 1356 785 noluistis
1381 730 1592 804 (Hau/1.
1612 733 1704 790 23.
1727 734 1858 806 57)?

276 816 344 870 Et
363 817 560 872 Paulus
587 819 638 872 in
662 815 893 888 Epistola
920 820 984 875 ad
1009 821 1311 878 Corinthios
1328 823 1541 880 dicebat
1563 841 1579 879 :
1605 824 1858 892 Quoniam

273 904 413 959 Deus
452 915 561 960 erat
595 907 650 960 in
684 907 918 975 Christo,
951 912 1196 965 mundum
1233 915 1561 969 reconcilians
1598 916 1724 980 sibi,
1755 933 1856 971 non

267 1005 513 1062 reputans
534 998 638 1052 illis
663 999 847 1054 delicta
875 1001 1120 1071 ipsorum,
1149 1014 1196 1058 et
1221 1007 1386 1075 posuit
1410 1009 1463 1062 in
1487 1007 1630 1063 nobis
1655 1009 1854 1064 verbum

267 1089 713 1145 reconciliationis.
745 1090 850 1146 Pro
875 1092 1076 1150 Christo
1117 1112 1234 1168 ergo
1269 1097 1517 1170 legatione
1557 1102 1852 1172 fungimur,

271 1187 514 1247 tanquam
541 1177 648 1232 Deo
671 1182 968 1236 exhortante
985 1199 1076 1254 per
1097 1201 1208 1240 nos.
1239 1184 1569 1244 Obsecramus
1593 1207 1685 1260 pro
1707 1190 1858 1248 Clari-

273 1281 372 1332 sto,
395 1272 786 1327 reconciliamini
807 1273 916 1330 Deo
938 1275 1014 1347 (2.
1040 1275 1160 1332 Cor.
1183 1279 1237 1334 5.
1265 1280 1352 1335 l9.
1379 1281 1493 1352 20).
1522 1283 1648 1339 Haec
1667 1285 1733 1339 ad
1756 1300 1858 1340 nos

274 1373 421 1412 nunc
446 1359 584 1416 dicta
609 1371 788 1431 putato
816 1383 829 1418 :
855 1381 957 1420 non
979 1367 1124 1422 enim
1146 1369 1488 1427 incredulitas
1510 1381 1736 1443 tantum,
1761 1376 1856 1432 sed

273 1451 434 1506 etiam
464 1453 572 1508 vita
601 1453 870 1510 immunda
897 1458 1137 1518 odiosam
1173 1460 1308 1517 hanc
1333 1462 1662 1520 inimicitiam
1707 1469 1854 1523 exci-

270 1550 390 1596 tare
418 1551 588 1611 potest
615 1561 628 1597 :
656 1542 794 1598 Nam
818 1548 1063 1616 sapientia
1087 1551 1272 1616 carnis,
1293 1552 1482 1622 inquit,
1501 1555 1762 1610 inimicitia
1784 1566 1857 1611 est

275 1629 388 1684 Deo
417 1629 610 1706 (Rom.
641 1637 694 1688 8.
723 1636 820 1706 7).
852 1637 1194 1694 Destruamus
1223 1642 1382 1712 igitur
1406 1643 1507 1699 hoc
1531 1656 1763 1715 septum,
1792 1661 1858 1704 ac

271 1725 552 1777 diruamus
583 1735 952 1797 mortuumque
983 1745 1260 1800 ponamus,
1288 1742 1344 1788 ut
1373 1733 1579 1790 beatam
1611 1740 1856 1794 reconci-

269 1811 550 1867 liationem
574 1812 932 1882 adipiscamur
949 1861 964 1886 ,
994 1829 1049 1876 ut
1075 1820 1358 1879 reddatnur
1385 1825 1577 1882 iterum
1603 1829 1858 1886 amabiles

282 1915 326 1956 et
361 1902 741 1962 desiderabiles
763 1909 893 1965 Deo.

373 2013 462 2066 li.
515 2013 819 2070 Theodorus
853 2015 1160 2072 Hermiones
1191 2034 1369 2072 amore
1395 2027 1601 2087 captus.
1640 2048 1711 2060 —
1743 2019 1870 2074 Scio

297 2115 352 2160 te
386 2119 532 2159 nunc
562 2104 886 2162 Hermioues
919 2109 1150 2164 formam
1177 2110 1389 2175 mirari,
1411 2109 1656 2180 nihilque
1678 2111 1732 2163 in
1761 2118 1869 2164 ter-

296 2195 379 2250 ris
428 2197 550 2265 ejus
585 2197 998 2266 pulchritudine
1029 2215 1126 2270 par
1160 2215 1285 2255 esse
1326 2208 1538 2269 putare.
1589 2199 1790 2257 Verum
1821 2200 1867 2255 si

297 2288 454 2353 velis,
488 2303 521 2342 ο
553 2288 748 2352 amice,
792 2295 944 2344 tanto
992 2289 1084 2344 illa
1136 2289 1436 2360 elegantior
1479 2298 1534 2346 et
1589 2291 1870 2360 pulchrior

293 2378 430 2443 eris,
453 2379 836 2448 quantoluteis
867 2395 1047 2435 aurem
1069 2387 1284 2436 statuae.
1309 2379 1444 2434 Nam
1481 2381 1524 2434 si
1550 2381 1602 2434 in
1634 2395 1868 2450 corpore

297 2470 654 2540 pulchritudo
690 2471 985 2525 multorum
1027 2471 1242 2527 animos
1274 2470 1350 2525 ita
1386 2470 1635 2540 percellit
1669 2478 1723 2525 et
1777 2486 1874 2525 ex-

293 2562 448 2627 citat,
499 2561 716 2631 quando
762 2577 825 2617 ea
861 2562 916 2615 in
951 2562 1134 2616 anima
1169 2560 1469 2624 refulserit,
1505 2560 1634 2630 quid
1691 2561 1874 2629 hujus-

292 2652 443 2706 inodi
469 2645 681 2722 specie‘;
713 2667 776 2706 ac
801 2650 1194 2722 pulchritudini
1231 2651 1412 2707 simile
1453 2651 1661 2706 fuerit?
1692 2649 1873 2721 Siqui-

289 2743 417 2799 dem
444 2743 610 2812 hujus
639 2742 1066 2813 pulchritudinis
1097 2742 1406 2797 substantia
1437 2742 1575 2797 nihil
1603 2741 1750 2795 aliud
1769 2748 1874 2806 est,

287 2847 454 2902 quam
483 2833 755 2902 phlegma,
785 2830 1032 2902 sanguis,
1073 2830 1290 2896 humor,
1310 2831 1459 2895 bilis,
1485 2839 1539 2886 et
1569 2831 1676 2885 cibi
1699 2828 1874 2884 mansi

287 2936 515 2977 succus.
552 2919 648 2976 His
690 2920 890 2991 quippe
937 2920 1103 2976 rebus
1135 2921 1305 2987 oculi,
1354 2936 1507 2992 genae
1553 2927 1608 2976 et
1663 2921 1874 2990 reliqua

289 3013 530 3068 membra
583 3013 881 3083 irrigantur
923 3012 1116 3083 :quod
1165 3013 1213 3067 si
1263 3013 1639 3084 irrigationem
1691 3012 1878 3081 hujus-

287 3102 434 3155 modi
477 3117 508 3156 a
560 3110 750 3158 ventre
777 3110 831 3158 et
860 3118 889 3156 a
914 3102 1103 3172 jecore
1140 3111 1557 3173 promanantem
1592 3120 1700 3160 non
1733 3119 1872 3175 quo-

287 3193 421 3248 tidie
435 3193 731 3264 accipiant,
749 3203 876 3250 cute
898 3194 1562 3261 indecoremarcescente,
1578 3197 1865 3267 oculisque

285 3286 584 3355 depressis,
619 3286 732 3341 oris
763 3287 977 3355 species
1013 3294 1126 3341 tota
1165 3287 1431 3342 continuo
1468 3287 1667 3342 avolat.
1697 3285 1775 3340 lta
1810 3295 1869 3340 ut

283 3379 331 3432 si
373 3378 713 3440 consideres,
753 3393 874 3448 quae
912 3377 1265 3447 pulchritudo
1316 3378 1448 3434 insit
1495 3379 1695 3443 oculis,
1749 3393 1870 3447 quae

284 3475 434 3520 recte
463 3467 785 3537 compositis
810 3467 1058 3533 naribus,
1087 3483 1209 3538 quae
1240 3469 1458 3538 corpori
1489 3476 1543 3523 et
1573 3469 1748 3539 genis,
1780 3469 1864 3521 ni-

283 3555 360 3608 hil
392 3555 537 3609 aliud
568 3571 692 3612 esse
716 3557 966 3627 corporis
995 3557 1463 3628 pulchritudinem
1495 3559 1672 3626 dicas,
1699 3574 1865 3629 quam

281 3647 638 3716 sepulchrum
679 3648 992 3703 dealbatum
1038 3667 1052 3704 :
1085 3655 1238 3703 tanta
1269 3665 1468 3719 nempe
1513 3650 1663 3705 intus
1704 3649 1868 3706 sorde

285 3740 512 3808 plenum
564 3748 666 3795 est.
706 3738 913 3795 Deinde
951 3755 1194 3811 pannum
1247 3742 1293 3796 si
1326 3741 1533 3799 videris
1573 3743 1863 3798 intinctum

280 3829 597 3897 hujusmodi
641 3832 829 3898 rebus,
877 3831 1076 3901 pituita
1121 3832 1377 3888 videlicet
1419 3842 1514 3888 aut
1565 3833 1757 3898 ﬂuore,
1796 3847 1864 3890 ne

276 3918 539 3972 extremis
567 3917 784 3988 quidem
809 3919 994 3989 digitis
1019 3922 1361 3992 contingere,
1398 3922 1510 3977 imo
1553 3938 1655 3978 nec
1687 3924 1864 3994 respi-

277 4023 404 4062 cere
431 4009 600 4063 audes
637 4029 650 4064 :
693 4017 749 4064 et
779 4019 960 4066 tamen
1003 4012 1319 4082 hujusmodi
1361 4029 1544 4068 rerum
1579 4015 1860 4070 conclavia

275 4109 330 4153 et
365 4102 663 4169 apothecas
693 4103 914 4172 plurimi
951 4103 1126 4161 facis?
1153 4105 1224 4158 At
1248 4107 1598 4176 pulchritudo
1629 4115 1720 4162 tua
1749 4123 1858 4162 non

277 4191 594 4259 hujusmodi
631 4203 771 4258 erat,
814 4195 907 4250 sed
945 4195 1018 4249 ila
1055 4197 1410 4266 prastantior
1457 4197 1571 4262 illa,
1620 4207 1679 4253 ut
1731 4200 1856 4256 caeli

274 4290 478 4338 terram
507 4286 845 4340 antecellunt
871 4303 884 4352 ;
924 4287 1034 4342 imo
1063 4286 1218 4343 cmlis
1246 4287 1384 4358 ipsis
1417 4289 1587 4343 multo
1614 4291 1856 4359 splendi-

275 4372 402 4426 dior
438 4383 492 4427 et
531 4374 744 4429 melior.
775 4376 1027 4431 Animam
1072 4377 1274 4448 quippe
1317 4377 1579 4434 nudatam
1622 4394 1855 4452 corpore

271 4469 432 4548 nemo
459 4455 716 4548 hactenus
760 4462 891 4518 vidit
930 4483 943 4520 :
989 4466 1202 4525 aliunde
1231 4479 1404 4527 tamen
1446 4474 1563 4546 ejus
1608 4477 1698 4533 tibi
1730 4483 1852 4548 pnl-

268 4544 626 4635 chritudinem
680 4551 1048 4613 demonstrare
1093 4561 1347 4630 tentabo,
1394 4579 1425 4619 a
1478 4544 1856 4635 potentiis-ni-

268 4634 465 4690 mirum
515 4640 827 4710 majoribus.
856 4647 994 4702 Audi
1034 4649 1195 4719 igitur
1223 4634 1491 4723 quomodo
1515 4658 1685 4714 virum
1707 4660 1854 4716 desi-

269 4723 541 4783 deriorum
562 4731 576 4762 ¹
597 4731 807 4787 illarum
830 4735 994 4792 decor
1021 4742 1334 4809 perculserit
1355 4761 1506 4802 :cum
1529 4750 1690 4806 vellet
1709 4752 1852 4808 enim

265 4830 454 4914 earum
487 4820 944 4914 pulchritudinem
987 4827 1279 4900 declarare,
1307 4850 1408 4892 nec
1437 4850 1618 4908 posset
1659 4855 1856 4914 corpus

267 4906 356 4962 his
380 4908 554 5004 simile
582 4916 840 4984 reperire,
863 4918 930 4973 ad
953 4923 1273 4978 metallicam
1295 4906 1571 4984 materiam
1593 4906 1850 5004 confugit,

264 5014 442 5069 neque
483 5001 565 5058 his
608 5015 913 5076 contentus,
963 5012 1183 5084 fulguris
1211 5017 1552 5087 splendorem
1584 5022 1636 5078 in
1665 5001 1852 5081 exe—mé

264 5098 411 5166 plum
441 5099 636 5156 attulit.
669 5103 784 5157 Etsi
825 5113 1002 5160 autem
1042 5107 1150 5162 illas
1183 5123 1288 5184 non
1321 5127 1511 5180 puram
1550 5114 1853 5186 nudamque

261 5187 615 5248 substantiam
659 5209 809 5249 suam
854 5197 1203 5262 ostenderint,
1251 5200 1345 5254 sed
1389 5201 1618 5260 obscure
1662 5206 1850 5261 admo-

259 5279 415 5347 dum,
445 5297 508 5337 ac
538 5287 682 5340 velut
708 5287 762 5342 in
793 5287 1017 5354 umbris,
1060 5293 1132 5344 ita
1161 5299 1340 5346 tamen
1377 5294 1848 5364 resplendueruut,

259 5383 322 5426 ut
351 5388 444 5429 eas
471 5391 729 5448 apparere
753 5381 1040 5437 verisimile
1060 5391 1142 5438 est
1160 5399 1281 5439 cum
1311 5400 1471 5440 omne
1490 5388 1846 5444 velamentum

257 5475 527 5522 remotum
557 5469 735 5525 fuerit.
769 5471 898 5527 Tale
923 5475 1190 5544 quidpiam
1215 5475 1283 5533 de
1311 5478 1706 5548 pulchritudine
1735 5483 1850 5537 ani-

263 5684 278 5694 .
303 5626 340 5698 "
358 5631 509 5698 .Unus
524 5626 760 5698 codexnet
781 5628 922 5698 sat-il.
948 5631 1008 5698 in
1040 5632 1280 5698 margine,
1308 5633 1510 5684 tentabo.
1545 5636 1678 5698 (ﬁnde
1701 5637 1849 5698 igitur

254 5687 313 5735 id
335 5687 710 5759 demonstrabo?
730 5703 762 5757 a
790 5689 1059 5759 .ctzlestibus
1106 5687 1338 5759 petentur.
1367 5705 1416 5745 Ιίι
1461 5696 1579 5745 audi
1615 5687 1849 5759 quomodo

253 5748 706 5802 supernaturalibw
730 5750 967 5801 initiatum
993 5748 1145 5803 riruin
1170 5756 1518 5808 desideriorum
1546 5795 1555 5805 .
1589 5797 1600 5808 .
1627 5748 1638 5807 ξ
1661 5794 1675 5808 .

1439 344 1528 398 Alt
1568 343 1990 402 TllEODORUM
2033 342 2319 404 LAPSUM.
2360 349 2401 405 Ι.

3439 349 3546 407 398

1972 477 2073 516 nite
2103 465 2334 533 cogitare
2356 472 2582 534 oportet.
2614 463 2797 530 Erunt,
2830 463 3016 536 inquit,
3041 465 3170 520 sicut
3198 467 3364 538 angeli
3395 468 3544 536 (Luc.

1968 555 2062 611 20.
2089 556 2202 629 36).
2235 555 2289 610 lu
2319 556 2632 626 corporibus
2654 572 2862 628 quoque
2888 572 2973 624 ea,
3001 573 3120 628 quas
3143 558 3338 614 leviora
3365 566 3417 614 et
3463 567 3545 613 te-

1969 647 2157 701 nuiora
2188 654 2334 712 sunt,
2361 661 2584 717 qumque
2608 661 2703 716 per
2723 647 2861 701 viam
2885 646 3124 703 feruntur
3142 646 3209 702 ad
3233 647 3546 718 incorporea

1967 735 2298 801 tendentem,
2327 736 2482 806 longe
2505 738 2872 806 prmstantiora
2907 747 2960 792 et
2986 738 3307 794 mirabiliora
3335 738 3546 793 cretcris

1969 826 2249 882 habentur.
2277 825 2478 883 Czelum
2509 827 2667 898 igitur
2694 828 2874 895 terris,
2909 815 3044 898 ignis
3068 830 3239 900 aquis,
3268 829 3434 885 stellae
3469 829 3546 883 la-

1967 917 2176 986 pidibus
2223 919 2503 988 pretiosis,
2551 920 2709 990 longe
2766 919 3089 990 speciosiora
3133 929 3307 976 sunt:
3355 919 3542 975 iridem

1972 1010 2140 1065 multo
2168 1010 2354 1080 magis,
2401 1026 2558 1080 quam
2586 1011 2773 1077 violas,
2811 1024 2962 1066 rosas
2987 1021 3316 1082 cazterosque
3358 1025 3545 1065 omnes

1972 1112 2129 1157 terra:
2161 1101 2321 1157 flores
2345 1101 2690 1158 admiramur.
2721 1102 2778 1158 ln
2799 1117 3006 1158 summa
3044 1104 3088 1157 si
3130 1117 3314 1173 posses
3353 1103 3545 1156 anima:

1973 1191 2422 1261 pulchritudinem
2464 1194 2632 1248 oculis
2677 1193 2953 1263 corporeis
3002 1193 3238 1258 intueri,
3287 1207 3545 1262 corporea

1968 1281 2082 1337 haec
2126 1283 2368 1353 exempla
2414 1282 2708 1351 derideres,
2758 1299 2926 1354 usque
2954 1283 3087 1338 adeo
3125 1283 3353 1339 tenuiter
3396 1282 3548 1337 nobis

1967 1375 2158 1429 anima:
2205 1373 2430 1430 formam
2476 1375 2832 1446 decoremque
2873 1375 3163 1431 detineant.
3190 1375 3290 1439 Ne,
3341 1389 3542 1444 quaeso,

1970 1466 2128 1521 talem
2160 1466 2572 1535 possessionem,
2609 1477 2662 1522 et
2698 1467 3001 1537 hujusmodi
3046 1467 3351 1523 felicitatem
3382 1468 3548 1537 negli~

1964 1572 2150 1626 gamus
2191 1576 2204 1611 :
2252 1572 2373 1612 cum
2419 1559 2649 1614 maxime
2691 1558 2860 1615 facilis
2891 1560 3045 1616 nobis
3085 1560 3262 1616 aditus
3291 1561 3358 1614 ad
3403 1560 3548 1615 illam

1965 1645 2408 1716 pulchritudinem
2439 1647 2593 1702 detur
2613 1663 2708 1718 pcr
2726 1663 2876 1717 sporn
2903 1649 3246 1704 futurorum‘.
3267 1649 3551 1703 Nomenta-

1965 1755 2114 1793 neum
2141 1740 2295 1807 enim,
2339 1741 2527 1810 inquit,
2561 1753 2608 1795 et
2646 1743 2750 1796 leue
2798 1741 3137 1796 tribulationis
3181 1752 3365 1796 nostrae
3393 1758 3550 1812 supra

1963 1829 2170 1883 modum
2195 1829 2247 1884 in
2270 1830 2591 1897 sublimitate,
2614 1842 2854 1886 (sternunt
2879 1831 3058 1902 glorite
3071 1832 3273 1902 pondus
3289 1842 3548 1901 operatur,

1965 1936 2067 1973 non
2092 1919 2542 1989 contemplantibus
2581 1920 2722 1974 nobis
2749 1937 2861 1991 qua:
2884 1921 3137 1986 uidentur,
3166 1924 3253 1976 sed
3293 1937 3408 1993 quae
3448 1938 3552 1975 non

1964 2010 2237 2066 videntur:
2278 2027 2391 2080 qua:
2424 2012 2557 2065 enim
2603 2013 2831 2067 videntur
2879 2014 3175 2082 temporalia
3223 2021 3338 2067 sunt
3372 2029 3392 2076 ;
3439 2029 3552 2082 quas

1965 2111 2133 2156 autem
2155 2119 2256 2156 non
2282 2103 2534 2168 uidentur,
2575 2113 2760 2157 acterna
2787 2103 2864 2177 (2.
2896 2103 3015 2158 Cor.
3042 2105 3096 2159 4.
3145 2104 3256 2173 Π).
3306 2104 3462 2170 Quod
3505 2106 3556 2160 si-

1968 2191 2358 2256 tribulationes,
2387 2207 2520 2263 quas
2542 2193 2702 2261 nosti,
2727 2194 2874 2249 leves
2895 2194 3102 2249 vocavit
3123 2194 3310 2251 beatus
3331 2194 3558 2260 Paulus,
3618 2256 3626 2264 .

1965 2282 2089 2351 quia
2116 2297 2220 2336 non
2250 2283 2535 2353 respicitur
2557 2283 2625 2338 ad
2651 2299 2714 2338 ea
2735 2299 2854 2354 qua:
2883 2284 3150 2349 videnlur,
3183 2285 3351 2339 multo
3381 2283 3556 2338 levius

1965 2382 2020 2426 ct
2048 2371 2258 2428 facilius
2299 2375 2402 2428 erit
2438 2373 2710 2430 libidinem
2760 2374 2968 2430 sedare.
2999 2374 3245 2429 Nondum
3295 2375 3440 2430 enim
3483 2374 3552 2428 ad

1968 2464 2202 2535 pericula
2235 2473 2286 2520 te
2316 2464 2406 2519 illa
2432 2479 2708 2532 vocamus,
2737 2479 2842 2518 non
2873 2465 2939 2519 ad
2970 2474 3170 2520 mortes
3191 2465 3556 2535 quotidianas,

1967 2572 2072 2611 non
2101 2556 2167 2610 ad
2196 2556 2374 2626 plagas
2404 2555 2732 2627 frequentes,
2775 2556 3016 2621 verbera,
3061 2550 3292 2624 vincula,
3323 2556 3551 2610 inimici-

1967 2647 2067 2701 tias
2096 2661 2215 2700 cum
2245 2646 2374 2701 orbe
2406 2655 2690 2712 terrarum,
2733 2661 2837 2701 non
2867 2646 2936 2700 ad
2962 2646 3081 2701 odia
3108 2646 3550 2711 domesticorum,

1967 2752 2074 2791 non
2122 2737 2188 2792 ad
2219 2737 2423 2806 vigilias
2471 2737 2798 2806 frequentes,
2846 2737 3032 2807 longas
3073 2738 3551 2806 peregrinationes,

1965 2827 2260 2899 naufragia,
2305 2829 2567 2884 latronum
2616 2828 2881 2895 incursus,
2913 2838 3260 2896 Cognatorum
3311 2827 3552 2891 insidias,

1965 2921 2182 2977 dolores
2199 2923 2494 2977 amicorum
2523 2937 2718 2985 causa;
2750 2936 2854 2976 non
2897 2920 2962 2975 ad
2991 2921 3208 2984 famem,
3238 2919 3426 2990 frigus,
3452 2936 3551 2974 nu-

1964 3013 2203 3078 ditatem,
2233 3013 2590 3079 exustionem,
2623 3012 2929 3067 mmstitiam
2966 3026 3064 3080 pro
3099 3013 3258 3067 rebus
3283 3011 3397 3067 sive
3427 3011 3550 3074 tuis,

1965 3104 2078 3158 sive
2100 3117 2205 3158 non
2238 3103 2360 3158 tuis.
2400 3102 2542 3157 Nihil
2591 3102 2780 3155 horum
2823 3102 2931 3172 jam
2963 3103 3293 3170 postulamus
3333 3103 3468 3170 ;sed
3501 3104 3552 3156 id

1963 3195 2134 3251 solum
2155 3209 2424 3265 rogamus,
2446 3209 2478 3248 a
2503 3193 2786 3249 maledicta
2807 3194 3063 3249 servitute
3091 3195 3285 3251 liberes
3308 3203 3380 3261 te,
3400 3204 3457 3252 et
3485 3196 3552 3249 ad

1965 3288 2243 3359 pristinam
2287 3287 2588 3342 libertatem
2635 3297 2941 3351 revertare,
2986 3296 3157 3340 tecum
3208 3295 3460 3355 reputans
3497 3294 3553 3339 et

1964 3378 2198 3433 libidinis
2221 3392 2426 3447 pinnas,
2461 3386 2516 3432 et
2545 3377 2780 3432 debitum
2803 3376 3042 3448 pristina:
3063 3376 3244 3432 virtuti
3283 3385 3386 3431 tua?
3416 3392 3552 3446 pra:-

1963 3469 2150 3524 mium.
2175 3468 2306 3522 Nam
2354 3468 2496 3539 quod
2528 3467 2786 3523 increduli
2812 3468 2952 3523 circa
2985 3468 3431 3522 resurrectionem
3460 3481 3550 3521 se-

1963 3561 2140 3634 gniter
2168 3559 2344 3615 allecti
2389 3560 2514 3627 sint,
2549 3574 2649 3615 nec
2695 3575 2946 3630 umquam
2977 3557 3102 3614 inde
3137 3567 3338 3614 metum
3383 3558 3553 3612 susci-

1965 3655 2130 3724 piant,
2157 3652 2289 3707 nihil
2315 3661 2462 3708 certe
2505 3651 2699 3707 mirum
2727 3660 2852 3708 est:
2886 3651 2982 3707 sed
3029 3651 3169 3722 quod
3199 3666 3297 3704 nos
3341 3650 3432 3719 qui
3483 3649 3551 3703 dc

1965 3745 2154 3801 futuris
2183 3747 2352 3816 magis
2394 3759 2553 3816 quam
2596 3743 2665 3800 de
2708 3744 3062 3814 prmsentibus
3106 3743 3268 3798 rebus
3311 3743 3549 3812 persuasi

1963 3850 2169 3900 sumus,
2208 3843 2316 3891 tam
2341 3835 2538 3892 misere
2565 3835 2841 3908 degamus,
2873 3844 2980 3891 tam
3011 3833 3338 3900 calamitose,
3371 3833 3548 3888 nullo-

1962 3943 2066 3998 que
2091 3942 2254 3983 sensu
2282 3942 2348 3982 ex
2378 3943 2564 3984 earum
2602 3927 2860 3983 memoria
2886 3926 3202 3988 aﬂiciamur,
3242 3924 3338 3981 sed
3374 3923 3427 3979 iu
3456 3939 3551 3980 ex-

1966 4027 2189 4074 tremam
2237 4018 2498 4074 incuriam
2527 4017 2858 4082 delabamur,
2891 4017 2944 4072 id
2989 4031 3119 4072 sane
3145 4015 3391 4071 amentiae
3434 4013 3548 4083 plc-

1963 4126 2090 4166 num
2117 4118 2219 4166 est.
2249 4110 2306 4166 Si
2332 4111 2476 4165 enim
2507 4124 2606 4165 nos
2642 4109 2828 4164 ﬁdeles
2849 4108 3037 4163 eadem
3067 4123 3186 4178 quae
3212 4106 3452 4162 infideles
3472 4105 3547 4160 illi

1963 4199 2206 4266 facimus,
2230 4200 2339 4254 imo
2360 4198 2718 4254 miserabilius
2740 4211 2897 4267 quam
2922 4196 2997 4250 illi
3019 4196 3191 4250 allecti
3218 4195 3544 4266 sumus(non

1962 4291 2154 4346 desunt
2170 4290 2312 4345 enim
2335 4290 2473 4344 inter
2487 4288 2626 4355 illos,
2643 4288 2730 4358 qui
2749 4287 2978 4342 humana
3000 4287 3192 4341 virtute
3210 4285 3543 4355 claruerint):

1961 4397 2080 4452 quae
2111 4379 2263 4434 nobis
2293 4378 2397 4434 erit
2443 4377 2758 4446 consolatio,
2790 4393 2909 4448 quae
2936 4377 3150 4432 demum
3167 4372 3363 4432 venia?
3395 4375 3545 4430 Multi

1962 4469 2179 4543 quidem
2200 4477 2526 4525 mercatores
2547 4468 2878 4538 naufragium
2900 4469 3043 4539 passi
3071 4482 3180 4522 non
3203 4467 3382 4522 animo
3414 4482 3545 4522 con-

1960 4562 2326 4632 ciderunt,sed
2350 4562 2536 4618 eadem
2563 4561 2806 4617 institere
2824 4560 2928 4628 via;
2953 4574 3272 4631 quamquam
3294 4559 3346 4614 id
3366 4558 3546 4614 damni

1961 4672 2068 4712 non
2095 4671 2162 4712 ex
2190 4657 2414 4727 segnitie
2442 4655 2682 4712 evenerit
2706 4654 2804 4709 sibi
2835 4693 2852 4722 ,
2878 4652 2973 4710 sed
3002 4653 3050 4708 vi
3083 4659 3364 4708 ventorum
3401 4669 3416 4707 :
3448 4667 3543 4708 nos

1960 4761 2161 4816 autem,
2200 4750 2394 4820 quibus
2439 4747 2508 4804 de
2551 4748 2692 4804 bono
2742 4747 2848 4802 line
2876 4763 3092 4817 semper
3136 4762 3354 4818 sperare
3396 4746 3542 4812 licet,

1959 4855 2079 4896 cum
2120 4841 2288 4911 probe
2341 4841 2593 4908 sciamus,
2643 4855 2816 4910 neque
2864 4840 3220 4912 naufragium,
3252 4855 3424 4910 neque
3450 4839 3546 4894 dc-

1963 4932 2195 4988 trimenti
2221 4931 2480 5003 quidlibet
2501 4931 2678 4986 invitis
2707 4931 2862 4987 nobis
2891 4931 3246 4987 obventurum
3273 4945 3414 4996 esse,
3448 4947 3544 4984 an-

1961 5039 2067 5079 non
2091 5038 2206 5078 rem
2231 5022 2635 5093 aggrediemur?
2656 5037 2834 5077 annon
2873 5023 3140 5088 eamdem,
3171 5037 3328 5092 quam
3371 5021 3540 5089 prius,

1959 5124 2313 5170 mercaturam
2363 5128 2716 5182 resumemus,
2758 5114 2852 5169 sed
2889 5116 3065 5185 supini
3111 5113 3372 5169 consertis
3401 5113 3538 5182 apud

1959 5224 2057 5264 nos
2105 5209 2351 5264 manibus
2391 5208 2728 5278 jacebimus?
2767 5208 2836 5264 Et
2879 5209 3078 5263 utinam
3121 5207 3259 5280 apud
3290 5219 3388 5260 nos
3420 5215 3536 5258 tan-

1961 5310 2094 5368 tum,
2145 5309 2198 5356 et
2229 5317 2337 5356 non
2363 5302 2521 5356 etiam
2554 5311 2738 5357 contra
2761 5315 2880 5364 nos,
2909 5299 3051 5370 quod
3080 5308 3278 5369 aperta:
3317 5296 3538 5350 insania:

1957 5399 2058 5446 est.
2090 5391 2224 5445 Nam
2257 5391 2303 5446 si
2330 5393 2447 5462 quis
2493 5392 2637 5462 pugil
2678 5391 2880 5447 omisso
2917 5389 3243 5454 adversario,
3293 5386 3346 5440 in
3375 5396 3538 5456 caput

1956 5501 2109 5540 suum
2142 5499 2332 5539 manus
2355 5491 2694 5543 converteret
2721 5483 3014 5552 faciemque
3053 5493 3205 5534 suam
3235 5477 3536 5533 contunde-

1957 5587 2058 5640 ret,
2088 5591 2266 5631 annon
2295 5591 2416 5632 eum
2439 5577 2576 5630 inter
2605 5574 2834 5632 furiosos
2859 5568 3375 5627 annumeraremus?
3400 5570 3539 5637 Sup-

2021 5693 2033 5717 ι
2058 5692 2232 5752 Regius
2252 5703 2377 5738 unus
2393 5690 2546 5738 addit:
2565 5693 2618 5736 Et
2641 5687 2767 5752 quod
2792 5686 2878 5736 hoc
2903 5697 3072 5752 rerum
3089 5691 3176 5752 est,
3200 5681 3538 5752 audifaulunt

1954 5750 2077 5804 illud
2097 5745 2228 5806 uultis
2251 5745 2726 5804 (lcnwnstruutcm'iis
2752 5762 2858 5812 qua
2875 5749 2940 5797 ml
2964 5748 3226 5799 corinthios
3243 5763 3308 5800 sc:
3322 5745 3420 5796 ibit.
