3954 6460
367 407 470 466 299

370 525 623 595 plantavit
649 536 744 578 nos
773 519 1014 578 diabolus
1052 534 1116 576 ac
1143 521 1338 592 dejecit
1366 538 1379 574 :
1410 529 1733 591 quapropter
1763 535 1941 575 resur-

370 631 496 686 gere
537 621 766 683 oportet,
808 626 1106 682 curareque
1147 627 1216 666 ne
1259 610 1619 681 abripiamur,
1668 627 1801 667 neve
1849 625 1948 666 nos

373 703 672 773 praecipites
698 702 907 768 demus,
937 717 1042 755 neu
1085 701 1202 768 ejus
1233 701 1396 770 plagis
1425 701 1555 754 alias
1583 716 1610 753 a
1639 701 1793 754 nobis
1821 700 1948 768 ipsis

377 796 552 849 illatas
579 794 912 862 adjiciamus.
942 791 1216 862 Siquidem
1251 791 1438 845 beatus
1465 791 1629 844 David
1664 791 1716 844 in
1745 790 1950 859 lapsum

374 883 568 937 decidit
618 891 710 936 tuo
753 881 1004 943 similem,
1047 881 1155 934 imo
1201 888 1254 932 et
1297 878 1456 932 alium
1498 879 1710 946 adjecit,
1761 893 1952 946 nempe

378 971 745 1026 homicidium.
793 970 930 1038 Quid
980 969 1180 1038 igitur?
1223 985 1348 1022 num
1397 977 1690 1037 prostratus
1719 967 1957 1022 mansit?

375 1077 553 1117 annon
595 1063 771 1117 statim
804 1061 976 1116 erexit
1021 1075 1114 1126 se,
1147 1069 1468 1129 strenueque
1511 1059 1706 1114 bellum
1755 1058 1960 1128 paravit

376 1164 562 1210 contra
608 1155 922 1208 inimicum?
951 1153 1062 1208 lrno
1093 1153 1163 1207 ita
1202 1153 1410 1207 fortiter
1438 1151 1610 1221 ipsum
1653 1150 1957 1214 debellavit,

379 1255 437 1299 nt
474 1245 633 1300 etiam
680 1254 922 1299 mortuus
966 1244 1240 1314 progeniei
1291 1258 1400 1298 sua:
1450 1241 1697 1312 praesidio
1744 1249 1889 1296 esset
1919 1242 1959 1293 '.

387 1337 662 1391 Salomoni
694 1337 890 1406 quippe
920 1337 1105 1406 ingens
1133 1333 1387 1405 ﬂagitium
1419 1349 1689 1404 aggresso,
1736 1341 1790 1387 et
1817 1333 1965 1387 mille

391 1436 592 1482 mortes
623 1429 937 1496 promerito,
982 1435 1202 1496 propter
1242 1427 1402 1481 David
1435 1443 1654 1496 regnum
1701 1426 1962 1495 integrum

385 1532 445 1572 se
472 1518 770 1587 relinquere
799 1517 925 1571 dicit
948 1517 1088 1571 Deus
1117 1517 1199 1570 his
1221 1516 1396 1571 verbis
1423 1534 1436 1568 :
1467 1516 1716 1570 Seiudens
1738 1516 1968 1569 scindam

396 1623 606 1677 regnum
652 1617 792 1659 tuum
837 1607 900 1659 de
930 1623 1083 1658 manu
1124 1616 1230 1670 tua,
1260 1615 1308 1660 et
1329 1605 1457 1658 dabo
1506 1605 1635 1658 illud
1677 1621 1821 1658 servo
1861 1615 1966 1657 tuo.

404 1694 586 1748 Verum
626 1696 677 1748 in
723 1695 897 1748 diebus
940 1696 1038 1748 tuis
1067 1695 1162 1748 hoc
1199 1697 1218 1725 ³
1251 1711 1352 1747 non
1390 1695 1576 1765 faciam
1624 1696 1696 1762 (3.
1725 1695 1850 1764 Reg.
1881 1694 1970 1748 11.

395 1787 508 1855 11).
557 1785 771 1851 Quare?
823 1784 1044 1854 Propter
1094 1783 1262 1838 David
1299 1794 1490 1854 patrem
1535 1795 1674 1839 tuum
1721 1801 1738 1838 :
1776 1786 1837 1839 de
1863 1802 1973 1838 ma-

393 1878 536 1930 uibus
563 1878 657 1945 ﬁlii
686 1877 760 1929 tui
783 1876 913 1929 illud
937 1876 1204 1942 accipiam.
1233 1877 1473 1945 Ezechire
1503 1892 1713 1944 quoque
1739 1877 1806 1931 de
1828 1892 1977 1930 sum-

385 1970 477 2009 ma
505 1944 685 2008 rerum
710 1949 1063 2022 periclitanti,
1089 1958 1421 2018 quamquam
1440 1944 1625 2014 justus
1677 1948 1843 2007 esset,
1871 1955 1987 2010 pro-

390 2055 512 2116 pter
539 2044 758 2099 beatum
800 2041 952 2094 illum
985 2039 1168 2093 virum
1197 2036 1460 2090 auxilium
1501 2032 1753 2104 promisit
1785 2048 1797 2084 :
1843 2030 1976 2086 Pra-

394 2146 590 2206 tegam,
618 2132 816 2204 inquit,
843 2130 1026 2184 urbem
1045 2129 1203 2192 hanc,
1233 2135 1293 2180 ut
1313 2141 1509 2181 servem
1534 2140 1650 2178 eam
1673 2132 1889 2190 propter
1911 2137 1990 2176 me

390 2240 443 2283 et
466 2238 682 2298 propter
709 2226 882 2280 David
897 2240 1116 2293 puerum
1135 2237 1306 2276 meum
1326 2221 1399 2289 (ιι.
1426 2218 1550 2288 Reg.
1577 2217 1662 2272 19.
1685 2216 1793 2288 54).
1817 2215 1989 2270 Tanta

393 2332 497 2380 test
519 2320 851 2394 pmnitentia:
873 2320 1067 2374 virtus.
1092 2317 1265 2372 Porro
1289 2317 1330 2370 si
1361 2331 1444 2378 ea,
1471 2330 1577 2384 qua
1596 2321 1654 2368 tu
1679 2328 1843 2377 nunc,
1863 2327 1990 2367 sen-

405 2415 564 2472 entia
612 2412 829 2477 fuisset,
871 2410 1037 2465 Deum
1086 2423 1194 2463 non
1249 2421 1411 2477 posse
1442 2405 1698 2474 deinceps
1729 2403 1933 2472 placari
1975 2421 1988 2456 :

405 2512 476 2570 et!
509 2509 555 2564 si
602 2508 743 2561 intra
797 2503 1151 2565 se'dixisset,
1189 2499 1410 2554 Honore
1447 2513 1646 2569 magno
1687 2511 1772 2550 me
1815 2495 1995 2551 ail‘ecit

399 2603 572 2665 Deus,
606 2601 749 2654 inter
778 2596 1072 2667 prophetas
1101 2590 1406 2653 constituit,
1443 2589 1498 2643 in
1527 2587 1865 2643 eontribules
1893 2587 1995 2639 im-

398 2691 608 2762 perium
641 2688 888 2751 tradidit,
916 2685 1302 2752 sexcentisque
1333 2698 1420 2737 me
1456 2680 1720 2750 periculis
1746 2678 1948 2732 exeruit
1977 2693 1989 2728 :

404 2780 678 2851 quomodo
719 2787 841 2847 post
880 2784 963 2829 tot
987 2774 1250 2829 beneficia
1291 2774 1503 2841 lapsus.
1540 2779 1594 2824 et
1625 2777 1868 2824 extrema
1899 2777 1996 2820 au‘

401 2887 498 2927 sus
521 2871 796 2931 facinora,
824 2867 1033 2938 possim
1055 2880 1178 2918 eum
1203 2863 1382 2917 denuo
1407 2861 1538 2916 mihi
1559 2860 1854 2931 propitium
1876 2859 1996 2913 red-

403 2963 575 3018 dere?
617 2961 662 3014 si
694 2961 811 3014 haec
853 2959 908 3012 in
941 2964 1125 3011 mente
1155 2954 1441 3009 habuisset
1463 2993 1475 3014 .
1527 2967 1636 3006 non
1684 2951 1860 3005 solum
1895 2965 1956 3005 ea
1979 2993 1992 3016 ,

405 3069 528 3124 quae
558 3061 748 3124 postea
779 3059 930 3107 recte
969 3050 1162 3122 gessit,
1200 3062 1310 3102 non
1345 3044 1619 3101 eﬂ'ecisset
1641 3085 1656 3109 ,
1704 3041 1799 3098 sed
1828 3042 1991 3098 etiam

408 3144 592 3216 priora
620 3158 840 3213 pessum
871 3141 1144 3197 dedisset.

480 3237 566 3291 15.
593 3237 799 3290 Αηίητίε
815 3233 988 3287 morbi
1009 3231 1231 3304 quilibet
1247 3247 1449 3301 semper
1471 3230 1651 3284 curari
1675 3233 2000 3296 possunt.—

407 3329 593 3399 Neque
645 3329 791 3383 enim
839 3327 1016 3382 solum
1061 3325 1082 3355 ³
1125 3325 1412 3393 corporis,
1446 3321 1542 3377 sed
1589 3322 1752 3376 etiam
1795 3319 1997 3373 animae

407 3425 638 3478 vulnera
677 3419 949 3474 inducunt
979 3423 1234 3472 mortem.
1282 3415 1536 3469 Attamen
1570 3427 1640 3466 eo
1669 3409 2002 3481 insipientia

408 3517 684 3578 venimus,
701 3522 761 3566 ut
777 3511 871 3565 illa
884 3509 1175 3579 diligenter
1187 3521 1470 3570 curemus,
1485 3505 1602 3558 haec
1621 3501 1966 3572 negligamus
1983 3516 2002 3552 :

412 3621 746 3680 (“tamquam
785 3618 990 3674 corpus
1027 3599 1322 3656 insanabili
1358 3612 1502 3668 saepe
1537 3595 1730 3650 morbo
1765 3593 1999 3656 laboret,

415 3679 551 3758 nihil
583 3707 765 3752 tamen
795 3696 862 3751 de
891 3695 1070 3751 salute
1103 3693 1463 3760 desperamus
1497 3706 1510 3743 :
1553 3702 1618 3741 ac
1645 3687 1770 3740 licet
1804 3679 2007 3738 medici

417 3796 732 3864 frequenter
748 3787 1158 3851 dicant,morbo
1175 3799 1281 3839 non
1299 3797 1460 3854 posse
1478 3777 1777 3834 remedium
1797 3772 1999 3837 aﬂ'crri,

417 3889 688 3942 instamus
707 3879 1069 3936 nihilominus
1081 3883 1361 3946 rogantes,
1377 3872 1614 3941 aliquam
1635 3868 1717 3924 vel
1735 3865 2013 3921 tantillum-

421 3979 606 4035 afferri
630 3973 1088 4031 consolationem:
1115 3971 1170 4025 in
1198 3966 1408 4023 morbis
1432 3972 1614 4020 autem
1634 3963 1850 4024 animm,
1875 3971 2006 4028 quo-

419 4087 543 4128 rum
568 4069 699 4124 nulli
732 4065 1064 4123 insanabiles
1093 4069 1243 4125 sunt,
1269 4060 1469 4131 quippe
1494 4056 1585 4126 qui
1620 4069 1650 4108 a
1680 4063 1889 4107 naturae
1913 4063 2007 4103 ne-

420 4165 679 4219 cessitate
704 4177 811 4215 non
847 4158 1166 4230 procedant,
1193 4169 1257 4210 ac
1280 4153 1324 4210 si
1355 4153 1546 4208 alienae
1565 4155 1752 4205 essent
1777 4140 2008 4201 inﬁmi-

423 4268 561 4312 tates
580 4259 622 4323 ’⁸,
645 4253 868 4325 perinde
888 4250 1224 4322 negligenter
1240 4247 1473 4318 agimus,
1490 4244 1600 4298 imo
1617 4243 2015 4308 desperamus‘:

421 4351 577 4411 atque
604 4344 692 4395 nbl
718 4351 904 4394 natura
933 4340 1105 4394 morbi
1144 4337 1473 4407 deploratam
1504 4335 1860 4389 valetudinem
1886 4346 2006 4386 esse

421 4431 633 4496 suadet,
667 4445 729 4485 ac
754 4431 797 4484 si
826 4445 949 4499 spes
971 4439 1111 4483 esset
1132 4428 1295 4482 multa
1324 4427 1540 4490 salutis,
1573 4439 1754 4479 curam
1782 4423 2007 4478 adhibe-

425 4536 575 4586 mus;
604 4520 693 4574 ubi
731 4535 856 4575 vero
882 4519 1024 4573 nulla
1053 4517 1369 4586 desperandi
1399 4530 1556 4569 causa
1575 4556 1588 4580 ,
1618 4515 2012 4583 deSpondemus

427 4612 698 4676 animum,
743 4617 796 4662 et
839 4608 906 4661 ab
949 4606 1093 4660 omni
1134 4620 1259 4659 cura
1305 4604 1838 4670 absistimuszusque
1882 4602 2017 4660 adeo

432 4705 692 4774 majorem
742 4699 978 4769 corporis
1005 4741 1018 4761 ,
1060 4712 1217 4766 quam
1261 4696 1481 4760 animae,
1527 4694 1786 4748 rationem
1850 4693 2016 4747 habe-

433 4811 574 4852 mus.
597 4793 930 4861 Quapropter
951 4805 1015 4843 ne
1035 4801 1230 4856 corpus
1249 4788 1460 4856 quidem
1486 4799 1698 4839 servare
1716 4798 2019 4853 possumus.

438 4889 569 4945 Nam
603 4884 854 4958 quiquod
886 4885 1206 4953 prmeipuum
1238 4890 1319 4935 est
1347 4878 1564 4956 negligit
1587 4919 1602 4942 ,
1636 4886 1689 4930 et
1717 4876 1768 4928 in
1800 4873 2025 4928 minori-

442 4995 540 5047 bus
571 5001 784 5043 omncm
813 4979 1222 5038 sollicitudinem
1256 4976 1424 5045 ponit,
1470 4982 1691 5040 utraque
1721 4969 1947 5023 destruit
1976 4976 2031 5021 et

447 5080 767 5156 perditzqui
813 5084 989 5130 autem
1019 5071 1260 5126 ordinem
1289 5072 1497 5128 servat,
1529 5072 1582 5118 et
1611 5061 1750 5131 quod
1783 5059 1928 5128 prius
1953 5067 2034 5111 est

455 5151 685 5231 maxime
725 5179 915 5235 curat,
965 5162 1172 5220 etiamsi
1201 5159 1342 5232 quod
1375 5157 1637 5227 posterius
1663 5163 1745 5207 est
1771 5151 2002 5219 negligat
2022 5190 2036 5211 ,

460 5285 552 5339 per
577 5268 806 5326 salutem
838 5261 980 5317 illius
1003 5259 1104 5312 hoc
1133 5254 1291 5309 etiam
1319 5255 1619 5305 conservat.
1646 5245 1698 5298 Id
1732 5259 1857 5296 vero
1882 5240 2040 5295 Chri-

465 5337 573 5421 stus
621 5361 818 5418 nobis“
863 5355 1100 5413 declarat
1129 5349 1237 5402 his
1286 5345 1500 5400 verbis:
1532 5340 1706 5395 Nolite
1747 5337 1922 5390 timere
1957 5348 2041 5386 eos

531 5483 546 5511 ι
573 5487 702 5529 Unus
737 5487 839 5538 διε..
860 5485 960 5526 esse
986 5473 1156 5535 posset.
1189 5461 1331 5514 Savil.
1356 5466 1482 5523 post,
1507 5460 1738 5511 mortuus,
1764 5447 1909 5506 addit,
1937 5448 2049 5495 bea-

469 5546 564 5630 tus“.
587 5601 729 5649 savii.
759 5608 810 5648 et
823 5601 1157 5659 ιιιὶιιιιοιηὺιεειἸ
1177 5589 1301 5639 lucc.

539 5663 559 5691 ³
595 5661 779 5723 Aliquot
803 5651 931 5716 Mss;
956 5655 1064 5723 sold
1079 5651 1295 5723 vulnera.
1324 5716 1337 5723 Δ
1394 5703 1453 5723 μη

541 5725 562 5754 ι
586 5697 1361 5773 gnifzmst'ts'emeiuagam,
1387 5703 1546 5773 αιὶέηα
1561 5697 1713 5773 fit?“

548 5787 565 5816 ⁵
1475 5772 1524 5813 in
1561 5761 1679 5810 Edit.
1714 5765 1874 5807 Morel.
1905 5753 2066 5810 deest,

481 5853 630 5905 nobis.

1037 403 1094 462 s.
1132 400 1410 462 JOANNIS
1448 401 1916 460 cnnrsosrom
1955 386 2273 459 ARCHIEP.
2313 399 2843 460 CONSTANTINOP.

3527 396 3702 484 300,

2056 523 2141 591 qui
2160 522 2391 576 occidunt
2429 537 2612 592 corpus
2631 560 2646 585 ,
2678 499 2898 573 animum
2922 526 3090 573 autem
3116 532 3216 571 non
3243 526 3451 586 possunt
3491 517 3630 568 occi-

2056 612 2213 676 dere;
2257 612 2344 665 sed
2386 611 2550 680 potius
2594 611 2757 664 timete
2793 625 2905 662 eum
2947 608 3034 678 qui
3063 616 3221 677 potest
3251 617 3297 659 et
3335 607 3560 658 animum
3588 613 3636 657 et

2057 719 2238 772 corpus
2272 701 2478 772 perdere
2518 703 2568 754 in
2598 701 2820 771 gehenna
2841 699 3054 768 (Matth.
3096 699 3184 753 10.
3223 698 3340 768 28).
3371 696 3640 766 Numquid

2055 794 2164 864 jam
2197 793 2292 847 tibi
2337 807 2644 861 persuasum
2684 801 2766 847 est
2803 805 3090 860 numquam
3114 790 3180 845 de
3209 790 3402 844 anima:
3437 789 3642 843 morbis

2061 884 2209 952 quasi
2232 882 2609 936 insanabilibus
2625 881 3013 948 desperandum
3031 894 3168 945 esse,
3191 894 3258 932 an
3279 894 3406 934 vero
3421 893 3644 933 necesse

2064 981 2224 1026 estet
2264 973 2366 1026 alia
2401 971 2656 1026 adbibere
2700 969 3011 1024 ratiocinia?
3051 969 3453 1036 Quantumlibet
3494 967 3641 1022 enim

2067 1067 2178 1134 ipse
2206 1065 2439 1119 animum
2462 1063 2815 1134 despondeas,
2846 1078 2944 1117 nos
2968 1077 3252 1133 numquam
3273 1062 3340 1117 de
3369 1070 3420 1116 te
3448 1061 3645 1130 despe-

2069 1156 2305 1210 rabimus
2329 1173 2341 1208 :
2367 1170 2536 1224 neque
2565 1154 2616 1208 id
2647 1154 2786 1224 quod
2813 1153 2931 1207 aliis
2957 1153 3085 1206 vitio
3115 1153 3390 1216 vertimus,
3420 1151 3521 1220 ipsi
3546 1150 3648 1204 ad-

2071 1247 2374 1311 mittemus;
2419 1245 2542 1299 licet
2584 1258 2689 1298 non
2732 1258 2826 1313 par
2856 1252 2909 1297 et
2947 1242 3150 1309 aequale
3176 1242 3278 1306 sit,
3312 1241 3543 1310 aliquem
3582 1240 3652 1294 de

2071 1340 2249 1408 scipso
2287 1337 2607 1406 desperare,
2656 1343 2749 1389 aut
2784 1335 2942 1388 alium
2975 1333 3043 1387 de
3079 1333 3194 1401 ipso
3227 1333 3264 1384 ⁸.
3297 1331 3427 1385 Nam
3462 1331 3552 1400 qui
3581 1329 3656 1385 de

2073 1429 2177 1482 alio
2208 1429 2363 1482 talem
2395 1426 2553 1481 habet
2595 1425 2934 1494 opinionem,
2975 1423 3082 1477 cito
3119 1421 3329 1475 veniam
3355 1420 3659 1483 obtinebit;

2075 1519 2164 1590 qui
2191 1526 2366 1572 autem
2395 1517 2461 1572 de
2489 1517 2688 1586 seipse,
2716 1531 2822 1569 non
2847 1517 2992 1569 item.
3015 1513 3229 1580 Quare?
3258 1513 3388 1579 Quia
3417 1513 3504 1566 ille
3534 1512 3658 1580 qui-

2077 1612 2198 1666 dem
2227 1610 2343 1679 ejus
2372 1607 2604 1662 studium
2646 1615 2699 1661 et
2744 1606 3108 1676 paenitentiam
3153 1603 3204 1656 in
3254 1610 3516 1672 potestate
3551 1617 3659 1654 non

2080 1702 2238 1755 habet
2263 1719 2276 1754 :
2300 1699 2393 1754 sed
2417 1699 2528 1768 ipse
2547 1698 2693 1752 solus
2713 1697 2935 1751 obtinet.
2959 1694 3133 1750 Nihilo
3153 1694 3319 1763 magis
3339 1701 3516 1746 tamen
3539 1692 3668 1746 ideo

2079 1793 2147 1848 de
2178 1801 2229 1846 te
2259 1790 2658 1859 desperabimus
2681 1831 2696 1855 ,
2738 1787 2946 1842 etiamsi
2977 1796 3032 1840 tu
3063 1785 3256 1838 millies
3297 1784 3532 1837 animum
3563 1782 3662 1836 de-

2083 1884 2348 1955 spondeas
2373 1901 2385 1936 :
2411 1881 2637 1936 fortasse
2664 1880 2805 1936 enim
2828 1921 2842 1946 ,
2872 1879 3098 1934 fortasse
3120 1879 3356 1947 inquam,
3381 1877 3572 1946 aliquis
3597 1876 3666 1929 ad

2084 1978 2332 2031 virtutem
2353 1989 2649 2045 regressus,
2669 1974 2840 2044 aliqua
2871 1972 3109 2042 pristina:
3140 1973 3259 2025 vita:
3284 1970 3670 2039 redintegratio

2085 2069 2313 2124 dabitur.
2329 2067 2464 2121 Audi
2482 2067 2773 2135 sequentia.
2789 2064 3030 2119 Ninivitae
3045 2063 3224 2117 audito
3238 2061 3496 2131 prepbeta
3510 2060 3672 2114 vehe-

2087 2168 2295 2212 menter
2322 2157 2701 2221 comminante,
2723 2154 2903 2208 Adhuc
2932 2164 3030 2208 tres
3060 2148 3246 2220 dies,et
3270 2151 3674 2205 Ninivesubaer-

2090 2261 2219 2306 tetur
2249 2247 2553 2322 (1011.34),
2585 2265 2649 2303 ne
2674 2249 2744 2302 ita
2764 2246 2979 2317 quidem
3005 2242 3674 2306 animoconciderunt,sed

2091 2343 2299 2400 etiamsi
2323 2342 2463 2396 nulla
2481 2341 2547 2396 de
2563 2342 2669 2396 Deo
2691 2337 2959 2394 exorando
2975 2351 3097 2407 spes
3115 2335 3384 2390 videretur
3403 2348 3541 2398 esse,
3567 2334 3678 2386 imo

2095 2438 2267 2506 potius
2281 2433 2602 2488 contrarium
2619 2446 2685 2485 ex
2697 2429 2912 2485 oraculo
2925 2427 3240 2483 suaderetur
3255 2427 3382 2496 (non
3394 2425 3536 2480 enim
3554 2438 3680 2478 cum

2091 2526 2433 2599 distinctione
2483 2523 2726 2591 quapiam
2771 2520 2823 2574 id
2856 2520 3053 2574 dictum
3091 2516 3282 2582 fuerat,
3314 2515 3409 2570 sed
3436 2523 3678 2584 apertum

2098 2618 2370 2672 decretum
2401 2614 2559 2686 erat);
2592 2614 2758 2668 nihilo
2785 2621 2962 2667 tamen
2985 2611 3159 2664 minus
3185 2608 3554 2680 paenitentiam
3591 2623 3682 2660 ex-

2101 2711 2322 2765 hibuere
2350 2709 2585 2763 dicentes
2617 2724 2630 2760 :
2666 2707 2791 2772 Quis
2816 2707 2907 2759 scit
2937 2721 3058 2758 nunt
3097 2702 3438 2772 paenitentiam
3474 2709 3610 2768 aget,
3639 2711 3684 2752 et

2103 2805 2394 2860 exorabitur
2418 2801 2575 2866 Deus,
2596 2810 2642 2854 et
2667 2808 2916 2854 avertatur
2944 2798 3006 2849 ab
3034 2798 3110 2849 ira
3145 2795 3333 2864 furoris
3370 2792 3466 2857 sui,
3505 2801 3549 2844 et
3586 2809 3687 2844 non

2106 2894 2414 2965 peribimus?
2441 2891 2504 2945 Et
2531 2893 2652 2944 vidit
2681 2890 2817 2943 Deus
2847 2905 2999 2958 opera
3020 2904 3211 2950 eorum,
3244 2886 3379 2954 quod
3416 2885 3578 2938 aversi
3605 2901 3684 2936 es-

2107 2995 2213 3040 sent
2241 3005 2274 3038 a
2300 2985 2390 3038 viis
2418 2983 2524 3037 suis
2559 2981 2723 3036 malis.
2760 2979 2820 3032 Et
2849 2979 3076 3050 paenituit
3112 2977 3248 3030 Deus
3287 2992 3438 3043 super
3468 2974 3685 3036 malitia,

2107 3095 2260 3150 quam
2304 3078 2499 3132 dia-crat
2573 3091 2627 3129 se
2685 3074 2983 3144 facturum,
3035 3078 3086 3124 et
3139 3083 3239 3122 non
3284 3067 3405 3136 fecit
3441 3063 3606 3132 (Ibid.
3645 3065 3700 3118 9.

2111 3172 2225 3244 10).
2244 3169 2395 3238 Quod
2415 3170 2460 3224 si
2471 3168 2717 3223 homines
2742 3165 2952 3220 barbari
2974 3173 3032 3226 et
3048 3161 3242 3216 indocti
3273 3169 3475 3214 tantum
3500 3166 3686 3226 potue-

2109 3273 2236 3320 runt
2269 3261 2561 3331 intelligere
2581 3299 2594 3324 ,
2625 3257 2792 3313 multo
2822 3255 2990 3324 magis
3020 3269 3118 3308 nos
3162 3252 3212 3306 id
3244 3251 3421 3306 facere
3457 3257 3688 3318 oportet,

2113 3359 2204 3428 qui
2232 3355 2423 3411 divinis
2453 3351 2785 3423 dogmatibus
2822 3348 3013 3404 eruditi
3055 3359 3259 3408 sumus,
3301 3353 3355 3398 et
3383 3342 3549 3396 multa
3591 3340 3690 3394 hn-

2109 3447 2346 3520 jusmodi
2375 3443 2618 3512 exempla
2652 3452 2756 3495 tam
2788 3438 2964 3493 verbis
2999 3451 3158 3507 quam
3185 3433 3436 3503 Operibus
3463 3430 3694 3486 exhibita

2116 3541 2364 3598 vidimus.
2397 3537 2518 3591 Non
2539 3535 2690 3599 enim,
2710 3531 2896 3601 inquit,
2919 3537 3035 3584 sum
3057 3525 3267 3581 consilia
3294 3540 3405 3578 mea
3423 3525 3554 3576 sicut
3574 3537 3694 3574 con-

2118 3632 2234 3686 silia
2261 3637 2445 3693 vestra,
2477 3640 2632 3696 neque
2659 3624 2751 3677 viae
2779 3635 2904 3674 mea:
2927 3619 3052 3671 sicut
3082 3618 3173 3670 vita
3196 3624 3370 3670 uestra:
3386 3631 3404 3678 ;
3425 3612 3514 3665 sed
3540 3627 3702 3682 quau-

2122 3733 2230 3776 tum
2266 3722 2420 3775 distat
2456 3719 2635 3772 aetum
2661 3731 2693 3768 a
2729 3723 2894 3777 terra,
2929 3719 3122 3762 tantum
3151 3706 3339 3759 distant
3376 3701 3704 3773 cogitationes

2124 3829 2247 3868 mea:
2291 3830 2324 3866 a
2367 3807 2670 3879 cogitatione
2705 3814 2899 3868 uestra,
2945 3810 2992 3854 et
3029 3796 3239 3852 consilia
3260 3811 3369 3849 mea
3407 3809 3438 3845 a
3479 3790 3711 3844 consiliis-

2123 3905 2298 3960 vestris
2341 3901 2490 3974 (Isai.
2519 3901 2608 3954 55.
2639 3898 2692 3952 8.
2725 3894 2805 3966 9).
2842 3893 2898 3948 Si
2939 3905 3068 3946 vero
3109 3887 3340 3942 famulos
3373 3892 3585 3939 nostros
3613 3881 3703 3950 qui

2127 4012 2270 4068 saepe
2284 3993 2621 4063 deliquerint,
2645 4005 2765 4045 cum
2793 3987 3106 4057 promittunt
3126 3997 3183 4036 se
3204 3979 3454 4034 meliores
3479 3975 3708 4037 futuros,

2131 4103 2184 4147 et
2203 4087 2530 4144 admittimus
2555 4094 2610 4140 et
2647 4083 2699 4137 in
2744 4080 3024 4151 pristinum
3052 4076 3310 4130 honorem
3339 4070 3673 4127 restituimus
3694 4106 3710 4127 ,

2134 4185 2240 4239 imo
2270 4182 2572 4250 frequenter
2599 4177 2854 4243 majorem
2888 4170 3016 4240 ipsis
3047 4167 3289 4221 ﬁduciam
3309 4163 3524 4226 damus,
3549 4158 3712 4212 multo

2135 4274 2302 4342 magis
2333 4271 2382 4325 id
2404 4270 2637 4324 facturus
2666 4266 2750 4319 ille
2775 4274 2876 4317 est.
2901 4260 3030 4314 Nam
3062 4258 3115 4311 si
3139 4255 3258 4310 ideo
3291 4267 3390 4306 nos
3419 4251 3631 4306 fecisset
3658 4257 3714 4300 nt

2135 4338 2394 4432 supplicio
2427 4359 2700 4418 aﬂiceret,
2727 4353 2847 4423 jure
2886 4347 3246 4418 desponderes
3289 4343 3524 4396 animum
3551 4353 3613 4392 ac
3653 4338 3717 4390 de

2137 4455 2306 4513 salute
2333 4461 2419 4506 tua
2447 4448 2720 4504 dubitares
2748 4461 2762 4497 :
2793 4443 2838 4497 si
2873 4455 3000 4495 vero
3031 4453 3138 4492 non
3155 4435 3255 4488 alia
3279 4433 3344 4488 de
3372 4445 3532 4486 causa
3559 4443 3715 4498 quam

2141 4544 2378 4601 bonitate
2399 4556 2492 4597 sua
2517 4546 2716 4603 motus,
2740 4549 2837 4588 nos
2857 4529 3138 4593 creaverit,
3170 4534 3221 4579 ut
3245 4521 3466 4578 aeternis
3485 4519 3721 4574 fruamur

2143 4638 2322 4703 bonis,
2366 4645 2526 4705 atque
2567 4631 2686 4686 ideo
2731 4626 2907 4682 omnia
2952 4623 3059 4692 agit
3105 4631 3159 4675 et
3187 4624 3437 4686 operatur
3479 4627 3509 4665 a
3554 4609 3720 4678 prima

2145 4699 2315 4800 usque
2345 4727 2411 4781 ad
2439 4699 2759 4794 prasentem
2790 4717 2952 4781 diem,
2984 4711 3113 4782 quid
3155 4723 3251 4763 nos
3279 4705 3344 4760 ad
3371 4718 3489 4759 eam
3520 4699 3725 4755 dubita-

2146 4793 2344 4876 tionem
2393 4793 2666 4885 irnpellat?
2714 4810 2866 4864 Illum
2911 4804 3257 4860 vehementer
3298 4793 3636 4853 offendimus,
3676 4797 3728 4841 et

2146 4922 2402 4986 quantum
2444 4909 2579 4962 alius
2602 4903 2796 4961 nemo?
2823 4910 2878 4955 at
2897 4899 3024 4953 ideo
3067 4893 3350 4950 maximea
3376 4881 3727 4956 praesentibus

2148 4977 2406 5061 absistere
2440 5009 2669 5071 oportet,
2693 5004 2749 5051 et
2778 4988 3140 5064 pmliitentiam
3176 4985 3243 5039 de
3269 4977 3550 5052 pratteritis
3575 4987 3731 5042 agere

2153 5109 2505 5167 magnamque
2547 5090 2894 5144 mutationem
2941 5078 3211 5137 exhibere.
3260 5073 3441 5140 Neque
3468 5067 3611 5122 enim
3649 5077 3732 5126 ea,

2154 5155 2273 5260 qud;
2314 5192 2622 5257 perpetrare
2647 5179 2761 5234 ausi
2802 5187 3007 5238 sumus,
3031 5171 3178 5224 illum
3221 5169 3391 5229 ',tam
3417 5155 3733 5260 possm-tir-

2158 5244 2340 5343 ritarel,
2371 5290 2528 5346 quam
2551 5271 2692 5343 quod
2723 5267 2954 5323 nolimus
2983 5262 3198 5316 demum
3237 5253 3574 5322 resipiscere.
3611 5244 3736 5299 Nam

2163 5343 2642 5444 peccare'quidem,
2671 5362 2961 5416 humanum
2999 5364 3114 5418 est;
3145 5359 3200 5404 at
3229 5350 3278 5404 in
3309 5343 3542 5416 peccatis
3569 5351 3740 5410 perse-

2237 5700 2252 5730 ι
2288 5695 2499 5754 Quidam,
2527 5689 2732 5754 aliquem
2756 5686 2816 5754 de
2840 5698 2888 5734 se
2913 5683 3012 5754 ipso
3029 5685 3078 5754 et
3095 5680 3162 5754 μισ
3181 5675 3572 5754 aiionesget‘aff:

2237 5763 2257 5792 ¹
2523 5734 2878 5802 δί-ἰῖἦῦτέκὶῶου
2901 5734 3060 5804 deest,
3087 5740 3242 5799 illum,
3270 5747 3321 5786 et
3348 5734 3468 5784 infra
3492 5737 3620 5796 post,
3641 5739 3738 5790 pos-

2178 5831 2301 5881 sunt,
2332 5822 2564 5884 adjicitur,
2598 5825 2760 5865 Deum.
