3954 6454
240 325 352 382 301

233 455 464 507 vetare,
498 439 552 494 id
580 456 686 495 non
711 440 996 495 humanum
1025 447 1126 504 est,
1155 437 1250 492 sed
1278 437 1495 490 omnino
1517 436 1833 490 satanicum.

236 532 668 588 Aniinadvertas
695 530 834 585 enim
863 527 1130 599 quomodo
1153 542 1244 597 per
1263 526 1574 595 prophetam
1602 525 1699 578 hoc
1723 526 1838 594 plus

235 641 414 696 quam
449 622 577 677 illud
615 619 968 692 reprehendat
1003 619 1146 675 Deus
1181 637 1192 671 :
1223 618 1290 670 Et
1321 618 1448 682 dixi,
1481 617 1668 686 inquit,
1694 627 1836 684 post-

233 733 407 788 quam
434 715 682 782 fornicata
710 722 782 766 est
805 711 883 764 his
908 710 1151 772 omnibus,
1177 709 1245 761 ad
1279 724 1357 760 me
1375 717 1633 770 revertere,
1663 716 1708 759 et
1737 722 1836 758 non

237 822 452 862 reversa
491 813 565 858 est
607 803 737 872 (Jer.
781 802 834 856 5.
877 802 951 871 7).
985 799 1053 854 Et
1087 799 1210 852 alibi
1249 812 1460 852 rursum
1497 804 1554 849 ut
1592 796 1838 850 ostendat

237 915 414 971 quam
440 910 738 968 propensus
779 893 846 947 sit
884 892 951 946 ad
993 900 1231 945 nostram
1273 889 1521 952 salutem,
1549 887 1671 956 quia
1718 893 1838 956 post

238 991 423 1045 multa
444 989 635 1043 delicta
653 985 1004 1056 promiserant
1022 997 1080 1036 se
1097 987 1239 1036 recta
1262 981 1344 1034 via
1370 979 1690 1043 incessuros,
1714 991 1834 1030 eum

240 1083 297 1136 id
331 1079 593 1142 audisset,
627 1077 702 1130 ait
731 1093 745 1129 ε
771 1073 896 1138 Quis
921 1071 1058 1126 dabit
1088 1081 1140 1123 ut
1171 1071 1240 1123 ita
1265 1069 1364 1123 sint
1395 1067 1548 1121 corda
1573 1082 1743 1120 eorum
1782 1066 1835 1119 in

237 1171 374 1240 ipsis
405 1178 458 1222 ut
489 1169 804 1230 timeantme,
833 1171 880 1218 et
905 1161 1190 1216 custodiant
1214 1158 1455 1212 mandata
1475 1173 1584 1210 mea
1606 1156 1833 1209 omnibus

242 1264 432 1316 diebus
456 1261 580 1324 suis,
611 1267 666 1310 ut
708 1260 828 1310 bene
857 1255 922 1307 sit
948 1253 1017 1307 eis
1061 1262 1106 1306 et
1150 1251 1270 1319 ﬁliis
1302 1265 1475 1304 eorum
1506 1249 1556 1300 in
1594 1246 1834 1301 sacculum

241 1352 432 1424 (Deut.
459 1351 512 1404 5.
541 1348 671 1418 29)?
704 1347 768 1401 Et
792 1345 998 1416 Moyses
1023 1344 1166 1411 ipsos
1195 1340 1520 1409 compellans
1549 1338 1662 1391 haec
1693 1337 1834 1390 dice-

244 1443 340 1496 bat
369 1459 384 1496 :
424 1439 488 1493 Et
516 1454 666 1499 nunc,
711 1435 894 1499 Israel,
940 1432 1062 1503 quid
1100 1431 1352 1485 Dominus
1381 1428 1516 1482 Deus
1555 1428 1676 1498 petit
1707 1436 1830 1491 ate,

245 1532 349 1584 nisi
379 1539 435 1583 ut
457 1530 630 1582 timeas
659 1527 931 1580 Dominum
955 1523 1119 1577 Deum
1140 1531 1300 1586 tuum,
1324 1529 1370 1574 et
1396 1518 1617 1572 ambules
1647 1519 1699 1570 in
1726 1534 1835 1570 ont-

246 1621 400 1674 mbus
429 1619 519 1672 uiis
548 1619 677 1688 ejus,
703 1625 750 1670 et
776 1616 959 1686 diligas
985 1613 1153 1681 ipsum
1181 1610 1356 1681 (Deut.
1395 1609 1482 1663 10.
1508 1608 1639 1677 12)?
1669 1606 1829 1676 Igitur

246 1710 337 1780 qui
374 1708 578 1778 expetit
608 1723 636 1760 a
667 1705 821 1759 nobis
850 1703 1056 1770 amari,
1093 1710 1147 1756 et
1184 1708 1401 1770 prepter
1437 1698 1538 1752 hoc
1567 1697 1697 1751 nihil
1727 1711 1832 1750 non

247 1804 377 1872 agit,
402 1803 490 1872 qui
531 1815 599 1855 ne
636 1799 742 1853 filio
783 1797 996 1867 quidem
1042 1809 1139 1849 suo
1167 1793 1234 1848 ob
1273 1805 1509 1845 amorem
1543 1788 1710 1844 nostri
1741 1803 1834 1856 pe-

250 1895 443 1964 percit,
475 1909 537 1947 ac
561 1890 748 1961 quovis
773 1899 1010 1958 tempore
1036 1894 1095 1941 ut
1129 1901 1247 1939 cum
1275 1885 1365 1938 illo
1403 1882 1827 1945 reconcilientur,

250 2002 364 2040 rem
398 1984 500 2040 sibi
531 1982 912 2054 optatissimam
936 1977 1116 2041 habet,
1142 1978 1230 2045 qui
1258 1976 1367 2029 fieri
1390 1974 1560 2044 possit
1581 1982 1636 2025 ut
1663 1971 1833 2040 parui-

249 2085 426 2131 tentes
469 2091 576 2128 non
616 2072 858 2126 admittat
900 2079 954 2125 et
993 2067 1363 2137 amplexetur?
1406 2064 1541 2119 Audi
1585 2063 1706 2134 quid
1739 2078 1833 2133 per

252 2167 570 2237 prophetam
598 2163 769 2218 dicat:
793 2161 890 2215 Dic
921 2170 993 2224 tu,
1025 2159 1116 2224 ait,
1143 2158 1426 2228 iniquitates
1465 2165 1576 2208 tuas
1603 2153 1742 2224 prior
1788 2154 1831 2220 ⁸,

250 2270 303 2313 ut
333 2254 805 2331 justiﬁeerisUsai.
849 2255 936 2308 45.
965 2250 1078 2321 ‘26).
1121 2251 1176 2304 ld
1221 2264 1367 2313 vero,
1396 2262 1502 2318 quo
1531 2245 1830 2301 vehementi

253 2351 306 2404 in
327 2365 453 2404 eum
490 2361 671 2400 amore
697 2345 1004 2414 ilagremus,
1035 2340 1235 2410 expetit
1267 2355 1296 2393 a
1323 2338 1498 2393 nobis.
1525 2337 1656 2390 Cum
1687 2335 1829 2390 enim

249 2442 296 2496 is
319 2441 411 2511 qui
433 2447 610 2502 amat,
642 2437 708 2490 ab
735 2435 801 2490 iis
826 2435 916 2505 qui
941 2441 1188 2487 amantur
1208 2429 1545 2486 contumeliis
1573 2426 1794 2482 affectus
1813 2467 1827 2491 ,

250 2549 359 2587 non
385 2541 561 2586 tamen
591 2527 880 2596 exstinguit
901 2539 1137 2578 amorem
1161 2539 1176 2587 ;
1205 2537 1310 2575 non
1349 2520 1447 2574 alia
1475 2518 1542 2573 de
1577 2532 1737 2572 causa
1765 2517 1828 2570 il-

249 2625 384 2676 latas
414 2619 763 2675 contumelias
789 2617 841 2670 in
871 2615 1102 2669 medium
1137 2610 1315 2665 allerri
1357 2609 1564 2674 studet,
1592 2622 1748 2677 quam
1775 2615 1832 2664 ut

250 2714 643 2772 vehementiam
671 2713 868 2766 amoris
899 2711 979 2765 sui
1005 2709 1302 2774 declarans,
1332 2706 1398 2760 ad
1428 2707 1711 2759 arctiorem
1738 2719 1831 2758 eos

249 2822 303 2865 et
332 2810 588 2878 majorem
611 2805 943 2860 dilectionem
970 2800 1260 2872 pertrahat.
1288 2799 1342 2854 Si
1368 2806 1544 2852 autem
1566 2796 1832 2852 confessio

254 2909 591 2970 peccatorum
621 2905 819 2949 tantum
841 2893 995 2948 affert
1023 2891 1220 2956 solatii,
1250 2890 1416 2945 multo
1445 2890 1614 2958 majus
1644 2887 1832 2942 afferet

253 3007 435 3047 eorum
458 3006 554 3061 per
578 2989 711 3043 bona
733 3001 894 3056 Opera
915 2984 1131 3039 ablutio.
1151 2982 1422 3053 Siquidem
1452 2983 1551 3036 nisi
1573 2985 1643 3036 ita
1666 2987 1828 3048 esset,

253 3085 346 3139 sed
377 3083 542 3137 semel
569 3081 771 3135 aversis
805 3094 833 3132 a
865 3085 1009 3133 recta
1042 3078 1125 3130 via
1153 3075 1217 3129 ad
1247 3074 1466 3146 pristina
1495 3073 1721 3127 reditum
1746 3073 1830 3126 iu-

257 3172 598 3234 tercluderet,
642 3185 798 3224 nemo
841 3169 1012 3238 plane,
1061 3166 1162 3221 nisi
1209 3165 1345 3220 forte
1385 3162 1688 3234 paucissimi
1730 3177 1826 3215 nu-

254 3281 422 3333 mero,
462 3265 512 3318 in
544 3277 764 3332 regnum
795 3261 1044 3316 enatorum
1072 3257 1471 3328 ingrederetur;
1501 3254 1646 3325 atqui
1691 3269 1828 3323 pra:-

251 3357 506 3413 clariores
534 3355 693 3409 luisse
729 3368 820 3408 eos
851 3351 1198 3420 reperiemus,
1227 3348 1316 3418 qui
1359 3347 1502 3416 prius
1533 3345 1672 3414 lapsi
1718 3344 1834 3399 fue-

257 3458 394 3504 rant.
422 3448 522 3516 Qui
549 3448 692 3502 euim
716 3459 961 3514 magnam
991 3443 1045 3496 in
1077 3441 1230 3495 malis
1257 3438 1506 3508 operibus
1532 3435 1829 3490 vehemen-

259 3541 382 3593 tiam
421 3537 792 3599 adhibuerant,
831 3532 1073 3588 eamdem
1114 3537 1296 3599 postea
1338 3527 1392 3580 in
1432 3525 1586 3581 bonis
1610 3523 1831 3594 agendis

257 3631 611 3693 exhibebunt,
644 3636 825 3697 utpote
863 3626 954 3696 qui
992 3624 1162 3679 sciant
1201 3620 1413 3692 quantis
1454 3619 1561 3672 sint
1592 3617 1831 3672 obstricti

257 3723 450 3776 debitis
477 3739 491 3775 :
523 3719 662 3790 quod
690 3729 744 3773 et
767 3718 1006 3772 Christus
1036 3713 1346 3776 declaravit,
1376 3710 1588 3781 quando
1625 3709 1833 3764 Simoni

259 3818 396 3870 circa
428 3814 702 3868 mulierem
745 3810 1097 3880 loquebatur:
1129 3806 1302 3872 Vides,
1334 3805 1436 3869 ait,
1483 3805 1613 3858 hanc
1651 3803 1834 3856 mulie-

260 3906 403 3961 mn?
427 3904 621 3958 Intraui
648 3904 698 3955 in
728 3902 931 3954 domum
964 3911 1121 3965 tuam,
1146 3913 1327 3968 aquam
1351 3895 1557 3967 pedibus
1591 3895 1710 3947 meis
1734 3909 1834 3946 non

261 3997 443 4050 dedisti
474 4010 493 4048 :
521 3995 626 4049 hwc
651 4002 815 4046 autem
841 3991 1075 4060 lacrymis
1100 3989 1279 4058 rigavit
1305 3986 1456 4056 pedes
1486 4002 1640 4050 meos,
1674 3994 1721 4038 et
1750 4000 1837 4036 ca-

264 4087 400 4158 pillis
418 4086 521 4140 suis
551 4086 708 4138 tersit.
735 4083 979 4136 Osculum
1005 4080 1128 4133 milii
1153 4095 1254 4132 non
1283 4077 1465 4130 dedisti
1484 4092 1503 4139 ;
1525 4076 1632 4129 lucc
1667 4083 1836 4128 autent

264 4194 326 4232 ea:
350 4193 444 4245 quo
476 4175 676 4239 intravi,
706 4189 805 4226 non
839 4171 1048 4226 cessavit
1086 4167 1308 4222 osculari
1335 4165 1484 4236 pedes
1525 4180 1680 4217 meos.
1712 4162 1836 4216 Oleo

265 4275 413 4335 caput
441 4281 606 4318 meum
640 4280 739 4316 non
776 4262 964 4316 unxisti
1000 4276 1018 4313 :
1054 4259 1160 4312 ltazc
1197 4266 1362 4309 autem
1401 4262 1654 4323 unguento
1693 4252 1837 4306 unxit

265 4359 412 4430 pedes
437 4372 593 4411 meas.
622 4353 838 4424 Propter
865 4350 1000 4423 quod
1024 4351 1136 4402 dico
1168 4347 1275 4411 tibi,
1309 4345 1628 4399 remittuntur
1648 4343 1694 4395 ei
1718 4358 1836 4412 pec-

265 4459 378 4502 cata
405 4463 498 4502 sua
536 4445 715 4510 multa,
743 4445 860 4513 quia
889 4440 1063 4494 dilexit
1092 4439 1328 4491 multum.
1357 4433 1451 4487 Cui
1481 4442 1646 4485 autem
1673 4432 1838 4483 minus

265 4538 547 4600 dimittitur,
571 4536 735 4588 minus
761 4533 946 4602 diligit.
977 4529 1117 4583 Dixit
1138 4537 1305 4581 autem
1331 4526 1397 4578 ad
1427 4523 1571 4577 illam
1601 4537 1620 4576 :
1650 4520 1839 4575 Remit-

265 4639 437 4686 tuntur
460 4627 545 4680 tibi
576 4635 778 4696 peccata
809 4623 955 4696 (Luc.
989 4623 1039 4675 7.
1066 4619 1278 4689 44-48).

339 4722 423 4776 16.
457 4719 657 4773 Idcirco
684 4715 926 4770 diabolus
957 4726 1151 4782 gnarus
1180 4726 1294 4773 eos,
1321 4708 1410 4778 qui
1440 4706 1671 4776 ingentia
1703 4703 1838 4757 mala

273 4817 656 4884 jcrpetrarunt,
678 4807 763 4861 ubi
783 4805 1006 4875 primum
1019 4800 1275 4870 cmperint
1290 4797 1567 4867 paenitere,
1585 4795 1637 4849 id
1651 4808 1842 4862 magno

271 4905 436 4961 studio
451 4916 632 4973 agere,
646 4907 826 4969 utpote
843 4896 1086 4951 conscios
1103 4893 1420 4946 delictorum
1436 4901 1672 4953 suorum,
1695 4885 1845 4938 timet

271 5006 324 5052 et
356 4993 599 5048 formidat
630 5005 696 5044 ne
725 4985 937 5060 quando
979 4999 1090 5039 rem
1119 4981 1482 5038 exordiantur.
1519 4977 1650 5032 Nam
1693 4983 1841 5045 post-

269 5101 421 5156 quam
455 5081 742 5152 cmperint,
774 5074 1032 5132 contineri
1070 5074 1206 5126 ultra
1234 5076 1536 5140 nequeunt,
1572 5079 1635 5118 ac
1675 5062 1848 5132 ι)ωηί-

271 5179 428 5235 t-ntia
454 5175 600 5247 quasi
630 5174 746 5244 igne
771 5168 1036 5237 succensi,
1061 5180 1189 5219 auro
1215 5177 1346 5232 puro
1376 5160 1615 5231 puriores
1643 5156 1848 5209 animas

273 5287 389 5327 suas
415 5269 673 5332 efficiunt,
705 5263 1027 5320 conscientia
1068 5270 1260 5325 nempe
1283 5269 1344 5308 ac
1373 5249 1627 5307 memoria
1658 5261 1848 5317 pecca-

277 5376 443 5418 torum
487 5373 703 5415 suorum
741 5357 892 5426 quasi
942 5358 1103 5406 vento
1145 5345 1374 5417 quodam
1422 5341 1749 5396 validissimo
1793 5337 1846 5390 in

275 5455 476 5510 virtutis
501 5453 524 5485 '
557 5456 762 5522 portum
807 5444 1039 5516 impulsi.
1073 5442 1250 5509 anue
1292 5437 1345 5492 in
1391 5449 1450 5489 re
1490 5439 1739 5502 prmstant
1787 5428 1850 5483 iis

336 5607 352 5638 ι
385 5612 506 5652 Tres
543 5607 668 5658 Mss,
696 5595 782 5658 Dic
803 5601 854 5644 tu
891 5586 1100 5658 primum
1142 5585 1415 5658 iniquitates
1437 5588 1558 5632 tuas.
1596 5581 1668 5630 sic
1705 5578 1849 5627 etiam

276 5650 433 5718 savii;
456 5650 548 5712 sed
574 5650 678 5722 pro,
699 5650 933 5722 primum,
962 5653 1126 5722 habet,
1150 5650 1299 5722 prior.
1343 5702 1497 5722 MA“

337 5702 724 5785 S'Bh'éuioi‘iiés’
740 5702 1089 5779 ὶόἆξιέἰηιιιὶδ,
1109 5702 1306 5770 habent,
1333 5702 1560 5769 apathiai.

1423 323 1515 376 AD
1553 323 1972 379 THEODORUM
2011 323 2302 382 LAPSUM.
2345 327 2384 383 Ι.

3427 343 3528 396 509

1947 439 2036 506 qui
2067 456 2354 512 numquam
2374 446 2701 512 ceciderunt,
2725 452 2862 520 quod
2885 455 3084 523 majore
3103 465 3317 512 utantur
3335 463 3526 516 alacri-

1945 539 2071 594 tate,
2100 533 2142 584 si
2168 543 2389 600 tantum,
2424 547 2478 591 ut
2499 540 2608 606 jam
2637 542 2764 608 dixi,
2790 561 2902 600 rem
2936 551 3328 616 aggrediantur.

2015 621 2328 682 Pwuitentt'w
2347 629 2544 682 initium
2566 633 2801 700 arduum,
2824 649 3001 691 autem
3023 640 3252 712 deinceps
3270 643 3524 712 faciliora.

1940 739 2010 750 -—
2032 712 2164 766 Nam
2193 714 2294 769 hoc
2319 732 2484 785 Opus,
2520 720 2606 775 hic
2634 723 2780 779 labor
2805 738 2883 780 est
2905 770 2920 793 ,
2955 745 3108 798 posse
3131 733 3400 788 introitum
3434 751 3526 803 pc-

1943 812 2074 898 tcre,
2099 820 2161 859 ac
2184 808 2441 864 vestibula
2464 812 2786 879 pteniteutia-
2803 821 3126 890 contingere,
3150 825 3525 898 inimicumque

1942 895 2161 948 multum
2192 898 2480 967 spirantem
2510 911 2565 957 et
2591 904 2875 964 instantem
2915 910 3182 978 depellere
3210 927 3367 986 atque
3397 895 3524 987 pro-

1939 994 2200 1043 sternere.
2228 991 2428 1048 Deinde
2457 1010 2582 1049 vero
2613 1012 2716 1051 non
2747 1009 2947 1055 tantum
2976 1003 3068 1059 ille
3102 1005 3332 1062 furorem
3374 1011 3526 1064 exhi-

1939 1076 2103 1143 bebit,
2133 1081 2296 1135 semel
2321 1094 2602 1153 snperatus
2631 1095 2684 1142 et
2707 1103 2807 1158 qua
2832 1103 2990 1160 parte
3009 1093 3196 1150 fortior
3224 1109 3337 1152 erat
3381 1101 3528 1170 deje-

1937 1179 2083 1223 Ctus:
2104 1187 2202 1226 nos
2229 1183 2404 1229 autem
2430 1177 2699 1235 alacritate
2727 1196 2990 1254 resumpta
3012 1189 3230 1256 majore,
3252 1191 3524 1258 pulchrum

1940 1258 2044 1315 hoc
2070 1263 2296 1319 stadium
2328 1265 2574 1323 facillime
2599 1270 2964 1330 decurrcmus.
3009 1279 3395 1347 Aggrediamur
3424 1283 3524 1336 ita-

1939 1367 2043 1420 que
2071 1354 2298 1410 reditum
2324 1398 2337 1420 ,
2388 1374 2725 1418 recurramus
2752 1364 2805 1418 in
2846 1366 3113 1423 civitatem
3160 1371 3427 1428 caelestem
3470 1375 3522 1428 in

1937 1458 2094 1512 quam
2124 1445 2396 1516 adscripti,
2431 1451 2518 1505 tibi
2539 1451 2730 1522 degere
2756 1455 2889 1524 jussi
2911 1473 3111 1513 sumus.
3135 1459 3265 1515 Nam
3289 1462 3354 1517 de
3376 1465 3526 1518 nobis

1937 1533 2066 1602 ipsis
2096 1535 2382 1606 desperare
2413 1557 2516 1595 non
2564 1543 2614 1597 id
2641 1545 2812 1599 solum
2840 1547 2992 1604 affert
3035 1552 3158 1605 mali
3185 1593 3199 1618 ,
3243 1554 3380 1622 quod
3412 1556 3525 1622 ejus

1939 1625 2083 1680 urbis
2112 1636 2290 1695 portas
2321 1631 2474 1684 nobis
2500 1632 2845 1702 intercludat,
2879 1654 2975 1693 nec
3014 1641 3154 1710 quod
3181 1643 3234 1696 in
3264 1644 3521 1712 majorem

1936 1716 2213 1784 segnitiem
2246 1727 2301 1773 et
2328 1731 2689 1792 contemptum
2717 1725 2976 1796 deducat,
3000 1731 3092 1784 sed
3123 1732 3264 1800 quod
3297 1734 3347 1786 in
3379 1733 3519 1788 furo-

1937 1821 2048 1860 rem
2079 1823 2176 1863 nos
2211 1811 2503 1866 satanicum
2534 1815 2765 1885 dejiciat.
2797 1819 3002 1873 Etenim
3028 1821 3269 1877 diabolus
3297 1840 3400 1878 non
3423 1827 3521 1879 alia

1937 1895 2005 1950 de
2031 1912 2190 1952 causa
2215 1900 2333 1954 talis
2363 1904 2531 1958 evasit
2558 1945 2572 1971 ,
2608 1921 2764 1973 quam
2794 1910 2914 1977 quia
2941 1925 3170 1979 primum
3201 1913 3518 1984 desperavit,

1935 1985 2255 2060 demumque
2287 2008 2350 2046 ex
2377 1992 2749 2062 desperatione
2793 1998 2845 2051 in
2875 2000 3130 2056 insaniam
3175 2003 3387 2058 decidit.
3423 2006 3520 2060 Ubi

1938 2081 2164 2149 primum
2188 2084 2329 2138 enim
2376 2085 2550 2139 anima
2600 2102 2748 2156 spem
2797 2091 2984 2144 salutis
3022 2094 3234 2158 amisit,
3268 2112 3335 2150 ne
3365 2099 3524 2151 sentit

1936 2170 2150 2238 quidem
2176 2173 2404 2241 amplius
2434 2191 2539 2243 quo
2571 2186 2724 2245 pacto
2761 2193 2998 2249 praeceps
3027 2190 3230 2250 agatur,
3262 2192 3314 2237 et
3342 2185 3518 2239 omnia

1936 2271 2121 2316 contra
2175 2265 2402 2319 salutem
2453 2269 2719 2336 propriam
2765 2270 2874 2338 agit
2899 2280 2952 2326 et
2982 2272 3128 2326 dicit.
3160 2276 3236 2330 Ac
3264 2276 3521 2344 quemad-

1938 2353 2153 2406 modum
2183 2353 2367 2409 furiosi
2401 2357 2486 2410 ubi
2537 2358 2704 2411 semel
2731 2373 2758 2412 a
2789 2375 2918 2414 sana
2963 2371 3140 2418 mente
3188 2366 3520 2434 exciderunt,

1935 2443 2067 2496 nihil
2092 2444 2314 2510 timent,
2369 2446 2513 2498 nullo
2536 2446 2736 2516 pudore
2766 2456 3012 2504 tenentur
3036 2494 3048 2516 ,
3081 2453 3173 2508 sed
3197 2455 3310 2508 sine
3341 2455 3520 2510 formi-

1933 2532 2058 2587 dine
2086 2534 2262 2587 omnia
2306 2533 2566 2602 audcnt’,
2595 2551 2694 2592 nec
2739 2538 2913 2607 ignem
2959 2556 3057 2597 nec
3080 2557 3226 2598 mare
3253 2561 3352 2600 nec
3389 2562 3522 2613 prae-

1934 2626 2111 2693 cipitia
2137 2625 2283 2680 adire
2311 2628 2724 2695 pertimescunt;
2755 2630 2831 2684 sic
2861 2639 2916 2686 et
2950 2633 2983 2685 ii
3014 2634 3102 2700 qui
3131 2634 3518 2704 desperationis

1934 2716 2151 2770 vesania
2195 2717 2425 2786 correpti
2469 2728 2632 2783 sunt,
2677 2721 3036 2776 intolerabiles
3061 2723 3252 2777 deinde
3282 2725 3332 2778 in
3363 2742 3521 2780 omne

1937 2807 2194 2860 malorum
2223 2823 2390 2877 genus
2417 2807 2738 2874 decurrunt;
2768 2819 2821 2864 et
2849 2812 2948 2865 nisi
2993 2827 3137 2868 πιοιέ
3162 2829 3255 2867 eos
3280 2815 3347 2867 ah
3378 2816 3519 2868 insa-

1936 2898 2022 2951 nia
2048 2907 2102 2952 et
2130 2899 2328 2968 impetu
2377 2909 2658 2966 coerceat,
2706 2901 2981 2956 innumera
3029 2903 3127 2956 sibi
3172 2903 3299 2972 ipsis
3341 2905 3516 2973 gravia

1935 2996 2260 3056 perpetrant.
2289 2988 2462 3055 Quare
2491 2989 2731 3052 obsecro,
2761 2998 3043 3059 antequam
3067 2992 3134 3045 ab
3153 2993 3238 3045 illa
3264 2992 3522 3047 ebrietate

1935 3079 2093 3133 altius
2121 3078 2468 3147 demergaris,
2501 3079 2785 3147 resipiscas
2814 3089 2867 3133 et
2896 3081 3301 3150 expergiscaris,
3333 3081 3518 3134 diabo-

1935 3168 2197 3236 licamque
2238 3168 2379 3221 illam
2408 3167 2674 3235 crapulam
2720 3169 2990 3233 excutias;
3023 3169 3162 3238 quod
3190 3170 3234 3223 si
3262 3169 3311 3222 id
3343 3169 3523 3223 confe-

1934 3259 2055 3312 stim
2083 3273 2240 3326 agere
2270 3274 2375 3312 non
2397 3260 2588 3327 possis,
2621 3259 2819 3312 sensim
2845 3267 2897 3312 et
2919 3260 3165 3326 paulatim
3189 3260 3369 3313 facias.
3393 3260 3518 3314 Mihi

1934 3358 2078 3403 certe
2103 3348 2256 3416 longe
2286 3346 2491 3401 facilius
2511 3348 2736 3413 videtur,
2780 3356 2838 3402 ut
2860 3349 2925 3403 ab
2950 3349 3194 3402 omnibus
3219 3349 3376 3403 simul
3403 3351 3522 3419 qui-

1935 3439 2033 3494 bus
2058 3437 2396 3508 complicaris
2425 3438 2638 3493 funibus
2667 3439 2991 3493 abstractum
3021 3447 3071 3495 te
3100 3442 3150 3495 in
3195 3442 3519 3510 poenitentia

1935 3532 2267 3602 gymnasium
2289 3530 2597 3586 transferas.
2622 3531 2676 3586 Si
2709 3539 2883 3585 tamen
2904 3532 2993 3586 tibi
3013 3533 3234 3587 arduum
3257 3533 3516 3599 videatur,

1938 3631 1997 3678 ut
2031 3624 2258 3677 volueris
2290 3623 2428 3677 viam
2453 3623 2520 3677 ad
2559 3623 2780 3678 meliora
2807 3623 3088 3678 ducentem
3115 3623 3274 3679 adeas
3297 3665 3310 3689 ,
3360 3625 3520 3678 modo

1939 3730 2050 3770 rem
2081 3715 2339 3783 suscipias
2359 3722 2411 3769 et
2430 3714 2669 3769 obtineas
2685 3714 2841 3767 vitam
2865 3723 3139 3769 mteruam.
3168 3715 3337 3768 Etiam
3363 3724 3520 3783 atque

1938 3807 2097 3860 etiam
2125 3820 2253 3876 rogo
2273 3813 2329 3860 et
2352 3806 2576 3860 obsecro
2603 3821 2698 3874 per
2720 3805 2991 3874 pristinam
3022 3814 3160 3858 tuam
3185 3805 3520 3874 probitatem,

1940 3913 2033 3966 per
2062 3896 2303 3952 fiduciam
2329 3896 2492 3961 illast),
2518 3895 2774 3951 teiterum
2801 3895 3070 3950 videamus
3092 3895 3142 3949 in
3168 3895 3256 3949 illo
3271 3896 3519 3960 culmine,

1941 3987 1990 4041 in
2018 3988 2105 4041 illa
2127 3990 2538 4056 perseverantia.
2558 3987 2808 4042 Miserere
2837 3988 3135 4056 eorum,qui
3160 3995 3375 4056 pr0pter
3398 3995 3447 4040 te
3470 3987 3520 4040 in

1939 4079 2311 4134 offendiculum
2333 4077 2682 4148 impegeruut,
2706 4079 2793 4146 qui
2819 4079 2955 4147 lapsi
2981 4088 3122 4145 sunt,
3149 4079 3231 4133 vel
3252 4080 3524 4148 segniores

1940 4171 2136 4235 effecti,
2169 4170 2258 4240 qui
2287 4170 2352 4224 de
2379 4170 2592 4222 virtutis
2613 4169 2693 4221 via
2721 4169 3090 4237 desperarunt.
3123 4169 3272 4223 Nunc
3310 4169 3520 4237 quidem

1943 4261 2152 4314 tristitia
2178 4259 2399 4312 fratrum
2427 4257 2648 4311 chorum
2673 4266 2930 4325 occupat,
2961 4257 3203 4325 voluptas
3251 4268 3425 4309 autem
3467 4265 3523 4310 et

1944 4351 2122 4405 lar-tilia
2151 4348 2440 4404 infidelium
2470 4356 2820 4410 conventum,
2851 4361 2950 4399 nec
2977 4359 3080 4398 non
3119 4345 3371 4413 juvcnum
3411 4345 3522 4397 otio

1942 4442 2257 4498 deditorum.
2282 4439 2334 4496 Si
2357 4447 2531 4495 autem
2557 4439 2620 4493 ad
2642 4448 2940 4493 accuratam
2965 4437 3104 4490 illam
3122 4438 3242 4490 vita:
3262 4437 3520 4490 rationem

1943 4535 2200 4600 redieris,
2226 4532 2547 4588 contrarium
2577 4529 2807 4594 accidet,
2842 4537 3124 4598 nostraque
3161 4527 3446 4598 ignominia
3470 4527 3522 4580 in

1945 4627 2280 4682 adversarios
2327 4633 2436 4680 tota
2482 4624 2502 4656 ³
2541 4623 2916 4679 derivabitur:
2962 4635 3058 4674 nos
3103 4629 3280 4674 autem
3328 4618 3516 4672 ﬁducia

1951 4719 2114 4773 multa
2147 4717 2387 4773 instructi
2418 4716 2640 4781 erimus,
2675 4723 2726 4767 te
2762 4711 2947 4781 majori
2977 4710 3259 4779 splendore
3299 4723 3524 4763 corona-

1949 4820 2058 4864 tum
2115 4808 2565 4878 praedicatumque
2609 4803 2870 4858 videntes.
2913 4801 3069 4855 Tales
3108 4801 3248 4854 enim
3294 4799 3527 4852 victoria:

1950 4903 2205 4972 majorem
2238 4900 2416 4954 ferunt
2441 4910 2492 4952 et
2518 4898 2740 4967 gloriam
2775 4904 2829 4950 et
2854 4895 3198 4964 voluptatem.
3242 4891 3354 4946 Non
3383 4891 3524 4944 enim

1952 4995 2205 5065 praeclare
2245 4999 2513 5061 gestorum
2557 4998 2758 5042 tantum
2806 4985 3106 5040 mercedem
3139 4982 3386 5051 recipies,
3433 4981 3527 5033 sed

1951 5088 2109 5141 etiam
2132 5085 2357 5138 aliorum
2380 5078 2760 5135 cohortationis
2781 5087 2833 5132 et
2857 5075 3251 5137 consolationis,
3275 5071 3327 5124 in
3349 5085 3526 5124 exem-

1953 5181 2094 5248 plum
2134 5175 2476 5245 conspicuum
2516 5170 2753 5241 positus;
2803 5177 2863 5223 ut
2893 5168 2937 5221 si
2977 5166 3092 5235 quis
3122 5165 3174 5216 in
3205 5161 3347 5232 paria
3392 5159 3527 5211 mala

1952 5269 2249 5331 delabatur,
2292 5271 2535 5333 resurgat
2564 5263 2752 5316 iterum
2778 5302 2792 5324 ,
2820 5268 2874 5314 et
2899 5257 2964 5311 ad
3006 5255 3280 5309 meliorem
3325 5248 3523 5316 frugem

1953 5379 2010 5417 se
2033 5359 2271 5429 recipiat.
2309 5356 2389 5411 Ne
2421 5364 2622 5411 tantum
2665 5353 2798 5408 lucri
2841 5359 3183 5409 contemnas,
3230 5355 3397 5410 neque
3438 5339 3524 5394 de-

2018 5629 2033 5658 ι
2071 5622 2209 5673 savii.
2233 5626 2283 5669 et
2300 5620 2397 5668 duo
2415 5616 2524 5666 Cod.
2552 5620 2677 5677 post,
2699 5611 2892 5669 audent,
2922 5601 3117 5661 addunt,
3143 5603 3187 5649 et
3209 5593 3410 5659 faciunt.

2019 5691 2036 5719 ³
2072 5696 2122 5736 tn
2144 5680 2284 5735 savii.
2310 5680 2562 5739 «inlinitur,
2587 5680 2698 5726 tota.

3541 5622 3549 5649 l
