3954 6430
466 338 571 395 803

467 450 633 503 (laws
654 443 854 499 animas
875 444 1083 493 nostras
1109 447 1229 488 cum
1259 427 1466 485 tristitia
1493 426 1559 481 ad
1586 424 1805 490 inferos,
1837 420 1930 476 sed
1961 420 2043 474 fac

469 538 830 606 respiremus,
863 538 918 586 et
945 527 1192 583 nebulam
1220 523 1468 585 tristitiae,
1496 532 1615 587 qua:
1657 516 1731 568 tui
1768 527 1924 568 causa
1953 525 2050 563 nos

470 603 713 695 occupat,
735 620 1082 678 excutiamus.
1108 615 1259 671 Nunc
1285 612 1425 667 enim
1450 609 1659 664 damnis
1681 605 1877 659 nostris
1896 603 2050 655 mnis-

468 719 563 783 sis,
587 717 917 771 calamitates
937 710 1273 781 deploramus
1305 716 1440 759 tuas.
1484 698 1635 769 Quod
1660 698 1704 751 si
1735 695 2049 764 resipiscere

473 809 602 863 velis
648 815 703 861 et
742 804 926 859 oculos
973 801 1221 871 aperire,
1271 805 1429 864 atque
1471 791 1722 860 angelica:
1781 786 1982 842 militiae
2028 784 2047 815 ί

471 895 861 961 connumerari,
888 901 942 948 et
978 905 1075 946 nos
1102 907 1131 943 a
1160 890 1299 943 luctu
1326 884 1539 953 eripies,
1570 889 1625 936 et
1652 892 1894 948 magnam
1921 890 2048 946 pec-

469 1000 707 1046 catorum
743 994 1047 1042 nostrorum
1093 989 1294 1053 partem
1333 979 1625 1043 alisterges.
1666 969 1821 1036 Quod
1870 976 2045 1020 autem

471 1082 784 1151 contingat,
827 1092 921 1133 cos
945 1077 1033 1146 qui
1077 1088 1171 1143 per
1204 1068 1566 1141 patiitentiam
1614 1060 1841 1117 restituti
1885 1064 2045 1121 sunt,

468 1147 754 1229 admodum
796 1165 1140 1239 resplenderc
1161 1206 1174 1227 ,
1205 1171 1257 1215 et
1286 1172 1429 1228 sche
1459 1155 1648 1224 magis,
1696 1165 1854 1221 quam
1894 1149 1927 1202 ii
1957 1147 2047 1216 qui

469 1281 755 1336 numquam
785 1262 918 1332 lapsi
959 1265 1083 1313 sunt
1106 1299 1120 1318 ,
1153 1254 1203 1308 id
1230 1269 1294 1308 ex
1322 1248 1616 1318 Scripturis
1644 1242 1834 1299 divinis
1873 1240 2046 1309 palam

471 1328 712 1411 fecimus.
744 1328 925 1409 Sic-et
953 1346 1217 1419 publicani
1256 1353 1310 1398 et
1353 1339 1660 1395 meretrices
1699 1346 1917 1402 regnum
1956 1328 2049 1383 Dei

471 1448 760 1517 possident,
776 1445 851 1499 sic
867 1459 934 1498 ex
955 1438 1255 1495 novissimis
1272 1433 1419 1488 multi
1441 1430 1622 1502 primis
1638 1431 2046 1495 anteponuntur.

544 1539 630 1592 17.
672 1534 904 1590 Historia
948 1528 1306 1592 adolescentis,
1345 1525 1431 1593 qui
1470 1523 1643 1591 lapsus
1676 1518 1882 1586 resipuit
1909 1522 2046 1584 post-

468 1646 546 1681 ea.
588 1657 660 1668 ——
691 1623 930 1680 Narrabo
957 1621 1072 1686 tibi,
1101 1634 1218 1689 qua:
1243 1628 1426 1671 nostro
1453 1624 1692 1682 tempore
1714 1609 2051 1678 contigerunt

468 1732 522 1776 et
551 1734 775 1791 quorum
809 1717 922 1786 ipse
968 1714 1117 1769 testis
1161 1725 1280 1766 esse
1321 1706 1574 1779 potueris.
1615 1703 1764 1759 Nosti
1797 1702 2046 1772 juvenem

468 1790 614 1865 illum
643 1809 806 1864 lilium
827 1805 1047 1869 Urbani,
1075 1801 1404 1864 Phoenicem,
1429 1797 1518 1866 qui
1548 1797 1857 1849 immaturus
1878 1790 2051 1846 adhuc

471 1902 694 1971 pupillus
716 1898 929 1961 mansit,
959 1894 1217 1965 pecuniis,
1248 1889 1506 1944 famulitio
1528 1896 1581 1941 et
1604 1886 1744 1956 agris
1765 1882 2047 1937 admodum

469 1995 775 2046 instructus.
809 1989 859 2042 Is
883 1986 1114 2057 primum
1143 1983 1228 2037 ubi
1260 1981 1368 2034 ludi
1401 1978 1664 2047 magistris
1689 1977 1903 2045 longum
1934 1973 2051 2026 vale

471 2082 714 2144 dixisset,
748 2077 921 2147 posito
948 2070 1377 2143 splendidissimo
1403 2067 1619 2129 amictu,
1654 2074 1871 2132 totoque
1890 2062 2051 2130 hujus

472 2176 594 2228 vita:
626 2171 765 2225 fastu
789 2211 803 2234 ,
835 2175 1051 2239 repente
1082 2164 1274 2218 vestitu
1299 2176 1357 2217 se
1391 2160 1577 2213 viliore
1601 2156 1831 2211 contexit
1857 2171 1870 2219 ;
1904 2162 1955 2208 et
1985 2153 2050 2206 ad

474 2264 731 2320 montium
767 2260 1108 2317 solitudinem
1156 2254 1441 2319 secedens,
1489 2251 1755 2321 egregiam
1807 2246 2051 2302 exhibuit

471 2353 898 2426 philosophiam,
950 2364 1055 2403 non
1099 2344 1388 2401 secundum
1438 2342 1610 2396 artatis
1661 2338 1911 2401 modum,
1955 2336 2050 2391 sed

470 2447 680 2517 qualem
726 2451 904 2514 posset
933 2441 1014 2495 vir
1053 2437 1313 2509 quispiam
1355 2449 1576 2502 magnus
1604 2440 1657 2485 et
1685 2427 2045 2483 admirandus.

472 2534 674 2591 Deinde
695 2546 844 2587 sacra
870 2529 1242 2602 mysteriorum
1266 2524 1561 2579 initiatione
1588 2521 1855 2590 dignatus,
1883 2518 2051 2572 multo

469 2626 637 2695 magis
668 2625 717 2678 in
750 2623 943 2678 virtute
973 2632 1280 2690 progressus
1300 2624 1415 2681 est;
1459 2615 1529 2667 ita
1558 2622 1614 2667 ut
1641 2625 1826 2666 omnes
1855 2607 2053 2679 gaude-

474 2725 592 2770 rent
617 2715 831 2783 Deoque
863 2712 1087 2782 gloriam
1115 2708 1412 2771 referrent,
1444 2703 1585 2773 quod
1627 2701 1680 2755 in
1701 2700 1898 2755 divitiis
1922 2697 2051 2753 edu-

469 2817 651 2873 catus,
694 2805 851 2860 claris
892 2803 1060 2856 atavis
1085 2809 1233 2854 ortus
1272 2795 1664 2862 admodumque
1705 2790 2048 2856 adolescens,

473 2899 773 2968 proculcata
797 2893 1077 2950 confestim
1100 2893 1223 2946 vine
1250 2904 1464 2959 pompa,
1484 2885 1548 2941 ad
1573 2900 1754 2940 vcrmn
1785 2881 2050 2951 fastigium

471 2989 821 3044 ascendisset.
854 2986 985 3041 Cum
1018 2985 1119 3038 hoc
1149 2984 1199 3037 in
1229 2990 1367 3035 statu
1399 2988 1541 3032 esset
1564 3019 1576 3042 ,
1607 2986 1655 3031 et
1693 2973 1928 3030 omnium
1959 2972 2054 3026 ad-

430 3146 437 3152 ,
474 3084 809 3139 mirationem
840 3085 1115 3143 moveret,
1162 3083 1503 3143 corruptores
1545 3068 1759 3141 quidam
1802 3066 1892 3137 qui
1931 3064 2053 3136 jure

471 3176 805 3247 cognationis
847 3172 964 3240 ejus
1001 3184 1183 3226 curam
1221 3165 1526 3229 habebant,
1557 3161 1622 3216 ad
1651 3160 1903 3230 pristinos
1928 3170 2050 3212 eum

475 3271 664 3325 fluctus
692 3266 1036 3323 reduxerunt.
1071 3261 1306 3332 Rt'jCCllS
1333 3259 1489 3329 igitur
1513 3255 1690 3311 denuo
1710 3251 1955 3308 omnibus
1973 3290 1990 3317 ,
2021 3264 2052 3304 a

474 3360 740 3415 montibus
770 3359 823 3411 in
854 3355 1088 3412 medium
1130 3353 1299 3406 forum
1323 3365 1381 3404 se
1411 3346 1666 3409 contulit,
1708 3353 1763 3399 et
1785 3360 1924 3415 equo
1953 3357 2049 3396 ve-

470 3462 590 3506 ctus
619 3448 984 3515 famulitioque
1020 3443 1189 3497 muito
1241 3442 1500 3508 stipatus,
1543 3437 1620 3490 sic
1661 3442 1825 3487 totam
1866 3433 2051 3487 urbem

471 3541 749 3598 circuibat,
771 3550 871 3589 nec
888 3533 954 3587 ad
976 3546 1157 3586 sanam
1180 3529 1358 3584 redire
1380 3535 1610 3581 mentem
1632 3522 1859 3578 volebat.
1880 3519 2050 3574 Nimia

473 3633 669 3702 quippe
698 3628 966 3696 voluptate
996 3635 1318 3685 succensus,
1351 3620 1403 3674 in
1434 3616 1696 3671 absurdos
1721 3627 1931 3668 amores
1961 3628 2054 3666 ne-

473 3721 708 3777 cessario
736 3716 1054 3788 perpellitur
1082 3731 1095 3767 :
1131 3724 1393 3779 nemoque
1421 3716 1535 3763 erat
1558 3722 1622 3762 ex
1661 3706 1727 3759 iis
1749 3705 1840 3775 qui
1865 3705 1917 3758 in
1942 3718 2057 3757 me-

475 3813 563 3867 dio
591 3809 962 3870 versabantur,
994 3804 1119 3875 quin
1152 3801 1267 3871 ejus
1296 3800 1520 3854 salutem
1541 3797 1867 3866 deploratam
1889 3793 2056 3849 habe-

478 3914 596 3967 ret;
630 3909 773 3955 tanta
809 3899 955 3953 illum
1001 3892 1365 3951 circumdabat
1393 3889 1722 3944 adulatorum
1753 3888 1902 3943 turba
1924 3931 1939 3953 ,
1967 3887 2054 3942 cui

477 3992 802 4048 accedebant
826 3996 1103 4061 parentum
1126 3983 1614 4053 orbitas,juventus
1631 3990 1686 4037 et
1704 3996 1832 4052 opes
1853 3983 2053 4035 multm.

476 4088 574 4155 Qui
606 4095 783 4141 autem
810 4082 986 4138 omnia
1014 4080 1164 4135 facile
1194 4079 1367 4133 solent
1392 4075 1734 4141 calumniari,
1767 4072 2056 4143 reprehen-

471 4162 668 4233 debant
697 4191 790 4231 cos
811 4175 899 4246 qui
930 4175 997 4228 ab
1027 4173 1175 4228 initio
1212 4171 1360 4225 illum
1392 4169 1455 4223 ad
1481 4168 1581 4221 hoc
1603 4169 1725 4221 vitae
1754 4179 1921 4236 genus
1947 4174 2057 4217 tra-

474 4271 784 4331 duxissent,
831 4266 1184 4333 dicebantque
1213 4278 1333 4317 eum
1364 4269 1418 4314 et
1455 4275 1482 4312 a
1525 4258 1886 4329 spiritualibus
1910 4255 2058 4310 defe-

475 4362 645 4425 cisse,
676 4368 731 4415 et
755 4358 833 4413 rei
862 4355 1103 4410 familiari
1135 4363 1316 4424 postea
1343 4351 1581 4405 inutilem
1614 4349 1756 4416 fore,
1784 4363 1904 4403 cum
1934 4354 2058 4401 ante

475 4462 683 4520 tempus
708 4467 738 4503 a
760 4451 1033 4504 literarum
1061 4446 1237 4501 studio
1270 4444 1570 4507 resiliissel,
1599 4440 1905 4510 nullumque
1934 4438 2059 4493 inde

477 4543 709 4597 fructum
732 4541 1018 4609 decerpere
1047 4536 1324 4605 potuisset.
1355 4534 1485 4587 Cum
1512 4532 1565 4585 hi
1597 4546 1874 4585 sermones
1896 4530 2060 4600 jacta-

483 4644 668 4689 rentur
696 4633 1000 4699 multusque
1028 4633 1447 4695 consequeretur
1472 4622 1595 4677 inde
1623 4622 1814 4691 pudor,
1843 4622 2055 4691 quidam

476 4724 650 4780 sancti
696 4722 794 4776 viri
843 4721 935 4791 qui
987 4728 1359 4787 smpcnumcro
1404 4714 1561 4768 talem
1611 4713 1840 4783 praedam
1883 4713 2057 4766 venali

478 4816 721 4880 fuerant,
753 4821 809 4866 et
856 4809 1185 4880 experientia
1225 4805 1390 4876 probe
1436 4805 1765 4867 didicerant,
1820 4818 1886 4857 ne
1917 4802 2056 4856 circa

478 4911 596 4966 illos
645 4906 859 4978 quidem
907 4901 1300 4975 desperandum
1340 4915 1458 4955 esse
1496 4898 1596 4964 iis,
1642 4896 1730 4967 qui
1761 4895 1934 4950 divina
1963 4910 2058 4964 spe

477 5010 601 5056 sunt
629 4996 876 5054 instructi
896 5037 911 5063 ,
943 4994 1291 5049 observantes
1333 5006 1452 5046 eum
1495 4987 1742 5051 assidue,
1773 4987 1817 5041 si
1846 4985 2057 5057 quando

477 5093 721 5148 viderent
741 5091 793 5146 in
822 5088 937 5144 foro
960 5130 976 5153 ,
1007 5084 1332 5141 accedebant
1352 5091 1406 5139 et
1431 5079 1888 5150 amplectebantur
1911 5091 2054 5133 eum.

482 5187 537 5240 lit
567 5182 826 5255 principio
853 5180 1066 5251 quidem
1100 5178 1188 5232 ille
1222 5192 1253 5232 e
1287 5175 1497 5231 sublimi
1527 5187 1666 5244 equo
1693 5181 1876 5226 vectus
1914 5171 2060 5240 ipsos

479 5279 818 5347 insequentes
839 5272 1052 5342 oblique
1078 5268 1446 5339 alloquebatur
1472 5283 1485 5315 :
1518 5274 1657 5319 tanta
1686 5271 1802 5317 erat
1825 5262 2056 5331 primum

480 5366 804 5438 impudentia
851 5363 1102 5418 hominis.
1156 5361 1228 5415 At
1269 5358 1347 5413 illi
1396 5354 1757 5411 misericordia
1799 5362 1851 5407 et
1876 5367 2060 5407 amore

481 5458 769 5525 commoti,
797 5456 1171 5512 contumeliam
1218 5449 1523 5520 hujusmodi
1553 5463 1657 5501 non
1686 5454 1966 5511 curantes,
1995 5459 2060 5499 eo

481 5548 653 5602 solum
673 5548 1003 5617 spectabant,
1028 5553 1085 5600 ut
1102 5558 1297 5614 agnum
1324 5540 1461 5610 lupis
1482 5538 1888 5593 subtrahcrent:
1918 5537 2058 5608 quod

547 5717 563 5748 ⁸
599 5723 729 5765 Unus
750 5718 860 5765 (:od.
884 5726 933 5766 et
954 5718 1090 5767 savii.
1110 5720 1157 5767 in
1178 5717 1412 5776 margine,
1438 5719 1481 5763 ct
1504 5709 1696 5762 civitati.

1209 320 1265 377 S.
1304 313 1580 374 JOANNIS
1608 307 2084 369 011Βῖ908ΤοΜί
2108 306 2422 366 ARCHIEP.
2463 308 2992 368 CONSTANTINOP.

3632 315 3742 374 30‘

2161 430 2215 474 et
2254 436 2349 489 per
2378 422 2682 489 patientiam
2733 421 3088 492 perfecerunt.
3131 421 3369 480 Tandem
3408 427 3552 482 enim
3593 430 3747 486 velut

2159 529 2220 566 ex
2248 514 2473 582 quadam
2501 514 2731 569 amentia
2758 529 3004 570 reversus
3026 557 3040 582 ,
3067 515 3135 570 de
3159 517 3368 572 assidua
3393 534 3584 575 eorum
3606 538 3747 578 cura

2157 605 2352 657 rubore
2382 604 2643 669 suffusus,
2675 606 2719 660 si
2760 607 2970 676 quando
3007 609 3152 676 ipsos
3194 610 3381 678 procul
3418 611 3750 668 accedentes

2158 694 2381 762 videret,
2413 697 2591 749 statim
2617 696 2682 748 ab
2696 711 2833 766 equo
2852 698 3146 765 desiliebat,
3165 700 3518 772 demissisque
3542 705 3745 770 oculis,

2158 799 2341 838 eorum
2376 785 2573 840 monita
2605 802 2725 841 cum
2773 787 2987 843 silentio
3019 788 3300 856 audiebat,
3342 807 3409 846 ac
3449 806 3746 863 progressu

2158 877 2415 945 temporis
2465 878 2725 946 majorem
2784 879 2912 947 ipsis
2959 882 3313 937 reverentiam
3368 883 3747 956 honoremque

2157 967 2416 1021 exhibuit.
2447 967 2642 1038 Sicque
2669 969 2762 1023 Dei
2803 971 2969 1039 gratia
3007 971 3261 1041 paulatim
3302 988 3423 1027 eum
3451 974 3520 1029 ab
3547 975 3745 1045 hujus-

2157 1057 2296 1111 modi
2342 1058 2544 1113 retibus
2595 1060 2897 1127 expeditum
2924 1102 2937 1127 ,
2983 1063 3218 1130 pristina:
3259 1064 3531 1121 solitudini
3577 1078 3748 1139 atque

2157 1149 2506 1220 philosophia:
2534 1151 2901 1205 reddiderunt.
2942 1152 3090 1207 Nune
3119 1152 3331 1210 demum
3367 1165 3518 1212 tanto
3546 1160 3743 1229 splen-

2155 1241 2287 1298 dore
2314 1243 2490 1309 fulsit,
2521 1252 2576 1298 ut
2599 1245 2822 1313 pristina
2854 1246 2969 1314 ejus
2995 1246 3098 1301 vita
3125 1287 3138 1311 ,
3172 1248 3215 1302 si
3244 1260 3590 1320 comparetur
3614 1267 3742 1309 cum

2156 1350 2215 1388 ea
2248 1351 2348 1404 qua
2381 1346 2498 1404 post
2526 1336 2728 1406 lapsum
2760 1338 2949 1391 claruit
2974 1380 2987 1403 ,
3019 1338 3169 1392 nihili
3198 1338 3439 1397 habenda
3465 1343 3739 1398 videatur.

2156 1426 2289 1480 Cum
2314 1427 2453 1481 enim
2477 1428 2841 1498 experimento
2868 1428 3139 1485 didicisset
3158 1445 3275 1501 qua:
3296 1442 3438 1488 esset
3458 1434 3737 1503 illecebra,

2156 1520 2452 1590 absumptis
2471 1522 2521 1576 in
2548 1538 2834 1593 egenorum
2855 1540 2980 1579 usus
3000 1527 3239 1595 pecuniis
3260 1530 3525 1596 omnibus,
3548 1529 3741 1599 hujus-

2156 1611 2297 1665 modi
2323 1612 2465 1666 curis
2493 1614 2770 1682 expeditus
2790 1656 2803 1678 ,
2833 1629 3045 1668 omnem
3074 1617 3469 1674 insidiatoribus
3496 1620 3741 1688 praecidit

2155 1702 2492 1758 occasionem
2524 1722 2537 1758 :
2582 1713 2635 1758 et
2670 1720 2809 1760 nunc
2837 1706 2887 1759 in
2918 1707 3001 1760 illa
3026 1722 3141 1777 quae
3167 1707 3312 1763 ducit
3339 1709 3405 1764 ad
3429 1710 3621 1765 cadum
3651 1712 3739 1768 via

2157 1808 2470 1863 progressus
2496 1795 2560 1849 ad
2592 1797 2799 1850 virtutis
2825 1797 3028 1865 apicem
3059 1798 3271 1854 demum
3303 1803 3563 1871 pervenit.

2229 1884 2533 1954 Exemplum
2567 1885 2730 1939 aliud.
2768 1916 2833 1927 ——
2872 1890 2942 1941 At
2972 1889 3059 1943 ille
3087 1889 3300 1959 quidem
3322 1931 3336 1955 ,
3370 1891 3582 1961 juvenis
3610 1909 3736 1951 cum

2157 1985 2319 2042 esset,
2348 1977 2525 2045 lapsus
2550 1988 2631 2031 est
2672 1986 2727 2033 et
2762 1979 2991 2032 surrexit
3017 1999 3029 2033 :
3055 1980 3192 2035 alius
3220 1996 3346 2036 vero
3372 1984 3584 2052 quidam
3614 1996 3738 2054 post

2158 2066 2352 2121 multos
2397 2067 2446 2119 in
2484 2068 2589 2120 vita
2620 2069 2889 2122 eremitiea
2918 2069 3174 2137 sudores,
3212 2087 3318 2126 uno
3344 2082 3547 2128 tantum
3586 2076 3738 2131 socio

2156 2159 2316 2212 vitam
2356 2159 2646 2228 angelicam
2696 2174 2978 2226 emensus,
3023 2176 3144 2216 cum
3168 2162 3278 2233 jam
3307 2164 3372 2218 ad
3401 2176 3736 2222 senectutem

2155 2251 2464 2317 accederet,
2496 2252 2676 2306 nescio
2700 2268 2803 2323 quo
2832 2263 2984 2324 pacto
3011 2264 3210 2311 satana:
3238 2260 3467 2313 versutia
3498 2259 3735 2315 cireum-

2156 2350 2346 2397 ventus
2367 2383 2380 2407 ,
2425 2351 2478 2397 et
2503 2343 2643 2412 quod
2674 2344 2947 2400 remissius
2976 2355 3157 2415 ageret
3185 2347 3319 2404 dans
3346 2349 3545 2406 aditum
3576 2354 3733 2407 mali-

2152 2448 2298 2517 gno,
2342 2436 2392 2515 in
2433 2436 2916 2506 concupiscentiam
2954 2440 3231 2494 mulierum
3272 2441 3451 2511 lapsus
3490 2453 3611 2510 est,
3646 2445 3734 2514 qui

2157 2534 2333 2581 tamen
2355 2568 2370 2594 ,
2404 2543 2469 2581 ex
2500 2542 2605 2597 quo
2631 2529 2980 2583 monasticam
3002 2530 3160 2584 vitam
3190 2533 3414 2598 inierat,
3441 2549 3732 2605 numquam

2157 2621 2434 2675 mulierem
2464 2621 2684 2676 viderat.
2722 2621 2791 2675 Et
2829 2622 3000 2692 primo
3042 2623 3255 2693 quidem
3295 2625 3734 2683 contubernalem

2158 2711 2411 2781 rogabat,
2454 2712 2554 2766 sibi
2588 2726 2805 2767 carnem
2834 2722 2889 2767 et
2924 2713 3102 2768 vinum
3130 2714 3486 2780 ministraret,
3510 2717 3737 2787 adjectis

2157 2804 2314 2857 minis
2352 2818 2411 2857 se
2430 2845 2446 2870 ,
2477 2804 2580 2859 nisi
2609 2803 2661 2858 id
2687 2805 3034 2873 impetraret,
3062 2805 3115 2859 in
3146 2807 3315 2861 forum
3352 2807 3733 2863 descensurum

2157 2908 2298 2949 esse.
2331 2893 2484 2961 Quod
2516 2908 2619 2948 non
2649 2909 2715 2948 ex
2741 2893 3009 2949 desiderio
3036 2897 3272 2950 carnium
3298 2897 3527 2964 dicebat,
3558 2899 3652 2953 sed
3679 2909 3737 2953 ut

2158 2986 2282 3040 hinc
2319 3000 2499 3040 ansam
2529 2985 2789 3055 arriperet
2822 2985 3110 3040 descensus
3155 2986 3206 3040 in
3250 2988 3452 3042 urbem.
3489 2988 3580 3043 llle
3608 3004 3738 3043 vero

2157 3079 2348 3132 anxius
2387 3093 2449 3132 ac
2491 3079 2682 3133 timens
2711 3094 2808 3143 ne,
2838 3077 2882 3132 si
2912 3077 2963 3133 id
2990 3079 3307 3149 denegaret,
3341 3081 3393 3135 in
3420 3081 3593 3150 majus
3629 3083 3736 3136 cri-

2159 3190 2281 3229 men
2308 3190 2428 3228 eum
2456 3174 2747 3244 conjiceret
2770 3213 2785 3238 ,
2819 3173 2935 3243 ejus
2962 3174 3160 3243 optatui
3204 3173 3412 3229 abunde
3453 3174 3733 3229 satisfecit.

2159 3266 2255 3320 llic
2297 3273 2472 3319 autem
2502 3275 2563 3319 ut
2599 3265 2730 3319 vidit
2772 3262 2966 3318 frustra
2995 3265 3223 3319 cessisse
3267 3264 3511 3318 callidum
3553 3264 3734 3318 consi—

2160 3359 2324 3424 lium,
2377 3357 2712 3428 impudenter
2763 3356 2976 3411 demum
3010 3371 3171 3426 agens
3215 3356 3605 3411 simulationem
3640 3355 3735 3411 de-

2160 3453 2318 3517 texit,
2371 3459 2424 3506 et
2470 3451 2605 3505 dixit
2646 3463 2867 3504 necesse
2898 3462 3114 3518 prorsus
3152 3462 3270 3503 esse
3306 3447 3405 3502 sibi
3450 3448 3502 3500 in
3549 3447 3734 3501 urbem

2160 3540 2445 3612 proficisci.
2497 3540 2598 3596 Ubi
2646 3551 2824 3593 autem
2876 3538 3252 3592 animadvertit
3293 3537 3383 3591 ille
3435 3552 3492 3591 se
3538 3536 3732 3591 frustra

2162 3633 2351 3698 obniti,
2376 3631 2584 3687 tandem
2606 3631 2826 3695 dimisit,
2848 3638 2902 3684 et
2918 3630 3103 3698 procul
3127 3637 3380 3697 sequutus
3398 3628 3731 3693 observabat,

2160 3739 2261 3794 qua
2309 3723 2375 3778 de
2423 3739 2579 3777 causa
2624 3721 2991 3777 descenderet.
3037 3719 3137 3775 Ubi
3167 3720 3300 3774 vidit
3340 3719 3634 3789 ingressum
3684 3722 3733 3774 in

2163 3812 2403 3883 lupanar,
2433 3829 2629 3883 gnarus
2674 3828 2796 3868 eum
2824 3828 2942 3867 cum
2976 3820 3154 3868 scorto
3182 3826 3295 3865 rem
3332 3809 3580 3864 habuisse
3600 3852 3615 3873 ,
3647 3826 3734 3864 ex-

2161 3911 2452 3975 spectavit;
2499 3911 2553 3958 et
2581 3912 2858 3972 postquam
2900 3901 2947 3956 is
2976 3901 3206 3956 absurdo
3241 3899 3505 3955 desiderio
3545 3901 3734 3967 potitus

2162 4011 2408 4068 egressus
2437 4004 2519 4051 est
2542 4037 2556 4062 ,
2601 3996 2805 4064 supinis
2842 4008 2962 4049 eum
2996 3992 3238 4047 manibus
3267 3992 3512 4060 excepit;
3543 3999 3594 4045 et
3620 4005 3733 4044 am-

2161 4090 2404 4158 plexatus
2433 4096 2777 4156 amanterque
2807 4085 3175 4151 exosculatus,
3207 4083 3339 4136 nihil
3366 4083 3649 4152 ohjurgans
3668 4081 3734 4136 ob

2164 4180 2385 4245 facinus,
2405 4179 2624 4248 rogabat
2646 4186 2872 4241 tantum,
2889 4185 2946 4230 nt
2965 4185 3240 4246 postquam
3255 4173 3734 4243 concupiscentiam

2163 4286 2316 4325 suam
2348 4270 2690 4339 expleverat,
2738 4267 2790 4320 in
2830 4266 3129 4321 solitudinis
3153 4264 3475 4319 domicilium
3515 4262 3731 4316 rediret.

2164 4360 2258 4415 llic
2286 4376 2416 4415 vero
2444 4360 2513 4414 ob
2542 4368 2736 4413 tantam
2762 4355 3219 4410 mansuetudinem
3246 4353 3449 4424 pudore
3474 4352 3732 4417 suffusus,

2164 4454 2451 4522 animoque
2492 4451 2799 4521 perculsus,
2853 4456 2907 4504 et
2950 4448 3016 4502 de
3060 4446 3299 4501 facinore
3351 4454 3735 4513 compunctus,

2167 4545 2336 4613 ipsum
2396 4544 2446 4597 in
2502 4552 2737 4596 montem
2801 4549 3016 4596 euntem
3068 4536 3312 4607 sequitur
3363 4552 3376 4589 :
3434 4534 3520 4587 ubi
3572 4534 3735 4586 virum

2164 4645 2355 4705 rogat,
2401 4650 2460 4688 se
2510 4634 2560 4687 in
2609 4632 2775 4687 altera
2824 4632 3015 4687 cellula
3061 4627 3373 4690 concludat,
3421 4634 3475 4681 et
3513 4623 3738 4679 occlusis

2165 4725 2417 4781 domicilii
2480 4723 2683 4777 foribus
2723 4765 2737 4790 ,
2805 4723 2955 4777 statis
3015 4719 3205 4775 diebus
3268 4717 3368 4772 sibi
3432 4729 3624 4785 panem
3689 4719 3741 4766 et

2166 4832 2355 4887 aquam
2410 4813 2681 4885 przebeat,
2736 4828 2798 4867 ac
2854 4809 3278 4882 perquirentibus
3330 4805 3651 4875 respondeat
3685 4818 3739 4857 se

2166 4908 2573 4963 obdormivisse.
2651 4903 2939 4959 Postulatis
3013 4899 3301 4956 assentitur
3368 4897 3593 4955 socius:
3657 4894 3741 4949 ille

2166 5008 2344 5054 autem
2397 4998 2665 5061 inclusus,
2709 4994 2937 5050 assiduis
2979 4992 3195 5063 jejuniis
3234 5032 3250 5055 ,
3289 4989 3532 5060 precibus
3573 4995 3628 5040 ct
3664 4986 3737 5039 la-

2169 5092 2365 5161 crymis
2387 5089 2579 5144 anima:
2600 5086 2785 5142 sordes
2808 5085 3112 5154 abstergere
3157 5081 3395 5136 curabat.
3420 5077 3535 5132 Non
3582 5075 3743 5129 multo

2169 5193 2345 5236 autem
2377 5180 2559 5249 elapso
2590 5187 2830 5246 tempore
2854 5216 2868 5240 ,
2898 5188 3017 5228 cum
3041 5170 3253 5226 siccitas
3291 5169 3561 5238 regionem
3589 5179 3742 5219 occu-

2169 5280 2351 5345 paret,
2378 5284 2669 5338 omnesque
2696 5267 2881 5321 ineolze
2900 5265 2951 5318 in
2985 5276 3215 5318 mmrore
3234 5260 3513 5329 degerent,
3534 5254 3743 5327 quidam

2169 5382 2264 5437 per
2290 5379 2533 5419 somnum
2560 5362 2741 5432 jussus
2774 5369 2854 5412 est
2880 5356 3028 5409 abire
3047 5365 3101 5408 et
3125 5353 3294 5406 virum
3313 5350 3458 5403 illum
3490 5348 3739 5401 inclusum

2169 5460 2453 5514 obsecrare
2473 5498 2487 5520 ,
2516 5465 2577 5509 ut
2598 5459 2901 5521 prcmretur
2930 5459 2984 5504 et
3033 5445 3328 5502 siccitatem
3379 5441 3631 5497 auferret.
3660 5437 3741 5490 ille

2171 5550 2389 5609 amicis‘
2418 5544 2795 5602 comitantibus
2847 5537 3243 5611 proficiscitur:
3282 5534 3371 5605 qui
3413 5533 3584 5603 primo
3612 5529 3739 5583 illius

2234 5717 2255 5743 ι
2289 5717 2392 5770 Pro,
2419 5703 2605 5766 (unicis,
2629 5702 2828 5752 Sat-ilius
2846 5708 2897 5751 et
2918 5699 3013 5748 duo
3036 5704 3167 5755 διες..
3188 5693 3316 5745 alus.
