3954 6442
158 401 253 466 ωδ

152 515 332 568 αντίον
366 514 686 584 γενήσεται,
743 511 892 585 καὶή
931 513 1028 584 μὲν
1054 513 1294 586 ήμετέρα
1325 515 1553 586 αἰσχύνη
1583 517 1664 579 είς
1689 515 1834 568 ἐκεί-

150 609 277 656 νους
315 594 721 664 μεταστήσεται
751 594 1098 663 πᾶσα,ήμεῖς
1131 593 1188 646 δέ
1209 595 1265 646 ἐν
1291 594 1572 666 παρρησίᾳ
1601 591 1836 663 ἐσόμεθα

145 671 348 742 πολλῇ,
384 669 527 748 μετά
555 670 802 736 πλείονος
855 670 1240 744 λαμπρότητος
1297 671 1727 741 στεφανούμενόν
1774 689 1834 725 σε

1393 397 1484 452 ΑΙ)
1524 397 1955 456 THEODORUM
1997 400 2296 458 LAPSUM.
2338 403 2380 456 l.

3505 400 3610 456 σοι

1941 516 2198 588 τοιαύτης
2228 515 2404 588 θήρας
2429 517 2795 588 ἐπιτυχόντες,
2829 519 2922 572 καὶ
2944 517 3031 573 διά
3059 517 3160 587 τῆς
3188 515 3380 586 πείρας
3418 513 3618 584 μαθόν-

1939 611 2032 659 τες
2061 595 2280 661 καλῶς,
2325 597 2410 648 ὅτι
2441 596 2594 649 ούδέν
2637 596 2745 650 τῶν
2790 598 3046 650 τοιούτων
3079 593 3476 663 ἀπογινώσκειν
3509 594 3618 664 χρὴ

1939 677 2060 738 ταῖς
2089 675 2170 737 είς
2203 672 2292 728 τὸν
2325 673 2458 729 Θεὸν
2489 673 2881 746 ὀπλιζομένους
2913 675 3124 736 ἐλπίσι,
3169 671 3618 744 παρατηροῦντες

143 749 245 803 καὶ
273 750 794 821 ἀνακηρυττόμενον
851 750 1087 822 ὁρῶντες
1125 751 1307 805 πάλιν.
1365 749 1603 815 Μείζονα
1631 750 1740 820 γὰρ
1778 751 1837 802 αί
1866 765 1908 796 \
1936 753 2101 806 αὑτὸν
2142 753 2382 824 συνεχῶς
2401 793 2414 816 ,
2449 755 2502 806 εί
2533 769 2664 808 ποτε
2693 749 2832 806 εἶδον
2867 753 3106 822 φανέντα
3135 754 3228 805 ἐπὶ
3259 752 3358 822 τῆς
3387 749 3616 820 ἀγορᾶς,

141 829 408 884 τοιαῦται
427 833 576 882 νῖκαι
601 829 826 900 φέρουσι
859 831 954 884 καὶ
983 830 1082 902 τὴν
1104 829 1453 900 εὐδοκίμησιν
1477 829 1573 882 καὶ
1592 829 1690 900 τὴν
1718 828 1839 899 ἡδο-

141 909 273 978 νήν.
291 908 432 961 Οὐδὲ
459 907 570 978 γάρ
595 920 620 948 α
642 909 752 962 τῶν
781 907 997 962 οἰκείων
1029 907 1472 980 κατορθωμάτων
1503 907 1660 978 μόνον
1690 905 1835 976 λήψῃ

139 987 238 1040 τὸν
272 987 494 1058 μισθὸν,
513 985 654 1041 ἀλλά
675 986 770 1040 καὶ
797 987 896 1057 τῆς
925 986 1130 1060 ἐτέρων
1179 986 1578 1058 παρακλήσεως
1605 985 1700 1038 καί
1738 1001 1838 1038 πα-

141 1065 454 1138 ραμυθίας,
485 1065 786 1136 ὑπόδειγμα
824 1065 1080 1136 μέγιστον
1101 1065 1418 1136 ἐκκείμενος
1447 1065 1494 1130 δ,
1518 1063 1572 1116 εί
1597 1063 1728 1116 ποτέ
1751 1077 1837 1124 τις

140 1147 268 1208 τοῖς
302 1143 490 1208 αὐτοῖς
511 1145 820 1216 περιπέσοι,
875 1145 1014 1214 πρὸς
1058 1145 1120 1198 τὸ
1145 1145 1492 1215 διαναστῆναι
1551 1143 1711 1197 πάλιν
1744 1143 1836 1194 καὶ

143 1225 572 1295 ἀνακτήσασθαι
618 1225 826 1280 ἐαυτόν.
861 1226 953 1296 Μὴ
986 1225 1050 1296 δὴ
1081 1224 1270 1296 κέρδος
1307 1223 1539 1295 παρίδῃς
1560 1223 1834 1287 τοσοῦτον,

145 1305 294 1377 μηδὲ
318 1304 640 1377 καταγάγῃς
669 1307 748 1368 είς
768 1305 894 1376 ᾅδου
929 1305 1068 1376 μετὰ
1093 1303 1271 1373 λύπης
1297 1304 1396 1366 τάς
1429 1303 1706 1374 ἡμετέρας
1731 1302 1835 1372 ψυ-

143 1385 279 1454 χάς,
311 1383 454 1438 ἀλλά
485 1383 571 1448 δὺς
598 1386 734 1454 ἡμῖν
789 1385 1151 1448 ἀναπνεῦσαι,
1201 1383 1298 1437 καὶ
1330 1383 1391 1436 τὸ
1422 1381 1650 1452 κατέχον
1687 1382 1834 1450 ἡμᾶς

142 1463 238 1516 διά
267 1463 330 1516 σέ
358 1463 462 1534 τῆς
487 1463 724 1534 ἀθυμίας
750 1463 1146 1518 ἀποσείσασθαι
1173 1459 1482 1532 νέφος.Νὗν
1510 1461 1610 1531 μὲν
1635 1458 1744 1530 γὰρ
1766 1459 1836 1511 τά

142 1543 334 1594 οἰκεῖα
368 1541 638 1612 παρέντες
678 1541 848 1604 κακά,
895 1542 1198 1614 θρηνοῦμεν
1258 1541 1357 1604 τάς
1390 1541 1488 1604 σάς
1526 1540 1830 1612 συμφοράς’

147 1621 252 1672 ἐάν
283 1619 344 1673 ὀέ
371 1619 604 1694 θελήσῃς
630 1621 904 1692 ἀνανῆψαι
931 1624 1026 1676 καὶ
1077 1621 1384 1691 διαϐλέψαι,
1415 1621 1509 1674 καὶ
1540 1621 1642 1690 τῆς
1678 1637 1837 1690 στρα-

147 1700 278 1762 τιᾶς
307 1709 329 1738 ε
357 1699 711 1754 ἐπιλαϐέσθαι
735 1701 833 1771 τῆς
871 1701 1191 1772 ἀγγελικῆς,
1227 1703 1322 1755 καὶ
1355 1699 1546 1754 τούτου
1576 1699 1670 1754 τοῦ
1703 1703 1835 1755 πέν-

148 1779 286 1840 θους
314 1778 649 1844 ἀπαλλάξεις
681 1782 848 1851 ἡμᾶς,
881 1781 1110 1836 καὶτῶν
1163 1782 1444 1854 ἡμετέρων
1503 1779 1837 1852 ἁμαρτημά-

145 1875 264 1912 των
293 1859 356 1912 τὸ
387 1858 546 1914 πλέον
599 1862 766 1930 ἀρεῖς.
825 1863 947 1916 ’Ὀτι
973 1863 1082 1935 γάρ
1113 1862 1226 1917 ἐστι
1273 1867 1399 1926 τοὺς
1443 1865 1508 1916 ἐκ
1547 1861 1836 1932 μετανοίας

151 1938 320 1992 πάλιν
347 1939 742 2006 ἐπανελθόντας
769 1941 979 2014 λάμψαι
1012 1945 1152 2014 μέγα
1171 1944 1266 1996 καὶ¹
1299 1941 1548 2014 φαιδρὸν,
1563 1942 1656 1996 καὶ
1676 1941 1836 1996 πλέον

153 2019 424 2083 πολλάκις
451 2020 560 2074 τῶν
589 2022 724 2092 μηδέ
751 2025 1028 2078 πεσόντων
1057 2023 1084 2064 ἀ
1115 2024 1213 2095 τὴν
1244 2023 1442 2096 ἀρχὴν,
1475 2020 1836 2092 ἀπεδείξαμεν

151 2098 256 2152 καὶ
281 2099 394 2152 ἀπὸ
411 2100 522 2154 τῶν
548 2099 707 2156 θείων
736 2103 991 2175 Γραφῶν.
1033 2103 1192 2158 Οὕτω
1213 2103 1345 2174 γοῦν
1404 2103 1499 2157 καὶ
1526 2103 1578 2156 οἱ
1601 2100 1836 2155 τελῶναι

153 2178 254 2232 καί
283 2179 343 2232 αἱ
373 2180 568 2252 πόρναι
585 2179 683 2254 τὴν
711 2181 984 2253 βασιλείαν
997 2183 1105 2238 τῶν
1129 2183 1374 2256 οὐρανῶν
1387 2181 1835 2255 κληρονομοῦσιν,

153 2257 303 2312 οὕτω
314 2260 502 2315 πολλοὶ
513 2259 621 2315 τῶν
631 2259 878 2332 ἐσχάτων
889 2263 998 2317 τῶν
1009 2263 1242 2335 πρώτων
1253 2263 1565 2334 ἔμπροσθεν
1574 2259 1834 2335 τίθενται.

231 2336 319 2400 ιζ’.
338 2339 482 2410 Ἐρῶ
497 2338 556 2392 δέ
585 2357 666 2393 σοι
686 2340 780 2394 καὶ
806 2341 874 2395 τά
889 2342 974 2410 ἐφ’
997 2344 1026 2413 ή
1033 2333 1149 2413 μῶν
1167 2333 1364 2412 γεγενη
1373 2333 1636 2412 μένα,ξκαὶ
1659 2333 1732 2392 ὧν
1747 2337 1842 2391 δυ-

157 2416 296 2488 νήσῃ
319 2417 574 2484 γενέσθαι
598 2420 808 2492 μάρτυς
827 2421 1006 2485 αὑτός.
1033 2417 1204 2475 υῐσθά
1228 2437 1331 2473 που
1366 2430 1390 2458 θ
1425 2419 1517 2472 τὸν
1551 2419 1670 2472 νέον
1697 2419 1840 2471 ἐκεῖ-

157 2511 249 2548 νον
273 2496 370 2548 τὸν
393 2499 674 2568 Οὐρϐανοῦ
693 2501 878 2568 παῖδα,
899 2501 990 2554 τὸν
1015 2501 1260 2562 Φοίνικα,
1285 2500 1378 2553 τὸν
1403 2501 1460 2552 ἐν
1487 2497 1720 2570 ὀρφανίᾳ
1741 2497 1839 2568 μὲν

157 2575 598 2646 καταλειφθέντα
629 2579 812 2651 ἀώρῳ,
854 2579 1043 2651 κύριον
1079 2579 1138 2632 δὲ
1165 2577 1374 2632 πολλῶν
1403 2579 1702 2648 χρημάτων
1746 2577 1841 2630 καὶ

155 2655 389 2709 οἰκετῶν
435 2659 726 2729 γενόμενον
763 2661 858 2714 καὶ
890 2661 1096 2732 ἀγρῶν.
1147 2652 1316 2722 Οὗτος
1367 2659 1432 2711 τὸ
1485 2659 1584 2729 μὲν
1630 2656 1841 2728 πρῶτον

155 2735 441 2809 ἐρρῶσθαι
497 2739 669 2794 πολλά
731 2743 853 2804 ταῖς
911 2743 970 2795 ἐν
1023 2743 1136 2804 τοῖς
1204 2736 1478 2810 μουσείοις
1539 2735 1844 2808 διατριϐαῖς

156 2817 358 2886 εἰπὼν,
386 2819 482 2872 καὶ
528 2818 626 2888 τὴν
662 2817 922 2891 λαμπρὰν
971 2817 1187 2890 ἐκείνην
1209 2817 1474 2890 ἀμφίασιν
1519 2815 1712 2886 ἀφεὶς,
1749 2819 1845 2872 καὶ

156 2900 255 2952 τὸν
324 2899 494 2968 τῦφον
554 2900 768 2954 ἅπαντα
819 2899 914 2954 τὸν
965 2899 1250 2972 βιωτικὺν,
1316 2897 1574 2970 ἐξαίφνης
1632 2898 1844 2970 ἱμάτιον

157 2980 383 3044 εύτελές
433 2981 811 3053 περιθέμενος,
865 2980 961 3035 καὶ
1025 2980 1163 3052 πρὸς
1223 2979 1324 3052 τὴν
1381 2981 1440 3033 ἐν
1489 2981 1602 3042 τοῖς
1659 2978 1844 3050 ὄρεσιν

158 3061 400 3134 ἐρημίαν
447 3062 829 3134 ἀναχωρήσας,
875 3060 1074 3132 πολλὴν
1127 3059 1442 3124 ἐπεδείξατο
1481 3057 1580 3131 τὴν
1629 3058 1846 3128 φιλοσο-

161 3143 320 3209 φίαν,
351 3142 413 3194 οὐ
438 3139 580 3194 κατά
601 3141 700 3210 τὴν
729 3140 944 3210 ἡλικίαν
979 3139 1138 3211 μόνον
1161 3139 1207 3204 ί,
1236 3139 1351 3192 ἀλλ’
1377 3139 1512 3208 ὅσην
1540 3136 1606 3190 ἀν
1625 3155 1712 3200 τις
1736 3139 1846 3192 τῶν

163 3219 424 3290 μεγάλων
439 3219 534 3273 καὶ
561 3217 892 3290 θαυμαστῶν
910 3217 1143 3290 ἀνδρῶν.
1162 3217 1318 3272 Μετά
1344 3217 1402 3270 δέ
1427 3215 1600 3270 ταῦτα
1629 3216 1846 3288 καὶτῆς

165 3301 326 3371 ἱερᾶς
353 3297 464 3351 τῶν
495 3297 816 3370 μυστηρίων
842 3297 1065 3369 τελετῆς
1103 3296 1359 3362 ἀξιωθεὶς
1379 3335 1394 3360 ,
1429 3294 1608 3366 πολλῷ
1646 3295 1846 3366 μᾶλλον

168 3377 418 3433 ἐπεδίδου
450 3377 590 3450 πρὸς
617 3379 839 3449 ἀρετήν.
859 3378 972 3432 Καὶ
995 3377 1198 3442 πάντες
1222 3376 1460 3448 ἐχαιρον,
1483 3376 1579 3428 καὶ
1599 3373 1846 3442 ἐδόξαζον

167 3460 260 3512 τὸν
290 3458 446 3523 Θεὸν,
501 3458 584 3512 δτι
610 3459 712 3512 καὶ
745 3461 804 3513 ἐν
837 3457 1053 3529 πλούτῳ
1077 3457 1310 3528 τραφεὶς
1336 3459 1382 3520 ε,
1423 3455 1520 3510 καὶ
1548 3455 1848 3526 προγόνους

170 3539 312 3610 ἔχων
337 3537 643 3610 λαμπροὺς,
679 3537 775 3592 καὶ
810 3537 1014 3608 σφόδρα
1047 3535 1128 3590 ἔτι
1159 3536 1278 3599 νέος
1316 3533 1413 3599 ῶν,
1448 3533 1710 3604 ἐξαίφνης
1741 3535 1848 3588 πᾶ-

171 3637 272 3674 σαν
304 3619 406 3690 τὴν
439 3617 740 3688 φαντασίαν
761 3617 858 3670 τοῦ
884 3617 998 3688 βίου
1029 3615 1448 3686 καταπατήσας,
1479 3614 1618 3686 πρὸς
1637 3612 1698 3666 τὸ
1717 3611 1849 3682 ὕψος

170 3697 448 3768 ἀνέδραμε
498 3695 560 3750 τὺ
603 3696 876 3768 ἀληθινόν.
922 3697 1010 3749 Ἐν
1062 3695 1240 3766 τούτῳ
1279 3693 1338 3748 δὲ
1379 3693 1541 3748 αὑτὸν
1587 3693 1718 3747 ὄντα
1754 3695 1851 3748 καὶ

171 3775 609 3847 θαυμαζόμενον,
645 3775 836 3846 φθόροι
855 3774 998 3838 τινὲς
1027 3774 1218 3845 ἀνδρες
1250 3773 1392 3827 κατά
1413 3774 1502 3826 τὸν
1525 3775 1623 3843 τῆς
1653 3789 1852 3842 συγγεο

169 3858 322 3920 νείας
347 3854 771 3918 ἐπισκοποῦντες
811 3854 996 3924 νόμον,
1023 3848 1180 3916 αὖθις
1211 3852 1304 3904 ἐπὶ
1325 3853 1416 3904 τὸν
1439 3851 1703 3922 πρότερον
1727 3849 1854 3905 κλύ-

171 3935 316 3990 δωνα
347 3935 712 4006 ἐπανήγαγον.
753 3934 864 3988 Καὶ
897 3932 1074 3986 πάντα
1111 3931 1279 4003 ῥίψας
1310 3933 1516 3996 ἐκεῖνα,
1549 3931 1711 3986 πάλιν
1743 3932 1850 3986 ἀπὸ

172 4013 284 4068 τῶν
324 4014 498 4086 ὀρέων
543 4015 620 4077 εἰς
667 4011 840 4084 μέσην
885 4011 1089 4072 εὐθέως
1121 4009 1328 4082 κατέϐη
1369 4010 1468 4082 τὴν
1496 4011 1725 4083 ἀγοράν,
1756 4013 1852 4067 καὶ

172 4094 328 4164 ίππῳ
351 4092 470 4166 [ἳ9]
489 4093 799 4164 ὀχούμενος,
822 4091 918 4146 καὶ
936 4089 1264 4154 ἀκολούθους
1283 4090 1421 4159 ἔχων
1440 4090 1688 4155 πολλοὺς,
1709 4091 1852 4144 οὕτω

172 4175 394 4246 περιῄει
439 4172 537 4244 τὴν
574 4173 726 4226 πόλιν
760 4170 1002 4234 ἃπασαν,
1045 4171 1142 4222 καὶ
1173 4168 1294 4221 οὐδὲ
1335 4169 1632 4239 σωφρονεῖν
1670 4168 1851 4222 λοιπὸν

169 4252 386 4325 ἧθελεν.
437 4252 575 4305 Ὑπὸ
600 4253 710 4321 γάρ
743 4251 844 4322 τῆς
879 4248 1083 4318 πολλῆς
1111 4249 1467 4317 ἐκκαιόμενος
1494 4248 1728 4317 τρυφῆς,
1759 4249 1854 4302 καὶ

171 4335 252 4397 εἰς
289 4331 502 4404 ἔρωτας
529 4331 765 4396 ἀτόπους
809 4329 1106 4402 ἐμπίπτειν
1137 4325 1512 4397 ἠναγκάζετο,
1553 4329 1648 4380 καὶ
1677 4327 1854 4392 οὐδεὶς

169 4409 240 4484 ἦν
267 4412 381 4466 τῶν
425 4415 482 4466 ἐν
508 4411 660 4484 μέσῳ
695 4410 1098 4482 στρεφομένων,
1138 4410 1286 4472 ὅστις
1311 4408 1410 4479 τὴν
1442 4409 1718 4478 σωτηρίαν
1752 4409 1854 4462 οὐκ

171 4491 522 4564 ἀπηγόρευσε
553 4491 656 4562 τὴν
695 4491 908 4548 ἐκείνου
929 4507 942 4522 ο
975 4489 1232 4554 τοσοῦτος
1257 4489 1420 4542 αὑτὸν
1445 4491 1660 4559 συνεῖχε
1690 4489 1854 4543 κολά-

171 4590 287 4626 κων
315 4571 502 4642 ἐσμὸς,
526 4572 622 4625 καὶ
641 4572 850 4643 προσῆν
871 4570 1102 4643 ὀρφανία
1119 4569 1149 4610 1³
1175 4571 1270 4624 καὶ
1297 4569 1485 4640 νεότης
1507 4569 1600 4622 καὶ
1627 4568 1858 4634 πλοῦτος

172 4653 369 4716 πολύς.
404 4651 517 4704 Καὶ
543 4651 594 4704 οἱ
624 4652 694 4704 τά
735 4652 914 4705 πάντα
939 4649 1176 4713 εὐκόλως
1211 4649 1574 4722 μεμφόμενοι,
1603 4649 1713 4703 τῶν
1762 4651 1857 4702 ἐπὶ

171 4732 334 4786 τοῦτο
371 4731 472 4802 τὴν
519 4731 695 4803 ἀρχὴν
729 4730 1046 4800 ἀγαγόντων
1085 4729 1248 4784 αὑτὸν
1289 4729 1631 4801 κατηγόρουν
1672 4729 1858 4799 λέγον-

171 4830 288 4877 τες,
324 4813 410 4866 ὅτι
443 4812 540 4866 καὶ
572 4811 682 4866 τῶν
710 4808 1098 4881 πνευματικῶν
1122 4809 1419 4882 διήμαρτε,
1453 4809 1551 4863 καί⁴
1590 4809 1709 4863 οὐδὲ
1747 4813 1858 4874 τοῖς

173 4890 343 4946 αὐτοῦ
385 4892 672 4962 πράγμασι
704 4892 976 4962 χρήσιμος
1015 4889 1169 4943 ἔσται
1195 4889 1402 4953 λοιπὸν,
1431 4889 1540 4960 πρὸ
1574 4889 1725 4962 ὥρας
1751 4889 1858 4944 τῶν

173 4973 308 5043 περὶ
333 4971 528 5040 λόγους
548 4971 728 5026 πόνων
754 4971 1136 5041 ἀποπηδήσας,
1170 4969 1265 5022 καὶ
1291 4969 1458 5039 μηδὲν
1485 4969 1694 5023 ἐκεῖθεν
1721 4986 1860 5040 καρ-

173 5049 466 5104 πώσασθαι
507 5050 776 5122 δυνηθείς.
815 5049 1034 5104 Τούτων
1071 5048 1129 5101 δὲ
1174 5046 1484 5119 λεγομένων
1528 5049 1623 5102 καὶ
1661 5049 1860 5121 πολλῆς

171 5130 276 5202 τῆς
309 5129 576 5202 αἰσχύνης
605 5128 804 5202 οὔσης,
841 5129 987 5199 ἆγιοί
1019 5131 1035 5169 ί
1070 5144 1215 5191 τινες
1245 5127 1439 5199 ἄνδρες
1477 5129 1568 5182 καὶ
1599 5128 1860 5194 πολλάκις

241 5287 269 5316 ³
289 5286 406 5336 Cod.
435 5301 562 5336 unus
583 5287 638 5336 οὗ
661 5287 834 5338 τοίνυν.

235 5345 270 5388 δ
297 5345 548 5414 Δεἱιιίμειῑιεξ
567 5349 702 5406 δαν..
717 5357 771 5399 el.
795 5363 905 5414 mox
925 5350 1194 5414 περιπέσοι,
1208 5363 1303 5414 pro?
1315 5349 1580 5414 ἐγκείμενος
1600 5354 1648 5398 el
1669 5353 1863 5414 περιπέ-

173 5425 266 5482 a-g;
281 5411 363 5482 ἔτι.
386 5408 455 5458 ib.
586 5412 902 5482 παραμυθίας,
926 5408 1480 5482 προτροπῆςὺπόδειγμία
1504 5412 1608 5482 μέγ.
1629 5408 1858 5475 κείμενος.

243 5473 266 5534 °_
292 5469 434 5534 Unus
460 5472 567 5521 cod.
595 5469 819 5524 etSa'vil.
845 5469 897 5522 in
921 5469 1141 5534 m'arg‘lne
1162 5473 1244 5521 καὶ
1265 5479 1350 5533 τῆς
1368 5469 1625 5528 πολιτείας.

242 5531 270 5616 ξι
469 5541 616 5616 feign
624 5549 689 5616 us;Y
697 5535 804 5616 cod.
832 5531 1048 5616 μηδέπω*
1063 5531 1326 5582 πεσόντων.

239 5595 266 5656 '_
280 5595 488 5656 Aliquot
503 5609 617 5644 mss.
643 5597 782 5644 οἶσθα
803 5595 902 5646 οὖν.

247 5653 267 5721 ί
294 5652 452 5721 ξρνὶί.
481 5662 536 5704 el
563 5671 690 5706 unus
713 5659 856 5721 μόθον
872 5659 958 5714 τήν
985 5652 1176 5706 ἑαυτοῦ.

245 5715 422 5784 (Tres
462 5731 578 5784 πιεε.
627 5720 675 5767 ἐν
699 5715 894 5784 προύπτῳ
938 5721 1118 5782 μᾶλλον
1149 5721 1356 5784 τραφείς.
1385 5719 1627 5784 δενίικοι
1672 5734 1798 5770 unus
1819 5722 1865 5770 ἐν

177 5780 373 5846 πλούτῳ
395 5780 559 5846 πολλῷ
578 5781 782 5846 τραφεξε.
813 5780 982 5846 νοτες.
1009 5780 1350 5846 θιῌυιιιιέᾲνόοό.
1379 5783 1426 5830 ἐν
1445 5782 1635 5846 πλούτῳ
1658 5785 1863 5846 τραφείς.

180 5840 473 5906 Μοιλὸιινίι.
499 5846 550 5890 ει
571 5840 758 5902 anqu
780 5857 894 5890 mss.
921 5843 1006 5901 ὢν,
1028 5843 1181 5906 οὕτως
1204 5844 1433 5906 ἐξαίφνης.

245 5903 670 5968 ιξὲετςὶιρλιυηιιε
695 5911 982 5968 καιπροο-ῆν
1019 5909 1078 5967 τῇ
1123 5904 1228 5968 ὀρφ.
1274 5903 1396 5956 Ibid.
1443 5905 1594 5954 Savil.
1641 5912 1693 5954 et
1742 5919 1868 5956 unus

183 5965 292 6012 coll.
313 5962 478 6018 πολύς.
507 5967 566 6012 Ol
593 5965 745 6013 τοίνυν
767 5962 848 6014 ai:
1057 5962 1066 5967 ’
1095 5980 1100 5984 ”

252 6027 268 6066 ³
304 6026 440 6076 Lnus
466 6026 620 6075 codex
649 6029 874 6093 αἰσχύνης
899 6031 1288 6094 καταχρωμένης,
1342 6030 1486 6094 ἅγιοι.
1533 6029 1657 6082 Infra
1707 6031 1859 6084 SaviL

1937 831 2033 884 καὶ
2066 835 2378 904 προσῄεσαν
2405 832 2499 886 καλ⁵
2525 831 2856 902 ἠσπάζοντο.
2891 834 3001 885 Καὶ
3025 833 3087 885 τὸ
3117 831 3214 902 μὲν
3239 829 3455 902 πρῶτον
3483 829 3622 882 ἅνω-

1939 907 2031 962 θεν
2073 911 2257 974 αὐτοῖς
2301 913 2509 974 ἐκεῖνος
2546 910 2656 964 ἀπὸ
2692 909 2788 962 τοῦ
2825 909 3007 984 ἵππου.
3023 907 3518 982 παρακολουθοῦσιν
3552 908 3618 960 ἐκ

1941 988 2188 1058 πλαγίων
2211 989 2485 1059 διελέγετο
2501 1007 2512 1019 ·
2545 988 2786 1060 τοσαύτη
2811 992 3058 1060 κατεῖχεν
3089 988 3250 1043 αὑτὸν
3269 985 3620 1056 ἀναισχυντία

1936 1070 2037 1140 τὴν
2077 1071 2275 1142 ἀρχήν.
2319 1072 2383 1123 Ol
2413 1069 2471 1122 δὲ
2518 1069 2882 1140 εὔσπλαγχνοι
2925 1071 3018 1122 καὶ
3070 1068 3382 1139 φιλόπαιδες
3420 1068 3620 1118 ἐκεῖνοι

1937 1149 2142 1205 τούτων
2189 1149 2288 1222 μὲν
2321 1149 2617 1221 ᾐσχύνοντο
2659 1149 2834 1216 οὐδὲν,
2872 1149 2952 1211 εἰς
2998 1147 3055 1200 ἓν
3093 1148 3150 1201 δὲ
3210 1147 3369 1219 μόνον
3407 1146 3618 1216 ἐώρων.

1937 1228 2084 1292 ὅπως
2109 1229 2218 1282 τῶν
2245 1229 2427 1282 λύκων
2458 1229 2520 1282 τὸ
2544 1228 2731 1300 ἀρνίον
2766 1227 3162 1282 ἀποσπάσωσιν
3183 1245 3197 1260 ο
3243 1228 3377 1297 ὅπερ
3406 1222 3498 1279 οὖν
3527 1224 3622 1276 καὶ

1937 1305 2026 1359 διὰ
2053 1308 2151 1378 τῆς
2182 1309 2476 1380 καρτερίας
2497 1309 2720 1378 ῆνυσαν.
2748 1308 3016 1378 ’Ὕστερον
3045 1307 3153 1379 γὰρ
3176 1305 3364 1376 ῶσπερ
3390 1305 3452 1357 ἐκ
3479 1319 3621 1364 τινος

1940 1387 2324 1457 παραπληξίας
2352 1391 2408 1440 ἐν
2441 1386 2620 1458 ἐαυτῷ
2650 1387 2944 1456 γενόμενος
2973 1387 3204 1450 ἐκεῖνος,
3241 1385 3333 1439 καὶ
3360 1385 3460 1454 τὴν
3491 1381 3622 1435 πολ-

1937 1463 2035 1536 λὴν
2057 1465 2236 1520 αὐτῶν
2262 1466 2620 1538 προσεδρείαν
2646 1466 2998 1539 ἐρυθριάσας,
3027 1465 3083 1518 εἴ
3108 1483 3238 1518 ποτε
3263 1464 3460 1526 αὐτοὺς
3485 1461 3622 1532 πόρ-

1939 1543 2112 1614 ρωθεν
2136 1547 2460 1616 προσιόντας
2489 1543 2650 1611 εἶδεν,
2685 1545 2973 1616 ἀπεπήδαί
3011 1563 3070 1599 τε
3101 1545 3324 1609 εὐθέως,
3355 1543 3450 1597 καὶ
3471 1541 3625 1594 κάτω

1937 1623 2108 1678 νεύων
2139 1625 2282 1679 οὕτω
2306 1626 2447 1696 μετά
2469 1627 2629 1696 σιγῆς
2652 1627 2721 1678 τά
2751 1629 2883 1698 παρ’
2906 1627 3130 1680 ἐκείνων
3153 1627 3351 1698 ῆκουεν
3385 1624 3622 1686 ἅπαντα,

1939 1702 2034 1756 καὶ
2060 1703 2266 1775 προῖὼν
2291 1703 2514 1758 πλείονα
2532 1703 2632 1774 τὴν
2655 1707 2792 1776 πρὸς
2809 1705 3008 1769 αὐτοὺς
3026 1704 3161 1758 αίδῶ
3209 1704 3303 1758 καὶ
3337 1702 3502 1773 τιμὴν
3525 1701 3627 1752 ἐπ-

1940 1780 2236 1836 εδείκνυτο.
2280 1783 2390 1836 Καὶ
2435 1783 2609 1848 οὑτως
2636 1785 2800 1838 αὑτὸν
2839 1784 2982 1838 κατά
3027 1784 3221 1856 μικρὸν
3251 1785 3318 1854 τῇ
3357 1782 3450 1836 τοῦ
3485 1779 3624 1834 Θεοῦ

1939 1859 2122 1932 χάριτι
2159 1863 2374 1916 πάντων
2417 1863 2644 1918 ἐκείνων
2687 1863 3077 1931 ἐξελκύσαντες
3109 1865 3217 1917 τῶν
3255 1861 3510 1927 δικτύων,
3555 1863 3621 1930 τῇ

1941 1939 2184 2012 προτέρα
2223 1941 2389 1994 πάλιν
2434 1941 2641 2012 ἐρημίᾳ
2689 1945 2784 1996 καὶ
2811 1943 3100 2014 φιλοσοφίᾳ
3135 1941 3482 2013 παρέδωκαν.
3516 1939 3625 1992 Καὶ

1940 2019 2033 2071 ἐπὶ
2076 2020 2330 2074 τοσοῦτον
2357 2019 2566 2092 ἔλαμψε
2592 2019 2708 2084 νῦν,
2747 2021 2821 2085 ὡς
2848 2021 2939 2074 τὸν
2973 2022 3237 2093 πρότερον
3267 2018 3432 2073 αὑτοῦ
3465 2017 3576 2088 βίον
3597 2017 3622 2056 ὶι

1941 2097 2020 2168 τῷ
2065 2099 2204 2169 μετὰ
2230 2101 2330 2170 τὴν
2355 2099 2628 2152 ἔκπτωσιν
2659 2099 3144 2172 παραϐαλλόμενον
3177 2099 3341 2170 μηδὲν
3371 2094 3512 2150 εἶναι
3539 2097 3628 2148 δο-

1943 2180 2080 2232 κεῖν.
2109 2177 2347 2232 Συνιδὼν
2374 2178 2482 2249 γάρ
2509 2180 2618 2232 ἀπὸ
2641 2179 2740 2250 τῆς
2768 2179 2966 2251 πείρας
2991 2177 3171 2242 καλῶς
3202 2177 3265 2230 τὸ
3291 2177 3504 2247 δέλεαρ,
3533 2175 3630 2228 καὶΙ

1943 2258 2122 2312 πάντα
2137 2261 2216 2323 εἰς
2233 2261 2361 2323 τοὺς
2388 2259 2678 2331 δεομένους
2698 2259 2984 2324 ἀναλώσας
3005 2259 3098 2312 τὸν
3123 2257 3371 2319 πλοῦτον,
3398 2257 3496 2311 καὶ
3517 2256 3628 2307 τῶν

1943 2339 2242 2409 φροντίδων
2272 2339 2552 2405 ἀπολύσας
2581 2340 2774 2394 ἐαυτὸν
2804 2341 3050 2404 ἐκείνων,
3086 2341 3266 2392 πᾶσαν
3303 2341 3414 2400 τοῖς
3439 2334 3626 2406 βουλο-

1947 2419 2127 2489 μένοις
2153 2420 2527 2474 ἐπιϐουλεύειν
2554 2421 2781 2491 ἐξέκοψε
2815 2422 2914 2492 τὴν
2939 2421 3212 2493 πρόφασιν
3231 2437 3243 2450 ’
3277 2419 3372 2474 καὶ
3403 2418 3499 2472 νῦν
3529 2417 3628 2486 τὴν

1942 2499 2036 2550 ἐπὶ
2059 2498 2148 2552 τὸν
2171 2500 2399 2571 οὐρανὸν
2433 2499 2661 2571 βαδίζων
2689 2501 2830 2565 ὁδὸν,
2863 2501 3002 2572 πρὸς
3021 2501 3152 2555 αὐτὸ
3177 2499 3363 2554 λοιπὸν
3385 2498 3447 2552 τὸ
3473 2497 3628 2559 τέλος

1943 2577 2147 2645 ἔφθασε
2173 2579 2272 2650 τῆς
2303 2580 2527 2651 ἀρετῆς.
2547 2580 2685 2633 Ἀλλ’
2704 2574 2860 2644 οὗτος
2892 2581 2989 2652 μὲν
3011 2579 3090 2634 ἐτι
3116 2581 3236 2643 νέος
3264 2577 3338 2632 ὢν
3357 2577 3448 2632 καὶ
3491 2593 3627 2629 κατ-

1944 2657 2110 2710 έπεσε
2155 2659 2249 2711 καὶ
2277 2659 2498 2729 ἀνέστη·
2523 2659 2710 2728 ἔτερος
2734 2657 2792 2710 δέ
2813 2675 2896 2721 τις
2921 2657 3060 2728 μετά
3079 2658 3206 2720 τοὺς
3227 2655 3456 2718 πολλοὺς
3478 2653 3628 2724 ἱδρῶ-

1945 2754 2064 2802 τας,
2091 2735 2182 2802 οὓς
2210 2737 2268 2792 ἐν
2296 2740 2416 2802 ταῖς
2439 2737 2695 2810 ἐρημίαις
2722 2737 3013 2808 διατρίϐων
3035 2737 3285 2806 ἤνεγκεν,
3319 2734 3416 2788 ’ένα
3447 2731 3628 2810 σύνει-

1945 2833 2040 2870 κον
2075 2816 2214 2888 έχων
2249 2817 2429 2888 μόνον,
2475 2819 2571 2871 καὶ
2613 2815 2904 2886 ἀγγελικὸν
2957 2815 3070 2886 βίον
3112 2815 3293 2885 βιοὺς,
3338 2811 3434 2864 καὶ
3491 2809 3630 2880 πρὸς

1947 2897 2122 2966 γῆρας
2151 2895 2391 2952 ἐλαύνων
2421 2895 2628 2961 λοιπὸν,
2656 2897 2758 2950 οὐκ
2785 2891 2900 2949 οἶδα
2926 2894 3044 2958 πῶς
3075 2893 3179 2947 ὑπὸ
3217 2891 3507 2959 σατανικῆς
3545 2906 3629 2940 τι-

1948 2996 2037 3042 νος
2078 2979 2455 3051 περιστάσεως
2483 2977 2702 3034 καὶτοῦ
2751 2976 3121 3042 ἀπονυστάξαι
3162 2975 3356 3048 μικρὸν
3397 2971 3630 3041 πάροδον

1946 3061 2072 3126 δοὺς
2095 3062 2173 3132 τῷ
2201 3061 2450 3133 Πονηρῷ,
2481 3063 2562 3124 είς
2587 3058 2886 3130 ἐπιθυμίαν
2911 3059 3014 3129 τῆς
3040 3058 3175 3129 πρὸς
3201 3058 3466 3133 γυναῖκας
3505 3054 3629 3121 0an-

1947 3145 2066 3210 λίας
2094 3132 2369 3208 ἐνέπεσεν,
2399 3132 2428 3197 ό
2461 3143 2732 3214 μηδέποτε
2761 3145 2997 3210 γυναῖκα
3039 3139 3164 3193 ἰδὼν
3194 3139 3254 3204 ἐξ
3278 3132 3338 3192 οὗ
3373 3135 3509 3208 πρὸς
3541 3133 3630 3185 τὸν
3668 3145 3682 3150 “

1948 3226 2057 3282 τῶν
2097 3225 2348 3298 μοναχῶν
2381 3225 2496 3296 βίον
2543 3222 2842 3294 μετέθηκεν
2876 3221 3088 3275 ἐαυτόν.
3122 3219 3239 3293 ['50]
3276 3219 3385 3273 Καὶ
3413 3215 3633 3286 πρῶτον

1953 3311 2054 3382 μὲν
2087 3309 2239 3380 ἠξίου
2269 3309 2360 3363 τὸν
2393 3309 2636 3362 σύνοικον
2665 3307 2806 3378 κρέα
2841 3305 2935 3359 καὶ
2959 3300 3100 3358 οἶνον
3129 3301 3276 3374 αὐτῷ
3307 3301 3632 3372 παρασχεῖν,

1951 3381 2046 3448 καὶ
2073 3393 2305 3463 ἠπείλει,
2339 3393 2389 3446 εί
2418 3391 2494 3462 μὴ
2519 3389 2694 3450 λάϐοι,
2725 3386 3151 3442 κατελεύσεσθαι
3171 3388 3252 3449 είς
3277 3385 3376 3456 τὴν
3403 3381 3632 3452 ἀγοράν.

1950 3477 2138 3532 Ταῦτα
2181 3477 2238 3530 δέ
2273 3477 2373 3546 οὑχ
2420 3473 2562 3528 οὕτω
2594 3470 2814 3545 κρεῶν1
2859 3472 3141 3544 ἐπιθυμῶν
3171 3471 3374 3538 ἔλεγεν,
3412 3466 3526 3522 ἀλλ’
3559 3464 3636 3526 ὡς

1951 3561 2209 3632 ἀφορμήν
2240 3575 2362 3612 τινα
2399 3557 2494 3612 καὶ
2526 3557 2799 3628 πρόφασιν
2843 3555 3165 3627 βουλόμενος
3195 3553 3378 3608 λαϐεῖν
3415 3551 3515 3621 τῆς
3556 3549 3638 3610 εἰς

1951 3645 2051 3714 τὴν
2083 3643 2238 3697 πόλιν
2283 3641 2534 3696 καθόδου.
2595 3640 2720 3692 Ἐπὶ
2749 3638 2963 3702 τούτοις
3013 3641 3221 3701 ἐκεῖνος
3265 3635 3638 3706 ἀπορούμενος

1953 3727 2048 3779 καὶ
2079 3723 2364 3789 δεδοικὼς,
2420 3721 2496 3796 μὴ
2525 3721 2684 3776 τοῦτο
2712 3721 2966 3786 κωλύσας
3018 3722 3112 3775 ἐπὶ
3144 3719 3289 3790 μέγα
3323 3717 3486 3771 αὑτὸν
3519 3714 3636 3786 ῶσῃ

1953 3809 2145 3873 κακὸν,
2169 3807 2386 3862 δίδωσιν
2406 3805 2787 3878 ἐμφορηθῆναι
2805 3805 2907 3876 τῆς
2937 3803 3232 3874 ἐπιθυμίας
3255 3799 3422 3872 αὐτῷ.
3462 3800 3552 3862 Ὠς
3582 3797 3640 3850 δέ

1954 3891 2096 3961 ἐγνω
2127 3892 2188 3944 τὺ
2219 3890 2384 3960 σοφὸν
2407 3889 2568 3942 τοῦτο
2589 3889 2756 3943 ἕωλον
2786 3887 3030 3958 γεγονὸς,
3063 3885 3314 3956 φανερῶς
3343 3885 3638 3952 ἀναισχυν-

1953 3977 2122 4048 τήσας
2161 3974 2370 4038 λοιπὸν,
2400 3971 2716 4043 ἀπεκάλυψε
2743 3972 2844 4044 τὴν
2873 3971 3186 4043 ὑπόκρισιν,
3219 3968 3316 4022 καὶ
3343 3967 3455 4020 δεῖν
3486 3965 3641 4048 ἔλεγε

1957 4047 2176 4122 πάντως
2209 4058 2289 4122 εἰς
2341 4055 2438 4127 τὴν
2473 4056 2628 4110 πόλιν
2668 4055 2832 4108 αὐτὸν
2877 4053 3182 4110 κατελθεῖν.
3240 4053 3328 4114 Ὡς
3373 4050 3431 4104 δὲ
3489 4047 3642 4102 οὐδὲν
3702 4067 3721 4084 ν

1957 4143 2111 4212 ἴσχυε
2147 4139 2373 4192 κωλύων
2401 4139 2630 4203 ἐκεῖνος,
2659 4137 2812 4198 τέλος
2848 4137 3051 4208 ἀφῆκε,
3086 4135 3182 4189 καὶ
3213 4133 3494 4204 πόρρωθεν
3513 4133 3644 4184 ἀκο-

1957 4221 2167 4275 λουθῶν
2201 4221 2458 4291 ἐπετήρει
2523 4220 2577 4272 τί
2610 4235 2744 4270 ποτε
2793 4219 2901 4290 ἄρα
2962 4217 3111 4288 αὐτῷ
3158 4216 3406 4286 βούλεται
3433 4213 3570 4282 αὕτη
3607 4215 3640 4283 ἡ

1959 4301 2442 4367 κάθοδος-,Ἰδὼνδέ
2477 4303 2555 4364 εἰς
2584 4299 3326 4372 χαμαιτυπεῖονείσελθόντα,
3359 4298 3452 4350 καὶ
3478 4295 3643 4364 γνοὺς

1957 4389 2040 4442 ὅτι
2065 4388 2242 4460 πόρνῃ
2279 4385 2579 4454 συγγέγονε
2604 4384 2846 4450 γυναικὶ,
2888 4382 3212 4455 περιμείνας
3251 4379 3389 4452 μετά
3417 4378 3480 4430 τδ
3505 4377 3642 4447 πλη-

1919 4473 1926 4479 ’
1960 4469 2133 4540 ρῶσαι
2162 4459 2262 4540 τῆν
2294 4468 2494 4522 ἄτοπον
2517 4465 2816 4536 ἐπιθυμίαν
2846 4466 3081 4536 ἐκείνην,
3109 4463 3396 4531 ἐξελθόντα
3424 4459 3644 4525 ὑπτίαις

1958 4552 2178 4622 δέχεται
2229 4554 2349 4614 ταῖς
2401 4549 2594 4621 χερσὶ,
2631 4548 2726 4603 καὶ
2765 4547 3085 4621 περιχυθεὶς
3127 4547 3221 4601 καὶ
3261 4543 3643 4614 καταφιλήσας

1961 4633 2182 4707 θερμῶς
2195 4643 2254 4700 αι,
2287 4633 2382 4687 καὶ
2417 4632 2558 4702 ὑπὲρ
2585 4630 2696 4684 τῶν
2729 4629 3112 4702 γεγενημένων
3140 4627 3444 4698 ἐγκαλέσας
3472 4625 3638 4690 οὐδὲν,

1961 4717 2267 4790 παρεκάλει
2302 4716 2485 4788 μόνον,
2526 4715 2720 4784 ἐπειδὴ
2751 4713 2851 4784 τὴν
2895 4710 3190 4784 ἐπιθυμίαν
3224 4709 3509 4782 ἐπλήρωσε
3545 4707 3644 4778 τὴν

1962 4801 2181 4868 ἐαυτοῦ,
2229 4801 2393 4855 πάλιν
2439 4800 2534 4852 ἐπὶ
2563 4797 2626 4852 τὸ
2653 4798 2756 4869 τῆς
2797 4797 3032 4869 ἐρημίας
3065 4795 3380 4867 οἰκητήριον
3421 4791 3646 4844 ἐπανελ-

1963 4884 2098 4940 θεῖν.
2142 4887 2202 4938 ὐ
2234 4883 2291 4938 δέ
2327 4885 2424 4953 τὴν
2479 4881 2679 4954 πολλὴν
2735 4880 3038 4934 ἐπιείκειαν
3089 4877 3254 4932 αὑτοῦ
3313 4875 3644 4946 αἰσχυνθεὶς,

1963 4965 2178 5036 ἐπλήγη
2212 4981 2274 5016 τε
2304 4962 2508 5026 εὐθέως
2537 4959 2634 5032 τὴν
2673 4958 2870 5031 ψυχὴν,
2901 4959 2998 5012 καὶ
3041 4956 3368 5025 κατανυγεὶς
3402 4957 3494 5036 ἐπὶ
3533 4955 3644 5015 τοῖς

1962 5031 2334 5114 τολμηθεῖσιν,
2383 5041 2568 5095 εἵπετο
2593 5031 2730 5110 πρὸς
2765 5037 2826 5090 τὸ
2851 5037 2977 5110 ὅρος
3016 5037 3166 5106 αὐτῷ
3186 5034 3327 5114 ’,καί⁵
3355 5031 3646 5114 γενόμενος

1965 5108 2082 5178 ἐκεῖ
2110 5108 2284 5176 δεῖται
2324 5118 2420 5174 τοῦ
2453 5108 2685 5190 ἀνδρὸς,
2729 5119 2786 5170 ἐν
2818 5108 3046 5186 οἰκίσκῳ
3077 5131 3136 5169 τε
3165 5113 3326 5166 αὐτὸν
3363 5108 3648 5190 καθεῖρξαι

1965 5203 2159 5274 ἑτέρῳ,
2187 5203 2284 5255 καὶ
2316 5201 2413 5262 τάς
2443 5189 2615 5271 θύρας
2635 5207 2660 5234 η
2691 5196 3095 5251 ἀποκλείσαντα
3119 5192 3214 5248 τοῦ
3242 5189 3516 5262 δωματίου
3547 5189 3647 5260 ἀρ-

1965 5347 2020 5396 ού
2064 5344 2132 5394 δεῖ
2177 5345 2272 5393 τῶν
2312 5343 2541 5392 τοιούτων
2583 5342 2929 5404 ἀπογινώσκειν
2979 5337 3207 5404 χρησταῖς
3243 5336 3308 5391 εἷς
3350 5333 3485 5383 Θεόν.
3541 5333 3652 5382 Duo

1967 5421 2066 5456 mss
2112 5406 2282 5455 οὐδένα
2303 5407 2399 5454 τῶν
2420 5404 2669 5453 τοιούτων.

2031 5471 2048 5520 1
2087 5469 2236 5518 Suvil.
2275 5477 2328 5516 et
2370 5478 2545 5516 omnes
2587 5478 2719 5526 pene
2742 5477 2856 5526 mss.
2893 5457 3320 5526 agenﬁsaﬁqtel.
3348 5458 3648 5526 ἀπεπήδησε,

1969 5519 2218 5592 οινροείεει
2261 5531 2488 5588 ἤκουσεν,
2537 5519 2688 5592 τηειρ.
2738 5523 2858 5574 Ibid.
2921 5523 3072 5572 Savil.
3119 5531 3172 5570 et
3209 5519 3380 5570 Morel.
3422 5522 3650 5584 προσιών.

1969 5586 2175 5655 Λίίέιιιοι
2197 5586 2319 5655 μηδὲ.
2341 5586 2539 5655 προϊών.
2563 5586 2760 5637 melius.

2033 5641 2167 5703 ll'Sic
2190 5652 2342 5702 Savil.
2381 5641 2442 5700 ἐι
2478 5641 2566 5699 εεέχ
2615 5663 2730 5698 mss.
2761 5643 3128 5707 rectmﬂorcl.
3174 5650 3226 5693 cl
3270 5641 3352 5692 azii
3389 5643 3510 5707 βίον.
3541 5641 3650 5707 ξίίοτ

1971 5715 2158 5778 aliquot
2203 5728 2302 5764 mss
2355 5715 2490 5778 οὐδὲν
2516 5713 2633 5778 εἶναι
2655 5708 2830 5758 δοκεῖν.
2859 5705 2989 5756 Infra
3021 5709 3209 5768 aliquot
3250 5720 3366 5754 mss.
3390 5703 3652 5768 ’φροντίδων

1969 5774 2242 5834 ἀπαλλάξας
2265 5777 2432 5824 ἐαυτὸν
2467 5774 2675 5822 ἐκείνων.

2041 5838 2052 5878 ι
2090 5831 2244 5889 Sam;
2281 5844 2336 5887 et
2364 5831 2802 5898 aliquolmss._o_~iz
2825 5831 2896 5878 ὅτι
2918 5831 3090 5898 κρεῶν,
3112 5832 3276 5898 minus}
3295 5832 3448 5898 recte:

2031 5883 2483 5963 ω’,ἱιὶᾷιᾶοῇἰὶλέςῖ
2510 5883 2838 5958 καταφιλήσας
2883 5883 3118 5960 σφοδρῶς.
3153 5889 3305 5942 Paulo
3344 5893 3449 5949 post
3490 5883 3652 5933 deﬁdl

1971 5967 2174 6030 popil‘m}
2196 5960 2332 6030 (τοιι).
2360 5971 2504 6030 ιιηιιεἶ

2036 6027 2064 6056 ³³
2093 6026 2133 6079 Δ
2159 6025 2296 6088 iquot
2320 6035 2432 6070 mss.
2459 6021 2543 6079 τὰς
2563 6019 2766 6086 θυρῖδας.
