3954 6400
137 422 242 477 5Οό

136 536 346 592 socium
378 531 658 586 dumtaxat
692 526 1040 588 invenerunt,
1064 522 1314 575 sciscitati
1345 529 1521 574 autem
1551 518 1724 573 edidi-

135 631 336 682 cerun't
363 624 540 691 ipsum
571 617 788 672 obiisse.
810 615 930 670 Rati
947 603 1016 670 se
1041 612 1295 682 deceptos
1317 626 1436 666 esse
1455 651 1471 676 ,
1495 609 1562 665 ad
1615 626 1733 679 pre-

135 732 230 774 ces
284 717 483 770 iterum
513 718 911 774 convertuntur,
943 717 996 762 et
1039 721 1222 762 rursus
1255 705 1308 758 in
1344 704 1501 759 simili
1530 703 1735 756 visione

135 805 337 862 eadem
359 847 374 871 ,
405 819 525 874 quae
581 802 765 874 prius,
802 799 1098 853 audierunt.
1128 797 1277 850 Tunc
1317 811 1437 850 eum
1486 797 1575 864 qui
1610 809 1736 848 vere

135 897 614 960 dissimulaverat,
641 889 993 946 obsecrabant
1012 887 1219 944 ostendi
1248 886 1348 940 sibi
1373 887 1564 952 virum,
1591 884 1736 938 affir-

139 999 366 1043 mantes
413 1000 516 1039 non
564 983 792 1047 obiissc,
823 979 915 1035 sed
969 979 1143 1033 adhuc
1176 979 1374 1031 vivere.
1411 976 1502 1030 llis
1542 973 1736 1028 auditis

140 1077 271 1143 ille,
303 1089 426 1128 cum
464 1071 666 1126 videret
710 1085 813 1124 non
853 1084 1008 1137 posse
1050 1078 1191 1122 stare
1236 1075 1482 1136 paetum,
1513 1063 1633 1117 illos
1670 1061 1736 1116 ad

139 1174 397 1221 sanctum
436 1162 609 1216 virum
662 1159 924 1214 adducit:
979 1167 1032 1211 et
1103 1154 1308 1225 pariete
1360 1159 1541 1214 diruto
1604 1151 1734 1223 (ad-

144 1258 288 1310 itum
319 1255 459 1308 enim
505 1267 716 1306 onmem
767 1251 1150 1317 obstruxerat),
1193 1248 1415 1316 ingrcssi
1451 1260 1642 1300 omnes
1683 1253 1735 1298 et

143 1347 218 1401 ad
247 1344 412 1416 pedes
432 1343 545 1412 ejus
567 1341 845 1412 prostrati,
869 1355 987 1410 quae
1012 1339 1147 1392 facta
1175 1335 1386 1391 fuerant
1423 1334 1735 1389 renuntian-

142 1443 272 1501 tes,
342 1433 599 1503 rogabant
645 1439 922 1500 urgentem
967 1428 1160 1483 famem
1209 1429 1225 1459 ¹
1279 1426 1586 1496 depelleret.
1645 1424 1738 1479 llle

141 1525 389 1594 'primum
425 1520 662 1587 obstitit,
694 1535 751 1574 se
781 1534 808 1572 a
840 1518 939 1592 tali.
969 1517 1157 1572 fiducia
1197 1517 1355 1586 longe
1383 1517 1570 1570 abesse
1609 1529 1734 1584 pro-

141 1616 332 1675 .fessus
361 1632 375 1668 :
404 1630 525 1668 nam
549 1613 618 1666 ita
641 1620 912 1681 peccatum
939 1627 1090 1666 suum
1114 1611 1182 1664 ob
1205 1610 1389 1664 oculos
1417 1608 1660 1672 habebat,
1677 1620 1740 1660 ac

147 1707 203 1763 tsi
232 1722 402 1776 nuper
436 1705 753 1759 admisisset.
786 1701 1020 1757 Tandem
1047 1710 1526 1755 commemorantes
1561 1697 1738 1752 omnia

147 1812 279 1868 qua:
327 1795 427 1850 sibi
479 1795 844 1862 contigerant,
899 1801 1274 1862 persuaserunt
1319 1797 1377 1842 ut
1432 1796 1646 1842 oraret:
1686 1795 1741 1842 et

158 1901 278 1940 eum
329 1892 569 1954 precatus
619 1895 787 1946 esset,
816 1881 1026 1936 siccitas
1063 1879 1273 1934 desiit.‘
1299 1879 1428 1946 Quae
1453 1893 1580 1933 vero
1621 1893 1743 1947 per-

160 1977 335 2032 tinent
359 1975 421 2029 ad
447 1975 696 2045 juvenem
725 1975 904 2040 illum,
931 1974 1018 2043 qui
1057 1983 1211 2027 antea
1258 1972 1546 2042 discipulus
1574 1971 1738 2026 Joan-

167 2068 250 2120 nis
283 2068 373 2119 lilii
402 2066 645 2120 Zebedzci
675 2064 845 2119 fuerat
864 2105 877 2128 ,
913 2073 1091 2132 postea
1115 2071 1292 2118 autem
1323 2063 1482 2131 longo
1502 2072 1742 2131 tempore

159 2158 428 2211 latronum
473 2155 576 2208 dux
619 2153 747 2219 fuit,
771 2153 962 2208 deinde
1000 2154 1167 2208 sacris
1190 2153 1328 2208 beati
1359 2153 1454 2207 viri
1497 2153 1743 2207 manibus

163 2259 375 2318 captus,
405 2265 436 2303 a
475 2249 772 2303 recessibus
799 2257 853 2302 et
873 2247 1141 2318 speluncis
1171 2247 1432 2300 latronum
1467 2245 1532 2300 ad
1559 2245 1742 2317 pristi-

165 2355 288 2393 nam
316 2340 564 2393 virtutem
597 2337 786 2402 rediit,
821 2340 932 2408 ipse
959 2353 1062 2391 non
1095 2338 1305 2407 ignoras
1325 2379 1340 2404 ,
1366 2337 1460 2392 sed
1508 2354 1612 2391 non
1643 2337 1742 2390 mi-

167 2446 264 2484 nus
290 2446 445 2500 quam
477 2445 574 2484 nos
605 2429 719 2484 haec
743 2430 920 2482 omnia
945 2428 1105 2497 probe
1148 2428 1319 2481 nosﬁ:
1346 2436 1501 2498 teque
1549 2428 1745 2496 sazpius

165 2519 344 2573 audivi
365 2519 713 2572 admirantem
743 2519 883 2572 illius
914 2517 1371 2571 mansuetudinem
1397 2558 1412 2581 ,
1441 2515 1581 2586 quod
1625 2531 1747 2570 cru-

166 2621 344 2665 entam
371 2620 524 2666 antea
553 2611 826 2665 dexteram
853 2611 1190 2665 exosculatus
1224 2611 1291 2664 sit
1318 2611 1526 2664 haerens
1549 2610 1598 2663 in
1628 2625 1746 2664 am-

169 2703 327 2773 plexu
353 2701 705 2756 adolescentis
726 2743 740 2768 ,
771 2703 951 2772 sicque
977 2702 1123 2755 illum
1154 2701 1221 2755 ad
1251 2702 1422 2770 priora
1457 2700 1744 2754 reduxerit.

239 2794 329 2849 18.
368 2794 562 2850 Beatus
619 2795 744 2849 item
791 2795 984 2850 l‘aulus
1050 2795 1396 2861 Onesimum,
1467 2792 1744 2864 inutilem,

169 2884 492 2953 transfugam
515 2894 568 2940 et
605 2885 774 2939 furem
794 2927 808 2952 ,
839 2885 1020 2952 illum,
1047 2885 1258 2956 inquam
1281 2927 1296 2951 ,
1326 2900 1429 2938 non
1458 2885 1616 2938 modo
1636 2901 1750 2938 am-

172 2976 435 3044 plectitur,
467 2976 674 3044 quando
697 2986 929 3030 mutatus
955 2986 1033 3030 esl
1056 3019 1069 3041 ,
1103 2976 1196 3030 sed
1223 2978 1381 3031 etiam
1422 2976 1608 3030 lterum
1636 2977 1750 3047 ejus

171 3075 323 3134 rogat
342 3107 354 3126 ,
383 3066 531 3120 illum
564 3067 964 3135 resipisccntem
992 3067 1107 3134 pari
1137 3066 1332 3120 habeat
1366 3067 1568 3120 honore
1589 3076 1750 3136 atque

173 3164 553 3223 przeeeptorcm
577 3155 739 3223 ipsius
759 3195 772 3220 ,
804 3156 886 3208 his
909 3155 1087 3208 verbis
1115 3171 1272 3208 usus:
1303 3154 1517 3208 Obsecro
1563 3163 1608 3208 te
1658 3173 1749 3225 pro

171 3262 281 3297 meo
306 3247 447 3313 lilio,
476 3263 617 3315 quem
665 3248 814 3316 genui
855 3248 906 3300 in
944 3247 1185 3312 vinculis,
1225 3247 1490 3310 Onesimo,
1543 3250 1624 3317 qui
1665 3247 1752 3299 tibi

172 3335 448 3404 aliquando
475 3335 669 3388 inutilis
690 3337 815 3405 fuit,
845 3353 977 3389 nunc
1001 3349 1166 3390 autent
1188 3347 1234 3389 et
1257 3337 1379 3389 mihi
1403 3346 1448 3390 et
1470 3337 1556 3389 tibi
1581 3335 1748 3403 utilis,

171 3441 321 3494 quem
346 3425 512 3477 remisi
555 3425 678 3478 tibi:
702 3435 754 3478 tu
783 3435 949 3479 autem
972 3426 1116 3478 illunt
1138 3467 1150 3491 ,
1173 3426 1226 3478 id
1255 3435 1325 3478 est
1372 3443 1480 3479 mea
1524 3426 1713 3479 viscera
1735 3467 1750 3492 ,

171 3517 389 3585 suscipe.
426 3515 582 3580 Quem
611 3533 699 3587 ego
743 3517 994 3571 volueram
1015 3533 1208 3569 mecum
1227 3517 1444 3569 detinere
1467 3557 1483 3582 ,
1502 3527 1556 3568 ut
1585 3533 1676 3586 pro
1709 3527 1755 3569 te

176 3607 305 3658 mihi
335 3607 638 3659 ministraret
659 3608 709 3656 in
729 3604 944 3662 vinculis
960 3605 1257 3678 Evangelii:
1286 3608 1392 3660 sine
1429 3607 1636 3660 consilio
1661 3624 1754 3658 au-

177 3707 273 3749 tem
299 3708 384 3750 tuo
428 3698 554 3750 nihil
589 3699 719 3751 volui
763 3703 958 3769 facere,
985 3700 1059 3752 uti
1107 3716 1168 3752 ne
1201 3699 1329 3752 velut
1363 3715 1425 3752 ea:
1469 3699 1756 3754 necessitate

177 3788 360 3840 bonum
416 3797 554 3840 luunt
605 3798 758 3855 esset,
787 3789 875 3842 sed
925 3789 1281 3841 voluntarium.
1331 3787 1571 3842 Forsitan
1623 3789 1756 3840 enim

175 3881 290 3933 ideo
320 3881 544 3933 discessit
570 3881 636 3932 at!
661 3893 852 3950 tempus
871 3923 884 3943 ,
911 3891 963 3932 ut
991 3890 1230 3934 (uernum
1279 3880 1423 3934 illum
1475 3879 1719 3948 reciperes
1738 3920 1752 3944 ,

175 3989 277 4024 non
294 3973 411 4041 jam
441 3982 492 4023 ut
518 3989 737 4032 servum,
760 3973 846 4025 sed
874 3989 964 4042 pro
991 3987 1127 4025 servo
1146 3971 1458 4024 carissimum
1483 3975 1692 4041 fratrem
1711 3969 1752 4036 ³,

177 4064 402 4115 maxime
435 4063 557 4114 mihi
580 4079 596 4116 :
625 4074 813 4134 quanto
843 4073 1007 4115 autent
1033 4064 1190 4133 ntagis
1219 4063 1306 4114 tibi
1327 4105 1340 4129 ,
1373 4071 1419 4114 et
1448 4063 1499 4114 in
1535 4077 1685 4114 carne
1709 4072 1756 4114 et

174 4154 230 4206 in
255 4153 503 4206 Domino?
526 4153 586 4207 Si
607 4171 722 4224 ergo
749 4154 896 4207 habes
916 4170 992 4207 me
1015 4155 1223 4215 socium,
1244 4153 1438 4222 suscipe
1461 4153 1602 4205 illunt
1625 4152 1753 4204 sicut

181 4263 263 4299 me
297 4245 540 4316 (Philem.
593 4245 657 4300 10
685 4279 705 4289 —
736 4246 847 4315 18).
887 4246 966 4299 Ad
1000 4245 1301 4300 Corinthios
1347 4244 1470 4297 item
1513 4243 1753 4296 scribens

178 4339 252 4391 ait
280 4357 294 4392 :
329 4337 411 4390 Ne
437 4339 634 4402 iterum,
660 4354 772 4390 cum
811 4354 1013 4403 venero,
1046 4337 1240 4407 lugeam
1283 4336 1464 4388 ntultos
1495 4352 1556 4389 ea:
1591 4336 1650 4386 iis
1675 4335 1760 4405 qui

179 4438 300 4481 ante
325 4437 666 4496 peccaverunt,
686 4437 730 4481 et
751 4445 848 4481 non
871 4438 1070 4498 egerunt
1088 4428 1421 4498 pwttitetttiattt
1438 4426 1512 4498 ('3.
1531 4425 1644 4478 Cor.
1670 4425 1755 4478 12.

178 4519 244 4573 2|
273 4529 319 4572 et
349 4519 433 4574 15.
457 4519 532 4587 2).
566 4519 628 4572 Et
661 4529 891 4573 rursum:
931 4518 1075 4571 Sicut
1120 4517 1333 4588 pra'dixi
1353 4559 1366 4579 ,
1398 4518 1577 4570 iterum
1621 4531 1758 4587 pra:-

181 4611 299 4662 dico
323 4649 338 4675 ,
357 4611 489 4678 quod
516 4610 559 4663 si
588 4626 763 4664 venero
792 4609 970 4662 iterum
994 4651 1006 4675 ,
1027 4627 1126 4662 non
1158 4626 1382 4679 parcant.
1409 4608 1592 4664 Vidcn'
1623 4623 1757 4679 quos

183 4699 391 4769 lugeat,
420 4700 608 4769 quibus
657 4715 760 4754 non
791 4701 1004 4769 parcat?
1035 4700 1147 4754 Non
1181 4701 1242 4754 iis
1270 4701 1357 4770 qui
1391 4710 1757 4770 peccaverunt,

183 4792 278 4846 sed
303 4792 364 4844 iis
386 4793 473 4862 qui
505 4792 867 4861 pmuitentiam
910 4808 1013 4846 non
1063 4803 1312 4861 egerunt;
1347 4809 1518 4864 neque
1560 4794 1763 4864 simpli-

181 4883 318 4936 citer
348 4883 413 4935 iis
433 4883 520 4951 qui
559 4882 921 4951 paenitentiam
961 4898 1065 4936 non
1110 4890 1366 4952 egerunt,
1421 4884 1514 4938 sed
1561 4885 1624 4938 iis
1673 4886 1760 4954 qui

181 4975 353 5029 semel
383 4984 436 5028 et
467 4978 654 5028 iterum
683 4974 866 5027 moniti
891 4973 1260 5043 obtemperare
1297 4975 1598 5029 noluerunt.
1630 4975 1760 5030 illud

180 5069 350 5130 enim,
384 5064 610 5119 Prwdixi
632 5108 644 5128 ,
675 5076 718 5118 et
745 5067 964 5137 prcedico
987 5075 1041 5118 ut
1063 5082 1282 5136 pra’sens
1305 5108 1318 5132 ,
1341 5067 1556 5120 secundo
1577 5075 1623 5120 et
1650 5067 1763 5120 abs-

180 5175 270 5210 ens
313 5158 476 5211 scribo
495 5197 510 5220 ,
539 5156 666 5210 nihil
693 5157 833 5210 aliud
882 5157 1078 5211 indicat
1099 5199 1114 5222 ,
1143 5173 1300 5226 quam
1331 5157 1380 5210 id
1409 5157 1546 5225 quod
1573 5158 1760 5227 nejam

183 5249 324 5301 inter
350 5263 447 5302 nos
473 5248 680 5303 eveniat
707 5248 1188 5317 pertimescendum
1229 5257 1328 5302 est.
1361 5248 1578 5302 Etiamsi
1622 5249 1762 5303 enim

181 5337 383 5394 Paulus
411 5341 500 5410 qui
526 5349 649 5394 tunc
675 5338 963 5395 Corinthiis
991 5339 1436 5404 comminabatur,
1466 5355 1570 5393 non
1599 5339 1759 5404 adsit,
1817 5325 1836 5340 ”’

181 5431 276 5485 sed
305 5429 456 5484 adest
489 5429 733 5488 Christus
753 5471 768 5498 ,
797 5431 886 5502 qui
917 5439 1043 5486 tunc
1067 5447 1163 5501 per
1208 5431 1379 5502 ipsum
1428 5431 1759 5501 loquebatur.

247 5565 266 5596 ³
299 5565 501 5625 Aliquot
527 5563 665 5620 Mss,
690 5563 878 5612 turbam
899 5562 1180 5625 depelleret.

244 5629 265 5656 ’
296 5626 387 5674 Hic
429 5631 568 5674 notat
608 5625 656 5671 in
684 5627 907 5684 margine

173 5746 601 5809 nem't‘ucit'e'tiam
623 5746 857 5797 Clemens.
925 5746 929 5747 “
1091 5746 1109 5809 γ’
1337 5807 1343 5809 Α
1405 5806 1416 5809 _

242 5811 266 5843 ³
286 5806 438 5862 Sat-il.
465 5813 516 5859 in
543 5809 764 5870 margine
787 5815 840 5858 et
863 5821 989 5857 unus
1013 5808 1192 5871 codex,
1236 5806 1551 5859 carissimum
1578 5806 1752 5856 tilium.

1285 409 1374 462 AD
1411 409 1833 464 τιιιῑουυιιωι
1872 407 2160 463 LAPSUM.
2202 407 2242 464 Ι.

985 5625 1262 5672 olbertinns
1307 5637 1451 5679 unus,
1487 5626 1590 5682 Τῆς
1625 5625 1776 5679 αὐτῆς

174 5688 675 5751 ἱστορίας-μέμνηταε-
692 5689 771 5734 καὶ
809 5687 1026 5747 Κλήμης.
1068 5683 1296 5750 Ejusdem
1320 5683 1543 5736 historia:
1569 5683 1776 5735 mentio-

3317 410 3421 464 301i

1835 522 1911 574 Ae
1942 523 1983 573 si
2015 521 2278 576 nhstinate
2305 536 2729 590 perseveremus,
2760 537 2864 577 non
2894 533 3074 592 parcet
3109 524 3297 588 nobis,
3325 527 3420 580 sed

1836 604 2103 670 percutiet
2118 606 2270 675 plaga
2287 623 2478 677 magna
2494 620 2547 665 et
2561 612 2646 666 hic
2658 625 2706 667 et
2724 615 2776 668 itt
2793 616 2972 671 futuro
2987 621 3207 673 sarculo.
3225 619 3431 674 Prteoc-

1834 707 2080 759 enpemus
2105 695 2269 766 igitur
2282 697 2471 765 faciem
2485 701 2598 770 ejus
2622 703 2678 755 in
2695 705 3020 773 confessione
3034 707 3210 780 (Psal.
3233 711 3323 765 94.
3350 711 3426 781 2);

1843 783 2186 842 etl'undamus
2205 788 2258 842 in
2278 803 2577 860 conspectu
2605 794 2725 862 ejus
2743 798 2908 851 corda
2927 807 3138 854 nostra.
3160 800 3429 861 Peccasti.

1836 869 2036 941 inquit,
2066 891 2128 929 ne
2151 877 2318 932 addas
2353 881 2566 947 iterum,
2589 894 2637 937 et
2660 888 2724 938 de
2743 888 3010 953 prioribus
3049 893 3152 944 tuis
3185 891 3428 957 supplico

1839 973 2022 1044 (Eccli.
2057 973 2146 1028 9.1.
2180 975 2268 1047 1);
2298 984 2351 1031 et
2377 991 2586 1031 rursum
2613 1018 2626 1043 ,
2650 975 2831 1031 Justus
2859 988 3121 1034 accusator
3141 981 3221 1034 stti
3242 992 3314 1035 est
3364 983 3418 1036 in

1839 1065 2087 1133 principio
2134 1068 2374 1120 sermonis
2429 1067 2610 1139 (Prov.
2647 1067 2877 1137 18.17).
2916 1068 2994 1124 Ne
3047 1081 3418 1138 exspectemus

1839 1154 1997 1224 igitur
2038 1167 2402 1212 accusatorem
2427 1200 2441 1220 ,
2473 1157 2566 1212 sed
2609 1158 2724 1228 ejus
2769 1167 2949 1228 partes
2995 1172 3377 1230 praevertamus
3401 1203 3417 1227 ,

1838 1261 2009 1315 eoque
2055 1246 2233 1302 officio
2276 1248 2508 1317 judiccm
2550 1247 2705 1303 nobis
2747 1250 3069 1318 pacatiorem
3114 1250 3416 1307 reddamus.

1840 1337 1914 1390 Te
1931 1338 2142 1407 quidem
2173 1349 2384 1408 peccata
2400 1339 2641 1394 confiteri
2660 1351 2766 1405 tua,
2794 1348 2953 1407 teque
2971 1341 3220 1395 miserum
3239 1341 3418 1396 admoc

1839 1424 1964 1479 dum
1992 1426 2239 1481 arbitrari
2256 1437 2588 1497 compertum
2608 1425 2776 1482 habeo
2795 1444 3010 1492 ;verum
3031 1446 3134 1484 non
3152 1429 3200 1484 id
3222 1439 3422 1486 tantum

1839 1519 2073 1586 requiro,
2093 1521 2248 1588 cupio
2273 1529 2449 1572 autem
2476 1529 2529 1571 ut
2557 1535 2867 1588 persuasum
2893 1520 3109 1587 habeas,
3128 1531 3178 1575 te
3207 1520 3306 1576 hac
3333 1538 3423 1576 ra-

1841 1607 1984 1660 tione
2015 1622 2172 1675 posse
2194 1608 2452 1675 justitiam
2481 1611 2708 1679 assequi.
2735 1609 2994 1676 Quamdiu
3010 1611 3152 1665 enim
3183 1611 3422 1666 inutilem

1842 1696 1997 1749 talem
2014 1695 2398 1751 confessionem
2427 1697 2678 1764 edideris,
2709 1699 2913 1752 etiamsi
2939 1701 3161 1769 teipsum
3183 1717 3422 1770 accuses,

1841 1803 1947 1842 non
1971 1789 2166 1857 poteris
2188 1805 2436 1859 umquam
2455 1790 2505 1842 in
2530 1800 2797 1858 pfthl'UlTl
2817 1806 2843 1842 a
2874 1793 3103 1860 peccatis
3126 1791 3420 1848 discedere.

1841 1877 2008 1931 Nemo
2038 1879 2180 1933 enim
2221 1879 2506 1950 quidquam
2562 1879 2717 1934 faciet
2764 1896 2884 1935 cum
2930 1883 3204 1936 alacritate
3240 1891 3294 1938 et
3321 1884 3424 1938 ritu

1842 1972 2184 2039 congruenti,
2220 1972 2318 2025 nisi
2349 1973 2493 2041 prius
2525 1988 2836 2041 persuasum
2882 1974 3100 2041 habeat,
3133 1993 3244 2030 rem
3281 1977 3424 2030 utili-

1845 2061 1936 2115 tati
1968 2061 2069 2116 sibi
2099 2062 2232 2116 fore.
2263 2061 2534 2132 Siquidem
2567 2064 2608 2116 is
2635 2064 2722 2131 qui
2764 2065 3011 2130 seminat,
3040 2075 3318 2134 postquam
3345 2082 3428 2120 se-

1846 2168 1964 2206 men
1995 2154 2206 2222 sparsit,
2231 2155 2330 2207 nisi
2360 2169 2586 2208 tnessem
2609 2164 2899 2224 exSpeetet,
2932 2172 3215 2226 numquam
3245 2167 3428 2212 metet.

1845 2243 1973 2311 Quis
2002 2245 2143 2299 enim
2172 2261 2420 2314 umquam
2469 2245 2712 2300 laborare
2751 2245 2945 2300 frustra
2997 2247 3155 2313 velit,
3185 2248 3314 2302 nihil
3363 2263 3428 2303 ex

1847 2334 2026 2388 labore
2067 2334 2189 2387 boni
2250 2336 2716 2404 consequuturus?
2774 2336 2864 2390 Sic
2904 2353 3029 2407 ergo
3070 2338 3156 2407 qui
3205 2340 3432 2393 seminat

1849 2425 2033 2487 verba,
2061 2425 2343 2496 lacrymas,
2377 2425 2790 2493 confessionem,
2820 2429 2920 2482 nisi
2952 2429 3088 2483 bona
3132 2445 3225 2500 spe
3269 2430 3432 2485 fultus

1849 2513 1898 2568 id
1932 2514 2110 2579 faciat,
2137 2532 2164 2566 a
2195 2516 2424 2584 peccatis
2449 2515 2705 2571 desistere
2733 2535 2838 2572 non
2867 2520 3079 2587 poterit,
3116 2530 3298 2590 utpote
3327 2523 3424 2576 de-

1848 2605 2164 2674 sperationis
2195 2607 2332 2659 malo
2362 2605 2644 2660 cohibitus.
2677 2607 2780 2662 Sed
2806 2610 3256 2678 quemadmodum
3296 2614 3435 2682 agri-

1849 2695 1964 2750 Cola
2002 2697 2092 2750 ille
2137 2697 2223 2766 qui
2272 2697 2338 2751 de
2394 2711 2652 2766 proventu
2698 2697 2964 2754 fructuum
3013 2702 3292 2772 desperat,
3327 2720 3431 2758 non

1849 2789 2055 2842 Curahit
2083 2803 2144 2842 ea
2175 2801 2452 2842 removere
2481 2805 2598 2858 quae
2625 2789 2863 2859 frugibus
2889 2791 3045 2844 noxia
3076 2801 3200 2846 sunt
3233 2809 3246 2844 :
3283 2795 3351 2847 ita
3381 2803 3436 2848 et

1851 2880 1941 2933 ille
1969 2879 2055 2948 qui
2100 2894 2194 2948 per
2233 2878 2496 2950 lacrymas
2540 2879 2934 2934 confessionem
2983 2882 3256 2948 seminat,
3303 2882 3434 2936 nihil

1851 2978 2144 3037 expectans
2176 2968 2297 3022 inde
2326 2969 2479 3034 lucri,
2510 2970 2813 3039 neutiquam
2838 2972 3036 3040 poterit
3065 2987 3126 3025 ea
3153 2987 3435 3028 removere

1851 3077 1970 3131 qum
2012 3059 2337 3128 poenitentitn
2361 3059 2580 3113 exitiosa
2607 3071 2750 3114 sunt.
2781 3061 3150 3116 Pmnitentiam
3183 3079 3312 3118 vero
3339 3064 3438 3118 de-

1852 3151 2008 3204 struit
2061 3149 2247 3203 iisdem
2299 3149 2352 3203 in
2389 3149 2619 3218 peccatis
2668 3153 3082 3218 perseverantia.
3142 3149 3320 3216 Unus,
3355 3154 3438 3207 in-

1852 3241 1987 3310 quit,
2014 3240 2274 3308 wdi/icans
2316 3249 2361 3292 et
2411 3256 2541 3292 unus
2581 3239 2867 3315 destructis,
2917 3240 3038 3306 quid
3090 3241 3271 3294 lucrati
3323 3251 3439 3295 sunt

1855 3341 2035 3400 prater
2062 3329 2309 3383 laborem?
2339 3329 2437 3396 Qui
2464 3328 2748 3398 baptizatur
2776 3346 2806 3380 a
2829 3340 3024 3382 mortuo
3051 3331 3066 3397 (
3090 3330 3125 3384 i.
3158 3347 3210 3385 e.
3237 3347 3264 3384 a
3299 3341 3437 3385 tactu

1855 3425 2048 3479 mortui
2076 3423 2094 3494 )
2125 3435 2171 3476 et
2200 3440 2372 3477 rursus
2400 3424 2557 3493 tangit
2581 3423 2745 3484 illum,
2770 3423 2890 3492 quid
2930 3423 3250 3476 emolumenti
3293 3423 3439 3477 habet

1855 3517 2133 3570 exlavacro
2162 3532 2252 3568 suo
2280 3513 2297 3586 (
2321 3513 2483 3567 Eccli.
2525 3515 2612 3569 5t.
2647 3513 2774 3583 50)?
2804 3513 2893 3568 Sic
2924 3513 3084 3567 homo
3123 3514 3209 3582 qui
3235 3513 3441 3584 jejuuat

1856 3622 1884 3660 a
1916 3607 2144 3676 peccatis
2190 3606 2300 3660 suis
2321 3646 2336 3670 ,
2370 3615 2423 3658 ct
2450 3605 2638 3658 iterum
2691 3620 3001 3674 progressus
3044 3605 3228 3660 eadem
3251 3606 3438 3659 admit-

1859 3699 1950 3752 tit:
1985 3700 2102 3768 quis
2122 3699 2236 3767 cjus
2265 3712 2451 3768 preces
2471 3697 2718 3750 exaudiet
2744 3695 2766 3748 ?
2798 3697 2861 3750 Et
2893 3713 3127 3761 rursum,
3152 3695 3253 3762 Qui
3277 3711 3440 3749 rever-

1858 3790 2000 3856 titur,
2032 3790 2221 3859 inquit,
2253 3806 2283 3841 a
2304 3789 2505 3859 justitiu
2521 3791 2572 3841 in
2604 3800 2883 3859 peccatum,
2900 3807 3013 3842 eum
3036 3788 3283 3843 Dominus
3309 3806 3443 3860 prir-

1863 3891 2006 3952 parat
2031 3880 2099 3934 ad
2123 3880 2351 3951 gladium
2376 3879 2559 3952 (Eccli.
2600 3881 2688 3934 26.
2722 3880 2835 3952 Ἦ).
2867 3882 2953 3948 Ει,
2987 3881 3131 3935 Sicut
3157 3882 3296 3934 canis
3325 3898 3440 3934 cum

1859 3989 2084 4026 reversus
2125 3973 2277 4042 fuerit
2317 3972 2384 4024 ad
2412 3972 2692 4033 vomitum,
2743 3972 2949 4024 odiosus
3000 3972 3223 4041 eﬂicilur,
3280 3973 3350 4024 sic
3398 3980 3444 4023 et

1859 4064 2100 4132 insipiens
2164 4063 2358 4115 malitia
2411 4079 2504 4116 sua
2558 4078 2780 4115 reversus
2845 4062 2914 4114 ad
2967 4073 3223 4132 peccatum
3291 4079 3440 4116 suum

1863 4154 2066 4225 (Prov.
2099 4153 2268 4208 9.6.11
2305 4154 2343 4222 ).

1933 4246 2018 4301 19.
2057 4246 2182 4311 Qua:
2209 4248 2269 4298 sit
2319 4244 2536 4296 conditio
2583 4259 2711 4296 vera:
2751 4243 3238 4311 paenitentia—Ne
3268 4244 3444 4312 itaque

1862 4347 2135 4406 peceatum
2161 4336 2308 4405 quasi
2340 4344 2618 4388 accusator
2647 4336 2717 4387 tui
2756 4343 2954 4387 tanttnn
2991 4335 3272 4388 anuuntics
3303 4376 3316 4398 ,
3346 4333 3442 4388 sed

1864 4437 2126 4497 tamquam
2167 4429 2252 4497 qui
2286 4443 2380 4498 per
2421 4426 2746 4496 pmnitenlim
2786 4425 3000 4480 modum
3027 4425 3304 4494 justificari
3347 4424 3446 4480 de-

1864 4520 2027 4584 beas;
2071 4519 2148 4573 sic
2172 4519 2311 4572 enim
2350 4519 2548 4587 poteris
2578 4518 2806 4570 animam
2852 4515 3195 4570 confitentem
3245 4515 3448 4585 pudore

1863 4613 2115 4679 afficere,
2171 4627 2238 4667 ne
2293 4613 2429 4666 ultra
2471 4611 2520 4664 in
2569 4610 2753 4664 eadem
2785 4609 3070 4662 relabatur.
3120 4607 3252 4662 Nam
3279 4607 3446 4663 vehe-

1864 4715 2070 4759 menter
2108 4718 2165 4758 se
2207 4703 2462 4757 damnare
2493 4700 2833 4771 profiterique
2880 4708 3236 4770 peccatorem,
3283 4699 3443 4753 etiam

1865 4812 1984 4851 cum
2008 4795 2306 4849 infidelibus
2333 4807 2616 4846 commune
2643 4801 2746 4846 est.
2797 4790 2946 4844 Multi
2979 4806 3206 4860 namque
3231 4805 3260 4843 a
3288 4804 3445 4843 scena

1865 4886 1964 4941 viri
1988 4894 2040 4940 et
2069 4884 2342 4950 mulieres,
2374 4883 2463 4952 qui
2509 4884 2741 4936 maxime
2770 4881 3149 4949 turpitudinem
3178 4897 3326 4935 suam
3359 4895 3446 4934 se-

1865 4995 1986 5034 Cttm
2027 4986 2293 5047 reputant,
2323 4991 2442 5030 sese
2467 4975 2689 5028 miseros
2718 4974 3008 5043 pnedicant
3039 4991 3050 5027 :
3077 4985 3132 5029 at
3163 4990 3266 5027 non
3293 4973 3446 5026 colli-

1867 5077 2014 5123 mant
2050 5068 2116 5122 ad
2161 5083 2345 5120 verum
2398 5080 2638 5134 scopum.
2671 5065 2846 5132 Quare
2890 5065 3020 5119 illud
3078 5082 3180 5118 non
3214 5065 3447 5117 vocarim

1866 5159 2302 5214 confessionem:
2355 5171 2528 5224 neque
2570 5156 2711 5209 enim
2764 5171 2884 5210 eum
2945 5156 3138 5210 animae
3189 5170 3449 5224 compun-

1867 5253 2043 5306 ctiune
2071 5292 2086 5316 ,
2111 5264 2232 5303 cum
2255 5248 2608 5302 amaritudine
2635 5249 3011 5320 lacrymarum,
3041 5263 3160 5302 eum
3187 5248 3310 5302 vita
3337 5263 3452 5299 mu-

1869 5345 2067 5399 tatione
2107 5351 2320 5413 peccata
2371 5356 2463 5394 sua
2495 5342 2771 5395 enuntiant
2800 5356 2816 5405 ;
2845 5341 2937 5395 sed
2984 5340 3073 5394 alii
3127 5339 3339 5409 quidem
3387 5355 3451 5394 eo

1869 5435 2081 5489 nomine
2108 5431 2159 5486 id
2200 5441 2380 5502 agunt,
2414 5440 2470 5484 ut
2499 5431 2756 5500 ejusmodi
2783 5430 3014 5485 candore
3042 5429 3303 5484 sermonis
3335 5440 3451 5497 3:0-

1867 5529 2001 5582 riam
2045 5533 2392 5593 aucupentur.
2450 5521 2796 5576 Pcccatorum
2850 5522 2989 5575 enim
3031 5521 3260 5590 gravitas
3291 5520 3452 5591 longe

1869 5616 1971 5672 alia
2000 5622 2221 5685 apparet
2262 5628 2384 5667 cum
2423 5613 2559 5667 alter
2595 5628 2654 5666 ea
2690 5611 3004 5674 denuntiat,
3041 5625 3198 5679 quam
3243 5627 3364 5665 eum
3408 5629 3454 5666 ts

1882 5708 1995 5776 ipse.
2023 5705 2111 5774 qui
2142 5701 2401 5773 peccavit.
2427 5701 2525 5754 Alii
2551 5709 2723 5754 autem
2751 5700 2796 5750 vi
2838 5699 3226 5768 desperationis
3256 5701 3307 5754 in
3336 5712 3450 5753 stu-

1874 5814 2054 5870 porem
2087 5805 2138 5849 et
2182 5792 2457 5864 segnitiem
2507 5792 2634 5861 lapsi
2664 5831 2677 5856 ,
2708 5800 2760 5843 et
2805 5791 3024 5859 gloriam
3056 5793 3324 5845 hominum
3353 5792 3449 5844 de-
