3954 6406
547 342 648 400 30³1

548 456 856 526 spicieutes,
881 466 1003 507 cum
1052 449 1379 521 impudentia
1409 463 1597 519 magna
1628 456 1844 520 peccata
1886 464 1980 503 sua
2012 464 2135 520 per-

547 545 673 601 inde
714 553 874 613 alque
928 543 1096 595 aliena
1138 540 1384 594 omnibus
1413 539 1761 609 proclamant.
1793 538 1964 593 Nolim
2007 554 2134 594 sane

548 648 601 691 te
650 651 717 691 ex
761 636 974 689 illorum
1024 647 1249 688 numero
1294 646 1453 699 esse,
1508 631 1593 686 vel
1646 646 1711 686 ex
1764 631 2134 701 desperatione

542 727 930 782 confessionem
1002 726 1195 791 edere,
1254 723 1349 779 sed
1404 739 1524 777 cum
1573 723 1709 779 bona
1780 739 1917 795 spe,
1958 725 2133 779 enmi-

544 835 647 892 que
690 828 897 875 resecta
955 818 1343 890 desperationis
1396 816 1578 871 radice
1636 816 1961 872 contrarium
2013 814 2136 870 huic

545 912 779 967 studium
812 911 1086 967 exhibere.
1116 910 1371 981 Qumnam
1416 920 1590 965 mater
1613 919 1670 965 et
1694 909 1846 964 radix
1874 907 2131 978 despera-

545 1005 707 1061 tionis
736 1006 857 1060 est?
884 1004 1097 1075 Ignavia
1146 1022 1160 1059 :
1205 1005 1314 1059 imo
1364 1019 1467 1059 non
1501 1002 1651 1058 radix
1689 1002 1848 1058 modo
1889 1011 2131 1068 vocetur,

543 1096 641 1151 sed
683 1097 840 1150 etiam
868 1096 1044 1155 nutrix
1084 1107 1138 1149 et
1180 1102 1369 1149 mater.
1420 1093 1878 1164 Quemadmodum
1911 1092 2051 1147 enim
2081 1093 2132 1146 in

547 1188 667 1242 lana
698 1188 869 1242 tineas
900 1185 1068 1257 gignit
1095 1186 1368 1255 corruptio
1393 1226 1407 1248 ,
1438 1200 1557 1256 quae
1589 1193 1771 1254 postea
1816 1183 1883 1237 ab
1911 1182 2017 1236 illis
2043 1197 2136 1236 au-

552 1291 743 1351 getur:
772 1281 848 1334 sic
878 1280 1037 1335 etiam
1066 1277 1153 1333 hic
1191 1278 1398 1349 ignavia
1429 1277 1855 1348 desperationem
1889 1276 2052 1345 parit,
2082 1281 2138 1329 et

548 1382 733 1442 postea
765 1385 793 1425 a
821 1368 1191 1440 desperatione
1231 1368 1409 1434 alitur,
1443 1378 1497 1424 et
1539 1367 1712 1423 amb-.e
1759 1375 1943 1421 mutuo
1981 1378 2136 1420 exse-

547 1462 804 1519 crandum
832 1462 932 1517 sibi
960 1469 1249 1532 procurant
1277 1463 1660 1516 incrementum
1680 1502 1695 1527 ,
1728 1476 1828 1515 nec
1874 1459 2135 1514 modicam

548 1556 908 1611 accessionem
937 1555 1171 1625 capiunt.
1214 1553 1269 1608 Si
1298 1554 1415 1624 quis
1442 1553 1603 1624 igitur
1630 1552 1849 1605 alteram
1891 1550 2139 1621 praesciu-

549 1647 661 1713 dat,
694 1646 964 1701 residuam
992 1645 1216 1700 alteram
1246 1643 1403 1699 facile
1435 1642 1631 1713 poterit
1659 1656 1937 1712 superare.
1967 1639 2137 1695 Num-

549 1752 706 1805 quam
731 1736 874 1791 enim
905 1735 995 1806 qui
1034 1751 1139 1789 non
1172 1733 1426 1804 torpescit
1457 1733 1509 1787 in
1537 1731 1961 1803 desperationem
1993 1729 2139 1783 labe-

552 1835 658 1891 tur,
693 1841 866 1895 neque
888 1826 975 1896 qui
1006 1825 1165 1879 alitur
1194 1840 1289 1894 spe
1315 1825 1476 1889 bona,
1506 1839 1603 1878 nec
1626 1822 1862 1878 animum
1902 1823 2138 1890 despon-

552 1919 663 1984 det,
693 1932 926 1986 unquam
959 1915 1155 1986 poterit
1199 1915 1252 1969 in
1279 1916 1557 1985 segnitiem
1588 1912 1798 1968 cadere.
1832 1912 1934 1967 Par
1963 1912 2140 1981 itaque

554 2009 685 2066 illud
726 2009 938 2073 divelle,
967 2016 1023 2062 et
1045 2007 1231 2077 jugum
1272 2006 1547 2075 confringe
1570 2046 1585 2070 ,
1619 2004 1817 2059 variam
1847 2004 1965 2059 dico
1997 2003 2138 2057 illam

551 2106 607 2154 et
632 2114 843 2168 gravem
868 2098 1281 2167 cogitationem:
1309 2111 1485 2167 neque
1517 2097 1656 2150 enim
1689 2095 1776 2150 illa
1803 2112 1922 2166 qum
1943 2103 2143 2149 utram-

567 2204 673 2258 que
713 2188 1108 2258 complectitur,
1138 2187 1293 2242 unius
1336 2196 1418 2242 est
1447 2187 1667 2254 formm,
1717 2186 1811 2241 sed
1858 2187 2056 2241 variam
2088 2194 2143 2241 et

553 2279 912 2334 onmimodam
945 2280 1179 2349 speciem
1209 2276 1441 2348 praefert.
1470 2277 1727 2345 Quaenam
1755 2286 1836 2331 est
1861 2275 2141 2331 illa'!Con-

555 2372 712 2439 tingit
734 2370 1019 2441 aliquando
1060 2371 1405 2441 pmnitentem
1441 2370 1607 2424 multa
1635 2379 1780 2423 recte
1810 2378 1860 2423 el
1884 2369 2143 2439 prmclare

553 2477 710 2532 agere
743 2480 756 2516 :
795 2461 1109 2531 interimque
1151 2476 1180 2515 a
1208 2460 1363 2515 bonis
1383 2460 1634 2530 operibus
1675 2459 1781 2514 labi
1819 2475 1913 2529 per
1936 2460 2142 2529 pecrati

561 2554 688 2625 ipsis
715 2562 862 2608 recte
911 2551 1062 2607 factis
1110 2551 1366 2621 gravitate
1392 2550 1575 2620 paria:
1609 2558 1663 2603 et
1697 2549 1797 2603 hoc
1830 2549 2062 2604 maxime
2090 2548 2143 2601 in

554 2644 978 2714 desperatioiiem
1023 2641 1245 2711 injicere
1282 2640 1464 2706 valet;
1518 2654 1580 2694 ac
1618 2640 1663 2693 si
1711 2654 1774 2693 ea
1842 2653 1962 2706 quze
2008 2652 2140 2691 con-

564 2745 765 2790 structa
800 2733 1010 2788 fuerant
1033 2732 1205 2787 diruta
1232 2732 1372 2798 sint,
1403 2740 1459 2786 et.
1504 2730 1696 2785 frustra
1741 2730 1967 2784 cesserit
1992 2728 2147 2782 labor

556 2828 609 2882 in
638 2827 739 2880 illis
767 2824 1005 2895 agendis.
1036 2822 1258 2893 Oportet
1284 2831 1462 2876 autem
1493 2822 1595 2877 hoc
1638 2830 1819 2876 mente
1857 2828 2107 2892 reputare
2126 2862 2142 2887 ,

556 2925 613 2969 et
654 2915 791 2968 hanc
837 2913 1210 2983 cogitationem
1253 2912 1569 2982 depellere:
1615 2914 1866 2983 quoniam
1912 2912 1954 2967 si
2000 2922 2147 2967 recte

559 3004 815 3059 factorum
840 3018 1139 3058 mensuram
1164 3043 1181 3070 ,
1214 3003 1472 3072 atqualem
1515 3004 1745 3073 peccatis
1766 3045 1780 3069 ,
1811 3019 1930 3073 qua:
1961 3010 2143 3073 postea

559 3097 843 3152 commissa
864 3104 1012 3159 sunt,
1037 3109 1142 3148 non
1163 3094 1459 3163 depositam
1481 3093 1794 3160 habeamus,
1822 3095 1955 3148 nihil
1976 3092 2147 3163 probi-

558 3186 703 3241 bebit
743 3186 1027 3258 quominus
1065 3187 1278 3256 penitus
1305 3185 1690 3256 deprimamur.
1719 3186 1788 3241 At
1831 3196 1977 3243 recte
2002 3184 2145 3241 facta

559 3278 645 3332 illa
675 3288 804 3332 sunt
840 3276 1004 3331 veluti
1055 3276 1246 3331 thorax
1290 3275 1464 3340 fortis,
1495 3276 1584 3347 qui
1614 3285 1825 3331 acutum
1868 3276 2148 3331 acerbum-

561 3384 667 3439 que
697 3369 859 3423 telum
898 3368 1142 3437 reprimit
1168 3384 1235 3424 ne
1264 3384 1397 3438 opus
1423 3384 1577 3423 suum
1606 3368 1879 3439 perficiat,
1912 3368 2007 3423 sed
2035 3368 2149 3438 ipse

558 3460 820 3514 discissus
854 3460 1079 3513 multum
1128 3459 1347 3528 periculi
1393 3468 1634 3514 removet
1684 3474 1714 3514 a
1742 3474 1987 3528 corpore.
2013 3459 2147 3514 Nam

560 3553 649 3622 qni
680 3567 799 3606 cum
840 3551 1023 3606 multis
1060 3559 1170 3606 tum
1221 3550 1375 3606 bouis
1412 3561 1520 3605 tum
1559 3552 1715 3606 malis
1741 3552 1990 3622 operibus
2024 3552 2150 3606 illuc

561 3644 817 3709 abscedit,
850 3643 1070 3698 habebit
1113 3642 1311 3712 aliquid
1359 3642 1539 3697 solatii
1573 3643 1624 3696 in
1673 3641 1971 3711 supplicio,
2015 3651 2070 3696 ct.
2094 3643 2148 3697 in

564 3735 922 3801 cruciatibus;
967 3734 1055 3804 qui
1099 3743 1278 3787 autem
1334 3733 1597 3788 bonorum
1650 3747 1872 3801 operum
1917 3747 2146 3803 expers,

563 3825 696 3880 mala
727 3833 926 3878 tantum
972 3838 1154 3877 secum
1187 3822 1398 3887 defert,
1426 3821 1534 3876 dici
1569 3822 1750 3891 nequit
1782 3832 1975 3892 quanta
2024 3838 2148 3893 pas-

561 3931 719 3969 surus
742 3917 848 3982 sit,
877 3914 941 3969 ad
968 3923 1229 3969 a-ternum
1260 3914 1575 3984 supplicium
1607 3913 1899 3983 ablegatus.
1938 3914 2148 3969 Etenim

563 4011 670 4064 illic
698 4010 1065 4079 appendentur
1089 4025 1249 4079 opera
1302 4008 1441 4062 mala
1468 4050 1482 4075 ,
1513 4024 1634 4062 cum
1657 4008 1773 4063 aliis
1801 4024 1904 4062 non
1937 4010 2147 4076 talibus,

563 4110 618 4155 et
650 4102 693 4155 si
733 4104 846 4155 lucc
871 4113 1133 4171 postrema
1165 4102 1369 4155 lancem
1403 4100 1722 4169 deprimant,
1753 4116 1856 4154 non
1888 4098 2149 4155 modicam

563 4193 789 4248 salutem
813 4192 1036 4249 afferent
1066 4193 1271 4247 auctori
1306 4210 1319 4246 :
1362 4208 1533 4263 neque
1566 4199 1765 4246 tantum
1802 4193 1905 4246 vim
1941 4192 2154 4247 habebit

568 4282 824 4337 malorum
847 4299 1067 4354 operum
1097 4298 1254 4348 noxa,
1286 4293 1341 4337 ut
1360 4299 1481 4338 eum
1516 4283 1583 4337 de
1613 4284 1728 4337 loco
1750 4298 1847 4337 suo
1871 4281 2153 4337 deturbare

566 4374 764 4440 possit;
805 4373 848 4427 si
880 4382 1057 4428 autem
1090 4374 1228 4427 mala
1256 4389 1413 4443 opera
1440 4374 1778 4442 prmvaleant,
1812 4375 1865 4428 in
1898 4374 2153 4444 gehenna:

566 4461 742 4530 ignem
786 4462 1130 4531 deprimunt;
1164 4478 1229 4517 eo
1257 4464 1395 4533 quod
1424 4466 1680 4517 bonorum
1721 4480 1941 4534 operum
1969 4480 2155 4520 nume-

568 4565 658 4604 rus
679 4565 783 4605 non
811 4552 856 4605 is
880 4553 969 4617 sit,
1001 4553 1090 4622 qui
1125 4552 1292 4621 possit
1325 4553 1711 4607 vehementiori
1743 4555 1992 4625 impulsui
2022 4572 2154 4611 cou-

570 4642 736 4695 trario
758 4642 1025 4698 resistere.
1052 4642 1165 4697 lloc
1185 4658 1343 4713 porro
1373 4660 1478 4698 non
1505 4643 1841 4699 ratiocinium
1872 4645 2031 4701 modo
2050 4661 2154 4701 no-

568 4741 739 4785 strum
777 4733 1028 4802 suggerit,
1071 4733 1163 4788 sed
1185 4734 1347 4789 etiam
1378 4734 1552 4788 divina
1596 4735 1844 4802 oracula;
1878 4736 1990 4805 ipse
2012 4739 2154 4793 enim

570 4822 741 4892 inquit
755 4822 968 4876 °Ileddet
981 4823 1243 4891 unicuique
1256 4823 1530 4878 secundum
1547 4839 1699 4893 apem
1716 4825 1824 4896 ejus
1837 4824 2152 4899 (Rom.2.6).

570 4915 648 4968 Ac
673 4930 776 4967 non
810 4915 858 4967 iu
890 4914 1130 4983 geheuna
1160 4916 1353 4979 solum,
1385 4915 1479 4970 sed
1506 4916 1664 4969 etiam
1695 4916 1745 4969 in
1776 4932 1940 4986 regno
1968 4918 2158 4972 discri-

572 5006 715 5058 mina
744 5004 759 5035 ¹
791 5004 1015 5075 plurima
1058 5008 1296 5076 reperias
1336 5024 1350 5057 :
1404 5006 1715 5073 Mansiones,
1754 5007 1960 5077 inquit,
1989 5008 2159 5063 multa

640 5139 654 5168 ι
694 5143 808 5213 Ιιιεξξἶ
827 5137 1294 5213 u_nus,_discrigniqa.
1322 5137 1911 5213 Auriiqgtoqneflu‘istmn
1932 5138 2088 5213 ἐρρηθη
2109 5139 2160 5190 in

570 5201 830 5269 Evangelii:
839 5201 1121 5255 dicentemu
1142 5201 1159 5253 i
1167 5214 1197 5251 η
1216 5201 1359 5252 domo
1382 5201 1539 5253 Patris
1569 5201 1664 5253 inci
1701 5202 1863 5253 mlta:
1884 5201 1990 5251 suit!
2019 5215 2159 5251 man-

1256 336 1314 391 S.
1354 335 1630 392 JOANNIS
1668 336 2148 393 CIIRYSOSTOMI
2188 339 2505 396 ARClllEP.
2529 340 3063 402 CUNSTANTINOP.
3721 359 3816 417 308

2239 463 2356 506 sunt
2384 454 2523 522 apud
2547 453 2755 509 Patrem
2785 474 2947 511 nicum
2974 456 3148 529 (Joan.
3178 463 3263 516 14.
3298 463 3389 533 2);
3420 475 3497 531 et,
3523 466 3639 523 Αιω
3666 476 3820 543 glona

2237 543 2377 607 solis,
2401 543 2504 596 alia
2530 544 2666 599 hunc
2694 545 2769 614 (ι.
2790 544 2901 601 Cor.
2938 549 3022 604 15.
3044 550 3157 621 Μ).
3186 551 3256 606 Et
3278 555 3402 623 quid
3429 558 3627 613 mirum
3650 562 3695 616 si
3715 562 3823 619 lure

2239 641 2345 686 tam
2385 645 2630 689 accurate
2677 636 2997 704 distinxerit,
3044 641 3255 710 quando
3296 645 3507 701 stellam
3546 664 3756 721 quoque
3792 672 3820 708 a

2237 722 2391 777 Stella
2422 723 2490 776 ibi
2521 723 2733 781 differre
2760 727 2853 780 ait.
2906 728 3103 783 [lorum
3141 730 3316 802 itaque
3339 737 3510 804 gnari,
3541 754 3819 811 numquam

2236 813 2305 870 ab
2332 818 2584 871 exercitio
2621 819 2880 875 bonorum
2912 836 3134 893 Operum
3180 825 3523 893 absistamus,
3554 834 3820 901 neqnela-

2238 903 2353 960 bori
2376 907 2626 963 cedamus
2664 927 2677 963 :
2724 925 2828 965 neu
2866 913 2988 982 quia
3032 913 3097 969 ad
3128 915 3257 970 solis
3297 916 3546 989 lunmque
3587 922 3819 981 ordinem

2240 997 2531 1052 ascendere
2561 1014 2666 1053 non
2695 1015 3001 1071 possumus,
3035 1003 3307 1062 stellarum
3337 1017 3533 1065 statum
3563 1010 3820 1083 despicia-

2240 1101 2378 1140 mus.
2408 1085 2541 1142 Nam
2572 1089 2615 1143 si
2646 1089 2804 1145 talem
2836 1091 3024 1147 saltem
3051 1093 3299 1150 virtutem
3325 1097 3745 1170 exhibuerimus,
3776 1106 3820 1159 in

2241 1178 2375 1233 cado
2397 1195 2517 1235 esse
2537 1183 2848 1250 poterimus.
2883 1184 2947 1237 Et
2971 1184 3015 1239 si
3039 1200 3144 1239 non
3170 1202 3381 1254 aurum,
3410 1204 3514 1244 non
3541 1191 3678 1261 lapis
3707 1209 3821 1263 prc-

2242 1269 2412 1324 tiosus
2454 1270 2730 1336 fuerimus,
2763 1275 2965 1343 argenti
2997 1276 3181 1331 saltem
3221 1277 3440 1348 gradum
3474 1280 3734 1338 habentes
3774 1285 3821 1340 in

2242 1359 2587 1416 fundamento
2618 1362 2966 1417 manebimus.
3023 1364 3078 1419 ld
3122 1381 3283 1420 unum
3312 1382 3628 1437 caveamus,
3660 1387 3730 1427 ne
3762 1374 3824 1428 ad

2243 1451 2384 1505 illam
2417 1462 2752 1507 revertamur
2781 1455 3081 1523 materiam,
3109 1472 3265 1526 quam
3297 1458 3451 1514 facile
3478 1459 3616 1531 ignis
3645 1462 3833 1517 incen-

2242 1539 2340 1608 dit,
2369 1558 2501 1597 neve
2523 1558 2643 1597 cum
2676 1544 2884 1614 egregia
2922 1543 3152 1600 facinora
3181 1547 3342 1604 edere
3372 1566 3478 1603 non
3501 1551 3761 1617 valemus,
3796 1568 3837 1610 ει

2242 1633 2479 1689 minimis
2506 1636 2666 1689 etiam
2689 1635 3004 1691 absistamus
3036 1655 3049 1692 :
3088 1637 3140 1692 id
3165 1638 3305 1693 enim
3330 1649 3587 1696 extrema:
3609 1642 3823 1697 demen-

2246 1724 2334 1779 tize
2360 1734 2441 1779 est
2466 1742 2478 1778 :
2514 1725 2653 1794 quod
2683 1725 2820 1780 absit
2841 1741 2870 1779 a
2897 1726 3069 1782 nobis.
3100 1727 3555 1794 Quemadmodum
3585 1733 3725 1787 enim
3750 1733 3832 1788 di-

2245 1816 2385 1871 vitite
2413 1832 2685 1887 corporea:
2712 1828 2971 1889 augentur
2990 1835 3109 1874 cum
3137 1838 3319 1876 carum
3344 1833 3617 1880 amatores
3638 1841 3704 1881 ne
3722 1828 3831 1881 mi-

2245 1908 2387 1963 nima
2412 1909 2628 1980 quidem
2653 1909 2797 1964 lucra
2828 1912 3119 1983 negligunt,
3149 1914 3227 1970 sic
3266 1923 3322 1971 et
3362 1913 3668 1986 spirituales
3693 1918 3836 1974 divi-

2248 2000 2352 2053 ti:e.
2382 1999 2654 2070 Siquidem
2673 2000 2959 2057 absurdum
2985 2012 3087 2071 est,
3116 2004 3203 2060 ubi
3224 2004 3392 2061 Judex
3420 2023 3487 2062 ne
3505 2007 3695 2079 frigido
3714 2010 3848 2080 qui-

2246 2088 2366 2144 dem
2400 2091 2593 2159 poculo
2626 2091 2927 2146 mercedem
2965 2103 3141 2164 negat,
3174 2110 3271 2150 nos
3308 2096 3409 2151 nisi
3449 2099 3644 2152 eximia
3674 2114 3848 2169 opera.

2246 2180 2485 2247 edamus,
2527 2182 2734 2237 minora
2778 2199 2883 2240 non
2924 2200 3132 2241 curare.
3167 2186 3263 2255 Qui
3306 2190 3447 2243 enim
3480 2190 3688 2246 minora
3730 2208 3833 2247 non

2251 2274 2477 2341 Spernit,
2505 2288 2632 2343 erga
2658 2274 2885 2329 maxima
2912 2291 3156 2343 magnam
3186 2279 3510 2348 diligentiam
3535 2282 3831 2349 exhibebit;

2247 2363 2335 2432 qui
2364 2379 2489 2417 vero
2534 2363 2650 2418 haec
2690 2365 2947 2435 despicit,
2981 2367 3139 2422 etiam
3170 2369 3236 2423 ab
3275 2370 3377 2424 illis
3400 2370 3615 2425 demum
3656 2371 3834 2428 absce-

2249 2454 2340 2509 det
2369 2471 2383 2507 :
2415 2455 2556 2524 quod
2585 2471 2652 2509 ne
2674 2455 2825 2510 fieret
2844 2456 3002 2511 etiam
3032 2458 3114 2513 his
3136 2459 3433 2515 mercedem
3456 2462 3833 2531 amplissimam

2248 2545 2538 2614 assignavit
2587 2543 2850 2601 Christus.
2897 2547 3033 2615 Quid
3088 2547 3228 2603 enim
3290 2548 3496 2606 facilius
3541 2562 3647 2618 est,
3681 2568 3832 2622 quam

2249 2636 2436 2690 morbo
2468 2636 2770 2692 laborantes
2809 2638 3060 2694 visitare?
3083 2640 3205 2694 huic
3235 2649 3407 2696 tamen
3442 2643 3519 2696 rei
3552 2645 3834 2714 magnum'

2251 2725 2435 2780 tribuit
2463 2728 2759 2797 prmmium.
2795 2727 2967 2783 Vitam
3009 2731 3186 2800 itaque
3224 2732 3606 2801 sempiternam
3647 2750 3833 2805 appre-

2253 2814 2449 2879 hende,
2480 2816 2748 2873 delectare
2784 2817 2837 2872 in
2866 2818 3109 2885 Domino,
3147 2829 3203 2875 ct
3236 2821 3471 2891 supplica
3510 2823 3586 2877 illi
3618 2842 3631 2877 :
3658 2824 3836 2895 iugum

2252 2903 2379 2960 illud
2411 2921 2576 2962 suave
2615 2907 2805 2963 iterum
2850 2910 3080 2980 suscipe,
3122 2911 3239 2966 subi
3283 2914 3397 2968 leve
3438 2928 3597 2982 onus,
3627 2914 3835 2984 dignum

2255 2997 2517 3066 principio
2562 2998 2720 3053 finem
2764 3000 3058 3069 superadde
3096 3019 3109 3055 :
3156 3018 3224 3057 ne
3277 3003 3487 3058 divitias
3528 3013 3708 3060 tantas
3744 3007 3839 3061 dif-

2253 3090 2417 3148 fluere
2446 3094 2685 3165 patiaris.
2716 3094 2848 3149 Nam
2890 3096 2936 3151 si
2980 3097 3142 3151 Deum
3174 3112 3460 3166 provocare
3499 3115 3716 3170 pergas,
3752 3116 3839 3155 eas

2253 3198 2440 3239 omnes
2465 3199 2559 3254 per
2588 3196 2731 3255 gesta
2761 3196 2846 3240 tua
2875 3186 3105 3257 perdes;
3128 3198 3310 3242 contra
3337 3203 3462 3242 vero
3483 3189 3527 3243 si
3553 3199 3834 3260 antequam

2253 3275 2480 3331 multum
2501 3276 2932 3346 damniaccedat,
2965 3288 3017 3334 et
3044 3289 3250 3350 segetes
3280 3279 3627 3347 inuudcntur,
3662 3283 3839 3350 nequi-

2255 3368 2343 3422 tia:
2367 3368 2584 3423 canales
2613 3368 2961 3435 obstruxeris,
2988 3386 3108 3440 qua:
3132 3370 3336 3442 perdita
3374 3381 3498 3425 sunt
3523 3386 3839 3442 recuperare

2253 3459 2475 3528 poteris,
2504 3459 2671 3529 iisque
2693 3476 2795 3513 non
2826 3460 3088 3515 modicam
3112 3461 3471 3515 accessionem
3497 3462 3699 3517 facere.
3720 3463 3838 3529 Qua:

2254 3550 2431 3604 omnia
2478 3560 2651 3603 tecum
2697 3558 2950 3620 reputans
2990 3560 3179 3606 excute
3227 3552 3540 3620 pulverem,
3587 3553 3661 3607 de
3705 3562 3836 3608 terra

2254 3654 2433 3709 surge,
2466 3650 2520 3694 et
2547 3641 2655 3696 eris
2684 3641 2990 3696 adversario
3009 3640 3357 3698 formidabilis
3385 3661 3397 3696 :
3430 3642 3546 3713 ipse
3573 3646 3769 3715 quippe
3792 3654 3840 3698 to

2254 3731 2562 3799 prostravit,
2611 3732 2760 3801 quasi
2815 3747 2918 3786 non
2952 3741 3312 3787 surrecturum
3352 3748 3609 3803 umquam
3642 3750 3656 3787 :
3690 3735 3731 3789 si
3756 3751 3839 3788 au-

2256 3826 2363 3891 tem
2393 3828 2442 3873 te
2464 3836 2677 3875 rursum
2715 3821 2905 3875 viderit
2930 3824 3122 3876 erectis
3161 3831 3345 3877 contra
3387 3823 3671 3890 manibus,
3703 3824 3842 3878 inex-

2256 3917 2493 3979 spectata
2519 3925 2578 3964 re
2607 3912 2883 3981 perculsus
2906 3952 2921 3978 ,
2948 3913 3160 3983 segnior
3191 3913 3295 3967 erit
3328 3911 3394 3966 ad
3430 3920 3482 3970 te
3506 3912 3691 3968 denuo
3720 3931 3843 3984 sup-

2259 4000 2640 4069 plantandum;
2688 4009 2742 4055 tu
2790 4017 2917 4057 vero
2970 4003 3169 4057 firmior
3195 4002 3412 4069 evades,
3444 4011 3502 4057 ut
3535 4020 3606 4059 ne
3642 4006 3844 4076 plagam

2260 4088 2562 4159 hujusmodi
2589 4091 2766 4146 denuo
2795 4093 3044 4162 accipias.
3079 4094 3285 4148 Etenim
3310 4095 3351 4149 si
3373 4095 3598 4148 aliorum
3632 4097 3845 4150 calami.

2260 4189 2393 4235 tates
2415 4195 2511 4235 nos
2535 4181 2748 4236 erudire
2765 4193 3006 4252 possunt,
3032 4186 3197 4239 multo
3231 4186 3399 4255 magis
3418 4185 3543 4250 illm,
3565 4202 3705 4255 quas
3730 4203 3843 4240 sus-

2259 4271 2534 4339 tinuimus,
2564 4287 2662 4326 nos
2688 4274 2951 4327 crudient.
2982 4274 3132 4342 Quod
3164 4276 3215 4329 in
3247 4276 3361 4345 ipso
3405 4276 3580 4344 capite
3611 4286 3703 4330 tuo
3729 4294 3846 4346 pro-

2259 4361 2469 4431 pediem
2501 4377 2586 4416 me
2611 4361 2844 4417 visurum
2874 4374 3145 4432 exspecto,
3169 4374 3221 4419 et
3252 4377 3301 4420 te
3331 4366 3419 4420 Dei
3447 4378 3574 4421 nutu
3617 4366 3849 4436 splendi-

2259 4452 2462 4508 diorem
2502 4452 2757 4517 futurum,
2790 4463 2843 4508 et
2875 4463 3073 4510 tantam
3103 4456 3347 4510 virtutem
3369 4456 3766 4521 exhibiturum,
3800 4467 3850 4511 ut

2260 4544 2422 4599 etiam
2451 4545 2569 4600 aliis
2599 4545 2705 4599 illic
2730 4546 3052 4615 patrocinari
3077 4547 3273 4602 valeas.
3304 4548 3528 4602 Tantum
3558 4564 3629 4602 ne
3654 4548 3849 4618 despe-

2260 4649 2369 4701 res,
2400 4650 2572 4706 neque
2600 4636 2851 4690 concidas
2883 4636 3019 4692 :hoc
3042 4639 3183 4691 enim
3217 4638 3308 4693 tibi
3326 4638 3378 4692 in
3408 4637 3553 4691 omni
3584 4640 3849 4693 senuenis

2261 4738 2571 4795 congressu,
2597 4726 2915 4796 ubicumque
2942 4737 2993 4781 te
3016 4726 3217 4795 videro,
3244 4736 3297 4782 et
3318 4727 3543 4781 aliorum
3569 4727 3739 4780 etiam
3769 4741 3852 4782 ore

2263 4824 2508 4885 repetere
2567 4831 2672 4870 non
2716 4817 2978 4871 cessabo:
3028 4816 3170 4887 quod
3206 4818 3251 4872 si
3292 4818 3553 4882 audieris,
3585 4817 3715 4871 aliis
3743 4833 3845 4871 am-

2266 4908 2402 4978 plius
2422 4907 2670 4962 remediis
2700 4923 2804 4962 non
2823 4909 3020 4979 egebis.

2262 5016 2692 5083 sionesajdipsmn
2732 5017 2877 5083 etiam
2910 5017 3215 5083 emAApostolo
3234 5018 3301 5072 ad
3329 5016 3598 5070 Corinthio:
3618 5017 3852 5070 scribam

2266 5079 2564 5149 audiendum
2579 5087 2674 5149 est.
2698 5079 2841 5134 «Alia
2859 5079 3160 5149 gloria....i_
3218 5141 3230 5149 _
3332 5148 3339 5149 ί
3575 5139 3584 5149 ,

2329 5144 2517 5211 fauce,
2554 5142 2695 5211 savii.
2738 5150 2792 5211 et
2833 5141 2939 5191 u'es
2977 5150 3102 5203 νει,
3141 5141 3286 5205 hides
3321 5148 3479 5194 Lm
3512 5141 3584 5193 rei
3623 5150 3845 5205 mag-um

2265 5202 2398 5252 nobis
2419 5201 2582 5252 tribuit
2604 5201 2873 5266 przemimu.

2025 5459 2439 5554 -εειθίεεα-

2402 5676 2455 5718 γ*
