3954 6406
462 356 564 415 5H

468 485 589 525 cum
634 458 1381 525 accurrit,“ct‘nrcdicamina
1420 452 1704 525 apposuit,
1747 449 2007 520 jejunium
2034 489 2052 515 ,

471 568 762 634 latrymas,
793 558 948 610 licius
967 595 982 622 ,
1015 546 1652 618 orationcs'frcquentcs,
1683 543 1879 613 smpius
1898 539 2056 595 adhi-

471 632 634 708 bi:am
666 648 868 720 peccati
897 644 1323 707 confessionem;
1357 641 1527 709 iisque
1554 636 1728 691 modis
1757 635 1922 689 Deum
1949 632 2060 701 pla-

474 745 634 807 cavit,
668 743 738 796 ita
765 749 821 795 ut
849 737 916 793 ad
945 738 1220 806 pristinam
1248 732 1561 801 dignitatem
1586 725 1814 791 rediret,
1843 722 1978 778 adeo
2003 729 2061 775 nt

473 838 631 892 ctiam
660 842 785 905 post
808 831 1123 886 adulterium
1148 824 1422 882 ctczcdem
1443 865 1457 888 ,
1495 820 1659 893 patris
1674 808 1937 875 memoria
1967 815 2063 871 lilii

472 921 825 981 idololatriam
845 930 1022 993 posset
1032 915 1479 988 obtegere.Filius
1498 912 1694 984 quippe
1711 909 1827 981 ejus
1848 907 2063 963 nomine

470 1020 721 1076 Salomon
752 1015 939 1072 eodem
960 1055 976 1082 ,
998 1028 1104 1083 quo
1131 1020 1312 1081 pater,
1343 1009 1533 1079 laqueo
1565 1014 1754 1075 captus
1776 1010 1893 1069 est,
1920 1011 1975 1056 et
2005 1001 2060 1054 in

474 1110 759 1167 mulierum
813 1107 1039 1178 gratiam
1090 1120 1120 1159 a
1167 1111 1389 1172 paterno
1438 1101 1548 1156 Deo
1603 1095 1847 1153 recessit.
1903 1092 2064 1148 Vides

474 1211 733 1273 quantum
761 1199 957 1253 malum
981 1197 1053 1252 sit
1080 1196 1406 1265 voluptatem
1438 1207 1543 1247 non
1568 1188 1822 1246 cohibere
1841 1228 1857 1254 ,
1889 1196 1943 1241 et
1970 1199 2065 1239 na-

475 1306 609 1352 turae
635 1292 990 1365 principatum
1018 1297 1347 1361 pervertere,
1372 1288 1442 1342 ita
1468 1299 1526 1342 ut
1549 1282 1631 1341 vir
1648 1282 1719 1339 sit
1740 1282 1758 1314 ⁸
1781 1278 2066 1337 mulierum

472 1405 684 1446 servus.
716 1390 866 1445 llunc
897 1388 1075 1458 itaque
1101 1384 1444 1440 Salomonem
1467 1421 1482 1445 ,
1511 1379 1601 1450 qui
1637 1376 1788 1450 prius
1811 1374 1986 1444 justus
2012 1378 2068 1426 et

472 1482 686 1551 sapiens
711 1480 920 1545 fuerat;
942 1493 1063 1534 cum
1087 1473 1381 1546 periculum
1403 1479 1566 1537 esset,
1591 1484 1658 1524 ne
1684 1464 1887 1538 peccati
1907 1475 2067 1519 causa

475 1585 698 1642 regnum
721 1567 1220 1629 totum‘amitteret,
1240 1564 1310 1619 ob
1338 1571 1617 1632 paternum
1646 1557 1896 1612 meritum
1924 1553 2068 1608 Deus

474 1672 678 1717 sextam
711 1660 863 1729 segni
890 1658 1189 1729 portionem
1213 1653 1412 1708 habere
1433 1649 1698 1721 permisit.
1728 1645 1787 1703 Si
1808 1644 1904 1700 tibi
1923 1656 2068 1700 cura:

472 1751 664 1807 fuisset
690 1761 911 1807 externa
953 1749 1040 1804 illa
1083 1744 1418 1819 eloquentia,
1449 1756 1676 1812 eamque
1736 1746 1922 1811 postea
1967 1735 2067 1791 ad-

476 1843 696 1898 modum
727 1842 1062 1914 negligeres,
1092 1854 1192 1911 ego
1218 1851 1349 1893 sane
1384 1843 1634 1893 revocata
1663 1832 1759 1889 tibi
1797 1830 1899 1888 fori
1918 1871 1934 1898 ,
1969 1829 2068 1885 tri-

478 1936 708 1999 bunalis,
734 1947 1057 1989 coronarum
1087 1930 1210 1986 inde
1236 1926 1703 1997 consequentium,
1733 1938 1799 1978 ac
1828 1921 2069 1993 pristinas

479 2027 533 2081 in
562 2024 827 2097 loquendo
885 2022 1093 2080 ﬁducia:
1146 2019 1405 2076 memoria
1425 2058 1441 2085 ,
1487 2024 1676 2072 auctor
1709 2029 1884 2072 essent
1914 2020 1975 2070 ut
2000 2010 2071 2069 ad

481 2119 783 2189 praeteritos
809 2117 1022 2171 labores
1041 2112 1279 2170 redires:
1310 2107 1743 2182 quandoquidem
1772 2114 1953 2162 autem
1973 2119 2073 2176 pro

480 2210 781 2266 caelestibus
806 2207 1115 2274 currimus,
1163 2214 1606 2269 terrenorumque
1648 2212 1829 2255 rerum
1870 2197 2072 2253 nullam

483 2302 746 2358 rationem
778 2298 1036 2352 habemus
1056 2335 1071 2361 ,
1096 2295 1320 2349 alterius
1358 2291 1452 2347 tibi
1472 2289 1690 2362 judicii,
1715 2286 2074 2358 [terrendique

483 2390 761 2447 tribunalis
787 2387 1112 2443 mentionem
1140 2382 1280 2441 facio
1309 2401 1321 2436 :
1356 2381 1467 2437 Nos
1491 2381 1678 2451 quippe
1713 2393 1886 2433 omnes
1905 2394 2073 2448 appa-

479 2501 589 2540 rere
639 2491 830 2555 oportet
879 2489 997 2536 ante
1033 2477 1255 2534 tribunal
1285 2475 1473 2532 Christi
1509 2475 1529 2507 ⁸
1563 2473 1582 2547 (
1612 2473 1667 2529 3.
1697 2472 1815 2527 Cor.
1844 2471 1878 2527 5
1930 2468 1999 2526 ιθ
2032 2471 2072 2539 ).

484 2576 576 2631 111ε
600 2589 724 2630 vero
751 2582 874 2628 tunc
897 2571 1062 2642 judex
1087 2568 1314 2635 sedebit,
1343 2566 1432 2638 qui
1460 2579 1603 2621 nunc
1626 2578 1657 2618 a
1681 2571 1734 2619 te
1754 2561 2072 2633 despicitur.

482 2666 617 2736 Quid
646 2680 775 2736 ergo
804 2674 930 2719 tunc
957 2663 1196 2717 dicemus
1216 2701 1232 2726 ,
1259 2658 1347 2714 die
1373 2657 1502 2712 mihi
1524 2696 1539 2722 ,
1562 2669 1724 2727 quam
1764 2650 2075 2709 excusatio-

482 2773 601 2813 nem
633 2756 916 2811 all'eremus
937 2795 953 2820 ,
982 2754 1026 2807 si
1056 2753 1108 2806 in
1151 2750 1239 2805 tali
1264 2746 1708 2822 prtevaricationc
1754 2757 2071 2816 persevere-

485 2850 642 2907 mus?
670 2848 816 2919 quid,
849 2860 1053 2917 quaeso,
1076 2842 1353 2901 dicemus?
1384 2840 1792 2912 negotiornmne
1817 2835 2079 2893 sollicitu-

483 2943 664 2997 dinem
691 2938 1119 3010 lirartcndcmits?
1148 2934 1258 2992 Sed
1280 2949 1379 2990 nos
1406 2935 1521 3006 ipse
1548 2929 1820 3002 prmvertit
1847 2929 2033 2986 dicens
2057 2944 2073 2986 :

486 3034 624 3102 Quid
662 3032 885 3103 proderit
923 3029 1114 3085 homini
1136 3028 1180 3085 si
1210 3026 1456 3082 mundum
1492 3024 1781 3081 universum
1818 3020 2071 3087 lucretur,

486 3128 671 3183 anima
697 3140 812 3179 vero
832 3138 938 3179 sua
966 3122 1318 3176 detrimentum
1342 3118 1568 3191 patiatur
1594 3113 1811 3188 (Matth.
1834 3112 1923 3169 16.
1945 3110 2076 3185 26)?

482 3222 566 3275 λιι
599 3218 840 3273 dicemus
880 3229 979 3271 nos
1006 3214 1074 3270 ab
1115 3213 1236 3268 aliis
1275 3210 1526 3267 seductos
1580 3207 1782 3263 fuisse?
1830 3206 1899 3262 At
1940 3202 2076 3259 nihil

482 3306 690 3369 Adamn
720 3310 774 3364 in
812 3305 1186 3364 defensionem
1211 3302 1446 3376 profuit,
1487 3298 1633 3373 quod
1661 3313 1883 3356 uxorem
1922 3296 2078 3352 incu—

460 3411 629 3458 τετυ-ει
652 3401 840 3457 dicens
864 3417 879 3454 ε
909 3396 1136 3464 Mulier,
1166 3410 1322 3467 quam
1357 3393 1544 3449 dedisti
1587 3407 1783 3447 mecum
1806 3430 1823 3457 ,
1852 3391 1969 3461 ipsa
1997 3405 2079 3443 me

482 3496 680 3564 decepit
709 3489 863 3564 (Gen.
886 3490 946 3544 3.
977 3487 1048 3543 12
1076 3487 1097 3559 )
1122 3502 1138 3540 :
1171 3486 1311 3541 sicut
1330 3498 1430 3541 nec
1456 3481 1667 3539 mulieri
1685 3481 1829 3553 quod
1849 3495 2075 3550 serpen-

432 3627 437 3631 .
467 3597 594 3640 ztem
624 3592 898 3639 auctorem
926 3579 1150 3635 diceret.
1177 3575 1516 3633 Horrendum
1540 3587 1672 3628 sane
1695 3580 1799 3640 est,
1827 3588 1860 3626 ο
1880 3571 2078 3628 dilecte

485 3676 806 3739 Q‘heodore,
849 3671 1082 3729 tribunal
1127 3668 1291 3733 illud,
1334 3666 1477 3739 quod
1522 3680 1623 3722 nec
1675 3664 2078 3720 accusatoribus

478 3780 664 3841 egeat,
694 3783 793 3824 nec
815 3774 981 3822 testes
999 3768 1274 3834 exspectet
1299 3777 1314 3816 :
1341 3757 1604 3829 judicauti
1624 3757 1766 3814 enim
1795 3756 1870 3812 illi
1897 3755 2076 3811 omnia

490 3863 629 3918 nuda
659 3871 710 3916 et
738 3868 923 3930 aperta
951 3866 1094 3923 sunt,
1122 3870 1223 3911 nec
1247 3855 1507 3909 factorum
1532 3860 1760 3916 tantum,
1785 3848 1884 3906 sed
1909 3850 2074 3905 etiam

491 3956 870 4027 cogitationum
903 3962 1089 4021 pinnas
1108 3948 1391 4007 dabimus:
1421 3960 1543 4003 nam
1564 3944 1726 4014 judex
1758 3943 1846 3999 ille
1868 3950 2078 3998 scruta-

490 4062 574 4104 lor
616 4046 999 4120 cogitationum
1034 4052 1090 4099 ct
1134 4040 1486 4098 consiliomm
1523 4037 1702 4095 cordis
1735 4046 1839 4093 εει.
1870 4040 1939 4092 At
1968 4034 2080 4090 for-

493 4155 634 4200 tasse
663 4151 866 4197 natura:
896 4138 1262 4195 infirmitatem
1293 4133 1554 4190 obtendes
1575 4174 1590 4200 ,
1621 4132 1876 4202 dicesque
1914 4140 1966 4186 te
1989 4129 2079 4201 ju-

489 4250 613 4305 gum
681 4232 843 4289 ferrc'
883 4246 989 4286 non
1035 4243 1214 4299 posse.
1258 4224 1364 4283 Sed
1425 4238 1673 4296 quamam
1723 4223 1841 4278 hzcc
1886 4221 2080 4278 defen-

490 4329 570 4381 sio
595 4367 609 4390 ,
658 4339 821 4380 suave
861 4322 989 4379 illud
1039 4321 1223 4391 jugum
1275 4316 1400 4373 ferri
1442 4332 1549 4371 non
1593 4329 1772 4386 posse,
1803 4328 1905 4370 nec
1941 4327 2084 4370 onus

491 4417 609 4470 leve
677 4413 919 4485 portari?
971 4428 1039 4466 an
1118 4409 1294 4480 gravis
1349 4422 1683 4476 onerosaque
1736 4420 1823 4462 res
1862 4413 1947 4461 est
1993 4420 2079 4461 rev

491 4509 690 4564 creatio
719 4523 748 4561 a
787 4502 1089 4561 laboribus?
1111 4502 1191 4557 Ad
1237 4503 1353 4556 haec
1383 4499 1580 4570 quippe
1600 4513 1697 4553 nos
1716 4508 1871 4554 vocat
1893 4497 2079 4555 Chris-

494 4610 579 4654 tus
606 4599 827 4653 dEccns:
868 4595 1044 4649 Venite
1060 4592 1130 4646 ad
1148 4608 1226 4646 me
1248 4607 1420 4647 omnes
1443 4591 1527 4670 qui
1548 4590 1790 4644 laboratis
1815 4600 1860 4643 et
1884 4590 2082 4644 onerati

496 4694 635 4757 estis,
661 4700 707 4744 et
749 4706 838 4760 ego
887 4688 1112 4753 reﬁciam
1156 4701 1243 4739 vos
1272 4683 1471 4737 :tollite
1496 4684 1684 4753 jngum
1728 4698 1895 4736 meum
1933 4698 2083 4751 super

491 4803 601 4851 vos,
632 4793 675 4838 et
701 4783 877 4836 discite
904 4797 934 4833 a
966 4795 1041 4833 me
1064 4779 1183 4851 quia
1208 4777 1344 4829 mitis
1370 4791 1479 4829 sum
1500 4784 1546 4827 et
1569 4773 1773 4828 humilis
1790 4773 1943 4827 corde
1964 4775 2080 4842 :ju—

494 4895 611 4949 gum
645 4875 775 4928 enim
800 4887 966 4926 ntcttnt
992 4886 1143 4924 suave
1171 4876 1265 4931 est,
1293 4876 1338 4921 et
1368 4882 1495 4920 onus
1524 4882 1688 4919 meum
1715 4865 1819 4920 leve
1847 4862 1867 4937 (
1890 4862 2079 4920 Matth.

496 4973 585 5026 il.
614 4968 688 5023 ‘28
727 4965 769 5035 ).
801 4963 936 5030 Quid
965 4963 1107 5017 cnim
1140 4961 1311 5015 levius
1334 5000 1346 5019 ,
1377 4958 1465 5013 dic
1496 4957 1623 5013 mihi
1646 4999 1659 5023 ,
1703 4972 1863 5027 quam
1898 4956 2043 5012 curis
2063 4997 2079 5021 ,

494 5060 721 5129 negotiis
741 5102 757 5127 ,
789 5055 1071 5112 timoribus
1109 5059 1270 5124 atque
1314 5051 1584 5106 laboribus
1611 5051 1793 5113 eximi,
1823 5050 1891 5104 ab
1922 5048 2081 5117 hujus

492 5128 620 5209 vitae
637 5151 888 5207 fluctibus
906 5146 1198 5218 segregari,
1214 5154 1268 5199 et
1289 5146 1340 5197 in
1362 5142 1648 5213 tranquillo
1671 5153 1828 5212 portu
1846 5140 2079 5210 degere?

561 5249 616 5303 5.
650 5244 853 5311 Quidin
878 5241 972 5293 hac
990 5241 1090 5293 vita
1111 5237 1172 5290 sit
1198 5233 1650 5304 optabile.—-Quid
1675 5234 1727 5288 in
1754 5234 1855 5289 hoc
1879 5231 2079 5288 mundo

492 5340 697 5393 telicins
728 5336 821 5391 tibi
858 5332 1068 5388 videtur
1095 5338 1152 5384 et
1185 5324 1510 5397 optabilius?
1540 5324 1904 5394 Principatum
1934 5323 2076 5378 haud

499 5429 658 5486 dubie
684 5429 834 5483 dices
872 5431 928 5481 ct
952 5421 1184 5478 divitias
1216 5420 1515 5488 bonamque
1543 5415 1682 5486 apud
1716 5417 1959 5473 homines
1997 5414 2081 5469 fa-

559 5628 578 5699 ξ
609 5625 801 5699 piabant
827 5624 926 5699 duo
953 5626 1161 5691 3185..."!
1182 5614 1258 5670 vir
1293 5614 1500 5683 sapia»,
1521 5624 1617 5665 etc.
1638 5615 1766 5667 infra
1787 5629 1966 5671 omnes
1980 5618 2081 5682 alii,

497 5689 574 5753 qui
588 5686 1213 5756 J'usﬂwom.W-.
1450 5737 1463 5747 .

497 5800 522 5810 Δ
555 5751 583 5793 β
613 5747 777 5809 Pergit
797 5757 849 5794 in
869 5755 1092 5806 margme
1110 5740 1278 5810 savii,
1304 5746 1357 5809 nt
1381 5751 1580 5810 quisque
1603 5737 1772 5810 επεν-αι
1790 5752 1905 5810 qua?
1926 5779 1939 5800 .
1966 5742 2081 5793 dum

490 5800 545 5862 ﬁt
569 5800 768 5871 corpo're
788 5810 934 5867 esset,
950 5800 1173 5871 operatus
1186 5808 1258 5855 est
1274 5800 1371 5855 sive
1389 5800 1579 5865 bonum,
1595 5800 1689 5853 sire
1702 5802 1907 5852 malum.

1175 344 1230 401 S.
1272 341 1552 401 IOANNIS
1590 333 2059 395 CIIRYSOSTOMI
2098 332 2415 392 ARCHIBP.
2456 334 2995 393 CONSTANTINOP.

3655 338 3761 391 3!?

2164 463 2326 503 mam.
2340 447 2444 505 Sed
2460 450 2582 521 quid
2600 451 2682 505 bis
2698 450 3052 509 miserabilius
3064 457 3168 516 est,
3178 448 3222 503 si
3238 448 3665 508 Cliristiatmrum
3696 458 3757 509 li-

2164 537 2352 594 bertati
2374 543 2788 611 comparentur?
2812 543 2942 599 Nam
2972 545 3220 618 princeps
3248 549 3414 606 furori
3437 553 3759 624 populorum

2166 630 2407 701 subjacct
2452 633 2715 705 brutoque
2763 635 3117 694 multitudinis
3161 639 3379 711 impetui
3418 685 3434 708 ,
3494 646 3758 716 majo'znm

2169 721 2466 811 principum
2496 724 2695 792 timori,
2723 726 3071 784 sollicitudini
3102 744 3228 801 erga
3266 733 3510 792 subditos
3535 755 3551 792 :
3581 754 3648 797 ac
3674 745 3760 811 qtti

2168 810 2281 867 beri
2300 813 2548 884 princeps
2563 825 2673 871 erat
2684 858 2699 884 ,
2718 815 2877 874 hodie
2895 821 3131 890 privatus
3146 822 3375 881 efﬁcitur
3392 846 3406 883 :
3431 829 3548 885 hate
3565 810 3765 902 quippe

2167 904 2273 959 vita
2300 904 2431 960 nihil
2460 920 2491 961 a
2522 921 2680 963 scena
2713 909 2909 967 diﬂ'ert.
2932 910 3067 967 Nam
3091 924 3147 968 ut
3177 915 3249 970 ibi
3278 916 3365 972 hic
3392 919 3761 990 imperatoris,

2170 996 2262 1052 ille
2289 996 2460 1063 ducis,
2479 999 2614 1056 alter
2642 1001 2829 1058 militis
2857 1004 3043 1075 implet
3061 1005 3297 1063 officium
3317 1029 3328 1063 :
3349 1014 3559 1083 vesperi
3586 1026 3762 1071 autem

2171 1104 2272 1146 nec
2297 1092 2610 1162 imperator,
2643 1097 2733 1165 qui
2760 1097 3051 1167 imperator
3077 1111 3216 1162 erat.
3248 1119 3346 1159 nec
3368 1104 3479 1160 dux
3506 1108 3600 1177 qui
3628 1108 3757 1174 dux,

2170 1198 2270 1240 nec
2300 1186 2454 1243 miles
2482 1188 2570 1259 qui
2601 1190 2756 1246 miles
2779 1201 2897 1248 erat
2917 1234 2932 1259 ,
2964 1204 3245 1252 remanet:
3272 1197 3349 1253 sic
3375 1207 3430 1255 et
3458 1199 3512 1254 in
3535 1200 3629 1258 die
3653 1201 3760 1267 illa,

2171 1291 2278 1333 non
2308 1293 2338 1332 a
2361 1294 2610 1350 persona,
2640 1282 2738 1339 sed
2768 1283 2836 1338 ab
2864 1286 3119 1356 operibus
3134 1287 3347 1360 dignam
3362 1292 3596 1362 quisque
3621 1309 3760 1351 uter-

2170 1370 2357 1427 cedem
2387 1374 2630 1444 accipiet.
2663 1376 2732 1431 At
2754 1376 2923 1447 gloria
2945 1378 3193 1437 fortassis
3213 1382 3266 1436 in
3291 1385 3466 1453 pretio
3491 1386 3760 1451 habenda,

2171 1477 2291 1533 qua:
2316 1464 2455 1520 cadit
2486 1476 2755 1537 tamquam
2804 1467 2906 1525 ﬂos
2956 1468 3108 1526 feni?
3149 1474 3219 1528 At
3243 1472 3445 1530 divitiae
3469 1516 3486 1540 ,
3512 1490 3649 1546 quas
3674 1480 3762 1546 qui

2173 1556 2449 1625 possident
2494 1559 2680 1615 miseri
2709 1559 3108 1630 praedicantur?
3136 1563 3245 1632 νω,
3282 1565 3474 1637 inquit,
3504 1568 3765 1636 divitibus;

2171 1656 2227 1704 et
2252 1649 2462 1716 iterum,
2502 1650 2590 1707 Va:
2607 1653 2695 1724 qui
2727 1654 2990 1724 conﬁdunt
3021 1657 3076 1711 in
3101 1658 3283 1714 virtute
3299 1677 3413 1725 sua,
3443 1670 3493 1716 et
3517 1663 3575 1717 in
3594 1666 3763 1719 inulti-

2171 1741 2348 1796 tudine
2365 1742 2640 1799 divitiarum
2658 1760 2868 1800 suarum
2888 1746 3175 1818 gloriantur
3193 1747 3340 1823 (Luc.
3358 1751 3761 1811 6.24.Ρωι.48.

2172 1837 2207 1890 6
2228 1835 2269 1907 ).
2323 1836 2658 1894 Christianus
2701 1855 2989 1910 numquam
3015 1857 3082 1898 ex
3125 1842 3365 1915 principe
3389 1844 3628 1916 privatus
3650 1847 3764 1903 clli-

2171 1929 2331 1993 citur,
2359 1944 2459 1985 nec
2484 1945 2686 2001 panper
2704 1946 2771 1988 ex
2793 1930 2981 1998 divite,
3003 1947 3105 1990 nec
3132 1950 3198 1991 ex
3225 1935 3462 2007 glorioso
3478 1939 3761 2010 inglorius;

2173 2019 2269 2075 sed
2315 2020 2368 2075 in
2397 2021 2599 2080 divitiis
2640 2033 2822 2081 manet
2846 2024 3007 2081 etiam
3037 2041 3162 2083 cum
3200 2030 3489 2099 mendicat,
3519 2041 3576 2088 et
3603 2035 3766 2105 erigi-

2175 2121 2265 2168 tur
2281 2128 2403 2169 cum
2432 2130 2556 2172 sese
2578 2116 2886 2188 deprimere
2911 2121 3126 2191 satagit,
3155 2130 3210 2177 et
3239 2138 3395 2189 eum,
3432 2141 3594 2195 quem
3624 2128 3762 2183 obti-

2175 2207 2679 2279 uet,principatum,
2700 2225 2807 2267 non
2834 2212 3134 2282 hominum,
3163 2216 3257 2273 sed
3309 2221 3611 2290 principum
3632 2264 3648 2287 ,
3675 2224 3763 2294 qui

2175 2309 2303 2354 sunt
2340 2302 2440 2356 sub
2466 2310 2730 2371 potestate
2773 2307 3001 2362 rectoris
3040 2310 3381 2366 tenebrarum
3403 2355 3417 2378 ,
3441 2314 3624 2370 nullus
3664 2318 3759 2384 ipsi

2177 2401 2352 2462 potest
2376 2392 2608 2450 auferre.
2655 2395 2914 2468 Legitima
2961 2414 3048 2457 res
3085 2410 3170 2457 est
3213 2403 3516 2475 conjugium
3541 2448 3558 2474 ,
3591 2407 3643 2463 id
3668 2424 3765 2478 ego

2176 2486 2472 2553 confiteor;
2506 2487 2821 2545 Honorabile
2836 2491 2981 2546 enim
3002 2502 3076 2547 est
3094 2495 3420 2565 connnbium,
3437 2508 3489 2552 et
3511 2507 3653 2554 torus
3667 2501 3762 2553 im-

2177 2579 2462 2633 maculata:
2489 2594 2511 2635 :
2536 2580 2868 2650 fornicatores
2910 2595 3080 2641 autem
3119 2596 3166 2641 et
3211 2588 3473 2645 adulteros
3513 2591 3767 2663 iudicabit

2180 2670 2320 2726 Deus
2365 2674 2386 2742 (
2417 2672 2546 2728 Heli.
2571 2674 2657 2730 13.
2687 2674 2765 2746 4).
2821 2676 2928 2733 Sed
2958 2677 3052 2734 tibi
3091 2678 3201 2749 jam
3243 2696 3349 2736 non
3380 2689 3463 2738 est
3505 2683 3763 2756 integrum

2174 2763 2295 2832 jura
2335 2765 2588 2822 connubii
2628 2783 2864 2825 scrvare.
2921 2771 3054 2827 Eum
3109 2773 3281 2839 enim,
3315 2775 3406 2846 qni
3447 2778 3617 2834 semel
3660 2794 3765 2835 crc-

2181 2855 2302 2912 lesti
2356 2870 2558 2928 sponso
2602 2859 2821 2930 junctus
2867 2871 2951 2918 est
2980 2906 2995 2929 ,
3046 2865 3092 2919 si
3145 2864 3213 2920 ab
3260 2880 3327 2922 eo
3383 2866 3670 2926 divellatur
3715 2883 3765 2927 et

2180 2965 2402 3007 uxorem
2452 2952 2647 3020 ducat,
2696 2955 3018 3013 adulterium
3082 2960 3331 3017 amittere
3385 2970 3594 3019 certum
3646 2973 3763 3031 est,

2179 3043 2424 3115 quamvis
2472 3045 2666 3102 millies
2708 3046 2811 3104 hoc
2877 3048 3049 3120 ipsum
3103 3052 3314 3122 nuptias
3371 3068 3590 3121 voces;
3663 3056 3766 3109 into

2180 3134 2234 3191 id
2289 3139 2689 3209 tantogravius
2731 3140 2998 3198 adulterio
3044 3152 3147 3211 est,
3185 3153 3387 3215 quanto
3430 3148 3768 3216 prrestantior

2182 3226 2326 3283 Deus
2364 3228 2603 3286 homine.
2633 3229 2713 3287 Ne
2741 3232 2862 3301 quis
2893 3242 2944 3288 te
2964 3233 3197 3306 decipiat
3225 3234 3412 3293 dicens
3443 3251 3458 3292 :
3491 3253 3715 3295 uxorem
3748 3240 3765 3272 ‘

2178 3318 2379 3376 ducere
2420 3334 2528 3377 non
2575 3326 2724 3377 vetat
2770 3324 2928 3380 Deus.
2972 3325 3028 3380 Id
3073 3341 3173 3397 ego
3216 3342 3429 3399 quoque
3472 3331 3630 3397 novi;
3676 3330 3767 3386 sed

2179 3411 2498 3469 adulterium
2539 3415 2833 3485 prohibuit,
2883 3417 3024 3490 quod
3072 3429 3125 3474 tu
3172 3419 3457 3477 admittere
3502 3422 3768 3479 volebas:

2177 3509 2321 3581 quod
2351 3510 2511 3579 absit,
2540 3521 2599 3568 ut
2637 3513 2889 3569 nimirum
2912 3515 3186 3570 connubio
3224 3515 3468 3588 jungaris
3492 3530 3767 3590 umquam.

2182 3601 2385 3672 Ecquid
2422 3602 2639 3660 miraris
2663 3605 2707 3660 si
2734 3606 2938 3677 nuptiae
2986 3622 3081 3676 pro
3107 3607 3371 3664 adulterio
3417 3618 3769 3680 repntantur,

2180 3696 2395 3767 quando
2435 3698 2797 3754 contemnitur
2838 3699 3018 3756 Deus?
3042 3699 3231 3756 Ca:ch
3275 3700 3342 3757 ad
3377 3701 3640 3772 justitiam
3685 3718 3770 3757 rc-

2181 3796 2361 3857 putata
2383 3797 2485 3856 est,
2517 3795 2570 3843 ct
2591 3788 2894 3844 humanitas
2921 3790 3037 3860 plus
3063 3805 3219 3859 quam
3241 3790 3591 3848 homicidium
3620 3793 3769 3850 dant-

2182 3887 2304 3934 nata
2346 3878 2470 3946 fuit;
2500 3880 2753 3951 quoniam
2799 3881 2889 3936 illa
2920 3896 2987 3937 ex
3032 3882 3295 3938 sententia
3344 3883 3460 3950 Dei,
3501 3882 3621 3940 hac
3647 3902 3772 3942 vero

2183 3974 2277 4029 illo
2322 3974 2637 4044 prohibente
2672 3974 2909 4031 exhibita
2940 3984 3041 4031 est.
3072 3975 3142 4030 Et
3185 3975 3404 4032 Phineas
3430 3977 3651 4048 quidem
3688 3995 3774 4035 rc-

2183 4075 2424 4138 putatum
2450 4075 2533 4124 est
2558 4067 2623 4123 ad
2643 4067 2924 4139 justitiam,
2950 4068 3091 4140 quod
3119 4068 3465 4126 fornicantem
3492 4072 3769 4128 mulierem

2184 4175 2304 4216 cum
2351 4169 2649 4217 scortatore
2700 4161 3059 4228 confodisset;
3108 4161 3323 4218 Saulem
3378 4178 3510 4220 vero
3556 4175 3772 4220 sanctus

2186 4253 2282 4310 Dei
2308 4252 2546 4319 Samuel,
2577 4253 2630 4309 in
2671 4253 2820 4317 ﬂetu,
2864 4254 3008 4309 luctu
3034 4263 3091 4311 et
3118 4254 3365 4324 precibus
3395 4269 3539 4326 stupe
3583 4272 3772 4326 perno-

2185 4354 2361 4412 ctans,
2391 4360 2497 4400 non
2527 4345 2699 4416 potuit
2719 4359 2750 4399 a
2776 4344 3139 4409 damnatione,
3158 4359 3318 4416 quam
3345 4345 3488 4403 Deus
3515 4347 3771 4405 adversus

2187 4439 2360 4509 ipsum
2393 4437 2858 4508 pronuntiaverat,
2887 4439 3126 4508 eripere;
3155 4437 3277 4508 quia
3304 4454 3487 4510 regem
3513 4440 3771 4512 alienige-

2186 4544 2397 4594 narum,
2429 4545 2587 4601 quem
2629 4529 2865 4584 occisum
2896 4537 3244 4599 oportuerat,
3286 4540 3481 4600 praeter
3523 4530 3620 4588 Dei
3648 4548 3770 4587 sen—

2187 4620 2408 4679 tentiam
2441 4620 2612 4675 salute
2650 4619 2889 4676 donavit.
2919 4618 2974 4674 Si
3006 4634 3137 4690 ergo
3174 4620 3476 4676 humanitas
3514 4621 3769 4692 majorem

2187 4729 2345 4783 quam
2375 4711 2550 4768 caedes
2591 4712 2992 4767 damnationem
3022 4710 3177 4767 infert
3197 4754 3212 4779 ,
3244 4713 3365 4782 quia
3395 4714 3503 4767 Deo
3536 4729 3644 4769 non
3673 4715 3768 4766 ob-

2189 4813 2515 4872 temperatur
2546 4822 2559 4858 :
2591 4804 2718 4874 quid
2751 4805 2945 4859 mirum
2978 4803 3249 4885 sinuptire
3290 4804 3589 4876 graviorem
3617 4820 3772 4872 quam

2186 4897 2506 4952 adulterium
2532 4897 2931 4952 damnationem
2963 4898 3213 4964 inferant,
3247 4898 3459 4968 quando
3482 4898 3779 4967 deSpicitnr

2187 4988 2466 5043 Christus?
2496 4987 2645 5054 Nam,
2681 4996 2737 5046 ut
2762 4989 2914 5043 initio
2938 4988 3181 5043 dicebam
3214 5008 3227 5043 :
3260 4990 3303 5045 si
3338 4990 3573 5060 privatus
3596 5007 3775 5057 esses,

2190 5097 2346 5137 nemo
2373 5093 2425 5136 te
2462 5082 2694 5137 deserta:
2734 5081 2941 5137 militiae
2970 5090 3282 5149 accusaret;
3311 5098 3451 5137 nunc
3479 5093 3662 5139 autem
3706 5085 3776 5139 tui

2185 5178 2321 5247 juris
2357 5192 2460 5230 non
2491 5191 2549 5231 es
2593 5176 2856 5243 amplius,
2884 5176 2973 5247 qui
3003 5184 3151 5231 tanto
3193 5176 3502 5246 imperatori
3549 5178 3780 5233 militare

2188 5273 2420 5340 rmpisti.
2445 5270 2655 5326 Etenim
2682 5270 2727 5326 si
2755 5269 2948 5325 mulier
2966 5270 3046 5323 sui
3067 5270 3308 5338 corporis
3331 5278 3652 5340 potestatem
3677 5284 3778 5324 non

2187 5365 2382 5428 habet,
2413 5363 2506 5419 sed
2533 5367 2631 5428 vir,
2662 5363 2828 5419 multo
2855 5362 3025 5435 magis
3049 5363 3139 5434 qui
3171 5363 3350 5418 vivunt
3377 5361 3430 5418 in
3457 5361 3680 5419 Christo
3702 5364 3779 5419 sui

2186 5456 2428 5523 corporis
2466 5463 2785 5524 potestatem
2829 5470 2936 5510 non
2966 5454 3192 5509 habeant
3223 5454 3299 5525 (l.
3340 5452 3459 5510 Cor.
3490 5454 3542 5507 7.
3572 5455 3654 5525 4).
3681 5456 3780 5521 Qui

2190 5560 2334 5600 nunc
2363 5545 2744 5608 contemnitur,
2776 5546 2888 5616 ipse
2928 5556 3007 5599 est
3034 5546 3120 5615 qui
3155 5553 3280 5599 tunc
3301 5543 3559 5612 judicabit
3591 5562 3607 5600 :
3640 5546 3780 5599 hunc

2185 5649 2406 5707 scmper
2457 5647 2629 5706 cogita
2659 5676 2674 5700 ,
2737 5648 2947 5691 necnon
3009 5635 3227 5690 ﬂuvium
3305 5637 3454 5690 illum
3523 5636 3777 5707 igneum;

2255 5812 2272 5833 ·
2306 5800 2449 5851 savii.
2479 5797 2528 5846 in
2550 5796 2792 5860 margine,
2816 5806 3018 5845 uxorem
3034 5789 3313 5858 legitimam.
