3954 6448
330 407 439 461 313

330 521 583 585 Flavius,
627 519 832 590 inquit,
876 518 1053 589 igneus
1100 515 1326 572 trahebat
1377 516 1431 569 in
1485 523 1752 582 conspectu
1803 514 1912 583 ejus

329 614 494 683 (Dan.
530 613 583 667 7.
619 610 710 683 10)
744 629 757 666 :
788 612 876 684 qui
919 612 1060 667 enim
1087 610 1252 667 semel
1301 610 1406 681 igni
1453 609 1675 673 traditus
1711 607 1779 663 ab
1822 607 1916 662 illo

330 706 512 771 fuerit,
543 705 746 759 nullum
777 711 953 772 potest
978 701 1223 773 supplicii
1252 716 1468 771 sperare
1499 700 1677 754 ﬁnem.
1707 697 1777 753 Et
1813 696 1914 752 ab-

329 798 513 870 surda:
530 795 743 867 quidem
763 795 1197 864 vitavoluptatcs
1224 793 1351 848 nihil
1379 793 1445 848 ab
1465 791 1670 847 umbris
1694 798 1749 846 et
1768 805 1915 845 som-

330 890 435 944 niis
484 887 778 944 differunt:
825 886 1134 956 priusquam
1184 884 1325 939 enim
1374 892 1590 953 peccata
1639 880 1704 935 ad
1754 880 1914 934 ﬁnem

330 979 687 1043 deducantur,
707 976 990 1049 delectatip
1004 975 1289 1045 voluptatis
1308 972 1661 1043 exstinguitur
1680 987 1694 1036 ;
1712 969 1923 1039 suppli-.

331 1075 413 1128 cia
433 1088 561 1127 vero
579 1070 644 1125 iis
661 1070 920 1125 destinata
952 1068 1155 1123 nullum
1176 1067 1373 1122 habent
1400 1066 1705 1123 terminum.
1724 1062 1916 1119 Suavi-

333 1176 418 1220 tas
436 1162 525 1217 illa
553 1162 866 1218 brevissima
895 1170 996 1226 est,
1023 1159 1288 1215 cruciatus
1307 1166 1557 1213 aeternus.

404 1255 561 1314 Nihil
583 1256 635 1308 in
661 1254 849 1308 mundo
888 1252 1085 1307 stabile.
1107 1282 1178 1292 —
1212 1250 1308 1305 Dic
1356 1250 1522 1315 mihi,
1566 1246 1692 1319 quid
1735 1248 1786 1302 in
1818 1247 1919 1303 hoc

332 1347 536 1404 mundo
574 1346 767 1403 stabile
811 1345 933 1401 est?
974 1345 1054 1399 An
1101 1342 1329 1410 divitiae,
1378 1357 1498 1412 quae
1552 1356 1696 1412 sarpe
1746 1356 1811 1397 ne
1852 1326 1918 1395 ad

334 1455 616 1512 vesperam
659 1437 884 1509 quidem.
916 1452 1085 1508 usque
1125 1435 1383 1491 manent?
1407 1433 1545 1489 Num
1589 1432 1794 1503 gloria?
1824 1431 1927 1512 sed-

334 1510 456 1587 andi
480 1531 683 1601 justum
709 1527 994 1600 quemdam
1022 1527 1195 1582 virum
1223 1526 1523 1581 dicentem:
1564 1522 1681 1579 Vita
1705 1540 1816 1579 mea
1839 1510 1920 1577 vei-

334 1625 493 1679 locior
515 1631 589 1676 est
626 1638 828 1677 cursore
860 1618 978 1691 (Job
1017 1619 1072 1676 9.
1109 1618 1225 1689 25).
1273 1617 1420 1673 Sicut
1458 1617 1599 1672 enim
1653 1614 1728 1669 illi
1769 1614 1922 1684 priut‘

334 1729 493 1783 quam
520 1713 768 1768 steterint
796 1711 1067 1789 exsiliunt,
1100 1709 1170 1764 ita
1197 1716 1251 1765 et
1277 1707 1395 1763 hzec
1424 1707 1600 1762 evolat
1636 1714 1917 1775 antequam

334 1804 533 1858 veniat.
557 1802 695 1857 Nihil
720 1802 895 1856 anima
922 1800 1209 1872 pretiosius
1231 1806 1314 1855 est
1342 1816 1355 1852 :
1386 1797 1526 1868 quod
1554 1813 1621 1853 ne
1643 1797 1676 1852 ii
1705 1796 1917 1868 quidem

333 1898 608 1970 ignorant,
634 1897 725 1966 qui
754 1895 820 1951 ad
865 1903 1165 1952 extremum
1209 1893 1528 1964 insipientia:
1565 1891 1915 1946 devenerunt.

279 1980 282 1982 ⁷
334 1992 531 2046 Anima
549 1990 676 2045 nihil
696 1989 1001 2059 aquantium
1020 2030 1035 2052 ,
1061 1988 1135 2042 ait
1162 1985 1373 2057 quidam
1401 1993 1713 2042 exterorum
1740 1990 1916 2052 poeta.

332 2081 464 2137 Novi
494 2091 547 2137 te
573 2081 731 2153 longe
773 2079 1123 2137 inﬁrmiorem
1154 2078 1222 2135 ad
1250 2087 1521 2133 certamen
1548 2084 1735 2131 contra
1763 2073 1918 2128 mali-

332 2189 499 2244 gnum
517 2173 752 2229 evasisse
785 2190 798 2226 :
826 2171 948 2227 novi
976 2178 1030 2227 te
1056 2170 1108 2225 in
1134 2168 1308 2225 media
1333 2168 1665 2237 voluptatum
1705 2164 1919 2221 flamma

332 2268 554 2324 versari.
582 2266 687 2324 Sed
715 2267 759 2320 si
788 2266 1000 2323 inimico
1023 2263 1257 2320 dixeris:
1285 2260 1656 2333 Voluptatibus
1683 2257 1786 2315 tuis
1811 2273 1917 2313 non

332 2358 627 2420 servimus,
665 2356 902 2412 omnium
946 2355 1208 2410 malorum
1247 2361 1458 2408 tuorum
1520 2349 1754 2406 radicem
1812 2364 1918 2403 non

334 2447 653 2513 adoramus;
706 2450 751 2503 si
799 2461 1012 2501 sursum
1066 2443 1253 2500 oculos
1306 2440 1596 2506 extuleris,
1647 2437 1916 2494 flammam

336 2557 477 2597 nunc
503 2540 747 2597 Salvator
774 2539 1017 2597 excutiet
1053 2551 1251 2606 eosque.
1280 2536 1369 2607 qui
1410 2544 1463 2590 te
1487 2534 1540 2589 in
1572 2532 1748 2604 ignem
1784 2546 1916 2585 con-

332 2635 576 2703 iecerunt
619 2632 931 2695 comburet;
975 2629 1072 2684 tibi
1118 2635 1293 2683 autem
1334 2626 1387 2681 in
1433 2622 1610 2680 medio
1649 2621 1913 2687 fornacis,

334 2726 552 2791 nubem,
581 2739 756 2780 rorem
783 2730 837 2780 et
861 2721 1164 2777 sibilantem
1193 2732 1378 2773 auram
1405 2717 1608 2780 mittet;
1638 2714 1707 2769 ita
1737 2721 1797 2768 ut
1820 2714 1919 2767 nec

334 2819 680 2890 cogitationes
724 2831 823 2873 nec
866 2813 1248 2872 conscientiam
1295 2819 1438 2866 tuam
1479 2809 1617 2880 ignis
1655 2804 1917 2876 attingat:

336 2920 539 2966 tantum
569 2925 639 2965 ne
669 2909 894 2977 teipsum
926 2905 1199 2962 incendas.
1233 2901 1443 2958 Atenim
1473 2898 1636 2955 urbes
1661 2895 1915 2961 munitas,

336 3018 467 3073 quas
491 3016 590 3056 nee
630 3000 733 3057 tela
774 3013 874 3054 nec
905 2995 1166 3053 machina:
1214 2990 1573 3049 obsidentium
1613 3001 1918 3058 expugnare

337 3102 655 3164 potuerant,
683 3104 826 3160 smpe
852 3089 1009 3145 unius
1038 3088 1336 3143 duorumve
1372 3083 1566 3139 civium
1594 3082 1737 3136 intus
1766 3076 1919 3133 habi-

336 3183 558 3251 tantium
588 3181 886 3252 proditione
927 3180 1074 3235 nullo
1117 3176 1330 3249 negotio
1370 3176 1423 3230 in
1463 3188 1652 3230 manus
1684 3170 1917 3225 hostium

336 3276 685 3348 devenerunt.
715 3274 784 3329 Et
812 3287 952 3329 nunc
972 3271 1017 3326 si
1044 3270 1185 3327 nulla
1214 3278 1267 3327 te
1304 3268 1448 3325 intus
1475 3266 1643 3336 posita
1669 3262 1919 3333 cogitatio

337 3367 546 3437 prodat,
587 3367 799 3423 etiamsi
827 3375 1109 3422 sexcentas
1156 3363 1288 3419 foris
1334 3361 1609 3418 machinas
1654 3357 1919 3428 malignus

337 3460 427 3516 ille
445 3459 760 3524 admoverit,
788 3458 838 3512 id
866 3457 1062 3513 frustra
1096 3454 1337 3512 tentabit.

407 3554 458 3607 4.
492 3549 645 3605 Multi
666 3548 922 3605 Theodori
950 3550 1105 3604 vicem
1125 3546 1377 3602 dolebant.
1394 3577 1464 3586 —
1482 3544 1678 3600 Multos
1706 3558 1800 3612 per
1822 3541 1919 3596 Dei

336 3645 558 3715 gratiam
591 3657 919 3713 magnosque
946 3642 1091 3695 viros
1113 3639 1299 3704 habes,
1333 3639 1422 3708 qui
1450 3638 1620 3692 vicem
1654 3644 1796 3690 tuam
1827 3632 1911 3687 do-

337 3739 466 3801 lent,
493 3738 581 3807 qui
605 3746 657 3792 te
677 3735 1047 3796 cohortantur,
1077 3741 1132 3788 et
1155 3746 1251 3799 pro
1279 3730 1454 3785 anima
1482 3737 1569 3783 tua
1598 3725 1916 3789 formidant;

337 3838 578 3885 sanctum
627 3842 821 3895 nempe
867 3827 958 3881 Dei
1006 3824 1360 3888 Valerium‘,
1411 3820 1578 3892 ipsius
1615 3814 1921 3872 omnimode

337 3921 556 3976 fratrem
601 3918 951 3984 Florentium,
1000 3916 1326 3986 sapientem,
1375 3921 1429 3968 et
1465 3911 1680 3981 quidem
1721 3908 1921 3964 Christi

336 4011 619 4084 sapientia,
648 4009 1027 4081 Porphyrium,
1059 4008 1361 4076 multosque
1388 4005 1542 4059 alios.
1574 4002 1639 4057 Hi
1682 3999 1922 4072 quotidie

337 4106 602 4175 lugentes,
633 4103 839 4158 nullum
882 4100 1134 4172 precandi
1183 4098 1343 4153 ﬁnem
1383 4096 1601 4161 faciunt,
1640 4103 1695 4150 et
1718 4092 1923 4163 jamdiu

337 4206 516 4268 optata
542 4194 856 4266 consequuti
880 4200 1082 4258 essent,
1128 4190 1173 4245 si
1211 4190 1295 4245 vel
1322 4187 1592 4258 paululum
1643 4194 1695 4241 te
1722 4183 1923 4240 inimici

340 4289 585 4345 manibus
625 4285 941 4343 subtrahere
968 4283 1254 4339 voluisses.
1285 4277 1565 4347 Quomodo
1613 4278 1774 4347 igitur
1814 4290 1923 4331 non
1962 4336 1967 4339 _

340 4380 629 4437 absurdum
667 4378 846 4438 fuerit.
877 4377 1002 4432 dum
1030 4374 1118 4430 alii
1165 4372 1234 4428 de
1275 4371 1447 4427 salute
1476 4380 1561 4425 tua
1598 4383 1702 4423 non
1730 4367 1922 4435 deSpe-

339 4484 480 4539 rant,
513 4481 567 4529 et
595 4481 654 4527 ut
697 4470 994 4527 membrum
1041 4466 1301 4537 recipiant
1343 4479 1496 4519 suum
1542 4460 1755 4516 assidue
1800 4474 1924 4529 pre-

340 4575 552 4629 cantur,
582 4574 634 4619 te
662 4562 827 4618 semel
860 4563 1067 4631 lapsum
1090 4559 1234 4614 nolle
1262 4570 1542 4625 resurgere
1562 4595 1576 4619 ,
1609 4552 1703 4608 sed
1720 4552 1923 4622 jacere,

339 4672 406 4711 ac
433 4653 816 4726 propemodum
861 4653 1073 4708 hostem
1109 4649 1193 4704 his
1222 4648 1442 4703 vocibus
1480 4643 1751 4701 cohortari
1780 4661 1794 4699 :
1826 4640 1928 4697 Oc-

340 4749 482 4812 cide,
516 4756 755 4817 percute,
790 4762 856 4801 ne
882 4745 1109 4814 parcas?
1143 4742 1403 4812 Numquid
1429 4740 1515 4811 qui
1541 4738 1698 4800 cadit,
1727 4754 1827 4791 non
1850 4753 1930 4790 re-

342 4850 514 4910 surget
542 4839 674 4912 (Jer.
700 4839 752 4893 8.
783 4837 880 4907 4)?
910 4836 1080 4906 inquit
1102 4835 1340 4889 divinum
1371 4832 1664 4888 oraculum.
1695 4829 1772 4884 Tu
1802 4844 1929 4884 vero

345 4932 470 4986 huic
498 4944 763 5000 repugnas
788 4937 843 4984 et
865 4925 1188 4983 contradicis
1221 4942 1234 4978 :
1260 4938 1382 4978 nam
1409 4924 1614 4993 lapsum
1643 4920 1931 4991 desperare

345 5025 478 5079 nihil
503 5022 644 5078 aliud
669 5030 753 5077 est
795 5035 951 5092 quam
985 5018 1185 5082 dicere,
1213 5015 1314 5084 Qui
1345 5014 1488 5069 cadit
1515 5030 1620 5068 non
1666 5020 1927 5082 resurget.

346 5115 446 5181 Nc,
473 5129 677 5184 qua-so,
710 5127 777 5168 ne
802 5126 971 5181 usque
996 5109 1132 5164 adeo
1160 5108 1387 5176 teipsum
1417 5104 1601 5171 laedas,
1632 5119 1701 5159 ne
1727 5112 1929 5157 tantum

349 5207 503 5262 nobis
523 5205 762 5260 dolorem
802 5200 1071 5257 infundas.
1100 5197 1218 5254 Non
1247 5197 1369 5252 dico
1407 5210 1568 5258 nunc,
1597 5193 1811 5264 quando
1834 5207 1930 5245 an-

349 5314 476 5353 num
499 5296 810 5352 vicesimum
856 5292 1083 5349 necdum
1113 5290 1267 5361 agis:
1310 5287 1406 5344 sed
1446 5288 1606 5342 etiam
1647 5286 1691 5340 si
1736 5285 1934 5339 multos

349 5404 522 5443 annos
542 5401 791 5441 emensus
818 5399 969 5440 esses
992 5425 1005 5448 ,
1039 5391 1095 5439 et
1116 5389 1239 5454 post
1266 5388 1503 5436 exactam
1533 5378 1583 5431 in
1613 5375 1825 5441 Christo
1854 5385 1932 5429 to-

354 5490 458 5533 tam
487 5477 682 5542 vitam,
715 5476 768 5530 in
808 5484 1045 5531 extrema
1076 5480 1349 5528 senectute
1387 5469 1524 5523 hanc
1560 5482 1749 5537 passus
1788 5480 1934 5521 esses

354 5569 734 5633 calamitatem,
769 5581 835 5622 ne
866 5574 989 5620 tunc
1020 5563 1232 5635 quidem
1260 5560 1680 5629 desperandum,
1713 5558 1806 5612 scd
1841 5572 1934 5612 eo-

354 5658 626 5731 gitandum
655 5672 775 5712 esse
823 5656 891 5711 de
931 5656 1165 5718 latrone,
1194 5652 1289 5723 qui
1336 5653 1393 5705 in
1436 5666 1591 5704 cruce
1617 5647 1935 5717 justiﬁcatus

422 5863 436 5893 '
474 5855 640 5921 Sum,
669 5851 975 5906 rhallct'fttm.
1016 5860 1112 5903 Due
1132 5859 1260 5912 3155.,
1291 5845 1581 5899 I‘halcrium.

1491 396 1582 452 AD
1622 392 2044 452 TIIEODORUM
2085 394 2374 452 LAPSUM.
2415 396 2476 456 ll.

3501 405 3602 460 3N

2021 521 2139 576 est,
2185 511 2358 584 deque
2401 515 2499 581 iis,
2549 517 2636 586 qui
2692 519 2970 576 undecima
3019 521 3148 578 hora
3200 528 3432 595 aggressi
3481 537 3602 583 sunt

2023 616 2157 672 Opus
2187 613 2238 659 et
2270 606 2434 659 totius
2455 606 2559 662 diei
2605 609 2904 666 mercedem
2933 625 3275 683 acceperunt.
3306 613 3377 671 Ut
3419 625 3597 672 autem

2022 694 2220 751 bonum
2275 711 2381 751 non
2429 707 2515 753 est
2558 714 2692 766 eos,
2745 701 2834 771 qui
2892 702 2945 757 in
2995 714 3236 760 extremo
3298 707 3422 763 vita:
3466 709 3599 781 lapsi

2023 800 2183 856 sunt,
2233 791 2520 861 desperare
2553 836 2569 861 ,
2631 795 2674 850 si
2741 803 2917 852 tamen
2985 799 3341 870 resipiscant:
3380 802 3450 857 ita
3496 818 3600 858 non

2023 890 2194 937 tutum
2239 893 2321 939 est
2371 883 2470 940 hac
2493 901 2590 955 spe
2634 889 2801 943 teneri
2847 903 2911 944 ac
2954 890 3133 948 dicere
3185 911 3199 948 :
3243 893 3339 950 ilic
3386 896 3600 965 quidem

2024 971 2228 1028 interea
2286 975 2408 1029 vita:
2458 977 2818 1046 voluptatibus
2875 978 3048 1047 fruar,
3100 992 3372 1052 postremo
3419 993 3596 1043 autem

2024 1066 2171 1123 brevi
2223 1067 2405 1125 labore
2457 1070 2619 1127 totius
2661 1072 2917 1143 temporis
2964 1075 3593 1149 mercedemaccipiam.

2022 1158 2240 1215 Memini
2279 1175 2509 1232 namque
2555 1171 2606 1217 te
2630 1177 2772 1234 saepe
2817 1163 3036 1233 dixisse,
3063 1181 3183 1222 cum
3214 1168 3365 1224 multi
3392 1178 3444 1226 te
3472 1170 3602 1225 hor-

2025 1258 2262 1306 tarentur
2287 1261 2344 1307 ut
2372 1268 2552 1310 musca
2596 1254 2960 1325 frequentares
2990 1274 3002 1311 :
3046 1257 3360 1327 Quid-vero,
3382 1262 3427 1316 si
3456 1262 3601 1317 brevi

2025 1351 2263 1414 tempore
2306 1344 2446 1400 male
2487 1345 2648 1400 vitam
2690 1346 2923 1402 obeam?
2949 1348 3405 1418 quomodoadibo
3453 1351 3600 1406 illum

2022 1432 2112 1505 qui
2138 1434 2270 1489 dixit
2301 1452 2313 1488 :
2345 1434 2430 1489 Ne
2453 1437 2860 1492 tardes-converti
2881 1438 2951 1493 ad
3000 1438 3290 1509 Dominum,
3319 1458 3478 1513 neque
3497 1443 3605 1514 dif-

2022 1526 2157 1595 feras
2186 1526 2249 1581 de
2275 1527 2356 1581 die
2380 1528 2431 1583 in
2479 1528 2610 1582 diem
2641 1528 2661 1601 (
2683 1528 2846 1585 Eccli.
2876 1532 2929 1587 5.
2955 1531 3035 1603 8’)
3065 1532 3091 1586 ?
3143 1532 3290 1589 Hanc
3329 1534 3605 1604 cogitatio-

2024 1631 2144 1672 nem
2171 1626 2374 1688 repete,
2398 1629 2451 1674 ct
2473 1618 2641 1675 furem
2668 1621 2834 1688 time;
2865 1622 2937 1676 ita
2968 1625 3109 1678 enim
3131 1623 3375 1682 Christus
3399 1626 3600 1682 exitum

2022 1724 2087 1765 ex
2119 1709 2217 1764 hac
2237 1710 2342 1765 vita
2367 1719 2610 1767 nostrum
2622 1723 2795 1779 vocat,
2814 1728 2880 1769 eo
2903 1714 3044 1786 quod
3060 1717 3437 1787 ignorantibus
3458 1722 3601 1774 acci-

2022 1804 2133 1859 dat.
2177 1804 2376 1861 Tecum
2425 1814 2608 1878 reputa
2660 1806 2816 1880 hujus
2858 1809 2981 1864 vita:
3033 1809 3439 1874 sollicitudines,
3489 1819 3602 1866 tum

2022 1896 2240 1968 singulis
2257 1897 2520 1968 proprias,
2546 1908 2657 1955 tum
2686 1896 2924 1969 pluribus
2948 1914 3278 1968 communes,
3306 1901 3602 1974 principum

2023 1998 2244 2055 metum,
2268 1989 2462 2045 civium
2486 1989 2844 2057 invidiam,de
2884 2008 3091 2048 summa
3136 2008 3315 2049 rerum
3355 1993 3604 2066 frequens

2022 2080 2340 2150 periculum,
2372 2082 2635 2147 miserias,
2691 2082 3023 2140 adulationes
3067 2086 3309 2153 serviles,
3339 2087 3447 2141 imo
3477 2088 3606 2157 ipsis

2023 2172 2211 2240 servis,
2242 2173 2285 2230 si
2315 2173 2463 2244 probi
2481 2174 2692 2246 quidem
2714 2176 2838 2241 sint,
2871 2176 3134 2248 indignas,
3164 2178 3337 2249 cogita
3364 2178 3603 2234 laborum

2023 2266 2250 2324 fructum
2280 2268 2367 2325 hic
2401 2268 2639 2336 interire,
2696 2284 2821 2339 quos
2841 2268 2968 2339 quid
3014 2270 3369 2328 miserabilius
3406 2271 3606 2328 fuerit?

2020 2360 2166 2417 Multi
2205 2361 2364 2416 etiam
2403 2360 2643 2417 laborum
2687 2361 2915 2417 fructum
2948 2362 3223 2434 percipere
3274 2377 3380 2419 non
3418 2371 3605 2434 potue-

2020 2463 2181 2510 runt:
2212 2456 2306 2510 sed
2366 2464 2644 2525 postquam
2694 2459 2918 2526 primam
2970 2466 3182 2514 aetatem
3221 2458 3505 2514 sudoribus
3553 2470 3625 2513 ct-

2020 2545 2270 2616 periculis
2290 2546 2699 2616 insumpserunt,
2725 2560 2845 2601 cum
2872 2561 2930 2602 se
2958 2546 3257 2604 mercedem
3296 2558 3623 2618 accepturos.

2021 2644 2320 2705 sperarent,
2347 2635 2720 2692 abscesserunt
2756 2636 2887 2701 nihil
2917 2651 3099 2692 secum
3126 2637 3436 2694 referentes.
3473 2639 3604 2695 Nam

2021 2726 2065 2783 si
2093 2735 2362 2783 terrenum
2390 2728 2784 2797 imperatorem,
2824 2712 2984 2785 etiam
3009 2737 3130 2799 post
3159 2729 3320 2784 multa
3351 2731 3604 2800 pericula,

2023 2828 2143 2889 post
2172 2819 2393 2889 plurima
2415 2818 2555 2876 bella
2593 2820 2853 2885 confecta,
2881 2820 2968 2874 vix
2995 2819 3156 2876 audet
3184 2821 3445 2891 quispiam
3483 2832 3604 2881 eum

2022 2910 2212 2967 ﬁducia
2230 2910 2520 2980 respicere,
2544 2911 2810 2982 quomodo
2825 2910 3089 2968 cmlestctn
3108 2911 3253 2967 illum
3278 2913 3471 2982 poterit
3487 2913 3606 2983 quis

2024 3000 2238 3064 intueri,
2258 3001 2348 3072 qui
2369 3010 2480 3057 toto
2503 3010 2744 3071 tempore
2767 3001 2921 3058 alteri
2944 3002 3157 3070 vixerit,
3177 3002 3329 3059 alteri
3346 3003 3606 3058 militarit?

2079 3093 2148 3147 '5.
2180 3091 2262 3146 An
2286 3092 2365 3147 vis
2388 3092 2456 3147 de
2504 3092 2818 3148 domesticis
2842 3093 3008 3158 curis,
3059 3094 3265 3159 uxoris,
3295 3093 3602 3158 liberorum,

2024 3183 2342 3238 famulorum
2365 3197 2580 3253 agamus
2600 3182 2622 3237 ?
2667 3181 2841 3238 Grave
2856 3191 2940 3237 est
2958 3198 3246 3253 pauperem
3265 3199 3484 3239 uxorem
3504 3184 3606 3240 du-

2023 3274 2185 3339 xisse.
2205 3289 2368 3346 grave
2391 3273 2776 3342 Opulentiorem
2810 3292 2823 3333 :
2854 3272 3078 3329 alterum
3121 3273 3263 3340 enim
3311 3272 3606 3341 facultates,

2022 3366 2254 3420 alterum
2286 3364 2387 3420 viri
2412 3365 2779 3421 auctoritatem
2821 3364 3228 3435 libertatemque
3254 3363 3414 3420 laedit.
3445 3345 3628 3420 Mole-l

2024 3464 2164 3510 stum
2189 3461 2273 3509 est
2294 3454 2493 3509 liberos
2508 3454 2828 3524 suscepisse,
2847 3453 3126 3508 molestius
3148 3468 3253 3508 non
3270 3453 3570 3524 suscepisse
3590 3471 3604 3507 :

2024 3548 2153 3604 illud
2179 3548 2323 3603 enim
2352 3554 2438 3603 est
2479 3546 2673 3603 frustra
2699 3545 2916 3602 duxisse
2947 3546 3248 3618 conjugem,
3283 3546 3385 3601 hoc
3412 3560 3610 3602 amara:

2024 3640 2264 3697 servituti
2286 3639 2582 3710 subjectum
2604 3654 2746 3696 esse.
2778 3638 3029 3711 )Egrotat
3058 3656 3207 3709 puer,
3241 3638 3364 3695 hinc
3399 3654 3502 3695 non
3539 3621 3627 3694 le-i

2023 3731 2106 3786 vis
2124 3730 2348 3786 formido
2378 3749 2390 3784 :
2418 3731 2732 3785 immaturus
2777 3729 3029 3798 decessit,
3074 3729 3201 3786 hinc
3225 3745 3330 3786 non
3368 3731 3611 3786 consola-

2024 3822 2148 3880 bilis
2176 3823 2331 3879 dolor
2361 3841 2377 3879 :
2406 3823 2472 3878 ad
2497 3823 2736 3894 singulos
2755 3824 2926 3903 aetatis
2946 3823 3164 3895 gradus,
3193 3838 3338 3879 curae
3361 3824 3429 3879 de
3456 3825 3606 3893 ipsis,

2026 3915 2414 3972 sollicitudines
2437 3926 2494 3972 et
2516 3917 2747 3972 labores.
2782 3916 2917 3984 Quid
2945 3916 3014 3972 de
3053 3915 3466 3971 domesticorum
3508 3916 3611 3971 im-

2028 4007 2291 4079 probitate
2316 4007 2601 4063 dicamus?
2630 4007 2880 4064 Haecine
2931 4008 3036 4064 vita
3065 4017 3165 4074 est,
3195 4006 3494 4070 Theodore,
3522 4008 3610 4062 ubi

2025 4101 2202 4155 anima
2216 4115 2317 4154 una
2334 4099 2385 4154 in
2410 4107 2486 4154 tot
2504 4113 2661 4154 curas
2682 4097 3016 4164 distrahitur,
3042 4106 3119 4154 tot
3154 4099 3340 4159 servit,
3373 4106 3451 4153 tot
3485 4096 3614 4151 vii-it

2028 4190 2357 4256 hominibus,
2386 4189 2488 4244 sibi
2539 4189 2861 4259 numquam?
2888 4188 3028 4243 Nihil
3049 4189 3189 4257 apud
3213 4203 3309 4245 nos
3337 4188 3613 4257 huiusmo-

2027 4281 2081 4335 di
2110 4280 2393 4349 reperitur,
2422 4279 2636 4345 dilecte,
2657 4286 2708 4333 te
2739 4287 2927 4334 testem
2965 4278 3197 4347 appello.

2103 4371 2266 4427 Nemo
2317 4369 2441 4425 liber
2485 4377 2575 4432 est,
2617 4369 2714 4423 nisi
2755 4366 2839 4437 qui
2888 4368 3085 4423 Christo
3119 4369 3253 4423 vivit.
3303 4367 3417 4425 Una
3461 4365 3613 4423 Chri-

2030 4464 2193 4518 stiano
2222 4461 2505 4527 calamitas,
2537 4459 2699 4514 Deum
2730 4454 3002 4526 offendere.
3026 4489 3099 4499 —
3123 4459 3277 4515 Brevi
3290 4459 3494 4531 quippe
3522 4460 3611 4513 illu

2032 4563 2293 4625 tempore,
2339 4570 2447 4625 quo
2475 4570 2540 4609 ex
2562 4552 2808 4609 fluctibus
2860 4567 3134 4623 emergere
3191 4552 3425 4618 voluisti,
3479 4553 3616 4607 nosti

2031 4659 2226 4721 quanta
2251 4649 2453 4714 laetitia,
2484 4655 2682 4718 quanto
2708 4646 2903 4719 gaudio
2930 4643 3209 4700 fruebaris.
3238 4644 3404 4701 Nemo
3425 4646 3619 4718 quippe

2034 4744 2172 4799 liber
2190 4751 2291 4805 est.
2313 4742 2413 4796 nisi
2435 4742 2524 4812 qui
2541 4740 2755 4795 Christo
2776 4739 2957 4794 vivit‘:
2984 4737 3071 4796 hic
3091 4739 3341 4794 omnibus
3362 4739 3618 4793 molestiis

2035 4836 2278 4905 superior
2321 4841 2440 4889 est:
2469 4847 2534 4889 ac
2578 4832 2679 4887 nisi
2723 4832 2958 4901 seipsum
3011 4831 3207 4887 lardere
3249 4830 3394 4894 velit,
3441 4830 3619 4885 nullus

2037 4933 2172 4988 alius
2191 4931 2243 4987 id
2265 4944 2514 5001 umquam
2540 4927 2734 5000 poterit
2756 4944 2771 4994 ;
2797 4927 2944 4982 nullo
2955 4925 3074 4997 capi
3094 4924 3398 4995 etsuperari
3421 4932 3616 4993 potest,

2038 5040 2143 5079 non
2170 5020 2515 5093 pecuniarum
2561 5019 2766 5090 jactura
2805 5018 3091 5083 cruciatur,
3144 5016 3338 5087 quippe
3364 5013 3454 5084 qui
3478 5012 3617 5068 didi-

2037 5118 2173 5173 cerit
2214 5130 2313 5171 nos
2358 5112 2491 5168 nihil
2532 5111 2586 5167 in
2624 5111 2766 5166 hunc
2790 5112 2811 5142 ²
2850 5107 3106 5165 mundum
3158 5105 3419 5171 attulisse,
3448 5120 3624 5174 neque

2039 5208 2163 5266 inde
2187 5205 2455 5277 quidpiam
2510 5201 2721 5258 auferre
2750 5216 2945 5271 posse;
2980 5214 3085 5254 non
3111 5196 3400 5254 ambitione
3425 5204 3481 5251 et
3506 5195 3623 5264 glo-

2040 5302 2133 5355 ria:
2152 5297 2401 5368 cupidine
2430 5302 2663 5361 tenetur,
2686 5309 2883 5365 gnarus
2903 5290 3362 5347 conversationem
3383 5295 3620 5341 nostram

2043 5394 2094 5447 in
2116 5391 2246 5447 eazlo
2274 5404 2421 5445 esse:
2446 5403 2550 5443 non
2569 5386 2822 5444 conviciis
2849 5393 3090 5445 vexatur,
3119 5396 3223 5435 non
3248 5376 3416 5449 plagis
3439 5392 3621 5432 move-

2047 5498 2151 5550 tur;
2170 5498 2271 5538 una
2291 5481 2593 5535 Christiano
2618 5477 2893 5534 calamitas
2916 5475 3082 5528 Deum
3104 5469 3406 5526 oﬁ‘endcrc:
3429 5478 3622 5525 etetcra

2044 5592 2168 5633 vero
2190 5619 2203 5643 ,
2225 5582 2282 5629 ut
2305 5573 2705 5644 possessionum
2721 5569 2979 5639 jacturam
3003 5606 3015 5629 ,
3050 5562 3233 5642 patria:
3259 5562 3627 5625 amissionem,

2109 5716 2122 5744 ε
2162 5719 2288 5759 tinus
2310 5709 2463 5758 codex
2491 5722 2503 5755 :
2534 5715 2629 5756 Non
2648 5712 2713 5752 est
2735 5700 2880 5755 ρηὶιη,
2903 5713 2992 5749 non
3023 5704 3089 5749 est
3116 5698 3250 5755 liber,
3271 5695 3364 5749 nisi
3397 5702 3499 5761 qut.
3526 5712 3627 5748 ma-

1962 5794 1965 5797 ’
2046 5773 2265 5826 trimonio
2292 5768 2529 5821 immunis.
2552 5765 2736 5815 rhristo
2763 5762 2887 5826 vim.

2113 5838 2134 5869 ι
2168 5822 2263 5884 Vox
2280 5867 2296 5896 ,
2322 5833 2478 5894 hunc,
2504 5830 2644 5879 deest
2671 5830 2719 5876 in
2742 5823 2879 5875 savii.
2910 5831 2959 5875 et
2985 5824 3033 5874 in
3058 5837 3152 5873 uno
3175 5822 3356 5875 codice.
