3954 6396
360 319 464 377 315

362 444 661 490 extremum
689 430 1004 501 periculum,
1034 433 1252 488 neinter
1263 433 1441 502 gravia
1461 432 1673 502 quidem
1694 443 1933 504 reputat;

361 524 604 595 quodque
629 537 814 584 omnes
839 521 1079 589 horrent,
1099 538 1290 593 nempe
1315 523 1511 581 exitum
1541 539 1604 587 ex
1628 522 1728 577 hac
1749 524 1853 584 vita
1884 525 1936 578 in

360 617 538 680 aliam,
565 613 616 668 id
644 615 694 670 ei
750 613 864 683 ipsa
921 616 1025 668 vita
1077 612 1282 670 dulcius
1323 623 1426 668 est.
1481 614 1936 683 Quemadmodum

358 705 496 763 enim
525 706 570 762 si
593 706 711 776 quis
740 706 792 760 in
809 705 918 759 alto
944 705 1162 774 scopulo
1189 705 1391 774 positus
1411 706 1795 776 contempletur
1821 722 1936 760 ma-

357 814 434 864 re,
461 809 516 855 et
545 799 899 869 navigantium
926 798 1060 852 alios
1099 813 1128 852 a
1177 797 1425 860 ﬂuctibus
1460 799 1696 870 demergi
1736 799 1932 867 videat,

354 890 486 956 alios
516 890 567 944 in
599 890 814 945 latentia
843 905 969 944 saxa
998 889 1163 957 allidi,
1183 891 1316 946 alios
1345 891 1450 946 alio
1466 891 1678 961 quidem
1711 903 1934 954 conten-

357 983 568 1046 dentes,
599 984 734 1038 alios
761 993 938 1038 autem
967 994 1023 1039 ut
1068 985 1272 1040 vinctos
1299 986 1350 1040 vi
1399 997 1677 1042 ventorum
1720 990 1932 1056 abduci,

353 1072 549 1127 multos
569 1071 725 1128 undis
747 1073 920 1141 obrui,
943 1074 1076 1129 alios
1103 1090 1198 1144 pro
1237 1076 1446 1146 navigio
1488 1087 1542 1132 et
1573 1079 1934 1148 gubernaculo

350 1163 591 1217 inanibus
616 1163 788 1219 solum
818 1165 911 1229 uti,
930 1166 1062 1219 alios
1084 1165 1166 1220 vel
1195 1167 1371 1220 tabula
1404 1182 1504 1221 uua
1559 1168 1642 1223 vel
1667 1169 1934 1239 fragmen-

349 1262 406 1307 to
427 1255 577 1309 navis
594 1253 742 1324 ferri,
766 1254 900 1311 alios
929 1265 1166 1312 mortuos
1189 1269 1554 1328 superuatare,
1587 1261 1931 1331 multiplicem

351 1345 554 1400 scilicet
574 1355 629 1400 et
652 1347 850 1402 variam
873 1348 1227 1404 calamitatem
1259 1368 1271 1404 :
1305 1349 1374 1404 ita
1404 1361 1459 1406 et
1482 1351 1572 1420 qui
1597 1351 1808 1406 Christo
1834 1354 1932 1408 mi-

345 1437 480 1501 litat,
513 1439 761 1492 tumultui
790 1449 844 1495 et
867 1440 1114 1496 ﬂuctibus
1144 1442 1267 1496 vitae
1315 1458 1375 1498 se
1403 1443 1726 1512 subducens,
1758 1445 1810 1500 in
1841 1455 1921 1501 tu-

349 1537 403 1581 to
432 1536 486 1583 ct
512 1529 725 1584 excelso
746 1530 862 1592 loco
903 1530 1074 1586 sedet.
1111 1532 1247 1598 Quid
1270 1534 1410 1587 enim
1443 1535 1626 1601 tutius,
1646 1535 1772 1604 quid
1803 1537 1929 1591 sub-

350 1611 528 1673 Hmius
571 1617 752 1684 fuerit,
783 1636 939 1690 quam
981 1622 1188 1676 unicam
1221 1622 1421 1678 habere
1467 1625 1874 1682 sollicitudinem
1911 1646 1924 1683 :

349 1709 612 1773 Quomodo
641 1723 864 1783 oporteat
879 1713 1077 1784 placere
1100 1714 1208 1768 Deo
1236 1715 1324 1789 (1.
1357 1715 1534 1771 Thess.
1559 1719 1612 1772 4.
1637 1719 1662 1772 1
1694 1719 1756 1789 )?
1781 1718 1925 1774 Vidi-

345 1801 435 1867 sti,
466 1800 773 1872 Theodore,
805 1805 1074 1875 naufragia
1117 1821 1302 1861 eorum
1323 1807 1412 1877 qui
1444 1808 1496 1862 in
1543 1807 1644 1862 hoc
1671 1811 1803 1864 mari
1834 1826 1927 1865 na-

341 1891 622 1961 vigabant?
660 1889 1016 1976 Quamobrem
1059 1894 1181 1966 fuge
1211 1897 1227 1926 ¹
1282 1897 1497 1966 pelagus
1522 1941 1537 1966 ,
1587 1899 1775 1985 fluctus
1828 1899 1925 1956 de-

249 2028 258 2032 -
341 1982 826 2052 gliua,editumque
843 1985 1019 2052 locum
1035 2001 1257 2054 occupa,
1288 1986 1375 2041 ubi
1399 1988 1640 2058 intercipi
1668 1982 1923 2060 nequeas;

339 2074 660 2140 resurrectio
705 2074 877 2130 futura
911 2085 1012 2142 est,
1043 2076 1301 2146 judicium
1354 2079 1548 2145 aderit,
1599 2079 1924 2137 horrendum

337 2170 438 2218 nos
465 2156 588 2212 hinc
613 2172 861 2226 egressos
888 2158 1118 2220 tribunal
1166 2169 1468 2230 exspectat:
1503 2161 1688 2217 Omnes
1715 2165 1922 2234 adstare

337 2254 530 2324 oportet
557 2256 673 2301 ante
716 2249 938 2314 tribunal
965 2248 1240 2315 Christiﬁ.
1258 2249 1381 2307 Cor.
1400 2251 1450 2307 5.
1475 2251 1706 2324 10).Non
1729 2256 1921 2310 frustra

335 2321 458 2390 cum
489 2337 646 2391 minis
674 2337 1016 2393 denuntiatur
1041 2340 1284 2408 geheuna
1315 2358 1327 2394 :
1356 2357 1462 2395 non
1494 2343 1760 2397 incassum
1804 2352 1922 2398 tan-

335 2436 387 2480 ta
414 2427 566 2481 nobis
588 2438 764 2497 parata
791 2439 910 2483 sunt
941 2431 1096 2484 bona.
1125 2430 1339 2497 Umbra,
1364 2433 1470 2487 imo
1498 2435 1682 2488 umbra
1711 2435 1916 2490 inanio-

332 2532 422 2571 res
459 2506 696 2573 suntres
721 2519 940 2588 hujusce
980 2521 1119 2584 vitm,
1149 2522 1427 2577 timoribus
1449 2524 1706 2593 plurimis,
1739 2526 1920 2582 multis

333 2611 609 2680 periculis,
662 2621 1005 2682 extremaque
1034 2613 1288 2681 servitute
1339 2615 1532 2683 plenae.
1564 2614 1662 2681 Ne,
1710 2631 1914 2686 quaeso,

332 2706 686 2778 etprtesentis
728 2715 792 2762 .et
845 2707 1004 2760 fuuiri
1043 2707 1502 2777 sazculijacturam
1559 2706 1742 2772 facias,
1792 2723 1913 2764 cum

330 2796 490 2863 liccat
533 2805 816 2866 utrumque
864 2797 1100 2862 lucrari,
1131 2797 1176 2851 si
1222 2798 1376 2852 velis.
1417 2797 1566 2866 Quod
1608 2807 1783 2854 autem
1839 2799 1912 2868 ii,

330 2886 419 2954 qui
462 2886 515 2938 in
568 2885 780 2940 Christo
814 2886 1014 2952 vivunt,
1060 2876 1219 2941 etiam
1261 2886 1419 2957 hujus
1463 2888 1585 2943 vitae
1644 2889 1781 2944 bona
1830 2890 1915 2945 lu-

332 2984 567 3040 crcntur,
592 2975 749 3031 docet
778 2975 970 3030 Paulus
1018 2977 1101 3031 his
1153 2977 1370 3032 verbis:
1401 2977 1509 3048 Ego
1558 2989 1724 3034 autem
1777 2981 1914 3037 vobis

331 3084 484 3138 parco
514 3078 607 3122 :ct
638 3069 827 3122 iterum
859 3086 872 3122 :
901 3067 1012 3123 Hoc
1059 3079 1226 3124 autem
1253 3070 1365 3124 dico
1393 3071 1460 3124 ad
1484 3082 1698 3126 uestram
1724 3075 1917 3128 utilita-

330 3139 479 3228 icm(l
493 3196 506 3209 .
524 3157 639 3212 Cor.
657 3160 706 3211 7.
731 3159 818 3213 28.
840 3159 952 3228 55).
969 3159 1154 3215 Viden’
1169 3176 1286 3216 eum
1300 3162 1387 3232 qui
1403 3162 1668 3232 cogitatea
1687 3179 1804 3233 quae
1822 3163 1917 3219 Do-

332 3248 462 3313 niiui
487 3257 629 3314 sunt,
662 3250 820 3303 etiam
851 3249 900 3304 in
946 3249 1046 3306 hoc
1096 3251 1296 3308 mundo
1324 3254 1650 3323 superiorem
1695 3256 1744 3310 ei
1769 3269 1912 3322 esse,

332 3338 658 3426 quiuxorcm
687 3341 878 3397 ducit?
923 3343 1209 3413 Postquam
1237 3345 1361 3401 illuc
1384 3349 1700 3418 transgressi
1748 3349 1913 3404 fueri-

402 3476 418 3519 t
452 3472 590 3523 savil.
619 3481 669 3523 et
693 3487 816 3524 unus
837 3476 1012 3537 codex.
1037 3477 1164 3540 fuge,
1187 3479 1317 3541 fetae.

1823 320 2150 378 MONITUM.

3519 340 3626 403 3l6

2044 454 2183 506 mus,
2211 442 2388 503 nullus
2415 445 2740 515 pauitantia:
2759 447 2932 508 locus.
2958 448 3141 505 Natus
3164 453 3365 508 athleta
3392 471 3424 511 e
3451 458 3624 512 stadio

2044 542 2307 596 egressus,
2338 542 2616 604 postquam
2651 538 2914 593 theatrum
2958 540 3191 595 solutum
3241 542 3357 606 fuit,
3409 555 3622 604 certare

2042 620 2270 689 amplius
2285 633 2479 692 potest.
2505 626 2628 681 Haec
2654 642 2865 699 semper
2887 631 3080 701 cogita,
3099 640 3153 687 et
3173 643 3385 695 acutum
3400 637 3623 709 maligni

2041 708 2270 778 gladium
2310 722 2548 781 contere,
2599 733 2706 786 quo
2729 719 2844 788 ipse
2869 722 3064 777 multos
3091 723 3358 778 interficit.
3389 725 3513 782 llaac
3539 708 3625 782 est

2041 800 2344 871 desperatio
2371 845 2388 870 ,
2439 821 2558 876 qua:
2594 807 2814 878 dejectis
2856 826 3004 882 spem
3053 813 3331 882 prazcidit:
3362 814 3465 874 hoc
3487 817 3623 872 vali-

2040 891 2164 945 dum
2191 902 2272 948 est
2298 894 2494 952 inimici
2517 897 2700 964 telum,
2728 908 2783 954 et
2802 903 2966 957 semel
2987 913 3172 973 captos
3199 921 3304 960 non
3323 907 3432 962 alio
3461 924 3620 978 quam

2039 981 2142 1038 hoc
2171 985 2382 1042 vinculo
2413 991 2732 1046 constrictos
2747 992 2986 1050 detinet:
3020 996 3181 1066 quod,
3207 998 3252 1052 si
3276 999 3621 1070 voluerimus,

2038 1073 2145 1128 cito
2175 1089 2270 1143 per
2299 1077 2393 1132 Dei
2416 1080 2638 1149 gratiam
2669 1082 3005 1154 confringere
3045 1089 3359 1156 poterimus.
3385 1090 3507 1146 Scio
3533 1108 3620 1146 me

2033 1162 2206 1232 justos
2222 1165 2460 1236 epistola:
2513 1169 2707 1226 limites
2763 1175 3104 1232 excessisse:
3144 1178 3239 1233 sed
3263 1179 3496 1248 ignosce,
3514 1199 3618 1238 non

2039 1258 2180 1310 enim
2207 1257 2394 1314 lubens
2419 1259 2519 1316 hoc
2534 1263 2638 1332 egi,
2687 1265 2783 1320 sed
2811 1267 3010 1331 amoris
3037 1267 3344 1343 dolorisque
3398 1273 3446 1327 vi
3468 1289 3619 1328 com-

2040 1346 2222 1416 pulsus
2250 1365 2264 1401 :
2291 1348 2379 1405 hic
2406 1365 2493 1407 me
2510 1353 2729 1412 allectus
2781 1355 2849 1410 ad
2897 1356 3034 1412 hanc
3083 1360 3242 1413 etiam
3281 1361 3619 1418 scribendam

2035 1438 2314 1506 epistolam
2345 1443 2648 1498 necessario
2675 1445 2906 1512 induxit,
2934 1450 3234 1505 vetantibus
3269 1451 3393 1506 iicet
3435 1455 3618 1517 multis

2034 1541 2098 1581 ac
2119 1527 2451 1586 dicentibus:
2481 1531 2668 1591 Finem
2691 1534 2772 1592 fac
2800 1552 2933 1592 vane
2954 1537 3251 1605 laborandi,
3284 1555 3347 1596 ac
3376 1542 3426 1596 in
3453 1547 3620 1614 petris

2034 1618 2268 1672 serendi.
2326 1620 2437 1690 Ego
2494 1634 2672 1680 autem
2726 1626 2924 1680 nemini
2975 1641 3161 1682 aurem
3213 1631 3618 1703 praebui:Spes

2034 1710 2175 1764 enim
2199 1720 2300 1779 est,
2323 1711 2565 1769 dicebam
2596 1715 2736 1787 apud
2773 1732 2880 1782 me,
2930 1718 3021 1773 Dei
3068 1733 3170 1789 ope
3201 1720 3380 1778 literas
3422 1724 3617 1794 aliquid

2032 1798 2338 1868 profuturas
2366 1818 2515 1869 esse;
2560 1805 2703 1876 quod
2732 1806 2776 1860 si
2806 1807 2890 1869 id,
2922 1808 3062 1878 quod
3111 1824 3178 1864 ne
3215 1810 3306 1865 fiat
3349 1811 3614 1883 depreca-

2031 1905 2172 1958 mur,
2196 1892 2469 1961 acciderit,
2491 1895 2542 1950 id
2571 1896 2759 1952 saltem
2786 1897 3132 1965 lucrabimur,
3163 1909 3221 1955 ut
3249 1917 3318 1960 ne
3345 1903 3615 1959 silentium

2030 1983 2184 2036 nobis
2215 1983 2342 2038 vitio
2388 1986 2522 2040 verti
2551 1989 2755 2056 possit:
2789 2004 2964 2059 neque
2991 1991 3286 2047 deteriores
3317 1993 3616 2064 naviganti-

2027 2073 2128 2130 bus
2157 2077 2379 2141 erimus,
2421 2078 2655 2146 quicum
2695 2094 2808 2134 sua:
2859 2081 3022 2136 sortis
3062 2081 3309 2138 homines
3360 2085 3614 2154 viderint,

2025 2182 2158 2238 quas
2185 2178 2299 2224 sata
2314 2171 2363 2224 vi
2393 2181 2673 2227 ventorum
2704 2177 2844 2242 navi,
2873 2177 3065 2232 tabulae
3094 2178 3378 2247 haerentes,
3409 2182 3615 2238 demis-

2025 2260 2101 2314 sis
2116 2260 2272 2328 velis,
2296 2261 2438 2332 jacta
2492 2264 2748 2332 anchora,
2773 2276 2827 2322 et
2870 2284 3163 2326 conscensa
3195 2273 3412 2343 scapha,
3437 2273 3614 2329 homi-

2025 2367 2121 2407 nes
2167 2354 2395 2424 ignotos,
2426 2370 2490 2411 ac
2533 2373 2600 2412 ex
2643 2361 2894 2427 praesenti
2951 2362 3121 2417 solum
3165 2365 3465 2421 calamitate
3513 2368 3614 2422 sibi

2023 2445 2265 2514 cognitos
2316 2461 2536 2504 servare
2571 2450 2832 2506 nituntur.
2864 2453 3014 2521 Quod
3069 2455 3114 2509 si
3169 2455 3246 2510 illi
3301 2459 3611 2525 noluerint,

2021 2549 2183 2590 nemo
2208 2535 2503 2605 culpaverit
2537 2553 2633 2594 eos
2651 2580 2666 2606 ,
2700 2540 2844 2612 quod
2869 2553 3153 2614 pereuntes
3191 2560 3406 2602 servare
3429 2550 3612 2604 conati

2023 2625 2152 2681 sint.
2218 2626 2345 2684 Haec
2394 2638 2594 2685 nostrae
2644 2630 2908 2689 facultatis
2958 2645 3128 2691 sunt:
3161 2653 3439 2708 speramus
3506 2656 3611 2696 au-

2021 2723 2128 2770 tem
2167 2724 2220 2771 te
2250 2733 2344 2787 per
2369 2719 2464 2774 Dei
2501 2725 2723 2791 gratiam
2753 2765 2769 2790 ,
2797 2738 2917 2794 qua:
2957 2725 3010 2780 in
3066 2735 3154 2782 tua
3203 2738 3464 2797 potestate
3491 2743 3610 2786 sum

2027 2807 2389 2876 prtestiturum
2411 2823 2550 2878 esse,
2581 2810 2799 2883 fereque
2827 2825 2886 2870 ut
2931 2823 2984 2872 te
3012 2833 3224 2873 rursum
3253 2819 3526 2876 videamus
3551 2823 3606 2877 in

2025 2910 2187 2967 grege
2213 2897 2230 2928 ¹
2259 2897 2458 2954 Christi
2491 2899 2771 2958 ﬂorentem
2817 2905 3189 2978 valentemque
3239 2925 3366 2965 vera
3402 2911 3608 2968 valetu-

2019 2984 2163 3054 dine,
2196 2995 2353 3057 teque
2379 2989 2535 3046 citius
2559 2992 2888 3050 orationibus
2921 3004 3225 3054 sanctOrum
3252 3001 3590 3070 recipiamus,

2025 3091 2060 3131 ο
2101 3075 2352 3133 dilectum
2379 3090 2555 3151 caput.
2581 3081 2638 3137 Si
2664 3098 2821 3152 quam
2879 3089 3048 3143 nostri
3086 3090 3345 3145 rationem
3391 3091 3606 3163 habeas,

2018 3184 2189 3240 neque
2210 3171 2421 3241 penitus
2449 3187 2546 3230 nos
2571 3189 2602 3230 e
2640 3177 2895 3232 memoria
2921 3187 3011 3235 tua
3053 3180 3296 3250 ejeceris,
3329 3185 3480 3238 nobis
3521 3201 3599 3240 rc-

2018 3262 2254 3318 scribere
2277 3263 2549 3335 digneris;
2583 3265 2684 3323 hoc
2713 3269 2856 3324 enim
2883 3271 3042 3328 modo
3069 3288 3258 3344 magna
3285 3290 3382 3330 nos
3425 3274 3605 3333 laetitia

2022 3351 2247 3410 afﬁcies.

2086 3489 2103 3521 ι
2137 3487 2278 3547 savii.
2303 3489 2354 3540 in
2376 3492 2595 3553 margine
2620 3500 2672 3545 et
2692 3505 2820 3543 unus
2842 3492 3020 3558 codex,
3035 3491 3088 3545 in
3116 3509 3259 3562 grege
3276 3499 3498 3561 pretioso.

1792 4051 2107 4105 αηςεεᾳθω
