3954 6414
584 413 694 470 317

2064 389 2406 448 MONITUM.

3771 389 3886 445 ’518

610 537 3835 598 W

1267 725 1390 815 ΙΝ
1466 718 1753 812 TBIA
1817 716 2197 825 SEQUE

2307 711 2510 804 TIA
2582 706 3200 802 OPUSCULA

1376 893 1379 897 ⁴
1877 928 2561 1049 MONITUM

668 1176 773 1231 Res
797 1183 880 1230 est
899 1172 1204 1243 explorata,
1228 1169 1344 1224 haec
1373 1165 1497 1231 tria,
1515 1162 1583 1219 de
1598 1161 1799 1233 quibus
1810 1158 1924 1230 jam
1951 1154 2181 1227 qumstio

587 1281 693 1334 est,
720 1266 1003 1338 opuscula,
1037 1264 1178 1338 inter
1202 1261 1411 1333 priores
1439 1253 1817 1330 Cbrysostomi
1838 1249 2010 1307 nostri
2040 1246 2182 1303 fetus

588 1359 816 1416 locanda
840 1370 982 1423 esse,
1008 1370 1185 1425 neque
1210 1353 1392 1407 minus
1418 1348 1775 1417 conspicuum
1803 1343 2016 1400 videtur
2037 1339 2183 1396 edita

588 1453 761 1508 fuisse
828 1449 1151 1521 priusquam
1187 1445 1280 1501 ille
1306 1444 1358 1498 in
1390 1440 1768 1514 presbyterum
1806 1439 2180 1502 cooptaretur.

587 1545 807 1599 Annum
837 1556 967 1596 vero
1001 1548 1243 1595 statuere
1274 1536 1385 1607 iam
1419 1539 1658 1604 oportet.
1686 1528 1912 1585 Certum
1960 1523 2183 1596 quidem

586 1645 670 1692 est
693 1634 760 1690 ad
793 1632 847 1688 id
890 1630 1134 1687 muneris
1162 1625 1534 1700 praestandum
1580 1623 1652 1678 ab
1679 1621 1862 1677 amico
1898 1617 2183 1673 inductum

590 1727 761 1782 fuisse
801 1722 1278 1796 Chrysostomum,
1321 1714 1709 1786 cumpublica
1761 1710 2184 1784 magistratuum

588 1816 916 1873 auctoritate
943 1812 1201 1870 monachi
1227 1818 1473 1868 extrema
1494 1816 1832 1879 paterentur,
1864 1817 1934 1858 ex
1962 1799 2186 1857 sedibus

588 1919 643 1964 et
667 1907 881 1962 cellulis
915 1907 1035 1962 suis
1078 1904 1343 1960 violenter
1371 1899 1616 1962 abducti,
1645 1896 1700 1951 in
1751 1892 1935 1949 forum
1962 1887 2186 1962 raptati,

592 1996 884 2063 verberati,
911 1998 967 2052 in
1002 2008 1278 2051 carcerem
1306 1992 1462 2048 trusi.
1490 1989 1618 2045 Haec
1652 2000 1816 2059 porro
1843 1984 1967 2040 dira
1993 1996 2190 2038 mona-

590 2093 821 2147 chorum
854 2087 1074 2144 vexatio
1110 2094 1219 2142 tam
1252 2094 1460 2155 aperta,
1489 2079 1752 2153 principis
1778 2079 1997 2134 decreto
2022 2075 2188 2142 facta,

592 2180 813 2237 nonnisi
841 2180 910 2235 ad
930 2188 1150 2248 tempus
1186 2168 1430 2230 Valentis
1456 2169 1799 2243 imperatoris
1816 2166 2003 2223 reduci
2028 2179 2192 2238 posse

592 2270 827 2335 videtur,
858 2268 1102 2338 quicum
1129 2266 1182 2319 in
1214 2264 1545 2318 Arianorum
1572 2260 1804 2316 haeresin
1844 2257 2188 2323 descivisset,

592 2363 648 2418 in
678 2359 994 2416 Catholicos
1042 2372 1235 2411 omnes
1278 2352 1650 2425 grassabatur.
1692 2349 1962 2407 Defuncto
2005 2357 2190 2405 autem

593 2451 976 2507 Valentiniano
1016 2433 1203 2514 fratre,
1232 2447 1327 2517 pio
1355 2445 1738 2514 catholicoque
1767 2440 2033 2514 principe,
2063 2456 2192 2497 eum

594 2543 730 2600 nihil
760 2541 989 2598 ulterius
1018 2539 1279 2596 infestum
1302 2538 1423 2609 ejus
1444 2538 1498 2593 in
1521 2543 1743 2593 sanctos
1773 2534 1920 2591 viros
1945 2531 2191 2588 animum

591 2634 918 2701 retardaret,
937 2648 1004 2690 eo
1032 2632 1301 2705 processit
1324 2630 1576 2687 amentiae
1594 2637 1657 2683 ut
1671 2625 1973 2684 monachos
2002 2639 2196 2680 omnes

594 2728 819 2784 sedibus
849 2726 978 2797 pelli
1009 2735 1067 2780 et
1096 2726 1153 2780 in
1186 2724 1438 2780 militiam
1471 2720 1747 2779 conscribi
1773 2718 2021 2791 jusserit.
2049 2716 2200 2773 Obiit

594 2819 1014 2876 Valentinianus
1047 2833 1193 2873 anno
1223 2815 1440 2870 Domini
1476 2813 1605 2881 ⁵5⁵14,
1641 2821 1805 2883 atque
1830 2811 1967 2867 adeo
1991 2811 2060 2885 ad
2093 2825 2199 2865 an-

594 2928 726 2968 num
772 2909 880 2965 575
918 2910 1003 2964 vel
1029 2909 1134 2964 376
1180 2907 1454 2978 quadrare
1489 2913 1723 2976 possunt
1775 2904 1831 2959 hi
1877 2912 1986 2960 tres
2019 2901 2198 2958 sancti

595 3002 837 3058 doctoris
862 3000 1009 3056 libri.
1408 3018 1415 3024 ’

666 3093 820 3150 lianc
845 3102 1027 3148 tamen
1056 3090 1430 3162 chronologiae
1461 3091 1732 3147 rationem
1779 3089 1989 3158 aliquot
2038 3102 2202 3158 argu-

596 3187 796 3244 mentis
810 3185 994 3256 impeti
1011 3168 1172 3256 posse
1187 3193 1344 3255 putat
1359 3184 1441 3239 vir
1451 3185 1521 3240 cl.
1548 3181 2207 3245 Tillemontius.Etenim,‘

597 3278 778 3350 inquit
798 3278 912 3344 ille,
952 3285 1082 3356 tunc
1102 3277 1284 3333 editus
1313 3274 1416 3331 fuit
1444 3276 1582 3331 liber
1606 3274 1838 3345 primus,
1868 3288 1994 3328 cum
2021 3269 2204 3326 adhuc

596 3369 939 3426 daemonibus
971 3369 1284 3424 sacriﬁcare
1322 3367 1509 3424 liceret
1544 3384 1558 3421 :
1595 3377 1651 3421 at
1681 3365 1977 3436 postremis
2006 3362 2206 3420 Valen-

597 3458 793 3514 tiniani
833 3467 888 3513 et
932 3455 1180 3512 Valentis
1231 3457 1393 3511 annis
1445 3454 1719 3511 sacriﬁcia
1771 3454 2089 3525 hujusmodi
2134 3454 2205 3509 ab

600 3549 795 3624 iisdem
823 3547 1247 3618 imperatoribus
1292 3547 1566 3618 prohibita
1600 3553 1752 3613 sunt,
1791 3545 1934 3602 unde
1957 3545 2207 3616 sequitur

599 3650 728 3696 ante
770 3654 976 3695 annum
1002 3638 1130 3703 574,
1174 3654 1284 3708 quo
1317 3645 1571 3693 mortuus
1622 3645 1708 3692 est
1759 3635 2204 3703 Valentinianus,

590 3735 686 3791 vel
720 3732 787 3788 ad
819 3747 1095 3789 summum
1126 3746 1272 3786 anno
1299 3729 1418 3800 ipso
1439 3729 1565 3795 374,
1585 3729 1701 3785 haec
1718 3729 2005 3800 scripsisse
2030 3728 2201 3802 Chry-

601 3836 933 3884 sostomum.
959 3824 1079 3879 Alia
1124 3822 1253 3878 item
1289 3822 1583 3878 difﬁcultas
1623 3822 1872 3893 emergit,
1903 3822 2100 3893 inquit,
2130 3836 2200 3877 ex

601 3915 983 3989 Chrysostomi
1033 3914 1235 3980 verbis,
1283 3914 1378 3985 qui
1429 3912 1562 3969 dicit
1612 3915 1754 3968 hanc
1802 3914 2197 3987 monachorum

600 4012 946 4068 vexationem
994 4008 1274 4063 inductam
1331 4021 1455 4062 esse
1481 4004 1584 4059 sub
1612 4004 1718 4074 piis
1754 4003 2199 4075 imperatoribus,

603 4100 867 4167 εὐσεϐῶν,
900 4114 1023 4170 qua
1048 4114 1181 4156 sane
1223 4098 1344 4154 laus
1371 4096 1437 4152 ad
1485 4096 1790 4165 Valentem,
1818 4097 2201 4168 imperatorem

601 4193 867 4250 Arianum
884 4188 1294 4258 Catholicisque
1311 4185 1610 4251 infensum,
1630 4186 1901 4255 quadrare
1919 4197 2029 4238 non
2044 4196 2206 4254 posse

602 4286 839 4342 videtur.
870 4281 1121 4348 Demum,
1153 4295 1276 4350 qua:
1315 4279 1475 4350 longe
1528 4277 1762 4349 gravior,
1798 4277 1893 4339 ait,
1924 4273 2206 4331 diﬁicultas

603 4375 841 4440 videtur,
883 4358 1485 4443 cum'Chrysostomus
1539 4369 1607 4424 de
1648 4366 1910 4424 curandis
1965 4365 2207 4423 ﬁliorum

605 4467 856 4523 moribus
899 4463 1131 4518 Paulum
1191 4463 1406 4519 inducit
1460 4454 1714 4531 parentes
1764 4468 2077 4516 monentem
2120 4460 2206 4516 his

606 4557 790 4614 verbis
817 4573 832 4610 :
855 4554 1066 4619 Patres,
1096 4553 1319 4606 educate
1351 4550 1492 4620 ﬁlios
1527 4561 1724 4604 vestros
1759 4550 1815 4603 in
1843 4549 2129 4618 disciplina
2154 4558 2205 4603 et

610 4647 938 4717 correptione
970 4642 1185 4697 Domini
1214 4642 1315 4712 (a),
1345 4642 1418 4695 ita
1452 4641 1840 4712 prosequitur:
1865 4639 1924 4696 Si
1945 4641 2084 4695 enim
2111 4656 2205 4696 nos

603 4739 853 4812 jubemur
898 4734 1120 4808 vigilare
1150 4749 1245 4803 pro
1282 4734 1563 4788 animabus
1609 4749 1790 4788 eorum
1832 4742 2085 4803 tanquam
2117 4752 2206 4787 ra-

611 4832 804 4886 tionem
847 4826 1131 4892 reddituri,
1156 4825 1323 4879 multo
1352 4826 1522 4895 magis
1551 4833 1721 4894 pater,
1761 4824 1851 4894 qui
1882 4823 2082 4894 genuit,
2113 4824 2205 4895 qui

609 4922 874 4991 educavit,
913 4922 1005 4992 qui
1049 4935 1167 4973 cum
1195 4917 1290 4973 illo
1325 4918 1471 4972 domi
1493 4932 1696 4987 semper
1724 4930 1899 4972 manet
1919 4933 1939 4982 ,'
1979 4916 2026 4972 si
2057 4916 2204 4971 enim

612 5017 702 5073 hic
729 5016 1155 5086 Chrysostomus
1180 5027 1246 5067 ex
1278 5026 1337 5067 sc
1359 5020 1411 5066 et
1439 5026 1506 5065 ex
1542 5025 1774 5080 persona
1801 5026 1902 5067 sua
1930 5010 2202 5081 loquatur,

611 5108 990 5179 presbyterum
1035 5104 1225 5159 saltem
1274 5103 1444 5158 fuisse
1474 5102 1717 5172 oportuit
1751 5103 1843 5171 qui
1871 5101 2067 5157 rationi
2105 5116 2206 5173 pro

613 5197 903 5254 aniniahus
925 5196 1209 5252 reddendae
1248 5194 1522 5250 obnoxius
1557 5202 1735 5258 esset;
1767 5193 1856 5251 sin
1876 5193 2093 5251 dicatur
2118 5194 2207 5250 hic

613 5293 1069 5363 Chrysostomum
1124 5286 1271 5357 loqui
1315 5285 1371 5340 in
1416 5300 1646 5355 persona
1684 5284 1864 5354 Pauli,
1895 5302 2092 5359 magna
2121 5285 2206 5341 vis

616 5384 774 5439 serici
816 5381 1082 5437 inferatur
1131 5394 1357 5436 necesse
1398 5388 1523 5436 est:
1552 5389 1973 5451 quantacunque
2022 5388 2203 5436 tamen

616 5473 688 5527 sit
732 5474 820 5529 illa
858 5473 962 5541 vis,
1010 5471 1218 5528 mavult
1256 5468 1639 5525 Tillemontius
1693 5470 1841 5526 illam
1895 5473 2203 5543 admittere,

618 5578 782 5630 quam
835 5566 1291 5637 Chrysostomutn
1325 5570 1453 5618 tunc
1501 5562 1876 5633 presbyterum
1910 5564 2080 5623 fuisse
2110 5582 2207 5638 pu-

620 5663 752 5712 tare.

693 5809 769 5881 (a)
809 5809 1011 5881 Ephcs.
1041 5826 1115 5881 \l,
1145 5813 1201 5869 4.

1794 6402 1935 6410 -α-...--Δ
1967 6407 2045 6410 ς-

2358 1150 2489 1207 Mihi
2520 1164 2651 1207 vero
2695 1149 2810 1205 haec
2850 1158 3174 1220 argumenta
3207 1165 3434 1220 prorsus
3468 1150 3609 1207 levia
3651 1165 3776 1208 esse
3807 1156 3898 1207 vi-

2288 1243 2488 1299 dentur
2516 1261 2530 1299 :
2563 1258 2690 1297 nam
2737 1242 2883 1313 quod
2917 1242 3095 1313 primo
3125 1242 3368 1307 aﬁ‘ertur,
3399 1242 3603 1307 librum
3645 1245 3891 1315 primum

2290 1337 2557 1409 scriptum
2592 1336 2784 1402 fuisse,
2816 1351 2941 1392 cum
2986 1336 3167 1392 adhuc
3195 1334 3540 1393 daemonibus
3581 1337 3893 1394 sacriﬁcare

2291 1431 2501 1495 liceret,
2537 1430 2644 1486 hoc
2676 1444 2787 1486 uno
2821 1429 2944 1485 loco
2982 1426 3196 1496 nititur,
3231 1444 3383 1485 num.
3409 1429 3467 1497 Ξ,
3497 1430 3592 1485 ubi
3610 1429 3680 1486 de
3705 1446 3887 1486 mona-

2291 1523 2522 1579 chorum
2553 1522 2986 1592 exagitatoribus
3021 1521 3138 1578 hare
3168 1522 3422 1593 leguntur
3452 1538 3466 1574 :
3496 1520 3640 1588 Quid
3677 1538 3821 1589 vero,
3844 1526 3892 1578 si

2294 1612 2376 1667 his
2396 1628 2599 1684 quoque
2634 1612 2972 1667 mirabiliora
2994 1612 3270 1677 didiceris,
3305 1614 3445 1681 quod
3474 1610 3678 1667 scilicet
3706 1613 3891 1667 lterum

2294 1716 2539 1760 auctores
2559 1706 2635 1775 pii
2660 1705 2825 1759 videri
2848 1703 3029 1771 velint,
3051 1713 3102 1759 et
3124 1703 3458 1759 Christianos
3480 1720 3538 1759 se
3566 1716 3889 1776 nuncupant,

2293 1798 2516 1867 plurimi
2547 1807 2723 1852 autem
2746 1812 2812 1852 ea:
2841 1796 2949 1852 illis
2978 1798 3144 1852 etiam
3166 1797 3369 1852 initiati
3388 1797 3498 1853 sint
3521 1813 3541 1853 :
3572 1798 3682 1852 into
3714 1813 3889 1853 corn

2293 1890 2535 1962 quidam,
2554 1889 2770 1945 diabolo
2785 1891 3109 1945 vehementer
3122 1889 3350 1960 amante,
3367 1889 3692 1946 exsecranda
3711 1890 3890 1960 lingua

2297 1997 2398 2037 sua
2430 1981 2603 2037 dicere
2625 1997 2789 2038 ausus
2820 1982 2914 2049 sit,
2947 1980 3065 2054 [45]
3100 1998 3155 2037 se
3181 1998 3215 2035 a
3239 1982 3345 2051 ﬁde
3371 1996 3705 2037 recessurum
3721 1989 3887 2045 etdeh

2297 2074 2539 2129 monibus
2558 2074 3002 2130 immolatururn:
3033 2072 3291 2142 “Iocari
3314 2074 3448 2127 enim
3480 2089 3539 2127 se
3562 2072 3792 2127 videndo
3804 2073 3880 2128 lio-

2298 2167 2464 2221 mines
2486 2165 2704 2233 liberos,
2732 2165 2961 2231 nobiles,
2985 2167 3254 2237 vitamque
3283 2164 3488 2220 deliciis
3510 2164 3731 2234 plcitant
3749 2180 3877 2235 egere

2298 2259 2547 2326 calentes,
2574 2259 2644 2315 ad
2672 2258 2812 2314 hanc
2849 2259 3045 2314 duram
3073 2259 3196 2314 vita:
3222 2259 3481 2313 rationem
3527 2257 3754 2315 adduci.
3778 2256 3887 2314 Non

2298 2350 2459 2406 video
2513 2359 2696 2407 autem
2743 2350 2878 2423 quid
2915 2365 2983 2406 ex
3036 2351 3354 2421 huiusmodi
3406 2351 3649 2407 hominis
3706 2350 3885 2407 furiosi

2292 2444 2440 2500 dicto
2473 2427 2666 2499 inferri
2704 2443 2898 2515 possit,
2944 2444 3064 2514 qui,
3106 2452 3169 2499 ut
3213 2459 3278 2500 ex
3316 2443 3455 2499 serie
3496 2445 3775 2511 arguitur,
3810 2445 3885 2499 in-

2295 2536 2650 2593 terminantis
2690 2537 2872 2592 solum
2914 2550 3069 2592 more
3115 2552 3181 2593 ea
3211 2551 3333 2607 quae
3379 2535 3608 2592 minime
3654 2535 3886 2592 facturus

2295 2637 2416 2684 erat
2443 2644 2503 2684 se
2536 2629 2808 2685 facturum
2840 2628 3052 2699 iactitat
3078 2649 3092 2684 :
3121 2629 3225 2685 nisi
3260 2627 3492 2685 fortasse
3524 2643 3654 2685 cum
3705 2630 3881 2700 despe-

2296 2729 2446 2779 ratos
2472 2723 2742 2793 quosdam
2789 2722 3043 2779 homines
3083 2738 3143 2779 se
3186 2723 3526 2780 daemonibus
3571 2724 3880 2780 devoventes

2297 2815 2575 2880 audimus,
2608 2815 2740 2871 hinc
2772 2829 3069 2887 arguamus
3106 2816 3157 2869 id
3198 2831 3296 2887 per
3332 2815 3476 2887 leges
3505 2815 3763 2887 publicas
3784 2816 3882 2871 lici-

2299 2915 2415 2962 tum
2462 2919 2604 2962 esse.
2655 2905 2915 2976 Alioquin
2971 2914 3153 2962 autem
3204 2923 3327 2962 cum
3363 2906 3728 2978 imperatores
3758 2908 3881 2977 leget

2300 2999 2591 3070 quaspiam
2625 2999 2960 3061 emitterent,
2999 3013 3106 3053 non
3167 2998 3349 3054 statim
3385 2999 3592 3069 ubique
3619 3000 3674 3055 in
3724 3001 3884 3055 omni-

2300 3093 2512 3162 busque
2569 3091 2785 3163 imperii
2837 3092 3039 3148 finibus
3083 3107 3161 3148 eae
3211 3092 3535 3149 ohtinebant
3584 3109 3597 3144 ε
3648 3109 3887 3163 sa’peque

2301 3200 2535 3240 necesse
2587 3193 2706 3240 erat
2757 3195 2814 3239 ut
2860 3200 3000 3240 nova
3051 3185 3169 3256 lege
3214 3186 3414 3256 prioris
3461 3185 3598 3257 legis
3655 3187 3885 3240 ﬁrmitati

2302 3276 2734 3349 prospicerctur,
2770 3287 2832 3333 ut
2869 3293 3014 3348 saepe
3061 3262 3247 3334 videas
3295 3279 3352 3335 in
3397 3278 3604 3334 Codice
3644 3276 3885 3336 Theodo-

2304 3371 2483 3429 siano.

2375 3459 2535 3517 Circa
2556 3460 2687 3516 illud
2720 3471 2902 3517 autem
2929 3461 3074 3532 quod
3107 3459 3308 3516 dicitur
3340 3460 3549 3518 Valenti
3572 3461 3885 3534 imperatori

2306 3553 2487 3625 palam
2513 3553 2720 3609 Ariano
2754 3569 2864 3609 non
2891 3562 3204 3624 competere
3250 3570 3436 3609 vocem
3462 3556 3727 3630 εὐσεϐής,
3758 3559 3882 3627 pius,

2308 3659 2475 3717 quam
2522 3652 2703 3700 tamen
2756 3643 3180 3713 imperatoribus
3226 3644 3375 3700 illius
3408 3647 3675 3715 temporis
3714 3647 3882 3701 tribuit

2307 3734 2779 3806 Chrysostomus:
2815 3749 3015 3804 nempe
3054 3734 3198 3790 libro
3244 3737 3444 3806 primo,
3497 3753 3655 3792 num.
3699 3742 3760 3803 2,
3805 3739 3884 3794 ubi

2310 3825 2421 3880 ait:
2457 3823 2648 3879 Nostri
2686 3841 2808 3880 vero
2836 3824 3226 3898 (imperatores)
3268 3829 3543 3883 contraria
3577 3831 3810 3899 penitus,
3836 3841 3884 3883 ut

2313 3918 2440 3971 nti/ti
2465 3918 2574 3989 ipse
2599 3916 2913 3986 persuadeo,
2930 3927 2981 3972 et
3006 3920 3222 3985 cupiunt
3251 3929 3300 3973 et
3329 3929 3532 3989 optant.
3564 3920 3886 3993 Quapropter

2310 4026 2502 4082 magno
2532 4020 2749 4080 stupore
2786 4011 2972 4079 plenus
2998 4028 3118 4066 sum
3147 4012 3286 4082 quod
3310 4012 3718 4084 imperatoribus
3750 4017 3883 4082 piant

2312 4104 2617 4174 religionem
2649 4103 2996 4165 sectantibus,
3032 4105 3092 4157 ὲν
3134 4103 3392 4178 εὐσεϐείᾳ
3429 4104 3671 4173 ζώντων,
3708 4109 3814 4164 hcc
3834 4111 3884 4162 in

2308 4196 2500 4251 mediis
2525 4196 2743 4251 urbibus
2769 4197 2981 4266 impune
3004 4196 3124 4264 ﬁeri
3152 4196 3300 4251 dicas
3332 4214 3347 4252 :
3373 4208 3429 4253 et
3452 4198 3590 4254 libro
3620 4202 3878 4266 secundo,

2307 4303 2463 4345 num.
2489 4287 2523 4341 9
2554 4285 2740 4347 :JVeve
2768 4297 2919 4356 putes
2956 4287 3066 4341 ha’c
3106 4285 3222 4341 ideo
3266 4288 3585 4358 contingere,
3627 4289 3765 4358 quod
3788 4295 3882 4342 im-

2305 4394 2576 4448 peratores
2621 4394 2766 4445 piam
2816 4376 3118 4449 religionem
3165 4378 3365 4442 colant,
3420 4378 3683 4449 βασιλέων
3724 4382 3882 4434 ὄντων

2307 4472 2552 4525 εὐσεϐῶν
2585 4471 2836 4525 :etiamsi
2871 4472 3011 4525 enim
3060 4471 3341 4539 imperium
3376 4470 3608 4539 decidat,
3638 4482 3687 4527 et
3728 4475 3884 4542 impe-

2309 4570 2487 4615 rantes
2524 4562 2579 4614 in
2608 4560 2979 4629 inﬁdelitatem
3009 4558 3264 4613 labantur
3293 4574 3305 4611 :
3345 4567 3500 4615 notes
3538 4560 3695 4613 velim
3725 4561 3809 4614 hic
3828 4573 3885 4615 et

2309 4653 2438 4708 alibi
2472 4652 2788 4719 frequenter
2800 4651 2942 4723 apud
2963 4652 3447 4723 Chrysostomum,
3474 4652 3715 4707 εὐσεϐῶν
3736 4666 3788 4708 et
3820 4658 3879 4706 ἐν

2307 4742 2558 4815 εὐσεϐείᾳ
2574 4745 2815 4811 ςώντων,
2829 4760 2929 4815 pro
2950 4743 3282 4800 Christianis
3298 4753 3506 4799 tantum
3524 4746 3882 4817 accipi:un

2307 4834 2546 4889 maxime
2576 4834 2749 4904 liquet
2770 4834 2825 4889 in
2853 4833 2939 4890 his
2959 4833 3175 4890 duobus
3197 4834 3351 4902 locis;
3372 4835 3424 4889 in
3449 4836 3623 4905 primo
3651 4853 3883 4907 namque

2306 4925 2367 4978 ὲν
2393 4924 2645 4997 εὐσεϐείᾳ
2691 4925 2919 4993 ζῶντας,
2965 4927 3110 4996 piam
3158 4925 3456 4997 religionem
3491 4936 3744 4981 sectantes
3790 4946 3886 4998 ep-

2308 5015 2461 5084 ponit
2491 5015 2711 5084 regibus
2738 5013 3054 5080 Persarum,
3088 5014 3181 5085 qui
3212 5015 3455 5071 inﬁdeles
3483 5024 3669 5081 erant;
3705 5016 3758 5068 in
3794 5037 3879 5071 st:-

2309 5107 2491 5163 cundo
2524 5119 2708 5161 autem
2731 5106 2903 5160 ὄντων
2932 5106 3197 5171 εὐσεϐῶν,
3230 5108 3376 5176 piam
3399 5108 3695 5178 religionem
3720 5109 3883 5161 Colm-

2310 5201 2470 5266 tibus,
2503 5201 2681 5271 palam
2713 5199 2942 5271 opponit
2970 5200 3312 5270 principibus
3343 5200 3672 5255 inﬁdelibus.
3708 5200 3880 5269 Impe-

2308 5305 2520 5351 ratores
2543 5293 2710 5365 igitur
2731 5293 2896 5348 simul
2928 5292 3233 5359 Valentem,
3253 5292 3575 5348 Gratianum
3602 5306 3653 5347 et
3688 5293 3878 5347 Valen-

2308 5386 2576 5442 tinianum
2628 5385 2957 5448 secundum,
2996 5385 3264 5449 εὐσεϐεῖς,
3312 5400 3409 5441 seu
3459 5385 3561 5454 pia:
3606 5383 3875 5453 religimiis

2309 5479 2570 5541 cultores,
2599 5476 2714 5531 sive
2738 5475 3083 5531 Christianos
3103 5484 3279 5530 vocat.
3301 5475 3392 5531 Sic
3410 5476 3570 5530 etiam
3593 5474 3875 5545 Gregorius

2310 5568 2708 5634 Nazianzenus,
2748 5566 2900 5624 Orat.
2933 5578 3119 5622 contra
3157 5566 3457 5633 lulianum,
3504 5566 3873 5621 Constantium

2313 5661 2700 5731 imperatorem
2723 5659 2919 5729 εὐσεϐῆ
2943 5667 3120 5727 vocat,
3140 5658 3348 5716 scilicet
3367 5658 3759 5727 Christianum,
3777 5656 3878 5715 etsi
