3954 6424
184 376 288 434 δι’]
1655 372 1995 431 ΜΟΝΙΤΠΜ.
2504 384 2515 400 ’
2636 378 2639 379 ν
3359 380 3466 437 ³³8

185 490 360 565 probe
390 488 553 545 sciret
576 488 842 543 Arianum
867 501 1083 556 semper
1110 485 1300 543 fuisse.
1333 487 1469 542 Cum
1501 497 1681 544 autem
1712 491 1766 542 in

193 586 377 655 primo
413 582 536 636 loco
576 580 712 635 dicit
746 579 1176 652 Chrysostomus
1231 580 1591 652 imperatores
1638 596 1774 637 con-

189 674 364 732 traria
384 673 458 728 iis
484 688 607 742 qua:
633 671 961 741 gerebantur
989 684 1195 742 optare,
1217 672 1426 742 adjicit,
1445 672 1520 735 ὼς
1540 673 1778 743 ἐμαυτὸν

192 763 392 827 πείθω,
416 770 473 816 ut
512 761 640 815 mihi
658 762 769 831 ipse
792 761 1104 830 persuadeo,
1140 777 1246 832 qua
1272 771 1420 817 certe
1443 762 1699 817 cautione
1721 777 1781 817 se

195 854 488 910 adversum
522 851 791 922 suspicari
823 851 1166 907 testiﬁcatur.
1196 849 1408 921 Itaque,
1444 867 1569 906 cum
1596 851 1780 906 hocin

200 939 426 1011 negotio
455 938 526 994 de
548 938 754 994 Ariana
785 939 981 995 haeresi
1011 954 1120 995 non
1155 948 1430 1010 ageretur,
1457 948 1622 1010 atque
1671 948 1784 997 tres

150 1079 163 1103 ._
195 1031 578 1103 imperatores,
599 1030 816 1086 tametsi
836 1029 1039 1086 Valens
1067 1031 1306 1087 Arianus
1330 1040 1468 1097 erat,
1489 1031 1785 1091 Christiazi

194 1132 378 1177 tamen
412 1128 619 1185 essent,
648 1129 872 1191 stupere
916 1135 977 1176 se
1009 1121 1086 1176 ait
1132 1120 1586 1193 Chrysostomus,
1616 1122 1790 1191 impe-

200 1211 481 1267 ratoribus
515 1209 848 1267 Christianis
876 1211 1193 1280 hujusmodi
1230 1211 1477 1268 facinora
1510 1214 1566 1266 in
1599 1227 1790 1268 mona-

199 1304 337 1361 chos
384 1303 624 1360 admitti.
656 1302 793 1358 Nam
828 1303 1206 1371 Constantius,
1242 1305 1506 1373 Arianus,
1538 1304 1679 1360 nihil
1711 1303 1790 1359 si-

92 1405 98 1411 ·
163 1392 172 1400 ⁷
199 1395 330 1450 mile
353 1408 644 1480 aggressus
666 1392 872 1457 fuerat.

275 1487 436 1543 Aliud
463 1487 702 1557 denique
738 1495 1144 1558 argumentum,
1185 1485 1331 1557 quod
1356 1484 1467 1540 sibi
1495 1485 1792 1540 Tillemon-

202 1581 315 1636 tius
335 1579 547 1650 objicit,
571 1579 828 1650 quodque
847 1587 1002 1649 putat
1036 1578 1435 1633 validissimum
1460 1590 1605 1642 esse,
1634 1591 1794 1647 pror-

205 1688 301 1729 sus
339 1672 549 1728 nullum
581 1669 819 1725 videtur.
852 1668 989 1725 Nam
1019 1684 1143 1724 cum
1174 1667 1626 1740 Chrysostomus,
1653 1675 1796 1737 post-

206 1779 368 1836 quam
402 1762 631 1818 Paulum
654 1761 735 1818 sic
752 1761 1065 1831 loquentem
1086 1760 1401 1827 induxerat,
1420 1758 1639 1824 Patres,
1669 1757 1800 1812 edu-

206 1868 321 1911 cate
348 1855 492 1926 ﬁlios
517 1862 718 1909 vestros
741 1854 795 1908 in
816 1853 1102 1922 disciplina
1131 1861 1180 1908 et
1207 1852 1538 1922 correptione
1558 1850 1796 1917 Domini,
1853 1845 1857 1849 ’

206 1951 277 2004 ita
303 1947 698 2020 prosequitur:
724 1944 784 2001 Si
828 1946 970 2001 enim
1005 1961 1099 2000 nos
1140 1945 1395 2014 jubemur
1433 1944 1656 2015 vigilare
1706 1959 1799 2012 pro

206 2041 485 2097 animabus
506 2056 687 2096 eorum
718 2048 972 2109 tanquam
1013 2024 1273 2092 rationem
1305 2035 1591 2102 reddituri,
1627 2034 1794 2089 multo

207 2135 378 2204 magis
412 2142 584 2202 pater,
613 2130 704 2202 qni
730 2131 930 2201 genuit,
979 2130 1070 2200 qui
1101 2129 1364 2195 educavit,
1402 2129 1499 2199 qui
1540 2142 1660 2181 cum
1706 2126 1801 2180 illo

208 2228 353 2281 domi
378 2241 580 2291 semper
596 2231 792 2279 ntanet.
814 2222 969 2298 Pauli
988 2214 1129 2279 haud
1159 2221 1348 2286 dubie,
1374 2236 1586 2277 necnon
1610 2233 1801 2276 eorum

213 2321 414 2391 quibus
441 2317 711 2373 incumbit
734 2307 968 2372 aliorum
989 2316 1148 2372 saluti
1174 2313 1491 2385 advigilare,
1511 2326 1802 2384 personam

213 2418 341 2488 agit.
394 2414 537 2470 Nihil
579 2413 779 2486 quippe
811 2411 1138 2468 familiarius
1184 2411 1284 2478 illi,
1315 2411 1371 2467 in
1424 2409 1512 2466 his
1566 2408 1804 2463 maxime

215 2509 388 2570 libris,
422 2523 588 2579 quam
617 2521 806 2562 eorum
841 2519 982 2575 quos
1015 2503 1070 2559 in
1094 2502 1337 2559 medium
1366 2499 1589 2561 adducit
1616 2513 1806 2568 perso-

218 2617 338 2655 nam
388 2613 690 2655 assumere.
737 2597 829 2654 Sic
872 2597 1012 2653 libro
1044 2611 1129 2660 Ill,
1175 2610 1331 2650 num.
1368 2593 1458 2660 14,
1511 2600 1804 2663 postquam

218 2692 546 2762 probaverat
581 2687 772 2744 iisdem
812 2687 1007 2751 ciliciis
1041 2685 1310 2742 obnoxios
1340 2682 1632 2739 saeculares
1661 2695 1804 2744 esse,

216 2782 427 2854 quibus
448 2778 703 2835 monachi
724 2763 900 2845 erant,
924 2778 1037 2834 haec
1059 2776 1245 2857 adjicit
1267 2793 1281 2829 :
1307 2773 1497 2846 Itaque
1523 2772 1800 2845 quoniam,

219 2889 272 2929 ut
302 2894 334 2928 a
374 2873 525 2928 nobis
573 2872 714 2927 clare
760 2872 1184 2926 demonstratum
1229 2877 1344 2931 est,
1384 2866 1571 2922 iisdem
1629 2879 1811 2923 sumus

220 2989 231 3018 ι
252 2966 400 3036 [ﬁciis
420 2965 654 3028 obnoxii,
685 2962 875 3035 quibus
901 2960 1167 3024 monachi,
1203 2957 1501 3029 faciliorem
1527 2970 1807 3025 percurra-

220 3076 336 3113 mus
391 3060 550 3124 viam,
590 3057 658 3110 ad
699 3071 915 3125 eamque
960 3054 1100 3124 ﬁlios
1149 3051 1509 3111 attrahamus.
1538 3047 1624 3105 An
1677 3047 1809 3105 hinc

224 3150 413 3205 inferri
448 3151 623 3221 possit
654 3146 1132 3219 Chrysostomum,
1156 3143 1251 3215 qui
1284 3150 1416 3201 tunc
1445 3142 1499 3201 in
1524 3137 1810 3199 montibus

224 3253 278 3296 cl.
325 3243 379 3297 in
443 3255 664 3297 secessu
697 3239 932 3304 vivebat,
962 3234 1282 3295 smcularem
1321 3232 1518 3299 fuisse,
1554 3230 1812 3307 filiosque

228 3331 568 3401 suscepisse?
610 3327 675 3383 Et
707 3344 861 3383 num.
901 3327 990 3394 l7,
1034 3324 1175 3395 Ergo
1201 3340 1296 3380 nec
1345 3324 1490 3393 ﬁlios
1540 3328 1750 3376 nostros
1782 3335 1814 3371 a

226 3422 421 3475 deserti
464 3418 878 3474 commoratione
918 3425 1039 3471 ante
1076 3427 1280 3487 tempus
1320 3412 1694 3473 abducamus:
1728 3408 1817 3465 sed

225 3518 469 3569 sinamus
504 3513 819 3583 disciplinas
855 3504 1019 3575 altius
1053 3509 1312 3581 imprimi,
1340 3519 1392 3563 et
1422 3505 1634 3578 plantas
1672 3501 1820 3575 radi-

231 3610 376 3665 cibus
427 3608 654 3678 ﬁrmari.
712 3603 859 3659 Nihil
913 3618 1046 3660 sane
1097 3586 1442 3675 frequentius
1494 3606 1598 3660 est,
1652 3606 1831 3664 quam

230 3700 684 3771 (Ilrrysostomum
704 3696 889 3751 videre
904 3693 1068 3749 modo
1090 3689 1451 3751 monentium,
1484 3702 1610 3742 mox
1628 3698 1820 3741 eorum

233 3792 436 3863 quibus
463 3789 667 3844 monita
711 3787 1044 3856 diriguntur,
1072 3795 1365 3852 personam
1397 3794 1577 3850 agere.

309 3883 495 3953 Itaque
545 3881 998 3951 Chrysostomns,
1028 3876 1123 3949 qui
1172 3888 1317 3933 anno
1355 3871 1462 3928 574
1495 3870 1561 3924 ad
1607 3878 1825 3941 montes

237 3982 567 4042 secesserat,
603 3986 728 4028 cum
767 3968 1097 4025 auctoritate
1144 3964 1362 4036 publica
1394 3959 1659 4032 exagitari
1702 3973 1821 4013 mo-

237 4084 323 4133 na:
346 4067 449 4123 hos
481 4074 535 4120 et
566 4063 790 4121 sedibus
816 4060 943 4131 pelli
972 4058 1277 4119 didicisset,
1306 4067 1451 4108 anno
1476 4051 1605 4115 575,
1630 4049 1712 4104 vel
1743 4064 1821 4104 se-

236 4159 454 4231 quenti,
482 4155 643 4211 amici
671 4163 862 4225 rogatu
899 4152 1001 4208 hos
1032 4149 1201 4204 libros
1229 4143 1484 4219 scripsit;
1507 4143 1564 4211 in
1588 4155 1826 4215 quorum

239 4228 423 4324 primo
470 4248 631 4303 docet
682 4252 951 4317 quantum
984 4238 1090 4296 sibi
1137 4233 1369 4310 periculi
1400 4231 1705 4296 attrahant,
1736 4228 1858 4300 qui.

1884 499 2106 547 sanctos
2132 502 2185 547 et
2210 491 2300 547 Dei
2331 494 2537 549 amicos
2577 504 2914 563 oppugnant,
2950 492 3189 548 ostendit
3222 509 3318 550 eos
3358 512 3466 551 non

1883 582 1989 652 piis
2015 581 2171 648 viris,
2200 583 2290 638 sed
2326 583 2678 654 sibimetipsis
2712 599 2910 639 nocere
2936 599 2950 637 :
2983 581 3147 653 idque
3177 585 3471 639 confirmat

1885 673 2135 743 exemplo
2167 672 2506 738 Judaaorum,
2535 674 2652 743 qui,
2677 672 2934 742 quoniam
2973 670 3254 728 Christum
3291 684 3469 730 morte

1886 761 2181 818 affecerant
2206 762 2594 833 apostolosque
2642 770 2992 826 vexaverant,
3030 762 3087 816 in
3122 776 3217 818 eas
3245 762 3470 817 calami-

1890 863 2030 911 tates
2059 852 2525 923 incideruntquas
2553 852 2826 923 Josephus
2857 862 3277 909 commemorat.
3299 852 3472 923 Iiujns

1893 958 2056 1016 porro
2087 944 2376 1014 scriptoris
2396 944 2611 1015 insigne
2644 943 3011 1016 fragmentum
3033 941 3220 1012 refert,
3248 954 3302 999 et
3330 954 3474 1015 post-

1890 1050 2057 1105 quam
2093 1034 2334 1091 ostendit
2358 1035 2581 1104 quantis
2609 1050 2671 1091 se
2713 1032 2975 1105 periculis
3011 1035 3379 1106 eximant-qui
3407 1051 3473 1092 ex

1896 1124 2087 1179 mundi
2145 1125 2427 1180 consortio
2490 1124 2787 1191 secedunt,
2841 1123 2923 1180 sic
2975 1123 3175 1180 librum
3236 1126 3473 1195 primum

1896 1217 2123 1273 claudit.

1968 1308 2026 1364 In
2053 1308 2295 1366 secundo
2322 1307 2464 1364 libro
2505 1316 2717 1380 patrem
2750 1306 3048 1369 inﬁdelem,
3077 1307 3193 1363 sive
3234 1309 3477 1363 nondum

1899 1402 2212 1458 credentem
2241 1401 2297 1457 in
2330 1401 2638 1471 Christum,
2680 1402 2842 1473 cujus
2888 1400 3062 1457 ﬁlium
3108 1401 3479 1457 Christianam

1900 1493 2229 1564 religionem
2259 1480 2717 1563 amplexatumin
2752 1501 2992 1549 montem
3041 1493 3336 1549 recessisse
3365 1506 3483 1547 mo-

1900 1585 2317 1655 nachorumque
2349 1584 2516 1638 vitam
2565 1584 2876 1654 suscepisse
2929 1583 3104 1654 ﬁngit,
3138 1582 3480 1654 alloquitur:

1903 1677 2270 1748 humanisque
2298 1675 2599 1732 ratiociniis
2616 1684 2781 1746 atque
2796 1675 3061 1745 exemplis
3077 1684 3318 1731 veterum
3342 1674 3487 1730 Grae-

1900 1783 2090 1823 corum
2120 1766 2318 1837 prohat
2352 1781 2502 1833 eum,
2533 1767 2629 1836 qui
2667 1765 2852 1821 omnia
2897 1765 3149 1835 despicit,
3188 1779 3312 1820 vere
3343 1763 3485 1819 diri-

1902 1871 2010 1916 tem
2040 1874 2185 1925 esse,
2209 1859 2521 1928 virtuteque
2551 1857 2837 1913 clariorem
2873 1857 3044 1924 eﬁici,
3078 1871 3242 1927 quam
3288 1855 3486 1926 opibus

1902 1949 2230 2013 efﬁceretur,
2264 1956 2431 2021 atque
2454 1965 2484 2004 a
2512 1948 2735 2005 nemine
2764 1947 2887 2003 laedi
2908 1962 3091 2018 posse.
3124 1946 3278 2002 Licet
3304 1953 3487 2001 autem

1904 2042 2039 2097 illud
2072 2032 2333 2112 ﬁngentis
2380 2054 2533 2095 more
2577 2045 2871 2109 proponat,
2902 2035 2957 2090 in
3001 2035 3110 2091 ﬁne
3141 2044 3322 2090 tamen
3360 2032 3485 2088 libri

1904 2135 2001 2196 ait,
2032 2133 2272 2189 amicum
2306 2131 2410 2188 sibi
2437 2129 2612 2187 fuisse
2631 2128 2835 2199 ethnici
2860 2127 2959 2183 viri
2996 2126 3192 2192 ﬁlium,
3218 2125 3336 2195 qui,
3360 2139 3489 2180 cum

1903 2224 2274 2279 Christianam
2328 2213 2729 2294 philosophiam
2765 2206 3053 2290 amplexus
3081 2226 3249 2283 esset,
3284 2225 3488 2286 patrem

1904 2332 1964 2371 se
1993 2315 2182 2383 minis,
2211 2315 2447 2371 vinculis
2484 2313 2718 2383 aliisque
2755 2310 3016 2367 aerumnis
3045 2308 3111 2365 ad
3139 2308 3374 2379 priorem
3408 2306 3486 2360 vi-

1909 2414 2018 2460 tam
2050 2419 2311 2463 revocare
2338 2413 2652 2469 conantem,
2678 2402 2899 2458 demum
2941 2398 3251 2456 constantia
3291 2412 3390 2454 sua
3426 2410 3494 2452 eo

1910 2497 2224 2563 adduxerit,
2264 2504 2325 2551 ut
2372 2496 2592 2552 demum
2646 2491 2980 2565 palinodiam
3036 2498 3278 2555 caneret,
3328 2496 3495 2558 atque

1909 2589 2083 2645 ﬁlium
2133 2590 2287 2655 illum
2335 2587 2547 2651 caeteris
2598 2585 2929 2648 anteferret,
2979 2582 3092 2637 imo
3146 2580 3321 2651 patris
3369 2580 3495 2636 loco

1910 2681 2154 2737 haberet.
2313 2716 2323 2727 -
2716 2698 2719 2703 ·
2796 2694 2799 2699 ·

1982 2776 2043 2828 In
2071 2773 2232 2832 tertio
2266 2773 2426 2844 longe
2452 2768 2740 2843 prolixiori
2763 2767 3009 2827 oratione
3044 2774 3249 2837 patrem
3286 2760 3494 2818 ﬁdelem

1908 2867 2232 2938 alloquitur,
2260 2874 2556 2933 monetque
2586 2877 2656 2919 ne
2702 2860 2873 2919 lilium
2926 2856 3181 2916 secedere
3226 2854 3495 2908 volentem

1912 2977 1943 3017 a
1977 2959 2246 3021 sententia
2271 2957 2528 3023 deducat,
2550 2963 2675 3013 tum
2704 2958 3005 3023 parentum
3050 2947 3318 3005 incuriam
3352 2945 3498 2999 circa

1911 3053 2155 3117 ﬁliorum
2199 3049 2433 3109 salutem
2479 3046 2814 3111 insectatur;
2850 3051 3058 3113 quanta
3110 3055 3322 3097 morum
3376 3051 3499 3092 tor-

1914 3143 2100 3214 ruptio
2135 3140 2412 3199 civitatem
2441 3135 2709 3195 invaserit
2734 3132 3054 3204 παθητικῶς
3079 3129 3337 3187 describit
3365 3144 3379 3179 :
3415 3128 3501 3179 vix

1915 3255 2079 3312 posse
2116 3238 2192 3294 ait
2219 3236 2453 3295 salutem
2481 3233 2667 3291 curari
2696 3232 2751 3288 in
2782 3237 2932 3286 tanta
2956 3227 3215 3283 vitiorum
3249 3224 3499 3280 colluvie.

1918 3329 2134 3389 Laudat
2155 3326 2555 3397 monachorum
2595 3322 2789 3385 vitam,
2810 3319 3207 3388 historiamque
3237 3314 3393 3370 aﬁ‘ert
3417 3314 3506 3384 ju—

1920 3422 2077 3479 venis
2109 3435 2141 3476 a
2175 3417 2427 3477 solitario
2469 3416 2524 3472 in
2574 3416 2710 3470 urbe
2739 3411 2996 3481 educati;
3046 3423 3270 3479 remque
3316 3413 3504 3461 notatn

1892 3515 2141 3585 dignam
2169 3512 2352 3579 docet,
2387 3522 2588 3578 nempe
2623 3503 2995 3562 Antiochenos
3028 3501 3172 3555 filios
3206 3513 3337 3555 suos
3370 3496 3504 3550 ado-

1920 3606 2193 3663 lescentes
2238 3602 2304 3658 ad
2354 3597 2684 3657 monasteria
2733 3593 2951 3675 mittere
2995 3589 3370 3653 consuevisse,
3424 3595 3505 3652 ut,

1923 3708 2212 3771 postquam
2244 3696 2300 3750 in
2323 3694 2525 3749 virtute
2556 3690 2866 3761 pietateque
2880 3686 3048 3759 probe
3068 3681 3346 3739 exercitati
3367 3678 3507 3735 fuis-

1926 3803 2070 3855 sent,
2099 3790 2326 3845 domum
2369 3791 2698 3855 repeterent.

2002 3883 2113 3938 llos
2148 3896 2312 3953 porro
2344 3880 2512 3934 libros
2545 3876 2771 3932 Latinos
2813 3874 3019 3929 fecerat
3049 3865 3373 3924 Ambrosius
3402 3864 3506 3919 Ca-

1931 3974 2307 4034 maldulcnsis.
2335 3971 2536 4027 Verum
2565 3969 2692 4039 quia
2726 3962 3103 4036 interpretatio
3124 3960 3244 4030 ejus
3268 3957 3508 4028 plerum-
3571 3984 3581 3994 -

1930 4085 2037 4140 que
2063 4064 2423 4138 paraphrasin
2473 4061 2639 4133 sapit,
2675 4073 2871 4115 novam
2909 4056 3032 4111 ideo
3058 4050 3355 4124 parandam
3388 4062 3510 4102 esse

1931 4158 2159 4233 putari.~

3645 315 3674 388 ἱ
