  <div class='ocr_page' id='page_1' title='image "/cluster/home/n/w/nwhite01/storage/ocr_20150623/47:no.1:pt.1/coo.31924054869460/279.png"; bbox 0 0 3954 6406; ppageno 0'>
   <div class='ocr_carea' id='block_1_1' title="bbox 1159 333 1178 355">
    <p class='ocr_par' dir='ltr' id='par_1_1' title="bbox 1159 333 1178 355">
     <span class='ocr_line' id='line_1_1' title="bbox 1159 333 1178 355; baseline 0 0"><span class='ocrx_word' id='word_1_1' title='bbox 1159 333 1178 355; x_wconf 56' lang='grc' dir='ltr'><strong>’κ</strong></span> 
     </span>
    </p>
   </div>
   <div class='ocr_carea' id='block_1_2' title="bbox 485 373 589 429">
    <p class='ocr_par' dir='ltr' id='par_1_2' title="bbox 485 373 589 429">
     <span class='ocr_line' id='line_1_2' title="bbox 485 373 589 429; baseline 0 -1"><span class='ocrx_word' id='word_1_2' title='bbox 485 373 589 429; x_wconf 71' lang='grc'><strong>519</strong></span> 
     </span>
    </p>
   </div>
   <div class='ocr_carea' id='block_1_3' title="bbox 538 562 2873 594">
    <p class='ocr_par' dir='ltr' id='par_1_3' title="bbox 538 562 2873 594">
     <span class='ocr_line' id='line_1_3' title="bbox 538 562 2873 594; baseline -0.003 0"><span class='ocrx_word' id='word_1_3' title='bbox 538 562 2873 594; x_wconf 67' lang='lat' dir='ltr'><em>W</em></span> 
     </span>
    </p>
   </div>
   <div class='ocr_carea' id='block_1_4' title="bbox 1182 364 3050 425">
    <p class='ocr_par' dir='ltr' id='par_1_4' title="bbox 1182 364 3050 425">
     <span class='ocr_line' id='line_1_4' title="bbox 1182 364 3050 425; baseline -0.002 -2"><span class='ocrx_word' id='word_1_4' title='bbox 1182 368 1237 423; x_wconf 88' lang='lat' dir='ltr'><strong>S.</strong></span> <span class='ocrx_word' id='word_1_5' title='bbox 1281 365 1570 425; x_wconf 69' lang='lat' dir='ltr'><strong>JOANNIS</strong></span> <span class='ocrx_word' id='word_1_6' title='bbox 1604 365 2096 423; x_wconf 76' lang='lat' dir='ltr'><strong>CHRYSOSTOMI</strong></span> <span class='ocrx_word' id='word_1_7' title='bbox 2135 364 2456 422; x_wconf 79' lang='lat' dir='ltr'><strong>ARCIIIEI’.</strong></span> <span class='ocrx_word' id='word_1_8' title='bbox 2497 364 3050 422; x_wconf 70' lang='lat' dir='ltr'><strong>CONSTANTINOP.</strong></span> 
     </span>
    </p>
   </div>
   <div class='ocr_carea' id='block_1_5' title="bbox 3645 370 3742 424">
    <p class='ocr_par' dir='ltr' id='par_1_5' title="bbox 3645 370 3742 424">
     <span class='ocr_line' id='line_1_5' title="bbox 3645 370 3742 424; baseline -0.041 0"><span class='ocrx_word' id='word_1_9' title='bbox 3645 370 3742 424; x_wconf 69' lang='lat'><strong>3&#39;20</strong></span> 
     </span>
    </p>
   </div>
   <div class='ocr_carea' id='block_1_6' title="bbox 3467 563 3734 575">
    <p class='ocr_par' dir='ltr' id='par_1_6' title="bbox 3467 563 3734 575">
     <span class='ocr_line' id='line_1_6' title="bbox 3467 563 3734 575; baseline 0.015 -4"><span class='ocrx_word' id='word_1_10' title='bbox 3467 563 3734 575; x_wconf 48' lang='grc'><strong>*-</strong></span> 
     </span>
    </p>
   </div>
   <div class='ocr_carea' id='block_1_7' title="bbox 3487 576 3732 592">
    <p class='ocr_par' dir='ltr' id='par_1_7' title="bbox 3487 576 3732 592">
     <span class='ocr_line' id='line_1_7' title="bbox 3487 576 3732 592; baseline 0 -4"><span class='ocrx_word' id='word_1_11' title='bbox 3487 576 3732 592; x_wconf 45' lang='grc' dir='ltr'><strong>ᾐ-</strong></span> 
     </span>
    </p>
   </div>
   <div class='ocr_carea' id='block_1_8' title="bbox 655 915 3635 1122">
    <p class='ocr_par' dir='ltr' id='par_1_8' title="bbox 655 915 3635 1122">
     <span class='ocr_line' id='line_1_8' title="bbox 655 915 3635 1122; baseline -0.004 -36"><span class='ocrx_word' id='word_1_12' title='bbox 655 924 1791 1122; x_wconf 81' lang='lat' dir='ltr'><strong>ADVERSUS</strong></span> <span class='ocrx_word' id='word_1_13' title='bbox 1923 915 3635 1080; x_wconf 81' lang='lat' dir='ltr'><strong>OPPUGNATORES</strong></span> 
     </span>
    </p>
   </div>
   <div class='ocr_carea' id='block_1_9' title="bbox 855 1403 3436 1518">
    <p class='ocr_par' dir='ltr' id='par_1_9' title="bbox 855 1403 3436 1518">
     <span class='ocr_line' id='line_1_9' title="bbox 855 1403 3436 1518; baseline -0.007 -16"><span class='ocrx_word' id='word_1_14' title='bbox 855 1424 1206 1503; x_wconf 78' lang='lat' dir='ltr'><strong>EOBUM</strong></span> <span class='ocrx_word' id='word_1_15' title='bbox 1272 1424 1455 1518; x_wconf 87' lang='lat' dir='ltr'><strong>QUI</strong></span> <span class='ocrx_word' id='word_1_16' title='bbox 1519 1419 1654 1496; x_wconf 83' lang='lat' dir='ltr'><strong>AD</strong></span> <span class='ocrx_word' id='word_1_17' title='bbox 1717 1411 2388 1494; x_wconf 78' lang='lat' dir='ltr'><strong>MONASTICAM</strong></span> <span class='ocrx_word' id='word_1_18' title='bbox 2460 1408 2794 1492; x_wconf 80' lang='lat' dir='ltr'><strong>VlTAM</strong></span> <span class='ocrx_word' id='word_1_19' title='bbox 2853 1403 3436 1488; x_wconf 82' lang='lat' dir='ltr'><strong>INDUCUNT.</strong></span> 
     </span>
    </p>
   </div>
   <div class='ocr_carea' id='block_1_10' title="bbox 2103 1823 2190 1842">
    <p class='ocr_par' dir='ltr' id='par_1_10' title="bbox 2103 1823 2190 1842">
     <span class='ocr_line' id='line_1_10' title="bbox 2103 1823 2190 1842; baseline -0.023 0"><span class='ocrx_word' id='word_1_20' title='bbox 2103 1823 2190 1842; x_wconf 69' lang='grc' dir='ltr'><strong>ου-ο</strong></span> 
     </span>
    </p>
   </div>
   <div class='ocr_carea' id='block_1_11' title="bbox 594 2141 2106 2217">
    <p class='ocr_par' dir='ltr' id='par_1_11' title="bbox 594 2141 2106 2217">
     <span class='ocr_line' id='line_1_11' title="bbox 594 2141 2106 2217; baseline -0.007 -11"><span class='ocrx_word' id='word_1_21' title='bbox 594 2155 642 2206; x_wconf 86' lang='lat' dir='ltr'><strong>l.</strong></span> <span class='ocrx_word' id='word_1_22' title='bbox 684 2150 817 2204; x_wconf 91' lang='lat' dir='ltr'><strong>Cum</strong></span> <span class='ocrx_word' id='word_1_23' title='bbox 839 2146 1094 2217; x_wconf 78' lang='lat' dir='ltr'><strong>templum</strong></span> <span class='ocrx_word' id='word_1_24' title='bbox 1117 2145 1244 2200; x_wconf 94' lang='lat' dir='ltr'><strong>illud</strong></span> <span class='ocrx_word' id='word_1_25' title='bbox 1264 2143 1787 2215; x_wconf 83' lang='lat' dir='ltr'><strong>Jerosolymitanum,</strong></span> <span class='ocrx_word' id='word_1_26' title='bbox 1805 2141 1944 2212; x_wconf 91' lang='lat' dir='ltr'><strong>quod</strong></span> <span class='ocrx_word' id='word_1_27' title='bbox 1965 2141 2106 2197; x_wconf 85' lang='lat' dir='ltr'><strong>mul-</strong></span> 
     </span>
    </p>
   </div>
   <div class='ocr_carea' id='block_1_12' title="bbox 525 2230 2103 2305">
    <p class='ocr_par' dir='ltr' id='par_1_12' title="bbox 525 2230 2103 2305">
     <span class='ocr_line' id='line_1_12' title="bbox 525 2230 2103 2305; baseline -0.006 -10"><span class='ocrx_word' id='word_1_28' title='bbox 525 2240 593 2295; x_wconf 91' lang='lat' dir='ltr'><strong>tis</strong></span> <span class='ocrx_word' id='word_1_29' title='bbox 621 2240 773 2293; x_wconf 89' lang='lat' dir='ltr'><strong>annis</strong></span> <span class='ocrx_word' id='word_1_30' title='bbox 801 2237 916 2292; x_wconf 92' lang='lat' dir='ltr'><strong>solo</strong></span> <span class='ocrx_word' id='word_1_31' title='bbox 944 2241 1208 2305; x_wconf 64' lang='lat' dir='ltr'><strong>requatum</strong></span> <span class='ocrx_word' id='word_1_32' title='bbox 1246 2233 1516 2303; x_wconf 91' lang='lat' dir='ltr'><strong>iacuerat,</strong></span> <span class='ocrx_word' id='word_1_33' title='bbox 1545 2247 1574 2286; x_wconf 91' lang='lat' dir='ltr'><strong>a</strong></span> <span class='ocrx_word' id='word_1_34' title='bbox 1600 2231 1852 2286; x_wconf 89' lang='lat' dir='ltr'><strong>diuturna</strong></span> <span class='ocrx_word' id='word_1_35' title='bbox 1877 2230 2103 2302; x_wconf 85' lang='lat' dir='ltr'><strong>captivi-</strong></span> 
     </span>
    </p>
   </div>
   <div class='ocr_carea' id='block_1_13' title="bbox 535 2321 2111 2396">
    <p class='ocr_par' dir='ltr' id='par_1_13' title="bbox 535 2321 2111 2396">
     <span class='ocr_line' id='line_1_13' title="bbox 535 2321 2111 2396; baseline -0.004 -12"><span class='ocrx_word' id='word_1_36' title='bbox 535 2341 640 2384; x_wconf 88' lang='lat' dir='ltr'><strong>tate</strong></span> <span class='ocrx_word' id='word_1_37' title='bbox 665 2328 861 2384; x_wconf 89' lang='lat' dir='ltr'><strong>reversi</strong></span> <span class='ocrx_word' id='word_1_38' title='bbox 884 2327 1092 2382; x_wconf 67' lang='lat' dir='ltr'><strong>Hebraei</strong></span> <span class='ocrx_word' id='word_1_39' title='bbox 1121 2326 1416 2380; x_wconf 84' lang='lat' dir='ltr'><strong>instaurare</strong></span> <span class='ocrx_word' id='word_1_40' title='bbox 1438 2332 1694 2393; x_wconf 89' lang='lat' dir='ltr'><strong>cuperent</strong></span> <span class='ocrx_word' id='word_1_41' title='bbox 1714 2321 1798 2396; x_wconf 73' lang='grc'><strong>(2.</strong></span> <span class='ocrx_word' id='word_1_42' title='bbox 1824 2321 2006 2378; x_wconf 59' lang='lat' dir='ltr'><strong>Eadm</strong></span> <span class='ocrx_word' id='word_1_43' title='bbox 2025 2324 2080 2394; x_wconf 72' lang='grc'><strong>4)</strong></span> <span class='ocrx_word' id='word_1_44' title='bbox 2095 2368 2111 2394; x_wconf 85' lang='grc'><em>,</em></span> 
     </span>
    </p>
   </div>
   <div class='ocr_carea' id='block_1_14' title="bbox 528 2411 2106 2486">
    <p class='ocr_par' dir='ltr' id='par_1_14' title="bbox 528 2411 2106 2486">
     <span class='ocr_line' id='line_1_14' title="bbox 528 2411 2106 2486; baseline -0.004 -12"><span class='ocrx_word' id='word_1_45' title='bbox 528 2431 638 2474; x_wconf 89' lang='lat' dir='ltr'><strong>tum</strong></span> <span class='ocrx_word' id='word_1_46' title='bbox 657 2417 866 2472; x_wconf 89' lang='lat' dir='ltr'><strong>barbari</strong></span> <span class='ocrx_word' id='word_1_47' title='bbox 883 2415 1094 2486; x_wconf 92' lang='lat' dir='ltr'><strong>quidam</strong></span> <span class='ocrx_word' id='word_1_48' title='bbox 1116 2423 1172 2469; x_wconf 92' lang='lat' dir='ltr'><strong>et</strong></span> <span class='ocrx_word' id='word_1_49' title='bbox 1193 2416 1452 2468; x_wconf 85' lang='lat' dir='ltr'><strong>immanes</strong></span> <span class='ocrx_word' id='word_1_50' title='bbox 1471 2413 1734 2477; x_wconf 85' lang='lat' dir='ltr'><strong>homines,</strong></span> <span class='ocrx_word' id='word_1_51' title='bbox 1752 2426 1924 2481; x_wconf 91' lang='lat' dir='ltr'><strong>neque</strong></span> <span class='ocrx_word' id='word_1_52' title='bbox 1942 2411 2106 2467; x_wconf 89' lang='lat' dir='ltr'><strong>Deum</strong></span> 
     </span>
    </p>
   </div>
   <div class='ocr_carea' id='block_1_15' title="bbox 522 2503 2106 2576">
    <p class='ocr_par' dir='ltr' id='par_1_15' title="bbox 522 2503 2106 2576">
     <span class='ocr_line' id='line_1_15' title="bbox 522 2503 2106 2576; baseline -0.002 -14"><span class='ocrx_word' id='word_1_53' title='bbox 522 2508 859 2572; x_wconf 86' lang='lat' dir='ltr'><strong>reveriti,eui</strong></span> <span class='ocrx_word' id='word_1_54' title='bbox 887 2507 1139 2576; x_wconf 91' lang='lat' dir='ltr'><strong>templum</strong></span> <span class='ocrx_word' id='word_1_55' title='bbox 1171 2505 1245 2560; x_wconf 86' lang='lat' dir='ltr'><strong>illi</strong></span> <span class='ocrx_word' id='word_1_56' title='bbox 1278 2507 1296 2539; x_wconf 73' lang='grc'>⁸</span> <span class='ocrx_word' id='word_1_57' title='bbox 1323 2513 1624 2571; x_wconf 78' lang='lat' dir='ltr'><strong>erexerant,</strong></span> <span class='ocrx_word' id='word_1_58' title='bbox 1644 2518 1818 2574; x_wconf 90' lang='lat' dir='ltr'><strong>neque</strong></span> <span class='ocrx_word' id='word_1_59' title='bbox 1838 2503 1990 2558; x_wconf 84' lang='lat' dir='ltr'><strong>fracti</strong></span> <span class='ocrx_word' id='word_1_60' title='bbox 2018 2504 2106 2559; x_wconf 90' lang='lat' dir='ltr'><strong>illa</strong></span> 
     </span>
    </p>
   </div>
   <div class='ocr_carea' id='block_1_16' title="bbox 524 2597 2110 2667">
    <p class='ocr_par' dir='ltr' id='par_1_16' title="bbox 524 2597 2110 2667">
     <span class='ocr_line' id='line_1_16' title="bbox 524 2597 2110 2667; baseline 0 -14"><span class='ocrx_word' id='word_1_61' title='bbox 524 2599 795 2654; x_wconf 81' lang='lat' dir='ltr'><strong>hominum</strong></span> <span class='ocrx_word' id='word_1_62' title='bbox 818 2599 1120 2654; x_wconf 82' lang='lat' dir='ltr'><strong>calamitate</strong></span> <span class='ocrx_word' id='word_1_63' title='bbox 1139 2639 1155 2665; x_wconf 96' lang='lat'><strong>,</strong></span> <span class='ocrx_word' id='word_1_64' title='bbox 1183 2611 1214 2651; x_wconf 91' lang='lat' dir='ltr'><strong>a</strong></span> <span class='ocrx_word' id='word_1_65' title='bbox 1243 2611 1345 2667; x_wconf 89' lang='lat' dir='ltr'><strong>qua</strong></span> <span class='ocrx_word' id='word_1_66' title='bbox 1372 2610 1494 2652; x_wconf 91' lang='lat' dir='ltr'><strong>sero</strong></span> <span class='ocrx_word' id='word_1_67' title='bbox 1520 2597 1734 2651; x_wconf 87' lang='lat' dir='ltr'><strong>tandem</strong></span> <span class='ocrx_word' id='word_1_68' title='bbox 1759 2597 1849 2651; x_wconf 83' lang='lat' dir='ltr'><strong>vix</strong></span> <span class='ocrx_word' id='word_1_69' title='bbox 1875 2611 1934 2652; x_wconf 91' lang='lat' dir='ltr'><strong>se</strong></span> <span class='ocrx_word' id='word_1_70' title='bbox 1959 2611 2110 2652; x_wconf 80' lang='lat' dir='ltr'><strong>rece-</strong></span> 
     </span>
    </p>
   </div>
   <div class='ocr_carea' id='block_1_17' title="bbox 524 2686 2108 2762">
    <p class='ocr_par' dir='ltr' id='par_1_17' title="bbox 524 2686 2108 2762">
     <span class='ocr_line' id='line_1_17' title="bbox 524 2686 2108 2762; baseline -0.003 -16"><span class='ocrx_word' id='word_1_71' title='bbox 524 2700 730 2762; x_wconf 80' lang='lat' dir='ltr'><strong>perant,</strong></span> <span class='ocrx_word' id='word_1_72' title='bbox 764 2704 937 2760; x_wconf 91' lang='lat' dir='ltr'><strong>neque</strong></span> <span class='ocrx_word' id='word_1_73' title='bbox 967 2688 1212 2758; x_wconf 87' lang='lat' dir='ltr'><strong>supplicii</strong></span> <span class='ocrx_word' id='word_1_74' title='bbox 1253 2687 1558 2757; x_wconf 91' lang='lat' dir='ltr'><strong>huiusmodi</strong></span> <span class='ocrx_word' id='word_1_75' title='bbox 1585 2686 1909 2742; x_wconf 78' lang='lat' dir='ltr'><strong>facinoribus</strong></span> <span class='ocrx_word' id='word_1_76' title='bbox 1937 2702 1970 2741; x_wconf 85' lang='lat' dir='ltr'><strong>a</strong></span> <span class='ocrx_word' id='word_1_77' title='bbox 1997 2687 2108 2742; x_wconf 92' lang='lat' dir='ltr'><strong>Deo</strong></span> 
     </span>
    </p>
   </div>
   <div class='ocr_carea' id='block_1_18' title="bbox 522 2777 2111 2850">
    <p class='ocr_par' dir='ltr' id='par_1_18' title="bbox 522 2777 2111 2850">
     <span class='ocr_line' id='line_1_18' title="bbox 522 2777 2111 2850; baseline -0.003 -14"><span class='ocrx_word' id='word_1_78' title='bbox 522 2781 756 2850; x_wconf 78' lang='lat' dir='ltr'><strong>deputati</strong></span> <span class='ocrx_word' id='word_1_79' title='bbox 774 2787 916 2834; x_wconf 91' lang='lat' dir='ltr'><strong>metu</strong></span> <span class='ocrx_word' id='word_1_80' title='bbox 937 2778 1181 2844; x_wconf 84' lang='lat' dir='ltr'><strong>cohibiti,</strong></span> <span class='ocrx_word' id='word_1_81' title='bbox 1200 2777 1372 2847; x_wconf 90' lang='lat' dir='ltr'><strong>primo</strong></span> <span class='ocrx_word' id='word_1_82' title='bbox 1393 2777 1604 2846; x_wconf 86' lang='lat' dir='ltr'><strong>quidem</strong></span> <span class='ocrx_word' id='word_1_83' title='bbox 1628 2792 1722 2845; x_wconf 90' lang='lat' dir='ltr'><strong>per</strong></span> <span class='ocrx_word' id='word_1_84' title='bbox 1737 2791 1795 2831; x_wconf 89' lang='lat' dir='ltr'><strong>se</strong></span> <span class='ocrx_word' id='word_1_85' title='bbox 1810 2791 1903 2832; x_wconf 91' lang='lat' dir='ltr'><strong>eos</strong></span> <span class='ocrx_word' id='word_1_86' title='bbox 1920 2792 1950 2830; x_wconf 93' lang='lat' dir='ltr'><strong>a</strong></span> <span class='ocrx_word' id='word_1_87' title='bbox 1970 2786 2111 2832; x_wconf 89' lang='lat' dir='ltr'><strong>stru-</strong></span> 
     </span>
    </p>
   </div>
   <div class='ocr_carea' id='block_1_19' title="bbox 522 2866 2107 2936">
    <p class='ocr_par' dir='ltr' id='par_1_19' title="bbox 522 2866 2107 2936">
     <span class='ocr_line' id='line_1_19' title="bbox 522 2866 2107 2936; baseline -0.001 -11"><span class='ocrx_word' id='word_1_88' title='bbox 522 2881 670 2925; x_wconf 88' lang='lat' dir='ltr'><strong>ctura</strong></span> <span class='ocrx_word' id='word_1_89' title='bbox 682 2884 933 2924; x_wconf 89' lang='lat' dir='ltr'><strong>coercere</strong></span> <span class='ocrx_word' id='word_1_90' title='bbox 948 2867 1249 2922; x_wconf 82' lang='lat' dir='ltr'><strong>nitebantur</strong></span> <span class='ocrx_word' id='word_1_91' title='bbox 1267 2881 1281 2920; x_wconf 87' lang='lat'><strong>:</strong></span> <span class='ocrx_word' id='word_1_92' title='bbox 1301 2882 1419 2922; x_wconf 91' lang='lat' dir='ltr'><strong>cum</strong></span> <span class='ocrx_word' id='word_1_93' title='bbox 1435 2876 1612 2922; x_wconf 91' lang='lat' dir='ltr'><strong>autem</strong></span> <span class='ocrx_word' id='word_1_94' title='bbox 1631 2866 1759 2921; x_wconf 88' lang='lat' dir='ltr'><strong>nihil</strong></span> <span class='ocrx_word' id='word_1_95' title='bbox 1770 2867 2107 2936; x_wconf 78' lang='lat' dir='ltr'><strong>proﬁcerent,</strong></span> 
     </span>
    </p>
   </div>
   <div class='ocr_carea' id='block_1_20' title="bbox 525 2957 2110 3028">
    <p class='ocr_par' dir='ltr' id='par_1_20' title="bbox 525 2957 2110 3028">
     <span class='ocr_line' id='line_1_20' title="bbox 525 2957 2110 3028; baseline -0.001 -13"><span class='ocrx_word' id='word_1_96' title='bbox 525 2961 702 3015; x_wconf 81' lang='lat' dir='ltr'><strong>missis</strong></span> <span class='ocrx_word' id='word_1_97' title='bbox 737 2959 805 3014; x_wconf 92' lang='lat' dir='ltr'><strong>ad</strong></span> <span class='ocrx_word' id='word_1_98' title='bbox 850 2973 1028 3028; x_wconf 89' lang='lat' dir='ltr'><strong>regem</strong></span> <span class='ocrx_word' id='word_1_99' title='bbox 1073 2972 1227 3012; x_wconf 89' lang='lat' dir='ltr'><strong>suum</strong></span> <span class='ocrx_word' id='word_1_100' title='bbox 1273 2958 1479 3026; x_wconf 83' lang='lat' dir='ltr'><strong>literis,</strong></span> <span class='ocrx_word' id='word_1_101' title='bbox 1536 2957 1727 3027; x_wconf 91' lang='lat' dir='ltr'><strong>quibus</strong></span> <span class='ocrx_word' id='word_1_102' title='bbox 1761 2971 1880 3013; x_wconf 85' lang='lat' dir='ltr'><strong>eam</strong></span> <span class='ocrx_word' id='word_1_103' title='bbox 1924 2957 2110 3013; x_wconf 86' lang='lat' dir='ltr'><strong>urbem</strong></span> 
     </span>
    </p>
   </div>
   <div class='ocr_carea' id='block_1_21' title="bbox 525 3048 2110 3120">
    <p class='ocr_par' dir='ltr' id='par_1_21' title="bbox 525 3048 2110 3120">
     <span class='ocr_line' id='line_1_21' title="bbox 525 3048 2110 3120; baseline -0.001 -12"><span class='ocrx_word' id='word_1_104' title='bbox 525 3052 840 3108; x_wconf 82' lang='lat' dir='ltr'><strong>defectionis</strong></span> <span class='ocrx_word' id='word_1_105' title='bbox 859 3065 1222 3120; x_wconf 91' lang='lat' dir='ltr'><strong>novarumque</strong></span> <span class='ocrx_word' id='word_1_106' title='bbox 1247 3065 1426 3104; x_wconf 90' lang='lat' dir='ltr'><strong>rerum</strong></span> <span class='ocrx_word' id='word_1_107' title='bbox 1453 3048 1768 3116; x_wconf 84' lang='lat' dir='ltr'><strong>studiosam,</strong></span> <span class='ocrx_word' id='word_1_108' title='bbox 1791 3064 1854 3105; x_wconf 93' lang='lat' dir='ltr'><strong>ac</strong></span> <span class='ocrx_word' id='word_1_109' title='bbox 1875 3049 1999 3104; x_wconf 88' lang='lat' dir='ltr'><strong>belli</strong></span> <span class='ocrx_word' id='word_1_110' title='bbox 2017 3065 2110 3106; x_wconf 84' lang='lat' dir='ltr'><strong>cu-</strong></span> 
     </span>
    </p>
   </div>
   <div class='ocr_carea' id='block_1_22' title="bbox 525 3139 2111 3214">
    <p class='ocr_par' dir='ltr' id='par_1_22' title="bbox 525 3139 2111 3214">
     <span class='ocr_line' id='line_1_22' title="bbox 525 3139 2111 3214; baseline -0.002 -15"><span class='ocrx_word' id='word_1_111' title='bbox 525 3145 702 3214; x_wconf 89' lang='lat' dir='ltr'><strong>pidam</strong></span> <span class='ocrx_word' id='word_1_112' title='bbox 725 3143 1080 3214; x_wconf 86' lang='lat' dir='ltr'><strong>appellabant,</strong></span> <span class='ocrx_word' id='word_1_113' title='bbox 1109 3141 1335 3197; x_wconf 89' lang='lat' dir='ltr'><strong>suadent</strong></span> <span class='ocrx_word' id='word_1_114' title='bbox 1362 3141 1434 3205; x_wconf 92' lang='lat' dir='ltr'><strong>ei,</strong></span> <span class='ocrx_word' id='word_1_115' title='bbox 1460 3148 1519 3194; x_wconf 90' lang='lat' dir='ltr'><strong>ut</strong></span> <span class='ocrx_word' id='word_1_116' title='bbox 1543 3139 1643 3195; x_wconf 90' lang='lat' dir='ltr'><strong>sibi</strong></span> <span class='ocrx_word' id='word_1_117' title='bbox 1669 3139 1906 3211; x_wconf 87' lang='lat' dir='ltr'><strong>ejusdem</strong></span> <span class='ocrx_word' id='word_1_118' title='bbox 1928 3140 2111 3210; x_wconf 83' lang='lat' dir='ltr'><strong>prohi-</strong></span> 
     </span>
    </p>
   </div>
   <div class='ocr_carea' id='block_1_23' title="bbox 527 3232 2106 3302">
    <p class='ocr_par' dir='ltr' id='par_1_23' title="bbox 527 3232 2106 3302">
     <span class='ocr_line' id='line_1_23' title="bbox 527 3232 2106 3302; baseline -0.002 -11"><span class='ocrx_word' id='word_1_119' title='bbox 527 3236 682 3291; x_wconf 86' lang='lat' dir='ltr'><strong>bendi</strong></span> <span class='ocrx_word' id='word_1_120' title='bbox 714 3234 926 3290; x_wconf 79' lang='lat' dir='ltr'><strong>aediﬁcii</strong></span> <span class='ocrx_word' id='word_1_121' title='bbox 952 3233 1177 3289; x_wconf 80' lang='lat' dir='ltr'><strong>facultas</strong></span> <span class='ocrx_word' id='word_1_122' title='bbox 1202 3232 1380 3288; x_wconf 86' lang='lat' dir='ltr'><strong>detur.</strong></span> <span class='ocrx_word' id='word_1_123' title='bbox 1419 3232 1533 3301; x_wconf 86' lang='lat' dir='ltr'><strong>Qua</strong></span> <span class='ocrx_word' id='word_1_124' title='bbox 1559 3241 1775 3302; x_wconf 82' lang='lat' dir='ltr'><strong>accepta</strong></span> <span class='ocrx_word' id='word_1_125' title='bbox 1803 3239 2067 3301; x_wconf 84' lang='lat' dir='ltr'><strong>potestate</strong></span> <span class='ocrx_word' id='word_1_126' title='bbox 2088 3271 2106 3300; x_wconf 91' lang='lat'><strong>,</strong></span> 
     </span>
    </p>
   </div>
   <div class='ocr_carea' id='block_1_24' title="bbox 526 3321 2110 3395">
    <p class='ocr_par' dir='ltr' id='par_1_24' title="bbox 526 3321 2110 3395">
     <span class='ocr_line' id='line_1_24' title="bbox 526 3321 2110 3395; baseline -0.003 -15"><span class='ocrx_word' id='word_1_127' title='bbox 526 3339 715 3395; x_wconf 83' lang='lat' dir='ltr'><strong>magna</strong></span> <span class='ocrx_word' id='word_1_128' title='bbox 734 3323 974 3395; x_wconf 89' lang='lat' dir='ltr'><strong>equitum</strong></span> <span class='ocrx_word' id='word_1_129' title='bbox 1001 3338 1164 3377; x_wconf 90' lang='lat' dir='ltr'><strong>manu</strong></span> <span class='ocrx_word' id='word_1_130' title='bbox 1187 3323 1330 3378; x_wconf 89' lang='lat' dir='ltr'><strong>viros</strong></span> <span class='ocrx_word' id='word_1_131' title='bbox 1357 3321 1552 3388; x_wconf 88' lang='lat' dir='ltr'><strong>adorti,</strong></span> <span class='ocrx_word' id='word_1_132' title='bbox 1574 3336 1710 3392; x_wconf 91' lang='lat' dir='ltr'><strong>opus</strong></span> <span class='ocrx_word' id='word_1_133' title='bbox 1735 3321 1864 3376; x_wconf 90' lang='lat' dir='ltr'><strong>illud</strong></span> <span class='ocrx_word' id='word_1_134' title='bbox 1887 3322 1952 3376; x_wconf 91' lang='lat' dir='ltr'><strong>ad</strong></span> <span class='ocrx_word' id='word_1_135' title='bbox 1973 3331 2110 3377; x_wconf 85' lang='lat' dir='ltr'><strong>tem-</strong></span> 
     </span>
    </p>
   </div>
   <div class='ocr_carea' id='block_1_25' title="bbox 525 3411 2109 3486">
    <p class='ocr_par' dir='ltr' id='par_1_25' title="bbox 525 3411 2109 3486">
     <span class='ocr_line' id='line_1_25' title="bbox 525 3411 2109 3486; baseline -0.002 -17"><span class='ocrx_word' id='word_1_136' title='bbox 525 3431 626 3486; x_wconf 88' lang='lat' dir='ltr'><strong>pus</strong></span> <span class='ocrx_word' id='word_1_137' title='bbox 665 3415 939 3469; x_wconf 89' lang='lat' dir='ltr'><strong>intermitti</strong></span> <span class='ocrx_word' id='word_1_138' title='bbox 977 3421 1264 3484; x_wconf 89' lang='lat' dir='ltr'><strong>coegerunt</strong></span> <span class='ocrx_word' id='word_1_139' title='bbox 1295 3429 1309 3468; x_wconf 91' lang='lat'><strong>:</strong></span> <span class='ocrx_word' id='word_1_140' title='bbox 1341 3413 1362 3445; x_wconf 81' lang='grc'><strong><em>⁸</em></strong></span> <span class='ocrx_word' id='word_1_141' title='bbox 1392 3420 1448 3468; x_wconf 90' lang='lat' dir='ltr'><strong>et</strong></span> <span class='ocrx_word' id='word_1_142' title='bbox 1481 3413 1607 3468; x_wconf 88' lang='lat' dir='ltr'><strong>elati</strong></span> <span class='ocrx_word' id='word_1_143' title='bbox 1645 3427 1708 3468; x_wconf 88' lang='lat' dir='ltr'><strong>ea</strong></span> <span class='ocrx_word' id='word_1_144' title='bbox 1743 3411 2000 3478; x_wconf 77' lang='lat' dir='ltr'><strong>victoria,</strong></span> <span class='ocrx_word' id='word_1_145' title='bbox 2041 3411 2109 3466; x_wconf 90' lang='lat' dir='ltr'><strong>de</strong></span> 
     </span>
    </p>
   </div>
   <div class='ocr_carea' id='block_1_26' title="bbox 528 3501 2109 3577">
    <p class='ocr_par' dir='ltr' id='par_1_26' title="bbox 528 3501 2109 3577">
     <span class='ocr_line' id='line_1_26' title="bbox 528 3501 2109 3577; baseline -0.001 -18"><span class='ocrx_word' id='word_1_146' title='bbox 528 3522 631 3577; x_wconf 87' lang='lat' dir='ltr'><strong>qua</strong></span> <span class='ocrx_word' id='word_1_147' title='bbox 655 3506 834 3576; x_wconf 86' lang='lat' dir='ltr'><strong>lugere</strong></span> <span class='ocrx_word' id='word_1_148' title='bbox 853 3505 1164 3572; x_wconf 87' lang='lat' dir='ltr'><strong>debuerant,</strong></span> <span class='ocrx_word' id='word_1_149' title='bbox 1184 3503 1562 3573; x_wconf 77' lang='lat' dir='ltr'><strong>gloriabantur,</strong></span> <span class='ocrx_word' id='word_1_150' title='bbox 1585 3502 1944 3572; x_wconf 85' lang='lat' dir='ltr'><strong>putabamque</strong></span> <span class='ocrx_word' id='word_1_151' title='bbox 1968 3501 2109 3557; x_wconf 93' lang='lat' dir='ltr'><strong>hunc</strong></span> 
     </span>
    </p>
   </div>
   <div class='ocr_carea' id='block_1_27' title="bbox 527 3594 2110 3653">
    <p class='ocr_par' dir='ltr' id='par_1_27' title="bbox 527 3594 2110 3653">
     <span class='ocr_line' id='line_1_27' title="bbox 527 3594 2110 3653; baseline -0.002 -1"><span class='ocrx_word' id='word_1_152' title='bbox 527 3613 650 3653; x_wconf 81' lang='lat' dir='ltr'><strong>esse</strong></span> <span class='ocrx_word' id='word_1_153' title='bbox 671 3597 980 3652; x_wconf 89' lang='lat' dir='ltr'><strong>insidiarum</strong></span> <span class='ocrx_word' id='word_1_154' title='bbox 1001 3611 1218 3650; x_wconf 88' lang='lat' dir='ltr'><strong>suarum</strong></span> <span class='ocrx_word' id='word_1_155' title='bbox 1245 3595 1550 3650; x_wconf 92' lang='lat' dir='ltr'><strong>terminum.</strong></span> <span class='ocrx_word' id='word_1_156' title='bbox 1579 3596 1651 3649; x_wconf 86' lang='lat' dir='ltr'><strong>At</strong></span> <span class='ocrx_word' id='word_1_157' title='bbox 1672 3603 1789 3650; x_wconf 90' lang='lat' dir='ltr'><strong>erat</strong></span> <span class='ocrx_word' id='word_1_158' title='bbox 1805 3594 1933 3649; x_wconf 93' lang='lat' dir='ltr'><strong>illud</strong></span> <span class='ocrx_word' id='word_1_159' title='bbox 1952 3609 2110 3650; x_wconf 77' lang='lat' dir='ltr'><strong>exor-</strong></span> 
     </span>
    </p>
   </div>
   <div class='ocr_carea' id='block_1_28' title="bbox 529 3685 2105 3757">
    <p class='ocr_par' dir='ltr' id='par_1_28' title="bbox 529 3685 2105 3757">
     <span class='ocr_line' id='line_1_28' title="bbox 529 3685 2105 3757; baseline -0.003 -15"><span class='ocrx_word' id='word_1_160' title='bbox 529 3687 676 3743; x_wconf 84' lang='lat' dir='ltr'><strong>dium</strong></span> <span class='ocrx_word' id='word_1_161' title='bbox 707 3687 1018 3757; x_wconf 87' lang='lat' dir='ltr'><strong>initiumque</strong></span> <span class='ocrx_word' id='word_1_162' title='bbox 1044 3701 1251 3753; x_wconf 89' lang='lat' dir='ltr'><strong>eorum,</strong></span> <span class='ocrx_word' id='word_1_163' title='bbox 1282 3701 1402 3756; x_wconf 70' lang='lat' dir='ltr'><strong>qua:</strong></span> <span class='ocrx_word' id='word_1_164' title='bbox 1424 3700 1484 3740; x_wconf 89' lang='lat' dir='ltr'><strong>se</strong></span> <span class='ocrx_word' id='word_1_165' title='bbox 1508 3700 1631 3739; x_wconf 80' lang='lat' dir='ltr'><strong>mox</strong></span> <span class='ocrx_word' id='word_1_166' title='bbox 1659 3685 1904 3738; x_wconf 88' lang='lat' dir='ltr'><strong>invasura</strong></span> <span class='ocrx_word' id='word_1_167' title='bbox 1930 3693 2105 3753; x_wconf 89' lang='lat' dir='ltr'><strong>erant,</strong></span> 
     </span>
    </p>
   </div>
   <div class='ocr_carea' id='block_1_29' title="bbox 529 3775 2108 3850">
    <p class='ocr_par' dir='ltr' id='par_1_29' title="bbox 529 3775 2108 3850">
     <span class='ocr_line' id='line_1_29' title="bbox 529 3775 2108 3850; baseline -0.003 -15"><span class='ocrx_word' id='word_1_168' title='bbox 529 3780 790 3835; x_wconf 89' lang='lat' dir='ltr'><strong>malorum</strong></span> <span class='ocrx_word' id='word_1_169' title='bbox 821 3796 837 3835; x_wconf 89' lang='lat'><strong>:</strong></span> <span class='ocrx_word' id='word_1_170' title='bbox 871 3794 1004 3850; x_wconf 92' lang='lat' dir='ltr'><strong>opus</strong></span> <span class='ocrx_word' id='word_1_171' title='bbox 1033 3778 1175 3833; x_wconf 90' lang='lat' dir='ltr'><strong>enim</strong></span> <span class='ocrx_word' id='word_1_172' title='bbox 1205 3778 1334 3832; x_wconf 90' lang='lat' dir='ltr'><strong>illud</strong></span> <span class='ocrx_word' id='word_1_173' title='bbox 1363 3777 1755 3847; x_wconf 83' lang='lat' dir='ltr'><strong>perﬁciebatur,</strong></span> <span class='ocrx_word' id='word_1_174' title='bbox 1785 3791 1848 3831; x_wconf 90' lang='lat' dir='ltr'><strong>ac</strong></span> <span class='ocrx_word' id='word_1_175' title='bbox 1874 3775 2108 3846; x_wconf 90' lang='lat' dir='ltr'><strong>denique</strong></span> 
     </span>
    </p>
   </div>
   <div class='ocr_carea' id='block_1_30' title="bbox 531 3866 2108 3941">
    <p class='ocr_par' dir='ltr' id='par_1_30' title="bbox 531 3866 2108 3941">
     <span class='ocr_line' id='line_1_30' title="bbox 531 3866 2108 3941; baseline -0.003 -15"><span class='ocrx_word' id='word_1_176' title='bbox 531 3871 843 3941; x_wconf 75' lang='lat' dir='ltr'><strong>praeclarum</strong></span> <span class='ocrx_word' id='word_1_177' title='bbox 869 3878 1079 3924; x_wconf 89' lang='lat' dir='ltr'><strong>nactum</strong></span> <span class='ocrx_word' id='word_1_178' title='bbox 1104 3877 1187 3924; x_wconf 91' lang='lat' dir='ltr'><strong>est</strong></span> <span class='ocrx_word' id='word_1_179' title='bbox 1214 3870 1391 3922; x_wconf 88' lang='lat' dir='ltr'><strong>ﬁnem.</strong></span> <span class='ocrx_word' id='word_1_180' title='bbox 1423 3867 1556 3921; x_wconf 89' lang='lat' dir='ltr'><strong>Tum</strong></span> <span class='ocrx_word' id='word_1_181' title='bbox 1591 3867 1665 3921; x_wconf 91' lang='lat' dir='ltr'><strong>illi</strong></span> <span class='ocrx_word' id='word_1_182' title='bbox 1691 3866 2108 3933; x_wconf 87' lang='lat' dir='ltr'><strong>didieerunt,ac</strong></span> 
     </span>
    </p>
   </div>
   <div class='ocr_carea' id='block_1_31' title="bbox 533 3957 2108 4032">
    <p class='ocr_par' dir='ltr' id='par_1_31' title="bbox 533 3957 2108 4032">
     <span class='ocr_line' id='line_1_31' title="bbox 533 3957 2108 4032; baseline -0.002 -16"><span class='ocrx_word' id='word_1_183' title='bbox 533 3978 628 4032; x_wconf 85' lang='lat' dir='ltr'><strong>per</strong></span> <span class='ocrx_word' id='word_1_184' title='bbox 651 3962 771 4017; x_wconf 92' lang='lat' dir='ltr'><strong>illos</strong></span> <span class='ocrx_word' id='word_1_185' title='bbox 813 3961 1080 4027; x_wconf 89' lang='lat' dir='ltr'><strong>universi,</strong></span> <span class='ocrx_word' id='word_1_186' title='bbox 1106 3976 1213 4015; x_wconf 93' lang='lat' dir='ltr'><strong>non</strong></span> <span class='ocrx_word' id='word_1_187' title='bbox 1247 3974 1368 4015; x_wconf 93' lang='lat' dir='ltr'><strong>eum</strong></span> <span class='ocrx_word' id='word_1_188' title='bbox 1413 3957 1716 4013; x_wconf 89' lang='lat' dir='ltr'><strong>hominibus</strong></span> <span class='ocrx_word' id='word_1_189' title='bbox 1754 3959 1891 4013; x_wconf 90' lang='lat' dir='ltr'><strong>bella</strong></span> <span class='ocrx_word' id='word_1_190' title='bbox 1917 3973 2108 4028; x_wconf 81' lang='lat' dir='ltr'><strong>gerere</strong></span> 
     </span>
    </p>
   </div>
   <div class='ocr_carea' id='block_1_32' title="bbox 531 4049 2107 4120">
    <p class='ocr_par' dir='ltr' id='par_1_32' title="bbox 531 4049 2107 4120">
     <span class='ocr_line' id='line_1_32' title="bbox 531 4049 2107 4120; baseline -0.002 -12"><span class='ocrx_word' id='word_1_191' title='bbox 531 4051 888 4108; x_wconf 81' lang='lat' dir='ltr'><strong>Mithridatem</strong></span> <span class='ocrx_word' id='word_1_192' title='bbox 915 4052 1084 4120; x_wconf 91' lang='lat' dir='ltr'><strong>illum,</strong></span> <span class='ocrx_word' id='word_1_193' title='bbox 1111 4051 1195 4107; x_wconf 90' lang='lat' dir='ltr'><strong>vel</strong></span> <span class='ocrx_word' id='word_1_194' title='bbox 1216 4051 1378 4106; x_wconf 89' lang='lat' dir='ltr'><strong>alium</strong></span> <span class='ocrx_word' id='word_1_195' title='bbox 1403 4049 1726 4118; x_wconf 89' lang='lat' dir='ltr'><strong>quempiam,</strong></span> <span class='ocrx_word' id='word_1_196' title='bbox 1752 4049 1842 4119; x_wconf 93' lang='lat' dir='ltr'><strong>qui</strong></span> <span class='ocrx_word' id='word_1_197' title='bbox 1864 4050 1986 4106; x_wconf 90' lang='lat' dir='ltr'><strong>boni</strong></span> <span class='ocrx_word' id='word_1_198' title='bbox 2010 4050 2107 4105; x_wconf 90' lang='lat' dir='ltr'><strong>ali-</strong></span> 
     </span>
    </p>
   </div>
   <div class='ocr_carea' id='block_1_33' title="bbox 531 4139 2107 4214">
    <p class='ocr_par' dir='ltr' id='par_1_33' title="bbox 531 4139 2107 4214">
     <span class='ocr_line' id='line_1_33' title="bbox 531 4139 2107 4214; baseline -0.002 -16"><span class='ocrx_word' id='word_1_199' title='bbox 531 4143 657 4214; x_wconf 86' lang='lat' dir='ltr'><strong>quid</strong></span> <span class='ocrx_word' id='word_1_200' title='bbox 677 4158 834 4213; x_wconf 85' lang='lat' dir='ltr'><strong>agere</strong></span> <span class='ocrx_word' id='word_1_201' title='bbox 859 4143 1194 4199; x_wconf 85' lang='lat' dir='ltr'><strong>instituentes</strong></span> <span class='ocrx_word' id='word_1_202' title='bbox 1221 4141 1467 4196; x_wconf 87' lang='lat' dir='ltr'><strong>homines</strong></span> <span class='ocrx_word' id='word_1_203' title='bbox 1493 4146 1788 4211; x_wconf 75' lang='lat' dir='ltr'><strong>oppugnet;</strong></span> <span class='ocrx_word' id='word_1_204' title='bbox 1817 4139 1912 4195; x_wconf 90' lang='lat' dir='ltr'><strong>sed</strong></span> <span class='ocrx_word' id='word_1_205' title='bbox 1933 4139 2107 4211; x_wconf 93' lang='lat' dir='ltr'><strong>potius</strong></span> 
     </span>
    </p>
   </div>
   <div class='ocr_carea' id='block_1_34' title="bbox 530 4231 2104 4307">
    <p class='ocr_par' dir='ltr' id='par_1_34' title="bbox 530 4231 2104 4307">
     <span class='ocr_line' id='line_1_34' title="bbox 530 4231 2104 4307; baseline -0.003 -16"><span class='ocrx_word' id='word_1_206' title='bbox 530 4253 654 4292; x_wconf 90' lang='lat' dir='ltr'><strong>cum</strong></span> <span class='ocrx_word' id='word_1_207' title='bbox 689 4238 806 4307; x_wconf 88' lang='lat' dir='ltr'><strong>ipso</strong></span> <span class='ocrx_word' id='word_1_208' title='bbox 835 4237 979 4302; x_wconf 87' lang='lat' dir='ltr'><strong>Deo,</strong></span> <span class='ocrx_word' id='word_1_209' title='bbox 1019 4236 1108 4306; x_wconf 93' lang='lat' dir='ltr'><strong>qui</strong></span> <span class='ocrx_word' id='word_1_210' title='bbox 1155 4250 1250 4305; x_wconf 91' lang='lat' dir='ltr'><strong>per</strong></span> <span class='ocrx_word' id='word_1_211' title='bbox 1288 4235 1406 4288; x_wconf 89' lang='lat' dir='ltr'><strong>illos</strong></span> <span class='ocrx_word' id='word_1_212' title='bbox 1444 4233 1753 4288; x_wconf 89' lang='lat' dir='ltr'><strong>honoratur.</strong></span> <span class='ocrx_word' id='word_1_213' title='bbox 1796 4231 1897 4298; x_wconf 85' lang='lat' dir='ltr'><strong>Qui</strong></span> <span class='ocrx_word' id='word_1_214' title='bbox 1927 4241 2104 4286; x_wconf 90' lang='lat' dir='ltr'><strong>autem</strong></span> 
     </span>
    </p>
   </div>
   <div class='ocr_carea' id='block_1_35' title="bbox 531 4321 2106 4394">
    <p class='ocr_par' dir='ltr' id='par_1_35' title="bbox 531 4321 2106 4394">
     <span class='ocr_line' id='line_1_35' title="bbox 531 4321 2106 4394; baseline -0.004 -12"><span class='ocrx_word' id='word_1_215' title='bbox 531 4328 643 4382; x_wconf 86' lang='lat' dir='ltr'><strong>Deo</strong></span> <span class='ocrx_word' id='word_1_216' title='bbox 664 4327 860 4382; x_wconf 92' lang='lat' dir='ltr'><strong>bellum</strong></span> <span class='ocrx_word' id='word_1_217' title='bbox 885 4333 1082 4392; x_wconf 85' lang='lat' dir='ltr'><strong>movet,</strong></span> <span class='ocrx_word' id='word_1_218' title='bbox 1109 4339 1396 4394; x_wconf 90' lang='lat' dir='ltr'><strong>numquam</strong></span> <span class='ocrx_word' id='word_1_219' title='bbox 1423 4331 1598 4394; x_wconf 88' lang='lat' dir='ltr'><strong>potest</strong></span> <span class='ocrx_word' id='word_1_220' title='bbox 1619 4322 1819 4378; x_wconf 86' lang='lat' dir='ltr'><strong>bonum</strong></span> <span class='ocrx_word' id='word_1_221' title='bbox 1845 4321 1972 4376; x_wconf 87' lang='lat' dir='ltr'><strong>belli</strong></span> <span class='ocrx_word' id='word_1_222' title='bbox 2013 4335 2106 4376; x_wconf 81' lang='lat' dir='ltr'><strong>ex-</strong></span> 
     </span>
    </p>
   </div>
   <div class='ocr_carea' id='block_1_36' title="bbox 531 4411 2107 4485">
    <p class='ocr_par' dir='ltr' id='par_1_36' title="bbox 531 4411 2107 4485">
     <span class='ocr_line' id='line_1_36' title="bbox 531 4411 2107 4485; baseline -0.004 -14"><span class='ocrx_word' id='word_1_223' title='bbox 531 4419 662 4472; x_wconf 88' lang='lat' dir='ltr'><strong>itum</strong></span> <span class='ocrx_word' id='word_1_224' title='bbox 687 4416 918 4472; x_wconf 87' lang='lat' dir='ltr'><strong>habere:</strong></span> <span class='ocrx_word' id='word_1_225' title='bbox 946 4417 1040 4472; x_wconf 87' lang='lat' dir='ltr'><strong>sed</strong></span> <span class='ocrx_word' id='word_1_226' title='bbox 1063 4416 1110 4470; x_wconf 89' lang='lat' dir='ltr'><strong>is</strong></span> <span class='ocrx_word' id='word_1_227' title='bbox 1146 4415 1359 4485; x_wconf 87' lang='lat' dir='ltr'><strong>quidem</strong></span> <span class='ocrx_word' id='word_1_228' title='bbox 1391 4415 1538 4469; x_wconf 90' lang='lat' dir='ltr'><strong>initio</strong></span> <span class='ocrx_word' id='word_1_229' title='bbox 1565 4412 1814 4468; x_wconf 78' lang='lat' dir='ltr'><strong>facinoris</strong></span> <span class='ocrx_word' id='word_1_230' title='bbox 1843 4412 1972 4468; x_wconf 89' lang='lat' dir='ltr'><strong>nihil</strong></span> <span class='ocrx_word' id='word_1_231' title='bbox 1999 4411 2107 4466; x_wconf 82' lang='lat' dir='ltr'><strong>for-</strong></span> 
     </span>
    </p>
   </div>
   <div class='ocr_carea' id='block_1_37' title="bbox 533 4501 2107 4574">
    <p class='ocr_par' dir='ltr' id='par_1_37' title="bbox 533 4501 2107 4574">
     <span class='ocr_line' id='line_1_37' title="bbox 533 4501 2107 4574; baseline -0.002 -14"><span class='ocrx_word' id='word_1_232' title='bbox 533 4517 677 4560; x_wconf 86' lang='lat' dir='ltr'><strong>tasse</strong></span> <span class='ocrx_word' id='word_1_233' title='bbox 718 4507 943 4574; x_wconf 85' lang='lat' dir='ltr'><strong>patietur</strong></span> <span class='ocrx_word' id='word_1_234' title='bbox 988 4505 1153 4571; x_wconf 89' lang='lat' dir='ltr'><strong>mali;</strong></span> <span class='ocrx_word' id='word_1_235' title='bbox 1200 4503 1246 4558; x_wconf 87' lang='lat' dir='ltr'><strong>si</strong></span> <span class='ocrx_word' id='word_1_236' title='bbox 1299 4513 1474 4559; x_wconf 88' lang='lat' dir='ltr'><strong>tamen</strong></span> <span class='ocrx_word' id='word_1_237' title='bbox 1522 4519 1626 4557; x_wconf 91' lang='lat' dir='ltr'><strong>non</strong></span> <span class='ocrx_word' id='word_1_238' title='bbox 1677 4503 1946 4572; x_wconf 90' lang='lat' dir='ltr'><strong>patiatur,</strong></span> <span class='ocrx_word' id='word_1_239' title='bbox 1999 4501 2107 4557; x_wconf 91' lang='lat' dir='ltr'><strong>Deo</strong></span> 
     </span>
    </p>
   </div>
   <div class='ocr_carea' id='block_1_38' title="bbox 533 4593 2107 4663">
    <p class='ocr_par' dir='ltr' id='par_1_38' title="bbox 533 4593 2107 4663">
     <span class='ocr_line' id='line_1_38' title="bbox 533 4593 2107 4663; baseline -0.001 -13"><span class='ocrx_word' id='word_1_240' title='bbox 533 4597 680 4650; x_wconf 91' lang='lat' dir='ltr'><strong>illum</strong></span> <span class='ocrx_word' id='word_1_241' title='bbox 732 4605 956 4650; x_wconf 90' lang='lat' dir='ltr'><strong>vocante</strong></span> <span class='ocrx_word' id='word_1_242' title='bbox 1009 4594 1078 4649; x_wconf 90' lang='lat' dir='ltr'><strong>ad</strong></span> <span class='ocrx_word' id='word_1_243' title='bbox 1129 4594 1522 4663; x_wconf 74' lang='lat' dir='ltr'><strong>ptenitentiam,</strong></span> <span class='ocrx_word' id='word_1_244' title='bbox 1573 4601 1734 4663; x_wconf 88' lang='lat' dir='ltr'><strong>atque</strong></span> <span class='ocrx_word' id='word_1_245' title='bbox 1781 4593 2107 4649; x_wconf 89' lang='lat' dir='ltr'><strong>concedente</strong></span> 
     </span>
    </p>
   </div>
   <div class='ocr_carea' id='block_1_39' title="bbox 533 4681 2104 4754">
    <p class='ocr_par' dir='ltr' id='par_1_39' title="bbox 533 4681 2104 4754">
     <span class='ocr_line' id='line_1_39' title="bbox 533 4681 2104 4754; baseline -0.001 -16"><span class='ocrx_word' id='word_1_246' title='bbox 533 4693 592 4738; x_wconf 92' lang='lat' dir='ltr'><strong>ut</strong></span> <span class='ocrx_word' id='word_1_247' title='bbox 615 4683 764 4754; x_wconf 91' lang='lat' dir='ltr'><strong>quasi</strong></span> <span class='ocrx_word' id='word_1_248' title='bbox 801 4698 868 4738; x_wconf 82' lang='lat' dir='ltr'><strong>ex</strong></span> <span class='ocrx_word' id='word_1_249' title='bbox 907 4683 1162 4740; x_wconf 87' lang='lat' dir='ltr'><strong>ebrietate</strong></span> <span class='ocrx_word' id='word_1_250' title='bbox 1203 4683 1432 4752; x_wconf 90' lang='lat' dir='ltr'><strong>quadam</strong></span> <span class='ocrx_word' id='word_1_251' title='bbox 1476 4681 1782 4753; x_wconf 86' lang='lat' dir='ltr'><strong>resipiscat;</strong></span> <span class='ocrx_word' id='word_1_252' title='bbox 1818 4682 1902 4736; x_wconf 91' lang='lat' dir='ltr'><strong>sin</strong></span> <span class='ocrx_word' id='word_1_253' title='bbox 1927 4691 2104 4738; x_wconf 90' lang='lat' dir='ltr'><strong>autem</strong></span> 
     </span>
    </p>
   </div>
   <div class='ocr_carea' id='block_1_40' title="bbox 535 4776 2105 4848">
    <p class='ocr_par' dir='ltr' id='par_1_40' title="bbox 535 4776 2105 4848">
     <span class='ocr_line' id='line_1_40' title="bbox 535 4776 2105 4848; baseline 0 -16"><span class='ocrx_word' id='word_1_254' title='bbox 535 4780 588 4832; x_wconf 88' lang='lat' dir='ltr'><strong>in</strong></span> <span class='ocrx_word' id='word_1_255' title='bbox 617 4777 849 4831; x_wconf 86' lang='lat' dir='ltr'><strong>amentia</strong></span> <span class='ocrx_word' id='word_1_256' title='bbox 889 4792 983 4832; x_wconf 88' lang='lat' dir='ltr'><strong>sua</strong></span> <span class='ocrx_word' id='word_1_257' title='bbox 1031 4776 1362 4848; x_wconf 77' lang='lat' dir='ltr'><strong>perstiterit,</strong></span> <span class='ocrx_word' id='word_1_258' title='bbox 1401 4776 1530 4832; x_wconf 88' lang='lat' dir='ltr'><strong>nihil</strong></span> <span class='ocrx_word' id='word_1_259' title='bbox 1573 4792 1641 4832; x_wconf 81' lang='lat' dir='ltr'><strong>ex</strong></span> <span class='ocrx_word' id='word_1_260' title='bbox 1680 4776 1981 4848; x_wconf 87' lang='lat' dir='ltr'><strong>huiusmodi</strong></span> <span class='ocrx_word' id='word_1_261' title='bbox 2013 4778 2105 4834; x_wconf 90' lang='lat' dir='ltr'><strong>Dei</strong></span> 
     </span>
    </p>
   </div>
   <div class='ocr_carea' id='block_1_41' title="bbox 449 4866 2105 4938">
    <p class='ocr_par' dir='ltr' id='par_1_41' title="bbox 449 4866 2105 4938">
     <span class='ocr_line' id='line_1_41' title="bbox 449 4866 2105 4938; baseline -0.001 -16"><span class='ocrx_word' id='word_1_262' title='bbox 449 4867 460 4871; x_wconf 79' lang='grc'><strong>’</strong></span> <span class='ocrx_word' id='word_1_263' title='bbox 536 4868 816 4922; x_wconf 88' lang='lat' dir='ltr'><strong>clementia</strong></span> <span class='ocrx_word' id='word_1_264' title='bbox 874 4876 930 4922; x_wconf 91' lang='lat' dir='ltr'><strong>et</strong></span> <span class='ocrx_word' id='word_1_265' title='bbox 988 4867 1238 4938; x_wconf 88' lang='lat' dir='ltr'><strong>patientia</strong></span> <span class='ocrx_word' id='word_1_266' title='bbox 1301 4866 1576 4934; x_wconf 89' lang='lat' dir='ltr'><strong>lucratus,</strong></span> <span class='ocrx_word' id='word_1_267' title='bbox 1632 4875 1857 4922; x_wconf 68' lang='lat' dir='ltr'><strong>caateros</strong></span> <span class='ocrx_word' id='word_1_268' title='bbox 1915 4867 2105 4922; x_wconf 87' lang='lat' dir='ltr'><strong>saltem</strong></span> 
     </span>
    </p>
   </div>
   <div class='ocr_carea' id='block_1_42' title="bbox 534 4958 2108 5030">
    <p class='ocr_par' dir='ltr' id='par_1_42' title="bbox 534 4958 2108 5030">
     <span class='ocr_line' id='line_1_42' title="bbox 534 4958 2108 5030; baseline -0.003 -15"><span class='ocrx_word' id='word_1_269' title='bbox 534 4959 820 5016; x_wconf 90' lang='lat' dir='ltr'><strong>admodum</strong></span> <span class='ocrx_word' id='word_1_270' title='bbox 875 4959 1112 5030; x_wconf 85' lang='lat' dir='ltr'><strong>juvabit,</strong></span> <span class='ocrx_word' id='word_1_271' title='bbox 1177 4958 1439 5028; x_wconf 89' lang='lat' dir='ltr'><strong>supplicio</strong></span> <span class='ocrx_word' id='word_1_272' title='bbox 1495 4972 1594 5013; x_wconf 90' lang='lat' dir='ltr'><strong>suo</strong></span> <span class='ocrx_word' id='word_1_273' title='bbox 1654 4958 1985 5021; x_wconf 84' lang='lat' dir='ltr'><strong>admonens,</strong></span> <span class='ocrx_word' id='word_1_274' title='bbox 2039 4972 2108 5012; x_wconf 92' lang='lat' dir='ltr'><strong>ne</strong></span> 
     </span>
    </p>
   </div>
   <div class='ocr_carea' id='block_1_43' title="bbox 533 5048 2105 5119">
    <p class='ocr_par' dir='ltr' id='par_1_43' title="bbox 533 5048 2105 5119">
     <span class='ocr_line' id='line_1_43' title="bbox 533 5048 2105 5119; baseline -0.003 -13"><span class='ocrx_word' id='word_1_275' title='bbox 533 5058 721 5106; x_wconf 86' lang='lat' dir='ltr'><strong>contra</strong></span> <span class='ocrx_word' id='word_1_276' title='bbox 775 5051 938 5106; x_wconf 89' lang='lat' dir='ltr'><strong>Deum</strong></span> <span class='ocrx_word' id='word_1_277' title='bbox 996 5065 1248 5119; x_wconf 88' lang='lat' dir='ltr'><strong>umquam</strong></span> <span class='ocrx_word' id='word_1_278' title='bbox 1303 5049 1498 5104; x_wconf 89' lang='lat' dir='ltr'><strong>bellum</strong></span> <span class='ocrx_word' id='word_1_279' title='bbox 1545 5059 1772 5119; x_wconf 86' lang='lat' dir='ltr'><strong>gerant,</strong></span> <span class='ocrx_word' id='word_1_280' title='bbox 1827 5048 1970 5119; x_wconf 89' lang='lat' dir='ltr'><strong>quod</strong></span> <span class='ocrx_word' id='word_1_281' title='bbox 2019 5048 2105 5102; x_wconf 91' lang='lat' dir='ltr'><strong>in-</strong></span> 
     </span>
    </p>
   </div>
   <div class='ocr_carea' id='block_1_44' title="bbox 532 5139 2105 5210">
    <p class='ocr_par' dir='ltr' id='par_1_44' title="bbox 532 5139 2105 5210">
     <span class='ocr_line' id='line_1_44' title="bbox 532 5139 2105 5210; baseline -0.001 -16"><span class='ocrx_word' id='word_1_282' title='bbox 532 5144 726 5197; x_wconf 84' lang='lat' dir='ltr'><strong>victam</strong></span> <span class='ocrx_word' id='word_1_283' title='bbox 759 5140 901 5195; x_wconf 91' lang='lat' dir='ltr'><strong>illam</strong></span> <span class='ocrx_word' id='word_1_284' title='bbox 929 5155 1140 5194; x_wconf 90' lang='lat' dir='ltr'><strong>manum</strong></span> <span class='ocrx_word' id='word_1_285' title='bbox 1160 5154 1315 5195; x_wconf 90' lang='lat' dir='ltr'><strong>nemo</strong></span> <span class='ocrx_word' id='word_1_286' title='bbox 1333 5140 1566 5210; x_wconf 75' lang='lat' dir='ltr'><strong>ell‘ngere</strong></span> <span class='ocrx_word' id='word_1_287' title='bbox 1587 5141 1780 5196; x_wconf 84' lang='lat' dir='ltr'><strong>valeat.</strong></span> <span class='ocrx_word' id='word_1_288' title='bbox 1801 5139 1984 5193; x_wconf 64' lang='lat' dir='ltr'><strong>Tantae</strong></span> <span class='ocrx_word' id='word_1_289' title='bbox 2007 5139 2105 5210; x_wconf 88' lang='lat' dir='ltr'><strong>igi-</strong></span> 
     </span>
    </p>
   </div>
   <div class='ocr_carea' id='block_1_45' title="bbox 534 5230 2104 5303">
    <p class='ocr_par' dir='ltr' id='par_1_45' title="bbox 534 5230 2104 5303">
     <span class='ocr_line' id='line_1_45' title="bbox 534 5230 2104 5303; baseline -0.003 -15"><span class='ocrx_word' id='word_1_290' title='bbox 534 5245 620 5288; x_wconf 90' lang='lat' dir='ltr'><strong>tur</strong></span> <span class='ocrx_word' id='word_1_291' title='bbox 647 5233 766 5290; x_wconf 88' lang='lat' dir='ltr'><strong>illos</strong></span> <span class='ocrx_word' id='word_1_292' title='bbox 792 5233 968 5290; x_wconf 87' lang='lat' dir='ltr'><strong>statim</strong></span> <span class='ocrx_word' id='word_1_293' title='bbox 991 5232 1232 5288; x_wconf 87' lang='lat' dir='ltr'><strong>invasere</strong></span> <span class='ocrx_word' id='word_1_294' title='bbox 1256 5231 1458 5299; x_wconf 83' lang='lat' dir='ltr'><strong>clades,</strong></span> <span class='ocrx_word' id='word_1_295' title='bbox 1486 5241 1544 5288; x_wconf 93' lang='lat' dir='ltr'><strong>ut</strong></span> <span class='ocrx_word' id='word_1_296' title='bbox 1570 5230 1930 5303; x_wconf 83' lang='lat' dir='ltr'><strong>magnitudine</strong></span> <span class='ocrx_word' id='word_1_297' title='bbox 1958 5231 2104 5286; x_wconf 85' lang='lat' dir='ltr'><strong>cala-</strong></span> 
     </span>
    </p>
   </div>
   <div class='ocr_carea' id='block_1_46' title="bbox 595 5383 2107 5450">
    <p class='ocr_par' dir='ltr' id='par_1_46' title="bbox 595 5383 2107 5450">
     <span class='ocr_line' id='line_1_46' title="bbox 595 5383 2107 5450; baseline -0.003 -11"><span class='ocrx_word' id='word_1_298' title='bbox 595 5389 615 5422; x_wconf 82' lang='grc'>¹</span> <span class='ocrx_word' id='word_1_299' title='bbox 649 5391 721 5439; x_wconf 84' lang='lat' dir='ltr'><strong>Sic</strong></span> <span class='ocrx_word' id='word_1_300' title='bbox 741 5394 847 5438; x_wconf 66' lang='lat' dir='ltr'><strong>Its.</strong></span> <span class='ocrx_word' id='word_1_301' title='bbox 870 5387 969 5438; x_wconf 90' lang='lat' dir='ltr'><strong>duo</strong></span> <span class='ocrx_word' id='word_1_302' title='bbox 1005 5393 1057 5438; x_wconf 90' lang='lat' dir='ltr'><strong>et</strong></span> <span class='ocrx_word' id='word_1_303' title='bbox 1085 5387 1227 5439; x_wconf 88' lang='lat' dir='ltr'><strong>Savil.</strong></span> <span class='ocrx_word' id='word_1_304' title='bbox 1267 5387 1344 5437; x_wconf 91' lang='lat' dir='ltr'><strong>ad.</strong></span> <span class='ocrx_word' id='word_1_305' title='bbox 1382 5400 1536 5450; x_wconf 84' lang='lat' dir='ltr'><strong>marg.</strong></span> <span class='ocrx_word' id='word_1_306' title='bbox 1582 5387 1716 5449; x_wconf 79' lang='lat' dir='ltr'><strong>Editi,</strong></span> <span class='ocrx_word' id='word_1_307' title='bbox 1743 5383 1906 5447; x_wconf 73' lang='lat' dir='ltr'><strong>illud;</strong></span> <span class='ocrx_word' id='word_1_308' title='bbox 1949 5385 2107 5435; x_wconf 89' lang='lat' dir='ltr'><strong>minus</strong></span> 
     </span>
    </p>
   </div>
   <div class='ocr_carea' id='block_1_47' title="bbox 532 5458 2104 5582">
    <p class='ocr_par' dir='ltr' id='par_1_47' title="bbox 532 5458 2104 5582">
     <span class='ocr_line' id='line_1_47' title="bbox 532 5458 2104 5582; baseline -0.015 -8"><span class='ocrx_word' id='word_1_309' title='bbox 532 5458 792 5582; x_wconf 41' lang='lat' dir='ltr'><strong>regiliui</strong></span> <span class='ocrx_word' id='word_1_310' title='bbox 815 5511 1008 5582; x_wconf 62' lang='grc' dir='ltr'><strong>οξηρὶηο</strong></span> <span class='ocrx_word' id='word_1_311' title='bbox 1050 5509 1236 5582; x_wconf 69' lang='lat' dir='ltr'><strong>legisse</strong></span> <span class='ocrx_word' id='word_1_312' title='bbox 1265 5509 1454 5582; x_wconf 68' lang='lat' dir='ltr'><strong>videtpr</strong></span> <span class='ocrx_word' id='word_1_313' title='bbox 1491 5509 1761 5582; x_wconf 56' lang='lat' dir='ltr'><strong>ambrosius</strong></span> <span class='ocrx_word' id='word_1_314' title='bbox 1790 5506 2104 5582; x_wconf 26' lang='lat' dir='ltr'><strong>gamaldaqqi</strong></span> 
     </span>
    </p>
   </div>
   <div class='ocr_carea' id='block_1_48' title="bbox 535 5569 2106 5634">
    <p class='ocr_par' dir='ltr' id='par_1_48' title="bbox 535 5569 2106 5634">
     <span class='ocr_line' id='line_1_48' title="bbox 535 5569 2106 5634; baseline 0 -16"><span class='ocrx_word' id='word_1_315' title='bbox 535 5573 682 5634; x_wconf 77' lang='lat' dir='ltr'><strong>vertit</strong></span> <span class='ocrx_word' id='word_1_316' title='bbox 698 5584 714 5620; x_wconf 89' lang='lat'><strong>:</strong></span> <span class='ocrx_word' id='word_1_317' title='bbox 729 5578 792 5634; x_wconf 21' lang='lat' dir='ltr'><strong>Ast</strong></span> <span class='ocrx_word' id='word_1_318' title='bbox 813 5571 926 5634; x_wconf 73' lang='lat' dir='ltr'><strong>elati</strong></span> <span class='ocrx_word' id='word_1_319' title='bbox 947 5585 1006 5622; x_wconf 84' lang='lat' dir='ltr'><strong>ea</strong></span> <span class='ocrx_word' id='word_1_320' title='bbox 1024 5569 1220 5634; x_wconf 66' lang='lat' dir='ltr'><strong>victbn&#39;a</strong></span> <span class='ocrx_word' id='word_1_321' title='bbox 1237 5569 1563 5634; x_wconf 63' lang='lat' dir='ltr'><strong>gloriabantyr</strong></span> <span class='ocrx_word' id='word_1_322' title='bbox 1591 5581 1607 5617; x_wconf 89' lang='lat'><em>:</em></span> <span class='ocrx_word' id='word_1_323' title='bbox 1643 5582 1742 5629; x_wconf 82' lang='lat' dir='ltr'><strong>qut,</strong></span> <span class='ocrx_word' id='word_1_324' title='bbox 1767 5569 1959 5634; x_wconf 22' lang='lat' dir='ltr'><strong>sidqatd</strong></span> <span class='ocrx_word' id='word_1_325' title='bbox 1989 5569 2106 5634; x_wconf 72' lang='lat' dir='ltr'><strong>ipsis</strong></span> 
     </span>
    </p>
   </div>
   <div class='ocr_carea' id='block_1_49' title="bbox 537 5628 2106 5695">
    <p class='ocr_par' dir='ltr' id='par_1_49' title="bbox 537 5628 2106 5695">
     <span class='ocr_line' id='line_1_49' title="bbox 537 5628 2106 5695; baseline -0.001 -18"><span class='ocrx_word' id='word_1_326' title='bbox 537 5631 696 5695; x_wconf 81' lang='lat' dir='ltr'><strong>cordis</strong></span> <span class='ocrx_word' id='word_1_327' title='bbox 713 5632 1214 5695; x_wconf 45' lang='lat' dir='ltr'><strong>Wﬁngcmiscere</strong></span> <span class='ocrx_word' id='word_1_328' title='bbox 1227 5628 1460 5695; x_wconf 64' lang='lat' dir='ltr'><strong>rictuque</strong></span> <span class='ocrx_word' id='word_1_329' title='bbox 1484 5628 1763 5686; x_wconf 78' lang='lat' dir='ltr'><strong>debuerant,</strong></span> <span class='ocrx_word' id='word_1_330' title='bbox 1775 5628 1895 5695; x_wconf 61' lang='lat' dir='ltr'><strong>nihil</strong></span> <span class='ocrx_word' id='word_1_331' title='bbox 1913 5628 2106 5692; x_wconf 68' lang='lat' dir='ltr'><strong>posthac</strong></span> 
     </span>
    </p>
   </div>
   <div class='ocr_carea' id='block_1_50' title="bbox 537 5667 2106 5764">
    <p class='ocr_par' dir='ltr' id='par_1_50' title="bbox 537 5667 2106 5764">
     <span class='ocr_line' id='line_1_50' title="bbox 537 5667 2106 5764; baseline 0.001 -27"><span class='ocrx_word' id='word_1_332' title='bbox 537 5667 2106 5764; x_wconf 51' lang='grc' dir='ltr'><strong>ξῖίιῑιςπῖοιςῖξνιςξείξξῖςέῖῑπαξξίξῖῑῑίιῖκξῑιῖῑί,ξ’ἓάῑίίξίιςδῑλεῑ</strong></span> 
     </span>
    </p>
   </div>
   <div class='ocr_carea' id='block_1_51' title="bbox 539 5752 1662 5812">
    <p class='ocr_par' dir='ltr' id='par_1_51' title="bbox 539 5752 1662 5812">
     <span class='ocr_line' id='line_1_51' title="bbox 539 5752 1662 5812; baseline 0.002 -12"><span class='ocrx_word' id='word_1_333' title='bbox 539 5753 791 5807; x_wconf 78' lang='lat' dir='ltr'><strong>nuscriot&#39;u</strong></span> <span class='ocrx_word' id='word_1_334' title='bbox 815 5753 940 5805; x_wconf 85' lang='lat' dir='ltr'><strong>aliud</strong></span> <span class='ocrx_word' id='word_1_335' title='bbox 963 5760 1255 5812; x_wconf 81' lang='lat' dir='ltr'><strong>exprununt.</strong></span> <span class='ocrx_word' id='word_1_336' title='bbox 1273 5761 1327 5803; x_wconf 89' lang='lat' dir='ltr'><strong>ut</strong></span> <span class='ocrx_word' id='word_1_337' title='bbox 1349 5763 1436 5802; x_wconf 90' lang='lat' dir='ltr'><strong>nos</strong></span> <span class='ocrx_word' id='word_1_338' title='bbox 1459 5752 1662 5803; x_wconf 87' lang='lat' dir='ltr'><strong>edimus.</strong></span> 
     </span>
    </p>
   </div>
   <div class='ocr_carea' id='block_1_52' title="bbox 2210 2141 3777 2213">
    <p class='ocr_par' dir='ltr' id='par_1_52' title="bbox 2210 2141 3777 2213">
     <span class='ocr_line' id='line_1_52' title="bbox 2210 2141 3777 2213; baseline 0.003 -18"><span class='ocrx_word' id='word_1_339' title='bbox 2210 2141 2408 2196; x_wconf 87' lang='lat' dir='ltr'><strong>mitatis</strong></span> <span class='ocrx_word' id='word_1_340' title='bbox 2435 2155 2623 2196; x_wconf 84' lang='lat' dir='ltr'><strong>omnes</strong></span> <span class='ocrx_word' id='word_1_341' title='bbox 2650 2143 2779 2196; x_wconf 88' lang='lat' dir='ltr'><strong>alias</strong></span> <span class='ocrx_word' id='word_1_342' title='bbox 2803 2141 3131 2197; x_wconf 89' lang='lat' dir='ltr'><strong>calamitates</strong></span> <span class='ocrx_word' id='word_1_343' title='bbox 3165 2142 3492 2213; x_wconf 81' lang='lat' dir='ltr'><strong>obtegerent.</strong></span> <span class='ocrx_word' id='word_1_344' title='bbox 3523 2143 3648 2197; x_wconf 77' lang='lat' dir='ltr'><strong>P051</strong></span> <span class='ocrx_word' id='word_1_345' title='bbox 3679 2163 3777 2199; x_wconf 75' lang='lat' dir='ltr'><strong>ca:-</strong></span> 
     </span>
    </p>
   </div>
   <div class='ocr_carea' id='block_1_53' title="bbox 2210 2230 3758 2302">
    <p class='ocr_par' dir='ltr' id='par_1_53' title="bbox 2210 2230 3758 2302">
     <span class='ocr_line' id='line_1_53' title="bbox 2210 2230 3758 2302; baseline 0.003 -16"><span class='ocrx_word' id='word_1_346' title='bbox 2210 2231 2306 2286; x_wconf 85' lang='lat' dir='ltr'><strong>des</strong></span> <span class='ocrx_word' id='word_1_347' title='bbox 2327 2231 2469 2286; x_wconf 89' lang='lat' dir='ltr'><strong>enim</strong></span> <span class='ocrx_word' id='word_1_348' title='bbox 2494 2240 2548 2286; x_wconf 91' lang='lat' dir='ltr'><strong>et</strong></span> <span class='ocrx_word' id='word_1_349' title='bbox 2584 2230 2816 2285; x_wconf 90' lang='lat' dir='ltr'><strong>inﬁnitas</strong></span> <span class='ocrx_word' id='word_1_350' title='bbox 2843 2240 3068 2302; x_wconf 89' lang='lat' dir='ltr'><strong>strages,</strong></span> <span class='ocrx_word' id='word_1_351' title='bbox 3089 2247 3222 2302; x_wconf 84' lang='lat' dir='ltr'><strong>quas</strong></span> <span class='ocrx_word' id='word_1_352' title='bbox 3251 2233 3378 2288; x_wconf 92' lang='lat' dir='ltr'><strong>olim</strong></span> <span class='ocrx_word' id='word_1_353' title='bbox 3404 2233 3470 2288; x_wconf 87' lang='lat' dir='ltr'><strong>ab</strong></span> <span class='ocrx_word' id='word_1_354' title='bbox 3498 2249 3558 2289; x_wconf 90' lang='lat' dir='ltr'><strong>se</strong></span> <span class='ocrx_word' id='word_1_355' title='bbox 3587 2238 3758 2290; x_wconf 82' lang='lat' dir='ltr'><strong>coerci</strong></span> 
     </span>
    </p>
   </div>
   <div class='ocr_carea' id='block_1_54' title="bbox 2211 2320 3781 2392">
    <p class='ocr_par' dir='ltr' id='par_1_54' title="bbox 2211 2320 3781 2392">
     <span class='ocr_line' id='line_1_54' title="bbox 2211 2320 3781 2392; baseline 0.002 -16"><span class='ocrx_word' id='word_1_356' title='bbox 2211 2329 2386 2377; x_wconf 90' lang='lat' dir='ltr'><strong>torum</strong></span> <span class='ocrx_word' id='word_1_357' title='bbox 2408 2320 2711 2376; x_wconf 69' lang='lat' dir='ltr'><strong>Judzeorum</strong></span> <span class='ocrx_word' id='word_1_358' title='bbox 2741 2335 2929 2376; x_wconf 89' lang='lat' dir='ltr'><strong>manus</strong></span> <span class='ocrx_word' id='word_1_359' title='bbox 2949 2333 3320 2392; x_wconf 87' lang='lat' dir='ltr'><strong>perpetrarunt</strong></span> <span class='ocrx_word' id='word_1_360' title='bbox 3337 2364 3353 2388; x_wconf 92' lang='lat'><strong>,</strong></span> <span class='ocrx_word' id='word_1_361' title='bbox 3375 2339 3634 2381; x_wconf 76' lang='lat' dir='ltr'><strong>caesorum</strong></span> <span class='ocrx_word' id='word_1_362' title='bbox 3661 2341 3781 2380; x_wconf 86' lang='lat' dir='ltr'><strong>san-</strong></span> 
     </span>
    </p>
   </div>
   <div class='ocr_carea' id='block_1_55' title="bbox 2210 2411 3785 2485">
    <p class='ocr_par' dir='ltr' id='par_1_55' title="bbox 2210 2411 3785 2485">
     <span class='ocr_line' id='line_1_55' title="bbox 2210 2411 3785 2485; baseline 0.003 -18"><span class='ocrx_word' id='word_1_363' title='bbox 2210 2413 2368 2482; x_wconf 90' lang='lat' dir='ltr'><strong>guine</strong></span> <span class='ocrx_word' id='word_1_364' title='bbox 2385 2419 2522 2467; x_wconf 91' lang='lat' dir='ltr'><strong>terra</strong></span> <span class='ocrx_word' id='word_1_365' title='bbox 2543 2412 2608 2468; x_wconf 90' lang='lat' dir='ltr'><strong>ad</strong></span> <span class='ocrx_word' id='word_1_366' title='bbox 2629 2411 2852 2467; x_wconf 91' lang='lat' dir='ltr'><strong>multam</strong></span> <span class='ocrx_word' id='word_1_367' title='bbox 2873 2427 3038 2483; x_wconf 87' lang='lat' dir='ltr'><strong>usque</strong></span> <span class='ocrx_word' id='word_1_368' title='bbox 3055 2413 3461 2485; x_wconf 74' lang='lat' dir='ltr'><strong>profunditatem</strong></span> <span class='ocrx_word' id='word_1_369' title='bbox 3491 2415 3785 2471; x_wconf 79' lang='lat' dir='ltr'><strong>madefacta</strong></span> 
     </span>
    </p>
   </div>
   <div class='ocr_carea' id='block_1_56' title="bbox 2211 2503 3786 2576">
    <p class='ocr_par' dir='ltr' id='par_1_56' title="bbox 2211 2503 3786 2576">
     <span class='ocr_line' id='line_1_56' title="bbox 2211 2503 3786 2576; baseline 0.003 -17"><span class='ocrx_word' id='word_1_370' title='bbox 2211 2512 2345 2571; x_wconf 90' lang='lat' dir='ltr'><strong>erat,</strong></span> <span class='ocrx_word' id='word_1_371' title='bbox 2374 2503 2574 2574; x_wconf 90' lang='lat' dir='ltr'><strong>lutique</strong></span> <span class='ocrx_word' id='word_1_372' title='bbox 2597 2503 2882 2574; x_wconf 89' lang='lat' dir='ltr'><strong>plurimum</strong></span> <span class='ocrx_word' id='word_1_373' title='bbox 2911 2519 2980 2560; x_wconf 79' lang='lat' dir='ltr'><strong>ex</strong></span> <span class='ocrx_word' id='word_1_374' title='bbox 3004 2519 3070 2560; x_wconf 92' lang='lat' dir='ltr'><strong>eo</strong></span> <span class='ocrx_word' id='word_1_375' title='bbox 3093 2520 3312 2562; x_wconf 90' lang='lat' dir='ltr'><strong>crurore</strong></span> <span class='ocrx_word' id='word_1_376' title='bbox 3339 2507 3649 2576; x_wconf 82' lang='lat' dir='ltr'><strong>gignebatur</strong></span> <span class='ocrx_word' id='word_1_377' title='bbox 3679 2525 3692 2561; x_wconf 91' lang='lat'><strong>:</strong></span> <span class='ocrx_word' id='word_1_378' title='bbox 3725 2523 3786 2564; x_wconf 77' lang='lat' dir='ltr'><strong>ex</strong></span> 
     </span>
    </p>
   </div>
   <div class='ocr_carea' id='block_1_57' title="bbox 2211 2594 3787 2666">
    <p class='ocr_par' dir='ltr' id='par_1_57' title="bbox 2211 2594 3787 2666">
     <span class='ocr_line' id='line_1_57' title="bbox 2211 2594 3787 2666; baseline 0.002 -17"><span class='ocrx_word' id='word_1_379' title='bbox 2211 2594 2525 2665; x_wconf 81' lang='lat' dir='ltr'><strong>cbrporibus</strong></span> <span class='ocrx_word' id='word_1_380' title='bbox 2549 2603 2726 2650; x_wconf 90' lang='lat' dir='ltr'><strong>autem</strong></span> <span class='ocrx_word' id='word_1_381' title='bbox 2757 2609 3012 2666; x_wconf 89' lang='lat' dir='ltr'><strong>equorum</strong></span> <span class='ocrx_word' id='word_1_382' title='bbox 3036 2604 3090 2650; x_wconf 91' lang='lat' dir='ltr'><strong>et</strong></span> <span class='ocrx_word' id='word_1_383' title='bbox 3113 2595 3388 2652; x_wconf 89' lang='lat' dir='ltr'><strong>hominum</strong></span> <span class='ocrx_word' id='word_1_384' title='bbox 3413 2598 3570 2652; x_wconf 87' lang='lat' dir='ltr'><strong>simul</strong></span> <span class='ocrx_word' id='word_1_385' title='bbox 3589 2599 3787 2665; x_wconf 80' lang='lat' dir='ltr'><strong>mixtis,</strong></span> 
     </span>
    </p>
   </div>
   <div class='ocr_carea' id='block_1_58' title="bbox 2212 2687 3789 2760">
    <p class='ocr_par' dir='ltr' id='par_1_58' title="bbox 2212 2687 3789 2760">
     <span class='ocr_line' id='line_1_58' title="bbox 2212 2687 3789 2760; baseline 0.003 -20"><span class='ocrx_word' id='word_1_386' title='bbox 2212 2694 2370 2756; x_wconf 91' lang='lat' dir='ltr'><strong>atque</strong></span> <span class='ocrx_word' id='word_1_387' title='bbox 2397 2701 2463 2742; x_wconf 79' lang='lat' dir='ltr'><strong>ex</strong></span> <span class='ocrx_word' id='word_1_388' title='bbox 2483 2687 2792 2743; x_wconf 90' lang='lat' dir='ltr'><strong>vulneribus</strong></span> <span class='ocrx_word' id='word_1_389' title='bbox 2817 2701 2875 2743; x_wconf 91' lang='lat' dir='ltr'><strong>se</strong></span> <span class='ocrx_word' id='word_1_390' title='bbox 2901 2688 3127 2744; x_wconf 88' lang='lat' dir='ltr'><strong>invicem</strong></span> <span class='ocrx_word' id='word_1_391' title='bbox 3161 2689 3516 2760; x_wconf 88' lang='lat' dir='ltr'><strong>tangentibus,</strong></span> <span class='ocrx_word' id='word_1_392' title='bbox 3541 2697 3688 2744; x_wconf 82' lang='lat' dir='ltr'><strong>tanta</strong></span> <span class='ocrx_word' id='word_1_393' title='bbox 3715 2691 3789 2744; x_wconf 86' lang='lat' dir='ltr'><strong>vis</strong></span> 
     </span>
    </p>
   </div>
   <div class='ocr_carea' id='block_1_59' title="bbox 2212 2779 3789 2847">
    <p class='ocr_par' dir='ltr' id='par_1_59' title="bbox 2212 2779 3789 2847">
     <span class='ocr_line' id='line_1_59' title="bbox 2212 2779 3789 2847; baseline 0.002 -13"><span class='ocrx_word' id='word_1_394' title='bbox 2212 2779 2471 2834; x_wconf 88' lang='lat' dir='ltr'><strong>vermium</strong></span> <span class='ocrx_word' id='word_1_395' title='bbox 2495 2779 2732 2835; x_wconf 90' lang='lat' dir='ltr'><strong>ebullivit</strong></span> <span class='ocrx_word' id='word_1_396' title='bbox 2751 2821 2768 2847; x_wconf 95' lang='lat'><strong>,</strong></span> <span class='ocrx_word' id='word_1_397' title='bbox 2801 2789 2858 2834; x_wconf 94' lang='lat' dir='ltr'><strong>ut</strong></span> <span class='ocrx_word' id='word_1_398' title='bbox 2884 2794 3004 2835; x_wconf 91' lang='lat' dir='ltr'><strong>cum</strong></span> <span class='ocrx_word' id='word_1_399' title='bbox 3044 2790 3183 2836; x_wconf 88' lang='lat' dir='ltr'><strong>terra</strong></span> <span class='ocrx_word' id='word_1_400' title='bbox 3212 2781 3547 2838; x_wconf 75' lang='lat' dir='ltr'><strong>multitudine</strong></span> <span class='ocrx_word' id='word_1_401' title='bbox 3572 2783 3789 2838; x_wconf 83' lang='lat' dir='ltr'><strong>cadave-</strong></span> 
     </span>
    </p>
   </div>
   <div class='ocr_carea' id='block_1_60' title="bbox 2212 2869 3789 2941">
    <p class='ocr_par' dir='ltr' id='par_1_60' title="bbox 2212 2869 3789 2941">
     <span class='ocr_line' id='line_1_60' title="bbox 2212 2869 3789 2941; baseline 0.003 -16"><span class='ocrx_word' id='word_1_402' title='bbox 2212 2886 2333 2926; x_wconf 90' lang='lat' dir='ltr'><strong>rum</strong></span> <span class='ocrx_word' id='word_1_403' title='bbox 2358 2871 2676 2941; x_wconf 89' lang='lat' dir='ltr'><strong>operiretur,</strong></span> <span class='ocrx_word' id='word_1_404' title='bbox 2706 2869 2820 2926; x_wconf 72' lang='lat' dir='ltr'><strong>haec</strong></span> <span class='ocrx_word' id='word_1_405' title='bbox 2852 2871 3110 2927; x_wconf 87' lang='lat' dir='ltr'><strong>cadavera</strong></span> <span class='ocrx_word' id='word_1_406' title='bbox 3136 2888 3321 2928; x_wconf 90' lang='lat' dir='ltr'><strong>rursus</strong></span> <span class='ocrx_word' id='word_1_407' title='bbox 3345 2873 3615 2929; x_wconf 88' lang='lat' dir='ltr'><strong>vermibus</strong></span> <span class='ocrx_word' id='word_1_408' title='bbox 3639 2874 3789 2930; x_wconf 86' lang='lat' dir='ltr'><strong>obte-</strong></span> 
     </span>
    </p>
   </div>
   <div class='ocr_carea' id='block_1_61' title="bbox 2213 2961 3789 3034">
    <p class='ocr_par' dir='ltr' id='par_1_61' title="bbox 2213 2961 3789 3034">
     <span class='ocr_line' id='line_1_61' title="bbox 2213 2961 3789 3034; baseline 0 -16"><span class='ocrx_word' id='word_1_409' title='bbox 2213 2971 2484 3034; x_wconf 90' lang='lat' dir='ltr'><strong>gerentur.</strong></span> <span class='ocrx_word' id='word_1_410' title='bbox 2517 2962 2750 3018; x_wconf 81' lang='lat' dir='ltr'><strong>Dixisset</strong></span> <span class='ocrx_word' id='word_1_411' title='bbox 2777 2961 3012 3032; x_wconf 81' lang='lat' dir='ltr'><strong>profecto</strong></span> <span class='ocrx_word' id='word_1_412' title='bbox 3037 2963 3125 3033; x_wconf 92' lang='lat' dir='ltr'><strong>qui</strong></span> <span class='ocrx_word' id='word_1_413' title='bbox 3155 2978 3400 3033; x_wconf 91' lang='lat' dir='ltr'><strong>campum</strong></span> <span class='ocrx_word' id='word_1_414' title='bbox 3441 2963 3592 3018; x_wconf 90' lang='lat' dir='ltr'><strong>illum</strong></span> <span class='ocrx_word' id='word_1_415' title='bbox 3627 2964 3789 3018; x_wconf 89' lang='lat' dir='ltr'><strong>vidis-</strong></span> 
     </span>
    </p>
   </div>
   <div class='ocr_carea' id='block_1_62' title="bbox 2213 3053 3789 3125">
    <p class='ocr_par' dir='ltr' id='par_1_62' title="bbox 2213 3053 3789 3125">
     <span class='ocr_line' id='line_1_62' title="bbox 2213 3053 3789 3125; baseline 0.001 -16"><span class='ocrx_word' id='word_1_416' title='bbox 2213 3059 2331 3120; x_wconf 88' lang='lat' dir='ltr'><strong>set,</strong></span> <span class='ocrx_word' id='word_1_417' title='bbox 2358 3067 2466 3108; x_wconf 91' lang='lat' dir='ltr'><strong>non</strong></span> <span class='ocrx_word' id='word_1_418' title='bbox 2491 3053 2759 3109; x_wconf 88' lang='lat' dir='ltr'><strong>substrata</strong></span> <span class='ocrx_word' id='word_1_419' title='bbox 2779 3068 3023 3124; x_wconf 89' lang='lat' dir='ltr'><strong>corpora,</strong></span> <span class='ocrx_word' id='word_1_420' title='bbox 3051 3053 3144 3109; x_wconf 88' lang='lat' dir='ltr'><strong>sed</strong></span> <span class='ocrx_word' id='word_1_421' title='bbox 3171 3053 3345 3110; x_wconf 82' lang='lat' dir='ltr'><strong>fontes</strong></span> <span class='ocrx_word' id='word_1_422' title='bbox 3369 3069 3488 3110; x_wconf 91' lang='lat' dir='ltr'><strong>esse</strong></span> <span class='ocrx_word' id='word_1_423' title='bbox 3512 3057 3789 3125; x_wconf 79' lang='lat' dir='ltr'><strong>quamplu-</strong></span> 
     </span>
    </p>
   </div>
   <div class='ocr_carea' id='block_1_63' title="bbox 2213 3144 3791 3217">
    <p class='ocr_par' dir='ltr' id='par_1_63' title="bbox 2213 3144 3791 3217">
     <span class='ocr_line' id='line_1_63' title="bbox 2213 3144 3791 3217; baseline 0.002 -17"><span class='ocrx_word' id='word_1_424' title='bbox 2213 3146 2414 3211; x_wconf 90' lang='lat' dir='ltr'><strong>rimos,</strong></span> <span class='ocrx_word' id='word_1_425' title='bbox 2445 3144 2548 3200; x_wconf 92' lang='lat' dir='ltr'><strong>hoc</strong></span> <span class='ocrx_word' id='word_1_426' title='bbox 2577 3145 2900 3201; x_wconf 89' lang='lat' dir='ltr'><strong>insectorum</strong></span> <span class='ocrx_word' id='word_1_427' title='bbox 2935 3160 3103 3217; x_wconf 88' lang='lat' dir='ltr'><strong>genus</strong></span> <span class='ocrx_word' id='word_1_428' title='bbox 3141 3145 3436 3216; x_wconf 81' lang='lat' dir='ltr'><strong>largissime</strong></span> <span class='ocrx_word' id='word_1_429' title='bbox 3471 3147 3791 3203; x_wconf 75' lang='lat' dir='ltr'><strong>fundentes:</strong></span> 
     </span>
    </p>
   </div>
   <div class='ocr_carea' id='block_1_64' title="bbox 2212 3227 3790 3309">
    <p class='ocr_par' dir='ltr' id='par_1_64' title="bbox 2212 3227 3790 3309">
     <span class='ocr_line' id='line_1_64' title="bbox 2212 3227 3790 3309; baseline 0 -17"><span class='ocrx_word' id='word_1_430' title='bbox 2212 3235 2350 3292; x_wconf 87' lang='lat' dir='ltr'><strong>adeo</strong></span> <span class='ocrx_word' id='word_1_431' title='bbox 2375 3236 2522 3292; x_wconf 90' lang='lat' dir='ltr'><strong>omni</strong></span> <span class='ocrx_word' id='word_1_432' title='bbox 2549 3227 2892 3293; x_wconf 82' lang='lat' dir='ltr'><strong>inundatione</strong></span> <span class='ocrx_word' id='word_1_433' title='bbox 2921 3237 3286 3293; x_wconf 90' lang='lat' dir='ltr'><strong>vehementius</strong></span> <span class='ocrx_word' id='word_1_434' title='bbox 3313 3253 3380 3294; x_wconf 84' lang='lat' dir='ltr'><strong>ex</strong></span> <span class='ocrx_word' id='word_1_435' title='bbox 3403 3240 3688 3309; x_wconf 87' lang='lat' dir='ltr'><strong>putredine</strong></span> <span class='ocrx_word' id='word_1_436' title='bbox 3709 3241 3790 3293; x_wconf 80' lang='lat' dir='ltr'><strong>illa</strong></span> 
     </span>
    </p>
   </div>
   <div class='ocr_carea' id='block_1_65' title="bbox 2213 3331 3789 3402">
    <p class='ocr_par' dir='ltr' id='par_1_65' title="bbox 2213 3331 3789 3402">
     <span class='ocr_line' id='line_1_65' title="bbox 2213 3331 3789 3402; baseline 0.001 -16"><span class='ocrx_word' id='word_1_437' title='bbox 2213 3332 2537 3387; x_wconf 86' lang='lat' dir='ltr'><strong>scaturiebat</strong></span> <span class='ocrx_word' id='word_1_438' title='bbox 2563 3331 2749 3402; x_wconf 88' lang='lat' dir='ltr'><strong>ingens</strong></span> <span class='ocrx_word' id='word_1_439' title='bbox 2778 3331 2864 3386; x_wconf 87' lang='lat' dir='ltr'><strong>illa</strong></span> <span class='ocrx_word' id='word_1_440' title='bbox 2889 3331 3148 3386; x_wconf 90' lang='lat' dir='ltr'><strong>vermium</strong></span> <span class='ocrx_word' id='word_1_441' title='bbox 3187 3331 3362 3400; x_wconf 80' lang='lat' dir='ltr'><strong>capia.</strong></span> <span class='ocrx_word' id='word_1_442' title='bbox 3403 3334 3574 3400; x_wconf 84' lang='lat' dir='ltr'><strong>Atque</strong></span> <span class='ocrx_word' id='word_1_443' title='bbox 3605 3333 3655 3386; x_wconf 91' lang='lat' dir='ltr'><strong>id</strong></span> <span class='ocrx_word' id='word_1_444' title='bbox 3688 3349 3789 3387; x_wconf 94' lang='lat' dir='ltr'><strong>non</strong></span> 
     </span>
    </p>
   </div>
   <div class='ocr_carea' id='block_1_66' title="bbox 2213 3420 3785 3492">
    <p class='ocr_par' dir='ltr' id='par_1_66' title="bbox 2213 3420 3785 3492">
     <span class='ocr_line' id='line_1_66' title="bbox 2213 3420 3785 3492; baseline 0.002 -17"><span class='ocrx_word' id='word_1_445' title='bbox 2213 3435 2311 3490; x_wconf 89' lang='lat' dir='ltr'><strong>per</strong></span> <span class='ocrx_word' id='word_1_446' title='bbox 2333 3420 2518 3476; x_wconf 90' lang='lat' dir='ltr'><strong>decem</strong></span> <span class='ocrx_word' id='word_1_447' title='bbox 2544 3421 2659 3476; x_wconf 86' lang='lat' dir='ltr'><strong>dies</strong></span> <span class='ocrx_word' id='word_1_448' title='bbox 2683 3462 2698 3488; x_wconf 95' lang='lat'><strong>,</strong></span> <span class='ocrx_word' id='word_1_449' title='bbox 2736 3430 2828 3476; x_wconf 92' lang='lat' dir='ltr'><strong>aut</strong></span> <span class='ocrx_word' id='word_1_450' title='bbox 2852 3420 3055 3491; x_wconf 89' lang='lat' dir='ltr'><strong>viginti,</strong></span> <span class='ocrx_word' id='word_1_451' title='bbox 3086 3421 3178 3477; x_wconf 90' lang='lat' dir='ltr'><strong>sed</strong></span> <span class='ocrx_word' id='word_1_452' title='bbox 3209 3437 3305 3492; x_wconf 90' lang='lat' dir='ltr'><strong>per</strong></span> <span class='ocrx_word' id='word_1_453' title='bbox 3334 3422 3616 3490; x_wconf 90' lang='lat' dir='ltr'><strong>plurimum</strong></span> <span class='ocrx_word' id='word_1_454' title='bbox 3651 3434 3785 3478; x_wconf 90' lang='lat' dir='ltr'><strong>tem-</strong></span> 
     </span>
    </p>
   </div>
   <div class='ocr_carea' id='block_1_67' title="bbox 2215 3508 3790 3580">
    <p class='ocr_par' dir='ltr' id='par_1_67' title="bbox 2215 3508 3790 3580">
     <span class='ocr_line' id='line_1_67' title="bbox 2215 3508 3790 3580; baseline 0.001 -15"><span class='ocrx_word' id='word_1_455' title='bbox 2215 3511 2359 3580; x_wconf 90' lang='lat' dir='ltr'><strong>poris</strong></span> <span class='ocrx_word' id='word_1_456' title='bbox 2397 3508 2596 3565; x_wconf 82' lang='lat' dir='ltr'><strong>factum</strong></span> <span class='ocrx_word' id='word_1_457' title='bbox 2623 3519 2724 3565; x_wconf 84' lang='lat' dir='ltr'><strong>est.</strong></span> <span class='ocrx_word' id='word_1_458' title='bbox 2755 3509 2823 3564; x_wconf 83' lang='lat' dir='ltr'><strong>Et</strong></span> <span class='ocrx_word' id='word_1_459' title='bbox 2860 3524 2922 3566; x_wconf 91' lang='lat' dir='ltr'><strong>ea</strong></span> <span class='ocrx_word' id='word_1_460' title='bbox 2949 3509 3164 3580; x_wconf 92' lang='lat' dir='ltr'><strong>quidem</strong></span> <span class='ocrx_word' id='word_1_461' title='bbox 3191 3525 3308 3580; x_wconf 67' lang='lat' dir='ltr'><strong>qua:</strong></span> <span class='ocrx_word' id='word_1_462' title='bbox 3336 3511 3418 3564; x_wconf 89' lang='lat' dir='ltr'><strong>hic</strong></span> <span class='ocrx_word' id='word_1_463' title='bbox 3447 3511 3560 3566; x_wconf 91' lang='lat' dir='ltr'><strong>istis</strong></span> <span class='ocrx_word' id='word_1_464' title='bbox 3587 3513 3790 3567; x_wconf 86' lang='lat' dir='ltr'><strong>accide-</strong></span> 
     </span>
    </p>
   </div>
   <div class='ocr_carea' id='block_1_68' title="bbox 2214 3598 3788 3670">
    <p class='ocr_par' dir='ltr' id='par_1_68' title="bbox 2214 3598 3788 3670">
     <span class='ocr_line' id='line_1_68' title="bbox 2214 3598 3788 3670; baseline 0.001 -15"><span class='ocrx_word' id='word_1_465' title='bbox 2214 3609 2370 3667; x_wconf 90' lang='lat' dir='ltr'><strong>runt,</strong></span> <span class='ocrx_word' id='word_1_466' title='bbox 2399 3599 2660 3670; x_wconf 89' lang='lat' dir='ltr'><strong>eiusmodi</strong></span> <span class='ocrx_word' id='word_1_467' title='bbox 2688 3598 2875 3664; x_wconf 79' lang='lat' dir='ltr'><strong>fuere;</strong></span> <span class='ocrx_word' id='word_1_468' title='bbox 2905 3614 3025 3670; x_wconf 63' lang='lat' dir='ltr'><strong>qua:</strong></span> <span class='ocrx_word' id='word_1_469' title='bbox 3049 3615 3176 3655; x_wconf 86' lang='lat' dir='ltr'><strong>vero</strong></span> <span class='ocrx_word' id='word_1_470' title='bbox 3212 3601 3332 3654; x_wconf 88' lang='lat' dir='ltr'><strong>illos</strong></span> <span class='ocrx_word' id='word_1_471' title='bbox 3372 3600 3424 3654; x_wconf 91' lang='lat' dir='ltr'><strong>in</strong></span> <span class='ocrx_word' id='word_1_472' title='bbox 3463 3599 3639 3655; x_wconf 81' lang='lat' dir='ltr'><strong>futuro</strong></span> <span class='ocrx_word' id='word_1_473' title='bbox 3684 3617 3788 3656; x_wconf 88' lang='lat' dir='ltr'><strong>ma-</strong></span> 
     </span>
    </p>
   </div>
   <div class='ocr_carea' id='block_1_69' title="bbox 2212 3687 3789 3758">
    <p class='ocr_par' dir='ltr' id='par_1_69' title="bbox 2212 3687 3789 3758">
     <span class='ocr_line' id='line_1_69' title="bbox 2212 3687 3789 3758; baseline -0.001 -14"><span class='ocrx_word' id='word_1_474' title='bbox 2212 3699 2363 3757; x_wconf 89' lang='lat' dir='ltr'><strong>nent,</strong></span> <span class='ocrx_word' id='word_1_475' title='bbox 2393 3689 2550 3758; x_wconf 89' lang='lat' dir='ltr'><strong>longe</strong></span> <span class='ocrx_word' id='word_1_476' title='bbox 2575 3695 2700 3742; x_wconf 91' lang='lat' dir='ltr'><strong>sunt</strong></span> <span class='ocrx_word' id='word_1_477' title='bbox 2726 3688 2807 3742; x_wconf 92' lang='lat' dir='ltr'><strong>his</strong></span> <span class='ocrx_word' id='word_1_478' title='bbox 2834 3688 3125 3743; x_wconf 89' lang='lat' dir='ltr'><strong>acerbiora.</strong></span> <span class='ocrx_word' id='word_1_479' title='bbox 3150 3687 3330 3757; x_wconf 85' lang='lat' dir='ltr'><strong>Neque</strong></span> <span class='ocrx_word' id='word_1_480' title='bbox 3353 3689 3493 3742; x_wconf 88' lang='lat' dir='ltr'><strong>enim</strong></span> <span class='ocrx_word' id='word_1_481' title='bbox 3522 3689 3667 3743; x_wconf 91' lang='lat' dir='ltr'><strong>mille</strong></span> <span class='ocrx_word' id='word_1_482' title='bbox 3695 3705 3789 3744; x_wconf 89' lang='lat' dir='ltr'><strong>an-</strong></span> 
     </span>
    </p>
   </div>
   <div class='ocr_carea' id='block_1_70' title="bbox 2215 3779 3790 3847">
    <p class='ocr_par' dir='ltr' id='par_1_70' title="bbox 2215 3779 3790 3847">
     <span class='ocr_line' id='line_1_70' title="bbox 2215 3779 3790 3847; baseline -0.001 -12"><span class='ocrx_word' id='word_1_483' title='bbox 2215 3783 2327 3847; x_wconf 87' lang='lat' dir='ltr'><strong>nis,</strong></span> <span class='ocrx_word' id='word_1_484' title='bbox 2355 3789 2446 3834; x_wconf 92' lang='lat' dir='ltr'><strong>aut</strong></span> <span class='ocrx_word' id='word_1_485' title='bbox 2471 3779 2654 3835; x_wconf 90' lang='lat' dir='ltr'><strong>decem</strong></span> <span class='ocrx_word' id='word_1_486' title='bbox 2683 3779 2914 3835; x_wconf 90' lang='lat' dir='ltr'><strong>millibus</strong></span> <span class='ocrx_word' id='word_1_487' title='bbox 2934 3821 2949 3844; x_wconf 93' lang='lat'><strong>,</strong></span> <span class='ocrx_word' id='word_1_488' title='bbox 2993 3788 3086 3834; x_wconf 87' lang='lat' dir='ltr'><strong>aut</strong></span> <span class='ocrx_word' id='word_1_489' title='bbox 3121 3779 3204 3835; x_wconf 90' lang='lat' dir='ltr'><strong>bis</strong></span> <span class='ocrx_word' id='word_1_490' title='bbox 3233 3789 3377 3834; x_wconf 85' lang='lat' dir='ltr'><strong>terve</strong></span> <span class='ocrx_word' id='word_1_491' title='bbox 3406 3779 3624 3836; x_wconf 87' lang='lat' dir='ltr'><strong>totidem</strong></span> <span class='ocrx_word' id='word_1_492' title='bbox 3654 3823 3670 3846; x_wconf 95' lang='lat'><strong>,</strong></span> <span class='ocrx_word' id='word_1_493' title='bbox 3701 3781 3790 3836; x_wconf 89' lang='lat' dir='ltr'><strong>sed</strong></span> 
     </span>
    </p>
   </div>
   <div class='ocr_carea' id='block_1_71' title="bbox 2213 3869 3792 3938">
    <p class='ocr_par' dir='ltr' id='par_1_71' title="bbox 2213 3869 3792 3938">
     <span class='ocr_line' id='line_1_71' title="bbox 2213 3869 3792 3938; baseline 0.001 -13"><span class='ocrx_word' id='word_1_494' title='bbox 2213 3869 2434 3926; x_wconf 88' lang='lat' dir='ltr'><strong>inﬁnitis</strong></span> <span class='ocrx_word' id='word_1_495' title='bbox 2462 3870 2670 3924; x_wconf 63' lang='lat' dir='ltr'><strong>saeculis</strong></span> <span class='ocrx_word' id='word_1_496' title='bbox 2693 3869 2923 3924; x_wconf 90' lang='lat' dir='ltr'><strong>animata</strong></span> <span class='ocrx_word' id='word_1_497' title='bbox 2949 3877 3073 3923; x_wconf 93' lang='lat' dir='ltr'><strong>tunc</strong></span> <span class='ocrx_word' id='word_1_498' title='bbox 3101 3884 3322 3938; x_wconf 88' lang='lat' dir='ltr'><strong>corpora</strong></span> <span class='ocrx_word' id='word_1_499' title='bbox 3351 3869 3616 3924; x_wconf 83' lang='lat' dir='ltr'><strong>cruciatus</strong></span> <span class='ocrx_word' id='word_1_500' title='bbox 3644 3871 3792 3926; x_wconf 77' lang='lat' dir='ltr'><strong>inex-</strong></span> 
     </span>
    </p>
   </div>
   <div class='ocr_carea' id='block_1_72' title="bbox 2216 3957 3792 4030">
    <p class='ocr_par' dir='ltr' id='par_1_72' title="bbox 2216 3957 3792 4030">
     <span class='ocr_line' id='line_1_72' title="bbox 2216 3957 3792 4030; baseline -0.001 -16"><span class='ocrx_word' id='word_1_501' title='bbox 2216 3959 2588 4030; x_wconf 86' lang='lat' dir='ltr'><strong>pticabilesque</strong></span> <span class='ocrx_word' id='word_1_502' title='bbox 2606 3958 2819 4014; x_wconf 91' lang='lat' dir='ltr'><strong>dolores</strong></span> <span class='ocrx_word' id='word_1_503' title='bbox 2840 3959 3192 4014; x_wconf 88' lang='lat' dir='ltr'><strong>sustinebunt.</strong></span> <span class='ocrx_word' id='word_1_504' title='bbox 3221 3957 3288 4012; x_wconf 87' lang='lat' dir='ltr'><strong>Et</strong></span> <span class='ocrx_word' id='word_1_505' title='bbox 3312 3958 3426 4014; x_wconf 67' lang='lat' dir='ltr'><strong>haec</strong></span> <span class='ocrx_word' id='word_1_506' title='bbox 3444 3971 3667 4028; x_wconf 88' lang='lat' dir='ltr'><strong>utraque</strong></span> <span class='ocrx_word' id='word_1_507' title='bbox 3695 3974 3792 4013; x_wconf 88' lang='lat' dir='ltr'><strong>no-</strong></span> 
     </span>
    </p>
   </div>
   <div class='ocr_carea' id='block_1_73' title="bbox 2211 4049 3764 4120">
    <p class='ocr_par' dir='ltr' id='par_1_73' title="bbox 2211 4049 3764 4120">
     <span class='ocr_line' id='line_1_73' title="bbox 2211 4049 3764 4120; baseline -0.002 -13"><span class='ocrx_word' id='word_1_508' title='bbox 2211 4052 2288 4107; x_wconf 88' lang='lat' dir='ltr'><strong>vit</strong></span> <span class='ocrx_word' id='word_1_509' title='bbox 2312 4051 2495 4107; x_wconf 89' lang='lat' dir='ltr'><strong>beatus</strong></span> <span class='ocrx_word' id='word_1_510' title='bbox 2524 4051 2704 4116; x_wconf 89' lang='lat' dir='ltr'><strong>Isaias,</strong></span> <span class='ocrx_word' id='word_1_511' title='bbox 2728 4051 2875 4104; x_wconf 88' lang='lat' dir='ltr'><strong>novit</strong></span> <span class='ocrx_word' id='word_1_512' title='bbox 2907 4059 2960 4105; x_wconf 88' lang='lat' dir='ltr'><strong>et</strong></span> <span class='ocrx_word' id='word_1_513' title='bbox 2975 4049 3294 4104; x_wconf 89' lang='lat' dir='ltr'><strong>mirabilium</strong></span> <span class='ocrx_word' id='word_1_514' title='bbox 3319 4049 3579 4103; x_wconf 88' lang='lat' dir='ltr'><strong>visionum</strong></span> <span class='ocrx_word' id='word_1_515' title='bbox 3601 4064 3764 4120; x_wconf 74' lang='lat' dir='ltr'><strong>specu</strong></span> 
     </span>
    </p>
   </div>
   <div class='ocr_carea' id='block_1_74' title="bbox 2213 4140 3791 4213">
    <p class='ocr_par' dir='ltr' id='par_1_74' title="bbox 2213 4140 3791 4213">
     <span class='ocr_line' id='line_1_74' title="bbox 2213 4140 3791 4213; baseline -0.003 -14"><span class='ocrx_word' id='word_1_516' title='bbox 2213 4144 2349 4200; x_wconf 91' lang='lat' dir='ltr'><strong>lator</strong></span> <span class='ocrx_word' id='word_1_517' title='bbox 2383 4141 2666 4209; x_wconf 85' lang='lat' dir='ltr'><strong>Ezechiel,</strong></span> <span class='ocrx_word' id='word_1_518' title='bbox 2697 4142 2787 4213; x_wconf 93' lang='lat' dir='ltr'><strong>qui</strong></span> <span class='ocrx_word' id='word_1_519' title='bbox 2815 4142 3116 4212; x_wconf 88' lang='lat' dir='ltr'><strong>huiusmodi</strong></span> <span class='ocrx_word' id='word_1_520' title='bbox 3147 4140 3416 4195; x_wconf 91' lang='lat' dir='ltr'><strong>hominum</strong></span> <span class='ocrx_word' id='word_1_521' title='bbox 3445 4155 3626 4212; x_wconf 64' lang='lat' dir='ltr'><strong>poenas</strong></span> <span class='ocrx_word' id='word_1_522' title='bbox 3655 4142 3791 4196; x_wconf 89' lang='lat' dir='ltr'><strong>inter</strong></span> 
     </span>
    </p>
   </div>
   <div class='ocr_carea' id='block_1_75' title="bbox 2210 4232 3789 4304">
    <p class='ocr_par' dir='ltr' id='par_1_75' title="bbox 2210 4232 3789 4304">
     <span class='ocr_line' id='line_1_75' title="bbox 2210 4232 3789 4304; baseline -0.005 -12"><span class='ocrx_word' id='word_1_523' title='bbox 2210 4252 2270 4292; x_wconf 89' lang='lat' dir='ltr'><strong>se</strong></span> <span class='ocrx_word' id='word_1_524' title='bbox 2303 4236 2684 4291; x_wconf 80' lang='lat' dir='ltr'><strong>distribuentes</strong></span> <span class='ocrx_word' id='word_1_525' title='bbox 2705 4276 2721 4302; x_wconf 90' lang='lat'><strong>,</strong></span> <span class='ocrx_word' id='word_1_526' title='bbox 2753 4234 2886 4290; x_wconf 90' lang='lat' dir='ltr'><strong>alter</strong></span> <span class='ocrx_word' id='word_1_527' title='bbox 2916 4233 3189 4304; x_wconf 66' lang='lat' dir='ltr'><strong>pratsentis</strong></span> <span class='ocrx_word' id='word_1_528' title='bbox 3208 4273 3223 4299; x_wconf 90' lang='lat'><strong>,</strong></span> <span class='ocrx_word' id='word_1_529' title='bbox 3263 4232 3397 4287; x_wconf 88' lang='lat' dir='ltr'><strong>alter</strong></span> <span class='ocrx_word' id='word_1_530' title='bbox 3427 4232 3584 4286; x_wconf 81' lang='lat' dir='ltr'><strong>futuri</strong></span> <span class='ocrx_word' id='word_1_531' title='bbox 3613 4232 3789 4286; x_wconf 65' lang='lat' dir='ltr'><strong>saeculi</strong></span> 
     </span>
    </p>
   </div>
   <div class='ocr_carea' id='block_1_76' title="bbox 2211 4333 2832 4404">
    <p class='ocr_par' dir='ltr' id='par_1_76' title="bbox 2211 4333 2832 4404">
     <span class='ocr_line' id='line_1_76' title="bbox 2211 4333 2832 4404; baseline -0.011 -15"><span class='ocrx_word' id='word_1_532' title='bbox 2211 4333 2467 4404; x_wconf 91' lang='lat' dir='ltr'><strong>supplicia</strong></span> <span class='ocrx_word' id='word_1_533' title='bbox 2495 4339 2832 4387; x_wconf 89' lang='lat' dir='ltr'><strong>enarrarunt.</strong></span> 
     </span>
    </p>
   </div>
   <div class='ocr_carea' id='block_1_77' title="bbox 2280 4418 3790 4493">
    <p class='ocr_par' dir='ltr' id='par_1_77' title="bbox 2280 4418 3790 4493">
     <span class='ocr_line' id='line_1_77' title="bbox 2280 4418 3790 4493; baseline -0.008 -12"><span class='ocrx_word' id='word_1_534' title='bbox 2280 4426 2336 4480; x_wconf 73' lang='lat'><strong>2.</strong></span> <span class='ocrx_word' id='word_1_535' title='bbox 2369 4424 2588 4493; x_wconf 81' lang='lat' dir='ltr'><strong>Quidam</strong></span> <span class='ocrx_word' id='word_1_536' title='bbox 2616 4422 2888 4477; x_wconf 73' lang='lat' dir='ltr'><strong>monachos</strong></span> <span class='ocrx_word' id='word_1_537' title='bbox 2911 4429 3159 4476; x_wconf 74' lang='lat' dir='ltr'><strong>etascetas</strong></span> <span class='ocrx_word' id='word_1_538' title='bbox 3197 4430 3390 4474; x_wconf 70' lang='lat' dir='ltr'><strong>verant.</strong></span> <span class='ocrx_word' id='word_1_539' title='bbox 3421 4449 3490 4459; x_wconf 90' lang='lat'><strong>-</strong></span> <span class='ocrx_word' id='word_1_540' title='bbox 3529 4418 3636 4486; x_wconf 83' lang='lat' dir='ltr'><strong>Ego</strong></span> <span class='ocrx_word' id='word_1_541' title='bbox 3660 4433 3790 4471; x_wconf 90' lang='lat' dir='ltr'><strong>vero</strong></span> 
     </span>
    </p>
   </div>
   <div class='ocr_carea' id='block_1_78' title="bbox 2212 4507 3788 4578">
    <p class='ocr_par' dir='ltr' id='par_1_78' title="bbox 2212 4507 3788 4578">
     <span class='ocr_line' id='line_1_78' title="bbox 2212 4507 3788 4578; baseline -0.008 -6"><span class='ocrx_word' id='word_1_542' title='bbox 2212 4517 2327 4571; x_wconf 64' lang='lat' dir='ltr'><strong>haec</strong></span> <span class='ocrx_word' id='word_1_543' title='bbox 2368 4532 2473 4570; x_wconf 87' lang='lat' dir='ltr'><strong>non</strong></span> <span class='ocrx_word' id='word_1_544' title='bbox 2505 4515 2622 4569; x_wconf 84' lang='lat' dir='ltr'><strong>sine</strong></span> <span class='ocrx_word' id='word_1_545' title='bbox 2656 4527 2816 4567; x_wconf 90' lang='lat' dir='ltr'><strong>causa</strong></span> <span class='ocrx_word' id='word_1_546' title='bbox 2859 4511 3188 4576; x_wconf 88' lang='lat' dir='ltr'><strong>memoravi,</strong></span> <span class='ocrx_word' id='word_1_547' title='bbox 3235 4509 3326 4563; x_wconf 92' lang='lat' dir='ltr'><strong>sed</strong></span> <span class='ocrx_word' id='word_1_548' title='bbox 3369 4509 3488 4578; x_wconf 90' lang='lat' dir='ltr'><strong>quia</strong></span> <span class='ocrx_word' id='word_1_549' title='bbox 3531 4507 3788 4561; x_wconf 87' lang='lat' dir='ltr'><strong>accedens</strong></span> 
     </span>
    </p>
   </div>
   <div class='ocr_carea' id='block_1_79' title="bbox 2211 4599 3786 4679">
    <p class='ocr_par' dir='ltr' id='par_1_79' title="bbox 2211 4599 3786 4679">
     <span class='ocr_line' id='line_1_79' title="bbox 2211 4599 3786 4679; baseline -0.006 -17"><span class='ocrx_word' id='word_1_550' title='bbox 2211 4607 2425 4679; x_wconf 91' lang='lat' dir='ltr'><strong>quidam</strong></span> <span class='ocrx_word' id='word_1_551' title='bbox 2454 4604 2695 4659; x_wconf 88' lang='lat' dir='ltr'><strong>nuntium</strong></span> <span class='ocrx_word' id='word_1_552' title='bbox 2725 4604 2901 4658; x_wconf 91' lang='lat' dir='ltr'><strong>attulit</strong></span> <span class='ocrx_word' id='word_1_553' title='bbox 2936 4603 3150 4672; x_wconf 91' lang='lat' dir='ltr'><strong>plenum</strong></span> <span class='ocrx_word' id='word_1_554' title='bbox 3185 4600 3581 4663; x_wconf 86' lang='lat' dir='ltr'><strong>amaritudinis,</strong></span> <span class='ocrx_word' id='word_1_555' title='bbox 3613 4599 3786 4653; x_wconf 89' lang='lat' dir='ltr'><strong>mole-</strong></span> 
     </span>
    </p>
   </div>
   <div class='ocr_carea' id='block_1_80' title="bbox 2212 4689 3789 4768">
    <p class='ocr_par' dir='ltr' id='par_1_80' title="bbox 2212 4689 3789 4768">
     <span class='ocr_line' id='line_1_80' title="bbox 2212 4689 3789 4768; baseline -0.008 -12"><span class='ocrx_word' id='word_1_556' title='bbox 2212 4703 2350 4764; x_wconf 71' lang='lat' dir='ltr'><strong>stiae,</strong></span> <span class='ocrx_word' id='word_1_557' title='bbox 2378 4697 2710 4768; x_wconf 89' lang='lat' dir='ltr'><strong>ingentisque</strong></span> <span class='ocrx_word' id='word_1_558' title='bbox 2745 4695 3000 4750; x_wconf 89' lang='lat' dir='ltr'><strong>adversus</strong></span> <span class='ocrx_word' id='word_1_559' title='bbox 3043 4695 3206 4747; x_wconf 88' lang='lat' dir='ltr'><strong>Deum</strong></span> <span class='ocrx_word' id='word_1_560' title='bbox 3233 4691 3586 4746; x_wconf 67' lang='lat' dir='ltr'><strong>contumeliae.</strong></span> <span class='ocrx_word' id='word_1_561' title='bbox 3619 4689 3789 4755; x_wconf 81' lang='lat' dir='ltr'><strong>Quos-</strong></span> 
     </span>
    </p>
   </div>
   <div class='ocr_carea' id='block_1_81' title="bbox 2215 4778 3786 4850">
    <p class='ocr_par' dir='ltr' id='par_1_81' title="bbox 2215 4778 3786 4850">
     <span class='ocr_line' id='line_1_81' title="bbox 2215 4778 3786 4850; baseline -0.008 -4"><span class='ocrx_word' id='word_1_562' title='bbox 2215 4791 2338 4846; x_wconf 90' lang='lat' dir='ltr'><strong>dam</strong></span> <span class='ocrx_word' id='word_1_563' title='bbox 2365 4788 2507 4844; x_wconf 90' lang='lat' dir='ltr'><strong>enim</strong></span> <span class='ocrx_word' id='word_1_564' title='bbox 2546 4800 2668 4842; x_wconf 90' lang='lat' dir='ltr'><strong>esse</strong></span> <span class='ocrx_word' id='word_1_565' title='bbox 2711 4785 2954 4839; x_wconf 87' lang='lat' dir='ltr'><strong>homines</strong></span> <span class='ocrx_word' id='word_1_566' title='bbox 3003 4783 3110 4848; x_wconf 90' lang='lat' dir='ltr'><strong>ait,</strong></span> <span class='ocrx_word' id='word_1_567' title='bbox 3139 4781 3229 4850; x_wconf 88' lang='lat' dir='ltr'><strong>qui</strong></span> <span class='ocrx_word' id='word_1_568' title='bbox 3270 4780 3530 4849; x_wconf 83' lang='lat' dir='ltr'><strong>hodieque</strong></span> <span class='ocrx_word' id='word_1_569' title='bbox 3563 4778 3749 4832; x_wconf 89' lang='lat' dir='ltr'><strong>eadem</strong></span> <span class='ocrx_word' id='word_1_570' title='bbox 3772 4811 3786 4834; x_wconf 71' lang='grc' dir='ltr'><strong>ι</strong></span> 
     </span>
    </p>
   </div>
   <div class='ocr_carea' id='block_1_82' title="bbox 2212 4869 3790 4948">
    <p class='ocr_par' dir='ltr' id='par_1_82' title="bbox 2212 4869 3790 4948">
     <span class='ocr_line' id='line_1_82' title="bbox 2212 4869 3790 4948; baseline -0.007 -15"><span class='ocrx_word' id='word_1_571' title='bbox 2212 4893 2332 4948; x_wconf 73' lang='lat' dir='ltr'><strong>quze</strong></span> <span class='ocrx_word' id='word_1_572' title='bbox 2357 4877 2429 4931; x_wconf 91' lang='lat' dir='ltr'><strong>illi</strong></span> <span class='ocrx_word' id='word_1_573' title='bbox 2455 4876 2580 4931; x_wconf 92' lang='lat' dir='ltr'><strong>olim</strong></span> <span class='ocrx_word' id='word_1_574' title='bbox 2604 4873 2851 4939; x_wconf 87' lang='lat' dir='ltr'><strong>barbari,</strong></span> <span class='ocrx_word' id='word_1_575' title='bbox 2881 4873 3161 4927; x_wconf 89' lang='lat' dir='ltr'><strong>admittere</strong></span> <span class='ocrx_word' id='word_1_576' title='bbox 3184 4870 3473 4934; x_wconf 84' lang='lat' dir='ltr'><strong>auderent;</strong></span> <span class='ocrx_word' id='word_1_577' title='bbox 3502 4869 3609 4923; x_wconf 89' lang='lat' dir='ltr'><strong>imo</strong></span> <span class='ocrx_word' id='word_1_578' title='bbox 3636 4870 3790 4938; x_wconf 80' lang='lat' dir='ltr'><strong>longe</strong></span> 
     </span>
    </p>
   </div>
   <div class='ocr_carea' id='block_1_83' title="bbox 2214 4962 3788 5040">
    <p class='ocr_par' dir='ltr' id='par_1_83' title="bbox 2214 4962 3788 5040">
     <span class='ocr_line' id='line_1_83' title="bbox 2214 4962 3788 5040; baseline -0.008 -15"><span class='ocrx_word' id='word_1_579' title='bbox 2214 4969 2475 5040; x_wconf 89' lang='lat' dir='ltr'><strong>iniquiora</strong></span> <span class='ocrx_word' id='word_1_580' title='bbox 2504 4986 2518 5023; x_wconf 90' lang='lat'><strong>:</strong></span> <span class='ocrx_word' id='word_1_581' title='bbox 2547 4982 2644 5024; x_wconf 93' lang='lat' dir='ltr'><strong>eos</strong></span> <span class='ocrx_word' id='word_1_582' title='bbox 2687 4968 2882 5037; x_wconf 85' lang='lat' dir='ltr'><strong>quippe</strong></span> <span class='ocrx_word' id='word_1_583' title='bbox 2907 4966 2996 5035; x_wconf 87' lang='lat' dir='ltr'><strong>qui</strong></span> <span class='ocrx_word' id='word_1_584' title='bbox 3039 4962 3385 5033; x_wconf 65' lang='lat' dir='ltr'><strong>philosophia:</strong></span> <span class='ocrx_word' id='word_1_585' title='bbox 3435 4970 3629 5015; x_wconf 76' lang='lat' dir='ltr'><strong>nostra:</strong></span> <span class='ocrx_word' id='word_1_586' title='bbox 3656 4962 3670 4992; x_wconf 87' lang='grc'>¹</span> <span class='ocrx_word' id='word_1_587' title='bbox 3698 4976 3788 5014; x_wconf 85' lang='lat' dir='ltr'><strong>ca-</strong></span> 
     </span>
    </p>
   </div>
   <div class='ocr_carea' id='block_1_84' title="bbox 2213 5051 3787 5132">
    <p class='ocr_par' dir='ltr' id='par_1_84' title="bbox 2213 5051 3787 5132">
     <span class='ocr_line' id='line_1_84' title="bbox 2213 5051 3787 5132; baseline -0.01 -15"><span class='ocrx_word' id='word_1_588' title='bbox 2213 5059 2487 5132; x_wconf 68' lang='lat' dir='ltr'><strong>pessendae</strong></span> <span class='ocrx_word' id='word_1_589' title='bbox 2504 5067 2751 5114; x_wconf 86' lang='lat' dir='ltr'><strong>auctores</strong></span> <span class='ocrx_word' id='word_1_590' title='bbox 2777 5065 2918 5121; x_wconf 87' lang='lat' dir='ltr'><strong>sunt,</strong></span> <span class='ocrx_word' id='word_1_591' title='bbox 2943 5055 3172 5124; x_wconf 89' lang='lat' dir='ltr'><strong>undique</strong></span> <span class='ocrx_word' id='word_1_592' title='bbox 3192 5053 3480 5122; x_wconf 82' lang='lat' dir='ltr'><strong>expellere,</strong></span> <span class='ocrx_word' id='word_1_593' title='bbox 3505 5051 3787 5120; x_wconf 76' lang='lat' dir='ltr'><strong>multisque</strong></span> 
     </span>
    </p>
   </div>
   <div class='ocr_carea' id='block_1_85' title="bbox 2213 5143 3784 5216">
    <p class='ocr_par' dir='ltr' id='par_1_85' title="bbox 2213 5143 3784 5216">
     <span class='ocr_line' id='line_1_85' title="bbox 2213 5143 3784 5216; baseline -0.009 -8"><span class='ocrx_word' id='word_1_594' title='bbox 2213 5152 2408 5208; x_wconf 89' lang='lat' dir='ltr'><strong>additis</strong></span> <span class='ocrx_word' id='word_1_595' title='bbox 2451 5151 2613 5205; x_wconf 88' lang='lat' dir='ltr'><strong>minis</strong></span> <span class='ocrx_word' id='word_1_596' title='bbox 2646 5159 2825 5204; x_wconf 86' lang='lat' dir='ltr'><strong>vetare</strong></span> <span class='ocrx_word' id='word_1_597' title='bbox 2849 5187 2864 5210; x_wconf 89' lang='lat'><strong>,</strong></span> <span class='ocrx_word' id='word_1_598' title='bbox 2897 5162 2964 5201; x_wconf 90' lang='lat' dir='ltr'><strong>ne</strong></span> <span class='ocrx_word' id='word_1_599' title='bbox 2991 5146 3260 5216; x_wconf 84' lang='lat' dir='ltr'><strong>quidpiam</strong></span> <span class='ocrx_word' id='word_1_600' title='bbox 3291 5143 3592 5213; x_wconf 87' lang='lat' dir='ltr'><strong>huiusmodi</strong></span> <span class='ocrx_word' id='word_1_601' title='bbox 3625 5143 3784 5196; x_wconf 87' lang='lat' dir='ltr'><strong>ullutn</strong></span> 
     </span>
    </p>
   </div>
   <div class='ocr_carea' id='block_1_86' title="bbox 2213 5232 3785 5310">
    <p class='ocr_par' dir='ltr' id='par_1_86' title="bbox 2213 5232 3785 5310">
     <span class='ocr_line' id='line_1_86' title="bbox 2213 5232 3785 5310; baseline -0.008 -14"><span class='ocrx_word' id='word_1_602' title='bbox 2213 5256 2462 5310; x_wconf 90' lang='lat' dir='ltr'><strong>umquam</strong></span> <span class='ocrx_word' id='word_1_603' title='bbox 2493 5239 2762 5294; x_wconf 83' lang='lat' dir='ltr'><strong>hominem</strong></span> <span class='ocrx_word' id='word_1_604' title='bbox 2789 5238 3034 5292; x_wconf 88' lang='lat' dir='ltr'><strong>doceant.</strong></span> <span class='ocrx_word' id='word_1_605' title='bbox 3083 5235 3176 5288; x_wconf 92' lang='lat' dir='ltr'><strong>llis</strong></span> <span class='ocrx_word' id='word_1_606' title='bbox 3215 5234 3436 5292; x_wconf 88' lang='lat' dir='ltr'><strong>auditis.</strong></span> <span class='ocrx_word' id='word_1_607' title='bbox 3470 5247 3569 5302; x_wconf 90' lang='lat' dir='ltr'><strong>ego</strong></span> <span class='ocrx_word' id='word_1_608' title='bbox 3609 5232 3785 5285; x_wconf 87' lang='lat' dir='ltr'><strong>statim</strong></span> 
     </span>
    </p>
   </div>
   <div class='ocr_carea' id='block_1_87' title="bbox 2214 5321 3784 5396">
    <p class='ocr_par' dir='ltr' id='par_1_87' title="bbox 2214 5321 3784 5396">
     <span class='ocr_line' id='line_1_87' title="bbox 2214 5321 3784 5396; baseline -0.01 -9"><span class='ocrx_word' id='word_1_609' title='bbox 2214 5331 2436 5388; x_wconf 87' lang='lat' dir='ltr'><strong>clamavi</strong></span> <span class='ocrx_word' id='word_1_610' title='bbox 2468 5370 2483 5396; x_wconf 95' lang='lat'><strong>,</strong></span> <span class='ocrx_word' id='word_1_611' title='bbox 2523 5339 2577 5385; x_wconf 92' lang='lat' dir='ltr'><strong>et</strong></span> <span class='ocrx_word' id='word_1_612' title='bbox 2613 5339 2913 5383; x_wconf 90' lang='lat' dir='ltr'><strong>narrantem</strong></span> <span class='ocrx_word' id='word_1_613' title='bbox 2955 5340 3095 5396; x_wconf 66' lang='lat' dir='ltr'><strong>saepe</strong></span> <span class='ocrx_word' id='word_1_614' title='bbox 3131 5331 3472 5393; x_wconf 87' lang='lat' dir='ltr'><strong>percontatus</strong></span> <span class='ocrx_word' id='word_1_615' title='bbox 3513 5337 3663 5384; x_wconf 86' lang='lat' dir='ltr'><strong>sum,</strong></span> <span class='ocrx_word' id='word_1_616' title='bbox 3708 5321 3784 5373; x_wconf 89' lang='lat' dir='ltr'><strong>lu-</strong></span> 
     </span>
    </p>
   </div>
   <div class='ocr_carea' id='block_1_88' title="bbox 2213 5414 3784 5490">
    <p class='ocr_par' dir='ltr' id='par_1_88' title="bbox 2213 5414 3784 5490">
     <span class='ocr_line' id='line_1_88' title="bbox 2213 5414 3784 5490; baseline -0.012 -10"><span class='ocrx_word' id='word_1_617' title='bbox 2213 5425 2413 5480; x_wconf 82' lang='lat' dir='ltr'><strong>densne</strong></span> <span class='ocrx_word' id='word_1_618' title='bbox 2442 5421 2556 5476; x_wconf 64' lang='lat' dir='ltr'><strong>haec</strong></span> <span class='ocrx_word' id='word_1_619' title='bbox 2583 5421 2902 5490; x_wconf 85' lang='lat' dir='ltr'><strong>loqueretur.</strong></span> <span class='ocrx_word' id='word_1_620' title='bbox 2922 5418 3120 5487; x_wconf 83' lang='lat' dir='ltr'><strong>Apage,</strong></span> <span class='ocrx_word' id='word_1_621' title='bbox 3155 5415 3320 5484; x_wconf 84' lang='lat' dir='ltr'><strong>inquit</strong></span> <span class='ocrx_word' id='word_1_622' title='bbox 3346 5414 3432 5468; x_wconf 89' lang='lat' dir='ltr'><strong>ille</strong></span> <span class='ocrx_word' id='word_1_623' title='bbox 3455 5429 3470 5478; x_wconf 89' lang='lat'><strong>;</strong></span> <span class='ocrx_word' id='word_1_624' title='bbox 3502 5425 3784 5480; x_wconf 83' lang='lat' dir='ltr'><strong>numquam</strong></span> 
     </span>
    </p>
   </div>
   <div class='ocr_carea' id='block_1_89' title="bbox 2277 5541 3782 5614">
    <p class='ocr_par' dir='ltr' id='par_1_89' title="bbox 2277 5541 3782 5614">
     <span class='ocr_line' id='line_1_89' title="bbox 2277 5541 3782 5614; baseline -0.013 -7"><span class='ocrx_word' id='word_1_625' title='bbox 2277 5561 2292 5592; x_wconf 74' lang='grc' dir='ltr'>ι</span> <span class='ocrx_word' id='word_1_626' title='bbox 2329 5564 2502 5614; x_wconf 81' lang='lat' dir='ltr'><strong>Deest,</strong></span> <span class='ocrx_word' id='word_1_627' title='bbox 2549 5559 2723 5603; x_wconf 72' lang='lat' dir='ltr'><strong>nostra:</strong></span> <span class='ocrx_word' id='word_1_628' title='bbox 2743 5587 2756 5611; x_wconf 95' lang='lat'><strong>,</strong></span> <span class='ocrx_word' id='word_1_629' title='bbox 2782 5552 2830 5599; x_wconf 90' lang='lat' dir='ltr'><strong>in</strong></span> <span class='ocrx_word' id='word_1_630' title='bbox 2873 5549 3199 5614; x_wconf 28' lang='lat' dir='ltr'><strong>duohttsuttlss.</strong></span> <span class='ocrx_word' id='word_1_631' title='bbox 3225 5545 3504 5614; x_wconf 66' lang='lat' dir='ltr'><strong>t1i_lt._savil.</strong></span> <span class='ocrx_word' id='word_1_632' title='bbox 3531 5551 3581 5592; x_wconf 86' lang='lat' dir='ltr'><strong>et</strong></span> <span class='ocrx_word' id='word_1_633' title='bbox 3614 5541 3782 5613; x_wconf 37' lang='grc' dir='ltr'><strong>,διανοῇ</strong></span> 
     </span>
    </p>
   </div>
   <div class='ocr_carea' id='block_1_90' title="bbox 2214 5607 3784 5672">
    <p class='ocr_par' dir='ltr' id='par_1_90' title="bbox 2214 5607 3784 5672">
     <span class='ocr_line' id='line_1_90' title="bbox 2214 5607 3784 5672; baseline -0.014 0"><span class='ocrx_word' id='word_1_634' title='bbox 2214 5623 2336 5672; x_wconf 87' lang='lat' dir='ltr'><strong>hanc</strong></span> <span class='ocrx_word' id='word_1_635' title='bbox 2373 5607 2541 5668; x_wconf 69' lang='lat' dir='ltr'><strong>vocem</strong></span> <span class='ocrx_word' id='word_1_636' title='bbox 2586 5607 2775 5671; x_wconf 66' lang='lat' dir='ltr'><strong>lerunt,</strong></span> <span class='ocrx_word' id='word_1_637' title='bbox 2823 5619 2976 5672; x_wconf 79' lang='lat' dir='ltr'><strong>recte.</strong></span> <span class='ocrx_word' id='word_1_638' title='bbox 3020 5609 3138 5658; x_wconf 68' lang='lat' dir='ltr'><strong>Nihil</strong></span> <span class='ocrx_word' id='word_1_639' title='bbox 3176 5608 3306 5672; x_wconf 79' lang='lat' dir='ltr'><strong>apud</strong></span> <span class='ocrx_word' id='word_1_640' title='bbox 3351 5607 3624 5672; x_wconf 58' lang='lat' dir='ltr'><strong>istiusavi</strong></span> <span class='ocrx_word' id='word_1_641' title='bbox 3658 5607 3784 5672; x_wconf 67' lang='lat' dir='ltr'><strong>scri-</strong></span> 
     </span>
    </p>
   </div>
   <div class='ocr_carea' id='block_1_91' title="bbox 2213 5665 3783 5744">
    <p class='ocr_par' dir='ltr' id='par_1_91' title="bbox 2213 5665 3783 5744">
     <span class='ocr_line' id='line_1_91' title="bbox 2213 5665 3783 5744; baseline -0.026 -5"><span class='ocrx_word' id='word_1_642' title='bbox 2213 5665 2389 5744; x_wconf 2' lang='lat' dir='ltr'><strong>lit—dread</strong></span> <span class='ocrx_word' id='word_1_643' title='bbox 2411 5665 2713 5744; x_wconf 57' lang='lat' dir='ltr'><strong>frequentius</strong></span> <span class='ocrx_word' id='word_1_644' title='bbox 2732 5709 2745 5732; x_wconf 93' lang='lat'><strong>,</strong></span> <span class='ocrx_word' id='word_1_645' title='bbox 2765 5665 2910 5744; x_wconf 74' lang='lat' dir='ltr'><strong>quam</strong></span> <span class='ocrx_word' id='word_1_646' title='bbox 2934 5671 3078 5743; x_wconf 76' lang='lat' dir='ltr'><strong>vitam</strong></span> <span class='ocrx_word' id='word_1_647' title='bbox 3109 5665 3783 5744; x_wconf 40' lang='lat' dir='ltr'><strong>Ill-()lltllsllcall!‘[titilttsqpltiam</strong></span> 
     </span>
    </p>
   </div>
   <div class='ocr_carea' id='block_1_92' title="bbox 2213 5727 3782 5801">
    <p class='ocr_par' dir='ltr' id='par_1_92' title="bbox 2213 5727 3782 5801">
     <span class='ocr_line' id='line_1_92' title="bbox 2213 5727 3782 5801; baseline -0.013 -7"><span class='ocrx_word' id='word_1_648' title='bbox 2213 5727 2442 5801; x_wconf 56' lang='lat' dir='ltr'><strong>appellari</strong></span> <span class='ocrx_word' id='word_1_649' title='bbox 2452 5727 2472 5789; x_wconf 16' lang='lat'><strong>.7</strong></span> <span class='ocrx_word' id='word_1_650' title='bbox 2490 5727 2517 5785; x_wconf 63' lang='grc' dir='ltr'><strong>ἱ·</strong></span> <span class='ocrx_word' id='word_1_651' title='bbox 2526 5739 2588 5788; x_wconf 89' lang='lat' dir='ltr'><strong>id.</strong></span> <span class='ocrx_word' id='word_1_652' title='bbox 2613 5727 2892 5798; x_wconf 61' lang='lat' dir='ltr'><strong>Gregor&#39;itun</strong></span> <span class='ocrx_word' id='word_1_653' title='bbox 2909 5734 3133 5792; x_wconf 70' lang='lat' dir='ltr'><strong>Sazianz.,</strong></span> <span class='ocrx_word' id='word_1_654' title='bbox 3153 5730 3380 5780; x_wconf 80' lang='lat' dir='ltr'><strong>tsidontm</strong></span> <span class='ocrx_word' id='word_1_655' title='bbox 3403 5727 3558 5780; x_wconf 67' lang='lat' dir='ltr'><strong>t’elus.</strong></span> <span class='ocrx_word' id='word_1_656' title='bbox 3574 5735 3624 5777; x_wconf 79' lang='lat' dir='ltr'><strong>et</strong></span> <span class='ocrx_word' id='word_1_657' title='bbox 3647 5727 3782 5777; x_wconf 75' lang='lat' dir='ltr'><strong>alios.</strong></span> 
     </span>
    </p>
   </div>
  </div>
