3954 6432
365 306 466 370 Si!

367 425 525 492 ποίας
560 426 761 490 αιτιας,
793 426 885 479 καὶ
923 424 1057 497 πρὸς
1091 424 1141 478 τί
1180 423 1469 494 βλέποντες
1511 425 1637 487 τοὺς
1661 422 1844 486 λίθους
1875 425 1952 487 είς,
1988 427 2045 478 τὸ

368 514 501 584 ὐψος
524 514 798 584 βάλλουσι,
813 511 1157 581 καὶπρὸςτδν
1184 512 1412 582 οὐρανὸν
1431 510 1776 574 ἀκοντίζουσι
1804 512 1873 565 τά
1888 511 2042 583 βέλη,

368 602 463 656 καὶ
477 601 555 672 τῷ
571 601 671 670 τῆς
700 600 926 671 εἰρήνης
948 597 1245 669 πολεμοῦσι
1271 597 1390 670 Θεῷ
1413 616 1427 665 ;
1457 598 1676 668 Σαμέας
1703 599 1800 669 μὲν
1822 601 1931 669 γὰρ
1950 602 2043 653 καὶ

367 687 725 761 οἰΦαραθαῖοι
747 688 842 742 καὶ
855 687 905 742 οί
924 686 1183 759 ἄρχοντες
1203 696 1221 717 ⁸
1253 687 1557 758 Ἀσσυρίων
1575 686 1670 740 καὶ
1691 686 1892 752 πάντες
1903 690 2045 741 ἐκεῖ·

368 793 449 830 νοι
483 775 752 849 βάρϐαροί
771 791 832 828 τε
853 769 1019 847 ἦσαν,
1059 774 1137 839 ὡς
1165 775 1260 829 καὶ
1288 774 1384 828 ἀπ’
1423 773 1602 828 αὐτῶν
1635 773 1742 828 τῶν
1766 775 2046 845 ὀνομάτων

367 862 514 916 ἐστιν
529 863 678 927 ἰδεῖν,
707 861 802 917 καὶ
819 862 919 932 τῆς
941 858 1244 933 Ἰουδαϊκῆς
1260 860 1732 933 μακράνήσκηντο
1748 861 2044 932 πολιτείας,

369 949 482 1021 [46]
519 950 613 1004 καὶ
631 949 734 1004 οὐκ
754 949 1037 1004 ἐϐούλοντο
1063 948 1483 1021 προσοικοῦντες
1515 950 1700 1012 αὐτοῖς
1726 948 2045 1020 ἀνθρώπους

366 1042 698 1114 αὐξομένους
723 1044 875 1115 ὀρᾷν·
908 1041 1007 1114 τὴν
1028 1041 1138 1115 γὰρ
1159 1041 1391 1113 δύναμιν
1416 1040 1514 1113 τήν
1547 1040 1772 1095 ἐκείνων
1804 1042 1871 1112 τῇ
1896 1041 2046 1111 σφῶν

366 1131 547 1186 αὐτῶν
566 1130 788 1203 ἐξουσία
810 1135 855 1163 ⁸⁴
875 1130 1061 1184 λοιπὸν
1088 1130 1397 1183 ἐπισκοτεῖν
1430 1126 1615 1200 ᾤοντο*
1638 1122 1780 1183 οῦτοι
1808 1127 1865 1181 δέ
1890 1128 2047 1192 ποίας
2077 1160 2086 1191 ,ι

367 1219 553 1283 αὐτοῖς
593 1218 908 1291 ἐλευθερίας
962 1217 1394 1291 ἐλαττουμένης,
1448 1215 1617 1287 ποίας
1641 1216 2047 1288 ἐκκοπτομένης

366 1305 572 1371 ἀδείας,
602 1307 756 1371 τίνας
797 1306 906 1360 τῶν
936 1305 1283 1378 κρατούντων
1318 1304 1776 1377 συμπράττοντας
1808 1304 2044 1375 ἔχοντες,

366 1393 541 1449 ταῦτα
576 1394 884 1466 ἐτόλμησαν
906 1411 921 1461 ;
946 1394 1178 1449 Ἐκεῖνοι
1215 1394 1317 1466 μὲν
1340 1394 1449 1465 γὰρ
1475 1390 1622 1466 εἶχον
1664 1394 1793 1458 τούς
1819 1393 2047 1466 Περσῶν

367 1481 610 1553 βασιλεῖς
665 1482 841 1536 ταυτά
878 1482 1236 1554 βουλομένους
1300 1482 1485 1545 αὐτοῖς
1508 1498 1522 1513 ’
1591 1481 1641 1535 οῖ
1693 1480 1752 1534 δέ
1789 1479 2046 1553 ἡμέτεροι

364 1571 628 1626 τάναντία
655 1570 881 1635 τούτων,
911 1570 988 1634 ὼς
1004 1570 1243 1641 ἐμαυτὸν
1268 1568 1463 1632 πείθω,
1489 1570 1583 1622 καὶ
1599 1566 1925 1639 ἐπιθυμοῦσι
1951 1568 2045 1622 καὶ

364 1658 633 1730 εὔχονται.
660 1658 823 1712 Ὅθεν
854 1660 950 1712 καὶ
976 1657 1179 1728 πολλῆς
1216 1657 1614 1729 ἐμπέπλησμαι
1653 1660 1753 1728 τῆς
1784 1656 2043 1728 ἀπορίας,

295 1784 299 1789 ι
363 1747 447 1801 ὅτι
468 1747 576 1801 τῶν
593 1746 858 1817 βασιλέων
880 1748 937 1799 ἐν
980 1744 1234 1816 εὐσεϐείᾳ
1256 1744 1496 1810 ζώντων,
1521 1742 1750 1798 τοιαῦτα
1778 1744 1843 1797 σὺ
1866 1743 2046 1812 λέγεις

363 1834 422 1887 ἐν
453 1833 645 1905 μέσαις
671 1833 972 1903 τολμᾶσθαι
1007 1835 1130 1896 ταῖς
1166 1832 1405 1886 πόλεσιν.
1435 1831 1493 1885 '0
1520 1830 1579 1885 δέ
1608 1847 1791 1902 φησιν⁹
1829 1830 1928 1884 "Av
1950 1830 2046 1885 καὶ

361 1920 424 1975 τό
438 1921 626 1975 τούτου
654 1920 1087 1993 παραδοξότερον
1106 1918 1307 1992 μάθῃς,
1329 1920 1412 1973 ὅτι
1426 1918 1521 1973 καί⁹
1542 1919 1593 1972 οί
1622 1918 1795 1983 ταῦτα
1810 1917 2047 1992 δρῶντες

362 2008 608 2074 εὐσεϐεῖς
635 2025 694 2062 τε
718 2004 861 2063 εἶναι
902 2006 1224 2078 βούλονται,
1256 2006 1351 2061 καί
1384 2005 1746 2077 Χριστιανοὺς
1785 2003 2046 2060 καλοῦσιν

361 2098 584 2164 αὐτοὺς,
626 2098 812 2153 πολλοὶ
841 2099 899 2152 δέ
926 2097 1107 2152 αὐτῶν
1135 2097 1229 2151 καὶ
1252 2095 1361 2150 τῶν
1386 2096 1486 2168 ήδη
1513 2094 1883 2168 μεμυημένων
1915 2093 2041 2147 είσίο

362 2176 458 2240 καί
485 2204 570 2251 τις
595 2185 775 2241 αὐτῶν
803 2185 1109 2263 δήγτούτων
1147 2182 1344 2239 πολλοῦ
1382 2184 1477 2237 τοῦ
1501 2182 1749 2237 διαϐόλου
1780 2180 2047 2238 πνεύσανο

360 2292 452 2339 τος
472 2275 554 2339 εἰς
572 2276 736 2330 αὐτὸν
770 2276 818 2342 δ,
854 2274 942 2329 διὰ
976 2277 1076 2348 τῆς
1117 2275 1323 2348 μιαρᾶς
1357 2272 1611 2345 γλώσσης
1645 2272 1860 2344 ἐκείνης
1896 2272 2046 2326 ἐτόλ-

363 2379 540 2435 μησεν
581 2365 775 2426 εἰπεῖν,
814 2364 898 2417 ὅτι
945 2364 1167 2435 καὶτῆς
1213 2363 1454 2427 πίστεως
1504 2360 1910 2433 ἀποστήσεται,
1948 2361 2044 2416 καί¹

361 2448 587 2504 θύσεται
626 2450 900 2522 δαίμοσιν
948 2449 1357 2521 ἀποπνίγεσθαι
1394 2449 1504 2519 γάρ
1535 2447 1678 2522 ὀρῶν
1722 2446 2045 2521 ἀνθρώπους

361 2536 680 2611 ἐλευθέρους
715 2538 810 2592 καὶ
833 2538 1077 2607 εὐγενεῖς
1108 2539 1204 2593 καὶ
1236 2536 1573 2609 δυναμένους
1601 2538 1660 2590 ἐν
1703 2539 1883 2609 τρυφῇ
1918 2533 2073 2609 ζῇν,’

359 2624 454 2679 ἐπὶ
474 2625 565 2680 τὸν
592 2624 827 2699 σκληρὸν
861 2626 1048 2681 τοῦτον
1084 2626 1389 2699 ἀγομένους
1422 2623 1558 2698 βίον.
1584 2623 1773 2681 Ταῦτά
1804 2625 2045 2691 ἀκούσας

359 2711 472 2784 ἐγὼ
498 2714 744 2788 ἐπλήγην
774 2731 835 2768 τε
860 2712 1076 2786 πληγὴν
1102 2713 1515 2785 χαλεπωτέραν,
1532 2713 1629 2767 καὶ
1660 2714 1763 2769 ὅσα
1786 2713 1895 2767 ἀπὺ
1916 2713 2045 2768 τού-

358 2818 453 2854 του
503 2801 651 2856 κακά
694 2799 1118 2872 στοχαζόμενος,
1162 2803 1263 2872 τήν
1308 2817 1369 2854 τε
1414 2800 1743 2872 οἰκουμένην
1782 2800 2048 2873 ἐθρήνουν

360 2889 597 2950 ἃπασαν.
618 2890 713 2944 καλ⁵
748 2889 887 2961 πρὸς
915 2889 1007 2942 τὸν
1037 2888 1171 2943 Θεὸν
1208 2888 1414 2958 ἔλεγον·
1437 2883 1608 2959 ’Δρον
1623 2887 1724 2959 τήν
1736 2888 1916 2961 ψυχήν
1942 2906 2045 2960 μου

358 2976 455 3031 ἀπ’
478 2976 636 3049 ἐμοῦ,
656 2979 753 3031 καί⁵
769 2979 835 3032 ἐκ
851 2976 959 3031 τῶν
975 2976 1231 3047 ἀναγκῶν
1250 2993 1354 3047 μου
1378 2975 1617 3046 ἐξάγαγέ
1643 2992 1732 3048 με,
1747 2977 1843 3030 καὶ
1867 2977 2095 3032 nam“

358 3062 520 3131 λαξον
545 3064 645 3137 τῆς
681 3065 954 3138 ἐπικήρου
981 3065 1186 3137 ταύτης
1228 3064 1375 3137 ζωῆς
1397 3105 1412 3129 ,
1447 3066 1543 3121 καὶ
1571 3065 1708 3137 πρὸς
1742 3064 1834 3121 τὸν
1869 3066 2048 3139 χῶρον

363 3152 705 3226 μετάστησον
729 3155 961 3221 ἐκεῖνον,
987 3153 1119 3209 ἔνθα
1140 3152 1384 3208 τοιοῦτον
1396 3153 1552 3208 οὐδὲν
1578 3153 1704 3209 οὐτε
1718 3153 1908 3227 ἐτερος
1931 3156 2048 3228 ἐρεῖ
2094 3202 2097 3205 .

360 3258 470 3306 τις,
499 3238 623 3295 οὔτε
649 3241 954 3314 ἀκούσομαι
1002 3240 1136 3313 ἐγώ.
1180 3238 1311 3297 Οἶδα
1343 3242 1441 3315 μέν
1464 3241 1595 3316 γάρ,
1624 3243 1708 3298 δτι
1740 3241 2047 3299 ἀπελθόντα

364 3327 615 3385 ἐντεῦθεν
642 3329 704 3385 τὸ
735 3330 924 3394 σκότος
950 3330 1247 3396 διαδέξεται
1279 3331 1342 3385 τὸ
1376 3327 1663 3403 ἐξώτερον,
1701 3329 1831 3385 ἔνθα
1877 3330 2047 3396 πολὺς

362 3421 392 3475 ὀ
410 3418 688 3491 κλαυθμὸς
718 3418 812 3474 καὶ
844 3420 874 3473 ὀ
904 3418 1150 3492 βρυγμὸς
1192 3419 1302 3474 τῶν
1327 3417 1575 3473 ὀδόντων·
1599 3418 1716 3473 ἀλλ’
1742 3419 1895 3491 ἥδιον
1923 3421 2049 3492 ἐμοὶ

359 3504 665 3577 βρυχόντων
682 3505 902 3560 ἀκούειν
917 3506 1165 3573 ὀδόντων,
1182 3507 1216 3577 ή
1245 3506 1471 3560 τοιαῦτα
1496 3506 1773 3578 ἠχούντων
1800 3509 2043 3579 ῥήματα.

357 3590 506 3646 Ἰδὼν
525 3592 584 3646 δέ
609 3609 677 3664 με
705 3592 1006 3647 πενθοῦντα
1037 3595 1244 3658 ἐκεῖνος
1262 3592 1531 3665 σφοδρῶς,
1562 3592 1705 3647 Ἀλλ’
1719 3594 1781 3648 οὐ
1816 3596 2044 3664 τούτων,

357 3680 545 3750 φησιν,
582 3682 610 3734 ὀ
639 3678 831 3751 καιρὸς
864 3677 980 3735 νῦν·
1010 3679 1135 3734 οὐδέ
1166 3679 1276 3752 γὰρ
1304 3679 1369 3752 δή
1395 3680 1523 3744 τοὺς
1555 3672 1905 3746 ἀπολωλότας
1951 3682 2048 3738 καὶ

356 3766 766 3839 ἀπολλυμένους
779 3768 895 3830 τοῖς
913 3766 1147 3839 δάκρυσι
1160 3767 1372 3832 τούτοις
1398 3767 1816 3839 ἀνακτήσασθαι
1837 3767 2045 3843 δυνήσῃ

357 3854 514 3909 ποτέο
533 3855 627 3909 καὶ
656 3854 765 3927 γάρ
788 3848 943 3927 οἶμαι
970 3855 1046 3927 μὴ
1082 3853 1379 3927 στήσεσθαι
1396 3854 1459 3909 τὸ
1473 3854 1801 3928 δεινόν.Χρὴ
1825 3856 1884 3911 δέ
1912 3858 2048 3930 ὀρᾷν

355 3944 505 4009 ὅπως
520 3945 809 4017 σϐέσωμεν
829 3946 926 4017 τήν
961 3944 1163 4017 πυράν,
1190 3945 1285 3999 καὶ
1317 3946 1606 4018 στήσωμεν
1638 3945 1734 4000 τὸν
1765 3945 2046 4019 λοιμὸν,τό

357 4048 423 4101 γε
443 4031 712 4105 ήμέτερον
736 4032 920 4105 μέρος·
944 4032 1039 4086 καὶ
1059 4030 1117 4085 εί
1135 4033 1199 4102 γέ
1232 4032 1326 4105 μοί
1350 4050 1405 4087 τι
1420 4033 1653 4102 πείθοιο,
1669 4034 1780 4090 τῶν
1793 4036 2045 4110 ὀδυρμῶν

355 4124 564 4178 τούτων
584 4124 879 4196 ἀφέμενος,
908 4123 1141 4197 ἐργασαι
1165 4123 1326 4194 λόγον
1359 4124 1684 4198 παραίνεσιν
1713 4125 1905 4198 ἔχοντα
1932 4131 2046 4194 τοῖς

356 4210 572 4267 νοσοῦσι
607 4213 701 4266 καί
737 4210 1107 4279 στασιάζουσι,
1140 4212 1276 4286 πρός
1300 4230 1361 4267 τε
1394 4214 1495 4287 τὴν
1533 4213 1773 4281 ἑαυτῶν,
1809 4215 1946 4288 πρός
1982 4235 2044 4273 τε

355 4300 454 4375 τὴν
483 4301 669 4374 κοινὴν
689 4301 946 4357 ἀπάντων
966 4301 1238 4375 σωτηρίαν
1256 4300 1585 4376 ἀνθρώπων.
1614 4303 1726 4358 Kal
1750 4303 1813 4357 τὸ
1842 4302 2046 4375 βιϐλίον

356 4389 469 4460 ἐγὼ
500 4390 659 4446 τοῦτο
694 4390 897 4459 λαϐὼν,
933 4392 1051 4448 ἀντ’
1079 4392 1243 4448 ἀλλου
1272 4393 1417 4458 τινὸς
1467 4393 1759 4465 φαρμάκου
1781 4396 1905 4460 ταῖς
1936 4396 2045 4455 τῶν

358 4479 675 4549 καμνόντων
689 4480 900 4552 ἐνθήσω
913 4492 935 4519 c
950 4480 1128 4553 χερσί·
1144 4480 1238 4533 καὶ
1255 4480 1364 4552 γάρ
1378 4480 1484 4536 εἰσί
1503 4474 1592 4553 μοι
1604 4481 1713 4538 τῶν
1728 4482 1797 4536 τά
1823 4484 2046 4540 τοιαῦτα

358 4565 657 4619 νοσούντων
686 4567 830 4636 φίλοι
860 4567 1066 4633 πολλοὶ,
1087 4568 1181 4620 καὶ
1198 4566 1481 4632 ἀνέξονται
1506 4567 1754 4622 ἐπελθεῖν
1772 4571 1867 4625 καὶ
1897 4571 2047 4638 ἅπαξ

360 4654 456 4706 καὶ
484 4651 567 4717 δὶς
602 4654 697 4707 καὶ
725 4652 1007 4717 πολλάκις,
1039 4653 1135 4706 καὶ
1160 4642 1275 4707 οῖδα
1301 4654 1382 4708 ὅτι
1404 4655 1613 4725 ταχέως
1642 4656 2043 4727 ἀπαλλάξονται

358 4740 452 4795 τοῦ
474 4741 687 4812 λοιμοῦ.
722 4740 795 4795 Σὺ
832 4741 953 4813 μὲν,
985 4740 1142 4812 ἔφην,
1167 4741 1306 4814 πρὰς
1332 4740 1394 4796 τό
1436 4734 1634 4814 μῖέτρον
1683 4742 1784 4813 τῆς
1824 4745 2043 4819 ἀγάπης

359 4828 454 4882 καὶ
480 4827 549 4883 τὰ
568 4829 669 4901 τῆς
693 4828 980 4899 δυνάμεως
1004 4831 1106 4901 τῆς
1130 4829 1409 4902 ἡμετέρας
1436 4831 1674 4905 μετρεῖςο
1701 4831 1823 4903 ἐμοὶ
1838 4832 1896 4887 δὲ
1920 4831 2043 4889 οῦτε

360 4915 594 4988 πάρεστί
618 4933 702 4980 τις
733 4915 906 4987 λόγων
938 4918 1110 4988 ἰσχὺς,
1144 4919 1211 4990 τῇ
1236 4934 1295 4970 τε
1316 4915 1457 4973 εἶναι
1478 4917 1711 4993 δοκούσῃ
1733 4920 2041 4993 χρήσασθαι

359 5003 441 5067 εἰς
461 5002 718 5058 ὑπόθεσιν
740 5003 998 5076 τοιαύτην
1027 5004 1375 5077 αἰσχύνομαι,
1399 5004 1559 5060 ἀλλον
1589 5007 1688 5077 μὲν
1726 5008 1916 5062 οὐδένα
1947 5027 2041 5063 το-

361 5090 571 5161 σοῦτον,
608 5092 875 5164 Ἕλληνας
912 5093 972 5157 δὲ
1033 5093 1281 5160 ἅπαντας
1300 5135 1315 5159 ,
1349 5096 1476 5161 τούς
1526 5114 1585 5150 τε
1627 5088 1789 5163 ὄντας
1812 5098 1939 5164 τούς
1979 5115 2041 5154 τε

359 5181 794 5254 ἐπιγινομένους,
840 5181 934 5247 οὒς
970 5183 1059 5237 ἀεὶ
1087 5182 1195 5239 τῶν
1216 5183 1502 5256 δογμάτων
1542 5186 1642 5258 οὐχ
1676 5182 1839 5261 ἦττον
1869 5186 1897 5228 ἀ
1948 5190 2042 5244 ἐπὶ

422 5340 1025 5412 ιμῧυρμιεβηῷαρασθεοὶ
1051 5344 1135 5393 καὶ
1166 5346 1212 5394 οἰ
1246 5342 1405 5409 ἄρχοι.
1439 5342 1559 5395 Hec
1583 5343 1784 5396 nomina
1810 5355 2042 5412 corrupta

360 5405 634 5465 suptivide
660 5405 911 5465 Eodre‘nv,
934 5406 985 5454 9.

422 5462 694 5527 ",SicSav.
708 5482 762 5518 ιιι
782 5462 905 5517 Mori
919 5468 1030 5517 Duo
1046 5474 1214 5519 autem
1236 5468 1449 5525 σιωπὴν
1469 5469 1603 5527 σφῶν
1622 5469 1780 5518 αὐτῶν
1805 5471 2035 5527 ἐξουσίαν.

363 5523 520 5592 Paulo
539 5534 786 5592 ροειιιιιιιε
801 5530 941 5586 ποίας
950 5530 1252 5592 αὐτοῖςΑιιιιι
1272 5543 1386 5578 vera
1400 5523 1551 5592 l'eclfoi
1562 5538 1640 5578 est
1682 5532 1766 5579 Ed.
1782 5523 1892 5581 Sa'v.
1913 5534 2034 5584 Mor.

363 5586 509 5655 εἰμι’..
519 5586 632 5655 ροᾳ.
656 5591 796 5655 ποίας
815 5592 961 5655 αὐτῆς
981 5586 1126 5642 male:
1144 5586 1408 5655 l'nfraunus
1418 5591 1570 5655 ταυτὰ
1591 5594 1973 5655 βουλευομένους.

427 5646 453 5685 b
480 5648 562 5697 Sic
581 5649 731 5699 Savil.
766 5646 821 5701 ει
854 5646 1049 5711 uo'r'eL,
1085 5655 1173 5704 sed
1208 5655 1272 5709 εἷς
1297 5653 1439 5701 αὐτόν
1466 5646 1612 5701 ἀθεεὶ
1641 5653 1690 5700 in
1710 5646 1901 5705 duaibus
1920 5646 2035 5708 ιίιςς.

363 5707 520 5776 PapLo
537 5718 647 5776 p03:
664 5711 764 5762 duo
787 5727 900 5762 mss.
920 5721 973 5762 et
995 5707 1146 5764 Sin/il.
1168 5718 1220 5764 in
1245 5707 1396 5773 rnarg.
1422 5713 1552 5761 θύσει
1574 5714 1792 5776 δαίμοσιν

393 5773 448 5882 If
465 5769 627 5880 SSaEl'il.
651 5780 712 5882 ξι
733 5788 860 5824 unus
876 5778 1150 5837 καμνόντων
1173 5779 1326 5840 φέρων
1349 5769 1558 5832 ἐνθήσω.
1581 5769 1757 5827 Morel.
1794 5784 1959 5828 autem
1986 5784 2039 5830 et

414 5847 463 5882 ιιι
511 5847 540 5880 ιι
589 5847 646 5881 su
686 5847 740 5882 ra
968 5843 987 5856 ο

356 5843 499 5894 ιιιιιεγ
511 5843 567 5880 ιιι
589 5845 740 5894 supra
968 5843 987 5856 '

423 5891 560 5964 {Sic
580 5891 736 5964 Sarni:
762 5903 816 5945 et
840 5910 954 5950 mss.
975 5902 1136 5962 recte,
1159 5899 1331 5951 Morel.
1361 5911 1480 5950 vero
1499 5899 1580 5958 οὓς
1599 5899 1688 5964 οὐχ
1706 5897 1867 5964 ἦττον,
1886 5905 2037 5956 omis-

363 5956 434 6006 sis
457 5955 794 6035 inlcmcdiis.‘

1167 307 1223 363 S.
1267 305 1554 365 JOANNIS
1592 305 2091 364 CIIIlYSOSTOMl
2132 307 2450 365 ARCIIIEP.
2490 308 3039 365 CONSTANTINOP.

3733 311 3850 366 3‘39.

2151 427 2217 497 τῇ
2248 424 2343 478 τοῦ
2395 423 2509 497 βίου
2563 424 2835 497 διασύρων
2873 423 3138 496 ῥᾳθυμίᾳ,
3167 421 3262 477 νῦν
3288 423 3355 478 τά
3382 424 3632 497 ἡμέτερα
3661 427 3851 496 ἀναγ-

2152 513 2391 583 κάζομαι
2414 511 2622 578 διδάξαι
2659 512 2824 565 κακά.
2863 513 2923 564 Εἰ
2950 510 3058 582 γὰρ
3090 511 3382 565 αῖσθωνταί
3422 528 3567 575 τινες
3600 512 3848 567 ἐκείνων

2126 601 2231 654 ’ὅτι
2255 599 2405 670 παρὰ
2428 600 2773 673 Χριστιανοῖς
2788 600 2895 653 εἰσί
2910 617 3053 663 τινες
3074 598 3351 672 ἄνθρωποι
3378 600 3520 655 οὕτω
3534 602 3677 673 πρὸς
3703 602 3845 673 ἀρε-

2147 686 2246 757 τὴν
2264 688 2357 740 καὶ
2374 686 2693 756 φιλοσοφίαν
2721 686 3264 756 ἐκπεπολεμωμένοι,
3292 687 3369 751 ὡς
3410 687 3485 760 μὴ
3529 690 3697 761 μόνον
3724 690 3843 743 τῶν

2149 773 2291 845 ὑπὲρ
2318 772 2522 845 ταύτης
2567 772 2899 844 ἀφίστασθαι
2941 772 3052 847 [47]
3092 774 3300 838 πόνων,
3335 774 3471 829 ἀλλά
3522 776 3663 849 μηδέ
3702 778 3844 841 τοὺς

2149 860 2290 933 ὖπέρ
2320 860 2528 917 τούτων
2558 861 2849 933 ἀνέχεσθαι
2876 861 3087 932 λόγους,
3133 862 3229 917 καὶ
3267 861 3388 916 οὐδὲ
3424 863 3661 918 ἐνταῦθα
3695 864 3838 934 στῆ-

2146 963 2233 1002 ναι
2268 948 2370 1019 τῆς
2404 947 2601 1020 μανίας
2642 948 2944 1020 ἀνέχονται,
2983 947 3121 1003 ἀλλά
3149 949 3257 1003 κᾶν
3297 948 3484 1022 ἕτερός
3518 968 3605 1015 τις
3655 951 3836 1005 ταῦτα

2147 1035 2492 1111 συμϐουλεύῃ
2523 1037 2619 1093 καὶ
2643 1036 2978 1108 διαλέγηται,
3001 1037 3097 1091 καὶ
3123 1037 3314 1092 τοῦτον
3366 1038 3633 1093 πάντοθεν
3670 1039 3836 1093 ἐλαύ-

2150 1140 2350 1179 νουσινο
2401 1124 2468 1179 ἀν
2510 1112 2683 1179 ταῦτα
2709 1124 3026 1191 αἴσθωνται,
3053 1124 3267 1180 δέδοικα
3302 1128 3378 1199 μή
3414 1144 3545 1183 ποτε
3575 1127 3704 1182 οὐτε
3734 1130 3833 1183 ἀν·
3878 1145 3887 1187 ι

2147 1210 2401 1281 θρώπους
2429 1211 2577 1283 ἡμᾶς
2605 1207 2745 1266 εἶναι
2795 1212 3112 1284 νομίσωσιν,
3142 1212 3276 1267 ἀλλά
3305 1213 3471 1287 θηρία
3503 1216 3599 1269 καὶ
3623 1215 3832 1284 τέρατα
3878 1224 3891 1287 ξ

2146 1258 2745 1373 ἐιζόᾖὶ
2774 1258 3723 1376 δᾲίῐὲνῐὲὶνζξῗᾶλᾌὲὲᾧαῖέᾶἷ
3730 1258 3832 1375 ῗεξξ
3877 1258 3891 1373 1

2148 1388 2335 1459 κοινῆς
2362 1387 2579 1458 φύσεως
2619 1388 2870 1461 ἐχθροὺς,
2904 1390 3001 1444 καὶ
3036 1389 3241 1461 ταύτην
3262 1390 3324 1443 οὐ
3360 1391 3624 1463 περὶτῶν
3660 1393 3829 1444 ὐπευ-
3888 1380 3893 1403 ’

2148 1472 2323 1528 θύνων
2370 1475 2551 1547 μόνον,
2594 1468 2731 1530 ἀλλά
2779 1477 2874 1531 καὶ
2913 1477 3044 1549 περὶ
3083 1477 3288 1542 παντὸς
3317 1478 3476 1550 ήμῶν
3509 1479 3603 1532 τοῦ
3643 1479 3830 1543 ἔθνους

2145 1561 2243 1634 τὴν
2264 1562 2443 1634 ψῆφον
2467 1563 2754 1632 ἐνέγκωσι.
2774 1564 2886 1618 Kal
2899 1564 3138 1634 γελάσας
3164 1567 3391 1632 ἐκεῖνος,
3419 1565 3665 1633 Παίζεις.
3700 1567 3826 1637 ἔφη,

2145 1647 2321 1704 ταῦτα
2335 1649 2527 1719 λέγων’
2547 1651 2661 1720 ἐγὼ
2686 1651 2797 1724 γὰρ
2848 1652 2943 1707 νῦν
2966 1652 3162 1706 τούτου
3191 1670 3273 1709 σοι
3294 1654 3678 1727 εὐκαιρότερον
3696 1658 3825 1727 ἐρῶ,

2146 1737 2201 1790 εἰ
2219 1754 2283 1808 γε
2302 1734 2545 1804 δέδοικας
2578 1738 2655 1811 μή
2680 1739 2834 1812 παρὰ
2864 1740 2976 1794 τῶν
3004 1741 3114 1795 σῶν
3144 1740 3320 1811 λόγων
3364 1742 3610 1815 μάθωσιν
3654 1743 3693 1799 ἀ
3740 1744 3826 1798 διὰ

2145 1825 2255 1878 τῶν
2282 1824 2459 1895 ἔργων
2485 1825 2691 1898 ἔμαθον
2720 1828 2959 1893 ἅπαντες
2988 1829 3177 1883 πάλαι.
3206 1829 3421 1902 Ὥσπερ
3436 1832 3548 1903 γάρ
3574 1848 3720 1895 τινος
3738 1849 3827 1886 ποι

2146 1907 2313 1985 νηροῦ
2352 1912 2661 1985 πνεύματος
2704 1914 2806 1979 τάς
2851 1914 3108 1970 ἀπάντων
3161 1914 3589 1990 πεπληρωκότος
3633 1918 3823 1990 ψυχὰς,

2146 2000 2289 2056 οὓτω
2332 2000 2402 2055 τά
2455 2001 2675 2056 πάντων
2719 2002 2966 2073 στόματα
3017 2002 3227 2078 τούτων
3260 2004 3421 2076 γέμει
3466 2004 3575 2060 τῶν
3620 2005 3816 2075 λόγων·

2147 2087 2254 2143 κᾶν
2286 2089 2367 2154 εἰς
2385 2089 2593 2162 ἀγοράν
2620 2089 2886 2164 ἐμϐάλῃς,
2905 2090 3049 2162 ὄψει,
3076 2092 3173 2147 καὶ
3200 2093 3258 2147 ἐν
3285 2095 3409 2158 τοῖς.
3434 2093 3714 2166 ἰατρείοις,
3728 2095 3824 2148 κᾶν

2146 2174 2207 2229 tv
2235 2175 2401 2229 παντί
2421 2176 2576 2248 μέρει
2601 2176 2702 2248 τῆς
2731 2177 2940 2243 πόλεως
2962 2219 2977 2244 ,
3014 2176 3144 2233 ἔνθα
3188 2179 3527 2251 συνεδρεύειν
3577 2180 3824 2237 εἰώθασιν

2145 2263 2196 2315 οί
2228 2263 2489 2336 πράττειν
2513 2263 2669 2319 οὐδὲν
2697 2264 2996 2333 ἐθέλοντες,
3053 2266 3222 2321 πολὺν
3263 2267 3476 2338 γέλωτα
3509 2268 3666 2341 παρά
3694 2269 3824 2324 πάνο

2144 2365 2254 2402 των
2298 2349 2635 2423 κινούμενον.
2664 2352 2732 2407 Ἦ
2763 2352 2821 2406 δὲ
2845 2351 2939 2406 τοῦ
2962 2352 3195 2424 γέλωτος
3215 2354 3404 2409 τούτου
3434 2356 3531 2410 καὶ
3559 2357 3661 2428 τῆς
3683 2374 3825 2429 κωμ-

2146 2437 2313 2509 ῳδίας
2346 2438 2625 2506 ὑπόθεσις,
2658 2440 2769 2495 τῶν
2813 2442 2894 2506 εἰς
2932 2443 3060 2507 τούς
3078 2442 3267 2513 ἀγίους
3291 2442 3490 2515 ἀνδρας
3518 2447 3825 2519 εἰργασμέ-
3926 2471 3937 2483 ι

2145 2543 2254 2582 νων
2277 2525 2397 2582 ἐστὶ
2419 2527 2489 2583 τά
2511 2526 2826 2601 διηγήματα
2845 2540 2892 2583 ο.
2921 2530 3190 2604 Καθάπερ
3211 2533 3321 2605 γάρ
3341 2550 3488 2599 τινες
3505 2535 3827 2606 πολεμισταὶ

2148 2614 2353 2679 πολλάς
2387 2615 2652 2686 ἡνυκότες
2710 2617 2913 2689 μάχας,
2959 2618 3055 2673 καί
3097 2618 3338 2691 τρόπαια
3373 2622 3696 2693 στήσαντες,
3734 2624 3821 2689 τὰς

2148 2701 2363 2784 ἑαυτῶν
2382 2702 2670 2776 ἀριστείας
2708 2704 3061 2778 διηγούμενοι
3091 2707 3397 2779 χαίρουσιν,
3445 2709 3590 2763 οὕτω
3624 2710 3692 2784 δὴ
3741 2714 3823 2765 καὶ

2146 2778 2300 2843 οῦτοι
2346 2790 2638 2859 γάννυνται
2678 2792 2773 2845 ἐπὶ
2811 2795 2926 2857 τοῖς
2952 2778 3268 2866 τολμήμασι
3318 2798 3433 2861 τοῖς
3479 2778 3715 2851 ἑαυτῶν·
3740 2800 3823 2852 καὶ

2146 2876 2357 2950 ἀκούσῃ
2401 2878 2497 2932 τοῦ
2539 2878 2647 2951 μέν
2685 2879 2936 2961 λέγοντος
2975 2882 3079 2949 δτι,
3109 2882 3254 2951 Ἐγὼ
3278 2884 3495 2954 πρῶτος
3528 2887 3625 2940 καὶ
3646 2889 3824 2960 χεῖρας

2148 2967 2421 3025 ἐπέϐαλον
2464 2970 2558 3024 ἐπὶ
2591 2970 2684 3025 τὸν
2725 2970 2874 3025 δεῖνα
2916 2971 3011 3027 τὸν
3051 2973 3305 3045 μοναχὸν,
3344 2975 3441 3030 καὶ
3493 2974 3713 3047 πληγὰς
3750 2979 3825 3030 ὲν-

2147 3058 2349 3113 έτειναο
2385 3059 2574 3133 ἐτέρου
2620 3060 2678 3115 δὲ
2718 3061 2838 3128 δτι,
2868 3062 2943 3117 Τὸ
2988 3063 3333 3135 καταγώγιον
3371 3066 3478 3138 πρὸ
3509 3066 3619 3121 τῶν
3660 3066 3824 3124 ἄλλων

2147 3140 2306 3219 εὖρον
2325 3148 2490 3214 αὐτός
2507 3163 2523 3181 ·
2547 3149 2816 3205 Ἀλλάτὺν
2840 3150 3101 3225 δικαστὴν
3122 3151 3234 3223 ἐγὼ
3252 3152 3450 3226 μᾶλλον
3472 3153 3583 3208 τῶν
3609 3155 3779 3210 ἀλλων
3802 3154 3823 3196 ἵ

2147 3235 2466 3309 παρώξυνα,
2505 3239 2672 3310 φησιν
2714 3238 2918 3314 ἕτερος·
2948 3240 3108 3306 ἀλλος
3136 3241 3199 3296 τὸ
3233 3242 3608 3317 δεσμωτήριον
3650 3244 3743 3298 καί
3761 3246 3822 3298 τὰ

2147 3325 2207 3379 ἐν
2230 3324 2308 3396 τῷ
2327 3326 2690 3400 δεσμωτηρίῳ
2717 3328 2888 3394 δεινά,
2909 3329 3004 3384 καί⁵
3033 3329 3096 3383 τὺ
3120 3328 3211 3384 διὰ
3236 3329 3340 3403 τῆς
3363 3331 3569 3404 ἀγορᾶς
3610 3333 3821 3387 ἑλκύσαι

2145 3413 2274 3477 τοὺς
2325 3414 2513 3483 ἀγίους
2559 3416 2807 3481 ἐκείνους
2863 3417 2923 3471 ἐν
2976 3417 3253 3495 ἐγκωμίου
3281 3418 3488 3473 τίθεται
3525 3420 3700 3492 μέρει·
3734 3424 3821 3474 καὶ

2146 3502 2303 3569 ἀλλος
2322 3504 2472 3560 ἀλλο.
2499 3502 2636 3561 Εῐτα
2652 3505 2854 3571 πάντες
2867 3506 3346 3577 ἀνακαγχάζουσιν
3360 3508 3453 3561 ἐπὶ
3471 3506 3700 3572 τούτοις.
3719 3511 3819 3565 Καὶ

2145 3591 2319 3647 ταῦτα
2342 3594 2442 3664 μὲν
2467 3594 2526 3648 ἐν
2550 3595 2665 3660 τοῖς
2686 3593 2797 3649 τῶν
2821 3594 3167 3668 Χριστιανῶν
3196 3596 3514 3669 συνεδρίοις·
3529 3599 3580 3652 at
3602 3598 3659 3651 δὲ
3693 3599 3814 3652 Ἔλ-

2146 3679 2308 3750 ληνες
2338 3680 2434 3735 καὶ
2464 3680 2690 3747 τούτους
2716 3681 2942 3752 γελῶσι,
2964 3683 3060 3737 καὶ
3091 3684 3219 3747 τοὺς
3240 3684 3332 3738 ὑπ’
3363 3684 3545 3739 αὐτῶν
3574 3686 3819 3757 γελωμέ-

2146 3786 2291 3835 νους’
2314 3771 2444 3835 τοὺς
2476 3772 2599 3843 μὲν,
2622 3772 2706 3840 ἐφ’
2737 3766 2823 3836 οἷς
2842 3771 3099 3845 ἔδρασαν,
3123 3772 3252 3837 τοὺς
3278 3772 3337 3827 δὲ
3370 3775 3457 3843 ἐφ’
3495 3769 3575 3838 οἷς
3607 3774 3816 3829 ἔπαθον·

2147 3858 2245 3913 καὶ
2280 3857 2520 3930 πολέμου
2566 3859 2716 3924 τινός
2756 3860 3023 3930 ἐμφυλίου
3071 3860 3159 3922 τά-
3196 3862 3379 3917 πάντα
3418 3864 3817 3935 ἐμπέπλησται.

2150 3945 2354 4019 μᾶλλον
2382 3946 2442 4001 δὲ
2473 3946 2644 4002 ταῦτα
2677 3948 2891 4003 ἐκείνου
2932 3948 3126 4021 πολλῷ
3174 3949 3556 4023 χαλεπώτερα.
3594 3952 3824 4006 Ἐκεῖνον

2151 4037 2251 4109 μὲν
2278 4035 2388 4110 γὰρ
2409 4037 2458 4091 οἰ
2479 4037 2890 4110 πολεμήσαντες
2905 4038 2999 4093 τὸν
3024 4038 3279 4111 πόλεμον,
3297 4040 3427 4094 ὅταν
3450 4042 3582 4095 ποτὲ
3608 4039 3826 4115 ὕστερον

2147 4123 2567 4198 ἀναμνησθῶσιν
2592 4124 2782 4192 αὐτοῦ,
2811 4128 2925 4191 τοῖς
2945 4144 3006 4180 τε
3032 4128 3382 4199 κεκινηκόσιν
3398 4128 3562 4182 αὐτὸν
3586 4130 3826 4201 ἐπαρῶνο

2145 4230 2236 4269 ται
2263 4212 2454 4276 πολλὰ,
2491 4215 2583 4268 κα)⁸
2613 4213 2829 4286 δαίμονι
2854 4230 2961 4269 τινι
2989 4214 3210 4287 πονηρῷ
3225 4215 3293 4270 τὰ
3313 4216 3374 4269 ἐν
3391 4215 3541 4287 αὐτῷ
3567 4217 3826 4287 γενόμενα

2146 4300 2365 4356 ἅπαντα
2409 4301 2748 4357 ἀνατιθέασιο
2795 4302 3040 4357 κάκεῖνοι
3083 4302 3187 4374 μὲν
3227 4302 3392 4359 πλέον
3426 4321 3478 4358 τι
3513 4304 3623 4359 τῶν
3655 4304 3826 4361 ἀλλων

2146 4390 2511 4463 αἰσχύνονται,
2559 4391 2781 4464 ὅσῳπερ
2810 4390 2878 4446 ἀν
2913 4393 2973 4445 ἐν
3023 4390 3172 4464 αὐτῷ
3206 4391 3370 4447 πλέον
3411 4411 3463 4447 τι
3506 4393 3614 4448 τῶν
3657 4394 3828 4448 ἀλλων

2145 4479 2523 4552 ἐργάσωνται·
2560 4469 2721 4532 οὗτοι
2741 4477 2798 4531 δὲ
2822 4478 2921 4532 καὶ
2953 4478 3454 4549 ἐγκαλλωπίζονται
3490 4483 3604 4546 τοῖς
3631 4481 3828 4554 τολμή-

2149 4583 2304 4638 μασι.
2330 4562 2439 4619 Kal
2455 4565 2517 4618 οὐ
2546 4564 2705 4619 τοῦτο
2731 4565 2911 4636 μόνον,
2935 4567 3019 4621 ὅτι
3044 4568 3401 4639 ἐναγέστερος
3427 4562 3583 4635 οὗτος
3619 4572 3828 4626 ἐκείνου

2144 4655 2174 4707 ὀ
2202 4652 2603 4724 πόλεμος,ιούδέ
2632 4651 2715 4706 ὃτι
2737 4651 2875 4723 πρὸς
2898 4655 3086 4724 ἀγίους
3108 4657 3201 4710 καὶ
3216 4656 3369 4711 οὐδὲν
3392 4657 3722 4731 ήδικηκότας
3743 4661 3825 4728 γί-

2143 4757 2292 4797 νεται
2315 4742 2495 4811 μόνον,
2516 4740 2630 4795 ἀλλ’
2649 4740 2731 4794 ὅτι
2760 4743 3010 4815 καὶπρὸς
3036 4744 3358 4815 ἀνθρώπους
3397 4751 3569 4800 ποιεῖν
3613 4746 3715 4819 μέν
3740 4748 3826 4802 οὐ·

2144 4827 2277 4882 δένα
2299 4827 2508 4892 εἰδότας
2534 4827 2743 4894 κακῶς,
2776 4829 3008 4902 πάσχειν
3046 4830 3102 4885 δέ
3140 4836 3695 4907 παρεσκευασμένους
3732 4837 3825 4907 μό-

2142 4931 2253 4971 νον.

2214 5020 2572 5096 γ¹.Ἐπίσχες,
2609 5024 2767 5097 ἔφην,
2801 5025 3043 5097 ἐπίσχες·
3067 5028 3160 5081 καὶ
3190 5028 3300 5100 γὰρ
3326 5030 3420 5084 καὶ
3447 5030 3653 5084 τούτων
3694 5033 3820 5103 ἡμῖν

2143 5108 2265 5175 ἀλις
2285 5112 2310 5151 ⁸
2324 5109 2432 5165 τῶν
2451 5111 2824 5184 διηγημάτων,
2841 5111 2894 5165 εί
2906 5131 2969 5183 γε
2984 5115 3060 5185 μή
3084 5114 3363 5181 παντελῶς
3400 5133 3465 5188 με
3485 5117 3509 5157 ιι
3525 5117 3815 5172 ἐκπνεῦσαι

2140 5198 2271 5254 δέοιο
2304 5197 2442 5253 ἀλλά
2469 5199 2673 5271 μικράν
2693 5200 2825 5268 γοῦν
2843 5217 2965 5255 τινα
2986 5200 3178 5272 έχοντα
3202 5203 3378 5273 ίσχύν,
3392 5203 3644 5258 ἀπελθεῖν
3661 5205 3817 5275 ποίη-

2145 5304 2236 5341 σον
2273 5288 2316 5342 ί.
2368 5286 2441 5339 Σὺ
2483 5287 2586 5359 μὲν
2612 5287 2723 5359 γάρ
2752 5287 2972 5353 πάντως
3008 5290 3147 5361 ὅπερ
3199 5291 3468 5357 ἐπέταξας
3510 5294 3817 5365 γενήσεται·

2146 5373 2308 5445 μόνον
2348 5374 2515 5448 μηδὲν
2550 5375 2738 5446 ἕτερον
2769 5376 2901 5447 ήμῖν
2932 5377 3173 5449 προσθῇς
3199 5377 3464 5452 διήγημα,
3498 5379 3613 5434 ἀλλ’
3646 5382 3821 5435 ἀπελ-

2142 5460 2252 5517 θὼν
2289 5461 2452 5533 εῦχου
2487 5462 2851 5534 σκεδασθῆναί
2886 5481 2979 5535 μοι
3017 5466 3116 5538 τῆς
3151 5466 3391 5537 ἀθυμίας
3419 5464 3479 5522 τὸ
3524 5467 3701 5538 νέφος,
3729 5469 3819 5523 καὶ

2206 5657 2232 5721 ξ
2258 5654 2367 5721 Duo
2390 5670 2505 5706 mss.
2531 5657 2593 5705 τὰ
2610 5658 2881 5721 διηγήματα
2897 5659 3065 5711 ταῦτα.

2206 5715 2227 5756 ί
2260 5719 2342 5767 Sic
2364 5730 2539 5767 omnes
2561 5715 2684 5768 mss;
2701 5715 2885 5770 εἶδον.
2911 5722 2963 5771 1η
2996 5728 3116 5774 edit.
3151 5723 3324 5776 Morel.
3366 5729 3462 5775 τῶν
3479 5726 3636 5774 ἄλλων
3655 5726 3807 5775 deat.

2206 5781 2232 5819 8
2260 5779 2396 5841 Unus
2414 5780 2568 5829 habet
2588 5783 2690 5837 ἇλις
2709 5782 2995 5841 ἀρκούντως.

2201 5841 2233 5911 ξι
2259 5840 2352 5911 §_ic
2370 5842 2482 5891 Sav.
2508 5849 2661 5911 rege.
2683 5840 2883 5911 firmum
2909 5840 3067 5911 fuerat
3089 5849 3131 5896 εἶ
3152 5849 3205 5909 γέ
3228 5866 3287 5911 με
3303 5852 3560 5906 παντελῶς.
3591 5851 3721 5898 Εοιτ.

2207 5905 2223 5970 ᾖ
2257 5903 2482 5970 Sic_ms§.
2507 5903 2733 5970 elDSay‘il.
2761 5905 2809 5954 in
2838 5922 2991 5970 marg.
3017 5910 3069 5958 In
3084 5903 3205 5958 edit.
3229 5903 3402 5961 Morel.
3431 5903 3632 5970 ποίησον
3653 5915 3806 5961 deest.

2141 5968 2297 6021 Iidem
2318 5965 2377 6014 σὺ
2406 5966 2489 6018 μὲν
2510 5966 2619 6027 γάρ,
2649 5967 2817 6019 Morel.
2846 5978 2898 6020 et
2917 5965 3151 6031 δΞιιΊΙησὺ
3176 5974 3259 6030 μὲν
3278 5973 3377 6024 οὖν.
