3954 6400
78 260 186 316 32!

89 373 242 434 enim
293 371 350 428 in
395 388 456 430 re
494 384 598 430 tam
643 379 781 434 seria
807 379 1051 450 iocarer,
1092 399 1266 455 neque
1305 385 1582 454 dicerem,
1609 390 1696 445 vel

89 462 473 534 contingerem
499 482 559 520 ea
585 483 702 538 qua:
733 470 945 540 plurimi
971 473 1340 544 redemissem,
1369 493 1432 534 ac
1458 478 1702 548 plurimis

74 553 242 606 .votis
269 557 616 624 expetiissem
638 599 654 626 ,
687 570 743 615 ut
771 577 838 616 ne
867 579 1008 620 nunc
1034 566 1250 636 quidem
1273 610 1288 636 ,
1316 571 1530 638 quando
1564 569 1702 625 facta

91 653 251 714 sunt,
279 649 368 703 vel
393 665 525 706 aure
550 653 900 725 perciperem.
923 658 1074 714 Tunc
1100 675 1261 730 porro
1286 663 1529 729 acerbius
1552 665 1702 733 inge-

94 741 345 796 miscens
372 761 386 797 :
415 743 574 810 Vere,
607 747 736 814 dixi,
772 749 884 804 hate
911 761 1058 806 tanto
1079 755 1420 809 sceleratiora
1451 763 1577 810 sunt
1603 757 1702 823 iis,

95 847 225 900 qua:
267 833 604 892 Mithridates
633 854 928 912 omnesque
966 844 1053 898 alii
1094 845 1464 912 admiserunt,
1505 857 1704 917 quanto

97 923 374 992 templum
416 925 520 981 hoc
557 937 641 983 est
670 929 760 985 illo
800 932 1166 989 honorabilius
1203 945 1260 991 et
1301 938 1556 992 sanctius.
1599 937 1705 992 Sed

101 1013 330 1082 quinam
360 1015 446 1071 isti
472 1058 486 1082 ,
519 1034 733 1088 quaeso,
761 1032 852 1077 aut
883 1024 1020 1080 unde
1047 1034 1172 1080 sunt
1211 1028 1299 1096 qui
1343 1027 1466 1081 talia
1505 1041 1707 1097 pratsu-

105 1105 309 1170 mu‘nt?
337 1122 524 1177 quare,
557 1120 610 1167 et
627 1127 732 1184 qua
763 1114 828 1169 de
856 1131 1014 1172 causa
1040 1159 1056 1185 ,
1080 1134 1238 1189 quem
1269 1120 1616 1189 respicientes
1643 1119 1708 1174 li-

107 1212 256 1272 nem,
306 1203 516 1274 lapides
555 1206 605 1260 in
646 1207 872 1262 sublime
907 1209 1116 1278 jaciunt
1139 1253 1154 1277 ,
1186 1212 1398 1282 telaque
1435 1213 1488 1266 in
1518 1213 1706 1268 malum

103 1304 526 1374 jaculautur,-ac
549 1315 668 1354 cum
699 1301 806 1355 Deo
834 1301 980 1371 pacis
1010 1302 1208 1358 bellum
1234 1305 1467 1374 gerunt?
1489 1304 1710 1361 Sameas

107 1395 278 1456 enim,
317 1391 618 1447 Pharathaei
654 1393 670 1422 ί
700 1400 754 1447 et
789 1393 1131 1465 Assyriorum
1166 1394 1450 1466 principes,
1494 1411 1720 1451 omnes».

109 1503 215 1556 quc
246 1485 430 1541 cmteri
457 1525 472 1548 ,
501 1484 751 1552 barbari,
783 1485 925 1555 quod
950 1502 1015 1540 ex
1045 1487 1174 1556 ipsis
1198 1489 1504 1545 nominibus
1531 1489 1712 1545 videre

111 1588 216 1642 est,
247 1577 512 1646 longeque
536 1591 564 1628 a
588 1574 895 1632 Judzeorum
919 1579 1158 1634 moribus
1187 1580 1381 1634 remoti
1408 1589 1581 1645 erant,
1610 1596 1709 1636 no-

117 1669 412 1739 lebantque
453 1667 709 1724 finitimos
750 1669 853 1724 sibi
885 1669 1132 1726 homines
1170 1671 1508 1742 multiplicari
1543 1691 1557 1726 :
1587 1688 1710 1728 nam

118 1761 334 1814 illorum
365 1759 503 1813 vires
533 1758 644 1814 fore
675 1769 730 1814 ut
753 1760 1044 1830 potentiam
1073 1775 1224 1815 suam
1255 1762 1604 1818 obscurarent
1629 1777 1714 1817 ar-

115 1850 476 1906 bitrabantur.
513 1848 579 1904 lli
606 1857 784 1904 autem
814 1866 1047 1920 quanam
1091 1852 1190 1916 sibi
1231 1852 1508 1907 imminuta
1547 1853 1711 1908 liber-

115 1950 248 2002 tate,
279 1956 386 2010 qua
409 1940 616 1995 sublata
647 1941 881 2008 licentia,
910 1957 1018 2012 quo
1045 1942 1342 2012 principum
1373 1943 1572 1999 auxilio
1601 1944 1718 1998 haec

112 2031 232 2085 ausi
262 2031 430 2085 sunt?
451 2031 531 2086 llli
559 2031 703 2088 enim
733 2032 1016 2087 Persarum
1043 2048 1198 2103 reges
1223 2033 1339 2088 haec
1361 2035 1602 2090 volentes
1622 2033 1719 2090 ba-

114 2123 307 2189 buere,
330 2124 496 2178 nostri
525 2139 652 2179 vero
679 2125 946 2180 contraria
967 2127 1196 2195 penitus,
1222 2134 1281 2181 ut
1304 2126 1434 2182 mihi
1456 2127 1570 2197 ipse
1599 2142 1719 2196 per-

114 2213 348 2280 suadeo,
372 2222 428 2269 et
463 2216 685 2285 cupiunt
711 2224 766 2270 et
793 2223 997 2285 optant.
1026 2215 1362 2287 Quapropter
1387 2233 1580 2288 magno
1607 2228 1720 2274 stu-

117 2319 252 2374 pore
276 2305 466 2374 plenus
486 2320 627 2372 sum,
651 2307 790 2376 quod
813 2305 1226 2376 lmperatoribus
1246 2309 1384 2377 piam
1407 2309 1717 2378 religionem

117 2397 457 2452 sectantibus
477 2440 492 2464 ,
533 2397 648 2452 hmo
678 2399 730 2453 in
762 2399 954 2456 mediis
989 2399 1210 2455 urbibus
1242 2400 1456 2470 impune
1492 2400 1604 2456 fieri
1633 2401 1719 2456 di-

118 2503 234 2543 cas.
265 2486 408 2556 Quid
435 2504 583 2552 vero,
611 2489 782 2560 inquit
809 2489 897 2544 ille
916 2531 933 2557 ,
963 2490 1008 2544 si
1038 2489 1123 2544 his
1143 2505 1358 2561 quoque
1395 2491 1720 2546 mirabiliora

119 2577 423 2635 didiceris?
451 2580 590 2651 quod
625 2581 827 2637 scilicet
850 2580 1041 2636 horum
1071 2593 1320 2638 auctores
1345 2584 1413 2652 pii
1435 2583 1602 2638 videri
1633 2595 1724 2639 ve-

121 2671 226 2727 lint
244 2715 260 2740 ,
291 2682 352 2729 et
376 2673 706 2730 Christianos
731 2689 790 2730 se
817 2684 1121 2746 nuncupenl
1147 2715 1164 2740 ,
1206 2676 1419 2745 plurimi
1450 2683 1628 2731 autem
1655 2690 1723 2731 ex

122 2764 230 2819 illis
268 2765 435 2821 etiam
471 2766 662 2822 initiati
701 2770 848 2822 sint:
881 2768 990 2823 imo
1015 2783 1200 2824 eorum
1228 2768 1442 2839 quidam
1465 2810 1478 2831 ,
1511 2769 1724 2824 diabolo

123 2855 480 2912 vehementer
502 2858 738 2927 amante,
763 2860 1088 2915 exsecranda
1118 2860 1294 2932 lingua
1317 2877 1409 2916 sua
1435 2861 1614 2916 dicere
1631 2876 1727 2916 au-

123 2964 219 3004 sus
245 2950 355 3016 sit,
386 2966 446 3006 se
471 2965 499 3003 a
529 2951 632 3006 fide
661 2967 998 3008 recessurum
1025 2961 1080 3008 et
1113 2952 1448 3008 daemonibus
1477 2955 1723 3009 immola-

125 3047 312 3095 turum
345 3059 359 3095 :
393 3041 642 3097 suﬂ'ocari
671 3044 813 3098 enim
850 3059 910 3098 se
950 3043 1179 3099 videndo
1205 3045 1450 3099 homines
1485 3043 1686 3099 liberos
1707 3087 1722 3111 ,

127 3134 364 3198 nobiles,
396 3136 661 3205 vitamque
681 3136 888 3192 deliciis
919 3137 1130 3206 plenam
1161 3152 1320 3207 agere
1346 3137 1586 3192 valentes
1611 3179 1624 3203 ,
1659 3137 1725 3190 ad

128 3224 272 3281 hanc
308 3225 500 3280 duram
545 3228 668 3281 vita:
700 3228 964 3284 rationem
1009 3225 1223 3282 abduci.
1267 3227 1358 3280 His
1392 3225 1588 3280 auditis
1628 3240 1727 3296 ego

128 3317 398 3372 acerbiori
429 3317 648 3374 vulnere
673 3333 958 3388 percussus
988 3333 1128 3384 sum,
1157 3327 1212 3372 et
1240 3318 1376 3371 mala
1402 3317 1526 3371 inde
1551 3316 1726 3372 futura

127 3411 450 3481 conﬁciens,
481 3410 666 3464 orbem
693 3410 849 3466 simul
882 3409 1072 3464 flebam
1098 3411 1426 3476 universum,
1460 3406 1729 3479 Deumque

131 3503 526 3574 compellabam
543 3503 625 3557 his
645 3503 851 3558 verbis:
873 3501 1024 3557 Tolle
1043 3503 1275 3556 animam
1299 3517 1470 3557 meam
1492 3517 1521 3554 a
1547 3517 1653 3568 me,
1677 3514 1733 3556 et

132 3594 202 3651 de
227 3596 642 3652 necessitatibus
672 3597 804 3651 meis
827 3611 954 3652 erue
980 3611 1086 3664 me,
1114 3603 1274 3666 atque
1297 3595 1364 3649 ab
1392 3594 1491 3649 hac
1518 3595 1730 3648 mortali

136 3687 242 3740 vita
270 3686 444 3742 libera
473 3701 578 3752 me,
601 3696 653 3741 et
680 3685 749 3741 ad
775 3687 950 3742 locum
985 3686 1132 3741 illum
1161 3685 1414 3751 transfer,
1445 3685 1534 3741 ubi
1557 3685 1733 3739 nullus

139 3776 449 3849 hujusmodi
491 3777 763 3848 quidpiam
798 3776 1074 3848 proferet,
1121 3791 1292 3846 neque
1337 3777 1450 3846 ipse
1495 3776 1730 3831 audiam.

135 3867 275 3924 Novi
307 3867 556 3936 equidem
585 3907 602 3930 ,
629 3867 771 3938 quod
803 3867 926 3923 hinc
951 3866 1300 3922 excedentem
1321 3867 1617 3921 exteriores
1641 3880 1734 3921 ex-

137 3959 342 4029 cipient
367 3960 620 4025 tenebrae,
647 3960 736 4016 ubi
766 3959 922 4016 ﬂetus
949 3961 1135 4032 ingens
1161 3969 1216 4016 et
1235 3959 1431 4014 stridor
1454 3959 1692 4015 dentium
1717 3977 1732 4016 :

138 4065 333 4106 verum
370 4050 654 4122 jucundius
698 4050 828 4106 mihi
863 4059 944 4106 est
983 4052 1174 4106 dentes
1217 4050 1407 4106 audire
1449 4051 1736 4107 stridentes

141 4157 308 4214 quam
335 4142 600 4213 ejusmodi
637 4143 796 4199 verba
820 4143 1084 4214 jactantes
1110 4142 1375 4198 homines.
1407 4141 1605 4197 Videns
1637 4157 1738 4198 au-

145 4245 254 4290 tem
295 4251 384 4292 me
428 4236 517 4291 ille
551 4235 839 4292 admodum
881 4236 1146 4306 lugentem
1177 4252 1191 4288 :
1223 4234 1337 4290 Non
1384 4234 1475 4301 id,
1519 4235 1736 4305 inquit,

147 4338 362 4399 tempus
390 4328 620 4398 postulat
649 4345 664 4382 :
697 4342 870 4399 neque
908 4327 1051 4382 enim
1089 4325 1172 4380 bis
1203 4325 1453 4398 lacrymis
1490 4340 1583 4380 eos
1604 4364 1621 4392 ,
1649 4325 1739 4395 qui

145 4421 256 4490 jam
295 4421 572 4490 perierunt
607 4430 662 4475 et
699 4419 936 4490 quotidie
976 4429 1235 4489 pereunt,
1274 4431 1592 4488 recuperare
1618 4431 1738 4470 um-

151 4527 312 4581 quam
351 4512 551 4581 poteris
592 4529 607 4567 :
646 4527 817 4582 neque
854 4512 1052 4566 malum
1098 4511 1186 4565 hic
1235 4510 1392 4565 finem
1437 4509 1742 4564 habiturum

154 4613 303 4672 puto.
349 4602 456 4658 Sed
505 4603 888 4674 providendum
935 4613 1061 4670 est,
1107 4611 1166 4658 ut
1216 4618 1404 4674 rogum
1449 4603 1606 4658 istum
1651 4617 1745 4657 ex-

159 4698 505 4768 stinguamus,
540 4695 786 4767 hancque
811 4708 1014 4767 pestem
1042 4697 1388 4752 cohibeamus
1413 4715 1426 4751 :
1451 4711 1513 4752 ac
1542 4697 1587 4752 si
1614 4695 1745 4751 mihi

162 4805 362 4845 morem
393 4791 624 4860 gesseris
643 4832 658 4856 ,
690 4789 772 4844 his
802 4790 980 4844 missis
1009 4789 1220 4846 fletibus
1247 4790 1438 4845 librum
1467 4787 1616 4854 edes,
1640 4803 1749 4858 quo

163 4884 318 4954 aegris
347 4881 655 4952 hujusmodi
691 4898 754 4937 ac
781 4881 1055 4938 seditiosis
1086 4882 1286 4936 monita
1319 4881 1471 4936 dabis
1500 4880 1567 4934 ad
1594 4895 1743 4935 suam

163 4976 499 5044 omniumque
524 4975 796 5029 hominum
833 4974 1080 5029 salutem.
1111 4974 1220 5028 lloc
1246 4987 1346 5044 ego
1383 4981 1658 5042 assumpto
1684 4971 1750 5026 li-

165 5068 278 5133 bro,
323 5066 691 5122 medicaminis
733 5066 1012 5136 cujusdam
1040 5065 1157 5120 vice
1190 5065 1337 5119 illum
1374 5064 1748 5134 aegrotantium

168 5161 218 5214 iu
244 5173 399 5213 manu
427 5175 641 5231 ponam.
670 5159 806 5216 Sunt
833 5160 976 5215 enim
1002 5175 1069 5213 ex
1098 5157 1290 5212 horum
1326 5171 1551 5210 numero
1582 5154 1715 5226 pleri

169 5268 266 5323 que
291 5253 418 5307 mihi
447 5253 678 5309 amicitia
699 5254 891 5324 juncti,
913 5259 1004 5323 qut
1026 5251 1292 5321 patientur
1317 5265 1402 5304 me
1432 5248 1575 5319 ipsos
1600 5248 1751 5304 adire

172 5346 327 5401 semel
353 5355 409 5401 et
429 5347 510 5400 his
531 5354 586 5400 et
610 5345 834 5416 pluries,
866 5344 1096 5415 novique
1117 5342 1236 5396 illos
1257 5342 1364 5396 cito
1385 5340 1451 5395 ab
1476 5339 1575 5394 bac
1600 5349 1752 5410 peste

174 5436 469 5494 liberandos
487 5451 630 5492 esse.
648 5435 727 5490 Tu
746 5436 984 5506 quidem,
1002 5432 1255 5504 respondi
1283 5447 1402 5504 ego,
1435 5447 1502 5486 ex
1531 5431 1755 5485 caritate

175 5539 255 5586 tua
284 5531 428 5586 vires
457 5525 666 5585 metiris
705 5540 913 5584 nostras
938 5547 951 5584 :
981 5528 1112 5583 mibi
1149 5542 1278 5583 vero
1309 5526 1451 5580 nulla
1492 5525 1632 5580 inest
1675 5525 1754 5578 vis

177 5671 381 5785 Baga:
406 5675 540 5781 ξω,
559 5661 858 5715 PImrasthei.
902 5673 998 5715 nec
1019 5676 1198 5714 nomen
1217 5667 1495 5724 corruptum
1520 5666 1626 5724 est;
1643 5659 1757 5711 vide

854 269 1218 328 ADVERSUS
1256 272 1799 334 OPPEGNATORES
1838 278 2024 335 VlT-IE
2067 279 2360 338 MON.\ST.
2402 281 2530 338 LIB.
2565 283 2605 339 Ι.

3284 293 3392 350 322

1810 390 2043 459 dicendi,
2073 402 2127 448 et
2155 409 2238 458 ea,
2266 411 2384 466 qua:
2413 397 2588 453 inesse
2613 399 2838 467 videtur,
2865 401 2915 455 in
2947 401 3048 458 hoc
3075 417 3391 476 argumento

1810 481 1884 534 uti
1930 483 2092 552 pudet
2133 501 2221 540 me
2253 504 2267 540 :
2298 503 2396 541 nec
2433 489 2594 543 alium
2629 507 2948 562 quemquam
2994 495 3063 549 ita
3094 511 3299 559 vereor.
3335 513 3392 553 ut

1807 576 2033 643 gentiles
2059 591 2268 642 omnes,
2300 586 2412 633 tum
2439 595 2533 634 eos
2565 582 2653 650 qui
2685 583 2842 637 modo
2872 596 3015 650 sunt,
3044 596 3154 640 tum
3184 601 3278 642 eos
3302 604 3389 656 qui

1810 678 1932 738 post
1959 667 2122 724 futuri
2149 679 2294 735 sunt,
2323 686 2458 742 quos
2481 679 2581 742 ego
2608 673 2714 727 non
2743 677 2918 730 minus
2944 691 3039 747 pro
3065 679 3188 733 vita:
3213 695 3394 748 segm-

1812 762 1904 827 tie,
1935 776 2092 831 quam
2118 777 2217 832 pro
2240 762 2498 818 doctrinm
2526 766 2732 821 ratione
2760 781 2972 836 semper
2996 783 3218 838 carpere
3264 771 3396 824 soli-

1819 859 1904 904 tus
1929 865 2070 917 sum,
2100 867 2168 907 ne
2205 854 2316 922 jam
2364 855 2510 923 ipsos
2537 855 2675 909 mala
2713 865 2893 910 nostra
2923 857 3164 912 doceam.
3193 857 3323 914 Nam
3352 859 3395 916 si

1813 941 1904 1010 qui
1930 957 1996 996 ex
2027 943 2132 996 illis
2157 944 2424 999 senserint
2455 943 2598 1016 apud
2626 946 2958 1002 Christianos
2995 963 3113 1004 esse
3154 949 3398 1006 homines

1815 1033 1950 1088 adeo
1966 1033 2147 1088 virtuti
2175 1043 2230 1089 et
2255 1035 2606 1105 philosophia:
2635 1038 2900 1104 inimicos,
2923 1049 2982 1094 ut
3007 1055 3110 1094 non
3133 1042 3292 1096 modo
3317 1043 3398 1096 la-

1815 1124 1972 1179 bores
1997 1126 2063 1180 ad
2089 1141 2206 1181 eam
2232 1127 2628 1197 adipiscendam
2659 1129 2938 1201 refugiant,
2964 1130 3059 1187 sed
3099 1147 3168 1188 ne
3202 1132 3270 1187 de
3309 1133 3398 1188 illa

1814 1216 2029 1284 quidem
2056 1217 2216 1272 verba
2243 1217 2418 1275 facere
2441 1219 2638 1287 sinant,
2665 1220 2771 1276 imo
2802 1237 2870 1276 ne
2896 1221 2995 1276 hac
3020 1229 3164 1276 tanta
3185 1222 3400 1293 quidem

1818 1306 2024 1361 insania
2050 1310 2319 1373 contenti,
2351 1310 2396 1365 si
2424 1325 2582 1380 quem
2615 1312 2752 1366 hanc
2785 1312 3156 1368 consulentem
3182 1355 3196 1379 ,
3226 1313 3402 1383 deque

1819 1397 1906 1451 illa
1931 1397 2283 1454 disserentem
2307 1401 2553 1468 videant,
2584 1402 2726 1456 hunc
2758 1402 2990 1472 undique
3015 1403 3323 1473 expellant;
3355 1404 3400 1460 si

1819 1487 1951 1553 haec,
1980 1488 2228 1559 inquam,
2259 1491 2329 1544 illi
2358 1492 2660 1559 senserint,
2691 1493 2854 1547 timeo
2883 1509 2949 1548 ne
2974 1508 3072 1548 nos
3093 1493 3403 1550 existiment

1819 1594 1923 1634 non
1956 1579 2220 1646 homines,
2243 1580 2337 1634 sed
2369 1580 2527 1646 feras,
2569 1591 2623 1636 et
2653 1591 2892 1636 monstra
2931 1583 3162 1638 hominis
3202 1583 3368 1638 forma
3389 1625 3402 1645 ,

1817 1670 2194 1741 dazmonasque
2218 1671 2477 1742 quosdam
2511 1673 2727 1737 noxios,
2765 1688 2828 1726 ac
2862 1673 3163 1728 communis
3201 1683 3404 1728 natum

1818 1763 2093 1828 inimicos,
2125 1778 2229 1819 nec
2251 1763 2317 1818 de
2346 1765 2588 1818 sontibus
2619 1763 2806 1829 modo,
2850 1763 2944 1819 sed
2982 1763 3050 1818 de
3089 1773 3195 1818 tota
3244 1763 3402 1818 simul

1819 1863 1978 1924 gente
2009 1855 2168 1908 talem
2197 1856 2513 1908 sententiam
2544 1853 2741 1908 ferant.
2770 1855 2838 1908 At
2860 1855 2952 1910 ille
2974 1854 3152 1909 ridens
3177 1873 3188 1906 :
3218 1854 3402 1920 Ludis,

1820 1945 2012 2015 inquit,
2042 1945 2159 2000 huic
2182 1945 2366 2000 dicens
2391 1963 2404 1998 :
2435 1960 2536 2015 ego
2563 1947 2707 1999 enim
2748 1946 3127 2015 opportuniora
3169 1946 3280 2016 jam
3323 1947 3404 1999 Iu-

1821 2051 1974 2105 quar,
2008 2035 2053 2091 si
2079 2037 2283 2090 vereris
2309 2052 2376 2091 ne
2401 2052 2466 2091 ex
2493 2037 2675 2090 verbis
2699 2037 2804 2091 tuis
2829 2037 2882 2090 id
2906 2037 3166 2101 ediscant,
3191 2053 3309 2106 qua:
3333 2037 3411 2092 illi

1817 2126 1928 2196 jam
1955 2127 2154 2182 dudum
2185 2144 2251 2183 ex
2283 2129 2414 2198 ipsis
2438 2127 2692 2197 operibus
2717 2127 3074 2183 edidicerunt.
3106 2128 3236 2182 Nam
3265 2143 3328 2182 ac
3365 2141 3410 2182 St

1825 2219 2181 2288 nequissimus
2205 2219 2396 2289 aliquis
2432 2220 2653 2288 spiritus
2680 2220 2920 2272 omnium
2948 2219 3158 2274 animos
3182 2232 3411 2286 occupa-

1823 2313 1915 2375 rit,
1948 2327 2043 2380 per
2067 2324 2383 2366 cunctorum
2412 2326 2508 2366 ora
2541 2313 2592 2365 bi
2633 2325 2916 2367 sermones
2944 2320 3261 2374 vertuntur;
3295 2311 3410 2364 sive

1825 2404 1877 2458 in
1906 2403 2077 2458 forum
2118 2416 2170 2458 te
2194 2404 2510 2470 contuleris,
2541 2405 2656 2457 sive
2695 2403 2748 2456 in
2781 2403 3032 2458 tabernas
3056 2402 3409 2466 medicorum,

1825 2497 1938 2551 sive
1969 2497 2022 2551 in
2047 2497 2342 2566 quamlibet
2367 2497 2513 2552 urbis
2542 2504 2748 2566 partem
2770 2539 2784 2562 ,
2811 2495 2903 2551 ubi
2928 2495 3120 2551 sedere
3148 2496 3326 2551 solent
3349 2493 3408 2560 ii,

1824 2587 1917 2657 qui
1943 2588 2073 2641 nihil
2103 2587 2312 2659 eperari
2339 2587 2541 2654 volunt,
2567 2586 2772 2641 videbis
2817 2587 3084 2656 ingentem
3130 2588 3298 2640 risum
3347 2588 3416 2640 ab

1827 2682 2077 2736 omnibus
2121 2681 2343 2736 moveri.
2374 2681 2534 2736 Risus
2561 2688 2738 2735 autem
2769 2680 2886 2750 ejus
2922 2687 2979 2735 et
3017 2679 3296 2733 comoedia:
3324 2694 3412 2732 ar-

1827 2779 2141 2841 gumentum
2168 2781 2285 2838 est,
2329 2787 2518 2827 eorum
2560 2788 2682 2842 quae
2725 2772 2984 2827 adversus
3026 2780 3241 2825 sanctos
3271 2770 3414 2826 viros

1829 2875 1945 2920 acta
1973 2873 2097 2918 sunt
2137 2865 2324 2919 festiva
2355 2866 2610 2920 narratio.
2641 2863 3104 2930 Quemadmodum
3133 2863 3276 2918 enim
3304 2863 3419 2917 bel-

1831 2956 2049 3021 latores,
2080 2958 2168 3026 qui
2197 2958 2389 3012 multas
2413 2973 2614 3028 pugnas
2639 2956 2970 3012 confecerint
2995 2971 3058 3010 ac
3075 2964 3274 3025 tropma
3301 2970 3421 3010 erc-

1832 3053 2023 3116 xeriut,
2055 3061 2201 3122 gesta
2230 3067 2324 3106 sua
2355 3050 2508 3105 fortia
2532 3064 2752 3104 narrare
2773 3049 3040 3120 gaudent.
3073 3047 3152 3103 sic
3177 3057 3233 3103 et
3251 3047 3337 3102 isti
3365 3047 3418 3100 in

1832 3143 2154 3198 facinoribus
2173 3143 2287 3198 suis
2312 3143 2578 3196 hetantur.
2602 3141 2755 3195 Hunc
2774 3155 2902 3194 sane
2923 3139 3111 3194 audias
3126 3138 3416 3202 dicentem,

1833 3234 2044 3290 Primus
2071 3248 2170 3304 ego
2196 3248 2384 3287 rnanus
2411 3235 2462 3286 in
2491 3232 2636 3286 ἱΙΙιιιιι
2679 3229 3000 3285 monachum
3027 3229 3204 3298 injeci,
3229 3237 3281 3282 et
3309 3228 3422 3297 pla—

1831 3341 1928 3396 gas
1948 3326 2134 3391 intuli;
2165 3326 2324 3380 alium
2347 3339 2496 3389 vero,
2521 3326 2590 3378 At
2613 3337 2712 3394 ego
2737 3322 2982 3378 cellulam
3007 3321 3122 3391 ejus
3145 3329 3269 3375 ante
3288 3320 3423 3374 alios

1834 3420 2046 3485 inveni;
2077 3420 2238 3474 alium
2258 3461 2272 3484 ,
2308 3419 2418 3489 Ego
2452 3417 2688 3488 judicem
2723 3416 2892 3487 magis
2920 3429 3079 3485 quam
3105 3427 3296 3468 omnes
3329 3412 3424 3466 ad-

1836 3527 2023 3569 versus
2052 3513 2067 3543 ¹
2099 3511 2246 3565 illum
2275 3507 2740 3565 concitaviJactat
2764 3507 2900 3561 alius
2925 3520 3219 3572 carcerem,
3237 3519 3423 3558 carec-

1835 3607 2016 3676 risque
2045 3604 2291 3660 miserias
2315 3620 2328 3656 :
2357 3602 2605 3673 quodque
2631 3615 2728 3670 per
2751 3600 2925 3654 forum
2947 3607 3160 3653 sanctos
3183 3596 3422 3660 traxerit,

1838 3700 1890 3754 id
1923 3699 2094 3754 laudis
2120 3700 2172 3752 in
2201 3705 2351 3767 parte
2379 3695 2690 3757 constituit;
2714 3693 2852 3748 alius
2877 3693 3003 3747 item
3033 3689 3196 3744 aliud.
3221 3688 3426 3743 Deinde

1837 3807 2026 3848 omnes
2051 3789 2286 3862 profusis
2311 3788 2590 3844 cachinnis
2617 3785 2734 3841 haec
2768 3789 3184 3855 prosequuntur.
3217 3780 3284 3834 Et
3314 3781 3428 3832 ha'e

1839 3883 2052 3953 quidem
2082 3882 2137 3936 in
2171 3880 2596 3937 Christianorum
2630 3875 2973 3932 consessibus
2999 3890 3012 3926 :
3037 3871 3263 3943 gentiles
3299 3884 3429 3923 vero

1840 3985 1895 4030 et
1916 3977 2014 4030 hos
2035 3973 2276 4038 irrident,
2301 3982 2352 4026 et
2373 3986 2469 4027 eos
2488 3970 2576 4040 qui
2602 3968 2670 4024 ab
2695 3967 2801 4022 illis
2823 3965 3112 4021 irridentur
3131 3977 3146 4027 ;
3174 3961 3292 4016 illos
3310 3975 3430 4029 qua:

1843 4068 1958 4124 brec
1999 4066 2383 4138 pcrpetrarint,
2428 4065 2526 4117 hos
2555 4061 2696 4131 quod
2729 4059 2851 4114 talia
2883 4058 3023 4128 passi
3053 4056 3159 4111 sint
3182 4072 3196 4109 :
3220 4055 3428 4108 omnia-

1842 4175 1947 4229 que
1971 4157 2112 4212 civili
2142 4155 2372 4226 quodam
2409 4152 2552 4207 bello
2579 4149 2781 4219 repleta
2805 4154 2959 4212 sunt,
2989 4146 3097 4199 imo
3127 4141 3431 4211 bujusmodi

1843 4250 1985 4305 bello
2014 4249 2170 4316 longe
2196 4243 2460 4300 atrociora
2490 4240 2678 4296 isthtec
2700 4245 2844 4292 sunt.
2868 4235 3000 4290 Nam
3027 4234 3118 4304 qui
3143 4233 3338 4287 bellum
3365 4231 3431 4282 il-

1846 4343 1935 4398 lud
1975 4340 2275 4411 gesserint,
2306 4351 2427 4391 cum
2461 4342 2646 4404 postea
2690 4331 2836 4385 illius
2862 4325 3300 4386 reminiScuntur,
3332 4338 3429 4375 au-

1846 4442 2023 4489 ctores
2037 4432 2152 4502 ejus
2174 4427 2474 4484 maledictis
2495 4426 2847 4486 insectantur,
2874 4435 2936 4475 ac
2962 4416 3194 4474 daemoni
3220 4413 3431 4470 cuidam

1847 4527 1991 4581 malo
2020 4531 2232 4586 cuncta,
2264 4535 2386 4591 quas
2415 4519 2466 4572 in
2495 4516 2585 4571 illo
2614 4522 2764 4584 gesta
2797 4512 3010 4575 fuerint,
3044 4515 3262 4575 accepta
3291 4503 3434 4558 refe-

1848 4628 1972 4676 runt
2003 4637 2016 4673 :
2045 4627 2100 4672 et
2143 4616 2177 4670 ii
2217 4613 2480 4683 ampliore
2517 4608 2824 4663 afficiuntur
2877 4603 3112 4674 pudore,
3158 4599 3247 4670 qui
3288 4597 3438 4668 plura

1850 4725 2008 4781 quam
2035 4707 2124 4762 alii
2153 4703 2512 4777 perpetrarint
2539 4717 2553 4754 :
2581 4699 2633 4753 hi
2655 4707 2835 4752 autem
2857 4695 2926 4751 de
2951 4694 3062 4748 suis
3087 4691 3304 4747 ausibus
3321 4688 3440 4759 glo-

1852 4805 2074 4859 riantur.
2103 4799 2284 4868 Neque
2305 4796 2422 4850 ideo
2445 4802 2646 4848 tantum
2672 4790 2774 4844 hoc
2792 4787 3103 4843 sceleratius
3128 4784 3220 4838 illo
3240 4782 3437 4837 bellum

1853 4905 1956 4962 est,
1987 4892 2127 4964 quod
2157 4891 2413 4945 adversus
2441 4891 2656 4940 sanctos
2677 4881 2765 4950 qui
2789 4879 3058 4934 neminem
3081 4875 3321 4930 lmserint
3348 4886 3441 4964 ex:

1854 4959 2080 5050 citetur;
2111 4981 2201 5036 sed
2233 4980 2394 5035 etiam
2420 4974 2561 5045 quod
2586 4972 2842 5026 adversus
2864 4969 3111 5024 homines
3130 4966 3218 5035 qui
3242 4959 3438 5050 nemini

1855 5048 2259 5133 malum-facere
2288 5073 2572 5131 noverunt,
2602 5072 2657 5119 et
2685 5060 2754 5116 ad
2777 5059 3081 5130 patiendum
3101 5048 3441 5110 solummodo

1857 5168 2025 5240 parati
2053 5175 2198 5221 sunt.

1928 5263 1982 5316 5.
2013 5258 2239 5313 Joannes
2270 5254 2450 5324 Chrys.
2478 5251 2545 5305 ad
2579 5248 2765 5304 librum
2803 5243 3050 5300 edendqu
3077 5255 3131 5294 se
3157 5243 3440 5304 comparat.

1858 5355 1930 5397 -ἱ-
1948 5353 2089 5407 Siste
2108 5347 2350 5420 gradum,
2375 5345 2488 5400 dixi
2508 5358 2630 5414 ego,
2659 5341 2822 5406 siste,
2848 5337 2978 5392 satis
2999 5333 3109 5404 jam
3138 5324 3443 5398 hujusmudi

1861 5419 2226 5503 narrationum
2246 5484 2262 5508 ,
2292 5439 2396 5496 nisi
2429 5453 2516 5493 me
2545 5435 2822 5505 exspirare
2847 5429 2981 5484 velis
3007 5444 3021 5480 :
3047 5422 3141 5478 sed
3174 5419 3445 5476 modicum

1861 5542 1994 5597 mibi
2021 5539 2125 5593 hoc
2151 5536 2341 5592 virium
2373 5533 2685 5600 relinquens
2717 5525 2938 5580 missum
2966 5534 3050 5572 me
3079 5515 3262 5570 facito.
3295 5509 3449 5580 Quod

1929 5658 1946 5689 ι
1981 5655 2053 5704 Sic
2073 5663 2247 5703 omnes
2260 5659 2364 5700 Mss.
2385 5654 2436 5697 et
2451 5648 2590 5694 Savil.
2617 5650 2664 5690 In
2689 5640 2820 5688 edito
2837 5635 3001 5687 Morel.
3022 5631 3177 5696 magis
3199 5629 3451 5688 adversus,

1873 5726 1994 5783 etc.,
2016 5717 2207 5767 omissis
2224 5711 2407 5774 verbis,
2431 5719 2573 5772 quam
2594 5717 2775 5756 onmes.
