3954 6434
493 297 597 354 523

492 412 694 485 jussisti
728 407 938 480 penitus
964 419 1360 476 exsequemur:
1394 413 1599 459 tantum
1630 403 1762 457 nihil
1789 401 1933 457 aliud
1968 400 2077 471 jam

495 501 654 555 dictis
675 498 916 567 adjicias,
942 496 1036 552 sed
1062 497 1334 566 digressus
1355 509 1576 564 precare
1598 503 1675 558 ut,
1699 507 1926 547 excussa
1952 491 2082 546 mihi

497 590 746 646 maeroris
789 586 1016 653 nebula,
1047 584 1334 656 quamdam
1371 599 1402 639 a
1439 584 1578 650 Deo,
1605 583 1694 654 qui
1719 583 2082 652 impugnatur,

497 696 652 750 opem
670 693 970 750 consequar
989 677 1056 732 ad
1078 676 1342 732 medelam
1365 675 1700 730 inimicorum
1720 674 1855 744 ejus.
1880 672 1937 728 1d
1959 688 2087 728 vero

497 771 645 826 dabit
674 770 817 826 haud
841 769 1036 834 dubie,
1057 767 1298 823 clemens
1326 781 1450 821 cum
1475 767 1582 832 sit,
1610 780 1674 820 ac
1700 771 1930 820 mortem
1957 778 2088 833 pec-

499 861 697 918 catoris
727 860 894 926 nolit,
932 859 1027 914 sed
1068 867 1125 913 ut
1151 866 1497 914 convertatur
1533 864 1590 912 et
1614 856 1779 910 vivat.
1808 855 1900 909 Sic
1942 853 2032 908 illo
2057 868 2088 908 a

503 969 590 1008 me
629 952 884 1014 dimisso,
927 949 1042 1005 hac
1065 949 1302 1005 scribere
1333 963 1450 1003 sum
1485 961 1788 1018 aggressus.
1810 945 2022 1001 Atenim
2046 944 2092 999 si

503 1045 606 1098 hoc
634 1053 838 1098 tantum
868 1041 992 1095 mali
1018 1039 1266 1106 adesset,
1294 1037 1436 1110 quod
1460 1037 1633 1093 sancti
1660 1037 1754 1092 Dei
1775 1045 1832 1091 et
1854 1035 2092 1090 admira-

503 1135 645 1189 biles
683 1133 785 1188 viri
819 1139 1196 1202 raptarentur,
1241 1130 1673 1200 laniarenturque
1705 1127 1772 1183 ad
1809 1127 2094 1183 tribunalia

504 1223 782 1295 pertracti,
813 1223 1081 1279 verberati
1105 1231 1162 1278 et
1184 1223 1287 1277 alia
1317 1221 1492 1293 passi,
1519 1236 1641 1292 quae
1663 1235 1824 1290 supra
1851 1218 2094 1274 narravi-

507 1333 648 1382 mus,
677 1315 986 1386 nullumque
1012 1313 1140 1369 hinc
1163 1314 1421 1370 damnum
1451 1314 1507 1367 in
1532 1326 1720 1367 eorum
1742 1319 2093 1366 convertere-

509 1417 596 1462 tur
613 1414 794 1476 caput,
823 1407 914 1476 qui
946 1406 1072 1460 talia
1097 1413 1494 1475 perpetrarunt,
1528 1411 1731 1457 tantum
1757 1401 1914 1457 abest
1942 1410 2000 1456 ut
2025 1401 2095 1457 de

507 1498 674 1571 gestis
703 1497 939 1552 dolerem
957 1536 973 1562 ,
1005 1504 1062 1550 ut
1089 1496 1254 1550 etiam
1280 1495 1348 1549 de
1369 1493 1558 1549 iisdem
1585 1492 1815 1547 riderem
1839 1506 2097 1562 perquam

511 1589 849 1644 suavissime.
871 1586 1006 1642 Nam
1035 1596 1089 1642 et
1119 1585 1348 1640 infantes
1368 1584 1576 1655 quoties
1600 1583 1718 1638 sine
1740 1598 1838 1637 suo
1859 1583 2098 1652 periculo

510 1680 816 1752 percutiunt
840 1688 1062 1742 matres,
1079 1677 1248 1732 risum
1275 1676 1382 1730 illis
1407 1681 1625 1729 movent
1643 1673 2094 1743 copiosissimum,

511 1780 766 1842 tantoque
795 1770 1056 1840 majorem
1084 1768 1412 1838 voluptatem
1441 1767 1674 1836 pariunt,
1705 1774 1904 1836 quanto
1931 1763 2098 1822 vehe-

513 1865 779 1920 mentiore
796 1879 918 1918 cum
943 1861 1215 1918 iracundia
1238 1861 1290 1916 id
1311 1859 1558 1926 fecerint,
1583 1860 1654 1914 ita
1679 1869 1740 1913 ut
1761 1859 2100 1914 eﬂ'undantur

513 1970 754 2025 peneque
789 1955 1160 2024 dirumpantur
1188 1953 1337 2008 risu:
1367 1952 1451 2006 sin
1486 1965 1614 2006 vero
1649 1951 1776 2004 dum
1817 1950 1870 2004 id
1904 1949 2103 2022 jugiter

515 2049 691 2105 iufans
711 2063 773 2102 ac
798 2046 1024 2102 validius
1042 2045 1187 2112 facit,
1209 2044 1521 2100 vulneretur
1537 2043 1846 2114 aliquando,
1870 2043 1981 2098 sive
2001 2058 2104 2098 acu

513 2140 656 2194 circa
684 2152 873 2193 zonam
895 2136 1090 2191 tunicae
1111 2135 1297 2190 matris
1322 2134 1506 2199 afﬁxa,
1529 2135 1644 2189 sive
1669 2133 1820 2188 radio
1843 2134 2101 2190 maternis

515 2229 824 2299 pectoribus
851 2243 1088 2298 appenso
1114 2226 1356 2282 ferientis
1382 2240 1597 2280 manum
1617 2225 1918 2296 excipiente
1941 2234 2103 2286 :.tunc

513 2329 680 2385 certe,
713 2331 839 2378 tunc
857 2322 1023 2376 misso
1043 2320 1176 2385 risu,
1198 2319 1421 2388 majore,
1448 2332 1608 2388 quam
1637 2317 1683 2371 is
1707 2317 1797 2387 qui
1818 2330 2104 2386 percussus

513 2421 618 2476 est,
657 2412 745 2466 illa
769 2411 956 2466 dolore
982 2409 1214 2464 afficitur
1239 2416 1328 2464 :et
1351 2408 1566 2463 interim
1594 2417 1746 2462 curat
1770 2407 1999 2471 vulnus,
2035 2405 2104 2463 de

515 2512 712 2560 caetero
743 2512 921 2558 autem
951 2501 1252 2572 ingentibus
1273 2500 1432 2555 minis
1455 2507 1598 2554 vetat
1624 2513 1690 2552 ne
1717 2498 1840 2553 talia
1866 2505 2008 2568 agat,
2035 2512 2105 2554 ne

515 2597 654 2652 forte
683 2595 860 2651 simile
898 2594 1170 2666 quidpiam
1196 2593 1446 2664 patiatur.
1476 2592 1585 2647 Nos
1621 2592 1803 2662 itaque
1840 2592 1989 2662 paria
2021 2590 2105 2646 fe-

515 2690 796 2755 cissemus,
827 2689 872 2744 si
905 2689 1165 2759 puerilem
1194 2685 1502 2758 hujnsmodi
1525 2687 1855 2741 iracundiam
1884 2686 2106 2756 conSpi-

514 2796 794 2846 ceremus,
826 2789 919 2835 aut
943 2796 1065 2836 esse
1094 2780 1233 2835 hanc
1263 2779 1543 2834 infantium
1583 2779 1814 2851 plagam,
1846 2795 1968 2850 qua:
1997 2794 2105 2836 non

516 2888 763 2944 magnam
789 2873 919 2943 ipsis
944 2873 1236 2942 perniciem
1261 2871 1504 2926 inferret.
1527 2870 1791 2939 Quoniam
1828 2886 1956 2926 vero
1985 2880 2108 2942 post

515 2967 786 3024 modicum
821 2967 1060 3036 elapsum
1089 2975 1321 3037 tempus,
1349 2967 1593 3038 quamvis
1621 2982 1761 3022 nunc
1789 2966 1967 3024 furore
1986 2983 2108 3024 cor-

516 3063 655 3134 repti
683 3062 735 3117 id
757 3079 864 3117 non
886 3063 1138 3130 sentiant,
1162 3062 1382 3128 ﬂebunt,
1408 3063 1704 3135 ejulabunt,
1735 3062 2109 3118 lamentaban-

517 3165 620 3221 tur,
645 3171 748 3210 non
782 3156 871 3210 tali
898 3154 1024 3210 ﬂetu
1048 3155 1191 3226 quali
1215 3155 1466 3219 infantes,
1489 3154 1585 3211 sed
1609 3155 1661 3210 in
1690 3155 1925 3211 tenebris
1949 3163 2104 3210 exte-

517 3246 745 3302 rioribus
799 3254 856 3302 et
906 3247 960 3300 in
1014 3247 1136 3316 igne
1188 3246 1607 3317 inexstinguibili
1655 3263 1670 3300 :
1719 3246 1949 3317 idipsum
1990 3245 2103 3315 jam

515 3337 772 3391 faciamus
797 3336 940 3406 quod
961 3347 1180 3401 matres,
1211 3335 1316 3392 hoc
1346 3347 1548 3391 tantum
1584 3335 1894 3392 discrimine
1918 3377 1933 3402 ,
1961 3334 2104 3406 quod

515 3443 624 3482 non
645 3443 767 3484 cum
796 3428 956 3482 minis
986 3435 1043 3483 et
1067 3428 1408 3483 contumeliis
1437 3437 1496 3483 ut
1533 3427 1659 3492 illte,
1699 3429 1794 3482 sed
1833 3427 2030 3482 blande
2050 3435 2105 3482 et

515 3536 638 3576 cum
676 3520 898 3575 lenitate
923 3520 1092 3574 multa
1122 3519 1355 3575 infantes
1383 3520 1691 3589 hujusmodi
1729 3521 2102 3589 alloquamur:

516 3610 954 3681 quandoquidem
996 3609 1129 3664 nihil
1173 3609 1302 3666 hinc
1343 3610 1527 3666 damni
1572 3611 1772 3666 sanctis
1809 3611 1968 3679 viris,
2009 3609 2104 3666 sed

516 3718 722 3760 merces
744 3702 1013 3772 copiosior
1040 3702 1316 3773 majorque
1347 3702 1538 3757 fiducia
1559 3703 1786 3757 accedit.
1813 3702 1868 3759 Si
1889 3703 2106 3774 quidem

516 3796 692 3851 futura
719 3795 859 3852 bona
880 3809 1385 3858 commemoremus,
1407 3794 1696 3850 admodum
1727 3795 1865 3850 forte
1895 3795 2102 3852 ridebi-

516 3889 609 3955 tis,
637 3888 834 3960 quippe
856 3887 948 3957 qui
977 3886 1284 3957 hujusmodi
1315 3887 1426 3941 risu
1457 3901 1671 3956 semper
1712 3887 1890 3942 ridere
1927 3887 2105 3942 solea-

517 3981 590 4036 tis
617 3998 631 4034 :
655 3989 710 4034 at
737 3979 1124 4049 praesentibus,
1157 3979 1370 4035 etiamsi
1399 3980 1596 4034 millies
1617 3981 1745 4035 risui
1766 3980 1964 4036 addicti
1991 3981 2108 4036 fue-

516 4071 656 4135 ritis,
691 4071 849 4126 fidem
882 4086 987 4126 non
1017 4071 1305 4142 negabitis;
1346 4087 1445 4126 nec
1483 4072 1526 4125 si
1571 4071 1848 4127 volueritis
1889 4073 2105 4142 quidem

519 4164 781 4231 poteritis,
809 4162 970 4224 rebus
992 4177 1186 4233 nempe
1207 4162 1338 4233 ipsis
1359 4171 1544 4217 contra
1566 4163 1946 4219 clamantibus.

590 4255 947 4312 Persecutores
982 4273 1085 4311 non
1111 4257 1322 4323 sanctis,
1351 4256 1442 4310 sed
1463 4255 1772 4311 sibinocent.
1793 4256 2104 4327 Exemplum

525 4347 748 4403 Neronis
782 4359 830 4402 et
862 4346 1038 4402 Pauli.
1078 4379 1151 4389 —
1176 4347 1441 4403 Neronem
1495 4363 1713 4418 prorsus
1756 4348 1982 4404 audistis
2021 4349 2104 4403 vi—

519 4455 638 4493 rum
666 4455 860 4509 nempe
880 4454 952 4493 ex
983 4439 1199 4494 lascivia
1227 4439 1511 4504 famosum,
1539 4441 1626 4509 qui
1659 4440 1862 4510 primus
1888 4449 1944 4496 et
1962 4440 2108 4495 solus

521 4531 574 4582 in
607 4537 752 4582 tanto
782 4529 1008 4598 imperio
1049 4544 1217 4584 novos
1245 4529 1504 4597 quosdam
1533 4529 1876 4598 impudicitiae
1907 4539 1964 4586 et
1993 4541 2105 4586 tur-
2140 4531 2144 4537 ’

521 4621 779 4690 pitudinis
832 4621 1022 4675 modos
1067 4621 1388 4690 echgitavit
1414 4638 1426 4674 :
1457 4621 1544 4676 hic
1588 4623 1763 4691 itaque
1803 4622 1945 4678 Nero
1983 4625 2106 4680 bea-

521 4728 634 4768 tum
657 4714 901 4779 Paulum,
933 4713 1085 4783 cujus
1113 4723 1354 4784 tempore
1382 4713 1675 4785 regnabat,
1704 4714 1772 4770 de
1800 4715 1989 4771 iisdem
2017 4731 2106 4770 ac—

519 4821 736 4874 cusans,
765 4806 835 4862 de
853 4807 1045 4878 quibus
1069 4822 1165 4862 vos
1193 4808 1292 4878 ipsi
1317 4819 1532 4864 sanctos
1557 4809 1702 4863 viros
1741 4809 2059 4866 insimulatis
2091 4829 2104 4864 :

521 4900 766 4972 pellicem
788 4901 928 4955 enim
956 4900 1092 4971 ejus,
1118 4915 1276 4971 quam
1306 4901 1396 4957 ille
1415 4902 1714 4972 deperibat,
1744 4917 1866 4958 cum
1896 4903 1963 4959 ad
1985 4904 2108 4960 fidei

519 4991 819 5048 doctrinam
844 4991 1269 5061 amplectendam
1303 4993 1621 5061 induxisset,
1650 4994 1719 5049 ab
1747 4995 1958 5065 impuro
1991 4995 2109 5064 ejus

517 5084 792 5140 consortio
836 5084 1054 5138 monitis
1101 5083 1212 5139 suis
1265 5083 1486 5141 abduxit
1524 5101 1540 5151 ξ
1573 5087 1721 5154 Iure,
1751 5087 2000 5158 inquam,
2034 5087 2106 5143 illi

519 5175 742 5231 crimina
773 5175 1032 5245 objiciens
1055 5217 1070 5243 ,
1105 5190 1168 5231 ac
1213 5186 1581 5248 corruptorem
1605 5217 1622 5245 ,
1651 5179 1984 5234 seductorem
2007 5218 2022 5243 ,
2055 5188 2110 5234 et

522 5267 605 5322 his
637 5267 901 5322 similibus
952 5267 1255 5323 nominibus
1285 5309 1303 5334 ,
1330 5283 1451 5339 quae
1514 5284 1611 5323 vos
1640 5269 1800 5324 modo
1831 5269 2104 5338 profertis,

520 5359 745 5413 Paulqu
771 5357 1068 5429 appellans,
1103 5360 1276 5429 primo
1317 5360 1491 5428 ipsum
1520 5363 1575 5415 in
1601 5361 1815 5416 vincula
1840 5360 2103 5430 conjecit;

519 5465 641 5506 cum
672 5462 849 5508 autem
879 5461 936 5506 ut
965 5453 1154 5522 puellae
1182 5453 1380 5508 monita
1410 5453 1540 5509 dare
1567 5453 1840 5509 desineret
1860 5454 1960 5524 ipsi
1985 5469 2109 5524 per—

521 5544 746 5600 suadere
772 5563 874 5599 non
909 5555 1109 5616 posset,
1137 5545 1347 5600 necavit
1369 5546 1602 5601 tandem.
1633 5546 1770 5611 Quid
1793 5548 1952 5616 igitur
1981 5547 2107 5602 hinc

520 5631 700 5688 damni
731 5636 832 5691 fuit
856 5637 996 5693 male
1023 5637 1232 5702 affecto,
1263 5637 1456 5708 quidve
1479 5637 1827 5693 emolumenti
1853 5636 2106 5694 facinoris

521 5727 772 5780 auctori?
821 5727 934 5785 lmo
981 5745 1144 5798 vero,
1193 5731 1314 5801 quid
1380 5743 1484 5785 nou
1529 5727 1876 5786 emolumenti
1926 5729 2106 5786 occiso

1238 291 1298 346 S.
1336 288 1615 345 JOANNIS
1651 285 2124 343 CHRYSOSTOMI
2164 284 2487 342 ARCHIEP.
2526 283 3060 342 CONSTANTINOP.

3675 291 3793 346 5ἓῶ

2194 400 2395 469 Paulo,
2427 401 2552 471 quid
2583 417 2687 456 nou
2719 401 2896 457 damni
2945 402 3156 457 necanti
3193 400 3431 458 Neroni?
3474 417 3653 462 nonne
3697 408 3797 462 ille

2189 485 2407 554 quidem
2437 493 2495 540 ut
2545 486 2765 556 angelus
2813 487 3009 554 ubique
3047 495 3309 541 terrarum
3350 488 3794 546 celebraturidc

2194 578 2545 650 praesentibus
2597 579 2741 634 enim
2819 586 3022 634 tantum
3068 579 3295 649 loquor;
3336 579 3424 634 ille
3465 596 3597 635 vero
3648 589 3799 635 tam-

2193 687 2351 741 quam
2393 680 2676 741 corruptor
2716 671 3032 741 dzemonque
3076 670 3222 726 ferox
3258 671 3397 742 apud
3436 687 3626 728 omnes
3653 673 3804 728 male

2193 763 2380 819 audit?

2265 856 2322 910 4.
2350 855 2422 910 Ea
2441 869 2570 910 vero
2588 868 2708 924 qua:
2732 852 2799 908 ad
2816 852 3049 908 futuram
3072 853 3234 907 vitam
3257 852 3548 923 pertinent,
3575 855 3808 910 etiamsi

2197 961 2296 1004 vos
2320 962 2430 1002 non
2455 947 2714 1013 credatis,
2738 955 2956 1016 propter
2980 944 3266 1000 credentes
3293 954 3470 1000 tamen
3493 961 3809 1001 memorare

2199 1055 2418 1097 necesse
2446 1049 2566 1106 est;
2597 1053 2918 1110 quamquam
2946 1052 3012 1092 ex
3041 1037 3103 1092 iis
3121 1052 3275 1107 ,qua:
3299 1051 3483 1092 coram
3513 1047 3672 1103 sunt,
3698 1053 3810 1092 vos

2199 1134 2362 1189 etiam
2391 1133 2496 1188 illis
2521 1131 2746 1188 credere
2773 1130 3081 1186 debueratis
3105 1143 3121 1182 :
3155 1143 3343 1183 verum
3369 1145 3587 1200 quoquo
3611 1131 3811 1184 animo

2200 1226 2316 1295 ipsa
2342 1224 2679 1295 acceperitis,
2711 1223 2958 1279 dicentur
2984 1237 3014 1276 a
3037 1221 3212 1288 nobis,
3237 1235 3336 1276 nec
3355 1222 3804 1278 occultabuntur.

2201 1317 2454 1386 Quaenam
2486 1317 2648 1388 igitur
2675 1315 2763 1372 illa
2790 1315 2997 1372 erunt?
3025 1314 3184 1370 Miser
3213 1314 3323 1383 ille,
3353 1315 3632 1386 squalidus
3656 1358 3672 1382 ,
3697 1317 3805 1371 tri-

2203 1411 2303 1466 stis
2327 1451 2344 1476 ,
2376 1409 2664 1481 ignominia
2708 1410 2932 1464 obrutus
2971 1417 3025 1463 et
3053 1407 3310 1478 caligine,
3338 1407 3589 1464 demissis
3626 1410 3808 1464 oculis

2202 1502 2498 1557 abducetur
2522 1516 2610 1569 eo,
2647 1501 2738 1556 ubi
2778 1501 2977 1556 vermis
3008 1501 3098 1571 qui
3147 1515 3255 1555 non
3302 1501 3545 1568 moritur,
3579 1511 3634 1558 et
3661 1503 3808 1572 ignis

2203 1592 2295 1662 qui
2339 1606 2447 1646 non
2486 1591 2840 1662 exstinguitur
2875 1605 2891 1644 :
2942 1589 3132 1644 beatus
3188 1604 3319 1646 vero
3368 1589 3564 1646 Paulus
3606 1607 3803 1662 magna

2203 1700 2326 1741 cum
2369 1684 2562 1740 fiducia
2591 1684 2657 1740 ad
2696 1685 2868 1754 ipsum
2891 1683 3123 1739 adstabit
3144 1683 3487 1754 Imperatoris
3514 1684 3797 1752 thronum,

2204 1775 2491 1846 splendore
2521 1774 2761 1845 fulgens,
2793 1783 3046 1844 tantaque
3087 1774 3318 1830 amictus
3360 1776 3526 1845 gloria
3552 1817 3568 1843 ,
3599 1785 3658 1830 ut
3699 1792 3804 1831 nec

2206 1864 2409 1935 angelis
2434 1879 2534 1920 nec
2571 1863 2906 1935 archangelis
2937 1862 3158 1918 inferior
3187 1866 3277 1931 sit,
3313 1872 3624 1936 tantamque
3652 1883 3801 1921 mer-

2205 1956 2391 2013 cedem
2435 1957 2976 2028 recipiet,.quantam
3006 1956 3248 2025 recipere
3289 1972 3386 2027 par
3409 1967 3493 2012 est
3521 1959 3800 2014 hominem

2207 2051 2296 2121 qui
2327 2065 2423 2120 pro
2452 2050 2566 2106 Deo
2591 2050 2814 2121 ejusque
2843 2050 3050 2121 placitis
3093 2065 3289 2122 corpus
3321 2052 3336 2084 ¹
3369 2063 3528 2122 atque
3567 2054 3800 2108 animam

2207 2156 2358 2198 suam
2405 2142 2704 2198 tradiderit.
2737 2143 2813 2198 Ita
2844 2144 2986 2198 enim
3018 2159 3078 2200 se
3110 2159 3198 2200 res
3230 2145 3390 2199 habet
3419 2160 3432 2196 :
3465 2153 3650 2214 parata
3681 2147 3799 2214 qui-

2206 2233 2330 2288 dem
2352 2241 2436 2288 est
2460 2234 2545 2298 iis,
2573 2234 2664 2304 qui
2690 2233 2828 2288 bona
2859 2234 3069 2304 egerint
3093 2276 3106 2299 ,
3137 2235 3323 2305 ingens
3349 2235 3655 2299 retributio,
3688 2244 3800 2289 uia-

2206 2322 2294 2392 jor
2346 2333 2526 2378 autem
2570 2338 2634 2379 ea
2709 2333 2792 2379 est
2844 2333 3005 2393 atque
3059 2326 3305 2391 auctior,
3357 2326 3574 2396 quoties
3617 2326 3654 2380 ii
3708 2327 3798 2396 qui

2208 2415 2349 2470 bona
2393 2424 2682 2487 operantur
2711 2457 2727 2482 ,
2791 2416 3025 2486 pericula
3086 2415 3534 2486 ignominiamque
3576 2415 3798 2470 multam

2208 2508 2456 2564 adierint.
2512 2508 2733 2564 Etiamsi
2800 2507 2999 2562 bonum
3071 2521 3207 2578 opus
3259 2507 3463 2578 aequale
3513 2507 3583 2561 sit
3632 2507 3686 2562 in
3739 2523 3801 2560 eo

2209 2601 2304 2673 qui
2361 2600 2478 2658 sine
2543 2600 2726 2655 labore
2762 2642 2778 2669 ,
2834 2608 2888 2655 et
2939 2599 2991 2654 in
3048 2614 3115 2655 eo
3178 2599 3268 2670 qui
3327 2609 3452 2654 cum
3515 2597 3702 2653 labore
3752 2598 3799 2652 id

2209 2691 2516 2764 perfecerit,
2543 2693 2778 2748 honores
2799 2703 2977 2748 tamen
2997 2701 3051 2747 et
3074 2696 3287 2747 coronae
3306 2706 3462 2761 pares
3489 2706 3595 2744 non
3621 2694 3796 2745 erunt.

2210 2783 2344 2839 Nam
2371 2792 2428 2840 et
2469 2784 2522 2839 ir.
2563 2782 2708 2839 bello
2735 2791 3025 2838 coronatur
3062 2782 3278 2853 quidem
3318 2781 3362 2836 is
3403 2781 3495 2850 qui
3533 2788 3795 2849 tropaeum

2210 2876 2431 2942 erexit;
2478 2877 2647 2932 multo
2695 2876 2867 2946 magis
2915 2885 3092 2930 tamen
3141 2874 3187 2928 is
3212 2873 3301 2944 qui
3330 2872 3548 2926 vulnera
3590 2887 3704 2942 pra:
3744 2887 3800 2927 se

2211 2967 2334 3034 fert,
2364 2983 2460 3038 per
2486 2983 2605 3039 qua:
2640 2977 2900 3038 tropaeum
2940 2975 3178 3023 erectum
3209 2974 3312 3020 est.
3341 2963 3480 3030 Quid
3517 2973 3698 3018 autem
3736 2964 3802 3018 de

2213 3063 2518 3119 viventibus
2541 3063 2730 3134 loquor
2752 3105 2768 3128 ,
2795 3062 3010 3133 quando
3038 3071 3093 3118 et
3130 3062 3166 3116 ii
3205 3060 3296 3130 qui
3339 3059 3440 3114 hoc
3465 3066 3672 3113 tantum
3702 3057 3794 3111 dc-

2211 3156 2406 3213 derunt
2440 3157 2653 3212 virtutis
2679 3156 2954 3221 indicium,
2984 3164 3042 3210 ut
3082 3156 3137 3209 in
3173 3154 3314 3209 bello
3342 3152 3552 3208 fortiter
3579 3164 3798 3206 occum-

2211 3250 2420 3315 berent,
2451 3251 2692 3320 nihilque
2716 3251 2836 3320 plus
2865 3248 3214 3304 emolumenti
3254 3246 3368 3301 suis
3397 3243 3794 3315 praestiterunt,

2211 3353 2481 3416 tamquam
2511 3354 2812 3400 servatores
2855 3352 2908 3399 et
2947 3343 3156 3414 patroni
3201 3355 3300 3412 per
3341 3350 3502 3396 totam
3538 3339 3798 3394 Graeciam

2212 3437 2599 3492 celebrantur?
2628 3436 2839 3491 tametsi
2865 3450 2962 3490 vos
2989 3435 3103 3489 haec
3133 3433 3386 3503 ignoratis
3417 3472 3432 3498 ,
3459 3431 3586 3485 risui
3618 3439 3673 3485 et
3699 3429 3799 3483 de-

2210 3529 2349 3584 liciis
2376 3543 2593 3600 semper
2617 3527 2802 3584 dediti.
2834 3526 2988 3594 Quod
3015 3526 3057 3580 si
3085 3525 3309 3595 gentiles
3337 3523 3602 3587 homines,
3637 3520 3799 3575 nihil-

2211 3635 2315 3691 que
2339 3635 2527 3676 sanum
2554 3620 2864 3683 sentientes,
2894 3617 2946 3672 id
2973 3617 3267 3684 conspicari
3292 3623 3578 3685 potuerunt
3603 3656 3618 3678 ,
3650 3623 3795 3667 sum-

2210 3711 2423 3781 misque
2476 3711 2766 3766 honoribus
2813 3707 3126 3780 prosequuti
3162 3716 3288 3760 sunt
3313 3720 3406 3759 eos
3431 3746 3445 3769 ,
3479 3704 3570 3775 qui
3618 3717 3715 3772 pro
3740 3716 3798 3755 se

2212 3803 2480 3868 obierunt,
2519 3802 2756 3873 nihilque
2783 3801 3142 3872 praestiterunt
3185 3798 3432 3866 amplius,
3461 3806 3662 3865 quanto
3684 3809 3798 3848 ma-

2212 3893 2292 3964 gis
2313 3893 2558 3949 Christus
2589 3893 2691 3948 hoc
2716 3891 2894 3958 faciet,
2927 3890 3016 3961 qtti
3042 3904 3252 3957 semper
3276 3897 3328 3941 et
3355 3886 3550 3956 ubique
3569 3898 3682 3946 eas,
3708 3883 3797 3953 qui

2212 3993 2432 4056 propter
2472 3999 2531 4039 se
2579 3983 2814 4054 pericula
2869 3981 3102 4046 adeunt,
3159 3977 3471 4048 largissimis
3531 3975 3686 4030 donis
3739 3989 3800 4026 ac

2213 4077 2449 4148 praemiis
2479 4075 2737 4145 superat?
2767 4074 2949 4143 Neque
2987 4073 3128 4127 enim
3158 4067 3659 4140 persequutionibus
3685 4075 3801 4120 tan-

2216 4179 2347 4234 tum,
2377 4176 2468 4223 aut
2494 4167 2826 4232 verberibus,
2849 4171 2940 4218 aut
2967 4163 3293 4227 carceribus,
3321 4159 3681 4226 cmdibusque,
3706 4155 3799 4210 sed

2217 4259 2378 4315 etiam
2411 4257 2750 4313 contumeliis
2775 4255 3201 4323 conviciosisque
3224 4251 3424 4316 verbis,
3452 4248 3669 4318 prmmia
3703 4261 3797 4315 po-

2215 4351 2323 4404 suit
2348 4350 2600 4403 maxima.
2622 4347 2768 4402 Beati
2795 4345 2958 4409 enim,
2990 4344 3178 4414 inquit,
3203 4342 3340 4395 eritis
3361 4357 3475 4393 cum
3501 4355 3585 4392 vos
3605 4337 3799 4391 oderint

2216 4441 2460 4506 homines,
2477 4449 2521 4493 et
2536 4455 2649 4492 cum
2661 4437 3001 4508 separaverint
3018 4450 3124 4499 vos,
3144 4442 3188 4487 et
3204 4426 3800 4500 exprobraverint,eteje-

2213 4536 2374 4590 ceriut
2411 4550 2590 4587 nomen
2619 4540 2834 4585 vestrum
2856 4539 3113 4599 tamquam
3139 4526 3350 4590 malum,
3376 4529 3580 4592 propter
3603 4519 3798 4592 Filium

2215 4628 2451 4682 hominis.
2476 4623 2702 4679 Gaudete
2719 4623 2770 4676 in
2783 4622 2872 4676 illa
2888 4622 2970 4675 die
2985 4629 3030 4674 et
3045 4618 3293 4674 exsultate
3312 4632 3329 4669 :
3345 4630 3456 4669 ecce
3468 4614 3599 4667 enim
3614 4625 3800 4664 nte-cc:

2213 4728 2376 4774 vestra
2418 4717 2578 4770 multa
2625 4724 2696 4770 est
2736 4716 2790 4768 in
2839 4714 2976 4768 cazlia
3019 4710 3193 4786 (Luc.
3225 4710 3278 4762 6.
3305 4706 3396 4761 22.
3424 4702 3559 4774 23).
3608 4702 3665 4757 Si
3709 4699 3801 4770 igi-

2216 4821 2301 4866 tur
2327 4818 2383 4866 et
2415 4809 2520 4880 pati
2559 4816 2615 4864 et
2659 4806 2843 4862 audire
2873 4805 3013 4860 male
3034 4845 3049 4869 ,
3096 4799 3416 4872 patientibus
3443 4794 3687 4864 maleque
3709 4808 3799 4845 au-

2215 4904 2483 4960 dientibus
2532 4899 2837 4957 mercedem
2884 4906 3076 4966 auget,
3109 4895 3198 4964 qui
3247 4889 3472 4962 impedit
3514 4885 3800 4959 quominus

2216 5000 2487 5070 patiantur
2535 5003 2591 5050 ct
2631 4994 2769 5049 male
2817 4991 3066 5053 audiant,
3111 5001 3218 5040 non
3268 4984 3403 5046 hos,
3434 4979 3528 5035 sed
3571 4993 3665 5033 eos
3709 4975 3797 5046 qui

2215 5093 2354 5148 male
2381 5091 2579 5146 faciunt
2603 5095 2656 5142 et
2680 5085 2899 5150 dicunt,
2924 5083 3092 5152 juvat.
3123 5078 3233 5134 Eos
3262 5076 3403 5131 enim
3433 5071 3609 5143 potius
3637 5082 3800 5122 nocu-

2216 5189 2397 5237 mento
2421 5179 2616 5245 affecit,
2644 5175 2856 5247 quando
2879 5172 3134 5242 majorem
3163 5169 3308 5222 illam
3335 5161 3637 5219 mercedem
3668 5173 3800 5228 pnn-

2216 5272 2379 5340 cidit,
2407 5280 2462 5327 et
2487 5269 2662 5342 gaudii
2697 5264 3178 5332 exsultationisque
3207 5257 3485 5313 materiam
3519 5251 3647 5322 ipsis
3675 5249 3800 5302 abso

2217 5367 2357 5420 tulit.
2408 5363 2666 5433 Quocirca
2721 5361 2914 5416 horum
2963 5355 3178 5426 quidem
3244 5365 3404 5408 causa
3463 5347 3578 5401 haec
3639 5343 3798 5398 etiam

2216 5461 2377 5515 silere
2401 5469 2454 5512 et
2480 5459 2726 5511 omittere
2753 5453 2919 5507 satius
2948 5449 3175 5505 fortasse
3205 5445 3414 5504 fuerat;
3443 5455 3563 5510 qua:
3600 5435 3799 5491 scilicet

2218 5551 2346 5622 ipsis
2377 5565 2595 5620 magnas
2622 5548 2883 5602 bonorum
2913 5541 3124 5597 divitias
3154 5538 3517 5608 majoremque
3555 5527 3801 5584 fiduciam

2287 5742 2306 5775 ι
2342 5745 2509 5801 Deest,
2525 5747 2719 5799 corpus,
2738 5735 2787 5784 iu
2803 5731 2994 5782 duobus
3013 5735 3121 5780 Mss.
