3954 6398
253 199 363 257 525

248 324 438 379 λαϐεῖν
459 340 580 377 τινα
609 323 756 394 παρά
787 324 882 378 τοῦ
905 323 1315 396 πολεμουμένου
1362 326 1497 381 Θεοῦ
1523 327 1694 399 ῥοπὴν
1721 330 1802 392 εἰς
1827 329 1927 402 τὴν

249 410 496 482 ἰατρείαν
511 411 620 464 τῶν
647 411 1027 482 πολεμούντων
1053 413 1236 468 αὐτόν’
1271 413 1388 486 [48]
1417 413 1579 468 δώσει
1615 415 1675 468 δὲ
1709 415 1929 478 πάντως

243 499 632 570 φιλάνθρωπός
653 516 712 552 τε
734 498 832 565 ῶν,
861 501 957 553 καὶ
983 501 1077 556 τὸν
1101 501 1330 554 θάνατον
1361 501 1437 573 μὴ
1477 500 1802 573 βουλόμενος
1829 501 1925 556 τοῦ
1971 505 1981 516 '

241 584 597 659 ἀμαρτωλοῦ,
627 587 705 650 ὡς
759 587 821 640 16
866 587 1196 658 ἐπιπρέψαι
1245 588 1412 642 αὑτὸν
1455 590 1548 642 καὶ
1582 587 1703 660 ζῇν.
1740 589 1930 654 Οὕτως

242 673 584 743 ἀποπέμψας
627 675 860 740 ἐκεῖνον,
896 675 1006 728 τῶν
1048 676 1225 744 λόγων
1267 675 1519 747 ἡπτόμην
1555 677 1782 730 τούτων.
1816 674 1929 730 Καὶ

240 762 355 832 γὰρ
387 764 437 815 εί
465 763 567 834 μὲν
593 763 753 817 τοῦτο
784 765 945 835 μόνον
972 759 1040 835 ἦν
1069 765 1129 818 16
1157 765 1352 828 δεινὸν,
1381 766 1442 818 τὸ
1465 766 1592 829 τοὺς
1617 764 1806 833 ἁγίους
1829 762 1924 818 τοῦ

237 848 380 903 Θεοῦ
410 851 510 904 καὶ
541 850 892 922 θαυμαστοὺς
910 853 1108 924 ἄνδρας
1129 853 1371 918 ἐκείνους
1385 853 1638 907 ἕλκεσθαι
1663 852 1758 906 καὶ
1785 868 1924 905 σπα-

239 936 546 1008 ράσσεσθαι
573 939 905 1010 συρομένους
929 941 1008 1002 εἰς
1027 939 1377 1012 δικαστήρια,
1406 941 1501 993 καὶ
1529 939 1922 1010 τυπτομένους,

238 1025 336 1077 καὶ
364 1023 436 1077 τά
459 1025 596 1078 ἄλλα
623 1027 952 1096 πάσχοντας,
979 1025 1124 1098 ἀπερ
1146 1027 1496 1098 διηγησάμην
1517 1028 1662 1098 άρτι,
1685 1025 1922 1096 μηδεμία

237 1111 296 1164 δὲ
351 1113 462 1166 ἀπὸ
507 1113 714 1167 τούτων
753 1115 835 1178 είς
865 1113 965 1185 τὴν
990 1114 1098 1167 τῶν
1124 1114 1298 1168 ταῦτα
1329 1113 1652 1182 τολμώντων
1680 1112 1922 1184 κεφαλὴν

236 1199 501 1268 ἐτρέπετο
533 1198 727 1271 βλάϐη,
762 1201 1016 1254 τοσοῦτον
1042 1201 1282 1272 ἀπέσχον
1302 1201 1539 1270 ἀλγῆσαι
1565 1203 1676 1263 τοῖς
1699 1201 1922 1270 γινομέ-

235 1303 371 1349 νοις.
394 1287 477 1340 ὅτι
511 1287 614 1340 κᾶν
634 1287 873 1355 ἐγέλασα
894 1289 1096 1358 σφόδρα
1113 1288 1235 1359 ἡδὺ,
1253 1290 1350 1342 καὶ
1363 1288 1589 1358 δαψιλὲς
1615 1289 1917 1352 ἐπάὐτοῖς·

237 1375 360 1427 ἐπεὶ
381 1374 561 1428 καὶτὰ
583 1375 770 1428 παιδία
803 1375 871 1428 τά
896 1375 1086 1446 μικρὰ,
1110 1376 1238 1430 ὅταν
1261 1377 1360 1448 μὲν
1383 1376 1682 1441 ἀκινδύνως
1709 1376 1920 1450 πλήττῃ

232 1461 336 1524 τάς
367 1461 630 1532 μητέρας,
654 1461 822 1516 πολὺν
848 1465 988 1515 κινεῖ
1008 1462 1099 1516 τὸν
1123 1463 1336 1532 γέλωτα
1367 1465 1488 1530 ταῖς
1523 1465 1920 1536 πληττομέναις

235 1549 448 1612 αὑταῖς,
481 1549 574 1601 καὶ
603 1549 824 1619 ὅσῳπερ
855 1547 920 1603 ἂν
949 1550 1015 1603 ἐκ
1045 1551 1290 1615 πλείονος
1311 1551 1470 1604 τοῦτο
1508 1552 1916 1624 ἐργάζηταιτοῦ

235 1634 434 1706 θυμοῦ,
473 1637 727 1691 τοσοῦτον
759 1637 959 1707 μᾶλλον
983 1639 1173 1703 αὐταῖς
1199 1639 1457 1695 ἐπιτείνει
1489 1642 1588 1712 τὴν
1606 1642 1820 1713 ἡδονὴν,
1841 1642 1917 1706 ώς

232 1727 331 1776 καὶ
359 1724 662 1795 διαχεῖσθαι
689 1725 786 1778 καὶ
808 1725 1145 1780 ἀνακλᾶσθαι
1173 1727 1250 1799 τῷ
1269 1729 1490 1798 γέλωτν
1513 1731 1561 1782 εί
1600 1729 1658 1782 δὲ
1677 1729 1756 1800 τῷ
1792 1747 1916 1782 συν-

232 1811 375 1882 εχῶς
389 1812 486 1866 καὶ
502 1813 674 1880 ραγδα
682 1812 774 1877 ίως
792 1812 950 1867 τοῦτο
963 1817 1136 1868 ποιεῖν
1152 1815 1383 1888 τρωθείη
1401 1815 1590 1889 ποτέ,ἢ
1611 1817 1828 1890 βελόνης
1838 1817 1916 1889 τῷ

231 1897 540 1970 χιτωνίσκῳ
559 1900 660 1970 τῆς
683 1901 886 1972 μητρὸς
905 1901 1033 1974 περὶ
1051 1901 1150 1974 τὴν
1175 1902 1350 1974 ζώνην
1373 1907 1398 1957 ἐ
1405 1923 1719 1980 μπεπερονη
1726 1906 1912 1978 μένης,

229 1999 263 2068 ἢ
282 1998 384 2068 τῆς
415 1999 665 2071 κερκίδος
695 2001 801 2072 πρὸ
827 2001 937 2056 τῶν
964 2003 1202 2075 στέρνων
1225 2004 1334 2058 τῶν
1349 2005 1631 2078 μητρικῶν
1647 2007 1745 2079 τὴν
1759 2009 1916 2078 χεῖρα

229 2099 331 2154 τοῦ
357 2100 544 2164 παιδὸς
564 2101 885 2176 δεξαμένης,
903 2105 1026 2158 τότε
1054 2106 1140 2178 δὴ,
1171 2107 1314 2174 τότε,
1349 2109 1442 2163 τὸν
1468 2111 1680 2180 γέλωτα
1715 2112 1915 2182 ἀφεῖσα

230 2199 266 2269 ἡ
305 2199 509 2271 μήτηρ,
547 2199 757 2270 μείζονι
784 2201 878 2256 τοῦ
908 2202 1210 2272 πληγέντος
1239 2207 1569 2281 περιωδυνίᾳ
1601 2211 1910 2281 κατέχεταιο

229 2295 329 2348 καὶ
353 2295 495 2358 τέως
539 2295 640 2366 μὲν
664 2295 957 2368 θεραπεύει
983 2301 1045 2354 16
1071 2301 1312 2372 τραῦμα,
1347 2303 1442 2358 τοῦ
1469 2304 1658 2359 λοιποῦ
1686 2307 1744 2360 δέ
1778 2309 1914 2378 μετά

233 2389 472 2460 σφοδρᾶς
508 2391 844 2462 ἀπαγορεύει
874 2395 974 2465 τῆς
1003 2396 1236 2467 ἀπειλῆς
1265 2399 1334 2452 τά
1359 2399 1586 2454 τοιαῦτα
1618 2400 1693 2473 μὴ
1718 2407 1909 2470 ποιεῖν,

230 2484 309 2549 ὡς
335 2485 532 2556 μηκέτι
556 2486 750 2542 παθεῖν
766 2489 835 2542 τὰ
865 2490 1022 2545 αὐτά.
1051 2493 1162 2547 Καὶ
1191 2495 1352 2565 ἡμεῖς
1383 2496 1564 2551 τοίνυν
1591 2496 1660 2551 τά
1685 2499 1824 2554 αὐτὰ
1848 2500 1914 2555 ἂν

228 2581 566 2655 ἐδράσαμεν,
603 2586 652 2639 εί
686 2585 780 2640 16v
806 2586 1054 2642 παιδικὸν
1079 2588 1268 2645 τοῦτον
1299 2591 1563 2663 ἑωρῶμεν
1593 2592 1784 2666 θυμὸν,
1819 2600 1913 2653 καὶ

227 2678 328 2751 τὴν
350 2681 459 2734 τῶν
482 2683 693 2752 νηπίων
717 2683 954 2756 πληγὴν,
989 2685 1066 2758 μὴ
1110 2687 1287 2757 μέγαν
1336 2689 1522 2754 αὐτοῖς
1565 2691 1654 2743 τὸν
1692 2692 1914 2766 ὄλεθρον

228 2776 523 2846 φέρουσαν·
539 2778 798 2851 ἐπειδὴδὲ
819 2781 1016 2852 μικρὸν
1033 2781 1282 2855 ὕστερον,
1298 2785 1403 2839 κᾶν
1419 2787 1493 2858 μὴ
1508 2787 1603 2842 νῦν
1618 2789 1912 2848 αἴσθωνται

225 2871 308 2943 τῷ
332 2873 490 2946 θυμῷ
510 2877 1199 2948 κατεχόμενοι,κλαύσουσι
1231 2884 1325 2937 καὶ
1352 2882 1645 2956 οίμώξουσι
1677 2889 1772 2942 καὶ
1792 2889 1914 2943 ὀδυ-

229 2970 448 3041 ροῦνται
470 3013 484 3036 ,
513 2973 574 3026 οὐ
621 2973 862 3028 τοιοῦτον
887 2977 1140 3051 ὀδυρμόν,
1163 2973 1277 3034 οἷον
1305 2981 1374 3035 τά
1406 2983 1595 3038 παιδία
1619 2984 1688 3039 τά
1719 2988 1909 3060 μικρά,

225 3066 367 3121 ἀλλά
403 3065 493 3122 τὸν
527 3070 585 3122 ἐν
622 3069 702 3142 τῷ
734 3071 915 3126 σκότει
944 3072 1028 3146 τῷ
1055 3073 1329 3148 ἐξωτέρω,
1363 3077 1456 3131 τὸν
1478 3081 1536 3133 ἐν
1565 3079 1644 3152 τῷ
1671 3085 1806 3155 πυρὶ
1833 3085 1913 3156 τῷ

225 3162 497 3234 ἀσϐέστῳ·
526 3166 587 3218 τὸ
610 3166 740 3220 αὐτὸ
761 3167 925 3222 πάλιν
939 3171 1062 3234 ταῖς
1091 3173 1332 3244 μητράσι
1367 3175 1706 3252 ποιήσωμεν,
1725 3175 1914 3234 τοσοῦ-

229 3278 319 3315 τον
335 3263 516 3316 αὐτῶν
534 3263 957 3330 διαλλάττοντες,
983 3269 1107 3322 ὅσον
1126 3271 1188 3323 οὐ
1203 3271 1322 3340 μετ’
1340 3273 1570 3344 ἀπειλῆς
1593 3275 1686 3328 καὶ
1703 3275 1913 3348 ὕϐρεως

228 3359 484 3432 καθάπερ
507 3363 714 3418 ἐκεῖναι
735 3404 750 3428 ,
786 3364 922 3418 ἀλλά
954 3365 1092 3436 μετά
1124 3366 1416 3432 κολακείας
1447 3369 1545 3424 καὶ
1583 3374 1914 3444 προσηνείας

227 3455 434 3526 πολλῆς
457 3459 595 3530 πρὸς
617 3458 688 3513 τά
732 3461 922 3514 παιδία
954 3461 1129 3516 ταῦτα
1176 3463 1554 3536 διαλεξόμεθαο
1585 3467 1706 3520 ἐπεὶ
1744 3469 1828 3522 ὄτι
1850 3485 1913 3538 γε

226 3555 342 3618 τοῖς
381 3555 556 3624 ἀγίοις
579 3557 808 3629 οὐδεμία
837 3559 947 3614 ἀπὸ
974 3559 1181 3616 τούτων
1208 3563 1242 3634 ή
1277 3561 1471 3634 βλάϐη,
1502 3563 1638 3618 ἀλλά
1675 3566 1768 3620 καὶ
1795 3567 1915 3638 μεί-

226 3652 338 3716 ζων
353 3653 382 3705 6
401 3653 590 3724 μισθὸς
607 3655 702 3708 καὶ
729 3656 829 3710 πλε
839 3657 978 3729 ίωνή
998 3661 1184 3732 παρῤη
1193 3659 1302 3715 σία.
1330 3663 1426 3716 ’Ἂν
1451 3663 1549 3734 μὲν
1568 3663 1636 3716 τὰ
1653 3663 1915 3735 μέλλοντα

229 3750 476 3821 εἴπωμεν
503 3753 706 3822 ἀγαθὰ,
733 3755 874 3827 τάχα
900 3757 994 3810 καὶ
1025 3757 1320 3828 γελάσεσθε
1345 3760 1512 3832 μέγα,
1547 3763 1642 3817 ᾶτε
1673 3763 1916 3820 τοιοῦτον

228 3847 319 3902 ἀεὶ
349 3849 562 3918 γέλωτα
597 3853 928 3924 μελετῶντες
947 3857 1112 3929 γελᾷν
1133 3875 1147 3888 ·
1177 3859 1290 3922 τοῖς
1313 3858 1370 3912 δὲ
1401 3859 1655 3931 παροῦσι,
1685 3862 1789 3916 κᾶν
1819 3881 1918 3934 μυ-

231 3946 416 4017 ριάκις
443 3943 540 4020 ἦτε
582 3951 961 4020 φιλογέλωτες,
995 3956 1098 4009 οὐκ
1148 3957 1504 4028 ἀπιστήσετε⁸
1535 3959 1656 4012 ούδέ
1690 3959 1820 4032 γάρ,
1850 3961 1916 4015 ἂν

226 4042 474 4116 ἐθέλητε,
506 4045 819 4118 δυνήσεσθε,
857 4048 968 4104 τῶν
1003 4052 1347 4122 πραγμάτων
1385 4056 1514 4125 ὑμῖν
1551 4055 1725 4118 οῦτως
1765 4057 1914 4110 ἀντι-

227 4137 616 4212 φθεγγομένων
640 4143 838 4200 αὐτῶν.
1103 4201 1114 4212 ,

301 4235 406 4290 Τδν
459 4238 688 4310 Νέρωνα
743 4241 964 4306 πάντως
1014 4242 1241 4296 ἀκούετε
1281 4241 1397 4314 (καὶ
1429 4245 1540 4318 γάρ
1588 4247 1857 4320 ἐπίσημος
1889 4251 1919 4302 6

228 4333 372 4406 ἀνὴρ
430 4335 538 4388 άπὸ
584 4336 684 4408 τῆς
737 4337 1026 4406 ἀσελγείας
1059 4341 1275 4410 ἐγένετο
1304 4351 1344 4410 ⁸,
1399 4344 1614 4416 πρῶτος
1642 4347 1734 4399 καὶ
1758 4345 1918 4417 μόνος

229 4429 407 4502 εὑρὼν
459 4433 516 4485 ἐν
571 4433 713 4506 ἀρχῇ
766 4436 992 4511 τοιαύτῃ
1039 4439 1260 4505 καινούς
1293 4459 1443 4507 τινας
1483 4444 1778 4510 ἀκολασίας
1824 4446 1920 4500 καὶ⁹

229 4531 620 4603 ἀσχημοσύνης
643 4535 923 4609 τρόπους·)
948 4533 1100 4603 οὗτος
1121 4539 1150 4592 6
1169 4541 1361 4612 Νέρων
1373 4543 1462 4596 τὸν
1485 4544 1757 4616 μακάριον
1773 4544 1921 4600 Παῦ-

229 4627 322 4682 λον
343 4630 576 4704 (καὶγὰρ
605 4631 760 4704 ἔτυχε
777 4634 918 4688 κατὰ
933 4636 1058 4698 τοὺς
1072 4636 1267 4701 αὐτοὺς
1289 4639 1482 4712 ἐκείνῳ
1497 4643 1785 4713 γενόμενος
1801 4643 1921 4714 χρό-

230 4725 378 4797 νους)
401 4727 626 4782 τοιαῦτα
652 4729 922 4799 ἐγκαλῶν,
944 4725 1145 4803 οἷάπερ
1165 4735 1324 4804 ὑμεῖς
1337 4736 1488 4798 δτοῖς
1515 4738 1690 4806 ἁγίοις
1709 4737 1920 4803 τούτοις

231 4823 460 4895 ἀνδράσι
489 4823 815 4896 (παλλακίδα
841 4828 949 4900 γὰρ
977 4830 1142 4883 αὐτοῦ
1168 4831 1374 4904 σφόδρα
1396 4833 1697 4905 ἐπέραστον
1726 4835 1921 4900 πείσας

230 4917 325 4972 τὸν
346 4921 477 4990 περὶ
499 4921 596 4992 τῆς
616 4922 848 4986 πίστεως
865 4924 1118 4988 δέξασθαι
1138 4927 1317 4996 λόγον,
1337 4927 1552 4983 ἔπειθεν
1565 4931 1700 5001 όμοῦ
1717 4932 1920 5002 καὶτῆς

231 5017 546 5090 ἀκαθάρτου
577 5022 862 5086 συνουσίας
876 5021 1258 5094 ἀπαλλαγῆναι
1273 5028 1530 5098 ἐκείνης)’
1547 5029 1774 5084 τοιαῦτα
1790 5031 1922 5100 γοῦν

237 5116 484 5185 ἐγκαλῶν
517 5121 746 5185 ἐκεῖνος,
789 5121 884 5174 καὶ
930 5120 1183 5190 λυμεῶνα
1209 5125 1304 5178 καὶ
1329 5124 1526 5179 πλάνον
1556 5127 1737 5181 καὶτὰ
1758 5129 1918 5194 αὐτὰ,

235 5214 384 5287 άπερ
406 5216 566 5286 ὑμεῖς
587 5217 913 5287 φθέγγεσθε,
933 5216 1050 5292 [49]
1067 5219 1160 5273 τὸν
1175 5219 1384 5275 Παῦλον
1405 5222 1715 5289 ἀποκαλῶν,
1737 5223 1797 5278 16
1822 5224 1921 5295 μὲν

239 5311 454 5384 πρῶτον
484 5313 703 5385 ἐδησεν,
739 5315 814 5380 ὡς
847 5316 904 5370 δὲ
933 5316 1034 5369 οὐκ
1081 5315 1266 5371 ἔπειθε
1309 5319 1409 5390 τῆς
1449 5319 1588 5390 πρὸς
1622 5320 1719 5392 τὴν
1752 5321 1921 5393 κόρην

237 5411 575 5484 ἀποσχέσθαι
628 5415 956 5488 συμϐουλῆς,
1009 5415 1162 5478 τέλος
1207 5417 1513 5470 ἀπέκτεινε.
1556 5417 1622 5470 Τί
1676 5415 1770 5472 οὖν
1813 5418 1922 5472 ἀπὸ

243 5507 426 5562 τούτου
452 5511 643 5578 γέγονε
675 5510 872 5581 βλάϐος
894 5511 974 5582 τῷ
1008 5512 1234 5566 παθόντι
1285 5512 1508 5580 κακῶς;
1545 5514 1598 5567 τί
1636 5513 1694 5566 δὲ
1731 5514 1922 5584 δφελος

240 5603 318 5676 τῷ
343 5605 604 5677 δράσαντι
631 5609 846 5675 κακῶς;
867 5609 920 5662 τί
956 5609 1055 5681 μὲν
1107 5610 1207 5664 οὐκ
1238 5610 1430 5682 δφελος
1457 5611 1536 5683 τῷ
1560 5612 1678 5666 τότε
1701 5614 1922 5685 ἀναιρε-

302 5763 326 5830 f'
347 5763 486 5830 ιζιιιιε
507 5765 659 5830 hgbet
680 5769 875 5830 ἐγίνετο.
892 5829 908 5830 η
1307 5790 1320 5802 ο

307 5823 338 5865 δ
359 5825 502 5876 Alius
523 5828 689 5885 οἷάπερ
706 5823 839 5886 ὖμείς
860 5829 957 5878 νῦν.
983 5830 1096 5880 Mox
1119 5831 1168 5880 in
1192 5833 1290 5884 alio
1307 5833 1417 5884 cod.
1439 5834 1526 5897 γάρ
1543 5835 1708 5887 deest.
1830 5863 1860 5872 κ

679 5911 948 5978 ΡΑἸιιοι.
993 5918 1104 5982 Gn.
1157 5921 1408 5985 XLVII.

1072 197 1172 264 ’Λυ
1183 209 1461 267 VERSUS
1497 209 1889 268 OPPUGNATI

2099 213 2284 270 νιτιε
2319 211 2623 270 MONAST.
2661 213 2791 271 LIB.
2831 211 2871 270 1.

3608 217 3712 275 εει

2031 329 2179 383 θέντι
2205 330 2425 402 Παύλῳ;
2455 329 2508 383 τί
2532 329 2590 383 δὲ
2614 330 2675 384 οὐ
2713 329 2909 401 βλάϐος
2927 327 3006 401 τῷ
3034 327 3276 382 ἀνελόντι
3303 325 3548 399 Νέρωνις
3571 329 3671 401 οὐχ
3686 329 3717 382 ὁ

2037 417 2138 487 μὲν
2159 417 2347 488 ὥσπερ
2371 415 2600 484 ἄγγελος
2623 414 2902 486 πανταχοῦ
2934 415 3034 488 τῆς
3061 413 3386 485 οἰκουμένης
3409 413 3594 484 ᾄδεται
3625 415 3718 475 (τὰ

2033 502 2142 574 γάρ
2163 502 2408 574 παρόντα
2433 502 2571 566 τέως
2611 501 2763 572 ἐρῶ)·
2795 504 2824 556 6
2855 501 2934 565 δὲ,
2959 500 3148 571 ῶσπερ
3179 499 3348 563 ὅντως
3375 498 3592 570 λυμεὼν
3622 499 3720 554 καὶ

2031 589 2243 660 δαίμων
2275 590 2466 661 ἄγριος
2487 589 2626 662 πρὸς
2657 589 2867 651 πάντας
2888 587 3237 658 διαϐέϐληται
3259 603 3274 652 ;

2099 674 2192 728 6’.c
2209 675 2290 728 Τὰ
2319 675 2375 730 δὲ
2402 676 2537 740 ἐκεῖ,
2555 673 2659 729 κάν
2676 675 2832 744 ὑμεῖς
2855 675 3212 745 ἀπιστήσητε,
3235 673 3324 727 διὰ
3351 673 3479 738 τοὺς
3495 672 3720 726 πιστεύ-

2029 778 2190 826 οντας
2228 761 2525 832 ἀναγκαῖον
2561 764 2756 814 είπεῖνο
2789 761 2968 814 καίτοι
2992 761 3137 830 ὑμᾶς
3156 761 3265 814 ἀπὸ
3290 759 3400 813 τῶν
3430 759 3716 831 παρόντων

2033 849 2310 914 κάκείνοις
2339 849 2621 904 πιστεύειν
2640 849 2827 921 ἐχρῆν’
2847 848 2988 918 πλὴν
3011 848 3125 900 ἀλλ’
3147 849 3297 912 ὅπως
3320 847 3386 901 ἂν
3409 847 3548 919 πρὸς
3575 847 3718 900 αὐτά

2029 936 2325 1002 διάκεισθε,
2361 937 2642 1010 εἰρήσεται
2661 936 2793 1008 παρ’
2817 939 2850 1006 ἡ
2861 934 2998 1006 μῶν,
3016 935 3109 989 καὶ
3128 936 3188 988 ού
3205 934 3563 1008 κεκρύψεται.
3579 936 3718 990 Τίνα

2033 1019 2126 1078 οὖν
2153 1024 2305 1078 ἔσται
2331 1024 2400 1078 τά
2430 1027 2548 1078 ἐκεῖ
2565 1043 2580 1092 ;
2597 1026 2656 1079 'O
2681 1025 2779 1094 μὲν
2795 1023 2978 1088 ἄθλιος
3008 1023 3100 1076 καὶ¹
3115 1023 3464 1096 ταλαίπωρος
3484 1026 3714 1088 ἐκεῖνος,

2029 1113 2256 1183 αὐχμῶν
2273 1113 2367 1166 καὶ
2385 1112 2656 1184 κατηφὴς,
2674 1111 2940 1182 αἰσχύνης
2953 1111 3017 1180 γέ
3027 1129 3142 1182 μων
3160 1111 3256 1165 καὶ
3273 1111 3467 1181 ζόφου,
3495 1113 3591 1166 καὶ
3612 1112 3716 1166 κά·-

2027 1217 2105 1254 τω
2131 1201 2322 1264 νεύων,
2342 1201 2730 1272 ἀπαχθήσεται
2757 1199 2884 1254 ἔνθα
2907 1201 2936 1253 6
2958 1198 3174 1269 σκώληξ
3197 1201 3225 1252 6
3249 1199 3605 1270 ἀτελεύτητος
3619 1201 3717 1255 καὶ

2025 1286 2088 1339 16
2117 1285 2228 1358 πῦρ
2260 1288 2322 1340 τὸ
2352 1287 2638 1342 ἄσϐεστονο
2673 1290 2702 1341 6
2733 1287 2791 1341 δέ
2828 1285 3098 1358 μακάριος
3113 1285 3324 1350 Παῦλος
3352 1285 3490 1356 μετὰ
3515 1286 3717 1356 πολλῆς

2029 1375 2290 1444 στήσεται
2319 1376 2420 1446 τῆς
2465 1377 2779 1448 παρρησίας
2830 1377 2958 1447 παρ’
2986 1374 3148 1428 αὑτὸν
3197 1374 3293 1427 τοῦ
3329 1375 3594 1445 βασιλέως
3623 1374 3718 1428 τὸν

2027 1458 2215 1530 θρόνον
2230 1461 2500 1534 λαμπρῶς
2535 1463 2905 1527 ἀποστίλϐων,
2924 1462 3019 1516 καὶ
3045 1459 3204 1526 δόξαν
3224 1460 3602 1532 ἠμφιεσμένος
3629 1478 3718 1514 τυ-

2027 1547 2265 1618 σαύτην,
2313 1549 2390 1612 ώς
2425 1549 2592 1620 μηδὲν
2628 1549 2739 1603 τῶν
2775 1549 3024 1618 ἀγγέλων
3055 1549 3151 1603 καὶ
3202 1548 3313 1602 τῶν
3359 1547 3718 1620 ἀρχαγγέλων

2024 1635 2262 1701 ἀποδεῖν,
2277 1637 2372 1690 καὶ
2389 1635 2647 1690 τοσοῦτον
2675 1637 2904 1706 λήψεται
2931 1637 3022 1691 τὸν
3047 1637 3260 1708 μισθὸν,
3293 1639 3418 1690 ὅσον
3455 1636 3603 1700 εἰκὸς
3630 1636 3720 1690 ἀν-

2025 1722 2241 1794 θρωπον
2287 1723 2449 1795 σῶμα
2474 1723 2501 1762 ἀ
2538 1724 2634 1777 καὶ
2672 1723 2770 1794 τὴν
2797 1724 2976 1795 ψυχὴν
3002 1724 3114 1777 τῶν
3143 1723 3221 1794 τῷ
3255 1723 3373 1794 Θεῷ
3413 1723 3718 1778 δοκούντων

2023 1811 2210 1866 ἐνεκεν
2239 1812 2512 1868 ἐπιδόντα.
2542 1812 2653 1866 Καὶ
2679 1813 2788 1884 γάρ
2812 1812 2985 1876 οὕτως
3022 1811 3156 1882 ἔχει·
3187 1814 3378 1866 Κεῖται
3416 1812 3513 1884 μὲν
3545 1810 3716 1882 πολλὴ

2023 1900 2136 1962 τοῖς
2165 1897 2235 1952 τὰ
2273 1899 2456 1968 ἀγαθά
2504 1899 2896 1971 ἐργαζομένοις
2929 1898 3217 1964 ἀντίδοσις,
3259 1899 3459 1971 μείζων
3490 1899 3546 1952 δὲ
3573 1897 3714 1969 αῦτη

2023 1983 2119 2037 καὶ
2157 1984 2360 2040 πλείων
2392 1985 2624 2054 γίνεται,
2643 1987 2772 2040 ὅταν
2804 1987 2897 2040 καὶ
2917 1986 3004 2041 διά
3027 1985 3288 2039 κινδύνων
3326 1985 3448 2039 ἴωσι
3477 1985 3572 2040 καὶ
3598 1985 3718 2038 ἀτι-

2025 2071 2156 2142 μίας
2185 2073 2388 2144 πολλῆς
2426 2075 2475 2127 οἱ
2529 2073 2702 2128 ταῦτα
2761 2073 3123 2146 ἐργαζόμενοι
3161 2073 3230 2127 τά
3281 2073 3481 2142 ἀγαθά·
3509 2073 3611 2128 κᾶν
3653 2073 3716 2127 τὸ

2023 2159 2356 2232 κατόρθωμα
2379 2161 2492 2214 ἴσον
2574 2161 2654 2233 τῷ
2683 2179 2742 2215 τε
2774 2161 3027 2232 ἀπονητὶ,
3048 2163 3141 2214 καὶ
3163 2161 3246 2232 τῷ
3273 2160 3411 2232 μετά
3429 2161 3604 2215 πόνων
3619 2163 3716 2215 αὐ-

2021 2247 2084 2300 τὸ
2105 2247 2514 2320 κατωρθωκότι,
2539 2249 2611 2302 τὰ
2641 2250 2740 2320 τῆς
2755 2252 2920 2321 τιμῆς
2951 2251 3052 2302 οὐκ
3083 2249 3236 2303 ἔσται
3265 2250 3356 2303 ἴσα
3385 2250 3482 2304 καὶ
3508 2249 3578 2303 τά
3604 2249 3715 2301 τῶν

2024 2333 2328 2402 στεφάνων.
2353 2335 2512 2389 Ἐπεὶ
2533 2336 2629 2390 καὶ
2658 2337 2716 2388 ἐν
2740 2337 2854 2399 τοῖς
2887 2335 3145 2406 πολέμοις
3171 2334 3529 2404 στεφανοῦται
3561 2334 3661 2406 μὲν
3684 2337 3715 2388 6

2020 2419 2281 2490 τρόπαιον
2306 2421 2534 2490 στήσας,
2575 2421 2756 2491 πολλῷ
2780 2421 2835 2474 δὲ
2862 2420 2944 2474 ἔτι
2975 2421 3238 2492 μειζόνως
3275 2424 3304 2476 6
3338 2422 3433 2477 καλ¹
3449 2421 3520 2475 τά
3547 2419 3718 2492 τραύ-

2024 2523 2169 2576 ματα
2197 2507 2463 2572 ἐπιδεῖξαι
2497 2508 2657 2578 έχων,
2692 2508 2760 2562 δι’
2789 2501 2864 2562 ὧν
2889 2509 2952 2562 16
2985 2509 3247 2580 τρόπαιον
3274 2510 3494 2580 ἔστησε.
3524 2509 3636 2562 Καὶ
3659 2508 3714 2562 τί

2019 2591 2163 2662 λέγω
2189 2611 2256 2646 πε
2267 2594 2318 2665 ρὶ
2341 2595 2450 2646 τῶν
2484 2595 2723 2661 ζώντων,
2753 2597 2887 2650 ὅπου
2915 2611 2979 2664 γε
3006 2595 3101 2648 καὶ
3127 2597 3179 2648 οί
3217 2596 3377 2649 τοῦτο
3399 2597 3560 2670 μόνον
3593 2595 3714 2650 ἐπι-

2018 2677 2324 2750 δειξάμενοι
2342 2681 2404 2734 16
2428 2681 2609 2746 καλῶς
2625 2683 2917 2737 ἀποθανεῖν
2933 2685 2990 2736 ἐν
3007 2683 3246 2754 πολέμῳ,
3266 2683 3436 2754 μηδὲν
3455 2683 3512 2735 δέ
3529 2681 3714 2738 πλεῖον

2019 2769 2148 2833 τοὺς
2183 2769 2364 2824 αὐτῶν
2402 2771 2807 2844 ὠφελήσαντες,
2859 2773 3110 2846 καθάπερ
3165 2774 3410 2847 σωτῆρες
3441 2774 3538 2827 καὶ⁵
3579 2789 3714 2845 προ-

2022 2857 2214 2911 στάται
2239 2859 2516 2930 πανταχοῦ
2533 2859 2634 2930 τῆς
2649 2860 2894 2924 Ἑλλάδος
2907 2860 3123 2932 ᾅδονται
3141 2877 3156 2926 ;
3177 2863 3224 2914 εί
3237 2862 3332 2914 καὶ
3350 2860 3525 2914 ταῦτα
3554 2861 3714 2932 ὑμεῖς

2019 2945 2289 3016 ἀγνοεῖτε,
2315 2947 2394 3018 τῷ
2422 2947 2620 3016 γέλωτι
2677 2950 2774 3004 καὶ
2817 2952 2885 3022 τῇ
2925 2953 3108 3022 τρυφῇ
3143 2949 3438 3021 διαπαντὸς
3466 2966 3712 3021 προσαν-

2021 3033 2236 3105 έχοντες
2269 3047 2316 3099 ο;
2341 3037 2404 3088 El
2425 3035 2746 3108 δὲ”Ελληνες
2763 3037 3062 3108 ἄνθρωποι,
3083 3038 3178 3092 καὶ
3206 3035 3379 3109 μηδὲν
3401 3036 3536 3100 ὅλως
3560 3036 3715 3105 ὑγιὲς

2020 3121 2352 3186 ἐννοοῦντες,
2369 3123 2528 3176 τοῦτο
2553 3125 2900 3194 ἠδυνήθησαν
2913 3124 3162 3189 συνιδεῖν,
3189 3125 3284 3178 καὶ
3305 3123 3473 3196 πολλῇ
3489 3123 3715 3194 τετιμή-

2019 3225 2148 3262 κασι
2178 3211 2243 3280 τῇ
2273 3213 2404 3280 τιμῇ
2423 3210 2549 3272 τοὺς
2567 3210 2940 3275 ἀποθανόντας
2963 3211 3126 3282 μόνον
3156 3211 3298 3282 ὑπὲρ
3319 3211 3522 3274 αὐτῶν,
3547 3210 3714 3282 μηδὲν

2019 3295 2078 3349 δὲ
2107 3297 2512 3368 ἐργασαμένους
2568 3297 2752 3362 πλέον,
2793 3298 2946 3368 πόσῳ
2999 3297 3200 3368 μᾶλλον
3232 3300 3261 3350 6
3299 3297 3534 3367 Χριστὸς
3553 3297 3715 3350 τοῦτο

2020 3383 2335 3454 ἐργάσεται,
2363 3386 2393 3436 6
2425 3384 2702 3456 πανταχοῦ
2737 3386 2865 3448 τοὺς
2905 3384 2972 3438 δι’
3008 3385 3170 3438 αὐτὸν
3204 3383 3615 3447 κινδυνεύοντας
3647 3385 3714 3437 ἐκ

2021 3471 2218 3524 πολλοῦ
2241 3473 2333 3526 τοῦ
2359 3473 2644 3544 περιόντος
2666 3475 2785 3538 ταῖς
2809 3473 2919 3526 τῶν
2946 3473 3166 3544 δωρεῶν
3186 3473 3354 3526 νικῶν
3376 3473 3710 3540 ἀντιδόσεως

2023 3561 2099 3614 Ού
2123 3560 2233 3633 γὰρ
2259 3561 2517 3632 διωγμῶν
2549 3563 2728 3632 μόνον,
2755 3561 2878 3614 ούδέ
2907 3561 3153 3632 πληγῶν,
3176 3561 3298 3614 οὐδὲ
3321 3561 3714 3634 δεσμωτηρίων

2022 3651 2117 3705 καὶ
2144 3651 2322 3719 φόνων
2354 3651 2449 3704 καὶ
2471 3653 2706 3722 σφαγῆς,
2722 3651 2858 3706 ἀλλὰ
2885 3653 2980 3705 καὶ
2997 3649 3210 3724 ὕϐρεως
3237 3651 3406 3722 μόνης
3425 3651 3519 3704 καὶ
3541 3649 3714 3722 ῥημά-

2021 3753 2130 3790 των
2159 3737 2526 3790 ὀνειδιστικῶν
2549 3739 2714 3793 πολὺν
2738 3739 2901 3809 ἔθηκε
2925 3739 3016 3792 τὸν
3041 3739 3250 3810 μισθόν.
3270 3737 3562 3806 Μακάριοι
3579 3737 3712 3810 γὰρ,

2024 3825 2209 3896 φησὶν,
2239 3825 2402 3892 ἐστὲ,
2425 3825 2572 3880 ὅταν
2594 3827 2950 3897 μισήσωσιν
2987 3825 3144 3896 ὑμᾶς
3170 3829 3222 3880 ol
3261 3826 3582 3895 ἄνθρωποι,
3612 3826 3714 3878 καί

2024 3912 2174 3966 ὅταν
2197 3915 2578 3982 ἀφορίσωσιν
2603 3913 2762 3984 ὑμᾶς
2783 3915 2882 3968 καὶ
2904 3913 3268 3978 ὀνειδίσωσι,
3293 3913 3392 3967 καί
3413 3911 3714 3967 ἐκϐάλωσι

2024 3999 2088 4054 τὸ
2115 3999 2303 4070 ὄνομα
2317 4002 2486 4071 ὑμῶν
2518 4002 2599 4068 ὡς
2624 4005 2918 4070 πονηρόν,
2940 4002 3152 4056 ἕνεκεν
3173 4001 3280 4055 τοῦ
3315 4000 3452 4054 Υίοῦ
3479 3999 3585 4054 τοῦ
3606 4000 3713 4054 ἀν-

2024 4087 2282 4155 θρώπου·
2313 4091 2550 4158 χαίρετε
2571 4090 2640 4142 ἐν
2664 4089 2870 4156 ἐκείνῃ
2891 4089 2965 4158 τῇ
2996 4091 3184 4158 ἡμέρᾳ
3199 4089 3298 4142 καὶ
3320 4088 3712 4156 σκιρτήσατεο

2027 4173 2157 4228 ίδοὺ
2182 4174 2293 4244 γὰρ
2323 4178 2356 4229 ό
2370 4176 2592 4243 μισθὸς
2605 4174 2773 4244 ὑμῶν
2794 4177 2990 4240 πολὺς
3012 4177 3084 4229 ἐν
3105 4174 3186 4240 τῷ
3209 4174 3464 4242 οὐρανῷ.
3501 4177 3562 4230 lii
3599 4177 3713 4228 τοί-

2025 4276 2120 4312 νυν
2139 4261 2200 4313 16
2221 4260 2408 4322 κακῶς
2437 4259 2630 4312 παθεῖν
2656 4261 2750 4313 καὶ
2781 4261 2842 4313 16
2876 4260 3062 4323 κακῶς
3079 4259 3312 4313 ἀκοῦσαι
3347 4261 3608 4314 ἐπιτείνει
3625 4262 3712 4314 τὸν

2030 4345 2224 4415 μισθὸν
2251 4347 2471 4409 καὶτοῖς
2502 4346 2772 4416 πάσχουσι
2802 4347 3022 4409 καὶτοῖς
3045 4345 3302 4400 ἀκούουσι
3327 4346 3535 4411 κακῶς,
3557 4349 3586 4399 6
3606 4365 3712 4401 xw-

2025 4433 2166 4486 λύων
2192 4433 2391 4496 αὐτοὺς
2443 4433 2636 4487 παθεῖν
2663 4436 2759 4488 καὶ
2805 4433 3038 4487 ἀκοῦσαι
3069 4433 3276 4496 κακῶς.
3307 4435 3428 4505 οὐχὶ
3470 4435 3712 4499 τούτους,

2025 4521 2162 4576 ἀλλά
2187 4523 2314 4585 τοὺς
2337 4521 2592 4588 λέγοντας
2618 4523 2858 4586 καὶτοὺς
2888 4521 3172 4586 ποιοῦντας
3193 4521 3462 4595 ὠφέλησε.
3484 4523 3712 4588 Τούτους

2025 4609 2134 4681 γάρ
2159 4609 2361 4679 ἔϐλαψε
2391 4606 2438 4672 τ,
2473 4608 2564 4662 τοῦ
2731 4608 2922 4681 μισθοῦ
2945 4611 3007 4663 16
3034 4610 3196 4663 πλέον
3211 4611 3495 4667 ἐκκόπτων
3512 4611 3712 4675 αὐτοῖς,

2026 4699 2121 4750 καὶ
2146 4699 2246 4770 τῆς
2261 4699 2440 4770 χαρᾶς
2465 4698 2559 4752 καὶ
2585 4698 2693 4751 τῶν
2717 4696 2927 4750 πολλῶν
2949 4698 3338 4770 σκιρτημάτων
3367 4697 3605 4770 ἀναιρῶν
3622 4698 3712 4770 τὴν

2027 4785 2304 4840 ὑπόθεσιν.
2339 4787 2501 4838 Ὥστε
2545 4785 2750 4839 τούτων
2785 4785 2883 4856 μὲν
2910 4786 3100 4840 ἐνεκεν
3155 4788 3249 4841 καὶ
3278 4787 3503 4857 σιγῆσαι
3529 4787 3712 4859 ἐχρῆν,

2028 4874 2124 4927 καὶ
2144 4875 2362 4942 ἀφεῖναι
2389 4873 2645 4942 γενέσθαι
2673 4873 2847 4927 ταῦτα
2877 4873 2947 4926 τὰ
2979 4873 3146 4928 πολὺν
3172 4876 3355 4938 αὐτοῖς
3375 4875 3466 4928 τὸν
3490 4875 3711 4928 πλοῦτοι

2028 4959 2288 5014 ποιοῦντα
2340 4960 2448 5014 τῶν
2476 4960 2718 5022 ἀγαθῶν,
2747 4961 2842 5014 καλ⁵
2879 4961 3050 5032 μείζω
3083 4962 3181 5032 τὴν
3211 4962 3524 5032 παρρησίαν
3557 4979 3714 5015 κατα-

2030 5049 2384 5112 σκευάζονταο
2425 5048 2614 5119 ἐπειδὴ
2669 5049 2726 5101 δὲ
2778 5048 3021 5121 ἀλλήλων
3050 5051 3216 5120 ἐσμὲν
3244 5049 3402 5120 μέλη,
3431 5048 3534 5103 κᾶν
3563 5047 3712 5103 αὐτοῖ

2029 5139 2192 5192 πάλιν
2229 5137 2504 5209 ἀρνῶνται
2536 5137 2634 5208 τὴν
2658 5133 2839 5211 χάριν,
2873 5140 2935 5192 οὐ
2967 5139 3074 5211 χρὴ
3117 5139 3241 5202 τοὺς
3269 5136 3414 5191 οῦτω
3435 5138 3714 5210 διακειμέη

2028 5242 2182 5288 νους,
2220 5222 2340 5286 ἐνὸς
2380 5223 2480 5294 μὲν
2531 5227 2781 5296 προνοεῖν
2832 5227 3051 5296 μέρους,
3097 5225 3290 5294 ἐτέρου
3332 5223 3390 5276 δὲ
3429 5227 3710 5296 περιορᾷν.

2029 5311 2291 5374 Ἐκείνοις
2330 5311 2430 5382 μὲν
2459 5311 2568 5384 γὰρ
2589 5313 2742 5368 ἔσται
2767 5315 2862 5368 καὶ
2883 5314 3078 5384 ἐτέρας
3106 5315 3130 5353 9
3153 5312 3556 5382 εὐδοκιμήσεως
3585 5315 3713 5366 ὑπό-

2043 5416 2122 5538 “?
2141 5467 2250 5538 1290
2263 5481 2376 5538 [ηεξ.
2397 5471 2457 5519 τὰ
2473 5472 2525 5520 δὲ
2543 5472 2760 5538 ἐκεῖ,,κάν
2777 5472 2867 5538 γάρ
2877 5471 3024 5534 ὑμεῖς.
3041 5469 3161 5518 Mor.
3174 5469 3234 5516 τὰ
3243 5469 3332 5532 γὰρ
3345 5469 3460 5530 ἐκεῖ,
3473 5472 3710 5536 κάνῦμεῖς,

2097 5529 2122 5568 ἀ
2149 5531 2298 5592 Σῶμα
2320 5533 2466 5580 deest
2490 5537 2540 5581 in
2559 5529 2750 5583 duobus
2771 5529 2887 5582 lins's.

2063 5652 2072 5663 ι
2099 5593 2127 5670 ξ
2153 5594 2257 5640 Duo
2283 5607 2400 5666 m§s.
2425 5597 2783 5670 προσαχθέντες.
2811 5593 3110 5670 Ιηςτσκξδγὶὶ.
3135 5598 3200 5670 _el
3233 5605 3361 5642 unus
3391 5595 3546 5644 codex
3574 5593 3712 5656 μηδὲν

2031 5652 2084 5702 δὲ
2109 5651 2475 5728 ἐργασαμένουςξ
2502 5656 2554 5704 in
2578 5651 2698 5704 é'dil.
2731 5657 2902 5704 Morvl.
2933 5656 2984 5704 6é
3007 5656 3170 5728 deqst.
3576 5651 3584 5656 ’

2037 5774 2068 5788 η
2094 5712 2123 5788 ,ι
2153 5720 2234 5762 διο
2260 5730 2376 5764 mss.
2394 5716 2552 5788 ξιινιιΣ
2577 5723 2812 5788 ρυιεηιει
2835 5716 3006 5788 Μρωὶ.
3032 5719 3312 5788 τούτους-δὲ*
3325 5720 3422 5769 εελ.
3440 5717 3591 5769 Paulo
3601 5725 3710 5778 pos:

2034 5774 2189 5842 ῐὶᾱςῐῃ
2214 5789 2330 5842 mss,
2357 5780 2454 5842 τῶν
2472 5780 2634 5842 καλῶν
2655 5779 2993 5842 σκιρτημάτων
3037 5780 3137 5830 Alii
3157 5781 3360 5837 πολλῶν.

2103 5839 2128 5880 ⁸
2155 5837 2290 5889 Unus
2308 5839 2458 5888 habet
2478 5840 2630 5904 ἑτέρα.
