  <div class='ocr_page' id='page_1' title='image "/cluster/home/n/w/nwhite01/storage/ocr_20150623/47:no.1:pt.1/coo.31924054869460/286.png"; bbox 0 0 3954 6424; ppageno 0'>
   <div class='ocr_carea' id='block_1_1' title="bbox 317 253 434 309">
    <p class='ocr_par' dir='ltr' id='par_1_1' title="bbox 317 253 434 309">
     <span class='ocr_line' id='line_1_1' title="bbox 317 253 434 309; baseline 0.009 -1"><span class='ocrx_word' id='word_1_1' title='bbox 317 253 434 309; x_wconf 73' lang='lat'><strong>325</strong></span> 
     </span>
    </p>
   </div>
   <div class='ocr_carea' id='block_1_2' title="bbox 317 364 1911 449">
    <p class='ocr_par' dir='ltr' id='par_1_2' title="bbox 317 364 1911 449">
     <span class='ocr_line' id='line_1_2' title="bbox 317 364 1911 449; baseline -0.003 -26"><span class='ocrx_word' id='word_1_2' title='bbox 317 366 706 439; x_wconf 70' lang='lat' dir='ltr'><strong>procurabant.</strong></span> <span class='ocrx_word' id='word_1_3' title='bbox 730 366 929 449; x_wconf 80' lang='lat' dir='ltr'><strong>Verum</strong></span> <span class='ocrx_word' id='word_1_4' title='bbox 974 365 1097 436; x_wconf 97' lang='lat' dir='ltr'><strong>quia</strong></span> <span class='ocrx_word' id='word_1_5' title='bbox 1133 380 1318 422; x_wconf 86' lang='lat' dir='ltr'><strong>sumus</strong></span> <span class='ocrx_word' id='word_1_6' title='bbox 1361 365 1588 420; x_wconf 80' lang='lat' dir='ltr'><strong>invicem</strong></span> <span class='ocrx_word' id='word_1_7' title='bbox 1633 364 1871 420; x_wconf 85' lang='lat' dir='ltr'><strong>membra</strong></span> <span class='ocrx_word' id='word_1_8' title='bbox 1896 406 1911 431; x_wconf 97' lang='lat'><strong>,</strong></span> 
     </span>
    </p>
   </div>
   <div class='ocr_carea' id='block_1_3' title="bbox 222 452 1912 529">
    <p class='ocr_par' dir='ltr' id='par_1_3' title="bbox 222 452 1912 529">
     <span class='ocr_line' id='line_1_3' title="bbox 222 452 1912 529; baseline -0.004 -14"><span class='ocrx_word' id='word_1_9' title='bbox 222 520 231 525; x_wconf 56' lang='grc'><em>,</em></span> <span class='ocrx_word' id='word_1_10' title='bbox 317 459 426 515; x_wconf 88' lang='lat' dir='ltr'><strong>etsi</strong></span> <span class='ocrx_word' id='word_1_11' title='bbox 452 458 554 529; x_wconf 87' lang='lat' dir='ltr'><strong>ipsi</strong></span> <span class='ocrx_word' id='word_1_12' title='bbox 577 458 806 529; x_wconf 81' lang='lat' dir='ltr'><strong>gratiam</strong></span> <span class='ocrx_word' id='word_1_13' title='bbox 848 458 1117 529; x_wconf 87' lang='lat' dir='ltr'><strong>abnegent</strong></span> <span class='ocrx_word' id='word_1_14' title='bbox 1134 498 1151 524; x_wconf 94' lang='lat'><strong>,</strong></span> <span class='ocrx_word' id='word_1_15' title='bbox 1178 473 1282 511; x_wconf 91' lang='lat' dir='ltr'><strong>non</strong></span> <span class='ocrx_word' id='word_1_16' title='bbox 1308 457 1557 512; x_wconf 88' lang='lat' dir='ltr'><strong>convenit</strong></span> <span class='ocrx_word' id='word_1_17' title='bbox 1582 456 1654 510; x_wconf 88' lang='lat' dir='ltr'><strong>ita</strong></span> <span class='ocrx_word' id='word_1_18' title='bbox 1675 452 1880 510; x_wconf 75' lang='lat' dir='ltr'><strong>aﬂ‘eetis</strong></span> <span class='ocrx_word' id='word_1_19' title='bbox 1898 496 1912 521; x_wconf 91' lang='lat'><strong>,</strong></span> 
     </span>
    </p>
   </div>
   <div class='ocr_carea' id='block_1_4' title="bbox 319 546 1914 614">
    <p class='ocr_par' dir='ltr' id='par_1_4' title="bbox 319 546 1914 614">
     <span class='ocr_line' id='line_1_4' title="bbox 319 546 1914 614; baseline -0.004 -9"><span class='ocrx_word' id='word_1_20' title='bbox 319 558 383 605; x_wconf 90' lang='lat' dir='ltr'><strong>ut</strong></span> <span class='ocrx_word' id='word_1_21' title='bbox 408 565 510 606; x_wconf 91' lang='lat' dir='ltr'><strong>nos</strong></span> <span class='ocrx_word' id='word_1_22' title='bbox 537 563 758 614; x_wconf 80' lang='lat' dir='ltr'><strong>sumus,</strong></span> <span class='ocrx_word' id='word_1_23' title='bbox 790 548 949 604; x_wconf 89' lang='lat' dir='ltr'><strong>unius</strong></span> <span class='ocrx_word' id='word_1_24' title='bbox 972 548 1200 604; x_wconf 87' lang='lat' dir='ltr'><strong>membri</strong></span> <span class='ocrx_word' id='word_1_25' title='bbox 1224 561 1408 603; x_wconf 84' lang='lat' dir='ltr'><strong>curam</strong></span> <span class='ocrx_word' id='word_1_26' title='bbox 1439 547 1658 614; x_wconf 84' lang='lat' dir='ltr'><strong>habere,</strong></span> <span class='ocrx_word' id='word_1_27' title='bbox 1690 546 1914 601; x_wconf 89' lang='lat' dir='ltr'><strong>alterum</strong></span> 
     </span>
    </p>
   </div>
   <div class='ocr_carea' id='block_1_5' title="bbox 1075 250 2823 312">
    <p class='ocr_par' dir='ltr' id='par_1_5' title="bbox 1075 250 2823 312">
     <span class='ocr_line' id='line_1_5' title="bbox 1075 250 2823 312; baseline 0.002 -3"><span class='ocrx_word' id='word_1_28' title='bbox 1075 250 1434 309; x_wconf 76' lang='lat' dir='ltr'><strong>ADVERSUS</strong></span> <span class='ocrx_word' id='word_1_29' title='bbox 1471 251 2013 310; x_wconf 79' lang='lat' dir='ltr'><strong>OPPUGNATORES</strong></span> <span class='ocrx_word' id='word_1_30' title='bbox 2051 251 2234 309; x_wconf 72' lang='lat' dir='ltr'><strong>VlT/E</strong></span> <span class='ocrx_word' id='word_1_31' title='bbox 2271 253 2571 312; x_wconf 80' lang='lat' dir='ltr'><strong>MONAST.</strong></span> <span class='ocrx_word' id='word_1_32' title='bbox 2611 255 2742 312; x_wconf 80' lang='lat' dir='ltr'><strong>LIB.</strong></span> <span class='ocrx_word' id='word_1_33' title='bbox 2780 253 2823 312; x_wconf 81' lang='grc' dir='ltr'><strong>ι.</strong></span> 
     </span>
    </p>
   </div>
   <div class='ocr_carea' id='block_1_6' title="bbox 3497 256 3599 312">
    <p class='ocr_par' dir='ltr' id='par_1_6' title="bbox 3497 256 3599 312">
     <span class='ocr_line' id='line_1_6' title="bbox 3497 256 3599 312; baseline -0.039 0"><span class='ocrx_word' id='word_1_34' title='bbox 3497 256 3599 312; x_wconf 63' lang='grc'><strong>328</strong></span> 
     </span>
    </p>
   </div>
   <div class='ocr_carea' id='block_1_7' title="bbox 2094 364 3607 438">
    <p class='ocr_par' dir='ltr' id='par_1_7' title="bbox 2094 364 3607 438">
     <span class='ocr_line' id='line_1_7' title="bbox 2094 364 3607 438; baseline 0.004 -19"><span class='ocrx_word' id='word_1_35' title='bbox 2094 365 2151 419; x_wconf 82' lang='grc'><strong>5.</strong></span> <span class='ocrx_word' id='word_1_36' title='bbox 2177 364 2246 419; x_wconf 85' lang='lat' dir='ltr'><strong>Et</strong></span> <span class='ocrx_word' id='word_1_37' title='bbox 2271 368 2513 438; x_wconf 87' lang='lat' dir='ltr'><strong>templum</strong></span> <span class='ocrx_word' id='word_1_38' title='bbox 2536 368 2737 436; x_wconf 88' lang='lat' dir='ltr'><strong>quidem</strong></span> <span class='ocrx_word' id='word_1_39' title='bbox 2769 369 2862 423; x_wconf 83' lang='lat' dir='ltr'><strong>hoc</strong></span> <span class='ocrx_word' id='word_1_40' title='bbox 2885 368 2937 423; x_wconf 91' lang='lat' dir='ltr'><strong>in</strong></span> <span class='ocrx_word' id='word_1_41' title='bbox 2964 377 3099 423; x_wconf 81' lang='lat' dir='ltr'><strong>statu</strong></span> <span class='ocrx_word' id='word_1_42' title='bbox 3121 380 3228 423; x_wconf 88' lang='lat' dir='ltr'><strong>erat</strong></span> <span class='ocrx_word' id='word_1_43' title='bbox 3252 385 3270 435; x_wconf 80' lang='lat'><strong>,&#39;</strong></span> <span class='ocrx_word' id='word_1_44' title='bbox 3298 386 3469 425; x_wconf 86' lang='lat' dir='ltr'><strong>eorum</strong></span> <span class='ocrx_word' id='word_1_45' title='bbox 3493 385 3607 425; x_wconf 82' lang='lat' dir='ltr'><strong>vero</strong></span> 
     </span>
    </p>
   </div>
   <div class='ocr_carea' id='block_1_8' title="bbox 2021 456 3605 531">
    <p class='ocr_par' dir='ltr' id='par_1_8' title="bbox 2021 456 3605 531">
     <span class='ocr_line' id='line_1_8' title="bbox 2021 456 3605 531; baseline 0.004 -22"><span class='ocrx_word' id='word_1_46' title='bbox 2021 456 2109 525; x_wconf 81' lang='lat' dir='ltr'><strong>qui</strong></span> <span class='ocrx_word' id='word_1_47' title='bbox 2129 473 2219 527; x_wconf 87' lang='lat' dir='ltr'><strong>per</strong></span> <span class='ocrx_word' id='word_1_48' title='bbox 2241 457 2495 511; x_wconf 89' lang='lat' dir='ltr'><strong>civitatem</strong></span> <span class='ocrx_word' id='word_1_49' title='bbox 2520 461 2657 529; x_wconf 83' lang='lat' dir='ltr'><strong>fame</strong></span> <span class='ocrx_word' id='word_1_50' title='bbox 2682 458 3054 527; x_wconf 86' lang='lat' dir='ltr'><strong>occumbebant,</strong></span> <span class='ocrx_word' id='word_1_51' title='bbox 3081 460 3284 530; x_wconf 76' lang='lat' dir='ltr'><strong>infinita</strong></span> <span class='ocrx_word' id='word_1_52' title='bbox 3307 478 3430 531; x_wconf 87' lang='lat' dir='ltr'><strong>pene</strong></span> <span class='ocrx_word' id='word_1_53' title='bbox 3455 463 3605 516; x_wconf 87' lang='lat' dir='ltr'><strong>cade-</strong></span> 
     </span>
    </p>
   </div>
   <div class='ocr_carea' id='block_1_9' title="bbox 2021 548 3600 623">
    <p class='ocr_par' dir='ltr' id='par_1_9' title="bbox 2021 548 3600 623">
     <span class='ocr_line' id='line_1_9' title="bbox 2021 548 3600 623; baseline 0.003 -21"><span class='ocrx_word' id='word_1_54' title='bbox 2021 548 2104 603; x_wconf 91' lang='lat' dir='ltr'><strong>bat</strong></span> <span class='ocrx_word' id='word_1_55' title='bbox 2130 548 2400 602; x_wconf 73' lang='lat' dir='ltr'><strong>multitudo</strong></span> <span class='ocrx_word' id='word_1_56' title='bbox 2421 589 2437 615; x_wconf 93' lang='lat'><strong>,</strong></span> <span class='ocrx_word' id='word_1_57' title='bbox 2461 558 2609 619; x_wconf 87' lang='lat' dir='ltr'><strong>atque</strong></span> <span class='ocrx_word' id='word_1_58' title='bbox 2644 550 3006 606; x_wconf 78' lang='lat' dir='ltr'><strong>inenarrabiles</strong></span> <span class='ocrx_word' id='word_1_59' title='bbox 3032 552 3383 623; x_wconf 85' lang='lat' dir='ltr'><strong>contingebant</strong></span> <span class='ocrx_word' id='word_1_60' title='bbox 3409 554 3600 608; x_wconf 84' lang='lat' dir='ltr'><strong>clades.</strong></span> 
     </span>
    </p>
   </div>
   <div class='ocr_carea' id='block_1_10' title="bbox 322 621 3606 711">
    <p class='ocr_par' dir='ltr' id='par_1_10' title="bbox 322 621 3606 711">
     <span class='ocr_line' id='line_1_10' title="bbox 322 621 3606 711; baseline 0 -17"><span class='ocrx_word' id='word_1_61' title='bbox 322 641 615 711; x_wconf 78' lang='lat' dir='ltr'><strong>negligere.</strong></span> <span class='ocrx_word' id='word_1_62' title='bbox 639 639 879 709; x_wconf 81' lang='lat' dir='ltr'><strong>Namque</strong></span> <span class='ocrx_word' id='word_1_63' title='bbox 911 638 1019 693; x_wconf 85' lang='lat' dir='ltr'><strong><em>illis</em></strong></span> <span class='ocrx_word' id='word_1_64' title='bbox 1047 639 1153 693; x_wconf 83' lang='lat' dir='ltr'><strong>alia</strong></span> <span class='ocrx_word' id='word_1_65' title='bbox 1190 638 1505 693; x_wconf 86' lang='lat' dir='ltr'><strong>meritorum</strong></span> <span class='ocrx_word' id='word_1_66' title='bbox 1545 637 1755 692; x_wconf 81' lang='lat' dir='ltr'><strong>occasio</strong></span> <span class='ocrx_word' id='word_1_67' title='bbox 1789 651 1916 705; x_wconf 59' lang='lat' dir='ltr'><strong>sup.</strong></span> <span class='ocrx_word' id='word_1_68' title='bbox 1952 621 1978 659; x_wconf 53' lang='grc' dir='ltr'><strong>ί</strong></span> <span class='ocrx_word' id='word_1_69' title='bbox 2022 637 2164 692; x_wconf 83' lang='grc' dir='ltr'><strong>Ναηι</strong></span> <span class='ocrx_word' id='word_1_70' title='bbox 2207 656 2298 709; x_wconf 85' lang='lat' dir='ltr'><strong>per</strong></span> <span class='ocrx_word' id='word_1_71' title='bbox 2322 640 2552 711; x_wconf 87' lang='lat' dir='ltr'><strong>singulas</strong></span> <span class='ocrx_word' id='word_1_72' title='bbox 2582 639 2759 695; x_wconf 89' lang='lat' dir='ltr'><strong>domos</strong></span> <span class='ocrx_word' id='word_1_73' title='bbox 2783 682 2798 709; x_wconf 96' lang='lat'><strong>,</strong></span> <span class='ocrx_word' id='word_1_74' title='bbox 2841 641 3000 695; x_wconf 81' lang='lat' dir='ltr'><strong>sicubi</strong></span> <span class='ocrx_word' id='word_1_75' title='bbox 3039 621 3262 696; x_wconf 78' lang='lat' dir='ltr'><strong>ciborum</strong></span> <span class='ocrx_word' id='word_1_76' title='bbox 3307 643 3384 697; x_wconf 88' lang='lat' dir='ltr'><strong>vel</strong></span> <span class='ocrx_word' id='word_1_77' title='bbox 3427 642 3606 696; x_wconf 87' lang='lat' dir='ltr'><strong>umbra</strong></span> 
     </span>
    </p>
   </div>
   <div class='ocr_carea' id='block_1_11' title="bbox 320 727 1915 802">
    <p class='ocr_par' dir='ltr' id='par_1_11' title="bbox 320 727 1915 802">
     <span class='ocr_line' id='line_1_11' title="bbox 320 727 1915 802; baseline -0.004 -17"><span class='ocrx_word' id='word_1_78' title='bbox 320 739 501 802; x_wconf 89' lang='lat' dir='ltr'><strong>petet,</strong></span> <span class='ocrx_word' id='word_1_79' title='bbox 531 729 744 785; x_wconf 90' lang='lat' dir='ltr'><strong>etiamsi</strong></span> <span class='ocrx_word' id='word_1_80' title='bbox 771 744 912 784; x_wconf 90' lang='lat' dir='ltr'><strong>nunc</strong></span> <span class='ocrx_word' id='word_1_81' title='bbox 935 727 1090 784; x_wconf 89' lang='lat' dir='ltr'><strong>malis</strong></span> <span class='ocrx_word' id='word_1_82' title='bbox 1117 743 1225 784; x_wconf 89' lang='lat' dir='ltr'><strong>non</strong></span> <span class='ocrx_word' id='word_1_83' title='bbox 1249 727 1552 783; x_wconf 78' lang='lat' dir='ltr'><strong>afficiantur</strong></span> <span class='ocrx_word' id='word_1_84' title='bbox 1578 744 1593 793; x_wconf 89' lang='lat'><strong>;</strong></span> <span class='ocrx_word' id='word_1_85' title='bbox 1638 727 1756 781; x_wconf 82' lang='lat' dir='ltr'><strong>istis</strong></span> <span class='ocrx_word' id='word_1_86' title='bbox 1788 740 1915 780; x_wconf 80' lang='lat' dir='ltr'><strong>vero</strong></span> 
     </span>
    </p>
   </div>
   <div class='ocr_carea' id='block_1_12' title="bbox 321 819 1915 893">
    <p class='ocr_par' dir='ltr' id='par_1_12' title="bbox 321 819 1915 893">
     <span class='ocr_line' id='line_1_12' title="bbox 321 819 1915 893; baseline -0.004 -14"><span class='ocrx_word' id='word_1_87' title='bbox 321 824 427 879; x_wconf 87' lang='lat' dir='ltr'><strong>nisi</strong></span> <span class='ocrx_word' id='word_1_88' title='bbox 451 823 521 878; x_wconf 88' lang='lat' dir='ltr'><strong>ab</strong></span> <span class='ocrx_word' id='word_1_89' title='bbox 558 822 659 877; x_wconf 90' lang='lat' dir='ltr'><strong>hac</strong></span> <span class='ocrx_word' id='word_1_90' title='bbox 687 837 862 893; x_wconf 83' lang='lat' dir='ltr'><strong>pugna</strong></span> <span class='ocrx_word' id='word_1_91' title='bbox 880 820 1185 877; x_wconf 80' lang='lat' dir='ltr'><strong>destiterint</strong></span> <span class='ocrx_word' id='word_1_92' title='bbox 1207 862 1222 887; x_wconf 94' lang='lat'><strong>,</strong></span> <span class='ocrx_word' id='word_1_93' title='bbox 1254 821 1398 876; x_wconf 89' lang='lat' dir='ltr'><strong>nulla</strong></span> <span class='ocrx_word' id='word_1_94' title='bbox 1424 820 1535 891; x_wconf 87' lang='lat' dir='ltr'><strong>jam</strong></span> <span class='ocrx_word' id='word_1_95' title='bbox 1581 819 1768 876; x_wconf 81' lang='lat' dir='ltr'><strong>salutis</strong></span> <span class='ocrx_word' id='word_1_96' title='bbox 1791 834 1915 889; x_wconf 85' lang='lat' dir='ltr'><strong>spes</strong></span> 
     </span>
    </p>
   </div>
   <div class='ocr_carea' id='block_1_13' title="bbox 321 911 1912 985">
    <p class='ocr_par' dir='ltr' id='par_1_13' title="bbox 321 911 1912 985">
     <span class='ocr_line' id='line_1_13' title="bbox 321 911 1912 985; baseline -0.003 -15"><span class='ocrx_word' id='word_1_97' title='bbox 321 913 662 985; x_wconf 92' lang='lat' dir='ltr'><strong>relinquitur.</strong></span> <span class='ocrx_word' id='word_1_98' title='bbox 687 914 870 984; x_wconf 86' lang='lat' dir='ltr'><strong>Itaque</strong></span> <span class='ocrx_word' id='word_1_99' title='bbox 897 913 1005 968; x_wconf 90' lang='lat' dir='ltr'><strong>illis</strong></span> <span class='ocrx_word' id='word_1_100' title='bbox 1025 912 1264 980; x_wconf 90' lang='lat' dir='ltr'><strong>omissis,</strong></span> <span class='ocrx_word' id='word_1_101' title='bbox 1290 913 1484 967; x_wconf 84' lang='lat' dir='ltr'><strong>vestris</strong></span> <span class='ocrx_word' id='word_1_102' title='bbox 1507 913 1670 968; x_wconf 85' lang='lat' dir='ltr'><strong>rebus</strong></span> <span class='ocrx_word' id='word_1_103' title='bbox 1703 911 1912 977; x_wconf 87' lang='lat' dir='ltr'><strong>insisto,</strong></span> 
     </span>
    </p>
   </div>
   <div class='ocr_carea' id='block_1_14' title="bbox 320 1004 1912 1077">
    <p class='ocr_par' dir='ltr' id='par_1_14' title="bbox 320 1004 1912 1077">
     <span class='ocr_line' id='line_1_14' title="bbox 320 1004 1912 1077; baseline -0.003 -15"><span class='ocrx_word' id='word_1_104' title='bbox 320 1022 560 1077; x_wconf 86' lang='lat' dir='ltr'><strong>rogoque</strong></span> <span class='ocrx_word' id='word_1_105' title='bbox 588 1019 643 1061; x_wconf 88' lang='lat' dir='ltr'><strong>et</strong></span> <span class='ocrx_word' id='word_1_106' title='bbox 666 1007 893 1062; x_wconf 82' lang='lat' dir='ltr'><strong>obsecro</strong></span> <span class='ocrx_word' id='word_1_107' title='bbox 933 1005 1089 1061; x_wconf 88' lang='lat' dir='ltr'><strong>nobis</strong></span> <span class='ocrx_word' id='word_1_108' title='bbox 1130 1006 1468 1061; x_wconf 85' lang='lat' dir='ltr'><strong>hortantibus</strong></span> <span class='ocrx_word' id='word_1_109' title='bbox 1493 1004 1912 1074; x_wconf 82' lang='lat' dir='ltr'><strong>obtemperetis,</strong></span> 
     </span>
    </p>
   </div>
   <div class='ocr_carea' id='block_1_15' title="bbox 320 1095 1914 1167">
    <p class='ocr_par' dir='ltr' id='par_1_15' title="bbox 320 1095 1914 1167">
     <span class='ocr_line' id='line_1_15' title="bbox 320 1095 1914 1167; baseline -0.003 -14"><span class='ocrx_word' id='word_1_110' title='bbox 320 1113 424 1154; x_wconf 88' lang='lat' dir='ltr'><strong>nec</strong></span> <span class='ocrx_word' id='word_1_111' title='bbox 450 1108 638 1153; x_wconf 88' lang='lat' dir='ltr'><strong>contra</strong></span> <span class='ocrx_word' id='word_1_112' title='bbox 665 1112 763 1152; x_wconf 88' lang='lat' dir='ltr'><strong>vos</strong></span> <span class='ocrx_word' id='word_1_113' title='bbox 788 1097 932 1167; x_wconf 91' lang='lat' dir='ltr'><strong>ipsos</strong></span> <span class='ocrx_word' id='word_1_114' title='bbox 960 1096 1190 1167; x_wconf 84' lang='lat' dir='ltr'><strong>gladium</strong></span> <span class='ocrx_word' id='word_1_115' title='bbox 1232 1095 1521 1166; x_wconf 86' lang='lat' dir='ltr'><strong>impellatis</strong></span> <span class='ocrx_word' id='word_1_116' title='bbox 1543 1137 1558 1162; x_wconf 91' lang='lat'><strong>,</strong></span> <span class='ocrx_word' id='word_1_117' title='bbox 1587 1110 1688 1150; x_wconf 90' lang='lat' dir='ltr'><strong>nec</strong></span> <span class='ocrx_word' id='word_1_118' title='bbox 1730 1103 1914 1148; x_wconf 84' lang='lat' dir='ltr'><strong>contra</strong></span> 
     </span>
    </p>
   </div>
   <div class='ocr_carea' id='block_1_16' title="bbox 323 1186 1913 1257">
    <p class='ocr_par' dir='ltr' id='par_1_16' title="bbox 323 1186 1913 1257">
     <span class='ocr_line' id='line_1_16' title="bbox 323 1186 1913 1257; baseline -0.003 -13"><span class='ocrx_word' id='word_1_119' title='bbox 323 1188 573 1244; x_wconf 87' lang='lat' dir='ltr'><strong>stimulos</strong></span> <span class='ocrx_word' id='word_1_120' title='bbox 612 1188 902 1243; x_wconf 89' lang='lat' dir='ltr'><strong>calcitretis</strong></span> <span class='ocrx_word' id='word_1_121' title='bbox 930 1204 945 1253; x_wconf 90' lang='lat'><strong>;</strong></span> <span class='ocrx_word' id='word_1_122' title='bbox 980 1204 1080 1255; x_wconf 90' lang='lat' dir='ltr'><strong>ne,</strong></span> <span class='ocrx_word' id='word_1_123' title='bbox 1113 1187 1238 1242; x_wconf 88' lang='lat' dir='ltr'><strong>dum</strong></span> <span class='ocrx_word' id='word_1_124' title='bbox 1271 1186 1466 1257; x_wconf 84' lang='lat' dir='ltr'><strong>putatis</strong></span> <span class='ocrx_word' id='word_1_125' title='bbox 1493 1186 1739 1241; x_wconf 88' lang='lat' dir='ltr'><strong>homines</strong></span> <span class='ocrx_word' id='word_1_126' title='bbox 1776 1200 1913 1240; x_wconf 74' lang='lat' dir='ltr'><strong>mte-</strong></span> 
     </span>
    </p>
   </div>
   <div class='ocr_carea' id='block_1_17' title="bbox 322 1279 1915 1350">
    <p class='ocr_par' dir='ltr' id='par_1_17' title="bbox 322 1279 1915 1350">
     <span class='ocr_line' id='line_1_17' title="bbox 322 1279 1915 1350; baseline -0.002 -14"><span class='ocrx_word' id='word_1_127' title='bbox 322 1296 448 1336; x_wconf 89' lang='lat' dir='ltr'><strong>rore</strong></span> <span class='ocrx_word' id='word_1_128' title='bbox 470 1279 689 1336; x_wconf 87' lang='lat' dir='ltr'><strong>afficere</strong></span> <span class='ocrx_word' id='word_1_129' title='bbox 714 1322 729 1346; x_wconf 90' lang='lat'><strong>,</strong></span> <span class='ocrx_word' id='word_1_130' title='bbox 751 1281 1006 1350; x_wconf 87' lang='lat' dir='ltr'><strong>Spiritum</strong></span> <span class='ocrx_word' id='word_1_131' title='bbox 1032 1289 1276 1335; x_wconf 74' lang='lat' dir='ltr'><strong>Sanctum</strong></span> <span class='ocrx_word' id='word_1_132' title='bbox 1305 1279 1399 1335; x_wconf 91' lang='lat' dir='ltr'><strong>Dei</strong></span> <span class='ocrx_word' id='word_1_133' title='bbox 1422 1280 1767 1335; x_wconf 90' lang='lat' dir='ltr'><strong>contristetis.</strong></span> <span class='ocrx_word' id='word_1_134' title='bbox 1790 1279 1915 1335; x_wconf 90' lang='lat' dir='ltr'><strong>Scio</strong></span> 
     </span>
    </p>
   </div>
   <div class='ocr_carea' id='block_1_18' title="bbox 316 1369 1915 1440">
    <p class='ocr_par' dir='ltr' id='par_1_18' title="bbox 316 1369 1915 1440">
     <span class='ocr_line' id='line_1_18' title="bbox 316 1369 1915 1440; baseline -0.001 -14"><span class='ocrx_word' id='word_1_135' title='bbox 316 1371 466 1426; x_wconf 85' lang='lat' dir='ltr'><strong>enim</strong></span> <span class='ocrx_word' id='word_1_136' title='bbox 513 1386 578 1426; x_wconf 88' lang='lat' dir='ltr'><strong>ac</strong></span> <span class='ocrx_word' id='word_1_137' title='bbox 626 1386 938 1440; x_wconf 87' lang='lat' dir='ltr'><strong>persuasum</strong></span> <span class='ocrx_word' id='word_1_138' title='bbox 992 1371 1199 1436; x_wconf 89' lang='lat' dir='ltr'><strong>habeo,</strong></span> <span class='ocrx_word' id='word_1_139' title='bbox 1257 1386 1353 1425; x_wconf 89' lang='lat' dir='ltr'><strong>vos</strong></span> <span class='ocrx_word' id='word_1_140' title='bbox 1404 1370 1724 1427; x_wconf 89' lang='lat' dir='ltr'><strong>sententiam</strong></span> <span class='ocrx_word' id='word_1_141' title='bbox 1777 1369 1915 1424; x_wconf 87' lang='lat' dir='ltr'><strong>hanc</strong></span> 
     </span>
    </p>
   </div>
   <div class='ocr_carea' id='block_1_19' title="bbox 322 1461 1915 1533">
    <p class='ocr_par' dir='ltr' id='par_1_19' title="bbox 322 1461 1915 1533">
     <span class='ocr_line' id='line_1_19' title="bbox 322 1461 1915 1533; baseline 0.001 -18"><span class='ocrx_word' id='word_1_142' title='bbox 322 1471 599 1528; x_wconf 88' lang='lat' dir='ltr'><strong>nostram,</strong></span> <span class='ocrx_word' id='word_1_143' title='bbox 632 1462 733 1516; x_wconf 89' lang='lat' dir='ltr'><strong>etsi</strong></span> <span class='ocrx_word' id='word_1_144' title='bbox 779 1474 885 1516; x_wconf 87' lang='lat' dir='ltr'><strong>non</strong></span> <span class='ocrx_word' id='word_1_145' title='bbox 930 1462 1128 1529; x_wconf 86' lang='lat' dir='ltr'><strong>modo,</strong></span> <span class='ocrx_word' id='word_1_146' title='bbox 1168 1470 1315 1517; x_wconf 84' lang='lat' dir='ltr'><strong>certe</strong></span> <span class='ocrx_word' id='word_1_147' title='bbox 1362 1473 1548 1533; x_wconf 88' lang='lat' dir='ltr'><strong>postea</strong></span> <span class='ocrx_word' id='word_1_148' title='bbox 1596 1461 1915 1532; x_wconf 86' lang='lat' dir='ltr'><strong>probaturos</strong></span> 
     </span>
    </p>
   </div>
   <div class='ocr_carea' id='block_1_20' title="bbox 318 1551 1911 1624">
    <p class='ocr_par' dir='ltr' id='par_1_20' title="bbox 318 1551 1911 1624">
     <span class='ocr_line' id='line_1_20' title="bbox 318 1551 1911 1624; baseline 0.001 -17"><span class='ocrx_word' id='word_1_149' title='bbox 318 1566 461 1607; x_wconf 90' lang='lat' dir='ltr'><strong>esse.</strong></span> <span class='ocrx_word' id='word_1_150' title='bbox 508 1551 621 1607; x_wconf 81' lang='lat' dir='ltr'><strong>Hoc</strong></span> <span class='ocrx_word' id='word_1_151' title='bbox 665 1560 840 1607; x_wconf 91' lang='lat' dir='ltr'><strong>autem</strong></span> <span class='ocrx_word' id='word_1_152' title='bbox 870 1553 993 1608; x_wconf 83' lang='lat' dir='ltr'><strong>volo</strong></span> <span class='ocrx_word' id='word_1_153' title='bbox 1022 1567 1119 1608; x_wconf 81' lang='lat' dir='ltr'><strong>vos</strong></span> <span class='ocrx_word' id='word_1_154' title='bbox 1155 1568 1297 1608; x_wconf 88' lang='lat' dir='ltr'><strong>nunc</strong></span> <span class='ocrx_word' id='word_1_155' title='bbox 1328 1562 1624 1624; x_wconf 74' lang='lat' dir='ltr'><strong>‘przestare,</strong></span> <span class='ocrx_word' id='word_1_156' title='bbox 1657 1568 1725 1608; x_wconf 90' lang='lat' dir='ltr'><strong>ne</strong></span> <span class='ocrx_word' id='word_1_157' title='bbox 1764 1563 1911 1623; x_wconf 82' lang='lat' dir='ltr'><strong>post-</strong></span> 
     </span>
    </p>
   </div>
   <div class='ocr_carea' id='block_1_21' title="bbox 323 1643 1911 1714">
    <p class='ocr_par' dir='ltr' id='par_1_21' title="bbox 323 1643 1911 1714">
     <span class='ocr_line' id='line_1_21' title="bbox 323 1643 1911 1714; baseline -0.001 -14"><span class='ocrx_word' id='word_1_158' title='bbox 323 1644 541 1700; x_wconf 87' lang='lat' dir='ltr'><strong>modum</strong></span> <span class='ocrx_word' id='word_1_159' title='bbox 570 1644 767 1700; x_wconf 80' lang='lat' dir='ltr'><strong>frustra</strong></span> <span class='ocrx_word' id='word_1_160' title='bbox 811 1643 1037 1699; x_wconf 85' lang='lat' dir='ltr'><strong>faciatis.</strong></span> <span class='ocrx_word' id='word_1_161' title='bbox 1065 1644 1338 1714; x_wconf 83' lang='lat' dir='ltr'><strong>Siquidem</strong></span> <span class='ocrx_word' id='word_1_162' title='bbox 1369 1644 1520 1700; x_wconf 83' lang='lat' dir='ltr'><strong>dives</strong></span> <span class='ocrx_word' id='word_1_163' title='bbox 1566 1644 1656 1699; x_wconf 87' lang='lat' dir='ltr'><strong>ille</strong></span> <span class='ocrx_word' id='word_1_164' title='bbox 1694 1660 1815 1699; x_wconf 91' lang='lat' dir='ltr'><strong>cum</strong></span> <span class='ocrx_word' id='word_1_165' title='bbox 1858 1644 1911 1699; x_wconf 88' lang='lat' dir='ltr'><strong>in</strong></span> 
     </span>
    </p>
   </div>
   <div class='ocr_carea' id='block_1_22' title="bbox 280 1736 1908 1807">
    <p class='ocr_par' dir='ltr' id='par_1_22' title="bbox 280 1736 1908 1807">
     <span class='ocr_line' id='line_1_22' title="bbox 280 1736 1908 1807; baseline -0.002 -14"><span class='ocrx_word' id='word_1_166' title='bbox 280 1788 285 1793; x_wconf 27' lang='grc' dir='ltr'><em>Α</em></span> <span class='ocrx_word' id='word_1_167' title='bbox 325 1737 423 1792; x_wconf 89' lang='lat' dir='ltr'><strong>hac</strong></span> <span class='ocrx_word' id='word_1_168' title='bbox 448 1737 558 1791; x_wconf 87' lang='lat' dir='ltr'><strong>vita</strong></span> <span class='ocrx_word' id='word_1_169' title='bbox 584 1744 761 1803; x_wconf 88' lang='lat' dir='ltr'><strong>esset,</strong></span> <span class='ocrx_word' id='word_1_170' title='bbox 790 1736 1118 1807; x_wconf 85' lang='lat' dir='ltr'><strong>prophetas;</strong></span> <span class='ocrx_word' id='word_1_171' title='bbox 1145 1737 1346 1807; x_wconf 90' lang='lat' dir='ltr'><strong>legem,</strong></span> <span class='ocrx_word' id='word_1_172' title='bbox 1369 1751 1663 1806; x_wconf 89' lang='lat' dir='ltr'><strong>eorumque</strong></span> <span class='ocrx_word' id='word_1_173' title='bbox 1688 1737 1908 1800; x_wconf 85' lang='lat' dir='ltr'><strong>monita,</strong></span> 
     </span>
    </p>
   </div>
   <div class='ocr_carea' id='block_1_23' title="bbox 322 1826 1913 1897">
    <p class='ocr_par' dir='ltr' id='par_1_23' title="bbox 322 1826 1913 1897">
     <span class='ocr_line' id='line_1_23' title="bbox 322 1826 1913 1897; baseline 0 -17"><span class='ocrx_word' id='word_1_174' title='bbox 322 1842 421 1896; x_wconf 88' lang='lat' dir='ltr'><strong>pro</strong></span> <span class='ocrx_word' id='word_1_175' title='bbox 443 1826 635 1881; x_wconf 89' lang='lat' dir='ltr'><strong>fabulis</strong></span> <span class='ocrx_word' id='word_1_176' title='bbox 661 1834 717 1881; x_wconf 88' lang='lat' dir='ltr'><strong>et</strong></span> <span class='ocrx_word' id='word_1_177' title='bbox 740 1827 1107 1882; x_wconf 87' lang='lat' dir='ltr'><strong>deliramentis</strong></span> <span class='ocrx_word' id='word_1_178' title='bbox 1133 1827 1449 1897; x_wconf 87' lang='lat' dir='ltr'><strong>reputabat:</strong></span> <span class='ocrx_word' id='word_1_179' title='bbox 1476 1842 1596 1880; x_wconf 91' lang='lat' dir='ltr'><strong>cum</strong></span> <span class='ocrx_word' id='word_1_180' title='bbox 1643 1836 1820 1881; x_wconf 88' lang='lat' dir='ltr'><strong>autem</strong></span> <span class='ocrx_word' id='word_1_181' title='bbox 1845 1841 1913 1881; x_wconf 88' lang='lat' dir='ltr'><strong>eo</strong></span> 
     </span>
    </p>
   </div>
   <div class='ocr_carea' id='block_1_24' title="bbox 322 1917 1911 1987">
    <p class='ocr_par' dir='ltr' id='par_1_24' title="bbox 322 1917 1911 1987">
     <span class='ocr_line' id='line_1_24' title="bbox 322 1917 1911 1987; baseline 0.001 -16"><span class='ocrx_word' id='word_1_182' title='bbox 322 1917 709 1981; x_wconf 87' lang='lat' dir='ltr'><strong>abscessisset,</strong></span> <span class='ocrx_word' id='word_1_183' title='bbox 739 1917 874 1973; x_wconf 88' lang='lat' dir='ltr'><strong>adeo</strong></span> <span class='ocrx_word' id='word_1_184' title='bbox 918 1917 971 1972; x_wconf 91' lang='lat' dir='ltr'><strong>in</strong></span> <span class='ocrx_word' id='word_1_185' title='bbox 1011 1917 1363 1972; x_wconf 89' lang='lat' dir='ltr'><strong>admiratione</strong></span> <span class='ocrx_word' id='word_1_186' title='bbox 1401 1929 1560 1987; x_wconf 87' lang='lat' dir='ltr'><strong>atque</strong></span> <span class='ocrx_word' id='word_1_187' title='bbox 1608 1917 1812 1971; x_wconf 89' lang='lat' dir='ltr'><strong>honore</strong></span> <span class='ocrx_word' id='word_1_188' title='bbox 1849 1930 1911 1972; x_wconf 86' lang='lat' dir='ltr'><strong>ea</strong></span> 
     </span>
    </p>
   </div>
   <div class='ocr_carea' id='block_1_25' title="bbox 324 2007 1914 2079">
    <p class='ocr_par' dir='ltr' id='par_1_25' title="bbox 324 2007 1914 2079">
     <span class='ocr_line' id='line_1_25' title="bbox 324 2007 1914 2079; baseline 0.001 -18"><span class='ocrx_word' id='word_1_189' title='bbox 324 2008 526 2062; x_wconf 88' lang='lat' dir='ltr'><strong>monita</strong></span> <span class='ocrx_word' id='word_1_190' title='bbox 570 2007 786 2075; x_wconf 88' lang='lat' dir='ltr'><strong>habuit,</strong></span> <span class='ocrx_word' id='word_1_191' title='bbox 835 2016 895 2062; x_wconf 92' lang='lat' dir='ltr'><strong>ut</strong></span> <span class='ocrx_word' id='word_1_192' title='bbox 934 2023 1056 2062; x_wconf 89' lang='lat' dir='ltr'><strong>eum</strong></span> <span class='ocrx_word' id='word_1_193' title='bbox 1110 2007 1266 2077; x_wconf 87' lang='lat' dir='ltr'><strong>plane</strong></span> <span class='ocrx_word' id='word_1_194' title='bbox 1310 2008 1632 2079; x_wconf 79' lang='lat' dir='ltr'><strong>intelligeret</strong></span> <span class='ocrx_word' id='word_1_195' title='bbox 1679 2008 1814 2062; x_wconf 88' lang='lat' dir='ltr'><strong>nihil</strong></span> <span class='ocrx_word' id='word_1_196' title='bbox 1854 2021 1914 2063; x_wconf 91' lang='lat' dir='ltr'><strong>se</strong></span> 
     </span>
    </p>
   </div>
   <div class='ocr_carea' id='block_1_26' title="bbox 322 2098 1916 2169">
    <p class='ocr_par' dir='ltr' id='par_1_26' title="bbox 322 2098 1916 2169">
     <span class='ocr_line' id='line_1_26' title="bbox 322 2098 1916 2169; baseline -0.001 -15"><span class='ocrx_word' id='word_1_197' title='bbox 322 2098 592 2154; x_wconf 86' lang='lat' dir='ltr'><strong>commodi</strong></span> <span class='ocrx_word' id='word_1_198' title='bbox 628 2113 695 2153; x_wconf 81' lang='lat' dir='ltr'><strong>ex</strong></span> <span class='ocrx_word' id='word_1_199' title='bbox 740 2098 856 2168; x_wconf 85' lang='lat' dir='ltr'><strong>ejus</strong></span> <span class='ocrx_word' id='word_1_200' title='bbox 900 2099 1146 2154; x_wconf 87' lang='lat' dir='ltr'><strong>laudibus</strong></span> <span class='ocrx_word' id='word_1_201' title='bbox 1182 2099 1439 2169; x_wconf 89' lang='lat' dir='ltr'><strong>consequi</strong></span> <span class='ocrx_word' id='word_1_202' title='bbox 1471 2113 1664 2169; x_wconf 87' lang='lat' dir='ltr'><strong>posse,</strong></span> <span class='ocrx_word' id='word_1_203' title='bbox 1689 2098 1916 2168; x_wconf 81' lang='lat' dir='ltr'><strong>patriar-</strong></span> 
     </span>
    </p>
   </div>
   <div class='ocr_carea' id='block_1_27' title="bbox 324 2188 1912 2261">
    <p class='ocr_par' dir='ltr' id='par_1_27' title="bbox 324 2188 1912 2261">
     <span class='ocr_line' id='line_1_27' title="bbox 324 2188 1912 2261; baseline -0.003 -14"><span class='ocrx_word' id='word_1_204' title='bbox 324 2191 482 2247; x_wconf 85' lang='lat' dir='ltr'><strong>cham</strong></span> <span class='ocrx_word' id='word_1_205' title='bbox 526 2199 767 2261; x_wconf 88' lang='lat' dir='ltr'><strong>rogaret,</strong></span> <span class='ocrx_word' id='word_1_206' title='bbox 805 2199 863 2245; x_wconf 89' lang='lat' dir='ltr'><strong>ut</strong></span> <span class='ocrx_word' id='word_1_207' title='bbox 904 2190 1141 2261; x_wconf 89' lang='lat' dir='ltr'><strong>aliquem</strong></span> <span class='ocrx_word' id='word_1_208' title='bbox 1206 2191 1443 2246; x_wconf 89' lang='lat' dir='ltr'><strong>mitteret</strong></span> <span class='ocrx_word' id='word_1_209' title='bbox 1497 2204 1565 2246; x_wconf 84' lang='lat' dir='ltr'><strong>ex</strong></span> <span class='ocrx_word' id='word_1_210' title='bbox 1627 2188 1813 2244; x_wconf 86' lang='lat' dir='ltr'><strong>inferis</strong></span> <span class='ocrx_word' id='word_1_211' title='bbox 1856 2189 1912 2243; x_wconf 91' lang='lat' dir='ltr'><strong>in</strong></span> 
     </span>
    </p>
   </div>
   <div class='ocr_carea' id='block_1_28' title="bbox 322 2281 1913 2353">
    <p class='ocr_par' dir='ltr' id='par_1_28' title="bbox 322 2281 1913 2353">
     <span class='ocr_line' id='line_1_28' title="bbox 322 2281 1913 2353; baseline 0.001 -15"><span class='ocrx_word' id='word_1_212' title='bbox 322 2293 558 2349; x_wconf 77' lang='lat' dir='ltr'><strong>terram,</strong></span> <span class='ocrx_word' id='word_1_213' title='bbox 606 2283 697 2353; x_wconf 91' lang='lat' dir='ltr'><strong>qui</strong></span> <span class='ocrx_word' id='word_1_214' title='bbox 741 2283 891 2338; x_wconf 76' lang='lat' dir='ltr'><strong>istzec</strong></span> <span class='ocrx_word' id='word_1_215' title='bbox 930 2283 1311 2349; x_wconf 85' lang='lat' dir='ltr'><strong>annuntiaret,</strong></span> <span class='ocrx_word' id='word_1_216' title='bbox 1356 2283 1558 2339; x_wconf 88' lang='lat' dir='ltr'><strong>veritus</strong></span> <span class='ocrx_word' id='word_1_217' title='bbox 1606 2281 1813 2338; x_wconf 85' lang='lat' dir='ltr'><strong>scilicet</strong></span> <span class='ocrx_word' id='word_1_218' title='bbox 1844 2298 1913 2339; x_wconf 90' lang='lat' dir='ltr'><strong>ne</strong></span> 
     </span>
    </p>
   </div>
   <div class='ocr_carea' id='block_1_29' title="bbox 326 2375 1915 2448">
    <p class='ocr_par' dir='ltr' id='par_1_29' title="bbox 326 2375 1915 2448">
     <span class='ocr_line' id='line_1_29' title="bbox 326 2375 1915 2448; baseline -0.001 -17"><span class='ocrx_word' id='word_1_219' title='bbox 326 2377 553 2448; x_wconf 88' lang='lat' dir='ltr'><strong>idipsum</strong></span> <span class='ocrx_word' id='word_1_220' title='bbox 583 2377 654 2431; x_wconf 90' lang='lat' dir='ltr'><strong>illi</strong></span> <span class='ocrx_word' id='word_1_221' title='bbox 686 2386 1016 2446; x_wconf 90' lang='lat' dir='ltr'><strong>paterentur,</strong></span> <span class='ocrx_word' id='word_1_222' title='bbox 1047 2386 1206 2447; x_wconf 90' lang='lat' dir='ltr'><strong>atque</strong></span> <span class='ocrx_word' id='word_1_223' title='bbox 1234 2376 1535 2447; x_wconf 87' lang='lat' dir='ltr'><strong>Scripturas</strong></span> <span class='ocrx_word' id='word_1_224' title='bbox 1559 2375 1766 2432; x_wconf 79' lang='lat' dir='ltr'><strong>divinas</strong></span> <span class='ocrx_word' id='word_1_225' title='bbox 1793 2377 1915 2431; x_wconf 88' lang='lat' dir='ltr'><strong>irri-</strong></span> 
     </span>
    </p>
   </div>
   <div class='ocr_carea' id='block_1_30' title="bbox 325 2469 1911 2537">
    <p class='ocr_par' dir='ltr' id='par_1_30' title="bbox 325 2469 1911 2537">
     <span class='ocr_line' id='line_1_30' title="bbox 325 2469 1911 2537; baseline -0.001 -11"><span class='ocrx_word' id='word_1_226' title='bbox 325 2469 518 2526; x_wconf 88' lang='lat' dir='ltr'><strong>dentes</strong></span> <span class='ocrx_word' id='word_1_227' title='bbox 541 2512 556 2537; x_wconf 96' lang='lat'><strong>,</strong></span> <span class='ocrx_word' id='word_1_228' title='bbox 588 2482 715 2525; x_wconf 89' lang='lat' dir='ltr'><strong>tunc</strong></span> <span class='ocrx_word' id='word_1_229' title='bbox 740 2484 833 2525; x_wconf 89' lang='lat' dir='ltr'><strong>eas</strong></span> <span class='ocrx_word' id='word_1_230' title='bbox 859 2469 1272 2535; x_wconf 89' lang='lat' dir='ltr'><strong>admirarentur,</strong></span> <span class='ocrx_word' id='word_1_231' title='bbox 1303 2484 1424 2524; x_wconf 90' lang='lat' dir='ltr'><strong>cum</strong></span> <span class='ocrx_word' id='word_1_232' title='bbox 1467 2484 1535 2523; x_wconf 78' lang='lat' dir='ltr'><strong>ex</strong></span> <span class='ocrx_word' id='word_1_233' title='bbox 1573 2485 1635 2524; x_wconf 91' lang='lat' dir='ltr'><strong>ea</strong></span> <span class='ocrx_word' id='word_1_234' title='bbox 1675 2469 1911 2524; x_wconf 81' lang='lat' dir='ltr'><strong>admira-</strong></span> 
     </span>
    </p>
   </div>
   <div class='ocr_carea' id='block_1_31' title="bbox 329 2560 1910 2631">
    <p class='ocr_par' dir='ltr' id='par_1_31' title="bbox 329 2560 1910 2631">
     <span class='ocr_line' id='line_1_31' title="bbox 329 2560 1910 2631; baseline -0.001 -15"><span class='ocrx_word' id='word_1_235' title='bbox 329 2564 473 2617; x_wconf 88' lang='lat' dir='ltr'><strong>tione</strong></span> <span class='ocrx_word' id='word_1_236' title='bbox 502 2562 635 2616; x_wconf 91' lang='lat' dir='ltr'><strong>nihil</strong></span> <span class='ocrx_word' id='word_1_237' title='bbox 663 2562 1011 2617; x_wconf 90' lang='lat' dir='ltr'><strong>emolumenti</strong></span> <span class='ocrx_word' id='word_1_238' title='bbox 1048 2561 1307 2631; x_wconf 88' lang='lat' dir='ltr'><strong>consequi</strong></span> <span class='ocrx_word' id='word_1_239' title='bbox 1333 2561 1593 2616; x_wconf 85' lang='lat' dir='ltr'><strong>valerent.</strong></span> <span class='ocrx_word' id='word_1_240' title='bbox 1624 2560 1695 2614; x_wconf 86' lang='lat' dir='ltr'><strong>Et</strong></span> <span class='ocrx_word' id='word_1_241' title='bbox 1734 2570 1910 2615; x_wconf 89' lang='lat' dir='ltr'><strong>tamen</strong></span> 
     </span>
    </p>
   </div>
   <div class='ocr_carea' id='block_1_32' title="bbox 326 2650 1913 2722">
    <p class='ocr_par' dir='ltr' id='par_1_32' title="bbox 326 2650 1913 2722">
     <span class='ocr_line' id='line_1_32' title="bbox 326 2650 1913 2722; baseline -0.002 -14"><span class='ocrx_word' id='word_1_242' title='bbox 326 2653 416 2709; x_wconf 86' lang='lat' dir='ltr'><strong>ille</strong></span> <span class='ocrx_word' id='word_1_243' title='bbox 445 2652 576 2708; x_wconf 89' lang='lat' dir='ltr'><strong>nihil</strong></span> <span class='ocrx_word' id='word_1_244' title='bbox 604 2652 711 2707; x_wconf 84' lang='lat' dir='ltr'><strong>tale</strong></span> <span class='ocrx_word' id='word_1_245' title='bbox 737 2660 951 2722; x_wconf 85' lang='lat' dir='ltr'><strong>egerat,</strong></span> <span class='ocrx_word' id='word_1_246' title='bbox 978 2651 1138 2722; x_wconf 88' lang='lat' dir='ltr'><strong>quale</strong></span> <span class='ocrx_word' id='word_1_247' title='bbox 1162 2666 1259 2706; x_wconf 86' lang='lat' dir='ltr'><strong>vos</strong></span> <span class='ocrx_word' id='word_1_248' title='bbox 1282 2652 1437 2722; x_wconf 86' lang='lat' dir='ltr'><strong>agitis</strong></span> <span class='ocrx_word' id='word_1_249' title='bbox 1478 2666 1494 2707; x_wconf 89' lang='lat'><strong>:</strong></span> <span class='ocrx_word' id='word_1_250' title='bbox 1526 2652 1627 2706; x_wconf 79' lang='lat' dir='ltr'><strong>etsi</strong></span> <span class='ocrx_word' id='word_1_251' title='bbox 1655 2650 1796 2706; x_wconf 90' lang='lat' dir='ltr'><strong>enim</strong></span> <span class='ocrx_word' id='word_1_252' title='bbox 1825 2651 1913 2705; x_wconf 90' lang='lat' dir='ltr'><strong>illc</strong></span> 
     </span>
    </p>
   </div>
   <div class='ocr_carea' id='block_1_33' title="bbox 329 2743 1913 2813">
    <p class='ocr_par' dir='ltr' id='par_1_33' title="bbox 329 2743 1913 2813">
     <span class='ocr_line' id='line_1_33' title="bbox 329 2743 1913 2813; baseline -0.003 -13"><span class='ocrx_word' id='word_1_253' title='bbox 329 2745 462 2801; x_wconf 87' lang='lat' dir='ltr'><strong>nihil</strong></span> <span class='ocrx_word' id='word_1_254' title='bbox 488 2761 553 2800; x_wconf 79' lang='lat' dir='ltr'><strong>ex</strong></span> <span class='ocrx_word' id='word_1_255' title='bbox 582 2745 695 2800; x_wconf 90' lang='lat' dir='ltr'><strong>suis</strong></span> <span class='ocrx_word' id='word_1_256' title='bbox 715 2744 918 2799; x_wconf 85' lang='lat' dir='ltr'><strong>Lazaro</strong></span> <span class='ocrx_word' id='word_1_257' title='bbox 948 2744 1275 2813; x_wconf 88' lang='lat' dir='ltr'><strong>impertivit,</strong></span> <span class='ocrx_word' id='word_1_258' title='bbox 1307 2758 1414 2799; x_wconf 89' lang='lat' dir='ltr'><strong>non</strong></span> <span class='ocrx_word' id='word_1_259' title='bbox 1443 2752 1622 2798; x_wconf 87' lang='lat' dir='ltr'><strong>tamen</strong></span> <span class='ocrx_word' id='word_1_260' title='bbox 1659 2758 1753 2798; x_wconf 91' lang='lat' dir='ltr'><strong>eos</strong></span> <span class='ocrx_word' id='word_1_261' title='bbox 1778 2782 1792 2808; x_wconf 92' lang='lat'><strong>,</strong></span> <span class='ocrx_word' id='word_1_262' title='bbox 1822 2743 1913 2811; x_wconf 89' lang='lat' dir='ltr'><strong>qui</strong></span> 
     </span>
    </p>
   </div>
   <div class='ocr_carea' id='block_1_34' title="bbox 328 2832 1913 2909">
    <p class='ocr_par' dir='ltr' id='par_1_34' title="bbox 328 2832 1913 2909">
     <span class='ocr_line' id='line_1_34' title="bbox 328 2832 1913 2909; baseline -0.004 -15"><span class='ocrx_word' id='word_1_263' title='bbox 328 2838 381 2894; x_wconf 93' lang='lat' dir='ltr'><strong>id</strong></span> <span class='ocrx_word' id='word_1_264' title='bbox 412 2853 571 2909; x_wconf 86' lang='lat' dir='ltr'><strong>agere</strong></span> <span class='ocrx_word' id='word_1_265' title='bbox 598 2837 829 2905; x_wconf 89' lang='lat' dir='ltr'><strong>vellent,</strong></span> <span class='ocrx_word' id='word_1_266' title='bbox 857 2836 1150 2907; x_wconf 90' lang='lat' dir='ltr'><strong>prohibuit,</strong></span> <span class='ocrx_word' id='word_1_267' title='bbox 1176 2844 1270 2890; x_wconf 88' lang='lat' dir='ltr'><strong>aut</strong></span> <span class='ocrx_word' id='word_1_268' title='bbox 1297 2835 1516 2905; x_wconf 86' lang='lat' dir='ltr'><strong>repulit,</strong></span> <span class='ocrx_word' id='word_1_269' title='bbox 1539 2843 1600 2890; x_wconf 90' lang='lat' dir='ltr'><strong>ut</strong></span> <span class='ocrx_word' id='word_1_270' title='bbox 1628 2832 1789 2890; x_wconf 86' lang='lat' dir='ltr'><strong>modo</strong></span> <span class='ocrx_word' id='word_1_271' title='bbox 1817 2848 1913 2888; x_wconf 90' lang='lat' dir='ltr'><strong>vos</strong></span> 
     </span>
    </p>
   </div>
   <div class='ocr_carea' id='block_1_35' title="bbox 327 2923 1911 2999">
    <p class='ocr_par' dir='ltr' id='par_1_35' title="bbox 327 2923 1911 2999">
     <span class='ocr_line' id='line_1_35' title="bbox 327 2923 1911 2999; baseline -0.005 -15"><span class='ocrx_word' id='word_1_272' title='bbox 327 2930 521 2985; x_wconf 89' lang='lat' dir='ltr'><strong>facitis.</strong></span> <span class='ocrx_word' id='word_1_273' title='bbox 552 2928 736 2999; x_wconf 86' lang='lat' dir='ltr'><strong>Neque</strong></span> <span class='ocrx_word' id='word_1_274' title='bbox 760 2927 884 2982; x_wconf 90' lang='lat' dir='ltr'><strong>hinc</strong></span> <span class='ocrx_word' id='word_1_275' title='bbox 904 2926 1065 2983; x_wconf 90' lang='lat' dir='ltr'><strong>modo</strong></span> <span class='ocrx_word' id='word_1_276' title='bbox 1088 2926 1236 2981; x_wconf 91' lang='lat' dir='ltr'><strong>illum</strong></span> <span class='ocrx_word' id='word_1_277' title='bbox 1271 2924 1586 2982; x_wconf 89' lang='lat' dir='ltr'><strong>crudelitate</strong></span> <span class='ocrx_word' id='word_1_278' title='bbox 1610 2923 1873 2995; x_wconf 88' lang='lat' dir='ltr'><strong>superatis</strong></span> <span class='ocrx_word' id='word_1_279' title='bbox 1896 2964 1911 2990; x_wconf 92' lang='lat'><strong>,</strong></span> 
     </span>
    </p>
   </div>
   <div class='ocr_carea' id='block_1_36' title="bbox 326 3016 1917 3092">
    <p class='ocr_par' dir='ltr' id='par_1_36' title="bbox 326 3016 1917 3092">
     <span class='ocr_line' id='line_1_36' title="bbox 326 3016 1917 3092; baseline -0.006 -13"><span class='ocrx_word' id='word_1_280' title='bbox 326 3022 424 3079; x_wconf 82' lang='lat' dir='ltr'><strong>sed</strong></span> <span class='ocrx_word' id='word_1_281' title='bbox 448 3022 662 3077; x_wconf 83' lang='lat' dir='ltr'><strong>aliunde</strong></span> <span class='ocrx_word' id='word_1_282' title='bbox 686 3035 918 3092; x_wconf 87' lang='lat' dir='ltr'><strong>quoque.</strong></span> <span class='ocrx_word' id='word_1_283' title='bbox 952 3019 1103 3076; x_wconf 89' lang='lat' dir='ltr'><strong>Sicut</strong></span> <span class='ocrx_word' id='word_1_284' title='bbox 1131 3019 1273 3074; x_wconf 89' lang='lat' dir='ltr'><strong>enim</strong></span> <span class='ocrx_word' id='word_1_285' title='bbox 1321 3034 1429 3073; x_wconf 87' lang='lat' dir='ltr'><strong>non</strong></span> <span class='ocrx_word' id='word_1_286' title='bbox 1464 3017 1667 3088; x_wconf 69' lang='lat' dir='ltr'><strong>mquale</strong></span> <span class='ocrx_word' id='word_1_287' title='bbox 1710 3016 1917 3071; x_wconf 90' lang='lat' dir='ltr'><strong>facinus</strong></span> 
     </span>
    </p>
   </div>
   <div class='ocr_carea' id='block_1_37' title="bbox 324 3105 1913 3183">
    <p class='ocr_par' dir='ltr' id='par_1_37' title="bbox 324 3105 1913 3183">
     <span class='ocr_line' id='line_1_37' title="bbox 324 3105 1913 3183; baseline -0.007 -12"><span class='ocrx_word' id='word_1_288' title='bbox 324 3122 415 3171; x_wconf 84' lang='lat' dir='ltr'><strong>est</strong></span> <span class='ocrx_word' id='word_1_289' title='bbox 454 3114 589 3169; x_wconf 87' lang='lat' dir='ltr'><strong>nihil</strong></span> <span class='ocrx_word' id='word_1_290' title='bbox 616 3127 777 3183; x_wconf 87' lang='lat' dir='ltr'><strong>agere</strong></span> <span class='ocrx_word' id='word_1_291' title='bbox 800 3111 949 3178; x_wconf 87' lang='lat' dir='ltr'><strong>boni,</strong></span> <span class='ocrx_word' id='word_1_292' title='bbox 976 3119 1034 3166; x_wconf 89' lang='lat' dir='ltr'><strong>et</strong></span> <span class='ocrx_word' id='word_1_293' title='bbox 1061 3109 1197 3165; x_wconf 88' lang='lat' dir='ltr'><strong>alios</strong></span> <span class='ocrx_word' id='word_1_294' title='bbox 1224 3108 1316 3179; x_wconf 90' lang='lat' dir='ltr'><strong>qui</strong></span> <span class='ocrx_word' id='word_1_295' title='bbox 1346 3108 1399 3163; x_wconf 92' lang='lat' dir='ltr'><strong>id</strong></span> <span class='ocrx_word' id='word_1_296' title='bbox 1420 3107 1590 3164; x_wconf 86' lang='lat' dir='ltr'><strong>velint</strong></span> <span class='ocrx_word' id='word_1_297' title='bbox 1613 3105 1872 3177; x_wconf 88' lang='lat' dir='ltr'><strong>impedire</strong></span> <span class='ocrx_word' id='word_1_298' title='bbox 1898 3122 1913 3160; x_wconf 92' lang='lat'><strong>:</strong></span> 
     </span>
    </p>
   </div>
   <div class='ocr_carea' id='block_1_38' title="bbox 327 3198 1915 3277">
    <p class='ocr_par' dir='ltr' id='par_1_38' title="bbox 327 3198 1915 3277">
     <span class='ocr_line' id='line_1_38' title="bbox 327 3198 1915 3277; baseline -0.006 -14"><span class='ocrx_word' id='word_1_299' title='bbox 327 3207 407 3263; x_wconf 85' lang='lat' dir='ltr'><strong>sic</strong></span> <span class='ocrx_word' id='word_1_300' title='bbox 429 3223 535 3263; x_wconf 87' lang='lat' dir='ltr'><strong>non</strong></span> <span class='ocrx_word' id='word_1_301' title='bbox 567 3205 679 3277; x_wconf 90' lang='lat' dir='ltr'><strong>pari</strong></span> <span class='ocrx_word' id='word_1_302' title='bbox 710 3206 762 3260; x_wconf 92' lang='lat' dir='ltr'><strong>in</strong></span> <span class='ocrx_word' id='word_1_303' title='bbox 783 3203 953 3276; x_wconf 84' lang='lat' dir='ltr'><strong>gradu</strong></span> <span class='ocrx_word' id='word_1_304' title='bbox 974 3203 1190 3274; x_wconf 87' lang='lat' dir='ltr'><strong>ponitur</strong></span> <span class='ocrx_word' id='word_1_305' title='bbox 1214 3201 1336 3258; x_wconf 91' lang='lat' dir='ltr'><strong>cibo</strong></span> <span class='ocrx_word' id='word_1_306' title='bbox 1365 3214 1628 3271; x_wconf 88' lang='lat' dir='ltr'><strong>corporeo</strong></span> <span class='ocrx_word' id='word_1_307' title='bbox 1649 3198 1915 3269; x_wconf 86' lang='lat' dir='ltr'><strong>indigere,</strong></span> 
     </span>
    </p>
   </div>
   <div class='ocr_carea' id='block_1_39' title="bbox 326 3289 1915 3367">
    <p class='ocr_par' dir='ltr' id='par_1_39' title="bbox 326 3289 1915 3367">
     <span class='ocr_line' id='line_1_39' title="bbox 326 3289 1915 3367; baseline -0.007 -14"><span class='ocrx_word' id='word_1_308' title='bbox 326 3309 382 3353; x_wconf 86' lang='lat' dir='ltr'><strong>et</strong></span> <span class='ocrx_word' id='word_1_309' title='bbox 417 3313 540 3353; x_wconf 90' lang='lat' dir='ltr'><strong>eum</strong></span> <span class='ocrx_word' id='word_1_310' title='bbox 577 3296 668 3367; x_wconf 91' lang='lat' dir='ltr'><strong>qui</strong></span> <span class='ocrx_word' id='word_1_311' title='bbox 717 3296 771 3351; x_wconf 91' lang='lat' dir='ltr'><strong>in</strong></span> <span class='ocrx_word' id='word_1_312' title='bbox 821 3293 1022 3364; x_wconf 84' lang='lat' dir='ltr'><strong>ingenti</strong></span> <span class='ocrx_word' id='word_1_313' title='bbox 1078 3290 1433 3364; x_wconf 68' lang='lat' dir='ltr'><strong>philosophiae</strong></span> <span class='ocrx_word' id='word_1_314' title='bbox 1483 3290 1708 3361; x_wconf 89' lang='lat' dir='ltr'><strong>penuria</strong></span> <span class='ocrx_word' id='word_1_315' title='bbox 1738 3289 1915 3359; x_wconf 83' lang='lat' dir='ltr'><strong>jacet,</strong></span> 
     </span>
    </p>
   </div>
   <div class='ocr_carea' id='block_1_40' title="bbox 329 3377 1918 3458">
    <p class='ocr_par' dir='ltr' id='par_1_40' title="bbox 329 3377 1918 3458">
     <span class='ocr_line' id='line_1_40' title="bbox 329 3377 1918 3458; baseline -0.008 -14"><span class='ocrx_word' id='word_1_316' title='bbox 329 3387 616 3458; x_wconf 84' lang='lat' dir='ltr'><strong>prohibere</strong></span> <span class='ocrx_word' id='word_1_317' title='bbox 641 3401 708 3442; x_wconf 92' lang='lat' dir='ltr'><strong>ne</strong></span> <span class='ocrx_word' id='word_1_318' title='bbox 735 3386 804 3441; x_wconf 89' lang='lat' dir='ltr'><strong>ab</strong></span> <span class='ocrx_word' id='word_1_319' title='bbox 829 3385 949 3440; x_wconf 89' lang='lat' dir='ltr'><strong>aliis</strong></span> <span class='ocrx_word' id='word_1_320' title='bbox 988 3392 1258 3453; x_wconf 87' lang='lat' dir='ltr'><strong>pascatur.</strong></span> <span class='ocrx_word' id='word_1_321' title='bbox 1304 3380 1662 3449; x_wconf 87' lang='lat' dir='ltr'><strong>Quamobrem</strong></span> <span class='ocrx_word' id='word_1_322' title='bbox 1711 3377 1918 3432; x_wconf 87' lang='lat' dir='ltr'><strong>duabus</strong></span> 
     </span>
    </p>
   </div>
   <div class='ocr_carea' id='block_1_41' title="bbox 330 3468 1917 3551">
    <p class='ocr_par' dir='ltr' id='par_1_41' title="bbox 330 3468 1917 3551">
     <span class='ocr_line' id='line_1_41' title="bbox 330 3468 1917 3551; baseline -0.009 -15"><span class='ocrx_word' id='word_1_323' title='bbox 330 3497 399 3536; x_wconf 82' lang='lat' dir='ltr'><strong>ex</strong></span> <span class='ocrx_word' id='word_1_324' title='bbox 428 3480 666 3551; x_wconf 87' lang='lat' dir='ltr'><strong>partibus</strong></span> <span class='ocrx_word' id='word_1_325' title='bbox 690 3479 978 3533; x_wconf 89' lang='lat' dir='ltr'><strong>immanem</strong></span> <span class='ocrx_word' id='word_1_326' title='bbox 1011 3477 1159 3532; x_wconf 91' lang='lat' dir='ltr'><strong>illum</strong></span> <span class='ocrx_word' id='word_1_327' title='bbox 1197 3474 1417 3530; x_wconf 79' lang='lat' dir='ltr'><strong>divitem</strong></span> <span class='ocrx_word' id='word_1_328' title='bbox 1449 3471 1746 3542; x_wconf 88' lang='lat' dir='ltr'><strong>superatis,</strong></span> <span class='ocrx_word' id='word_1_329' title='bbox 1775 3468 1917 3539; x_wconf 87' lang='lat' dir='ltr'><strong>quod</strong></span> 
     </span>
    </p>
   </div>
   <div class='ocr_carea' id='block_1_42' title="bbox 328 3559 1919 3643">
    <p class='ocr_par' dir='ltr' id='par_1_42' title="bbox 328 3559 1919 3643">
     <span class='ocr_line' id='line_1_42' title="bbox 328 3559 1919 3643; baseline -0.008 -17"><span class='ocrx_word' id='word_1_330' title='bbox 328 3587 525 3643; x_wconf 85' lang='lat' dir='ltr'><strong>nempe</strong></span> <span class='ocrx_word' id='word_1_331' title='bbox 548 3573 682 3625; x_wconf 86' lang='lat' dir='ltr'><strong>alios</strong></span> <span class='ocrx_word' id='word_1_332' title='bbox 704 3569 1034 3641; x_wconf 88' lang='lat' dir='ltr'><strong>prohibeatis</strong></span> <span class='ocrx_word' id='word_1_333' title='bbox 1062 3567 1254 3621; x_wconf 89' lang='lat' dir='ltr'><strong>famem</strong></span> <span class='ocrx_word' id='word_1_334' title='bbox 1287 3564 1649 3633; x_wconf 76' lang='lat' dir='ltr'><strong>exstinguere,</strong></span> <span class='ocrx_word' id='word_1_335' title='bbox 1672 3559 1919 3630; x_wconf 88' lang='lat' dir='ltr'><strong>quodque</strong></span> 
     </span>
    </p>
   </div>
   <div class='ocr_carea' id='block_1_43' title="bbox 330 3653 1919 3733">
    <p class='ocr_par' dir='ltr' id='par_1_43' title="bbox 330 3653 1919 3733">
     <span class='ocr_line' id='line_1_43' title="bbox 330 3653 1919 3733; baseline -0.007 -15"><span class='ocrx_word' id='word_1_336' title='bbox 330 3680 455 3720; x_wconf 87' lang='lat' dir='ltr'><strong>cum</strong></span> <span class='ocrx_word' id='word_1_337' title='bbox 498 3664 731 3717; x_wconf 88' lang='lat' dir='ltr'><strong>animam</strong></span> <span class='ocrx_word' id='word_1_338' title='bbox 776 3660 1051 3733; x_wconf 69' lang='lat' dir='ltr'><strong>prmfocari</strong></span> <span class='ocrx_word' id='word_1_339' title='bbox 1088 3657 1312 3713; x_wconf 86' lang='lat' dir='ltr'><strong>videatis</strong></span> <span class='ocrx_word' id='word_1_340' title='bbox 1336 3699 1352 3724; x_wconf 92' lang='lat'><strong>,</strong></span> <span class='ocrx_word' id='word_1_341' title='bbox 1385 3665 1587 3710; x_wconf 88' lang='lat' dir='ltr'><strong>tantam</strong></span> <span class='ocrx_word' id='word_1_342' title='bbox 1622 3653 1919 3709; x_wconf 77' lang='lat' dir='ltr'><strong>cxhiheatis</strong></span> 
     </span>
    </p>
   </div>
   <div class='ocr_carea' id='block_1_44' title="bbox 342 3744 1918 3810">
    <p class='ocr_par' dir='ltr' id='par_1_44' title="bbox 342 3744 1918 3810">
     <span class='ocr_line' id='line_1_44' title="bbox 342 3744 1918 3810; baseline -0.008 -1"><span class='ocrx_word' id='word_1_343' title='bbox 342 3755 811 3810; x_wconf 83' lang='lat' dir='ltr'><strong>inhumanitatem.</strong></span> <span class='ocrx_word' id='word_1_344' title='bbox 838 3751 952 3807; x_wconf 81' lang='lat' dir='ltr'><strong>Hoc</strong></span> <span class='ocrx_word' id='word_1_345' title='bbox 1002 3758 1057 3806; x_wconf 90' lang='lat' dir='ltr'><strong>et</strong></span> <span class='ocrx_word' id='word_1_346' title='bbox 1103 3749 1271 3805; x_wconf 68' lang='lat' dir='ltr'><strong>Judaei</strong></span> <span class='ocrx_word' id='word_1_347' title='bbox 1316 3747 1445 3802; x_wconf 90' lang='lat' dir='ltr'><strong>olim</strong></span> <span class='ocrx_word' id='word_1_348' title='bbox 1482 3744 1765 3803; x_wconf 88' lang='lat' dir='ltr'><strong>fecerunt:</strong></span> <span class='ocrx_word' id='word_1_349' title='bbox 1794 3759 1918 3797; x_wconf 90' lang='lat' dir='ltr'><strong>nam</strong></span> 
     </span>
    </p>
   </div>
   <div class='ocr_carea' id='block_1_45' title="bbox 333 3837 1919 3919">
    <p class='ocr_par' dir='ltr' id='par_1_45' title="bbox 333 3837 1919 3919">
     <span class='ocr_line' id='line_1_45' title="bbox 333 3837 1919 3919; baseline -0.008 -16"><span class='ocrx_word' id='word_1_350' title='bbox 333 3847 610 3919; x_wconf 84' lang='lat' dir='ltr'><strong>apostolos</strong></span> <span class='ocrx_word' id='word_1_351' title='bbox 638 3845 992 3917; x_wconf 89' lang='lat' dir='ltr'><strong>prohibebant</strong></span> <span class='ocrx_word' id='word_1_352' title='bbox 1019 3859 1088 3900; x_wconf 90' lang='lat' dir='ltr'><strong>ne</strong></span> <span class='ocrx_word' id='word_1_353' title='bbox 1119 3842 1428 3898; x_wconf 88' lang='lat' dir='ltr'><strong>hominibus</strong></span> <span class='ocrx_word' id='word_1_354' title='bbox 1453 3839 1703 3895; x_wconf 87' lang='lat' dir='ltr'><strong>salutaria</strong></span> <span class='ocrx_word' id='word_1_355' title='bbox 1732 3837 1919 3905; x_wconf 87' lang='lat' dir='ltr'><strong>loque-</strong></span> 
     </span>
    </p>
   </div>
   <div class='ocr_carea' id='block_1_46' title="bbox 334 3920 1921 3998">
    <p class='ocr_par' dir='ltr' id='par_1_46' title="bbox 334 3920 1921 3998">
     <span class='ocr_line' id='line_1_46' title="bbox 334 3920 1921 3998; baseline -0.011 0"><span class='ocrx_word' id='word_1_356' title='bbox 334 3952 540 3998; x_wconf 89' lang='lat' dir='ltr'><strong>rentur.</strong></span> <span class='ocrx_word' id='word_1_357' title='bbox 566 3941 637 3996; x_wconf 84' lang='lat' dir='ltr'><strong>At</strong></span> <span class='ocrx_word' id='word_1_358' title='bbox 663 3954 757 3995; x_wconf 86' lang='lat' dir='ltr'><strong>vos</strong></span> <span class='ocrx_word' id='word_1_359' title='bbox 797 3920 906 3994; x_wconf 82' lang='lat' dir='ltr'><strong>illis</strong></span> <span class='ocrx_word' id='word_1_360' title='bbox 930 3937 1091 3994; x_wconf 90' lang='lat' dir='ltr'><strong>etiam</strong></span> <span class='ocrx_word' id='word_1_361' title='bbox 1136 3936 1430 3992; x_wconf 84' lang='lat' dir='ltr'><strong>deteriores</strong></span> <span class='ocrx_word' id='word_1_362' title='bbox 1468 3932 1617 3988; x_wconf 90' lang='lat' dir='ltr'><strong>estis.</strong></span> <span class='ocrx_word' id='word_1_363' title='bbox 1654 3930 1731 3985; x_wconf 82' lang='lat' dir='ltr'><strong>illi</strong></span> <span class='ocrx_word' id='word_1_364' title='bbox 1780 3929 1921 3984; x_wconf 83' lang='lat' dir='ltr'><strong>enim</strong></span> 
     </span>
    </p>
   </div>
   <div class='ocr_carea' id='block_1_47' title="bbox 333 4020 1920 4101">
    <p class='ocr_par' dir='ltr' id='par_1_47' title="bbox 333 4020 1920 4101">
     <span class='ocr_line' id='line_1_47' title="bbox 333 4020 1920 4101; baseline -0.009 -13"><span class='ocrx_word' id='word_1_365' title='bbox 333 4048 456 4089; x_wconf 91' lang='lat' dir='ltr'><strong>cum</strong></span> <span class='ocrx_word' id='word_1_366' title='bbox 499 4047 560 4087; x_wconf 90' lang='lat' dir='ltr'><strong>se</strong></span> <span class='ocrx_word' id='word_1_367' title='bbox 605 4030 850 4086; x_wconf 87' lang='lat' dir='ltr'><strong>inimicos</strong></span> <span class='ocrx_word' id='word_1_368' title='bbox 873 4029 1275 4101; x_wconf 85' lang='lat' dir='ltr'><strong>profiterentur,</strong></span> <span class='ocrx_word' id='word_1_369' title='bbox 1303 4027 1383 4082; x_wconf 90' lang='lat' dir='ltr'><strong>sic</strong></span> <span class='ocrx_word' id='word_1_370' title='bbox 1408 4024 1589 4079; x_wconf 90' lang='lat' dir='ltr'><strong>omnia</strong></span> <span class='ocrx_word' id='word_1_371' title='bbox 1620 4023 1712 4077; x_wconf 89' lang='lat' dir='ltr'><strong>illa</strong></span> <span class='ocrx_word' id='word_1_372' title='bbox 1756 4020 1920 4077; x_wconf 87' lang='lat' dir='ltr'><strong>facie-</strong></span> 
     </span>
    </p>
   </div>
   <div class='ocr_carea' id='block_1_48' title="bbox 336 4113 1924 4185">
    <p class='ocr_par' dir='ltr' id='par_1_48' title="bbox 336 4113 1924 4185">
     <span class='ocr_line' id='line_1_48' title="bbox 336 4113 1924 4185; baseline -0.008 -7"><span class='ocrx_word' id='word_1_373' title='bbox 336 4124 465 4179; x_wconf 82' lang='lat' dir='ltr'><strong>bant</strong></span> <span class='ocrx_word' id='word_1_374' title='bbox 496 4141 509 4177; x_wconf 88' lang='lat'><strong>:</strong></span> <span class='ocrx_word' id='word_1_375' title='bbox 542 4137 639 4177; x_wconf 86' lang='lat' dir='ltr'><strong>vos</strong></span> <span class='ocrx_word' id='word_1_376' title='bbox 666 4130 844 4177; x_wconf 90' lang='lat' dir='ltr'><strong>autem</strong></span> <span class='ocrx_word' id='word_1_377' title='bbox 889 4119 1145 4175; x_wconf 86' lang='lat' dir='ltr'><strong>ementita</strong></span> <span class='ocrx_word' id='word_1_378' title='bbox 1192 4117 1487 4172; x_wconf 84' lang='lat' dir='ltr'><strong>amicorum</strong></span> <span class='ocrx_word' id='word_1_379' title='bbox 1534 4128 1794 4185; x_wconf 83' lang='lat' dir='ltr'><strong>persona,</strong></span> <span class='ocrx_word' id='word_1_380' title='bbox 1821 4113 1924 4166; x_wconf 83' lang='lat' dir='ltr'><strong>ini-</strong></span> 
     </span>
    </p>
   </div>
   <div class='ocr_carea' id='block_1_49' title="bbox 338 4205 1921 4280">
    <p class='ocr_par' dir='ltr' id='par_1_49' title="bbox 338 4205 1921 4280">
     <span class='ocr_line' id='line_1_49' title="bbox 338 4205 1921 4280; baseline -0.009 -7"><span class='ocrx_word' id='word_1_381' title='bbox 338 4219 506 4273; x_wconf 89' lang='lat' dir='ltr'><strong>mieos</strong></span> <span class='ocrx_word' id='word_1_382' title='bbox 538 4232 633 4272; x_wconf 91' lang='lat' dir='ltr'><strong>vos</strong></span> <span class='ocrx_word' id='word_1_383' title='bbox 653 4215 943 4271; x_wconf 81' lang='lat' dir='ltr'><strong>exhibetis.</strong></span> <span class='ocrx_word' id='word_1_384' title='bbox 960 4212 1038 4267; x_wconf 92' lang='lat' dir='ltr'><strong>Illi</strong></span> <span class='ocrx_word' id='word_1_385' title='bbox 1058 4220 1274 4267; x_wconf 86' lang='lat' dir='ltr'><strong>sanctos</strong></span> <span class='ocrx_word' id='word_1_386' title='bbox 1294 4208 1569 4280; x_wconf 90' lang='lat' dir='ltr'><strong>apostolos</strong></span> <span class='ocrx_word' id='word_1_387' title='bbox 1589 4205 1921 4272; x_wconf 86' lang='lat' dir='ltr'><strong>verberibus,</strong></span> 
     </span>
    </p>
   </div>
   <div class='ocr_carea' id='block_1_50' title="bbox 334 4298 1925 4379">
    <p class='ocr_par' dir='ltr' id='par_1_50' title="bbox 334 4298 1925 4379">
     <span class='ocr_line' id='line_1_50' title="bbox 334 4298 1925 4379; baseline -0.009 -13"><span class='ocrx_word' id='word_1_388' title='bbox 334 4309 675 4366; x_wconf 90' lang='lat' dir='ltr'><strong>contumeliis</strong></span> <span class='ocrx_word' id='word_1_389' title='bbox 702 4350 718 4375; x_wconf 92' lang='lat'><strong>,</strong></span> <span class='ocrx_word' id='word_1_390' title='bbox 765 4305 1057 4379; x_wconf 87' lang='lat' dir='ltr'><strong>ignominia</strong></span> <span class='ocrx_word' id='word_1_391' title='bbox 1130 4303 1462 4377; x_wconf 70' lang='lat' dir='ltr'><strong>affecerunt,</strong></span> <span class='ocrx_word' id='word_1_392' title='bbox 1509 4298 1925 4369; x_wconf 60' lang='lat' dir='ltr'><strong>prastigiatores</strong></span> 
     </span>
    </p>
   </div>
   <div class='ocr_carea' id='block_1_51' title="bbox 335 4392 1925 4472">
    <p class='ocr_par' dir='ltr' id='par_1_51' title="bbox 335 4392 1925 4472">
     <span class='ocr_line' id='line_1_51' title="bbox 335 4392 1925 4472; baseline -0.01 -13"><span class='ocrx_word' id='word_1_393' title='bbox 335 4418 436 4459; x_wconf 85' lang='lat' dir='ltr'><strong>eos</strong></span> <span class='ocrx_word' id='word_1_394' title='bbox 473 4413 634 4472; x_wconf 86' lang='lat' dir='ltr'><strong>atque</strong></span> <span class='ocrx_word' id='word_1_395' title='bbox 681 4400 994 4456; x_wconf 87' lang='lat' dir='ltr'><strong>seductores</strong></span> <span class='ocrx_word' id='word_1_396' title='bbox 1021 4395 1370 4468; x_wconf 84' lang='lat' dir='ltr'><strong>appellantes.</strong></span> <span class='ocrx_word' id='word_1_397' title='bbox 1400 4392 1599 4449; x_wconf 78' lang='lat' dir='ltr'><strong>Verum</strong></span> <span class='ocrx_word' id='word_1_398' title='bbox 1625 4392 1745 4446; x_wconf 89' lang='lat' dir='ltr'><strong>illos</strong></span> <span class='ocrx_word' id='word_1_399' title='bbox 1781 4397 1925 4445; x_wconf 90' lang='lat' dir='ltr'><strong>tanta</strong></span> 
     </span>
    </p>
   </div>
   <div class='ocr_carea' id='block_1_52' title="bbox 345 4482 1925 4563">
    <p class='ocr_par' dir='ltr' id='par_1_52' title="bbox 345 4482 1925 4563">
     <span class='ocr_line' id='line_1_52' title="bbox 345 4482 1925 4563; baseline -0.008 -14"><span class='ocrx_word' id='word_1_400' title='bbox 345 4494 475 4550; x_wconf 92' lang='lat' dir='ltr'><strong>ultio</strong></span> <span class='ocrx_word' id='word_1_401' title='bbox 499 4492 800 4563; x_wconf 86' lang='lat' dir='ltr'><strong>corripuit,</strong></span> <span class='ocrx_word' id='word_1_402' title='bbox 834 4498 893 4545; x_wconf 90' lang='lat' dir='ltr'><strong>ut</strong></span> <span class='ocrx_word' id='word_1_403' title='bbox 918 4489 1063 4545; x_wconf 84' lang='lat' dir='ltr'><strong>nulla</strong></span> <span class='ocrx_word' id='word_1_404' title='bbox 1087 4487 1366 4544; x_wconf 88' lang='lat' dir='ltr'><strong>calamitas</strong></span> <span class='ocrx_word' id='word_1_405' title='bbox 1401 4486 1574 4557; x_wconf 88' lang='lat' dir='ltr'><strong>possit</strong></span> <span class='ocrx_word' id='word_1_406' title='bbox 1597 4498 1785 4540; x_wconf 89' lang='lat' dir='ltr'><strong>eorum</strong></span> <span class='ocrx_word' id='word_1_407' title='bbox 1811 4482 1925 4537; x_wconf 89' lang='lat' dir='ltr'><strong>cla-</strong></span> 
     </span>
    </p>
   </div>
   <div class='ocr_carea' id='block_1_53' title="bbox 338 4577 1928 4656">
    <p class='ocr_par' dir='ltr' id='par_1_53' title="bbox 338 4577 1928 4656">
     <span class='ocr_line' id='line_1_53' title="bbox 338 4577 1928 4656; baseline -0.007 -14"><span class='ocrx_word' id='word_1_408' title='bbox 338 4586 499 4643; x_wconf 80' lang='lat' dir='ltr'><strong>dibus</strong></span> <span class='ocrx_word' id='word_1_409' title='bbox 537 4584 861 4656; x_wconf 73' lang='lat' dir='ltr'><strong>comparari.</strong></span> <span class='ocrx_word' id='word_1_410' title='bbox 882 4582 1015 4639; x_wconf 86' lang='lat' dir='ltr'><strong>Nam</strong></span> <span class='ocrx_word' id='word_1_411' title='bbox 1042 4581 1201 4653; x_wconf 89' lang='lat' dir='ltr'><strong>primi</strong></span> <span class='ocrx_word' id='word_1_412' title='bbox 1230 4589 1287 4636; x_wconf 91' lang='lat' dir='ltr'><strong>et</strong></span> <span class='ocrx_word' id='word_1_413' title='bbox 1323 4581 1426 4636; x_wconf 91' lang='lat' dir='ltr'><strong>soli</strong></span> <span class='ocrx_word' id='word_1_414' title='bbox 1464 4596 1532 4636; x_wconf 80' lang='lat' dir='ltr'><strong>ex</strong></span> <span class='ocrx_word' id='word_1_415' title='bbox 1557 4578 1705 4635; x_wconf 87' lang='lat' dir='ltr'><strong>omni</strong></span> <span class='ocrx_word' id='word_1_416' title='bbox 1748 4577 1928 4634; x_wconf 88' lang='lat' dir='ltr'><strong>homi-</strong></span> 
     </span>
    </p>
   </div>
   <div class='ocr_carea' id='block_1_54' title="bbox 342 4673 1930 4749">
    <p class='ocr_par' dir='ltr' id='par_1_54' title="bbox 342 4673 1930 4749">
     <span class='ocr_line' id='line_1_54' title="bbox 342 4673 1930 4749; baseline -0.004 -16"><span class='ocrx_word' id='word_1_417' title='bbox 342 4695 469 4734; x_wconf 91' lang='lat' dir='ltr'><strong>num</strong></span> <span class='ocrx_word' id='word_1_418' title='bbox 504 4693 701 4749; x_wconf 84' lang='lat' dir='ltr'><strong>genere</strong></span> <span class='ocrx_word' id='word_1_419' title='bbox 757 4691 819 4732; x_wconf 86' lang='lat' dir='ltr'><strong>ea</strong></span> <span class='ocrx_word' id='word_1_420' title='bbox 855 4676 998 4748; x_wconf 87' lang='lat' dir='ltr'><strong>passi</strong></span> <span class='ocrx_word' id='word_1_421' title='bbox 1025 4684 1150 4730; x_wconf 87' lang='lat' dir='ltr'><strong>sunt</strong></span> <span class='ocrx_word' id='word_1_422' title='bbox 1175 4716 1190 4742; x_wconf 96' lang='lat'><strong>,</strong></span> <span class='ocrx_word' id='word_1_423' title='bbox 1219 4688 1340 4745; x_wconf 81' lang='lat' dir='ltr'><strong>quae</strong></span> <span class='ocrx_word' id='word_1_424' title='bbox 1374 4674 1552 4728; x_wconf 89' lang='lat' dir='ltr'><strong>nullus</strong></span> <span class='ocrx_word' id='word_1_425' title='bbox 1600 4673 1737 4728; x_wconf 89' lang='lat' dir='ltr'><strong>alius</strong></span> <span class='ocrx_word' id='word_1_426' title='bbox 1766 4673 1805 4726; x_wconf 76' lang='grc'><strong>⁵.</strong></span> <span class='ocrx_word' id='word_1_427' title='bbox 1834 4673 1930 4727; x_wconf 82' lang='grc' dir='ltr'><strong>Αι-</strong></span> 
     </span>
    </p>
   </div>
   <div class='ocr_carea' id='block_1_55' title="bbox 341 4764 1927 4840">
    <p class='ocr_par' dir='ltr' id='par_1_55' title="bbox 341 4764 1927 4840">
     <span class='ocr_line' id='line_1_55' title="bbox 341 4764 1927 4840; baseline -0.003 -17"><span class='ocrx_word' id='word_1_428' title='bbox 341 4784 445 4840; x_wconf 81' lang='lat' dir='ltr'><strong>que</strong></span> <span class='ocrx_word' id='word_1_429' title='bbox 469 4770 659 4824; x_wconf 91' lang='lat' dir='ltr'><strong>horum</strong></span> <span class='ocrx_word' id='word_1_430' title='bbox 689 4768 795 4823; x_wconf 84' lang='lat' dir='ltr'><strong>fide</strong></span> <span class='ocrx_word' id='word_1_431' title='bbox 813 4767 1007 4839; x_wconf 84' lang='lat' dir='ltr'><strong>dignus</strong></span> <span class='ocrx_word' id='word_1_432' title='bbox 1027 4768 1181 4823; x_wconf 88' lang='lat' dir='ltr'><strong>testis</strong></span> <span class='ocrx_word' id='word_1_433' title='bbox 1201 4774 1281 4822; x_wconf 88' lang='lat' dir='ltr'><strong>est</strong></span> <span class='ocrx_word' id='word_1_434' title='bbox 1311 4764 1577 4829; x_wconf 88' lang='lat' dir='ltr'><strong>Christus,</strong></span> <span class='ocrx_word' id='word_1_435' title='bbox 1600 4765 1692 4835; x_wconf 92' lang='lat' dir='ltr'><strong>qui</strong></span> <span class='ocrx_word' id='word_1_436' title='bbox 1721 4764 1800 4819; x_wconf 91' lang='lat' dir='ltr'><strong>sic</strong></span> <span class='ocrx_word' id='word_1_437' title='bbox 1820 4764 1927 4819; x_wconf 88' lang='lat' dir='ltr'><strong>ait:</strong></span> 
     </span>
    </p>
   </div>
   <div class='ocr_carea' id='block_1_56' title="bbox 346 4856 1932 4933">
    <p class='ocr_par' dir='ltr' id='par_1_56' title="bbox 346 4856 1932 4933">
     <span class='ocr_line' id='line_1_56' title="bbox 346 4856 1932 4933; baseline -0.006 -15"><span class='ocrx_word' id='word_1_438' title='bbox 346 4863 459 4918; x_wconf 80' lang='lat' dir='ltr'><strong>Erit</strong></span> <span class='ocrx_word' id='word_1_439' title='bbox 487 4864 746 4917; x_wconf 84' lang='lat' dir='ltr'><strong>tribulatio</strong></span> <span class='ocrx_word' id='word_1_440' title='bbox 776 4877 964 4933; x_wconf 88' lang='lat' dir='ltr'><strong>magna</strong></span> <span class='ocrx_word' id='word_1_441' title='bbox 988 4903 1003 4928; x_wconf 92' lang='lat'><strong>,</strong></span> <span class='ocrx_word' id='word_1_442' title='bbox 1030 4861 1196 4930; x_wconf 89' lang='lat' dir='ltr'><strong>qualis</strong></span> <span class='ocrx_word' id='word_1_443' title='bbox 1217 4875 1319 4914; x_wconf 90' lang='lat' dir='ltr'><strong>non</strong></span> <span class='ocrx_word' id='word_1_444' title='bbox 1356 4859 1453 4929; x_wconf 85' lang='lat' dir='ltr'><strong>fuit</strong></span> <span class='ocrx_word' id='word_1_445' title='bbox 1490 4859 1554 4912; x_wconf 92' lang='lat' dir='ltr'><strong>ab</strong></span> <span class='ocrx_word' id='word_1_446' title='bbox 1582 4857 1728 4912; x_wconf 82' lang='lat' dir='ltr'><strong>initio</strong></span> <span class='ocrx_word' id='word_1_447' title='bbox 1752 4856 1932 4910; x_wconf 84' lang='lat' dir='ltr'><strong>mundi</strong></span> 
     </span>
    </p>
   </div>
   <div class='ocr_carea' id='block_1_57' title="bbox 344 4947 1932 5023">
    <p class='ocr_par' dir='ltr' id='par_1_57' title="bbox 344 4947 1932 5023">
     <span class='ocr_line' id='line_1_57' title="bbox 344 4947 1932 5023; baseline -0.004 -15"><span class='ocrx_word' id='word_1_448' title='bbox 344 4971 502 5021; x_wconf 88' lang='lat' dir='ltr'><strong>usque</strong></span> <span class='ocrx_word' id='word_1_449' title='bbox 523 4969 656 5009; x_wconf 74' lang='lat' dir='ltr'><strong>nunc</strong></span> <span class='ocrx_word' id='word_1_450' title='bbox 675 4996 689 5021; x_wconf 96' lang='lat'><strong>,</strong></span> <span class='ocrx_word' id='word_1_451' title='bbox 719 4968 877 5022; x_wconf 84' lang='lat' dir='ltr'><strong>neque</strong></span> <span class='ocrx_word' id='word_1_452' title='bbox 901 4961 1072 5023; x_wconf 89' lang='lat' dir='ltr'><strong>postea</strong></span> <span class='ocrx_word' id='word_1_453' title='bbox 1097 4951 1193 5006; x_wconf 90' lang='lat' dir='ltr'><strong>erit</strong></span> <span class='ocrx_word' id='word_1_454' title='bbox 1220 4949 1433 5021; x_wconf 81' lang='lat' dir='ltr'><strong>(Matth.</strong></span> <span class='ocrx_word' id='word_1_455' title='bbox 1458 4947 1549 5002; x_wconf 57' lang='grc' dir='ltr'><strong>ει.</strong></span> <span class='ocrx_word' id='word_1_456' title='bbox 1570 4948 1684 5019; x_wconf 64' lang='lat' dir='ltr'><strong>Si).</strong></span> <span class='ocrx_word' id='word_1_457' title='bbox 1706 4948 1781 5003; x_wconf 88' lang='lat' dir='ltr'><strong>Ea</strong></span> <span class='ocrx_word' id='word_1_458' title='bbox 1812 4948 1932 5017; x_wconf 89' lang='lat' dir='ltr'><strong>qui-</strong></span> 
     </span>
    </p>
   </div>
   <div class='ocr_carea' id='block_1_58' title="bbox 342 5040 1934 5116">
    <p class='ocr_par' dir='ltr' id='par_1_58' title="bbox 342 5040 1934 5116">
     <span class='ocr_line' id='line_1_58' title="bbox 342 5040 1934 5116; baseline -0.004 -13"><span class='ocrx_word' id='word_1_459' title='bbox 342 5049 468 5103; x_wconf 89' lang='lat' dir='ltr'><strong>dem</strong></span> <span class='ocrx_word' id='word_1_460' title='bbox 494 5047 671 5101; x_wconf 82' lang='lat' dir='ltr'><strong>omnia</strong></span> <span class='ocrx_word' id='word_1_461' title='bbox 695 5087 710 5112; x_wconf 96' lang='lat'><strong>,</strong></span> <span class='ocrx_word' id='word_1_462' title='bbox 744 5060 864 5116; x_wconf 66' lang='lat' dir='ltr'><strong>quae</strong></span> <span class='ocrx_word' id='word_1_463' title='bbox 890 5044 964 5099; x_wconf 90' lang='lat' dir='ltr'><strong>illi</strong></span> <span class='ocrx_word' id='word_1_464' title='bbox 992 5043 1137 5112; x_wconf 89' lang='lat' dir='ltr'><strong>passi</strong></span> <span class='ocrx_word' id='word_1_465' title='bbox 1175 5050 1338 5107; x_wconf 89' lang='lat' dir='ltr'><strong>sunt,</strong></span> <span class='ocrx_word' id='word_1_466' title='bbox 1366 5042 1616 5110; x_wconf 88' lang='lat' dir='ltr'><strong>prosequi</strong></span> <span class='ocrx_word' id='word_1_467' title='bbox 1638 5056 1746 5096; x_wconf 86' lang='lat' dir='ltr'><strong>non</strong></span> <span class='ocrx_word' id='word_1_468' title='bbox 1776 5040 1934 5110; x_wconf 88' lang='lat' dir='ltr'><strong>hujus</strong></span> 
     </span>
    </p>
   </div>
   <div class='ocr_carea' id='block_1_59' title="bbox 304 5133 1932 5208">
    <p class='ocr_par' dir='ltr' id='par_1_59' title="bbox 304 5133 1932 5208">
     <span class='ocr_line' id='line_1_59' title="bbox 304 5133 1932 5208; baseline -0.004 -13"><span class='ocrx_word' id='word_1_469' title='bbox 304 5184 309 5189; x_wconf 86' lang='lat'><strong>.</strong></span> <span class='ocrx_word' id='word_1_470' title='bbox 346 5148 429 5195; x_wconf 88' lang='lat' dir='ltr'><strong>est</strong></span> <span class='ocrx_word' id='word_1_471' title='bbox 456 5140 716 5206; x_wconf 88' lang='lat' dir='ltr'><strong>temporis</strong></span> <span class='ocrx_word' id='word_1_472' title='bbox 750 5156 763 5191; x_wconf 91' lang='lat'><strong>:</strong></span> <span class='ocrx_word' id='word_1_473' title='bbox 795 5151 961 5208; x_wconf 90' lang='lat' dir='ltr'><strong>pauca</strong></span> <span class='ocrx_word' id='word_1_474' title='bbox 993 5144 1168 5190; x_wconf 89' lang='lat' dir='ltr'><strong>tamen</strong></span> <span class='ocrx_word' id='word_1_475' title='bbox 1196 5149 1264 5189; x_wconf 78' lang='lat' dir='ltr'><strong>ex</strong></span> <span class='ocrx_word' id='word_1_476' title='bbox 1290 5134 1470 5193; x_wconf 81' lang='lat' dir='ltr'><strong>multis</strong></span> <span class='ocrx_word' id='word_1_477' title='bbox 1504 5134 1808 5188; x_wconf 84' lang='lat' dir='ltr'><strong>necessario</strong></span> <span class='ocrx_word' id='word_1_478' title='bbox 1849 5133 1932 5188; x_wconf 89' lang='lat' dir='ltr'><strong>di-</strong></span> 
     </span>
    </p>
   </div>
   <div class='ocr_carea' id='block_1_60' title="bbox 348 5224 1936 5297">
    <p class='ocr_par' dir='ltr' id='par_1_60' title="bbox 348 5224 1936 5297">
     <span class='ocr_line' id='line_1_60' title="bbox 348 5224 1936 5297; baseline -0.003 -12"><span class='ocrx_word' id='word_1_479' title='bbox 348 5230 515 5286; x_wconf 85' lang='lat' dir='ltr'><strong>cenda</strong></span> <span class='ocrx_word' id='word_1_480' title='bbox 541 5239 686 5286; x_wconf 86' lang='lat' dir='ltr'><strong>sunt.</strong></span> <span class='ocrx_word' id='word_1_481' title='bbox 710 5228 906 5285; x_wconf 75' lang='lat' dir='ltr'><strong>Verbis</strong></span> <span class='ocrx_word' id='word_1_482' title='bbox 934 5236 1112 5282; x_wconf 90' lang='lat' dir='ltr'><strong>autem</strong></span> <span class='ocrx_word' id='word_1_483' title='bbox 1134 5236 1254 5281; x_wconf 89' lang='lat' dir='ltr'><strong>utar</strong></span> <span class='ocrx_word' id='word_1_484' title='bbox 1282 5241 1390 5281; x_wconf 92' lang='lat' dir='ltr'><strong>non</strong></span> <span class='ocrx_word' id='word_1_485' title='bbox 1430 5227 1564 5281; x_wconf 90' lang='lat' dir='ltr'><strong>meis</strong></span> <span class='ocrx_word' id='word_1_486' title='bbox 1582 5266 1598 5291; x_wconf 90' lang='lat'><strong>,</strong></span> <span class='ocrx_word' id='word_1_487' title='bbox 1638 5226 1733 5282; x_wconf 87' lang='lat' dir='ltr'><strong>sed</strong></span> <span class='ocrx_word' id='word_1_488' title='bbox 1765 5224 1936 5297; x_wconf 70' lang='lat' dir='ltr'><strong>(lose-</strong></span> 
     </span>
    </p>
   </div>
   <div class='ocr_carea' id='block_1_61' title="bbox 349 5317 1934 5394">
    <p class='ocr_par' dir='ltr' id='par_1_61' title="bbox 349 5317 1934 5394">
     <span class='ocr_line' id='line_1_61' title="bbox 349 5317 1934 5394; baseline -0.004 -17"><span class='ocrx_word' id='word_1_489' title='bbox 349 5323 465 5394; x_wconf 90' lang='lat' dir='ltr'><strong>phi)</strong></span> <span class='ocrx_word' id='word_1_490' title='bbox 498 5322 669 5379; x_wconf 72' lang='lat' dir='ltr'><strong>Judzei</strong></span> <span class='ocrx_word' id='word_1_491' title='bbox 696 5363 711 5387; x_wconf 92' lang='lat'><strong>,</strong></span> <span class='ocrx_word' id='word_1_492' title='bbox 742 5322 833 5392; x_wconf 90' lang='lat' dir='ltr'><strong>qui</strong></span> <span class='ocrx_word' id='word_1_493' title='bbox 884 5336 1004 5377; x_wconf 89' lang='lat' dir='ltr'><strong>eam</strong></span> <span class='ocrx_word' id='word_1_494' title='bbox 1048 5318 1327 5375; x_wconf 88' lang='lat' dir='ltr'><strong>historiam</strong></span> <span class='ocrx_word' id='word_1_495' title='bbox 1375 5317 1588 5389; x_wconf 89' lang='lat' dir='ltr'><strong>scripsit</strong></span> <span class='ocrx_word' id='word_1_496' title='bbox 1628 5317 1934 5387; x_wconf 84' lang='lat' dir='ltr'><strong>diligenter.</strong></span> 
     </span>
    </p>
   </div>
   <div class='ocr_carea' id='block_1_62' title="bbox 351 5408 1936 5484">
    <p class='ocr_par' dir='ltr' id='par_1_62' title="bbox 351 5408 1936 5484">
     <span class='ocr_line' id='line_1_62' title="bbox 351 5408 1936 5484; baseline -0.004 -15"><span class='ocrx_word' id='word_1_497' title='bbox 351 5415 489 5484; x_wconf 77' lang='lat' dir='ltr'><strong>Quid</strong></span> <span class='ocrx_word' id='word_1_498' title='bbox 505 5429 633 5484; x_wconf 84' lang='lat' dir='ltr'><strong>ergo</strong></span> <span class='ocrx_word' id='word_1_499' title='bbox 654 5415 728 5469; x_wconf 88' lang='lat' dir='ltr'><strong>ait</strong></span> <span class='ocrx_word' id='word_1_500' title='bbox 744 5414 872 5470; x_wconf 77' lang='lat' dir='ltr'><strong>ille?</strong></span> <span class='ocrx_word' id='word_1_501' title='bbox 889 5412 1021 5467; x_wconf 91' lang='lat' dir='ltr'><strong>Cum</strong></span> <span class='ocrx_word' id='word_1_502' title='bbox 1042 5417 1347 5467; x_wconf 88' lang='lat' dir='ltr'><strong>enarrasset</strong></span> <span class='ocrx_word' id='word_1_503' title='bbox 1366 5409 1639 5465; x_wconf 87' lang='lat' dir='ltr'><strong>incensum</strong></span> <span class='ocrx_word' id='word_1_504' title='bbox 1657 5408 1936 5479; x_wconf 88' lang='lat' dir='ltr'><strong>templum,</strong></span> 
     </span>
    </p>
   </div>
   <div class='ocr_carea' id='block_1_63' title="bbox 352 5498 1936 5578">
    <p class='ocr_par' dir='ltr' id='par_1_63' title="bbox 352 5498 1936 5578">
     <span class='ocr_line' id='line_1_63' title="bbox 352 5498 1936 5578; baseline -0.006 -12"><span class='ocrx_word' id='word_1_505' title='bbox 352 5522 627 5578; x_wconf 85' lang='lat' dir='ltr'><strong>novasque</strong></span> <span class='ocrx_word' id='word_1_506' title='bbox 653 5509 674 5540; x_wconf 80' lang='grc'>³</span> <span class='ocrx_word' id='word_1_507' title='bbox 707 5507 825 5562; x_wconf 85' lang='lat' dir='ltr'><strong>illas</strong></span> <span class='ocrx_word' id='word_1_508' title='bbox 852 5505 1186 5563; x_wconf 86' lang='lat' dir='ltr'><strong>calamitates</strong></span> <span class='ocrx_word' id='word_1_509' title='bbox 1227 5502 1583 5572; x_wconf 87' lang='lat' dir='ltr'><strong>enuntiasset,</strong></span> <span class='ocrx_word' id='word_1_510' title='bbox 1612 5502 1690 5559; x_wconf 88' lang='lat' dir='ltr'><strong>sic</strong></span> <span class='ocrx_word' id='word_1_511' title='bbox 1720 5498 1893 5573; x_wconf 68' lang='lat' dir='ltr'><strong>pergit</strong></span> <span class='ocrx_word' id='word_1_512' title='bbox 1920 5517 1936 5557; x_wconf 87' lang='lat'><strong>:</strong></span> 
     </span>
    </p>
   </div>
   <div class='ocr_carea' id='block_1_64' title="bbox 418 5638 1445 5705">
    <p class='ocr_par' dir='ltr' id='par_1_64' title="bbox 418 5638 1445 5705">
     <span class='ocr_line' id='line_1_64' title="bbox 418 5638 1445 5705; baseline -0.005 -12"><span class='ocrx_word' id='word_1_513' title='bbox 418 5643 437 5678; x_wconf 78' lang='grc'><strong><em>³</em></strong></span> <span class='ocrx_word' id='word_1_514' title='bbox 470 5648 575 5705; x_wconf 79' lang='lat' dir='ltr'><strong>mo</strong></span> <span class='ocrx_word' id='word_1_515' title='bbox 597 5650 705 5692; x_wconf 73' lang='lat' dir='ltr'><strong>uss.</strong></span> <span class='ocrx_word' id='word_1_516' title='bbox 726 5642 971 5705; x_wconf 80' lang='lat' dir='ltr'><strong>omittunt,</strong></span> <span class='ocrx_word' id='word_1_517' title='bbox 991 5654 1101 5705; x_wconf 77' lang='lat' dir='ltr'><strong>quae</strong></span> <span class='ocrx_word' id='word_1_518' title='bbox 1121 5641 1281 5692; x_wconf 87' lang='lat' dir='ltr'><strong>nullus</strong></span> <span class='ocrx_word' id='word_1_519' title='bbox 1303 5638 1445 5691; x_wconf 68' lang='lat' dir='ltr'><strong>alitis.</strong></span> 
     </span>
    </p>
   </div>
   <div class='ocr_carea' id='block_1_65' title="bbox 416 5701 1649 5781">
    <p class='ocr_par' dir='ltr' id='par_1_65' title="bbox 416 5701 1649 5781">
     <span class='ocr_line' id='line_1_65' title="bbox 416 5701 1649 5781; baseline -0.002 -26"><span class='ocrx_word' id='word_1_520' title='bbox 416 5705 440 5738; x_wconf 83' lang='grc'><strong><em>²</em></strong></span> <span class='ocrx_word' id='word_1_521' title='bbox 470 5705 544 5755; x_wconf 86' lang='lat' dir='ltr'><strong>sic</strong></span> <span class='ocrx_word' id='word_1_522' title='bbox 559 5704 700 5769; x_wconf 77' lang='lat' dir='ltr'><strong>juxta</strong></span> <span class='ocrx_word' id='word_1_523' title='bbox 719 5701 859 5756; x_wconf 80' lang='lat' dir='ltr'><strong>savii.</strong></span> <span class='ocrx_word' id='word_1_524' title='bbox 882 5710 933 5757; x_wconf 88' lang='lat' dir='ltr'><strong>In</strong></span> <span class='ocrx_word' id='word_1_525' title='bbox 954 5701 1025 5768; x_wconf 65' lang='lat'><strong>3;,</strong></span> <span class='ocrx_word' id='word_1_526' title='bbox 1048 5716 1341 5781; x_wconf 80' lang='lat' dir='ltr'><strong>communes,</strong></span> <span class='ocrx_word' id='word_1_527' title='bbox 1365 5715 1468 5766; x_wconf 83' lang='lat' dir='ltr'><strong>pro,</strong></span> <span class='ocrx_word' id='word_1_528' title='bbox 1489 5714 1649 5754; x_wconf 86' lang='lat' dir='ltr'><strong>novas.</strong></span> 
     </span>
    </p>
   </div>
   <div class='ocr_carea' id='block_1_66' title="bbox 1868 5789 1930 5807">
    <p class='ocr_par' dir='ltr' id='par_1_66' title="bbox 1868 5789 1930 5807">
     <span class='ocr_line' id='line_1_66' title="bbox 1868 5789 1930 5807; baseline 0 -3"><span class='ocrx_word' id='word_1_529' title='bbox 1868 5789 1930 5807; x_wconf 58' lang='lat' dir='ltr'><strong>1-h-</strong></span> 
     </span>
    </p>
   </div>
   <div class='ocr_carea' id='block_1_67' title="bbox 2019 729 3607 797">
    <p class='ocr_par' dir='ltr' id='par_1_67' title="bbox 2019 729 3607 797">
     <span class='ocr_line' id='line_1_67' title="bbox 2019 729 3607 797; baseline 0.003 -13"><span class='ocrx_word' id='word_1_530' title='bbox 2019 737 2182 795; x_wconf 90' lang='lat' dir='ltr'><strong>esset,</strong></span> <span class='ocrx_word' id='word_1_531' title='bbox 2220 730 2405 783; x_wconf 88' lang='lat' dir='ltr'><strong>bellum</strong></span> <span class='ocrx_word' id='word_1_532' title='bbox 2435 729 2646 797; x_wconf 88' lang='lat' dir='ltr'><strong>aderat,</strong></span> <span class='ocrx_word' id='word_1_533' title='bbox 2680 746 2738 784; x_wconf 90' lang='lat' dir='ltr'><strong>ac</strong></span> <span class='ocrx_word' id='word_1_534' title='bbox 2775 732 2852 785; x_wconf 83' lang='lat' dir='ltr'><strong>vel</strong></span> <span class='ocrx_word' id='word_1_535' title='bbox 2886 732 3177 787; x_wconf 75' lang='lat' dir='ltr'><strong>amicissimi</strong></span> <span class='ocrx_word' id='word_1_536' title='bbox 3208 743 3383 787; x_wconf 88' lang='lat' dir='ltr'><strong>mutuo</strong></span> <span class='ocrx_word' id='word_1_537' title='bbox 3424 750 3607 789; x_wconf 85' lang='lat' dir='ltr'><strong>manus</strong></span> 
     </span>
    </p>
   </div>
   <div class='ocr_carea' id='block_1_68' title="bbox 2020 818 3601 894">
    <p class='ocr_par' dir='ltr' id='par_1_68' title="bbox 2020 818 3601 894">
     <span class='ocr_line' id='line_1_68' title="bbox 2020 818 3601 894; baseline 0.004 -22"><span class='ocrx_word' id='word_1_538' title='bbox 2020 818 2379 885; x_wconf 90' lang='lat' dir='ltr'><strong>conserebant,</strong></span> <span class='ocrx_word' id='word_1_539' title='bbox 2413 836 2475 873; x_wconf 91' lang='lat' dir='ltr'><strong>ac</strong></span> <span class='ocrx_word' id='word_1_540' title='bbox 2508 822 2693 875; x_wconf 88' lang='lat' dir='ltr'><strong>misera</strong></span> <span class='ocrx_word' id='word_1_541' title='bbox 2737 821 2830 876; x_wconf 86' lang='lat' dir='ltr'><strong>illa</strong></span> <span class='ocrx_word' id='word_1_542' title='bbox 2859 823 3040 877; x_wconf 78' lang='lat' dir='ltr'><strong>animae</strong></span> <span class='ocrx_word' id='word_1_543' title='bbox 3065 824 3247 877; x_wconf 85' lang='lat' dir='ltr'><strong>viatica</strong></span> <span class='ocrx_word' id='word_1_544' title='bbox 3276 823 3601 894; x_wconf 87' lang='lat' dir='ltr'><strong>diripiebant.</strong></span> 
     </span>
    </p>
   </div>
   <div class='ocr_carea' id='block_1_69' title="bbox 2023 910 3604 988">
    <p class='ocr_par' dir='ltr' id='par_1_69' title="bbox 2023 910 3604 988">
     <span class='ocr_line' id='line_1_69' title="bbox 2023 910 3604 988; baseline 0.005 -23"><span class='ocrx_word' id='word_1_545' title='bbox 2023 910 2107 965; x_wconf 87' lang='lat' dir='ltr'><strong>Ne</strong></span> <span class='ocrx_word' id='word_1_546' title='bbox 2133 912 2456 967; x_wconf 84' lang='lat' dir='ltr'><strong>morientibus</strong></span> <span class='ocrx_word' id='word_1_547' title='bbox 2485 913 2683 983; x_wconf 82' lang='lat' dir='ltr'><strong>quidem</strong></span> <span class='ocrx_word' id='word_1_548' title='bbox 2712 915 2846 984; x_wconf 89' lang='lat' dir='ltr'><strong>quod</strong></span> <span class='ocrx_word' id='word_1_549' title='bbox 2874 915 2982 969; x_wconf 91' lang='lat' dir='ltr'><strong>cibo</strong></span> <span class='ocrx_word' id='word_1_550' title='bbox 3026 917 3305 988; x_wconf 84' lang='lat' dir='ltr'><strong>indigerent</strong></span> <span class='ocrx_word' id='word_1_551' title='bbox 3351 918 3477 986; x_wconf 81' lang='lat' dir='ltr'><strong>ﬁdes</strong></span> <span class='ocrx_word' id='word_1_552' title='bbox 3507 921 3604 972; x_wconf 76' lang='lat' dir='ltr'><strong>Iza-</strong></span> 
     </span>
    </p>
   </div>
   <div class='ocr_carea' id='block_1_70' title="bbox 2020 1002 3604 1081">
    <p class='ocr_par' dir='ltr' id='par_1_70' title="bbox 2020 1002 3604 1081">
     <span class='ocr_line' id='line_1_70' title="bbox 2020 1002 3604 1081; baseline 0.004 -25"><span class='ocrx_word' id='word_1_553' title='bbox 2020 1002 2226 1057; x_wconf 87' lang='lat' dir='ltr'><strong>bebatur</strong></span> <span class='ocrx_word' id='word_1_554' title='bbox 2248 1022 2267 1061; x_wconf 90' lang='lat'><strong><em>:</em></strong></span> <span class='ocrx_word' id='word_1_555' title='bbox 2293 1004 2383 1058; x_wconf 88' lang='lat' dir='ltr'><strong>sed</strong></span> <span class='ocrx_word' id='word_1_556' title='bbox 2407 1021 2491 1058; x_wconf 90' lang='lat' dir='ltr'><strong>eos</strong></span> <span class='ocrx_word' id='word_1_557' title='bbox 2514 1022 2709 1077; x_wconf 88' lang='lat' dir='ltr'><strong>quoque</strong></span> <span class='ocrx_word' id='word_1_558' title='bbox 2728 1007 2815 1077; x_wconf 88' lang='lat' dir='ltr'><strong>qui</strong></span> <span class='ocrx_word' id='word_1_559' title='bbox 2839 1007 3162 1077; x_wconf 76' lang='lat' dir='ltr'><strong>exspirabant</strong></span> <span class='ocrx_word' id='word_1_560' title='bbox 3187 1049 3202 1072; x_wconf 96' lang='lat'><strong>,</strong></span> <span class='ocrx_word' id='word_1_561' title='bbox 3237 1009 3456 1064; x_wconf 85' lang='lat' dir='ltr'><strong>latrones</strong></span> <span class='ocrx_word' id='word_1_562' title='bbox 3486 1027 3604 1081; x_wconf 83' lang='lat' dir='ltr'><strong>pcr-</strong></span> 
     </span>
    </p>
   </div>
   <div class='ocr_carea' id='block_1_71' title="bbox 2020 1094 3606 1166">
    <p class='ocr_par' dir='ltr' id='par_1_71' title="bbox 2020 1094 3606 1166">
     <span class='ocr_line' id='line_1_71' title="bbox 2020 1094 3606 1166; baseline 0.003 -19"><span class='ocrx_word' id='word_1_563' title='bbox 2020 1094 2375 1149; x_wconf 71' lang='lat' dir='ltr'><strong>strutabautur</strong></span> <span class='ocrx_word' id='word_1_564' title='bbox 2399 1135 2414 1160; x_wconf 90' lang='lat'><strong>,</strong></span> <span class='ocrx_word' id='word_1_565' title='bbox 2445 1113 2509 1150; x_wconf 90' lang='lat' dir='ltr'><strong>ne</strong></span> <span class='ocrx_word' id='word_1_566' title='bbox 2536 1097 2648 1165; x_wconf 86' lang='lat' dir='ltr'><strong>quis</strong></span> <span class='ocrx_word' id='word_1_567' title='bbox 2687 1097 2820 1166; x_wconf 90' lang='lat' dir='ltr'><strong>forte</strong></span> <span class='ocrx_word' id='word_1_568' title='bbox 2849 1098 3086 1152; x_wconf 87' lang='lat' dir='ltr'><strong>simulata</strong></span> <span class='ocrx_word' id='word_1_569' title='bbox 3113 1108 3272 1153; x_wconf 89' lang='lat' dir='ltr'><strong>morte</strong></span> <span class='ocrx_word' id='word_1_570' title='bbox 3299 1099 3463 1152; x_wconf 83' lang='lat' dir='ltr'><strong>cibum</strong></span> <span class='ocrx_word' id='word_1_571' title='bbox 3492 1100 3606 1154; x_wconf 85' lang='lat' dir='ltr'><strong>sinu</strong></span> 
     </span>
    </p>
   </div>
   <div class='ocr_carea' id='block_1_72' title="bbox 2021 1186 3606 1259">
    <p class='ocr_par' dir='ltr' id='par_1_72' title="bbox 2021 1186 3606 1259">
     <span class='ocr_line' id='line_1_72' title="bbox 2021 1186 3606 1259; baseline 0.003 -20"><span class='ocrx_word' id='word_1_572' title='bbox 2021 1187 2311 1241; x_wconf 87' lang='lat' dir='ltr'><strong>occultaret.</strong></span> <span class='ocrx_word' id='word_1_573' title='bbox 2330 1186 2436 1241; x_wconf 82' lang='lat' dir='ltr'><strong>Alii</strong></span> <span class='ocrx_word' id='word_1_574' title='bbox 2459 1204 2575 1243; x_wconf 86' lang='lat' dir='ltr'><strong>vero</strong></span> <span class='ocrx_word' id='word_1_575' title='bbox 2606 1188 2740 1258; x_wconf 88' lang='lat' dir='ltr'><strong>fame</strong></span> <span class='ocrx_word' id='word_1_576' title='bbox 2752 1189 2968 1255; x_wconf 86' lang='lat' dir='ltr'><strong>hiantes,</strong></span> <span class='ocrx_word' id='word_1_577' title='bbox 2995 1199 3247 1259; x_wconf 87' lang='lat' dir='ltr'><strong>tamquam</strong></span> <span class='ocrx_word' id='word_1_578' title='bbox 3269 1190 3433 1243; x_wconf 83' lang='lat' dir='ltr'><strong>rabidi</strong></span> <span class='ocrx_word' id='word_1_579' title='bbox 3459 1207 3606 1244; x_wconf 86' lang='lat' dir='ltr'><strong>canes</strong></span> 
     </span>
    </p>
   </div>
   <div class='ocr_carea' id='block_1_73' title="bbox 2019 1280 3607 1352">
    <p class='ocr_par' dir='ltr' id='par_1_73' title="bbox 2019 1280 3607 1352">
     <span class='ocr_line' id='line_1_73' title="bbox 2019 1280 3607 1352; baseline 0.001 -20"><span class='ocrx_word' id='word_1_580' title='bbox 2019 1288 2183 1334; x_wconf 85' lang='lat' dir='ltr'><strong>mente</strong></span> <span class='ocrx_word' id='word_1_581' title='bbox 2229 1280 2489 1345; x_wconf 87' lang='lat' dir='ltr'><strong>destituti,</strong></span> <span class='ocrx_word' id='word_1_582' title='bbox 2535 1281 2834 1351; x_wconf 89' lang='lat' dir='ltr'><strong>insaniaque</strong></span> <span class='ocrx_word' id='word_1_583' title='bbox 2887 1282 3144 1352; x_wconf 76' lang='lat' dir='ltr'><strong>correpti,</strong></span> <span class='ocrx_word' id='word_1_584' title='bbox 3177 1281 3427 1335; x_wconf 90' lang='lat' dir='ltr'><strong>ebriorum</strong></span> <span class='ocrx_word' id='word_1_585' title='bbox 3468 1297 3607 1334; x_wconf 89' lang='lat' dir='ltr'><strong>more</strong></span> 
     </span>
    </p>
   </div>
   <div class='ocr_carea' id='block_1_74' title="bbox 2015 1363 3606 1445">
    <p class='ocr_par' dir='ltr' id='par_1_74' title="bbox 2015 1363 3606 1445">
     <span class='ocr_line' id='line_1_74' title="bbox 2015 1363 3606 1445; baseline -0.001 -19"><span class='ocrx_word' id='word_1_586' title='bbox 2015 1374 2071 1426; x_wconf 88' lang='lat' dir='ltr'><strong>in</strong></span> <span class='ocrx_word' id='word_1_587' title='bbox 2104 1375 2231 1427; x_wconf 89' lang='lat' dir='ltr'><strong>ostia</strong></span> <span class='ocrx_word' id='word_1_588' title='bbox 2255 1375 2597 1445; x_wconf 86' lang='lat' dir='ltr'><strong>impingebant</strong></span> <span class='ocrx_word' id='word_1_589' title='bbox 2628 1390 2647 1429; x_wconf 93' lang='lat'><em>:</em></span> <span class='ocrx_word' id='word_1_590' title='bbox 2676 1390 2737 1427; x_wconf 90' lang='lat' dir='ltr'><strong>ac</strong></span> <span class='ocrx_word' id='word_1_591' title='bbox 2762 1373 3110 1444; x_wconf 87' lang='lat' dir='ltr'><strong>desperatione</strong></span> <span class='ocrx_word' id='word_1_592' title='bbox 3150 1373 3320 1437; x_wconf 90' lang='lat' dir='ltr'><strong>ducti,</strong></span> <span class='ocrx_word' id='word_1_593' title='bbox 3345 1363 3470 1425; x_wconf 75' lang='lat' dir='ltr'><strong>liora</strong></span> <span class='ocrx_word' id='word_1_594' title='bbox 3503 1389 3606 1426; x_wconf 81' lang='lat' dir='ltr'><strong>una</strong></span> 
     </span>
    </p>
   </div>
   <div class='ocr_carea' id='block_1_75' title="bbox 2019 1463 3603 1537">
    <p class='ocr_par' dir='ltr' id='par_1_75' title="bbox 2019 1463 3603 1537">
     <span class='ocr_line' id='line_1_75' title="bbox 2019 1463 3603 1537; baseline -0.001 -18"><span class='ocrx_word' id='word_1_595' title='bbox 2019 1465 2094 1520; x_wconf 90' lang='lat' dir='ltr'><strong>bis</strong></span> <span class='ocrx_word' id='word_1_596' title='bbox 2121 1476 2251 1520; x_wconf 82' lang='lat' dir='ltr'><strong>terve</strong></span> <span class='ocrx_word' id='word_1_597' title='bbox 2278 1466 2331 1519; x_wconf 88' lang='lat' dir='ltr'><strong>in</strong></span> <span class='ocrx_word' id='word_1_598' title='bbox 2356 1466 2586 1521; x_wconf 88' lang='lat' dir='ltr'><strong>eamdem</strong></span> <span class='ocrx_word' id='word_1_599' title='bbox 2622 1466 2831 1520; x_wconf 86' lang='lat' dir='ltr'><strong>domum</strong></span> <span class='ocrx_word' id='word_1_600' title='bbox 2870 1466 3233 1537; x_wconf 87' lang='lat' dir='ltr'><strong>irrumpebant.</strong></span> <span class='ocrx_word' id='word_1_601' title='bbox 3275 1463 3460 1519; x_wconf 82' lang='lat' dir='ltr'><strong>Omnia</strong></span> <span class='ocrx_word' id='word_1_602' title='bbox 3487 1481 3603 1518; x_wconf 88' lang='lat' dir='ltr'><strong>vero</strong></span> 
     </span>
    </p>
   </div>
   <div class='ocr_carea' id='block_1_76' title="bbox 2018 1557 3603 1630">
    <p class='ocr_par' dir='ltr' id='par_1_76' title="bbox 2018 1557 3603 1630">
     <span class='ocr_line' id='line_1_76' title="bbox 2018 1557 3603 1630; baseline -0.001 -19"><span class='ocrx_word' id='word_1_603' title='bbox 2018 1558 2249 1612; x_wconf 86' lang='lat' dir='ltr'><strong>dentibus</strong></span> <span class='ocrx_word' id='word_1_604' title='bbox 2286 1560 2543 1630; x_wconf 84' lang='lat' dir='ltr'><strong>subigebat</strong></span> <span class='ocrx_word' id='word_1_605' title='bbox 2572 1561 2785 1630; x_wconf 88' lang='lat' dir='ltr'><strong>penuria</strong></span> <span class='ocrx_word' id='word_1_606' title='bbox 2808 1600 2824 1625; x_wconf 96' lang='lat'><strong>,</strong></span> <span class='ocrx_word' id='word_1_607' title='bbox 2854 1568 2901 1612; x_wconf 90' lang='lat' dir='ltr'><strong>et</strong></span> <span class='ocrx_word' id='word_1_608' title='bbox 2930 1575 2989 1612; x_wconf 89' lang='lat' dir='ltr'><strong>ea</strong></span> <span class='ocrx_word' id='word_1_609' title='bbox 3015 1575 3128 1629; x_wconf 73' lang='lat' dir='ltr'><strong>qua:</strong></span> <span class='ocrx_word' id='word_1_610' title='bbox 3151 1575 3214 1612; x_wconf 84' lang='lat' dir='ltr'><strong>ne</strong></span> <span class='ocrx_word' id='word_1_611' title='bbox 3240 1557 3603 1612; x_wconf 82' lang='lat' dir='ltr'><strong>sordidissimis</strong></span> 
     </span>
    </p>
   </div>
   <div class='ocr_carea' id='block_1_77' title="bbox 2016 1650 3602 1720">
    <p class='ocr_par' dir='ltr' id='par_1_77' title="bbox 2016 1650 3602 1720">
     <span class='ocr_line' id='line_1_77' title="bbox 2016 1650 3602 1720; baseline 0 -17"><span class='ocrx_word' id='word_1_612' title='bbox 2016 1652 2217 1720; x_wconf 87' lang='lat' dir='ltr'><strong>quidem</strong></span> <span class='ocrx_word' id='word_1_613' title='bbox 2255 1651 2518 1705; x_wconf 88' lang='lat' dir='ltr'><strong>brutorum</strong></span> <span class='ocrx_word' id='word_1_614' title='bbox 2560 1652 2897 1705; x_wconf 86' lang='lat' dir='ltr'><strong>animantium</strong></span> <span class='ocrx_word' id='word_1_615' title='bbox 2938 1651 3055 1703; x_wconf 88' lang='lat' dir='ltr'><strong>usui</strong></span> <span class='ocrx_word' id='word_1_616' title='bbox 3091 1660 3232 1703; x_wconf 88' lang='lat' dir='ltr'><strong>erant</strong></span> <span class='ocrx_word' id='word_1_617' title='bbox 3275 1650 3602 1720; x_wconf 82' lang='lat' dir='ltr'><strong>colligentes,</strong></span> 
     </span>
    </p>
   </div>
   <div class='ocr_carea' id='block_1_78' title="bbox 2017 1739 3608 1812">
    <p class='ocr_par' dir='ltr' id='par_1_78' title="bbox 2017 1739 3608 1812">
     <span class='ocr_line' id='line_1_78' title="bbox 2017 1739 3608 1812; baseline -0.001 -17"><span class='ocrx_word' id='word_1_618' title='bbox 2017 1742 2164 1795; x_wconf 89' lang='lat' dir='ltr'><strong>edere</strong></span> <span class='ocrx_word' id='word_1_619' title='bbox 2188 1758 2289 1796; x_wconf 90' lang='lat' dir='ltr'><strong>non</strong></span> <span class='ocrx_word' id='word_1_620' title='bbox 2312 1741 2625 1795; x_wconf 88' lang='lat' dir='ltr'><strong>dubitabant.</strong></span> <span class='ocrx_word' id='word_1_621' title='bbox 2645 1742 2691 1796; x_wconf 80' lang='grc' dir='ltr'><em>Α</em></span> <span class='ocrx_word' id='word_1_622' title='bbox 2715 1742 2930 1812; x_wconf 86' lang='lat' dir='ltr'><strong>cingulis</strong></span> <span class='ocrx_word' id='word_1_623' title='bbox 2957 1742 3113 1812; x_wconf 85' lang='lat' dir='ltr'><strong>igitur</strong></span> <span class='ocrx_word' id='word_1_624' title='bbox 3132 1748 3176 1795; x_wconf 89' lang='lat' dir='ltr'><strong>et</strong></span> <span class='ocrx_word' id='word_1_625' title='bbox 3198 1758 3230 1793; x_wconf 91' lang='lat' dir='ltr'><strong>a</strong></span> <span class='ocrx_word' id='word_1_626' title='bbox 3259 1739 3608 1794; x_wconf 78' lang='lat' dir='ltr'><strong>calceamentis</strong></span> 
     </span>
    </p>
   </div>
   <div class='ocr_carea' id='block_1_79' title="bbox 2018 1831 3602 1904">
    <p class='ocr_par' dir='ltr' id='par_1_79' title="bbox 2018 1831 3602 1904">
     <span class='ocr_line' id='line_1_79' title="bbox 2018 1831 3602 1904; baseline -0.003 -18"><span class='ocrx_word' id='word_1_627' title='bbox 2018 1842 2268 1904; x_wconf 85' lang='lat' dir='ltr'><strong>postremo</strong></span> <span class='ocrx_word' id='word_1_628' title='bbox 2294 1850 2395 1886; x_wconf 89' lang='lat' dir='ltr'><strong>non</strong></span> <span class='ocrx_word' id='word_1_629' title='bbox 2417 1831 3029 1903; x_wconf 85' lang='lat' dir='ltr'><strong>abstinebant,_scutisque</strong></span> <span class='ocrx_word' id='word_1_630' title='bbox 3052 1831 3277 1885; x_wconf 86' lang='lat' dir='ltr'><strong>detracta</strong></span> <span class='ocrx_word' id='word_1_631' title='bbox 3298 1831 3437 1883; x_wconf 79' lang='lat' dir='ltr'><strong>coria</strong></span> <span class='ocrx_word' id='word_1_632' title='bbox 3460 1846 3602 1882; x_wconf 88' lang='lat' dir='ltr'><strong>man-</strong></span> 
     </span>
    </p>
   </div>
   <div class='ocr_carea' id='block_1_80' title="bbox 2017 1921 3603 1995">
    <p class='ocr_par' dir='ltr' id='par_1_80' title="bbox 2017 1921 3603 1995">
     <span class='ocr_line' id='line_1_80' title="bbox 2017 1921 3603 1995; baseline -0.003 -17"><span class='ocrx_word' id='word_1_633' title='bbox 2017 1924 2217 1979; x_wconf 85' lang='lat' dir='ltr'><strong>debant.</strong></span> <span class='ocrx_word' id='word_1_634' title='bbox 2252 1924 2387 1978; x_wconf 87' lang='lat' dir='ltr'><strong>Esca</strong></span> <span class='ocrx_word' id='word_1_635' title='bbox 2412 1934 2579 1978; x_wconf 86' lang='lat' dir='ltr'><strong>autem</strong></span> <span class='ocrx_word' id='word_1_636' title='bbox 2625 1924 2928 1995; x_wconf 85' lang='lat' dir='ltr'><strong>quibusdam</strong></span> <span class='ocrx_word' id='word_1_637' title='bbox 2957 1934 3099 1978; x_wconf 89' lang='lat' dir='ltr'><strong>erant</strong></span> <span class='ocrx_word' id='word_1_638' title='bbox 3144 1924 3265 1993; x_wconf 69' lang='lat' dir='ltr'><strong>freni</strong></span> <span class='ocrx_word' id='word_1_639' title='bbox 3291 1922 3444 1977; x_wconf 85' lang='lat' dir='ltr'><strong>laceri</strong></span> <span class='ocrx_word' id='word_1_640' title='bbox 3481 1921 3603 1975; x_wconf 86' lang='lat' dir='ltr'><strong>reli-</strong></span> 
     </span>
    </p>
   </div>
   <div class='ocr_carea' id='block_1_81' title="bbox 2016 2014 3596 2088">
    <p class='ocr_par' dir='ltr' id='par_1_81' title="bbox 2016 2014 3596 2088">
     <span class='ocr_line' id='line_1_81' title="bbox 2016 2014 3596 2088; baseline -0.002 -18"><span class='ocrx_word' id='word_1_641' title='bbox 2016 2018 2147 2086; x_wconf 77' lang='lat' dir='ltr'><strong>quiw</strong></span> <span class='ocrx_word' id='word_1_642' title='bbox 2171 2032 2188 2070; x_wconf 94' lang='lat'><strong><em>:</em></strong></span> <span class='ocrx_word' id='word_1_643' title='bbox 2214 2026 2546 2088; x_wconf 85' lang='lat' dir='ltr'><strong>purgamenta</strong></span> <span class='ocrx_word' id='word_1_644' title='bbox 2585 2016 2703 2070; x_wconf 89' lang='lat' dir='ltr'><strong>item</strong></span> <span class='ocrx_word' id='word_1_645' title='bbox 2730 2016 2965 2070; x_wconf 85' lang='lat' dir='ltr'><strong>nonnulli</strong></span> <span class='ocrx_word' id='word_1_646' title='bbox 2991 2017 3300 2086; x_wconf 88' lang='lat' dir='ltr'><strong>colligentes,</strong></span> <span class='ocrx_word' id='word_1_647' title='bbox 3332 2014 3596 2068; x_wconf 86' lang='lat' dir='ltr'><strong>minimum</strong></span> 
     </span>
    </p>
   </div>
   <div class='ocr_carea' id='block_1_82' title="bbox 2018 2105 3606 2181">
    <p class='ocr_par' dir='ltr' id='par_1_82' title="bbox 2018 2105 3606 2181">
     <span class='ocr_line' id='line_1_82' title="bbox 2018 2105 3606 2181; baseline -0.003 -19"><span class='ocrx_word' id='word_1_648' title='bbox 2018 2124 2190 2162; x_wconf 88' lang='lat' dir='ltr'><strong>eorum</strong></span> <span class='ocrx_word' id='word_1_649' title='bbox 2210 2107 2408 2181; x_wconf 91' lang='lat' dir='ltr'><strong>pondus</strong></span> <span class='ocrx_word' id='word_1_650' title='bbox 2425 2118 2643 2177; x_wconf 90' lang='lat' dir='ltr'><strong>quatuor</strong></span> <span class='ocrx_word' id='word_1_651' title='bbox 2665 2108 2830 2161; x_wconf 90' lang='lat' dir='ltr'><strong>atticis</strong></span> <span class='ocrx_word' id='word_1_652' title='bbox 2850 2105 3222 2160; x_wconf 86' lang='lat' dir='ltr'><strong>vendebant.Et</strong></span> <span class='ocrx_word' id='word_1_653' title='bbox 3242 2106 3362 2175; x_wconf 88' lang='lat' dir='ltr'><strong>quid</strong></span> <span class='ocrx_word' id='word_1_654' title='bbox 3387 2122 3513 2173; x_wconf 86' lang='lat' dir='ltr'><strong>opus</strong></span> <span class='ocrx_word' id='word_1_655' title='bbox 3534 2114 3606 2157; x_wconf 87' lang='lat' dir='ltr'><strong>est</strong></span> 
     </span>
    </p>
   </div>
   <div class='ocr_carea' id='block_1_83' title="bbox 2017 2195 3598 2272">
    <p class='ocr_par' dir='ltr' id='par_1_83' title="bbox 2017 2195 3598 2272">
     <span class='ocr_line' id='line_1_83' title="bbox 2017 2195 3598 2272; baseline -0.004 -17"><span class='ocrx_word' id='word_1_656' title='bbox 2017 2204 2170 2272; x_wconf 87' lang='lat' dir='ltr'><strong>famis</strong></span> <span class='ocrx_word' id='word_1_657' title='bbox 2207 2202 2577 2271; x_wconf 86' lang='lat' dir='ltr'><strong>improbitatem</strong></span> <span class='ocrx_word' id='word_1_658' title='bbox 2604 2201 2658 2255; x_wconf 90' lang='lat' dir='ltr'><strong>in</strong></span> <span class='ocrx_word' id='word_1_659' title='bbox 2702 2200 2847 2255; x_wconf 86' lang='lat' dir='ltr'><strong>rebus</strong></span> <span class='ocrx_word' id='word_1_660' title='bbox 2876 2199 3113 2253; x_wconf 86' lang='lat' dir='ltr'><strong>inanimis</strong></span> <span class='ocrx_word' id='word_1_661' title='bbox 3162 2198 3425 2269; x_wconf 84' lang='lat' dir='ltr'><strong>persequi?</strong></span> <span class='ocrx_word' id='word_1_662' title='bbox 3468 2195 3598 2251; x_wconf 83' lang='lat' dir='ltr'><strong>Rem</strong></span> 
     </span>
    </p>
   </div>
   <div class='ocr_carea' id='block_1_84' title="bbox 2017 2289 3607 2369">
    <p class='ocr_par' dir='ltr' id='par_1_84' title="bbox 2017 2289 3607 2369">
     <span class='ocr_line' id='line_1_84' title="bbox 2017 2289 3607 2369; baseline -0.005 -20"><span class='ocrx_word' id='word_1_663' title='bbox 2017 2304 2320 2349; x_wconf 88' lang='lat' dir='ltr'><strong>narraturus</strong></span> <span class='ocrx_word' id='word_1_664' title='bbox 2358 2311 2510 2361; x_wconf 89' lang='lat' dir='ltr'><strong>sum,</strong></span> <span class='ocrx_word' id='word_1_665' title='bbox 2543 2295 2742 2365; x_wconf 89' lang='lat' dir='ltr'><strong>qualem</strong></span> <span class='ocrx_word' id='word_1_666' title='bbox 2768 2309 2859 2347; x_wconf 90' lang='lat' dir='ltr'><strong>nec</strong></span> <span class='ocrx_word' id='word_1_667' title='bbox 2892 2292 3032 2362; x_wconf 87' lang='lat' dir='ltr'><strong>apud</strong></span> <span class='ocrx_word' id='word_1_668' title='bbox 3075 2290 3278 2369; x_wconf 63' lang='grc' dir='ltr'><strong>(ἔνατος</strong></span> <span class='ocrx_word' id='word_1_669' title='bbox 3329 2306 3418 2344; x_wconf 84' lang='lat' dir='ltr'><strong>nec</strong></span> <span class='ocrx_word' id='word_1_670' title='bbox 3468 2289 3607 2359; x_wconf 84' lang='lat' dir='ltr'><strong>apud</strong></span> 
     </span>
    </p>
   </div>
   <div class='ocr_carea' id='block_1_85' title="bbox 2016 2381 3604 2458">
    <p class='ocr_par' dir='ltr' id='par_1_85' title="bbox 2016 2381 3604 2458">
     <span class='ocr_line' id='line_1_85' title="bbox 2016 2381 3604 2458; baseline -0.005 -17"><span class='ocrx_word' id='word_1_671' title='bbox 2016 2389 2258 2442; x_wconf 85' lang='lat' dir='ltr'><strong>barbaros</strong></span> <span class='ocrx_word' id='word_1_672' title='bbox 2286 2389 2556 2458; x_wconf 86' lang='lat' dir='ltr'><strong>contigisse</strong></span> <span class='ocrx_word' id='word_1_673' title='bbox 2604 2395 2911 2440; x_wconf 89' lang='lat' dir='ltr'><strong>memoratur</strong></span> <span class='ocrx_word' id='word_1_674' title='bbox 2945 2400 3193 2454; x_wconf 89' lang='lat' dir='ltr'><strong>usquam,</strong></span> <span class='ocrx_word' id='word_1_675' title='bbox 3224 2382 3362 2435; x_wconf 89' lang='lat' dir='ltr'><strong>dictu</strong></span> <span class='ocrx_word' id='word_1_676' title='bbox 3392 2381 3604 2435; x_wconf 83' lang='lat' dir='ltr'><strong>horren-</strong></span> 
     </span>
    </p>
   </div>
   <div class='ocr_carea' id='block_1_86' title="bbox 2008 2472 3597 2552">
    <p class='ocr_par' dir='ltr' id='par_1_86' title="bbox 2008 2472 3597 2552">
     <span class='ocr_line' id='line_1_86' title="bbox 2008 2472 3597 2552; baseline -0.008 -16"><span class='ocrx_word' id='word_1_677' title='bbox 2008 2483 2135 2536; x_wconf 82' lang='lat' dir='ltr'><strong>dam</strong></span> <span class='ocrx_word' id='word_1_678' title='bbox 2160 2524 2173 2549; x_wconf 86' lang='lat'><strong>,</strong></span> <span class='ocrx_word' id='word_1_679' title='bbox 2203 2491 2353 2552; x_wconf 87' lang='lat' dir='ltr'><strong>atque</strong></span> <span class='ocrx_word' id='word_1_680' title='bbox 2379 2479 2719 2534; x_wconf 87' lang='lat' dir='ltr'><strong>incredibilem</strong></span> <span class='ocrx_word' id='word_1_681' title='bbox 2749 2478 2946 2532; x_wconf 90' lang='lat' dir='ltr'><strong>auditu.</strong></span> <span class='ocrx_word' id='word_1_682' title='bbox 2991 2476 3130 2531; x_wconf 90' lang='lat' dir='ltr'><strong>Sane</strong></span> <span class='ocrx_word' id='word_1_683' title='bbox 3156 2491 3248 2543; x_wconf 89' lang='lat' dir='ltr'><strong>ego</strong></span> <span class='ocrx_word' id='word_1_684' title='bbox 3299 2492 3361 2527; x_wconf 91' lang='lat' dir='ltr'><strong>ne</strong></span> <span class='ocrx_word' id='word_1_685' title='bbox 3403 2472 3597 2527; x_wconf 86' lang='lat' dir='ltr'><strong>viderer</strong></span> 
     </span>
    </p>
   </div>
   <div class='ocr_carea' id='block_1_87' title="bbox 2021 2562 3607 2645">
    <p class='ocr_par' dir='ltr' id='par_1_87' title="bbox 2021 2562 3607 2645">
     <span class='ocr_line' id='line_1_87' title="bbox 2021 2562 3607 2645; baseline -0.009 -18"><span class='ocrx_word' id='word_1_686' title='bbox 2021 2582 2254 2645; x_wconf 88' lang='lat' dir='ltr'><strong>portenta</strong></span> <span class='ocrx_word' id='word_1_687' title='bbox 2274 2572 2561 2643; x_wconf 85' lang='lat' dir='ltr'><strong>con/ingere</strong></span> <span class='ocrx_word' id='word_1_688' title='bbox 2587 2570 2774 2642; x_wconf 85' lang='lat' dir='ltr'><strong>futuris</strong></span> <span class='ocrx_word' id='word_1_689' title='bbox 2804 2567 3119 2632; x_wconf 77' lang='lat' dir='ltr'><strong>hominibus,</strong></span> <span class='ocrx_word' id='word_1_690' title='bbox 3156 2564 3446 2635; x_wconf 85' lang='lat' dir='ltr'><strong>hujusmodi</strong></span> <span class='ocrx_word' id='word_1_691' title='bbox 3469 2562 3607 2615; x_wconf 78' lang='lat' dir='ltr'><strong>cala-</strong></span> 
     </span>
    </p>
   </div>
   <div class='ocr_carea' id='block_1_88' title="bbox 2016 2653 3608 2726">
    <p class='ocr_par' dir='ltr' id='par_1_88' title="bbox 2016 2653 3608 2726">
     <span class='ocr_line' id='line_1_88' title="bbox 2016 2653 3608 2726; baseline -0.01 -6"><span class='ocrx_word' id='word_1_692' title='bbox 2016 2668 2241 2720; x_wconf 87' lang='lat' dir='ltr'><strong>mitatem</strong></span> <span class='ocrx_word' id='word_1_693' title='bbox 2290 2665 2498 2719; x_wconf 87' lang='lat' dir='ltr'><strong>libenter</strong></span> <span class='ocrx_word' id='word_1_694' title='bbox 2543 2662 2841 2726; x_wconf 87' lang='lat' dir='ltr'><strong>tacuissem,</strong></span> <span class='ocrx_word' id='word_1_695' title='bbox 2891 2658 2991 2711; x_wconf 88' lang='lat' dir='ltr'><strong>nisi</strong></span> <span class='ocrx_word' id='word_1_696' title='bbox 3037 2657 3329 2709; x_wconf 84' lang='lat' dir='ltr'><strong>innumeros</strong></span> <span class='ocrx_word' id='word_1_697' title='bbox 3377 2655 3485 2725; x_wconf 84' lang='lat' dir='ltr'><strong>ejus</strong></span> <span class='ocrx_word' id='word_1_698' title='bbox 3531 2653 3608 2705; x_wconf 86' lang='lat' dir='ltr'><strong>rei</strong></span> 
     </span>
    </p>
   </div>
   <div class='ocr_carea' id='block_1_89' title="bbox 2018 2744 3606 2821">
    <p class='ocr_par' dir='ltr' id='par_1_89' title="bbox 2018 2744 3606 2821">
     <span class='ocr_line' id='line_1_89' title="bbox 2018 2744 3606 2821; baseline -0.013 -9"><span class='ocrx_word' id='word_1_699' title='bbox 2018 2768 2163 2812; x_wconf 86' lang='lat' dir='ltr'><strong>testes</strong></span> <span class='ocrx_word' id='word_1_700' title='bbox 2216 2756 2445 2809; x_wconf 84' lang='lat' dir='ltr'><strong>haberem</strong></span> <span class='ocrx_word' id='word_1_701' title='bbox 2481 2769 2500 2807; x_wconf 92' lang='lat'><strong><em>:</em></strong></span> <span class='ocrx_word' id='word_1_702' title='bbox 2544 2761 2882 2821; x_wconf 63' lang='lat' dir='ltr'><strong>pra’tereaque</strong></span> <span class='ocrx_word' id='word_1_703' title='bbox 2931 2747 3110 2817; x_wconf 75' lang='lat' dir='ltr'><strong>patria:</strong></span> <span class='ocrx_word' id='word_1_704' title='bbox 3157 2744 3457 2799; x_wconf 78' lang='lat' dir='ltr'><strong>levissimam</strong></span> <span class='ocrx_word' id='word_1_705' title='bbox 3486 2758 3606 2812; x_wconf 85' lang='lat' dir='ltr'><strong>gru-</strong></span> 
     </span>
    </p>
   </div>
   <div class='ocr_carea' id='block_1_90' title="bbox 2020 2831 3608 2918">
    <p class='ocr_par' dir='ltr' id='par_1_90' title="bbox 2020 2831 3608 2918">
     <span class='ocr_line' id='line_1_90' title="bbox 2020 2831 3608 2918; baseline -0.012 -15"><span class='ocrx_word' id='word_1_706' title='bbox 2020 2849 2141 2903; x_wconf 86' lang='lat' dir='ltr'><strong>tia-m</strong></span> <span class='ocrx_word' id='word_1_707' title='bbox 2185 2848 2462 2918; x_wconf 71' lang='lat' dir='ltr'><strong>referrem,</strong></span> <span class='ocrx_word' id='word_1_708' title='bbox 2495 2845 2539 2899; x_wconf 89' lang='lat' dir='ltr'><strong>si</strong></span> <span class='ocrx_word' id='word_1_709' title='bbox 2581 2858 2693 2911; x_wconf 73' lang='lat' dir='ltr'><strong>qua:</strong></span> <span class='ocrx_word' id='word_1_710' title='bbox 2733 2840 2903 2911; x_wconf 88' lang='lat' dir='ltr'><strong>reipsa</strong></span> <span class='ocrx_word' id='word_1_711' title='bbox 2933 2852 3083 2908; x_wconf 85' lang='lat' dir='ltr'><strong>passa</strong></span> <span class='ocrx_word' id='word_1_712' title='bbox 3110 2844 3217 2902; x_wconf 88' lang='lat' dir='ltr'><strong>est,</strong></span> <span class='ocrx_word' id='word_1_713' title='bbox 3251 2851 3310 2887; x_wconf 88' lang='lat' dir='ltr'><strong>ea</strong></span> <span class='ocrx_word' id='word_1_714' title='bbox 3350 2831 3608 2887; x_wconf 80' lang='lat' dir='ltr'><strong>narrando</strong></span> 
     </span>
    </p>
   </div>
   <div class='ocr_carea' id='block_1_91' title="bbox 2018 2924 3607 3011">
    <p class='ocr_par' dir='ltr' id='par_1_91' title="bbox 2018 2924 3607 3011">
     <span class='ocr_line' id='line_1_91' title="bbox 2018 2924 3607 3011; baseline -0.011 -17"><span class='ocrx_word' id='word_1_715' title='bbox 2018 2939 2403 3011; x_wconf 75' lang='lat' dir='ltr'><strong>supprimerent.</strong></span> <span class='ocrx_word' id='word_1_716' title='bbox 2432 2936 2622 2991; x_wconf 76' lang='lat' dir='ltr'><strong>Mulier</strong></span> <span class='ocrx_word' id='word_1_717' title='bbox 2647 2933 2879 3004; x_wconf 79' lang='lat' dir='ltr'><strong>qutedam</strong></span> <span class='ocrx_word' id='word_1_718' title='bbox 2906 2947 2968 2985; x_wconf 77' lang='lat' dir='ltr'><strong>ea:</strong></span> <span class='ocrx_word' id='word_1_719' title='bbox 2988 2931 3051 2984; x_wconf 87' lang='lat' dir='ltr'><strong>iis</strong></span> <span class='ocrx_word' id='word_1_720' title='bbox 3072 2970 3084 2994; x_wconf 88' lang='lat'><strong>,</strong></span> <span class='ocrx_word' id='word_1_721' title='bbox 3108 2944 3221 3000; x_wconf 74' lang='lat' dir='ltr'><strong>qua:</strong></span> <span class='ocrx_word' id='word_1_722' title='bbox 3261 2928 3397 2980; x_wconf 89' lang='lat' dir='ltr'><strong>ultra</strong></span> <span class='ocrx_word' id='word_1_723' title='bbox 3422 2924 3607 2979; x_wconf 84' lang='lat' dir='ltr'><strong>Jorda-</strong></span> 
     </span>
    </p>
   </div>
   <div class='ocr_carea' id='block_1_92' title="bbox 2020 3017 3607 3093">
    <p class='ocr_par' dir='ltr' id='par_1_92' title="bbox 2020 3017 3607 3093">
     <span class='ocr_line' id='line_1_92' title="bbox 2020 3017 3607 3093; baseline -0.011 -7"><span class='ocrx_word' id='word_1_724' title='bbox 2020 3048 2132 3087; x_wconf 88' lang='lat' dir='ltr'><strong>nem</strong></span> <span class='ocrx_word' id='word_1_725' title='bbox 2159 3031 2480 3093; x_wconf 88' lang='lat' dir='ltr'><strong>incolebant,</strong></span> <span class='ocrx_word' id='word_1_726' title='bbox 2514 3025 2685 3081; x_wconf 75' lang='lat' dir='ltr'><strong>Maria</strong></span> <span class='ocrx_word' id='word_1_727' title='bbox 2734 3025 2971 3089; x_wconf 87' lang='lat' dir='ltr'><strong>nomine,</strong></span> <span class='ocrx_word' id='word_1_728' title='bbox 3001 3031 3145 3093; x_wconf 86' lang='lat' dir='ltr'><strong>patre</strong></span> <span class='ocrx_word' id='word_1_729' title='bbox 3188 3019 3437 3077; x_wconf 81' lang='lat' dir='ltr'><strong>Eleazaro</strong></span> <span class='ocrx_word' id='word_1_730' title='bbox 3458 3060 3473 3085; x_wconf 92' lang='lat'><strong>,</strong></span> <span class='ocrx_word' id='word_1_731' title='bbox 3500 3017 3607 3072; x_wconf 87' lang='lat' dir='ltr'><strong>vico</strong></span> 
     </span>
    </p>
   </div>
   <div class='ocr_carea' id='block_1_93' title="bbox 2018 3107 3609 3187">
    <p class='ocr_par' dir='ltr' id='par_1_93' title="bbox 2018 3107 3609 3187">
     <span class='ocr_line' id='line_1_93' title="bbox 2018 3107 3609 3187; baseline -0.011 -11"><span class='ocrx_word' id='word_1_732' title='bbox 2018 3121 2254 3186; x_wconf 79' lang='lat' dir='ltr'><strong>Bethezo,</strong></span> <span class='ocrx_word' id='word_1_733' title='bbox 2267 3114 2406 3187; x_wconf 85' lang='lat' dir='ltr'><strong>quod</strong></span> <span class='ocrx_word' id='word_1_734' title='bbox 2428 3114 2693 3187; x_wconf 78' lang='lat' dir='ltr'><strong>signiﬁcat</strong></span> <span class='ocrx_word' id='word_1_735' title='bbox 2712 3115 2934 3171; x_wconf 86' lang='lat' dir='ltr'><strong>domum</strong></span> <span class='ocrx_word' id='word_1_736' title='bbox 2953 3108 3197 3183; x_wconf 76' lang='lat' dir='ltr'><strong>hyssopi,</strong></span> <span class='ocrx_word' id='word_1_737' title='bbox 3214 3123 3398 3176; x_wconf 86' lang='lat' dir='ltr'><strong>genere</strong></span> <span class='ocrx_word' id='word_1_738' title='bbox 3416 3117 3461 3160; x_wconf 89' lang='lat' dir='ltr'><strong>et</strong></span> <span class='ocrx_word' id='word_1_739' title='bbox 3488 3107 3609 3160; x_wconf 80' lang='lat' dir='ltr'><strong>diri-</strong></span> 
     </span>
    </p>
   </div>
   <div class='ocr_carea' id='block_1_94' title="bbox 2020 3197 3611 3279">
    <p class='ocr_par' dir='ltr' id='par_1_94' title="bbox 2020 3197 3611 3279">
     <span class='ocr_line' id='line_1_94' title="bbox 2020 3197 3611 3279; baseline -0.012 -14"><span class='ocrx_word' id='word_1_740' title='bbox 2020 3211 2104 3266; x_wconf 86' lang='lat' dir='ltr'><strong>tiis</strong></span> <span class='ocrx_word' id='word_1_741' title='bbox 2146 3210 2390 3279; x_wconf 88' lang='lat' dir='ltr'><strong>insignis,</strong></span> <span class='ocrx_word' id='word_1_742' title='bbox 2440 3223 2556 3260; x_wconf 90' lang='lat' dir='ltr'><strong>cum</strong></span> <span class='ocrx_word' id='word_1_743' title='bbox 2598 3205 2793 3272; x_wconf 88' lang='lat' dir='ltr'><strong>reliqua</strong></span> <span class='ocrx_word' id='word_1_744' title='bbox 2859 3200 3185 3256; x_wconf 86' lang='lat' dir='ltr'><strong>multitudine</strong></span> <span class='ocrx_word' id='word_1_745' title='bbox 3237 3197 3611 3266; x_wconf 84' lang='lat' dir='ltr'><strong>Jerosolymam</strong></span> 
     </span>
    </p>
   </div>
   <div class='ocr_carea' id='block_1_95' title="bbox 2020 3287 3609 3372">
    <p class='ocr_par' dir='ltr' id='par_1_95' title="bbox 2020 3287 3609 3372">
     <span class='ocr_line' id='line_1_95' title="bbox 2020 3287 3609 3372; baseline -0.01 -17"><span class='ocrx_word' id='word_1_746' title='bbox 2020 3303 2316 3372; x_wconf 76' lang='lat' dir='ltr'><strong>confugerat</strong></span> <span class='ocrx_word' id='word_1_747' title='bbox 2339 3339 2354 3364; x_wconf 95' lang='lat'><strong>,</strong></span> <span class='ocrx_word' id='word_1_748' title='bbox 2382 3297 2632 3366; x_wconf 87' lang='lat' dir='ltr'><strong>simulque</strong></span> <span class='ocrx_word' id='word_1_749' title='bbox 2658 3292 2998 3349; x_wconf 87' lang='lat' dir='ltr'><strong>obsidebatur.</strong></span> <span class='ocrx_word' id='word_1_750' title='bbox 3034 3290 3205 3356; x_wconf 76' lang='lat' dir='ltr'><strong>liuius</strong></span> <span class='ocrx_word' id='word_1_751' title='bbox 3231 3304 3426 3343; x_wconf 86' lang='lat' dir='ltr'><strong>onmem</strong></span> <span class='ocrx_word' id='word_1_752' title='bbox 3451 3287 3609 3340; x_wconf 87' lang='lat' dir='ltr'><strong>aliam</strong></span> 
     </span>
    </p>
   </div>
   <div class='ocr_carea' id='block_1_96' title="bbox 2021 3377 3612 3459">
    <p class='ocr_par' dir='ltr' id='par_1_96' title="bbox 2021 3377 3612 3459">
     <span class='ocr_line' id='line_1_96' title="bbox 2021 3377 3612 3459; baseline -0.011 -13"><span class='ocrx_word' id='word_1_753' title='bbox 2021 3391 2355 3446; x_wconf 88' lang='lat' dir='ltr'><strong>substantiam</strong></span> <span class='ocrx_word' id='word_1_754' title='bbox 2381 3388 2581 3459; x_wconf 82' lang='lat' dir='ltr'><strong>tyranni</strong></span> <span class='ocrx_word' id='word_1_755' title='bbox 2613 3386 2932 3456; x_wconf 80' lang='lat' dir='ltr'><strong>diripuerant</strong></span> <span class='ocrx_word' id='word_1_756' title='bbox 2955 3424 2969 3444; x_wconf 89' lang='lat'><strong>,</strong></span> <span class='ocrx_word' id='word_1_757' title='bbox 2993 3392 3233 3453; x_wconf 89' lang='lat' dir='ltr'><strong>quautam</strong></span> <span class='ocrx_word' id='word_1_758' title='bbox 3263 3396 3327 3433; x_wconf 75' lang='lat' dir='ltr'><strong>ea;</strong></span> <span class='ocrx_word' id='word_1_759' title='bbox 3352 3377 3535 3432; x_wconf 66' lang='lat' dir='ltr'><strong>Peraea</strong></span> <span class='ocrx_word' id='word_1_760' title='bbox 3557 3379 3612 3430; x_wconf 84' lang='lat' dir='ltr'><strong>in</strong></span> 
     </span>
    </p>
   </div>
   <div class='ocr_carea' id='block_1_97' title="bbox 2026 3464 3614 3549">
    <p class='ocr_par' dir='ltr' id='par_1_97' title="bbox 2026 3464 3614 3549">
     <span class='ocr_line' id='line_1_97' title="bbox 2026 3464 3614 3549; baseline -0.009 -14"><span class='ocrx_word' id='word_1_761' title='bbox 2026 3481 2210 3536; x_wconf 90' lang='lat' dir='ltr'><strong>Urbem</strong></span> <span class='ocrx_word' id='word_1_762' title='bbox 2257 3486 2686 3549; x_wconf 86' lang='lat' dir='ltr'><strong>transportaverat</strong></span> <span class='ocrx_word' id='word_1_763' title='bbox 2712 3464 2736 3531; x_wconf 66' lang='grc' dir='ltr'><em>ἐ</em></span> <span class='ocrx_word' id='word_1_764' title='bbox 2756 3474 2997 3545; x_wconf 86' lang='lat' dir='ltr'><strong>reliquias</strong></span> <span class='ocrx_word' id='word_1_765' title='bbox 3025 3482 3191 3526; x_wconf 89' lang='lat' dir='ltr'><strong>autem</strong></span> <span class='ocrx_word' id='word_1_766' title='bbox 3238 3470 3614 3524; x_wconf 81' lang='lat' dir='ltr'><strong>reconditarum</strong></span> 
     </span>
    </p>
   </div>
   <div class='ocr_carea' id='block_1_98' title="bbox 2022 3561 3613 3640">
    <p class='ocr_par' dir='ltr' id='par_1_98' title="bbox 2022 3561 3613 3640">
     <span class='ocr_line' id='line_1_98' title="bbox 2022 3561 3613 3640; baseline -0.01 -12"><span class='ocrx_word' id='word_1_767' title='bbox 2022 3591 2222 3638; x_wconf 88' lang='lat' dir='ltr'><strong>rerum,</strong></span> <span class='ocrx_word' id='word_1_768' title='bbox 2251 3583 2299 3627; x_wconf 90' lang='lat' dir='ltr'><strong>et</strong></span> <span class='ocrx_word' id='word_1_769' title='bbox 2325 3573 2369 3627; x_wconf 88' lang='lat' dir='ltr'><strong>si</strong></span> <span class='ocrx_word' id='word_1_770' title='bbox 2399 3572 2521 3640; x_wconf 90' lang='lat' dir='ltr'><strong>quid</strong></span> <span class='ocrx_word' id='word_1_771' title='bbox 2547 3572 2601 3624; x_wconf 90' lang='lat' dir='ltr'><strong>in</strong></span> <span class='ocrx_word' id='word_1_772' title='bbox 2638 3569 2801 3623; x_wconf 88' lang='lat' dir='ltr'><strong>cibum</strong></span> <span class='ocrx_word' id='word_1_773' title='bbox 2830 3574 3203 3638; x_wconf 70' lang='lat' dir='ltr'><strong>pra’pararetur</strong></span> <span class='ocrx_word' id='word_1_774' title='bbox 3227 3605 3241 3629; x_wconf 92' lang='lat'><strong>,</strong></span> <span class='ocrx_word' id='word_1_775' title='bbox 3279 3561 3500 3633; x_wconf 85' lang='lat' dir='ltr'><strong>quotidie</strong></span> <span class='ocrx_word' id='word_1_776' title='bbox 3536 3561 3613 3613; x_wconf 84' lang='lat' dir='ltr'><strong>ir-</strong></span> 
     </span>
    </p>
   </div>
   <div class='ocr_carea' id='block_1_99' title="bbox 2021 3652 3617 3735">
    <p class='ocr_par' dir='ltr' id='par_1_99' title="bbox 2021 3652 3617 3735">
     <span class='ocr_line' id='line_1_99' title="bbox 2021 3652 3617 3735; baseline -0.008 -17"><span class='ocrx_word' id='word_1_777' title='bbox 2021 3675 2309 3735; x_wconf 84' lang='lat' dir='ltr'><strong>rumpentes</strong></span> <span class='ocrx_word' id='word_1_778' title='bbox 2350 3663 2588 3717; x_wconf 88' lang='lat' dir='ltr'><strong>satellites</strong></span> <span class='ocrx_word' id='word_1_779' title='bbox 2614 3659 2939 3727; x_wconf 89' lang='lat' dir='ltr'><strong>diripiebant.</strong></span> <span class='ocrx_word' id='word_1_780' title='bbox 2972 3654 3102 3711; x_wconf 87' lang='lat' dir='ltr'><strong>Dira</strong></span> <span class='ocrx_word' id='word_1_781' title='bbox 3136 3665 3302 3709; x_wconf 89' lang='lat' dir='ltr'><strong>autem</strong></span> <span class='ocrx_word' id='word_1_782' title='bbox 3332 3652 3617 3723; x_wconf 82' lang='lat' dir='ltr'><strong>indignatio</strong></span> 
     </span>
    </p>
   </div>
   <div class='ocr_carea' id='block_1_100' title="bbox 2023 3747 3615 3825">
    <p class='ocr_par' dir='ltr' id='par_1_100' title="bbox 2023 3747 3615 3825">
     <span class='ocr_line' id='line_1_100' title="bbox 2023 3747 3615 3825; baseline -0.011 -12"><span class='ocrx_word' id='word_1_783' title='bbox 2023 3756 2381 3813; x_wconf 88' lang='lat' dir='ltr'><strong>mulierculam</strong></span> <span class='ocrx_word' id='word_1_784' title='bbox 2409 3755 2577 3821; x_wconf 84' lang='lat' dir='ltr'><strong>subiit,</strong></span> <span class='ocrx_word' id='word_1_785' title='bbox 2608 3771 2668 3807; x_wconf 87' lang='lat' dir='ltr'><strong>ac</strong></span> <span class='ocrx_word' id='word_1_786' title='bbox 2692 3752 2953 3825; x_wconf 73' lang='lat' dir='ltr'><strong>prwdones</strong></span> <span class='ocrx_word' id='word_1_787' title='bbox 2981 3765 3116 3821; x_wconf 76' lang='lat' dir='ltr'><strong>stepe</strong></span> <span class='ocrx_word' id='word_1_788' title='bbox 3144 3747 3382 3801; x_wconf 80' lang='lat' dir='ltr'><strong>conviciis</strong></span> <span class='ocrx_word' id='word_1_789' title='bbox 3411 3756 3457 3799; x_wconf 89' lang='lat' dir='ltr'><strong>et</strong></span> <span class='ocrx_word' id='word_1_790' title='bbox 3502 3761 3615 3797; x_wconf 87' lang='lat' dir='ltr'><strong>ma-</strong></span> 
     </span>
    </p>
   </div>
   <div class='ocr_carea' id='block_1_101' title="bbox 2025 3835 3620 3915">
    <p class='ocr_par' dir='ltr' id='par_1_101' title="bbox 2025 3835 3620 3915">
     <span class='ocr_line' id='line_1_101' title="bbox 2025 3835 3620 3915; baseline -0.011 -10"><span class='ocrx_word' id='word_1_791' title='bbox 2025 3851 2221 3905; x_wconf 83' lang='lat' dir='ltr'><strong>ledictis</strong></span> <span class='ocrx_word' id='word_1_792' title='bbox 2260 3850 2552 3914; x_wconf 86' lang='lat' dir='ltr'><strong>insectans,</strong></span> <span class='ocrx_word' id='word_1_793' title='bbox 2602 3847 2655 3900; x_wconf 88' lang='lat' dir='ltr'><strong>in</strong></span> <span class='ocrx_word' id='word_1_794' title='bbox 2701 3845 2920 3915; x_wconf 86' lang='lat' dir='ltr'><strong>seipsam</strong></span> <span class='ocrx_word' id='word_1_795' title='bbox 2973 3838 3276 3896; x_wconf 81' lang='lat' dir='ltr'><strong>concitabat.</strong></span> <span class='ocrx_word' id='word_1_796' title='bbox 3318 3835 3445 3890; x_wconf 83' lang='lat' dir='ltr'><strong>Cum</strong></span> <span class='ocrx_word' id='word_1_797' title='bbox 3501 3845 3620 3889; x_wconf 76' lang='lat' dir='ltr'><strong>vero</strong></span> 
     </span>
    </p>
   </div>
   <div class='ocr_carea' id='block_1_102' title="bbox 2026 3925 3618 4009">
    <p class='ocr_par' dir='ltr' id='par_1_102' title="bbox 2026 3925 3618 4009">
     <span class='ocr_line' id='line_1_102' title="bbox 2026 3925 3618 4009; baseline -0.014 -10"><span class='ocrx_word' id='word_1_798' title='bbox 2026 3944 2195 3999; x_wconf 86' lang='lat' dir='ltr'><strong>nullus</strong></span> <span class='ocrx_word' id='word_1_799' title='bbox 2226 3950 2316 3996; x_wconf 90' lang='lat' dir='ltr'><strong>aut</strong></span> <span class='ocrx_word' id='word_1_800' title='bbox 2342 3943 2422 3994; x_wconf 91' lang='lat' dir='ltr'><strong>ira</strong></span> <span class='ocrx_word' id='word_1_801' title='bbox 2447 3947 2707 4009; x_wconf 84' lang='lat' dir='ltr'><strong>correptus</strong></span> <span class='ocrx_word' id='word_1_802' title='bbox 2727 3979 2740 4003; x_wconf 89' lang='lat'><strong>,</strong></span> <span class='ocrx_word' id='word_1_803' title='bbox 2768 3944 2855 3988; x_wconf 89' lang='lat' dir='ltr'><strong>aut</strong></span> <span class='ocrx_word' id='word_1_804' title='bbox 2877 3934 2985 4004; x_wconf 79' lang='lat' dir='ltr'><strong>ejus</strong></span> <span class='ocrx_word' id='word_1_805' title='bbox 3009 3932 3241 3986; x_wconf 88' lang='lat' dir='ltr'><strong>misertus</strong></span> <span class='ocrx_word' id='word_1_806' title='bbox 3261 3971 3275 3994; x_wconf 95' lang='lat'><strong>,</strong></span> <span class='ocrx_word' id='word_1_807' title='bbox 3320 3928 3484 3997; x_wconf 86' lang='lat' dir='ltr'><strong>ipsam</strong></span> <span class='ocrx_word' id='word_1_808' title='bbox 3532 3925 3618 3978; x_wconf 87' lang='lat' dir='ltr'><strong>in-</strong></span> 
     </span>
    </p>
   </div>
   <div class='ocr_carea' id='block_1_103' title="bbox 2027 4018 3620 4104">
    <p class='ocr_par' dir='ltr' id='par_1_103' title="bbox 2027 4018 3620 4104">
     <span class='ocr_line' id='line_1_103' title="bbox 2027 4018 3620 4104; baseline -0.013 -15"><span class='ocrx_word' id='word_1_809' title='bbox 2027 4035 2274 4104; x_wconf 84' lang='lat' dir='ltr'><strong>terﬁceret</strong></span> <span class='ocrx_word' id='word_1_810' title='bbox 2303 4074 2318 4097; x_wconf 91' lang='lat'><strong>,</strong></span> <span class='ocrx_word' id='word_1_811' title='bbox 2350 4032 2559 4100; x_wconf 88' lang='lat' dir='ltr'><strong>ipsaque</strong></span> <span class='ocrx_word' id='word_1_812' title='bbox 2605 4028 2740 4082; x_wconf 88' lang='lat' dir='ltr'><strong>cibos</strong></span> <span class='ocrx_word' id='word_1_813' title='bbox 2788 4025 2918 4079; x_wconf 87' lang='lat' dir='ltr'><strong>alios</strong></span> <span class='ocrx_word' id='word_1_814' title='bbox 2959 4023 3182 4077; x_wconf 89' lang='lat' dir='ltr'><strong>invenire</strong></span> <span class='ocrx_word' id='word_1_815' title='bbox 3214 4018 3499 4080; x_wconf 88' lang='lat' dir='ltr'><strong>laboraret,</strong></span> <span class='ocrx_word' id='word_1_816' title='bbox 3559 4032 3620 4068; x_wconf 87' lang='lat' dir='ltr'><strong>ac</strong></span> 
     </span>
    </p>
   </div>
   <div class='ocr_carea' id='block_1_104' title="bbox 2029 4111 3620 4196">
    <p class='ocr_par' dir='ltr' id='par_1_104' title="bbox 2029 4111 3620 4196">
     <span class='ocr_line' id='line_1_104' title="bbox 2029 4111 3620 4196; baseline -0.015 -14"><span class='ocrx_word' id='word_1_817' title='bbox 2029 4128 2227 4196; x_wconf 88' lang='lat' dir='ltr'><strong>penitus</strong></span> <span class='ocrx_word' id='word_1_818' title='bbox 2253 4123 2452 4193; x_wconf 70' lang='lat' dir='ltr'><strong>difficile</strong></span> <span class='ocrx_word' id='word_1_819' title='bbox 2481 4128 2607 4175; x_wconf 89' lang='lat' dir='ltr'><strong>esset</strong></span> <span class='ocrx_word' id='word_1_820' title='bbox 2634 4120 2748 4189; x_wconf 90' lang='lat' dir='ltr'><strong>jam</strong></span> <span class='ocrx_word' id='word_1_821' title='bbox 2791 4115 3052 4185; x_wconf 87' lang='lat' dir='ltr'><strong>quidpiam</strong></span> <span class='ocrx_word' id='word_1_822' title='bbox 3077 4111 3329 4177; x_wconf 89' lang='lat' dir='ltr'><strong>invenire,</strong></span> <span class='ocrx_word' id='word_1_823' title='bbox 3364 4112 3620 4180; x_wconf 72' lang='lat' dir='ltr'><strong>[mitesque</strong></span> 
     </span>
    </p>
   </div>
   <div class='ocr_carea' id='block_1_105' title="bbox 2026 4203 3617 4289">
    <p class='ocr_par' dir='ltr' id='par_1_105' title="bbox 2026 4203 3617 4289">
     <span class='ocr_line' id='line_1_105' title="bbox 2026 4203 3617 4289; baseline -0.014 -14"><span class='ocrx_word' id='word_1_824' title='bbox 2026 4238 2120 4289; x_wconf 85' lang='lat' dir='ltr'><strong>per</strong></span> <span class='ocrx_word' id='word_1_825' title='bbox 2141 4221 2334 4274; x_wconf 85' lang='lat' dir='ltr'><strong>viscera</strong></span> <span class='ocrx_word' id='word_1_826' title='bbox 2360 4227 2404 4270; x_wconf 93' lang='lat' dir='ltr'><strong>et</strong></span> <span class='ocrx_word' id='word_1_827' title='bbox 2434 4214 2683 4268; x_wconf 87' lang='lat' dir='ltr'><strong>medullas</strong></span> <span class='ocrx_word' id='word_1_828' title='bbox 2718 4219 2959 4279; x_wconf 89' lang='lat' dir='ltr'><strong>serperet,</strong></span> <span class='ocrx_word' id='word_1_829' title='bbox 2992 4209 3223 4278; x_wconf 79' lang='lat' dir='ltr'><strong>fameque</strong></span> <span class='ocrx_word' id='word_1_830' title='bbox 3255 4203 3617 4258; x_wconf 80' lang='lat' dir='ltr'><strong>vehementiore</strong></span> 
     </span>
    </p>
   </div>
   <div class='ocr_carea' id='block_1_106' title="bbox 2026 4296 3622 4372">
    <p class='ocr_par' dir='ltr' id='par_1_106' title="bbox 2026 4296 3622 4372">
     <span class='ocr_line' id='line_1_106' title="bbox 2026 4296 3622 4372; baseline -0.014 -6"><span class='ocrx_word' id='word_1_831' title='bbox 2026 4312 2108 4366; x_wconf 88' lang='lat' dir='ltr'><strong>ira</strong></span> <span class='ocrx_word' id='word_1_832' title='bbox 2132 4315 2367 4364; x_wconf 64' lang='lat' dir='ltr'><strong>aestuaret</strong></span> <span class='ocrx_word' id='word_1_833' title='bbox 2390 4348 2404 4372; x_wconf 92' lang='lat'><strong>,</strong></span> <span class='ocrx_word' id='word_1_834' title='bbox 2433 4303 2700 4360; x_wconf 79' lang='lat' dir='ltr'><strong>consilium</strong></span> <span class='ocrx_word' id='word_1_835' title='bbox 2739 4302 2958 4355; x_wconf 87' lang='lat' dir='ltr'><strong>dictante</strong></span> <span class='ocrx_word' id='word_1_836' title='bbox 2990 4296 3339 4366; x_wconf 89' lang='lat' dir='ltr'><strong>indignatione</strong></span> <span class='ocrx_word' id='word_1_837' title='bbox 3377 4309 3491 4346; x_wconf 88' lang='lat' dir='ltr'><strong>cum</strong></span> <span class='ocrx_word' id='word_1_838' title='bbox 3534 4308 3622 4345; x_wconf 91' lang='lat' dir='ltr'><strong>ne-</strong></span> 
     </span>
    </p>
   </div>
   <div class='ocr_carea' id='block_1_107' title="bbox 2028 4383 3677 4467">
    <p class='ocr_par' dir='ltr' id='par_1_107' title="bbox 2028 4383 3677 4467">
     <span class='ocr_line' id='line_1_107' title="bbox 2028 4383 3677 4467; baseline -0.013 -12"><span class='ocrx_word' id='word_1_839' title='bbox 2028 4402 2257 4455; x_wconf 87' lang='lat' dir='ltr'><strong>cessitate</strong></span> <span class='ocrx_word' id='word_1_840' title='bbox 2294 4398 2591 4467; x_wconf 87' lang='lat' dir='ltr'><strong>conjuncta,</strong></span> <span class='ocrx_word' id='word_1_841' title='bbox 2630 4395 2684 4447; x_wconf 90' lang='lat' dir='ltr'><strong>in</strong></span> <span class='ocrx_word' id='word_1_842' title='bbox 2721 4402 2956 4446; x_wconf 85' lang='lat' dir='ltr'><strong>naturam</strong></span> <span class='ocrx_word' id='word_1_843' title='bbox 2999 4390 3164 4459; x_wconf 87' lang='lat' dir='ltr'><strong>ipsam</strong></span> <span class='ocrx_word' id='word_1_844' title='bbox 3211 4385 3451 4450; x_wconf 86' lang='lat' dir='ltr'><strong>vertitur,</strong></span> <span class='ocrx_word' id='word_1_845' title='bbox 3477 4392 3524 4436; x_wconf 89' lang='lat' dir='ltr'><strong>et</strong></span> <span class='ocrx_word' id='word_1_846' title='bbox 3552 4383 3621 4452; x_wconf 71' lang='grc' dir='ltr'><strong>[ἰ-</strong></span> <span class='ocrx_word' id='word_1_847' title='bbox 3668 4414 3677 4423; x_wconf 84' lang='lat'><strong>-</strong></span> 
     </span>
    </p>
   </div>
   <div class='ocr_carea' id='block_1_108' title="bbox 2033 4473 3621 4561">
    <p class='ocr_par' dir='ltr' id='par_1_108' title="bbox 2033 4473 3621 4561">
     <span class='ocr_line' id='line_1_108' title="bbox 2033 4473 3621 4561; baseline -0.011 -15"><span class='ocrx_word' id='word_1_848' title='bbox 2033 4493 2157 4547; x_wconf 89' lang='lat' dir='ltr'><strong>lium</strong></span> <span class='ocrx_word' id='word_1_849' title='bbox 2175 4490 2303 4561; x_wconf 87' lang='lat' dir='ltr'><strong>(erat</strong></span> <span class='ocrx_word' id='word_1_850' title='bbox 2324 4488 2511 4559; x_wconf 89' lang='lat' dir='ltr'><strong>quippe</strong></span> <span class='ocrx_word' id='word_1_851' title='bbox 2538 4485 2615 4541; x_wconf 90' lang='lat' dir='ltr'><strong>illi</strong></span> <span class='ocrx_word' id='word_1_852' title='bbox 2638 4483 2877 4554; x_wconf 77' lang='lat' dir='ltr'><strong>parvulus</strong></span> <span class='ocrx_word' id='word_1_853' title='bbox 2900 4477 3375 4549; x_wconf 88' lang='lat' dir='ltr'><strong>lactens)arripiens</strong></span> <span class='ocrx_word' id='word_1_854' title='bbox 3397 4491 3414 4530; x_wconf 90' lang='lat'><strong><em>:</em></strong></span> <span class='ocrx_word' id='word_1_855' title='bbox 3440 4473 3621 4541; x_wconf 75' lang='lat' dir='ltr'><strong>Miser,</strong></span> 
     </span>
    </p>
   </div>
   <div class='ocr_carea' id='block_1_109' title="bbox 2032 4567 3625 4654">
    <p class='ocr_par' dir='ltr' id='par_1_109' title="bbox 2032 4567 3625 4654">
     <span class='ocr_line' id='line_1_109' title="bbox 2032 4567 3625 4654; baseline -0.012 -15"><span class='ocrx_word' id='word_1_856' title='bbox 2032 4585 2194 4654; x_wconf 84' lang='lat' dir='ltr'><strong>inquit</strong></span> <span class='ocrx_word' id='word_1_857' title='bbox 2220 4624 2235 4647; x_wconf 90' lang='lat'><strong>,</strong></span> <span class='ocrx_word' id='word_1_858' title='bbox 2267 4581 2478 4651; x_wconf 86' lang='lat' dir='ltr'><strong>puerule</strong></span> <span class='ocrx_word' id='word_1_859' title='bbox 2505 4623 2518 4645; x_wconf 91' lang='lat'><strong>,</strong></span> <span class='ocrx_word' id='word_1_860' title='bbox 2546 4580 2601 4632; x_wconf 86' lang='lat' dir='ltr'><strong>in</strong></span> <span class='ocrx_word' id='word_1_861' title='bbox 2627 4576 2779 4642; x_wconf 90' lang='lat' dir='ltr'><strong>bello,</strong></span> <span class='ocrx_word' id='word_1_862' title='bbox 2812 4575 2864 4630; x_wconf 91' lang='lat' dir='ltr'><strong>in</strong></span> <span class='ocrx_word' id='word_1_863' title='bbox 2895 4576 3028 4644; x_wconf 87' lang='lat' dir='ltr'><strong>fame</strong></span> <span class='ocrx_word' id='word_1_864' title='bbox 3065 4580 3112 4625; x_wconf 89' lang='lat' dir='ltr'><strong>et</strong></span> <span class='ocrx_word' id='word_1_865' title='bbox 3146 4570 3388 4625; x_wconf 89' lang='lat' dir='ltr'><strong>seditione</strong></span> <span class='ocrx_word' id='word_1_866' title='bbox 3418 4610 3432 4635; x_wconf 91' lang='lat'><strong>,</strong></span> <span class='ocrx_word' id='word_1_867' title='bbox 3465 4567 3548 4621; x_wconf 90' lang='lat' dir='ltr'><strong>cui</strong></span> <span class='ocrx_word' id='word_1_868' title='bbox 3577 4575 3625 4620; x_wconf 87' lang='lat' dir='ltr'><strong>te</strong></span> 
     </span>
    </p>
   </div>
   <div class='ocr_carea' id='block_1_110' title="bbox 2034 4663 3624 4734">
    <p class='ocr_par' dir='ltr' id='par_1_110' title="bbox 2034 4663 3624 4734">
     <span class='ocr_line' id='line_1_110' title="bbox 2034 4663 3624 4734; baseline -0.013 -3"><span class='ocrx_word' id='word_1_869' title='bbox 2034 4674 2288 4731; x_wconf 82' lang='lat' dir='ltr'><strong>servabo?</strong></span> <span class='ocrx_word' id='word_1_870' title='bbox 2316 4690 2347 4727; x_wconf 93' lang='lat' dir='ltr'><strong>a</strong></span> <span class='ocrx_word' id='word_1_871' title='bbox 2378 4671 2642 4734; x_wconf 86' lang='lat' dir='ltr'><strong>Romanis,</strong></span> <span class='ocrx_word' id='word_1_872' title='bbox 2676 4669 2719 4723; x_wconf 89' lang='lat' dir='ltr'><strong>si</strong></span> <span class='ocrx_word' id='word_1_873' title='bbox 2748 4667 3013 4722; x_wconf 72' lang='lat' dir='ltr'><strong>vixerimus</strong></span> <span class='ocrx_word' id='word_1_874' title='bbox 3034 4707 3048 4730; x_wconf 95' lang='lat'><strong>,</strong></span> <span class='ocrx_word' id='word_1_875' title='bbox 3078 4663 3290 4717; x_wconf 86' lang='lat' dir='ltr'><strong>servitus</strong></span> <span class='ocrx_word' id='word_1_876' title='bbox 3314 4677 3404 4714; x_wconf 89' lang='lat' dir='ltr'><strong>nos</strong></span> <span class='ocrx_word' id='word_1_877' title='bbox 3433 4667 3624 4724; x_wconf 87' lang='lat' dir='ltr'><strong>manet,</strong></span> 
     </span>
    </p>
   </div>
   <div class='ocr_carea' id='block_1_111' title="bbox 2039 4751 3624 4834">
    <p class='ocr_par' dir='ltr' id='par_1_111' title="bbox 2039 4751 3624 4834">
     <span class='ocr_line' id='line_1_111' title="bbox 2039 4751 3624 4834; baseline -0.014 -9"><span class='ocrx_word' id='word_1_878' title='bbox 2039 4769 2327 4825; x_wconf 84' lang='lat' dir='ltr'><strong>servitutem</strong></span> <span class='ocrx_word' id='word_1_879' title='bbox 2345 4763 2609 4819; x_wconf 89' lang='lat' dir='ltr'><strong>antevertit</strong></span> <span class='ocrx_word' id='word_1_880' title='bbox 2629 4765 2859 4834; x_wconf 89' lang='lat' dir='ltr'><strong>fames,et</strong></span> <span class='ocrx_word' id='word_1_881' title='bbox 2885 4759 3109 4826; x_wconf 87' lang='lat' dir='ltr'><strong>utrisque</strong></span> <span class='ocrx_word' id='word_1_882' title='bbox 3121 4756 3353 4810; x_wconf 75' lang='lat' dir='ltr'><strong>swviores</strong></span> <span class='ocrx_word' id='word_1_883' title='bbox 3378 4751 3624 4807; x_wconf 88' lang='lat' dir='ltr'><strong>seditiosi.</strong></span> 
     </span>
    </p>
   </div>
   <div class='ocr_carea' id='block_1_112' title="bbox 2037 4841 3621 4933">
    <p class='ocr_par' dir='ltr' id='par_1_112' title="bbox 2037 4841 3621 4933">
     <span class='ocr_line' id='line_1_112' title="bbox 2037 4841 3621 4933; baseline -0.015 -16"><span class='ocrx_word' id='word_1_884' title='bbox 2037 4861 2223 4933; x_wconf 81' lang='lat' dir='ltr'><strong>Perge,</strong></span> <span class='ocrx_word' id='word_1_885' title='bbox 2253 4859 2379 4912; x_wconf 83' lang='lat' dir='ltr'><strong>mihi</strong></span> <span class='ocrx_word' id='word_1_886' title='bbox 2394 4858 2534 4911; x_wconf 85' lang='lat' dir='ltr'><strong>cibus</strong></span> <span class='ocrx_word' id='word_1_887' title='bbox 2561 4850 2941 4919; x_wconf 89' lang='lat' dir='ltr'><strong>esto,seditiosis</strong></span> <span class='ocrx_word' id='word_1_888' title='bbox 2970 4846 3216 4918; x_wconf 84' lang='lat' dir='ltr'><strong>Erinnys,</strong></span> <span class='ocrx_word' id='word_1_889' title='bbox 3236 4844 3426 4900; x_wconf 89' lang='lat' dir='ltr'><strong>mundo</strong></span> <span class='ocrx_word' id='word_1_890' title='bbox 3446 4841 3621 4914; x_wconf 85' lang='lat' dir='ltr'><strong>fabula</strong></span> 
     </span>
    </p>
   </div>
   <div class='ocr_carea' id='block_1_113' title="bbox 2035 4932 3627 5027">
    <p class='ocr_par' dir='ltr' id='par_1_113' title="bbox 2035 4932 3627 5027">
     <span class='ocr_line' id='line_1_113' title="bbox 2035 4932 3627 5027; baseline -0.015 -18"><span class='ocrx_word' id='word_1_891' title='bbox 2035 4932 2155 5027; x_wconf 62' lang='lat' dir='ltr'><strong>quat</strong></span> <span class='ocrx_word' id='word_1_892' title='bbox 2185 4952 2296 5008; x_wconf 86' lang='lat' dir='ltr'><strong>sola</strong></span> <span class='ocrx_word' id='word_1_893' title='bbox 2350 4950 2486 5004; x_wconf 89' lang='lat' dir='ltr'><strong>deest</strong></span> <span class='ocrx_word' id='word_1_894' title='bbox 2527 4941 2898 5000; x_wconf 88' lang='lat' dir='ltr'><strong>calamitatibus</strong></span> <span class='ocrx_word' id='word_1_895' title='bbox 2943 4939 3265 4994; x_wconf 75' lang='lat' dir='ltr'><strong>Judworum.</strong></span> <span class='ocrx_word' id='word_1_896' title='bbox 3326 4934 3421 4988; x_wconf 87' lang='lat' dir='ltr'><strong>His</strong></span> <span class='ocrx_word' id='word_1_897' title='bbox 3479 4932 3627 4985; x_wconf 88' lang='lat' dir='ltr'><strong>dictis</strong></span> 
     </span>
    </p>
   </div>
   <div class='ocr_carea' id='block_1_114' title="bbox 2041 5024 3624 5118">
    <p class='ocr_par' dir='ltr' id='par_1_114' title="bbox 2041 5024 3624 5118">
     <span class='ocr_line' id='line_1_114' title="bbox 2041 5024 3624 5118; baseline -0.016 -17"><span class='ocrx_word' id='word_1_898' title='bbox 2041 5024 2205 5118; x_wconf 68' lang='lat' dir='ltr'><strong>filium</strong></span> <span class='ocrx_word' id='word_1_899' title='bbox 2229 5051 2391 5106; x_wconf 80' lang='lat' dir='ltr'><strong>necat,</strong></span> <span class='ocrx_word' id='word_1_900' title='bbox 2422 5040 2588 5111; x_wconf 90' lang='lat' dir='ltr'><strong>coquit</strong></span> <span class='ocrx_word' id='word_1_901' title='bbox 2618 5045 2791 5107; x_wconf 85' lang='lat' dir='ltr'><strong>postea</strong></span> <span class='ocrx_word' id='word_1_902' title='bbox 2816 5077 2830 5101; x_wconf 94' lang='lat'><strong>,</strong></span> <span class='ocrx_word' id='word_1_903' title='bbox 2860 5035 3068 5105; x_wconf 87' lang='lat' dir='ltr'><strong>ejusque</strong></span> <span class='ocrx_word' id='word_1_904' title='bbox 3095 5030 3361 5085; x_wconf 87' lang='lat' dir='ltr'><strong>dimidium</strong></span> <span class='ocrx_word' id='word_1_905' title='bbox 3386 5024 3624 5085; x_wconf 84' lang='lat' dir='ltr'><strong>comedit,</strong></span> 
     </span>
    </p>
   </div>
   <div class='ocr_carea' id='block_1_115' title="bbox 2038 5118 3629 5208">
    <p class='ocr_par' dir='ltr' id='par_1_115' title="bbox 2038 5118 3629 5208">
     <span class='ocr_line' id='line_1_115' title="bbox 2038 5118 3629 5208; baseline -0.017 -13"><span class='ocrx_word' id='word_1_906' title='bbox 2038 5139 2280 5208; x_wconf 89' lang='lat' dir='ltr'><strong>reliquias</strong></span> <span class='ocrx_word' id='word_1_907' title='bbox 2299 5151 2413 5191; x_wconf 87' lang='lat' dir='ltr'><strong>vero</strong></span> <span class='ocrx_word' id='word_1_908' title='bbox 2434 5134 2713 5188; x_wconf 89' lang='lat' dir='ltr'><strong>occultatas</strong></span> <span class='ocrx_word' id='word_1_909' title='bbox 2735 5128 2983 5185; x_wconf 87' lang='lat' dir='ltr'><strong>servabat.</strong></span> <span class='ocrx_word' id='word_1_910' title='bbox 3012 5125 3211 5179; x_wconf 81' lang='lat' dir='ltr'><strong>Adsunt</strong></span> <span class='ocrx_word' id='word_1_911' title='bbox 3235 5120 3470 5176; x_wconf 81' lang='lat' dir='ltr'><strong>continuo</strong></span> <span class='ocrx_word' id='word_1_912' title='bbox 3494 5118 3629 5171; x_wconf 76' lang='lat' dir='ltr'><strong>sedi-</strong></span> 
     </span>
    </p>
   </div>
   <div class='ocr_carea' id='block_1_116' title="bbox 2043 5216 3624 5298">
    <p class='ocr_par' dir='ltr' id='par_1_116' title="bbox 2043 5216 3624 5298">
     <span class='ocr_line' id='line_1_116' title="bbox 2043 5216 3624 5298; baseline -0.016 -13"><span class='ocrx_word' id='word_1_913' title='bbox 2043 5231 2190 5295; x_wconf 90' lang='lat' dir='ltr'><strong>tiosi,</strong></span> <span class='ocrx_word' id='word_1_914' title='bbox 2221 5226 2417 5298; x_wconf 86' lang='lat' dir='ltr'><strong>nefario</strong></span> <span class='ocrx_word' id='word_1_915' title='bbox 2458 5225 2637 5278; x_wconf 89' lang='lat' dir='ltr'><strong>nidore</strong></span> <span class='ocrx_word' id='word_1_916' title='bbox 2670 5220 2911 5293; x_wconf 87' lang='lat' dir='ltr'><strong>pertracti</strong></span> <span class='ocrx_word' id='word_1_917' title='bbox 2932 5259 2948 5285; x_wconf 95' lang='lat'><strong>,</strong></span> <span class='ocrx_word' id='word_1_918' title='bbox 2981 5219 3337 5282; x_wconf 85' lang='lat' dir='ltr'><strong>minanturque</strong></span> <span class='ocrx_word' id='word_1_919' title='bbox 3380 5216 3588 5262; x_wconf 88' lang='lat' dir='ltr'><strong>mortem</strong></span> <span class='ocrx_word' id='word_1_920' title='bbox 3611 5248 3624 5268; x_wconf 91' lang='lat'><strong>.</strong></span> 
     </span>
    </p>
   </div>
   <div class='ocr_carea' id='block_1_117' title="bbox 2043 5298 3629 5390">
    <p class='ocr_par' dir='ltr' id='par_1_117' title="bbox 2043 5298 3629 5390">
     <span class='ocr_line' id='line_1_117' title="bbox 2043 5298 3629 5390; baseline -0.017 -15"><span class='ocrx_word' id='word_1_921' title='bbox 2043 5321 2140 5375; x_wconf 85' lang='lat' dir='ltr'><strong>nisi</strong></span> <span class='ocrx_word' id='word_1_922' title='bbox 2164 5319 2298 5390; x_wconf 88' lang='lat' dir='ltr'><strong>quod</strong></span> <span class='ocrx_word' id='word_1_923' title='bbox 2337 5325 2602 5388; x_wconf 87' lang='lat' dir='ltr'><strong>paraverat</strong></span> <span class='ocrx_word' id='word_1_924' title='bbox 2630 5319 2902 5385; x_wconf 84' lang='lat' dir='ltr'><strong>proferret.</strong></span> <span class='ocrx_word' id='word_1_925' title='bbox 2934 5308 2999 5362; x_wconf 79' lang='lat' dir='ltr'><strong>At</strong></span> <span class='ocrx_word' id='word_1_926' title='bbox 3031 5306 3125 5361; x_wconf 89' lang='lat' dir='ltr'><strong>illa</strong></span> <span class='ocrx_word' id='word_1_927' title='bbox 3149 5319 3265 5357; x_wconf 89' lang='lat' dir='ltr'><strong>cum</strong></span> <span class='ocrx_word' id='word_1_928' title='bbox 3291 5309 3484 5371; x_wconf 86' lang='lat' dir='ltr'><strong>partem</strong></span> <span class='ocrx_word' id='word_1_929' title='bbox 3502 5298 3629 5390; x_wconf 48' lang='lat' dir='ltr'><strong>illis</strong></span> 
     </span>
    </p>
   </div>
   <div class='ocr_carea' id='block_1_118' title="bbox 2043 5387 3629 5472">
    <p class='ocr_par' dir='ltr' id='par_1_118' title="bbox 2043 5387 3629 5472">
     <span class='ocr_line' id='line_1_118' title="bbox 2043 5387 3629 5472; baseline -0.018 -5"><span class='ocrx_word' id='word_1_930' title='bbox 2043 5387 2223 5469; x_wconf 79' lang='lat' dir='ltr'><strong>bonam</strong></span> <span class='ocrx_word' id='word_1_931' title='bbox 2255 5387 2475 5467; x_wconf 89' lang='lat' dir='ltr'><strong>servasse</strong></span> <span class='ocrx_word' id='word_1_932' title='bbox 2511 5425 2564 5464; x_wconf 90' lang='lat' dir='ltr'><strong>se</strong></span> <span class='ocrx_word' id='word_1_933' title='bbox 2593 5407 2799 5472; x_wconf 89' lang='lat' dir='ltr'><strong>diceret,</strong></span> <span class='ocrx_word' id='word_1_934' title='bbox 2829 5402 2934 5457; x_wconf 89' lang='lat' dir='ltr'><strong>nati</strong></span> <span class='ocrx_word' id='word_1_935' title='bbox 2978 5396 3218 5467; x_wconf 87' lang='lat' dir='ltr'><strong>reliquias</strong></span> <span class='ocrx_word' id='word_1_936' title='bbox 3251 5391 3469 5461; x_wconf 82' lang='lat' dir='ltr'><strong>aperuit.</strong></span> <span class='ocrx_word' id='word_1_937' title='bbox 3498 5387 3629 5443; x_wconf 88' lang='lat' dir='ltr'><strong>Tum</strong></span> 
     </span>
    </p>
   </div>
   <div class='ocr_carea' id='block_1_119' title="bbox 2042 5479 3629 5563">
    <p class='ocr_par' dir='ltr' id='par_1_119' title="bbox 2042 5479 3629 5563">
     <span class='ocr_line' id='line_1_119' title="bbox 2042 5479 3629 5563; baseline -0.02 -3"><span class='ocrx_word' id='word_1_938' title='bbox 2042 5504 2163 5560; x_wconf 89' lang='lat' dir='ltr'><strong>illos</strong></span> <span class='ocrx_word' id='word_1_939' title='bbox 2190 5504 2361 5557; x_wconf 86' lang='lat' dir='ltr'><strong>statim</strong></span> <span class='ocrx_word' id='word_1_940' title='bbox 2388 5502 2569 5554; x_wconf 88' lang='lat' dir='ltr'><strong>horror</strong></span> <span class='ocrx_word' id='word_1_941' title='bbox 2612 5495 2888 5563; x_wconf 84' lang='lat' dir='ltr'><strong>mentisque</strong></span> <span class='ocrx_word' id='word_1_942' title='bbox 2932 5498 3109 5556; x_wconf 88' lang='lat' dir='ltr'><strong>stupor</strong></span> <span class='ocrx_word' id='word_1_943' title='bbox 3150 5480 3409 5552; x_wconf 85' lang='lat' dir='ltr'><strong>occupavit</strong></span> <span class='ocrx_word' id='word_1_944' title='bbox 3437 5520 3451 5544; x_wconf 95' lang='lat'><strong>,</strong></span> <span class='ocrx_word' id='word_1_945' title='bbox 3479 5489 3527 5533; x_wconf 91' lang='lat' dir='ltr'><strong>et</strong></span> <span class='ocrx_word' id='word_1_946' title='bbox 3562 5479 3629 5529; x_wconf 87' lang='lat' dir='ltr'><strong>ad</strong></span> 
     </span>
    </p>
   </div>
   <div class='ocr_carea' id='block_1_120' title="bbox 2045 5569 3625 5665">
    <p class='ocr_par' dir='ltr' id='par_1_120' title="bbox 2045 5569 3625 5665">
     <span class='ocr_line' id='line_1_120' title="bbox 2045 5569 3625 5665; baseline -0.02 -13"><span class='ocrx_word' id='word_1_947' title='bbox 2045 5597 2199 5650; x_wconf 84' lang='lat' dir='ltr'><strong>talem</strong></span> <span class='ocrx_word' id='word_1_948' title='bbox 2224 5602 2482 5665; x_wconf 89' lang='lat' dir='ltr'><strong>aspectum</strong></span> <span class='ocrx_word' id='word_1_949' title='bbox 2505 5591 2649 5660; x_wconf 88' lang='lat' dir='ltr'><strong>quasi</strong></span> <span class='ocrx_word' id='word_1_950' title='bbox 2696 5583 2825 5641; x_wconf 73' lang='grc' dir='ltr'><strong>αηιεὶ</strong></span> <span class='ocrx_word' id='word_1_951' title='bbox 2860 5579 3015 5649; x_wconf 75' lang='lat' dir='ltr'><strong>deﬁxi</strong></span> <span class='ocrx_word' id='word_1_952' title='bbox 3043 5580 3300 5631; x_wconf 86' lang='lat' dir='ltr'><strong>steterant.</strong></span> <span class='ocrx_word' id='word_1_953' title='bbox 3345 5569 3451 5625; x_wconf 84' lang='lat' dir='ltr'><strong>Illa</strong></span> <span class='ocrx_word' id='word_1_954' title='bbox 3476 5585 3625 5631; x_wconf 80' lang='lat' dir='ltr'><strong>vero,</strong></span> 
     </span>
    </p>
   </div>
   <div class='ocr_carea' id='block_1_121' title="bbox 2050 5661 3630 5763">
    <p class='ocr_par' dir='ltr' id='par_1_121' title="bbox 2050 5661 3630 5763">
     <span class='ocr_line' id='line_1_121' title="bbox 2050 5661 3630 5763; baseline -0.024 -13"><span class='ocrx_word' id='word_1_955' title='bbox 2050 5689 2222 5757; x_wconf 70' lang='lat' dir='ltr'><strong>Heus,</strong></span> <span class='ocrx_word' id='word_1_956' title='bbox 2252 5661 2433 5757; x_wconf 77' lang='lat' dir='ltr'><strong>inquit,</strong></span> <span class='ocrx_word' id='word_1_957' title='bbox 2460 5692 2530 5740; x_wconf 87' lang='lat' dir='ltr'><strong>est</strong></span> <span class='ocrx_word' id='word_1_958' title='bbox 2565 5681 2703 5752; x_wconf 78' lang='lat' dir='ltr'><strong>[ilius</strong></span> <span class='ocrx_word' id='word_1_959' title='bbox 2727 5673 2997 5763; x_wconf 71' lang='lat' dir='ltr'><strong>genuinus,</strong></span> <span class='ocrx_word' id='word_1_960' title='bbox 3025 5683 3247 5742; x_wconf 84' lang='lat' dir='ltr'><strong>opusque</strong></span> <span class='ocrx_word' id='word_1_961' title='bbox 3269 5680 3453 5720; x_wconf 87' lang='lat' dir='ltr'><strong>meum.</strong></span> <span class='ocrx_word' id='word_1_962' title='bbox 3482 5661 3630 5719; x_wconf 73' lang='lat' dir='ltr'><strong>Ceni-</strong></span> 
     </span>
    </p>
   </div>
   <div class='ocr_carea' id='block_1_122' title="bbox 2392 5844 2419 5865">
    <p class='ocr_par' dir='ltr' id='par_1_122' title="bbox 2392 5844 2419 5865">
     <span class='ocr_line' id='line_1_122' title="bbox 2392 5844 2419 5865; baseline 0 0"><span class='ocrx_word' id='word_1_963' title='bbox 2392 5844 2419 5865; x_wconf 67' lang='grc' dir='ltr'><em>Ι</em></span> 
     </span>
    </p>
   </div>
  </div>
