3954 6466
398 240 498 295 39.7

392 356 687 421 edite,nam
707 361 755 406 et
786 350 897 418 ipsa
928 348 1127 405 comedi
1149 364 1168 403 :
1206 365 1269 404 ne
1299 349 1416 405 sitis
1444 350 1522 419 uel
1533 348 1754 405 muliere
1778 349 1970 403 mollio-

396 462 496 510 res,
525 445 605 499 vel
647 453 809 498 matre
845 443 1290 497 misericordiores.
1328 443 1477 509 Quod
1516 444 1561 498 si
1617 459 1705 498 uos
1747 444 1979 515 pietatem

398 536 583 606 colitis,
611 537 922 607 hostiumque
944 552 1106 589 nteant
1132 535 1433 589 avet-sumini
1448 550 1469 589 :
1494 551 1584 608 ego
1605 536 1807 606 quidem
1832 535 1984 589 diuti-

399 630 535 680 u'ium
574 628 912 695 manducavi,
938 627 1169 698 quodque
1208 625 1456 698 reliquum
1496 636 1568 682 est
1592 626 1717 681 mihi
1758 636 1980 682 maneat.

403 719 527 773 Post
544 719 650 774 htec
668 720 746 775 illi
757 718 955 787 quidem
976 728 1239 773 trementes
1260 720 1519 786 exierunt,
1546 719 1640 773 hac
1662 735 1765 773 una
1791 729 1985 773 tantum

398 812 447 862 in
477 825 531 864 re
557 810 1076 880 timidiores,eamque
1104 811 1189 865 uia:
1212 826 1380 865 escam
1407 811 1425 843 ί
1469 810 1619 864 matri
1633 810 1982 864 concedentes.

393 898 553 954 Tanti
592 902 762 955 statim
807 901 1050 972 facinoris
1081 903 1221 973 fama
1268 901 1389 955 urbs
1418 909 1522 955 tota
1562 902 1753 971 repleta
1784 912 1897 967 est,
1928 917 1989 955 ac

402 1008 508 1051 prae
535 991 699 1046 oculis
728 992 919 1063 singuli
944 1008 1056 1045 eam
1080 992 1420 1046 calamitatem
1446 1002 1705 1062 ponentes,
1727 1008 1826 1045 non
1848 1007 1989 1045 secus

401 1098 461 1133 uc
497 1082 542 1136 si
585 1081 685 1152 ipsi
715 1082 945 1153 fecissent
983 1082 1393 1136 exhorrescobant
1413 1084 1453 1135 ³.
1482 1082 1583 1148 Qui
1614 1086 1749 1154 fame
1790 1082 1991 1135 crucia-

401 1174 589 1227 bantur
613 1184 825 1228 mortem
851 1174 1179 1244 expetebant,
1210 1174 1476 1245 beatosque
1504 1172 1848 1245 prtedt'cabunt
1874 1190 1956 1227 eos
1975 1214 1990 1239 ,

406 1267 493 1334 qui
523 1267 617 1321 hac
646 1283 701 1321 re
730 1268 955 1320 nondum
984 1267 1182 1332 audita,
1212 1267 1386 1337 hisque
1414 1283 1517 1321 non
1541 1266 1821 1337 conspectis
1849 1266 1995 1318 malis

407 1359 743 1412 decesserunt.
763 1356 873 1412 Cito
898 1358 966 1411 ad
990 1356 1251 1413 Romanos
1267 1357 1465 1429 perlata
1485 1367 1570 1414 est.
1584 1358 1691 1412 hwc
1711 1357 1994 1410 calamitas.

416 1447 499 1501 Ea:
545 1448 608 1501 iis
637 1448 728 1501 alii
769 1465 871 1503 non
895 1449 1202 1515 credebant,
1250 1450 1339 1502 alii
1365 1449 1761 1523 miserebantur,
1793 1445 1999 1519 plurimi

409 1554 522 1592 vero
545 1540 598 1591 in
628 1540 793 1607 majus
816 1539 976 1609 gentis
1002 1539 1175 1592 odium
1202 1549 1495 1593 exarserunt
1522 1536 1758 1610 (Ioseph.
1780 1538 1842 1591 de
1855 1535 1999 1591 Bello

414 1628 633 1683 Judaico
658 1671 672 1694 ,
704 1629 792 1684 lib.
824 1631 877 1685 6.
909 1646 955 1684 c.
981 1632 1034 1685 7.
1062 1640 1110 1685 et
1136 1631 1215 1701 8).

482 1718 536 1773 6.
565 1717 685 1773 Non
715 1720 843 1786 fides
865 1720 1014 1773 modo
1034 1760 1050 1786 ,
1078 1719 1169 1775 sed
1198 1720 1299 1773 vita
1323 1719 1451 1773 bona
1476 1718 1847 1790 requiritur.—
1877 1717 2002 1772 Hmc

415 1809 685 1879 multoque
714 1808 796 1862 his
824 1808 1085 1863 atrociora
1125 1809 1496 1879 patiebantur,
1538 1824 1643 1864 non
1674 1808 1835 1862 modo
1882 1807 2004 1878 quia

418 1899 683 1954 Christum
714 1900 861 1955 cruci
909 1899 1223 1968 al'ﬂxerant,
1270 1900 1364 1955 scd
1391 1901 1513 1972 quia
1557 1908 1677 1970 post
1718 1899 1834 1955 hinc
1873 1914 2005 1969 apo-

416 1992 584 2047 stolos
628 2007 691 2046 ea
739 1991 880 2064 loqui
921 1992 1315 2062 prohibebant,
1361 2009 1480 2063 qua:
1517 1992 1585 2048 ad
1634 1993 1863 2048 salutem
1907 2007 2007 2046 no-

418 2092 583 2136 stram
606 2082 950 2152 pertinerent.
979 2083 1132 2149 Quod
1161 2098 1292 2139 sane
1334 2084 1521 2139 beatus
1560 2084 1756 2140 Paulus
1800 2082 2009 2139 crimini

422 2175 556 2228 dans
583 2213 600 2239 ,
631 2174 746 2228 hare
796 2173 902 2230 illis
951 2175 1091 2229 mala
1137 2176 1512 2245 prmnuntiavit
1543 2194 1556 2230 :
1592 2176 1825 2232 Pervenit
1878 2180 2013 2232 enim

421 2283 575 2339 super
600 2283 682 2321 eos
706 2269 784 2321 ira
812 2267 1047 2338 inﬁnem
1074 2267 1148 2340 (l.
1189 2267 1367 2323 Thess.
1400 2268 1455 2324 ἓ.
1488 2268 1594 2341 16).
1620 2271 1687 2325 Et
1709 2270 1834 2340 quid
1875 2271 2010 2339 hate,

423 2359 644 2427 dicent,
689 2359 757 2413 ad
811 2359 950 2413 nos?
998 2374 1103 2414 non
1145 2359 1289 2414 enim
1337 2358 1457 2414 illos
1486 2375 1513 2414 a
1543 2359 1646 2415 fide
1670 2360 2012 2428 abducimus,

427 2464 597 2520 neque
625 2464 655 2503 a
676 2450 1074 2520 praedicatione.
1106 2452 1177 2505 At
1204 2451 1350 2522 quid,
1378 2467 1581 2522 quaeso,
1617 2453 1749 2508 fides
1778 2451 2019 2508 conferet

428 2542 776 2597 emolumenti
802 2583 817 2608 ,
841 2543 888 2597 si
920 2544 1024 2597 vita
1045 2558 1183 2613 .pura
1209 2560 1313 2598 non
1344 2543 1538 2599 fuerit?
1568 2544 1762 2600 Verum
1790 2546 1905 2600 hmo
1926 2530 2021 2601 vos

428 2634 564 2689 forte
613 2634 905 2705 ignoratis,
950 2635 1141 2705 quibus
1200 2644 1381 2690 nostra
1427 2637 1605 2692 omnia
1648 2637 1824 2708 ignota
1875 2644 2017 2691 sunt.

430 2725 544 2796 Ego
573 2734 751 2782 autem
777 2727 930 2783 vobis
955 2727 1152 2782 Christi
1182 2730 1477 2784 sententias
1505 2731 1835 2785 enumerabo
1869 2748 1883 2786 :
1924 2731 2022 2786 ob-

430 2820 656 2875 servetis
699 2820 858 2876 velim
890 2836 1253 2891 numquamne
1282 2820 1351 2876 de
1393 2820 1502 2875 vita
1534 2822 1871 2891 requiratur,
1928 2821 2023 2877 sed

436 2928 533 2981 pro
562 2911 665 2966 ﬁde
696 2921 900 2966 tantum
949 2923 1003 2968 et
1049 2912 1386 2983 dogmatibus
1435 2914 1697 2984 supplicia
1740 2917 2025 2971 constituta

431 3005 559 3058 sint.
590 3003 726 3058 Cum
749 3002 891 3059 enim
924 3003 976 3057 iu
999 3014 1237 3059 montem
1265 3004 1597 3061 ascendisset
1616 3047 1630 3071 ,
1659 3006 1844 3062 videns
1873 3009 2028 3062 innu-

436 3109 635 3148 meram
658 3094 1119 3159 circumﬂucntem
1139 3095 1556 3162 multitudinem,
1585 3098 1874 3167 prtemissis
1911 3100 2028 3155 aliis

437 3189 685 3256 monitis,
716 3187 926 3243 dicebat
949 3204 963 3241 :
992 3186 1116 3243 Non
1142 3189 1305 3244 omnis
1333 3191 1419 3258 qui
1444 3190 1567 3244 dicit
1594 3190 1750 3256 mihi,
1773 3189 2025 3259 Domine,

438 3280 679 3345 Domine,
735 3279 943 3334 intrabit
998 3280 1051 3336 in
1097 3297 1309 3354 regnum
1336 3282 1573 3337 cwlorum
1593 3322 1609 3348 ,
1649 3282 1739 3337 sed
1785 3284 1871 3354 qui
1906 3284 2030 3354 facit

444 3373 753 3428 voluntatem
784 3373 961 3429 Patris
996 3375 1114 3428 mei.
1148 3375 1301 3443 Item,
1332 3372 1488 3428 Multi
1514 3375 1680 3429 dicent
1705 3375 1830 3428 mihi
1869 3376 1922 3429 in
1951 3375 2033 3430 die

440 3465 531 3519 illa
547 3464 589 3532 ³,
606 3482 772 3520 nonne
804 3467 858 3520 in
882 3466 1083 3520 nomine
1105 3475 1193 3520 tuo
1226 3466 1655 3538 prophetavimus,
1674 3475 1722 3520 et
1753 3467 1805 3521 in
1832 3467 2033 3521 nomine

441 3569 527 3612 tuo
551 3557 808 3611 daemonia
840 3558 1097 3626 ejecimus,
1129 3558 1247 3612 etin
1267 3558 1471 3613 nomine
1502 3569 1586 3613 tuo
1614 3560 1819 3613 virtutes
1848 3561 2035 3615 multas

443 3649 688 3720 fecimus?
704 3646 773 3702 Et
796 3658 916 3703 tunc
941 3648 1215 3719 conﬁtebor
1242 3649 1348 3703 illis
1363 3664 1382 3703 :
1405 3649 1637 3704 Recedite
1653 3667 1685 3703 a
1707 3667 1786 3705 me
1804 3652 1891 3722 qui
1916 3668 2036 3722 ope-

440 3738 626 3793 ramini
640 3740 990 3809 iniquitatem:
1007 3757 1107 3794 non
1128 3740 1338 3795 nouiuos
1356 3740 1568 3813 (Matth.
1593 3742 1644 3795 7.
1672 3739 1882 3811 21-26).
1901 3742 2034 3798 Eum

443 3846 568 3885 vero
588 3833 676 3902 qui
702 3832 849 3887 audit
870 3848 1147 3888 sermones
1172 3834 1335 3904 ipsius
1355 3876 1370 3901 ,
1394 3842 1449 3889 et
1477 3848 1581 3889 non
1616 3834 1775 3902 facit,
1807 3836 2034 3891 similem

443 3937 563 3978 esse
582 3923 714 3977 dixit
745 3924 948 3978 homini
989 3926 1162 3991 fatuo,
1186 3923 1406 3978 domum
1434 3940 1582 3978 suam
1614 3940 1776 3995 super
1812 3941 2034 3981 arenam

444 4012 752 4082 aedificanti,
781 4015 870 4086 qui
897 4028 1017 4069 eam
1060 4015 1366 4071 ﬂmuinibus
1389 4057 1405 4084 ,
1436 4015 1628 4086 pluviis
1671 4026 1727 4072 et
1754 4018 1928 4073 ventis
1957 4017 2032 4073 fa-

447 4107 546 4163 cile
570 4106 883 4162 diruendam
910 4118 1079 4179 parat.
1112 4107 1244 4164 Item
1279 4125 1400 4164 cum
1432 4110 1486 4165 in
1533 4110 1639 4166 alio
1667 4110 1787 4167 loco
1827 4113 2037 4167 concio-

449 4209 667 4255 naretur
690 4218 703 4255 :
727 4201 895 4269 Sicut,
924 4203 1113 4273 inquit,
1146 4203 1465 4274 piscatores,
1499 4219 1621 4258 cum
1649 4220 1897 4276 sagenam
1936 4217 2040 4261 tra~

449 4293 668 4359 set-int,
709 4293 878 4350 malos
907 4293 1080 4364 pisces
1125 4294 1414 4364 abjiciunt,
1444 4297 1516 4351 ita
1562 4296 1664 4351 crit
1691 4298 1740 4351 in
1780 4297 1866 4352 illa
1908 4297 1996 4354 die
2023 4341 2039 4366 ,

448 4383 649 4453 angelis
675 4398 770 4439 eos
800 4399 987 4441 omnes
1024 4385 1114 4456 qui
1158 4387 1496 4455 peccaverint
1536 4386 1589 4440 in
1633 4387 1903 4443 fornacem
1955 4388 2041 4458 ja-

450 4477 714 4533 cientibus
755 4478 967 4549 (Matth.
1015 4482 1103 4536 15.
1132 4480 1263 4551 47).
1297 4480 1373 4535 De
1412 4477 1687 4550 ﬂagitiosis
1724 4497 1936 4552 quoque
1990 4490 2047 4537 ct

454 4571 675 4639 impuris
715 4570 1020 4626 hominibus
1072 4571 1296 4640 loquens
1337 4570 1590 4626 dicebat:
1625 4570 1762 4625 Illuc
1797 4573 2041 4639 abibunt,

453 4660 536 4714 ubi
564 4659 744 4714 vermis
769 4661 856 4729 qui
883 4677 981 4714 non
1007 4661 1221 4714 moritur
1243 4701 1256 4725 ,
1289 4669 1335 4714 et
1359 4660 1493 4730 ignis
1520 4661 1607 4728 qui
1630 4676 1732 4714 non
1771 4663 2047 4733 exstingui-

454 4765 539 4807 tur
561 4751 751 4825 (tllarc.
774 4753 827 4807 9.
851 4755 964 4826 42).
997 4755 1062 4808 Et
1082 4768 1316 4817 rursum,
1342 4754 1678 4825 Rex,inqnit,
1699 4756 1817 4828 fecit
1845 4757 2048 4826 nuptias

452 4847 564 4915 ﬁlio
580 4857 743 4912 suo,et
767 4864 882 4902 cum
905 4848 1103 4903 vidisset
1123 4848 1372 4903 hominem
1397 4850 1625 4904 vestitum
1650 4852 1865 4907 vestibus
1884 4852 2049 4906 sordi-

457 4940 556 5006 dis,
573 4943 644 4994 ait
662 4941 731 4994 ad
751 4958 864 4995 eum
880 4957 900 4995 :
917 4942 1106 5008 Amice,
1129 4942 1381 5013 quomodo
1410 4942 1508 4995 huc
1529 4944 1728 4998 intrasti
1748 4961 1849 4998 non
1861 4945 2049 4999 habens

460 5043 641 5088 uestem
668 5032 947 5104 nuptialem
964 5034 1068 5088 ?At
1093 5035 1177 5089 ille
1189 5035 1456 5089 obmutuit.
1489 5034 1628 5089 Tum:
1654 5036 1780 5090 dixit
1807 5037 2049 5092 ministris

459 5128 563 5181 suis
589 5144 608 5181 :
644 5126 843 5198 Ligatis
876 5127 1106 5181 manibus
1134 5137 1178 5181 et
1219 5127 1427 5198 pedibus
1468 5128 1601 5199 ejus,
1633 5128 1799 5198 ejicite
1822 5126 1971 5181 illum
1995 5127 2048 5181 in

465 5221 693 5277 tenebras
720 5222 990 5276 exteriores
1037 5220 1248 5291 (Matth.
1279 5218 1368 5274 22.
1397 5218 1480 5291 2).
1512 5219 1801 5290 lmpudicis
1833 5260 1846 5282 ,
1877 5230 1933 5273 ut
1963 5218 2049 5273 di-

460 5326 602 5371 ctum
635 5323 753 5380 est,
801 5321 857 5370 et
903 5313 1180 5392 ﬂagitiosis
1228 5312 1343 5368 haec
1387 5312 1762 5367 comminatur.
1804 5310 2050 5381 Virgines

462 5407 630 5473 item,
664 5422 784 5477 qua:
833 5421 861 5459 a
907 5405 1089 5475 sponsi
1136 5404 1372 5458 thalamo
1412 5401 1646 5457 exclusae
1693 5400 1949 5468 fuerunt,
1980 5402 2051 5458 ob

541 5508 1920 5642 3ﬁdaﬁda{‘33:}.‘3’n‘i‘i‘m3‘fm‘i‘f‘wdfiindiis.
1940 5578 2046 5633 haec

466 5635 683 5703 inaudita
704 5645 898 5703 patrata
918 5635 1134 5703 miscent.

533 5702 553 5735 ³
578 5701 687 5755 Duo
704 5696 1132 5755 Msshic'addunt.
1158 5698 1377 5762 contine,
1404 5696 1621 5752 Dontitte.

1132 237 1190 293 s.
1230 234 1504 294 manus
1526 188 2004 295 cuausosrout
2040 239 2359 298 tinentur.
2386 242 2930 304 consrmmor.

3548 241 3669 297 328

2089 353 2456 412 crudelitatem
2481 367 2536 414 et
2564 358 3001 416 inhumanitatem
3031 359 3143 413 haec
3185 371 3354 428 passm
3393 364 3536 409 sunt.
3566 355 3669 410 Alii

2084 461 2272 502 rursus
2294 447 2482 503 cadent
2519 449 2588 505 de
2607 465 2767 505 causa
2798 461 2923 508 eunt
2955 451 3010 505 in
3041 451 3213 523 ignem
3250 464 3536 516 internum,
3570 450 3662 514 qui

2049 526 2059 537 ’
2088 544 2419 601 purpuratus
2440 544 2516 589 est
2543 534 2754 590 diabolo
2777 551 2827 592 et
2858 538 3056 607 angelis
3071 542 3211 608 ejus.
3249 537 3327 592 Et
3367 539 3402 592 ii
3433 552 3672 607 quoque.

2088 625 2178 695 qui
2202 632 2404 680 temere
2429 633 2485 681 et
2498 625 2622 681 sine
2637 640 2797 682 causa
2822 627 3129 697 loquuntur,
3152 627 3677 683 condemnabnntur.

2095 716 2175 796 Ea:
2193 719 2353 773 verbis
2374 718 2577 791 quippe
2603 720 2702 774 tuis
2726 761 2742 786 ,
2773 721 2879 782 ait,
2919 719 3283 790 justiﬁcaberis
3303 761 3317 785 ,
3346 729 3394 774 et
3413 735 3478 773 ea:
3524 718 3688 775 verbis

2093 810 2192 864 tuis
2240 812 2257 843 ³
2298 810 2711 865 condemnaberis
2757 811 2973 882 (Matth.
3020 811 3108 866 12.
3156 812 3273 881 57).
3325 811 3539 882 Ergo-ne
3588 812 3688 867 tibi

2092 900 2337 956 videmur
2385 901 2579 957 frustra
2630 903 2699 959 de
2742 904 2847 957 vita
2892 904 3113 968 timere,
3162 919 3518 974 magnamque
3568 906 3689 973 ejus

2097 990 2449 1061 philosophiae
2462 994 2657 1061 partis,
2673 1008 2795 1062 quae
2814 997 2995 1047 mores
3020 993 3273 1059 instituit,
3296 995 3556 1047 rationem
3578 993 3692 1047 rha—

2099 1082 2268 1138 bere?
2298 1084 2350 1137 Id
2380 1095 2526 1138 certe
2554 1099 2659 1138 non
2687 1094 2811 1153 puto
2839 1102 2851 1136 :
2885 1083 2986 1138 nisi
3012 1083 3241 1138 fortasse
3260 1083 3535 1138 Chrismm
3568 1084 3693 1138 hac

2099 1174 2275 1226 omnia
2305 1173 2492 1243 bisque
2524 1173 2672 1243 plura
2703 1184 2903 1229 temere
2929 1174 3129 1229 dixisse
3147 1174 3378 1243 jaetims.
3400 1175 3515 1229 Non
3545 1175 3694 1229 enim

2101 1261 2187 1317 hic
2215 1266 2394 1318 omnia
2443 1264 2851 1332 complectimur
2879 1282 2890 1317 :
2925 1264 3069 1335 quod
3112 1265 3214 1318 nisi
3260 1265 3464 1335 pigeret
3490 1265 3695 1318 oratio-

2104 1369 2225 1409 nem
2267 1355 2521 1424 prolixius
2550 1355 2839 1411 extendere
2858 1398 2872 1420 ,
2897 1364 2952 1409 et
2979 1371 3045 1409 ex
3073 1355 3349 1425 prophetis
3364 1362 3417 1409 et
3440 1370 3504 1409 ex
3538 1355 3700 1409 beato

2105 1447 2268 1501 Paulo
2297 1457 2350 1501 ct
2398 1462 2464 1502 ex
2485 1447 2604 1501 aliis
2628 1447 2883 1517 apostolis
2913 1447 3215 1502 docuissem
3242 1457 3490 1516 quantam
3515 1447 3615 1501 hac
3642 1446 3701 1500 in

2106 1547 2256 1607 parte
2277 1553 2461 1593 curam
2491 1539 2733 1608 posuerit
2776 1539 2939 1593 Deus.
2965 1537 3162 1593 Verum
3195 1537 3308 1591 bmc
3334 1537 3568 1591 arbitror
3609 1551 3701 1590 sa-

2108 1631 2176 1685 tis
2202 1644 2356 1686 esse:
2383 1630 2493 1686 imo
2521 1645 2621 1685 nec
2660 1630 2750 1684 illa
2780 1631 2956 1684 solum
2981 1630 3180 1692 omnia,
3211 1629 3306 1685 sed
3334 1629 3416 1683 vel
3444 1629 3701 1698 exiguam

2108 1737 2292 1778 eorum
2350 1732 2575 1793 partem.
2625 1723 2759 1778 Cum
2803 1723 2946 1777 enim
3003 1723 3141 1777 Deus
3205 1721 3403 1792 aliquid
3458 1722 3703 1792 profert,

2110 1815 2319 1870 etiamsi
2345 1815 2510 1870 semel
2539 1815 2702 1882 dicat,
2734 1815 2804 1868 ita
2835 1815 2885 1868 id
2906 1812 3049 1885 quod
3097 1813 3291 1868 dicitur
3330 1813 3707 1882 accipiendum

2112 1914 2195 1960 est
2234 1921 2297 1960 ac
2340 1906 2384 1960 si
2425 1920 2568 1975 stupe
2592 1905 2839 1961 dixisset.
2962 1930 2965 1931 ν
3658 1952 3663 1956 .

2187 1998 2237 2052 7.
2267 1996 2405 2063 Quid
2428 1998 2607 2068 igitur,
2642 1997 2852 2067 inquies
2879 2038 2894 2063 ,
2928 1996 3016 2065 qui
3045 1994 3192 2050 domi
3223 2004 3437 2048 manent
3464 2009 3570 2047 non
3603 2008 3703 2063 po-

2116 2097 2295 2144 terunt
2314 2104 2377 2145 ea
2401 2087 2678 2159 perficere,
2701 2103 2819 2159 qua:
2837 2087 2936 2142 nisi
2963 2086 3325 2156 perficiantur,
3348 2095 3549 2139 tantum
3574 2099 3711 2154 sup-

2118 2183 2260 2252 plicii
2287 2182 2544 2253 pariunt?
2569 2180 2773 2236 Vellem
2788 2179 3040 2251 equidem
3064 2179 3200 2249 ipse,
3220 2193 3322 2234 nec
3345 2178 3525 2232 minus
3545 2192 3710 2247 quam

2123 2289 2240 2337 vos,
2272 2274 2380 2328 imo
2401 2273 2573 2327 multo
2599 2271 2770 2342 regis
2795 2313 2810 2338 ,
2852 2286 2916 2326 ae
2947 2270 3256 2341 frequenter
3294 2269 3470 2338 optavi
3518 2284 3710 2323 mona-

2119 2367 2403 2423 steriorum
2439 2364 2810 2420 necessitatem
2837 2363 2966 2429 tolli,
3014 2377 3078 2417 ac
3117 2371 3319 2415 tantum
3351 2361 3493 2430 leges
3514 2359 3711 2429 etjnra

2121 2460 2322 2529 optima
2350 2458 2404 2512 in
2428 2457 2733 2513 civitatibus
2771 2455 2951 2510 Valere
2981 2494 2996 2521 ,
3030 2462 3087 2508 ut
3114 2451 3314 2507 nemini
3338 2452 3448 2522 jam
3474 2466 3609 2520 opus
3636 2451 3712 2505 sit

2123 2551 2188 2605 ad
2211 2549 2554 2605 solitudinem
2575 2547 2871 2619 confugere
2912 2565 2925 2601 :
2960 2545 3212 2617 quoniam
3240 2559 3368 2600 vero
3388 2540 3566 2598 omnia
3595 2557 3722 2597 sus-

2125 2641 2423 2712 dequejam
2443 2654 2618 2706 versa,
2653 2639 2889 2709 ipsaque
2911 2637 3163 2692 civitates
3182 2677 3196 2701 ,
3239 2635 3296 2690 in
3320 2634 3513 2706 quibus
3542 2633 3720 2688 tribu-

2129 2733 2267 2787 nalia
2289 2739 2343 2786 et
2369 2730 2553 2800 leges,
2586 2729 2789 2799 ingenti
2829 2728 3109 2797 iniquitate
3157 2735 3213 2782 et
3255 2726 3457 2781 scelere
3484 2724 3721 2794 impleta:

2129 2832 2273 2889 sunt,
2300 2822 2534 2878 solitudo
2576 2830 2757 2877 autem
2807 2820 3107 2875 uberrimos
3138 2816 3494 2889 philosophia
3517 2815 3725 2870 fructus

2131 2918 2363 2986 emittit;
2393 2917 2634 2989 profecto
2659 2932 2765 2970 non
2792 2915 2868 2969 illi
2892 2916 3012 2985 jure
3053 2929 3083 2968 a
3129 2912 3281 2967 vobis
3307 2912 3359 2966 in
3385 2912 3589 2966 crimen
3619 2924 3723 2963 vo-

2132 3021 2323 3069 centur
2349 3052 2364 3079 ,
2397 3010 2487 3081 qni
2509 3009 2644 3063 alios
2682 3007 2750 3063 ab
2781 3007 2884 3061 hac
2914 3004 3148 3076 procella
3178 3012 3234 3058 et
3268 3003 3477 3058 turbine
3504 3000 3720 3057 liberari

2136 3103 2412 3174 cupientes
2442 3100 2677 3171 eripiunt
2704 3140 2718 3165 ,
2749 3107 2804 3153 et
2841 3097 2909 3153 ad
2940 3095 3280 3166 tranquillum
3307 3102 3516 3164 portum
3551 3091 3723 3145 dedu—

2131 3200 2296 3259 cunt;
2328 3191 2424 3247 sed
2449 3191 2627 3261 potius
2661 3189 2773 3255 illi,
2815 3187 2906 3259 qui
2926 3187 3179 3243 civitates
3208 3184 3448 3255 singulas
3487 3182 3727 3253 philoso-

2134 3284 2275 3356 phia:
2302 3283 2381 3340 sic
2407 3282 2577 3338 invias
2593 3290 2648 3337 et
2672 3295 2861 3351 parum
2890 3278 3110 3334 idoneas
3136 3276 3397 3341 fecerunt,
3433 3284 3491 3330 ut
3517 3276 3609 3345 qui
3638 3288 3728 3328 sa-

2138 3375 2304 3430 lutem
2337 3374 2594 3441 consequi
2622 3373 2809 3427 volunt
2841 3411 2855 3434 ,
2886 3369 3202 3425 solitudines
3226 3368 3420 3424 sectari
3446 3375 3728 3436 cogantur.

2138 3470 2234 3525 Dic
2260 3469 2401 3523 enim
2433 3466 2563 3521 mihi
2592 3506 2608 3533 ,
2652 3466 2694 3520 si
2723 3464 2842 3534 quis
2870 3464 2923 3518 in
2956 3473 3113 3517 nocte
3148 3459 3327 3515 media
3365 3467 3577 3527 arrepta
3610 3455 3731 3512 face

2137 3562 2357 3618 domum
2382 3559 2709 3615 incendisset
2730 3571 2975 3628 magnam
3002 3552 3415 3622 hominibusque
3442 3550 3726 3620 repletam,

2139 3666 2199 3710 ut
2220 3656 2361 3709 intus
2390 3650 2781 3707 dormientibus
2808 3647 3184 3712 insidiaretur,
3214 3653 3391 3698 utrunt
3422 3642 3723 3697 diceremus

2142 3745 2445 3818 improbum
2496 3758 2615 3798 esse
2639 3783 2654 3807 ,
2680 3755 2887 3797 eumne
2932 3739 3021 3809 qui
3062 3738 3392 3793 dormientes
3429 3734 3687 3789 excitaret
3711 3772 3729 3797 ,

2141 3837 2452 3907 ardibusque
2482 3835 2586 3889 illis
2610 3833 2867 3889 educeret
2890 3872 2904 3896 ,
2934 3846 3001 3886 an
3028 3838 3151 3886 eum
3177 3826 3352 3899 quiab
3372 3825 3523 3881 initio
3544 3824 3729 3879 incen-

2142 3931 2290 3987 dium
2321 3929 2610 3985 excitassct
2636 3967 2652 3992 ,
2683 3935 2738 3980 et
2772 3924 2826 3979 in
2849 3931 3047 3978 tantam
3078 3921 3450 3977 necessitatem
3475 3926 3583 3973 tum
3613 3930 3728 3979 eos,

2144 4033 2257 4080 tum
2288 4020 2603 4076 educentem
2629 4018 2749 4073 illos
2784 4009 3080 4087 redegisset
3105 4013 3284 4082 ‘tQuid
3314 4012 3510 4082 igitur,
3543 4008 3588 4062 si
3614 4008 3733 4078 quis

2144 4114 2429 4188 tyrannide
2456 4125 2767 4183 oppressam
2793 4109 3059 4165 civitatem
3080 4148 3096 4174 ,
3142 4103 3461 4174 aegritudine
3484 4101 3735 4156 laboran-

2147 4216 2279 4272 tem,
2303 4213 2359 4260 et
2392 4201 2749 4259 seditionibus
2774 4201 3025 4270 agitatam
3055 4196 3266 4260 videns,
3304 4193 3370 4249 iis
3395 4192 3588 4263 quibus
3618 4203 3736 4259 pos-

2147 4305 2232 4354 set
2258 4296 2626 4368 persuaderet,
2674 4302 2733 4365 ut
2769 4292 2955 4347 relicta
2999 4289 3214 4345 civitate
3263 4285 3566 4355 reciperent
3591 4279 3737 4337 sead

2149 4390 2409 4448 montium
2440 4388 2690 4454 vertices,
2710 4387 2883 4456 iisque
2907 4383 2974 4439 ad
2992 4395 3263 4438 secessum
3283 4379 3590 4449 adjumcnta
3611 4390 3737 4431 con-

2148 4483 2313 4540 ferret
2343 4500 2356 4536 :
2389 4497 2549 4553 quem
2574 4481 2626 4534 in
2654 4478 2860 4533 crimen
2897 4474 3158 4531 vocares?
3202 4486 3396 4529 eumne
3425 4470 3513 4541 qui
3545 4467 3613 4523 ab
3640 4467 3736 4521 hu-

2146 4574 2383 4647 iusmodi
2432 4571 2656 4628 tumultu
2699 4570 2752 4623 in
2783 4566 3222 4638 tranquillitatem
3249 4564 3496 4617 homines
3532 4569 3734 4628 tempe-

2154 4678 2294 4725 state
2311 4667 2541 4738 jactatos
2560 4661 2937 4727 transtulisset,
2962 4676 3031 4716 an
3056 4674 3182 4715 eum
3214 4655 3306 4727 qui
3334 4653 3609 4723 naufragia
3642 4652 3739 4706 ista

2153 4756 2536 4831 praeparasset?
2581 4754 2725 4809 Cave
2761 4753 2903 4808 enim
2933 4762 3084 4822 putes
3113 4749 3335 4805 meliore
3382 4746 3435 4800 in
3486 4753 3627 4799 statu
3656 4754 3739 4796 res

2154 4852 2415 4906 humanas
2432 4845 2540 4917 jam
2564 4860 2705 4912 esse,
2731 4859 2889 4915 quam
2912 4843 3181 4899 civitatem
3204 4836 3485 4910 tyrannide
3514 4848 3740 4905 Oppres-

2153 4956 2304 5007 sam;
2328 4955 2513 4996 verum
2541 4940 2595 4995 in
2625 4938 2783 5008 longe
2808 4936 3082 4993 deteriori.
3116 4936 3231 4988 Non
3258 4932 3404 4988 enim
3432 4929 3613 4991 homo,
3645 4925 3736 4980 sed

2154 5034 2364 5090 dazmon
2401 5032 2616 5103 quidam
2647 5030 3028 5100 nequissimus,
3058 5036 3330 5094 tamquam
3359 5030 3617 5093 tyrannus
3641 5016 3740 5070 ima

2154 5126 2326 5182 manis
2347 5166 2361 5191 ,
2400 5140 2521 5179 cum
2553 5132 2660 5178 tota
2677 5137 2777 5191 sua
2809 5121 3069 5191 phalange
3096 5117 3403 5173 universum
3432 5112 3617 5167 orbem
3647 5123 3741 5171 oe-

2156 5232 2359 5289 cupans
2387 5257 2401 5282 ,
2437 5215 2491 5271 in
2532 5216 2795 5269 humanas
2831 5212 3040 5267 animas
3090 5215 3364 5281 grassatur
3403 5222 3417 5258 :
3452 5201 3575 5257 inde
3619 5213 3744 5254 vero

2156 5312 2308 5384 quasi
2333 5326 2398 5366 ex
2424 5325 2551 5366 arce
2577 5307 2832 5380 quadam,
2862 5301 3188 5360 exsecranda
3208 5308 3263 5356 et
3284 5298 3544 5355 scelerata
3576 5290 3744 5364 quoti-

2159 5405 2247 5463 die
2273 5412 2537 5475 praecepta
2568 5399 2877 5456 hominibus
2899 5396 3096 5453 emittit
3118 5436 3133 5462 ,
3163 5410 3269 5449 non
3295 5389 3634 5447 matrimonia
3666 5387 3743 5442 di-

2157 5497 2360 5555 rimens
2388 5496 2559 5551 solum
2584 5534 2601 5561 ,
2654 5506 2762 5547 non
2803 5503 3056 5561 pecunias
3079 5487 3297 5543 mittens
3320 5482 3571 5570 {erepere
3593 5523 3608 5546 ,
3643 5497 3741 5537 non

2159 5591 2335 5653 caedes
2363 5598 2679 5661 perpetrans
2703 5587 2941 5658 iniquas,
2970 5598 3157 5640 verum
3188 5581 3271 5639 his
3293 5579 3451 5650 longe
3477 5576 3741 5650 graviora,

2224 5708 2241 5740 ³
2276 5698 3010 5765 Quidam.etexoperibustuis
