3954 6396
323 460 430 515 329

326 589 519 645 nempe
568 572 909 644 conjunctam
961 576 1129 632 semel
1175 577 1287 632 Deo
1324 577 1561 633 animam
1615 582 1633 615 ί
1685 580 1758 634 ab
1794 576 1915 648 ejus

320 665 600 722 consortio
621 666 893 722 abducens
923 709 938 733 ,
969 668 1290 739 tradensque
1319 669 1544 740 impuris
1570 669 1684 726 suis
1709 669 1914 726 satclii-

321 756 486 821 tibus.
519 758 730 827 illisque
757 758 924 827 ipsam
954 759 1223 815 substerni
1255 775 1476 831 cogens,
1508 762 1598 830 qui
1628 769 1911 832 postquam

321 863 440 904 eam
462 849 633 904 semel
662 849 1132 919 apprehenderint,
1166 852 1235 905 ita
1266 853 1490 921 turpiter
1517 867 1638 906 cum
1668 853 1754 907 illa
1783 866 1915 906 con-

320 939 671 1010 grediuntur,
721 941 792 995 ita
814 943 1232 1007 contumeliose,
1265 952 1325 998 ut
1372 959 1468 1013 par
1492 951 1575 999 est
1602 942 1781 998 facere
1809 957 1907 1023 ne-

319 1031 610 1102 quissimos
634 1031 907 1088 daemonas
934 1033 1289 1091 vehementer
1324 1050 1391 1092 ac
1413 1051 1534 1091 cum
1562 1035 1743 1091 furore
1786 1050 1910 1106 per-

324 1124 519 1180 niciem
551 1125 1006 1196 ignominiamque
1028 1137 1264 1182 nostram
1297 1136 1626 1197 expetentes.
1648 1126 1911 1182 Nudatam

322 1219 522 1288 quippe
551 1219 696 1274 illam
722 1220 970 1276 omnibus
987 1220 1238 1276 virtutum
1258 1220 1603 1288 indumentis,
1632 1221 1914 1275 vitiorum-

320 1325 426 1381 que
449 1311 638 1381 pannis
662 1313 911 1367 amictam
932 1355 946 1379 ,
979 1313 1231 1381 sordidis,
1272 1313 1558 1369 conscissis
1584 1327 1648 1369 ac
1667 1313 1865 1367 fmtidis
1892 1353 1908 1380 ,

325 1406 435 1474 ipsa
464 1405 704 1460 nuditate
722 1405 1012 1476 turpiorem
1029 1408 1397 1474 constitutam,
1422 1406 1674 1477 omnique
1698 1404 1912 1475 propria

323 1496 423 1551 sibi
479 1496 813 1552 immundilia
861 1497 1119 1568 repletam
1151 1513 1257 1555 non
1307 1507 1523 1554 cessant
1573 1496 1913 1553 contumeliis

324 1603 572 1644 onerare.
602 1589 788 1660 Neque
813 1591 953 1646 enim
986 1592 1145 1647 ullam
1168 1599 1366 1646 norunt
1393 1590 1707 1646 cxsecrandi
1730 1597 1785 1644 et
1811 1588 1913 1643 ini-

324 1682 414 1752 qui
454 1681 759 1753 huiusmodi
792 1686 1105 1740 concubitus
1147 1684 1472 1747 satietatem,
1517 1681 1610 1737 sed
1640 1680 1912 1735 ebriorum

326 1768 513 1833 instar,
543 1768 632 1837 qui
656 1782 778 1822 cum
809 1782 868 1823 se
892 1783 1039 1822 mero
1071 1767 1545 1836 ingurgitaverint,
1583 1773 1710 1819 tunc
1745 1764 1914 1833 magis

324 1857 699 1921 exardescuut,
728 1857 806 1912 sic
828 1865 881 1911 et
903 1855 954 1910 hi
977 1871 1185 1926 quoque
1204 1866 1328 1911 tunc
1359 1856 1595 1910 maxime
1619 1856 1911 1921 insaniunt,

327 1952 479 2021 eique
507 1960 561 2006 et
589 1950 960 2005 vehementius
983 1958 1038 2004 et
1076 1949 1309 2005 ferocius
1342 1950 1634 2015 insultant,
1679 1964 1799 2002 cum
1824 1948 1912 2003 illa

327 2042 476 2096 abusi
506 2050 665 2106 sunt,
695 2040 1062 2095 confodientes
1090 2056 1208 2095 eam
1230 2055 1446 2110 semper
1464 2055 1528 2094 ac
1558 2038 1870 2094 mordentes
1894 2079 1910 2105 ,

328 2149 589 2204 suumque
616 2134 667 2188 in
692 2148 809 2189 eam
835 2134 978 2188 virus
1002 2131 1359 2198 effundentes,
1388 2147 1487 2186 nec
1501 2132 1645 2201 prius
1661 2130 1916 2185 desineno

328 2238 429 2294 trs,
455 2243 615 2298 quam
645 2242 764 2281 eam
795 2226 848 2280 in
878 2240 1032 2279 suum
1059 2233 1255 2281 statum
1279 2224 1664 2287 transtulerint,
1683 2222 1769 2277 vel
1796 2235 1915 2276 cor-

329 2335 457 2389 pore
498 2320 724 2374 solutam
775 2317 1023 2373 viderint.
1065 2316 1181 2385 Qua
1226 2316 1386 2387 igitur
1428 2314 1715 2387 tyrannide
1744 2353 1762 2380 ,
1807 2327 1912 2384 qua

329 2413 631 2482 captivitate
649 2451 666 2477 ,
694 2425 797 2480 qua
828 2410 1073 2464 vastitate
1096 2450 1111 2477 ,
1138 2422 1240 2479 qua
1266 2408 1524 2463 servitute
1552 2446 1566 2469 ,
1597 2420 1702 2476 quo
1728 2404 1870 2460 bello
1893 2443 1909 2469 ,

331 2520 435 2573 quo
462 2500 740 2572 naufragio
759 2542 776 2569 ,
802 2515 907 2570 qua
931 2497 1075 2554 fame
1116 2497 1230 2552 hzec
1255 2512 1360 2552 non
1391 2496 1638 2568 graviora
1665 2493 1914 2549 fuerint?

328 2597 456 2664 Quis
487 2604 592 2650 tam
622 2592 877 2659 crudelis,
901 2593 1020 2662 quis
1050 2600 1154 2646 tam
1185 2590 1354 2656 ferus,
1384 2590 1504 2661 quis
1527 2589 1662 2644 adeo
1696 2588 1913 2654 stultus,

333 2688 451 2758 quis
499 2686 637 2743 adeo
690 2685 1015 2741 inhumanus
1054 2692 1214 2754 atque
1244 2682 1670 2749 immisericors,
1720 2679 1813 2750 qui
1841 2687 1918 2733 tot

329 2778 664 2835 contumeliis
691 2786 745 2831 et
776 2775 986 2831 damnis
1023 2772 1268 2829 affectam
1295 2772 1526 2828 animam
1560 2770 1692 2825 nolit
1718 2769 1786 2825 ab
1819 2783 1920 2823 ex-

331 2871 592 2928 secrando
623 2871 713 2927 illo
741 2870 920 2925 furore
946 2878 1000 2924 et
1027 2866 1317 2939 ignominia
1342 2908 1356 2934 ,
1381 2870 1478 2937 pro
1507 2865 1643 2919 virili
1670 2878 1771 2919 sua
1798 2903 1815 2931 ,
1847 2862 1916 2916 li-

329 2963 520 3018 berarc
538 3004 552 3027 ,
576 2961 671 3017 sed
707 2961 853 3017 illam
883 2969 989 3015 tam
1034 2960 1172 3014 male
1193 2957 1439 3014 affectam
1466 2955 1734 3028 negligat?
1762 2953 1919 3021 Quod

330 3056 373 3108 si
398 3054 450 3108 id
481 3065 561 3109 est
583 3053 830 3108 immanis
852 3062 1012 3123 atque
1032 3051 1226 3122 lapidei
1244 3049 1432 3118 animi,
1461 3064 1566 3120 quo
1593 3049 1645 3103 in
1671 3046 1919 3108 loco.dic

332 3146 485 3213 mihi,
514 3154 808 3201 statuemus
834 3154 951 3211 e05,
976 3144 1064 3214 qui
1093 3154 1292 3215 praeter
1317 3143 1462 3199 illam
1490 3140 1865 3212 negligentiam
1899 3180 1915 3205 ,

330 3238 472 3292 aliud
501 3236 752 3307 quiddam
780 3237 938 3306 longe
958 3235 1197 3291 deterius
1217 3243 1400 3306 agunt,
1430 3248 1552 3288 cum
1585 3247 1681 3287 eos
1700 3273 1716 3297 ,
1739 3230 1829 3301 qui
1851 3229 1921 3285 ad

332 3330 569 3402 pericula
615 3330 866 3384 alacriter
907 3328 1112 3383 insilire
1147 3327 1316 3398 parati
1364 3334 1533 3391 sunt,
1589 3324 1786 3394 quique
1811 3338 1917 3378 non

333 3431 565 3478 renuunt
605 3423 655 3476 in
697 3423 870 3492 ipsum
911 3421 1101 3476 bellua:
1143 3429 1324 3491 guttur
1367 3434 1555 3473 manus
1592 3418 1916 3484 immittere,

334 3515 571 3584 qninimo
601 3516 843 3569 fauorem
861 3523 915 3568 et
936 3511 1173 3582 pericula
1207 3510 1456 3575 subeunt,
1486 3518 1541 3563 ut
1560 3509 1671 3579 jam
1695 3508 1921 3563 devora-

335 3616 416 3662 tas
440 3608 646 3662 animas
671 3622 740 3661 ex
766 3606 895 3675 ipsis
922 3604 1184 3659 daemonis
1211 3601 1452 3657 faucibus
1478 3602 1793 3668 extrahant,
1816 3616 1919 3655 non

336 3700 495 3755 modo
522 3716 626 3755 non
678 3698 935 3764 laudant,
966 3711 1138 3767 neque
1177 3695 1496 3767 approbant,
1522 3693 1615 3750 sed
1646 3693 1806 3749 etiam
1828 3708 1921 3747 ex-

342 3792 543 3864 pellunt
568 3791 800 3861 undique
822 3801 877 3846 et
893 3789 1243 3860 oppugnant?

407 3884 460 3939 8.
489 3883 623 3950 Quid
652 3883 831 3953 igitur,
862 3882 1003 3938 dicet
1040 3879 1339 3951 quispiam,
1374 3878 1621 3935 cunctine
1648 3877 1737 3948 qui
1766 3877 1929 3933 urbes

339 3978 575 4033 incolunt
593 3977 820 4048 periere,
843 3991 910 4030 an
933 3974 1182 4030 ﬂuctibus
1198 3975 1487 4045 jactantur,
1511 3988 1579 4027 an
1600 3980 1810 4042 oportet
1838 3987 1927 4026 ur-

340 4068 492 4124 bibus
522 4067 721 4122 relictis
747 4075 801 4122 et
825 4067 879 4120 in
920 4065 1131 4121 deserta
1161 4064 1437 4119 conversis
1456 4105 1469 4127 ,
1499 4062 1557 4118 in
1582 4061 1926 4117 solitudinem

340 4175 398 4213 se
426 4158 766 4226 transferant,
795 4166 851 4213 et
877 4158 929 4212 in
959 4156 1325 4211 cacuminibus
1349 4153 1610 4208 montium
1639 4152 1796 4207 sedes
1826 4166 1928 4222 po-

342 4251 506 4305 nant?
533 4251 599 4304 Et
625 4260 678 4304 tu
707 4250 822 4304 hree
854 4247 1013 4319 jubes
1038 4257 1093 4302 et
1110 4246 1246 4300 hanc
1265 4246 1437 4317 legem
1467 4244 1695 4300 statuis?
1722 4246 1927 4315 Apage,

343 4358 463 4398 nam
494 4343 823 4397 contrarium
851 4340 1064 4412 penitus
1081 4381 1097 4406 ,
1127 4348 1184 4393 ut
1204 4339 1351 4408 prius
1371 4337 1637 4405 dicebam,
1660 4336 1806 4400 volo,
1831 4350 1928 4391 vo-

344 4436 514 4506 tisque
534 4435 778 4490 omnibus
806 4444 1003 4503 exopto
1021 4446 1116 4487 nos
1136 4440 1285 4487 tanta
1311 4431 1409 4487 frui
1430 4444 1580 4501 pace,
1600 4429 1931 4485 etmalorum

345 4528 646 4598 hujusmodi
685 4528 1019 4600 tyrannidem
1056 4528 1127 4582 ita
1167 4527 1394 4591 destrui,
1437 4536 1495 4581 ut
1527 4540 1633 4581 non
1660 4525 1820 4580 modo
1844 4525 1930 4590 iis,

344 4623 435 4692 qui
467 4623 517 4677 in
545 4622 767 4678 urbibus
791 4623 1011 4693 degunt,
1046 4638 1149 4676 non
1169 4623 1236 4677 sit
1262 4621 1329 4677 ad
1357 4631 1567 4677 montes
1592 4620 1932 4692 confugiendi

346 4715 659 4779 necessitas,
701 4714 796 4770 sed
838 4723 897 4769 ut
940 4714 1005 4768 iis
1028 4715 1117 4784 qui
1145 4714 1460 4770 solitudines
1488 4714 1744 4779 incolunt,
1782 4714 1933 4784 quasi

346 4806 660 4875 quibusdam
699 4806 858 4876 longo
896 4814 1135 4875 tempore
1176 4804 1430 4875 fugitivis,
1462 4804 1527 4860 ad
1555 4820 1707 4861 suam
1746 4806 1935 4861 urbem

346 4913 405 4951 se
434 4897 674 4966 recipere
698 4912 836 4967 opus
854 4897 943 4951 sit.
964 4895 1069 4953 Sed
1095 4895 1222 4966 quid
1247 4896 1478 4951 faciam?
1502 4912 1695 4952 vereor
1716 4912 1784 4952 ne
1807 4896 1934 4952 dum

349 4988 470 5042 illos
498 4988 684 5058 patria:
712 4988 999 5043 restituere
1026 4987 1236 5052 studeo,
1268 4988 1717 5057 nequissimorum
1739 4989 1941 5043 dazmo-

348 5096 476 5135 num
507 5080 753 5136 manibus
796 5079 1025 5145 tradam,
1060 5092 1166 5132 neu
1207 5077 1335 5132 dum
1377 5078 1498 5134 illos
1519 5093 1550 5133 a
1580 5078 1867 5134 solitudine
1887 5088 1942 5134 et

350 5173 469 5244 fuga
494 5173 754 5229 reducere
792 5166 971 5242 cupio,
1014 5187 1044 5226 a
1082 5170 1417 5241 philosophia
1458 5179 1515 5227 et
1559 5172 1940 5243 tranquillitate

350 5267 497 5321 omni
526 5266 776 5322 excidere
816 5266 1027 5321 faciam.
1056 5263 1210 5333 Quod
1237 5265 1282 5319 si
1323 5264 1717 5321 multitudinem
1745 5265 1940 5320 civium

351 5357 653 5428 proferens,
682 5357 770 5412 illa
811 5367 867 5412 tu
903 5356 1033 5411 mihi
1078 5355 1336 5427 pudorem
1367 5367 1423 5412 et
1464 5365 1666 5411 metum
1705 5357 1943 5413 incutere

353 5462 508 5523 putes
535 5494 551 5520 ,
598 5467 667 5508 ne
716 5461 886 5507 totum
929 5450 1116 5506 orbem
1156 5450 1395 5504 damnari
1434 5450 1638 5519 patiar,
1670 5456 1943 5520 assumpta

353 5545 553 5602 Christi
583 5543 873 5608 sententia,
897 5558 1017 5598 eum
1040 5543 1128 5598 illa
1156 5540 1413 5597 adversus
1445 5540 1583 5594 hanc
1622 5550 1766 5595 tuam
1788 5540 1943 5610 obje-

1074 461 1438 520 ADVERSUS
1472 461 2023 521 OPPUGNATORES
2064 462 2251 523 ΥΙΤιΕ
2289 465 2583 525 MONAST.
2623 469 2753 526 LIB.
2802 468 2845 528 Ι.

3501 479 3607 535 530

2023 575 2275 633 obsistas.
2315 575 2455 647 Quid
2485 579 2647 651 igitur
2690 581 2780 638 ille
2820 582 2984 639 dicit?
3023 584 3252 658 Angusta
3291 596 3384 656 est,
3418 589 3612 661 inquit,

2008 671 2199 740 fama,
2221 679 2269 726 et
2295 681 2437 727 arcta
2460 674 2562 741 via,
2605 690 2721 745 qua:
2744 676 2883 730 ducit
2919 676 2988 731 ad
3015 680 3168 733 vitam
3186 720 3202 747 ,
3238 690 3284 736 et
3313 683 3464 751 pauci
3498 692 3615 740 sunt

2017 764 2106 835 qui
2129 764 2387 820 inveniunt
2419 782 2530 820 eam
2574 765 2787 838 (Matth.
2818 769 2871 823 7.
2906 769 3015 844 M).
3048 771 3104 828 Si
3134 788 3262 828 vero
3287 774 3443 844 pauci
3488 784 3614 831 sunt

2019 856 2109 925 qui
2152 857 2449 926 inveniunt,
2494 873 2627 915 sane
2669 860 2825 929 longe
2864 863 3164 932 pauciores,
3209 865 3300 936 qui
3346 865 3414 921 ad
3452 865 3613 923 finem

2018 947 2136 1016 ejus
2165 950 2442 1017 pervenire
2470 960 2738 1021 poterunt.
2768 952 2952 1024 Neque
2977 954 3117 1009 enim
3145 970 3331 1012 omnes
3350 960 3441 1029 qui
3468 958 3613 1029 priu-

2018 1038 2216 1109 eipium
2242 1039 2506 1108 adierunt,
2536 1042 2601 1096 ad
2631 1042 2791 1098 fidem
2820 1045 2935 1113 ejus
2965 1045 3266 1116 pertingere
3292 1058 3611 1117 potuerunt;

2018 1131 2113 1186 sed
2155 1132 2246 1186 alii
2270 1132 2386 1202 ipso
2426 1133 2604 1188 statim
2633 1134 2813 1202 initio,
2851 1136 2941 1190 alii
2973 1137 3025 1190 in
3056 1137 3268 1202 medio,
3296 1139 3387 1192 alii
3419 1139 3471 1193 in
3491 1140 3607 1209 ipso

2018 1219 2131 1277 fere
2159 1232 2319 1294 portu
2346 1224 2676 1296 naufragium
2695 1226 2934 1282 fecerunt
2957 1226 3173 1295 (Matth.
3197 1227 3288 1285 20.
3324 1228 3434 1296 16).
3463 1229 3606 1285 lior-

2018 1326 2243 1384 sumque
2266 1315 2477 1371 multos
2502 1316 2578 1371 ait
2618 1332 2741 1373 esse
2766 1327 3016 1386 vocatos,
3051 1334 3353 1390 paucosque
3392 1321 3612 1376 electos.

2016 1402 2340 1475 Cumitaque
2357 1405 2603 1463 Christus
2621 1407 2876 1478 majorem
2905 1423 3028 1466 esse
3048 1411 3388 1479 pereuntium
3408 1419 3612 1480 partem

2017 1493 2180 1561 dicat,
2209 1495 2262 1549 in
2293 1496 2474 1565 paucis
2493 1511 2624 1553 vero
2651 1497 2879 1554 salutem
2910 1498 3227 1569 praefinitam
3253 1514 3376 1556 esse
3402 1514 3623 1555 asseve-

2016 1594 2119 1651 ret,
2147 1585 2276 1655 quid
2318 1586 2601 1642 adversum
2631 1602 2717 1643 me
2751 1588 2997 1658 pugnas?
3028 1588 3260 1659 ldipsum
3301 1591 3444 1644 enim
3486 1590 3630 1644 facis

2016 1691 2081 1732 ac
2105 1678 2153 1731 si
2180 1678 2250 1734 de
2267 1678 2380 1735 Noe
2409 1695 2472 1734 ac
2491 1679 2558 1735 de
2583 1680 2783 1735 diluvio
2812 1681 2973 1736 verba
2999 1679 3315 1737 facientibus
3337 1681 3490 1737 nobis
3515 1683 3614 1736 ad-

2015 1767 2310 1833 mirareris,
2335 1770 2377 1823 si
2394 1784 2584 1825 omnes
2601 1770 2876 1840 perierint,
2899 1770 3007 1826 duo
3021 1779 3197 1827 autem
3213 1779 3414 1827 tantum
3436 1779 3614 1826 tresve

2018 1858 2269 1914 homines
2295 1859 2613 1929 supplicium
2643 1860 2965 1931 effugerint,
3010 1851 3143 1916 cum
3161 1860 3260 1917 hac
3286 1862 3492 1917 ratione
3518 1876 3616 1917 no-

2017 1950 2100 2006 bis
2141 1965 2204 2004 os
2242 1950 2522 2005 obstruere
2565 1966 2724 2020 posse
2763 1963 2938 2021 putas,
2980 1960 3039 2006 ut
3080 1966 3187 2007 non
3225 1952 3411 2008 ausuri
3446 1952 3616 2007 simus

2018 2039 2275 2096 damnare
2304 2040 2723 2097 multitudinem.
2757 2041 2813 2096 ld
2844 2056 2973 2097 sane
3000 2042 3155 2097 nobis
3185 2057 3291 2096 non
3327 2041 3616 2112 persuade-

2018 2130 2165 2186 bilur
2191 2147 2365 2202 neque
2408 2132 2802 2188 multitudinem
2835 2132 2978 2187 illam
3005 2118 3612 2204 veritati'prazferemus.

2015 2221 2200 2292 Neque
2223 2225 2367 2279 enim
2394 2225 2479 2291 iis,
2523 2240 2640 2296 qure
2684 2234 2810 2280 tunc
2854 2225 3214 2295 contigerunt,
3252 2225 3459 2279 minora
3486 2232 3615 2280 sunt

2019 2314 2314 2381 hodierna;
2343 2315 2437 2370 sed
2467 2317 2636 2370 multo
2662 2316 2948 2385 deteriora,
2980 2331 3152 2387 eoque
3176 2316 3365 2387 magis,
3386 2330 3492 2387 quo
3517 2332 3616 2387 ge-

2018 2403 2213 2461 henna:
2241 2407 2589 2461 comminatio
2618 2407 2930 2475 intentatur,
2958 2417 3013 2463 et
3041 2423 3109 2463 ne
3137 2408 3216 2464 sic
3244 2407 3459 2479 quidem
3493 2408 3616 2463 vitia

2019 2497 2356 2553 exciduntur.
2383 2498 2517 2567 Quis
2542 2500 2685 2554 enim
2707 2540 2725 2567 ,
2756 2514 2940 2570 quaeso
2963 2541 2981 2567 ,
3009 2500 3209 2555 fatuum
3240 2516 3349 2555 non
3385 2500 3619 2571 appellat

2018 2588 2282 2646 fratrem?
2323 2591 2451 2646 illud
2479 2601 2658 2648 autem
2686 2593 2947 2664 gehennae
2985 2593 3123 2664 ignis
3151 2592 3277 2648 facit
3301 2595 3615 2649 obnoxium.

2019 2681 2152 2750 Quis
2179 2698 2284 2739 non
2312 2683 2593 2754 impudicis
2619 2686 2788 2739 oculis
2808 2685 3086 2741 mulierem
3105 2684 3359 2754 respicit?
3390 2684 3493 2740 hoc
3519 2701 3611 2740 au-

2019 2781 2128 2829 tem
2158 2781 2242 2829 est
2267 2784 2693 2830 consummatum
2722 2774 3042 2830 adulterium
3071 2791 3086 2829 :
3113 2774 3381 2832 moechum
3402 2790 3533 2831 vero
3562 2775 3617 2831 in

2020 2865 2269 2922 eamdem
2313 2866 2616 2936 gehennam
2656 2868 2893 2923 incidere
2934 2877 3141 2944 cert-um
3169 2876 3252 2923 est
3272 2868 3291 2901 ί
3313 2906 3327 2920 .
3355 2868 3484 2935 Quis
3509 2884 3614 2923 non

2016 2956 2256 3028 juravit?
2282 2958 2384 3015 hoc
2415 2970 2594 3016 autem
2625 2974 2691 3015 ex
2732 2961 2875 3015 malo
2895 2975 3116 3030 prorsus
3143 2969 3227 3017 est
3259 2978 3274 3016 :
3312 2969 3365 3015 at
3386 2960 3527 3031 quod
3553 2976 3618 3037 ex

2020 3051 2167 3106 malo
2201 3061 2306 3118 est,
2335 3052 2597 3122 supplicio
2635 3052 2779 3107 haud
2817 3051 2978 3109 dubie
3011 3053 3321 3108 obnoxium.
3346 3053 3476 3124 Quis
3514 3068 3621 3110 non

2021 3142 2196 3198 amico
2217 3142 2409 3199 invidit
2431 3143 2724 3214 umquam?
2752 3143 2802 3198 id
2826 3158 2954 3199 vero
2991 3145 3219 3200 etlmicis
3240 3153 3294 3200 et
3319 3145 3616 3215 publicanis

2025 3235 2237 3306 pejores
2265 3235 2395 3290 facit
2422 3252 2437 3290 :
2464 3250 2560 3291 eos
2580 3246 2759 3292 autem
2788 3236 2880 3307 qui
2905 3236 3010 3292 illis
3033 3236 3328 3291 deteriores
3347 3245 3490 3304 sunt,
3512 3252 3620 3292 non

2024 3343 2184 3399 posse
2204 3327 2524 3396 supplicium
2547 3327 2783 3398 effugere
2809 3328 3009 3384 nemini
3033 3344 3138 3383 non
3161 3337 3344 3384 notum
3366 3337 3466 3384 est.
3490 3328 3621 3398 Quis

2024 3418 2354 3474 iracundiam
2383 3433 2598 3473 omnem
2646 3435 2716 3475 ex
2750 3419 2912 3475 corde
2954 3421 3132 3490 ejecit,
3160 3427 3213 3474 et
3235 3419 3497 3486 omnium,
3529 3419 3620 3489 qui

2025 3510 2080 3565 in
2120 3525 2180 3565 se
2224 3510 2597 3579 deliquerunt,
2640 3520 2854 3580 peccata
2886 3510 3128 3565 remisit?
3156 3524 3283 3564 eum
3317 3520 3494 3565 autem
3531 3508 3620 3579 qui

2027 3616 2135 3655 non
2179 3600 2451 3656 remiserit
2478 3601 2760 3656 tormentis
2785 3601 3091 3665 necessario
3122 3600 3437 3663 tradendum
3466 3615 3585 3655 esse
3603 3640 3623 3667 ,

2026 3691 2208 3746 nullus
2233 3706 2419 3746 eorum
2439 3732 2454 3757 ,
2503 3692 2595 3762 qui
2623 3689 2893 3747 Christum
2919 3692 3180 3759 audierit,
3207 3700 3492 3761 negaturus
3513 3700 3620 3746 est.

2029 3784 2163 3852 Quis
2191 3799 2297 3839 non
2325 3784 2547 3840 servivit
2596 3786 2908 3840 mamonai?
2937 3800 3057 3840 eum
3088 3800 3217 3839 vero
3245 3784 3335 3854 qui
3364 3781 3464 3853 ipsi
3503 3797 3623 3837 ser-

2028 3876 2204 3941 vierit,
2232 3875 2429 3931 Christi
2454 3877 2766 3931 servitutem
2795 3875 3057 3946 abjecisse
3086 3882 3291 3930 certum
3317 3881 3420 3938 est,
3446 3880 3501 3926 at
3532 3873 3625 3941 qui

2030 3968 2227 4024 Christi
2286 3968 2597 4024 servitutem
2646 3968 2862 4039 abjecit,
2905 3968 3174 4038 propriam
3217 3965 3445 4020 salutem
3483 3963 3627 4019 haud

2029 4059 2192 4116 dubie
2216 4060 2517 4129 abnegavit.
2548 4059 2677 4125 Quis
2699 4075 2804 4113 non
2834 4059 3037 4114 occulte
3064 4058 3372 4114 maledixit?
3398 4056 3497 4111 bos
3530 4069 3627 4110 au-

2032 4159 2141 4208 tem
2167 4161 2320 4208 vetus
2333 4166 2545 4220 quoque
2572 4150 2658 4204 lex
2696 4150 2922 4205 interfici
2945 4150 3135 4218 jubet,
3166 4158 3221 4204 et
3241 4149 3493 4220 jngulari.
3520 4149 3631 4205 Sed

2035 4260 2155 4315 quae
2183 4244 2476 4299 consolatio
2524 4243 2578 4297 in
2623 4242 2852 4313 propriis
2882 4241 3084 4296 malis?
3129 4241 3281 4308 Quod
3311 4255 3499 4295 omnes
3528 4255 3629 4294 ceu

2033 4350 2101 4391 ex
2124 4334 2373 4390 condicto
2392 4333 2444 4388 in
2469 4333 2718 4403 nequitia:
2747 4330 3057 4387 barathrum
3077 4330 3350 4397 decidant,
3382 4329 3523 4400 quod
3540 4329 3621 4399 ip-

2035 4442 2151 4493 sum
2197 4425 2334 4496 ejus,
2375 4425 2463 4496 qui
2504 4438 2649 4479 nunc
2685 4423 2912 4491 obtinet,
2940 4423 3114 4479 morbi
3144 4430 3516 4494 argumentum
3547 4431 3631 4474 est

2036 4519 2363 4585 maximum;
2389 4533 2510 4573 cum
2535 4517 2739 4572 scilicet
2762 4515 2814 4571 id
2841 4517 2891 4570 in
2921 4515 3076 4571 malis
3106 4514 3350 4570 solatium
3379 4511 3531 4567 nobis
3553 4510 3634 4565 af-

2038 4611 2163 4678 fert,
2192 4610 2336 4681 quod
2376 4610 2598 4679 majoris
2621 4608 2825 4663 doloris
2853 4606 3075 4662 materia
3105 4620 3226 4661 esse
3251 4604 3493 4660 deberet.
3528 4601 3635 4658 Ne-

2034 4719 2143 4775 que
2172 4703 2313 4758 enim
2345 4700 2630 4756 multitudo
2652 4700 2705 4754 in
2733 4698 3008 4769 peccando
3037 4698 3304 4752 sociorum
3335 4710 3432 4749 nos
3466 4708 3497 4748 a
3525 4693 3633 4749 cri-

2040 4795 2274 4851 minibus
2302 4803 2358 4849 et
2395 4792 2672 4863 suppliciis
2708 4789 2884 4860 eripit.
2916 4787 3070 4858 Quod
3100 4788 3281 4858 siqnis
3308 4802 3371 4842 ex
3401 4786 3486 4850 iis,
3513 4800 3636 4855 qua:

2040 4901 2198 4957 supra
2241 4885 2508 4951 diximus,
2534 4884 2587 4938 in
2614 4882 3054 4952 desperationem
3092 4880 3326 4943 incidat,
3369 4877 3637 4947 paulisper

2042 4984 2339 5048 exspectet,
2373 4985 2442 5029 et'
2476 4983 2602 5028 tunc
2642 4972 2813 5042 magis
2844 4971 3170 5040 desperahit,
3205 4983 3327 5024 cum
3357 4966 3439 5020 his
3468 4964 3638 5020 multo

2041 5069 2286 5139 graviora
2310 5064 2629 5131 dixerimus,
2656 5063 2835 5133 qualia
2860 5070 2986 5117 sunt
3022 5061 3255 5137 pcrjuria
3280 5076 3294 5113 :
3334 5072 3457 5112 nam
3486 5055 3531 5110 si
3553 5055 3639 5124 ju-

2046 5177 2166 5216 rare
2194 5159 2519 5215 diabolicum
2550 5164 2653 5223 est,
2678 5158 2985 5225 juramenta
3008 5153 3326 5211 conculcare
3360 5147 3502 5220 quod
3540 5158 3639 5199 no-

2045 5254 2128 5309 bis
2146 5252 2337 5308 afi‘eret
2350 5250 2668 5321 supplicium
2692 5249 2716 5303 ?
2736 5248 2793 5305 Si
2817 5248 3021 5305 fatuum
3046 5245 3315 5317 appellare
3338 5239 3640 5312 gehennam

2045 5345 2287 5410 attrahit,
2315 5344 2584 5400 sexcentis
2607 5343 2864 5399 conviciis
2887 5342 3247 5398 dehonestare
3267 5336 3514 5399 fratrem,
3537 5331 3634 5402 qui

2048 5453 2193 5506 smpe
2221 5437 2352 5491 nihil
2373 5451 2472 5491 nos
2486 5435 2642 5503 laesit,
2663 5434 2806 5507 quod
2833 5449 2939 5490 non
2964 5432 3192 5488 adducet
3211 5424 3565 5497 supplicium?
3585 5424 3643 5480 Si

2051 5531 2363 5602 injuriarum
2395 5530 2706 5586 meminisse
2734 5537 2941 5583 tantum
2965 5524 3239 5596 punitione
3262 5520 3482 5590 dignum
3521 5525 3639 5582 est,

356 5638 585 5691 ctionem
613 5634 788 5691 stabo.
818 5634 1000 5705 Neque
1019 5634 1161 5690 enim
1187 5642 1295 5688 tam
1321 5632 1493 5687 audax
1522 5632 1727 5689 facinus
1754 5631 1948 5687 admit—
2050 5624 2210 5678 etiam
2236 5622 2419 5680 ulcisci
2445 5631 2675 5694 quantos
2693 5620 2962 5678 cruciatus
2986 5614 3355 5689 promeretur?
3371 5611 3478 5670 Sed
3502 5626 3643 5668 non-

356 5737 456 5789 tes,
484 5734 543 5781 ut
563 5726 724 5781 etiam
747 5724 864 5794 ejus
886 5766 903 5791 ,
928 5725 1017 5796 qui
1045 5739 1143 5780 nos
1164 5723 1495 5794 iudicaturus
1522 5733 1643 5792 est,
1666 5723 1946 5780 sententiae

419 5841 436 5870 ¹
473 5834 613 5886 savil.
635 5841 691 5886 et
719 5837 816 5887 duo
849 5844 976 5897 Mss,
1016 5835 1292 5897 conjwtctas
1316 5833 1464 5887 semel
1496 5842 1601 5889 Deo
1620 5834 1825 5890 animas.
1852 5844 1946 5890 M0-

357 5897 453 5948 rel.
479 5904 536 5950 ut
573 5899 625 5949 in
649 5905 808 5961 textu,
831 5906 978 5962 atque
998 5900 1068 5950 sic
1098 5897 1222 5962 legit
1243 5898 1538 5949 ambrosius.

2118 5778 2136 5810 ι
2171 5786 2299 5836 Haec,
2322 5776 2561 5827 masc/tum
2581 5786 2774 5827 ναΐου..
2799 5776 2986 5836 eertum
3014 5775 3104 5833 est,
3138 5771 3320 5836 desunt
3339 5770 3391 5836 in
3411 5765 3531 5836 Edit.
3553 5771 3646 5836 Ilo-

2051 5838 2179 5901 rel.;
2202 5827 2299 5891 sed
2310 5840 2357 5890 in
2376 5836 2515 5891 savil.
2540 5844 2594 5891 et
2609 5840 2660 5889 in
2676 5843 2786 5890 tm.
2809 5833 3070 5896 habentur,
3089 5827 3149 5887 δι
3168 5835 3233 5886 ab
3254 5830 3499 5882 ambrosio
3515 5827 3645 5878 lecta

1954 5936 1972 5944 ο
2055 5908 2186 5953 tum.
