3954 6460
379 599 507 653 dum
527 596 597 652 de
624 594 707 653 bis
731 595 1017 666 agendum,
1042 593 1158 649 haec
1182 593 1324 648 enim
1361 607 1461 649 suo
1496 592 1617 647 loco
1644 587 1966 646 reservanda

380 695 528 745 sunt.
557 685 628 742 Ut
655 686 798 741 enim
830 684 937 741 alia
961 683 1228 752 omittam,
1258 684 1362 739 hoc
1384 684 1558 753 ipsum
1583 681 1726 753 quod
1764 695 1862 738 nos
1897 680 1968 736 ad

385 778 500 832 htec
545 776 829 833 scribenda
874 776 1105 847 impulit,
1133 790 1315 830 nonne
1349 774 1432 830 vel
1474 774 1648 830 solum
1675 773 1870 829 sufﬁcit
1896 772 1967 829 ad

384 868 667 938 prtesentis
690 866 862 923 morbi
903 877 1107 938 pestem
1150 864 1524 921 indicandam?
1561 864 1617 921 Si
1659 864 1801 921 enim
1844 878 1946 934 pro

386 958 623 1029 priorum
649 972 811 1013 sensu
837 968 1177 1029 peccatorum
1226 973 1334 1012 non
1373 955 1534 1020 afﬁci.
1576 956 1671 1012 sed
1713 957 1832 1013 sine
1858 956 1971 1011 ullo

383 1048 571 1104 dolore
590 1048 799 1105 scelera
825 1057 1150 1119 perpetrare,
1180 1057 1455 1104 extremus
1476 1047 1692 1102 malitia:
1712 1048 1972 1103 terminus

386 1148 491 1205 cst,
518 1139 608 1195 ubi
635 1139 854 1195 tandem
879 1155 1049 1196 novos
1078 1140 1208 1196 istos
1230 1140 1583 1210 legislatorcs,
1614 1140 1847 1195 recentis
1867 1138 1973 1194 hu-

385 1230 476 1299 jus
516 1229 1020 1301 absurdissimteque
1064 1230 1196 1301 legis
1239 1240 1487 1286 auctores
1524 1238 1837 1296 statuemus,
1879 1229 1972 1301 qui

395 1319 580 1390 majori
597 1336 719 1376 cum
747 1320 939 1376 ﬁducia
966 1321 1177 1377 virtutis
1196 1322 1500 1392 magistros,
1519 1336 1679 1392 quam
1703 1321 1793 1375 alii
1820 1320 1973 1375 mali-

1100 476 1160 533 S.
1187 475 1465 534 JOANNIS
1499 472 1975 533 CIIRYSOSTOMI
2015 472 2335 530 ARCIHEP.
2375 469 2914 530 CONSTANTINOP.

3596 473 3705 527 332

2077 587 2166 643 tite
2186 585 2471 655 repellunt,
2489 600 2690 657 eosque
2706 585 2875 640 multo
2896 583 3074 639 acrius
3094 594 3415 654 oppugnant
3443 585 3543 655 qui
3569 601 3705 653 pet.-

2074 689 2193 736 cata
2208 679 2496 736 emendare
2511 678 2719 742 volunt,
2741 692 2898 748 quam
2916 691 3010 733 eos
3033 677 3123 747 qui
3146 677 3243 746 ipsi
3268 679 3680 747 peccaverunt?

2075 773 2184 829 imo
2203 772 2379 843 potius
2397 785 2512 837 eos,
2534 784 2635 826 nec
2650 769 2917 825 illibenter
2936 768 3134 834 ferunt,
3152 782 3253 823 nec
3269 768 3687 833 criminantur;

2078 866 2178 921 hos
2202 874 2383 920 autem
2405 863 2495 918 vix
2539 862 2683 918 ferre
2710 866 2956 932 possunt,
2986 849 3389 929 quodammodo
3417 868 3475 913 et
3506 858 3695 913 verbis

2075 966 2133 1014 et
2144 956 2394 1027 operibus
2414 940 2730 1020 clamantes,
2746 951 2992 1023 nequitia:
3009 949 3280 1005 mordicus
3297 948 3693 1003 inbmrendum

2077 1061 2220 1114 esse,
2249 1056 2408 1116 atque
2426 1044 2495 1100 ad
2519 1044 2772 1099 virtutem
2798 1054 3088 1111 numquam
3115 1038 3505 1104 redeundum;
3531 1038 3606 1092 ita
3636 1046 3694 1093 ut

2077 1151 2183 1192 non
2212 1135 2373 1191 modo
2413 1149 2528 1197 eos,
2573 1134 2662 1204 qui
2706 1131 2807 1202 ipsi
2847 1145 3068 1203 operam
3094 1128 3246 1198 dant,
3283 1142 3490 1184 verum
3531 1126 3698 1182 etiam

2079 1244 2208 1297 eos,
2259 1229 2350 1300 qui
2400 1243 2584 1284 vocem
2635 1241 2734 1298 pro
2780 1226 2870 1281 illa
2922 1224 3170 1280 emittere
3217 1222 3429 1279 audent
3453 1263 3470 1289 ,
3503 1221 3695 1278 ulcisci

2076 1328 2341 1390 oporteat.

1033 1506 1269 1615 ΑΙ)
1337 1505 1988 1616 INFIDEL

2095 1505 2267 1614 7M
2325 1503 3034 1623 ΡΑΤΒΕΜ,

1599 1705 1876 1801 imber
1924 1700 2389 1803 secuttbus‘
2432 1772 2481 1829 ._

1849 1875 2213 1934 eam”

479 1977 535 2034 ι.
565 1975 705 2034 Satis
730 1977 943 2049 quidem
988 1978 1104 2034 hate
1148 1987 1341 2045 erant,
1372 1987 1432 2034 ut
1471 1987 1657 2050 stupor
1697 1988 1753 2034 et
1795 1977 1987 2032 horror

398 2067 746 2123 incuteretur.
774 2067 925 2135 Quod
950 2068 995 2123 si
1019 2070 1141 2139 quis
1164 2069 1306 2125 circa
1330 2082 1424 2124 eos
1464 2069 1829 2140 propheticum
1859 2068 1987 2125 illud

397 2156 665 2227 proferat:
689 2156 958 2228 Obstupuit
1006 2159 1185 2214 caelum
1238 2175 1391 2230 super
1442 2159 1538 2214 hoc
1565 2201 1580 2227 ,
1625 2168 1671 2215 et
1723 2159 1984 2214 exhorruit

400 2257 536 2302 terra
583 2248 925 2313 uehementer;
958 2248 1193 2320 itemque
1235 2266 1250 2303 :
1283 2250 1479 2321 Stupor
1528 2259 1678 2321 atque
1734 2249 1987 2304 horrenda

399 2340 537 2411 facta
585 2350 702 2395 sunt
750 2341 805 2396 in
847 2350 979 2397 terra
1028 2340 1254 2415 (Jerem.
1279 2343 1334 2397 2.
1364 2344 1451 2398 l2.
1474 2352 1522 2397 et
1547 2343 1600 2399 5.
1625 2342 1716 2415 50)
1741 2382 1755 2407 ,
1784 2357 1984 2413 oppor-

399 2439 529 2486 tune
568 2429 873 2502 bujusmodi
920 2433 1097 2488 omnia
1139 2432 1302 2488 dicat.
1332 2432 1486 2500 Quod
1511 2443 1688 2489 autem
1720 2434 1802 2489 his
1828 2434 1986 2504 longe

398 2522 611 2592 gravius
658 2531 764 2591 est,
793 2540 899 2580 non
950 2524 1111 2581 modo
1159 2525 1319 2601 alicui
1365 2526 1600 2598 quidam,
1632 2536 1688 2583 et
1723 2528 1871 2583 nullo
1921 2527 1986 2582 iis

399 2613 590 2684 quibus
614 2615 912 2671 consulitur
957 2617 1368 2689 propinquitatis
1410 2618 1530 2689 jure
1577 2618 1883 2689 conjuncti,
1914 2619 1986 2673 ita

401 2704 741 2775 indignantur
795 2716 852 2763 et
913 2724 1057 2779 aegre
1123 2707 1341 2777 ferunt;
1388 2725 1571 2767 verum
1614 2711 1715 2781 ipsi
1755 2724 1987 2766 consan-

400 2796 577 2866 guinei
631 2805 687 2853 et
769 2808 1020 2869 parentes
1088 2813 1251 2869 super
1312 2800 1397 2855 his
1447 2800 1605 2856 irasci
1665 2800 1985 2856 didicerunt.

400 2888 635 2946 Tametsi
680 2905 787 2945 non
830 2890 1017 2960 ignoro
1058 2892 1360 2962 complures
1400 2908 1559 2961 esse,
1590 2894 1681 2963 qui
1729 2902 1909 2964 patres
1936 2892 1988 2948 id

401 2995 563 3052 agere
604 2997 711 3036 non
754 2982 1041 3039 admodum
1084 2993 1302 3054 stupent
1349 3002 1364 3040 :
1413 2985 1658 3041 suﬂ‘ocari
1700 2986 1878 3042 autem
1931 3001 1991 3044 se

402 3072 629 3140 dicunt,
655 3087 718 3128 ac
747 3072 1017 3130 iracundia
1061 3075 1272 3131 incendi
1299 3078 1468 3141 ,‘cum
1496 3077 1711 3133 videant
1736 3093 1830 3133 eos
1853 3120 1869 3147 ,
1899 3078 1993 3149 qui

402 3179 578 3235 neque
607 3174 785 3235 patres
809 3177 954 3233 sunt,
982 3182 1156 3239 neque
1181 3169 1356 3235 amici,
1388 3185 1561 3241 neque
1585 3171 1987 3241 consanguinei,

405 3270 578 3325 neque
603 3256 705 3311 alia
750 3273 817 3313 ex
848 3267 996 3327 parte
1037 3261 1362 3326 necessarii,
1395 3261 1502 3315 imo
1529 3276 1674 3332 saepe
1719 3262 1883 3333 ignoti
1925 3262 1992 3317 iis

404 3346 493 3416 qtti
523 3345 882 3419 philosophari
914 3350 1214 3418 instituunt,
1247 3351 1350 3407 hoc
1378 3352 1552 3421 ipsum
1582 3354 1710 3422 pati,
1743 3367 1807 3409 ac
1846 3353 1989 3424 plus,

403 3452 564 3506 quam
611 3438 711 3509 ipsi
757 3447 937 3509 patres
979 3439 1161 3497 dolere
1185 3483 1200 3508 ,
1231 3457 1576 3513 cppttgnare,
1606 3451 1662 3499 et
1690 3444 1742 3498 in
1787 3444 1989 3500 crimen

404 3541 602 3583 vocare
642 3544 737 3584 eos
758 3570 774 3595 ,
804 3530 894 3600 qui
924 3530 1082 3600 hujus
1109 3533 1366 3602 propositi
1390 3541 1637 3589 auctores
1664 3534 1797 3605 ipsis
1823 3536 1989 3591 fuere.

409 3616 532 3672 Mihi
576 3634 704 3674 vero
746 3620 888 3691 quod
917 3622 1223 3692 oppositum
1265 3633 1346 3678 est
1375 3624 1569 3678 mirum
1598 3639 1719 3681 esse
1761 3625 1989 3681 videtur.

410 3708 515 3765 Eos
537 3710 679 3765 enim
697 3712 786 3781 qui
812 3712 956 3767 nullo
974 3711 1057 3769 vel
1087 3712 1264 3770 tutela:
1278 3714 1363 3771 vel
1390 3715 1639 3771 amicitiae
1658 3716 1781 3787 jure
1808 3709 1995 3773 tenett-

407 3816 514 3871 tur,
545 3803 732 3860 alienis
777 3805 828 3860 in
858 3806 1013 3861 bonis
1040 3806 1184 3877 angi,
1217 3822 1324 3863 non
1354 3807 1547 3863 mirum
1575 3808 1819 3864 videatur
1846 3824 1990 3878 esse,

405 3904 590 3966 utpote
634 3897 826 3968 partim
874 3898 1072 3955 invidia
1112 3907 1391 3970 correptos
1414 3942 1430 3969 ,
1478 3900 1669 3970 partim
1713 3916 1840 3957 vero
1886 3917 1996 3971 prae

409 3986 607 4042 malitia
665 4003 762 4044 sua
819 3989 1044 4046 aliorum
1101 3992 1393 4062 perniciem
1451 3990 1757 4048 felicitatem
1798 3993 1819 4024 ²
1876 4006 1997 4047 esse

408 4095 562 4138 suam
608 4080 966 4151 arbitrantes;
998 4085 1193 4141 misere
1236 4085 1287 4140 id
1314 4084 1530 4156 quidem
1572 4092 1628 4141 et
1670 4084 1992 4152 infeliciter,

409 4176 730 4233 arbitrantes
771 4186 946 4234 tamen
981 4195 994 4233 :
1027 4179 1169 4250 quod
1212 4186 1391 4235 autem
1418 4179 1493 4247 ii,
1522 4179 1613 4250 qui
1655 4186 1992 4249 genuerunt,

409 4270 499 4339 qui
525 4270 909 4340 educaverunt,
933 4271 1023 4343 qui
1049 4272 1371 4343 quotidianis
1397 4272 1536 4327 votis
1564 4279 1818 4342 exoptant
1843 4280 1998 4326 natos

405 4358 536 4416 suos
577 4376 637 4417 se
677 4362 807 4433 ipsis
852 4363 1223 4433 praeclariorcs
1249 4363 1432 4419 videre
1456 4404 1471 4429 ,
1502 4363 1593 4434 qui
1633 4378 1696 4418 ea
1724 4362 1794 4418 de
1837 4376 1997 4418 causa

409 4462 600 4508 cuncta
626 4452 827 4509 faciunt
847 4464 903 4509 et
925 4455 1226 4525 patiuntur;
1245 4468 1340 4509 eos
1363 4470 1461 4531 ceu
1487 4452 1713 4522 quadam
1741 4453 1999 4509 ebrietate

410 4552 688 4613 correptos
701 4554 924 4614 repente
948 4545 1143 4599 mutari
1160 4552 1214 4599 et
1235 4544 1356 4612 angi
1371 4543 1439 4599 de
1455 4544 1805 4613 philosophiae
1820 4546 1997 4602 studio

412 4650 442 4687 a
471 4633 593 4687 ﬁliis
621 4642 910 4704 suscepto;
939 4634 1072 4690 illud
1096 4642 1181 4690 est
1204 4635 1347 4705 quod
1372 4649 1471 4704 ego
1503 4635 1737 4690 maxime
1761 4637 1997 4691 omnium

413 4723 650 4779 admiror
670 4766 685 4790 ,
716 4724 846 4780 illud
882 4740 981 4796 ego
1007 4734 1378 4797 argumentum
1403 4740 1523 4781 esse
1550 4735 1678 4796 puto
1703 4725 1955 4782 idoneum
1979 4767 1995 4794 ,

413 4815 556 4887 quod
599 4817 776 4873 omnia
823 4826 1071 4889 corrupta
1113 4818 1427 4889 perditaque
1473 4819 1597 4873 sint.
1647 4817 1761 4874 Hoc
1803 4819 2000 4888 elapsis

413 4909 699 4981 contigisse
729 4910 1055 4981 temporibus
1081 4925 1240 4967 nemo
1281 4910 1513 4977 dixerit,
1546 4925 1616 4967 ne
1644 4918 1753 4965 tum
1784 4910 1998 4980 quidem

413 5018 536 5059 cum
586 5005 759 5075 palam
806 5003 1171 5061 dominaretur
1221 5020 1392 5060 error.
1442 5005 1520 5060 Ac
1567 5002 1736 5059 semel
1784 5003 1998 5073 quidem

414 5095 607 5152 accidit
635 5097 687 5151 in
725 5097 941 5153 civitate
966 5096 1151 5153 Graeca
1175 5140 1191 5166 ,
1220 5098 1314 5154 sed
1341 5113 1499 5168 quam
1538 5096 1746 5170 tyranni
1771 5111 2001 5167 occupa-

415 5189 542 5244 bant
573 5204 586 5242 :
619 5204 790 5260 neque
816 5198 992 5245 tamen
1016 5197 1144 5245 tunc
1158 5197 1447 5260 parentum
1474 5190 1666 5260 aliquis
1686 5230 1703 5256 ,
1735 5196 1792 5243 ut
1816 5203 1960 5243 nunc
1980 5227 1997 5256 ,

415 5280 509 5337 sed
555 5282 642 5353 qui
691 5297 869 5338 arcem
919 5291 1346 5353 occupaverant;
1380 5298 1482 5339 nec
1523 5298 1713 5339 omnes
1741 5282 1997 5353 quidem,

416 5374 719 5444 verumqui
767 5372 959 5429 horum
1004 5383 1121 5429 erat
1165 5373 1647 5443 ﬁagitiosissimus,
1679 5374 2000 5429 accersitum

339 5495 345 5501 -
418 5459 691 5518 Socratem
734 5464 951 5535 iubebat
977 5480 1008 5519 a
1039 5463 1391 5535 philosophia:
1432 5464 1673 5520 doctrina
1716 5464 1996 5520 absistere.

419 5553 489 5606 At
512 5551 603 5608 ille
624 5556 835 5624 quidem
857 5596 877 5624 ,
907 5564 1165 5628 tyrannus
1184 5596 1201 5623 ,
1232 5555 1462 5611 inﬁdelis
1483 5562 1539 5610 et
1573 5568 1747 5610 saavus
1769 5596 1785 5623 ,
1813 5556 1903 5625 qui
1932 5554 1999 5610 ad

480 5752 500 5782 ⁸
535 5750 726 5801 Librum
748 5753 877 5804 hunc
893 5767 1147 5817 vocamus,
1169 5755 1452 5813 secundum,
1480 5767 1543 5806 ex
1568 5755 1857 5817 auctoritate
1878 5755 1996 5805 duo-

421 5819 659 5880 rumttss.
688 5820 746 5880 μ
765 5826 886 5863 sane
907 5815 985 5880 hic
1005 5815 1141 5867 liber
1154 5818 1234 5869 vel
1258 5830 1321 5869 ex
1338 5818 1478 5867 modo
1500 5816 1720 5868 ordiendi
1741 5816 1801 5866 ad
1824 5829 2001 5880 praece-

419 5869 582 5937 deutil
599 5876 785 5937 seriem
797 5876 1014 5937 respicit.

482 5935 504 5967 ε
538 5940 637 5985 vox
654 5967 672 5997 ,
693 5932 1000 5999 felicitatem,
1027 5937 1171 5990 deest
1192 5940 1243 5990 in
1258 5940 1445 5991 duobus
1466 5947 1572 5992 Mss.

1808 5980 1847 6002 όν

2089 1977 2429 2033 evertendam
2442 1978 2822 2049 rempublicam
2834 1986 3024 2036 cuncta
3036 1978 3375 2043 moliebatur,
3391 1976 3699 2049 alienisque

2091 2070 2145 2125 in
2193 2070 2348 2124 malis
2400 2070 2763 2142 gloriabatur,
2818 2086 3015 2141 gnarus
3061 2070 3193 2126 nihil
3241 2070 3482 2142 perinde
3532 2079 3695 2140 atque

2093 2162 2252 2217 talem
2291 2163 2586 2233 jussioncm
2615 2165 2876 2234 optimum
2927 2163 3235 2233 reipublicte
3273 2171 3485 2219 statum
3537 2177 3695 2233 posse

2088 2263 2397 2324 pervertere
2419 2296 2435 2322 ,
2465 2254 2580 2311 lucc
2606 2269 2769 2311 ausus
2794 2265 2895 2312 est.
2927 2256 2995 2310 At
3033 2255 3089 2310 hi
3116 2255 3306 2311 ﬁdeles
3328 2298 3346 2324 ,
3376 2263 3436 2311 et
3475 2256 3531 2310 in
3558 2255 3697 2310 bene

2089 2345 2345 2401 institutis
2388 2347 2692 2404 civitatibus
2721 2346 2976 2419 degentes
2999 2390 3014 2415 ,
3046 2347 3347 2418 liberisque
3396 2348 3516 2404 suis
3561 2361 3695 2401 conc

2088 2439 2287 2493 sultum
2331 2439 2647 2509 cupientes,
2697 2440 2811 2496 haec
2853 2440 3040 2497 eadem
3089 2440 3235 2512 loqui
3277 2441 3531 2510 audent,
3576 2454 3691 2510 quae

2087 2534 2346 2599 tyrannus
2392 2528 2483 2585 ille
2510 2530 2652 2585 circa
2701 2529 2944 2587 subditos
2991 2545 3155 2599 suos,
3188 2545 3291 2586 nec
3343 2531 3685 2586 erubescunt.

2089 2617 2266 2686 Quare
2283 2619 2336 2675 hi
2353 2621 2444 2690 qui
2471 2620 2549 2676 sic
2577 2620 2940 2692 indignantur,
2958 2621 3131 2692 magis
3145 2636 3307 2691 quam
3341 2621 3444 2689 illi,
3460 2621 3689 2676 admira-

2093 2708 2239 2764 tione
2275 2709 2422 2780 digni
2447 2719 2592 2766 sunt.
2634 2710 2839 2768 Idcirco
2866 2721 2920 2767 et
2944 2727 3043 2783 ego
3070 2712 3189 2767 illos
3217 2712 3423 2768 missos
3453 2712 3650 2768 faciens
3668 2753 3684 2778 ,

2092 2798 2191 2854 hos
2215 2799 2307 2870 qui
2338 2800 2391 2855 in
2418 2800 2603 2870 primis
2628 2816 2811 2857 curam
2840 2801 3070 2857 ﬁliorum
3096 2810 3291 2873 gerunt
3318 2845 3333 2868 ,
3366 2804 3480 2858 imo
3516 2803 3688 2874 potius

2092 2903 2281 2959 gerere
2326 2890 2658 2960 debuerant,
2712 2907 2819 2947 non
2873 2903 3051 2949 autem
3105 2903 3338 2963 gerunt,
3404 2893 3597 2948 leniter
3638 2901 3691 2946 et

2092 2997 2299 3038 summa
2315 2999 2434 3040 cum
2452 2984 2819 3041 moderatione
2838 2985 3079 3056 alloquar
3097 3004 3110 3039 :
3129 2985 3197 3040 ab
3217 2985 3324 3039 illis
3350 2986 3685 3055 impetratum

2092 3068 2312 3143 cupiens
2337 3116 2352 3142 ,
2385 3083 2446 3129 ut
2489 3091 2595 3130 non
2638 3077 2862 3132 moleste
2908 3075 3121 3142 ferant,
3155 3091 3254 3131 nec
3303 3076 3683 3147 indignentur,

2093 3166 2140 3220 si
2181 3166 2298 3235 quis
2339 3181 2399 3222 se
2443 3181 2504 3223 ea
2546 3183 2666 3239 qua:
2709 3168 2945 3237 ipsorum
2990 3167 3113 3223 ﬁliis
3160 3167 3462 3238 expediunt
3505 3164 3685 3221 melius

2093 3273 2253 3315 nosse
2295 3259 2476 3328 dicat,
2506 3276 2666 3331 quam
2713 3260 2873 3316 iidem
2923 3260 3043 3331 ipsi.
3072 3259 3255 3330 Neque
3304 3260 3457 3315 enim
3500 3255 3685 3314 sufﬁcit

2095 3350 2265 3405 ﬁlium
2290 3366 2621 3419 procreasse,
2654 3360 2711 3406 ut
2735 3352 2905 3422 possit
2930 3359 3056 3406 nato
3087 3365 3281 3421 parens
3306 3357 3681 3421 congruentem

2095 3441 2480 3497 institutionem
2507 3442 2664 3509 dare;
2683 3442 2776 3497 sed
2806 3442 3103 3512 procreatio
3128 3442 3361 3497 multum
3393 3441 3597 3496 confert
3621 3438 3681 3490 ad

2096 3533 2262 3604 prolis
2303 3548 2543 3589 amorem
2564 3575 2579 3601 ,
2609 3532 2678 3589 ad
2723 3533 2839 3604 ejus
2866 3548 2995 3589 vero
3024 3532 3268 3611 idoneam
3315 3533 3680 3589 educationem

2095 3634 2150 3680 et
2189 3625 2523 3694 disciplinam
2569 3640 2740 3696 neque
2788 3625 3088 3695 procreatio
3134 3639 3313 3694 neque
3364 3638 3517 3679 amor
3538 3619 3682 3694 Isatis

2096 3727 2240 3774 sunt.
2271 3717 2405 3773 Nam
2434 3719 2478 3772 si
2502 3716 2605 3772 hoc
2633 3725 2794 3784 esset,
2817 3717 2997 3772 nullus
3018 3716 3290 3771 hominum
3320 3724 3479 3788 patre
3503 3709 3685 3767 melius-

2096 3822 2258 3864 nosse
2283 3807 2725 3879 possetquidnam
2742 3816 2886 3863 esset
2903 3808 3013 3862 ﬁlio
3038 3807 3237 3874 utilius,
3256 3800 3678 3877 quandoquidem

2097 3915 2258 3956 nemo
2298 3900 2496 3970 estqui
2541 3900 2712 3970 possit
2754 3892 2851 3954 illo
2893 3898 3061 3969 magis
3104 3897 3268 3952 ﬁlium
3299 3911 3509 3952 amare.
3539 3891 3681 3947 Nunc

2098 4006 2227 4047 vero
2263 4000 2443 4063 patres
2470 4006 2530 4047 se
2557 3990 2688 4046 illud
2729 3990 2976 4060 ignorare
3003 3989 3165 4059 gestis
3188 3988 3299 4042 suis
3324 3986 3676 4043 conﬁtentur;

2098 4100 2219 4141 cum
2250 4084 2315 4140 ad
2346 4084 2630 4155 magistros
2667 4082 2907 4149 ducunt,
2934 4096 3056 4138 cum
3101 4080 3407 4151 patdagogis
3436 4074 3674 4133 tradunt,

2099 4194 2219 4235 cum
2248 4179 2558 4233 innumeros
2585 4175 2918 4233 consiliarios
2959 4173 3251 4240 adhibent,
3284 4181 3343 4226 ut
3392 4171 3561 4226 sciant
3600 4163 3679 4219 cui

2099 4271 2224 4325 vita:
2250 4270 2491 4325 instituto
2520 4267 2658 4323 ﬁlius
2688 4266 2976 4323 tradendus
3005 4266 3092 4320 sit.
3120 4263 3303 4334 Neque
3332 4263 3530 4317 mirum
3559 4254 3674 4310 illud

2099 4370 2183 4418 est
2205 4401 2220 4427 ,
2251 4359 2348 4416 sed
2381 4359 2525 4431 quod
2549 4374 2670 4414 cum
2695 4359 2763 4415 de
2792 4358 2915 4413 ﬁliis
2941 4357 3280 4418 consultant,
3309 4355 3539 4409 aliorum
3560 4361 3675 4402 sen-

2100 4453 2361 4521 tentiam,
2421 4467 2519 4508 sua
2573 4466 2717 4523 saepe
2774 4450 3087 4521 repudiata,
3145 4448 3552 4518 amplectantur.
3605 4436 3683 4492 Ne‘

2101 4547 2281 4618 itaque
2327 4546 2556 4602 moleste
2584 4558 2685 4599 nos
2732 4541 2943 4609 ferant,
2973 4541 3020 4595 si
3065 4539 3304 4595 dicamus
3356 4551 3456 4592 nos
3501 4529 3675 4587 melius

2101 4654 2262 4694 nosse
2287 4638 2411 4709 quid
2454 4637 2557 4691 illis
2600 4637 2921 4701 conveniat;
2950 4633 3044 4689 sed
3071 4633 3172 4688 nisi
3220 4632 3271 4686 id
3310 4641 3458 4686 certa
3485 4624 3674 4681 ratione

2103 4729 2524 4801 probaverimus,
2544 4736 2670 4783 tunc
2688 4734 2960 4794 accusent,
2983 4734 3109 4780 tunc
3129 4722 3338 4795 probris
3360 4722 3605 4790 impetanl
3624 4718 3675 4765 ut

2104 4829 2503 4891 arrogantes,ac
2524 4827 2888 4889 corruptores,
2913 4818 3178 4887 totiusque
3199 4823 3403 4870 naturae
3424 4806 3669 4865 inimicos.

2172 4911 2228 4965 2.
2270 4910 2512 4978 Quonam
2538 4926 2668 4981 ergo
2692 4910 2853 4965 modo
2878 4907 3008 4964 illud
3045 4905 3385 4963 manifestum
3421 4901 3558 4964 erit,
3593 4902 3672 4946 aut

2103 5020 2207 5076 qua
2228 5006 2435 5060 ratione
2458 5004 2709 5070 sciemus,
2742 5002 2989 5072 quisnam
3019 5000 3090 5055 sit
3112 4999 3200 5069 qui
3230 4996 3370 5068 quod
3400 4995 3666 5050 consenta~

2103 5112 2262 5153 neum
2286 5105 2369 5152 est
2392 5096 2587 5163 videat,
2610 5104 2667 5151 et
2689 5095 2933 5166 quisnam
2957 5092 3006 5148 id
3027 5091 3239 5162 quidem
3269 5092 3408 5146 scire
3427 5083 3668 5140 videatur.

2105 5189 2408 5245 nullatenus
2437 5203 2564 5244 vero
2593 5187 2758 5242 sciat?
2785 5185 2841 5241 Si
2865 5184 3003 5241 dicta
3034 5198 3172 5249 mea,
3190 5197 3288 5238 ceu
3315 5175 3559 5252 quasdam
3579 5166 3665 5222 ob—

2098 5280 2379 5352 iectiones,
2398 5280 2465 5336 ad
2481 5294 2706 5336 examen
2723 5276 3050 5334 descendere
3068 5291 3132 5331 ac
3149 5273 3396 5346 congredi
3413 5270 3668 5337 cogentes.

2105 5372 2427 5444 incorruptis
2461 5372 2731 5443 judieibus
2768 5370 2883 5424 haec
2920 5367 3263 5439 disquirenda
3305 5361 3665 5444 permittamus:

2105 5468 2213 5524 Lex
2258 5468 2437 5538 itaque
2479 5464 2787 5521 certaminis
2815 5477 2913 5517 nos
2949 5461 3207 5517 adversus
3240 5455 3585 5513 Christianum
3608 5435 3666 5493 ad

2105 5575 2336 5632 pugnam
2364 5559 2513 5615 exire
2536 5557 2723 5627 jubet,
2751 5563 2912 5625 atque
2940 5568 3062 5607 cum
3087 5552 3180 5606 illo
3208 5557 3408 5605 tantum
3434 5544 3663 5635 Ρυεξξξτίξῗ

2107 5619 2349 5721 nihilque
2373 5619 2608 5720 amplius
2631 5619 2860 5717 requirit
2888 5660 2921 5700 a
2950 5642 3126 5698 nobis.
3158 5640 3294 5708 Quid
3321 5637 3453 5693 enim
3480 5624 3590 5721 mihi
3617 5619 3670 5721 tif

2105 5746 2168 5799 iis
2209 5716 2360 5799 etiam
2401 5716 2488 5813 qui
2513 5741 2637 5810 {oris
2670 5716 2788 5794 sunt
2808 5736 3044 5806 judicare
3073 5733 3161 5804 (ι.
3192 5731 3313 5788 Cor.
3364 5729 3427 5785 5.
3453 5716 3582 5813 ﬁl?
3608 5716 3675 5813 fi“

2107 5837 2297 5893 beatus
2346 5808 2569 5888 Paulus.
2611 5830 2809 5886 Verum
2864 5828 2987 5898 quia
3038 5827 3351 5896 plerumque
3413 5808 3673 5898 contingit.

2117 5890 2315 5991 multos
2352 5939 2536 5982 eorum
2566 5925 2656 5996 qui
2710 5920 2775 5976 ad
2819 5890 3011 5976 caelum
3038 5890 3485 5990 pertrahuntur,
3514 5890 3677 5954 inﬁde-
