3954 6404
292 341 326 370 Ι

135 455 268 513 ’331

159 566 362 642 γὰρτά
383 567 521 622 ἀλλα
541 566 724 640 παρῶ,
749 567 880 622 αὐτὸ
904 567 968 640 δὴ
987 567 1144 623 τοῦτο
1162 567 1224 622 τὺ
1243 568 1665 637 καταναγκάσαν
1688 569 1840 639 ἡμᾶς

154 659 236 720 εἰς
262 654 461 710 τοῦτον
488 657 736 710 καθεῖναι
762 659 853 712 τὸν
881 657 1058 726 λόγον,
1089 657 1189 728 οὐχ
1222 655 1405 710 ίκανδν
1431 657 1527 712 καὶ
1553 657 1712 728 μόνον
1739 658 1840 728 τῆς

153 743 503 815 κατεχούσης
543 743 701 798 νόσου
747 745 848 814 τὴν
879 745 1079 800 κακίαν
1117 744 1490 811 ἐνδείξασθαι;
1524 747 1588 798 Εἰ
1628 745 1738 817 γὰρ
1778 747 1842 800 τὸ

153 830 265 884 τῶν
292 829 514 884 οἰκείων
536 831 946 904 ἁμαρτημάτων
975 831 1048 902 μὴ
1069 831 1514 898 ἐπαισθάνεσθαι,
1539 832 1654 886 ἀλλ’
1674 831 1840 886 ἀναλ⁴

159 918 346 988 γήτως
376 917 743 988 πλημμελεῖν,
777 917 1003 988 ἔσχατος
1034 919 1160 990 ὅρος
1204 919 1405 984 κακίας
1435 919 1575 984 ἐστὶ,
1611 918 1715 972 ποῦ
1748 917 1843 972 τά-

159 1003 328 1075 ξομεν
359 1006 488 1068 τοὺς
531 1004 682 1068 νέους
712 1004 936 1069 τούτους
969 1005 1265 1076 νομοθέτας
1288 1007 1388 1076 τῆς
1421 1007 1616 1076 καινῆς
1638 1005 1843 1077 ταύτης

156 1093 254 1146 καὶ
297 1091 658 1162 ἀτοπωτάτης
681 1091 1021 1163 νομοθεσίας,
1060 1091 1114 1145 οἳ
1145 1093 1282 1163 μετὰ
1312 1093 1554 1156 πλείονος
1581 1092 1683 1164 τῆς
1705 1097 1845 1166 παῤ-

159 1179 362 1252 ρησίας
405 1179 534 1243 τοὺς
577 1180 678 1250 τῆς
713 1181 917 1252 ἀρετῆς
961 1180 1328 1235 ἀπελαύνουσι
1377 1179 1749 1246 διδασκάλους,
1805 1181 1840 1254 ἢ

987 449 1359 508 ADVERSUS
1389 450 1945 510 OPPUGNATORES
1981 449 2170 508 Vsz’E
2209 450 2512 508 MONAST.
2557 451 2686 510 LIB.
2729 450 2794 508 11.

3503 451 3611 508 539.

1943 567 2070 632 τοὺς
2090 567 2188 638 τῆς
2215 566 2416 630 κακίας
2435 565 2636 639 ἕτεροι,
2665 567 2761 621 καὶ
2781 567 2888 621 τῶν
2912 564 3419 639 πλημμλησάντων
3449 566 3612 620 πλέον

1943 654 2056 718 τοῖς
2082 653 2327 724 διορθοῦν
2358 653 2701 725 βουλομένοις
2729 667 2755 696 ι
2783 655 3296 726 ἐκπεπολέμωνται;
3333 654 3532 725 μᾶλλον
3558 656 3617 709 δέ
3722 641 3730 650 ’

1945 742 2082 814 πρὸς
2115 742 2358 807 ἐκείνους
2399 743 2500 814 μὲν
2535 741 2660 797 οὔτε
2693 743 2872 815 ἀηδῶς
2896 746 3130 816 ἔχουσιν,
3167 743 3291 798 οὗτε
3327 745 3618 814 ἐγκαλοῦσί

1945 846 2078 884 ποτε
2099 871 2115 898 ,
2157 829 2365 885 τούτων
2413 831 2471 885 δέ
2523 829 2626 885 κᾶν
2672 831 3066 902 ἀπογεύσαιντο
3109 833 3280 904 ἡδέως
3339 835 3620 905 μονονουχὶ

1948 915 2180 986 βοῶντες
2218 919 2312 970 καὶ
2337 918 2408 971 δι’
2432 911 2507 971 ὧν
2538 918 2756 987 λέγουσι
2797 919 2892 971 καὶ¹
2918 918 2986 971 δι’
3014 911 3090 974 ὧν
3127 920 3394 980 ποιοῦσιν,
3430 922 3514 974 ὅτι
3539 921 3622 974 δεῖ

1945 1005 2045 1074 τῆς
2066 1005 2267 1068 κακίας
2287 1005 2456 1078 ἀπρὶξ
2475 1005 2714 1076 ἔχεσθαι,
2741 1005 2836 1061 καί
2860 1005 3125 1078 μηδέποτε
3146 1007 3458 1062 ἐπανελθεῖν
3483 1007 3618 1078 πρὸς

1945 1092 2166 1163 ἀρετὴν,
2212 1093 2288 1156 ὡς
2320 1094 2382 1146 οὐ
2441 1094 2602 1164 μόνον
2642 1094 2772 1157 τοὺς
2820 1093 3102 1164 μετιόντας
3142 1095 3334 1166 αὐτὴν,
3361 1094 3495 1148 ἀλλά
3526 1095 3620 1146 καὶ

1944 1183 2072 1248 τοὺς
2089 1184 2272 1256 φωνὴν
2286 1184 2426 1256 ὑπὲρ
2441 1184 2642 1256 ταύτης
2659 1184 2820 1256 ῥῆξαι
2836 1184 3147 1256 τολμῶντας
3163 1183 3466 1256 ἀμύνεσθαι
3480 1184 3615 1237 δέον.

219 1272 252 1304 ⁸
271 1271 358 1322 Sic
381 1271 493 1321 Sav.
519 1275 575 1321 et
591 1270 763 1322 Morel.
785 1272 894 1322 Duo
915 1278 1082 1321 autem
1099 1285 1215 1322 mss.
1236 1272 1556 1337 πειρωμένοις.
1585 1271 1713 1322 Infra
1737 1285 1828 1336 pro
1851 1294 1852 1299 η

2030 1275 2303 1338 ογεύσαιντο
2323 1277 2592 1340 legendum
2611 1277 2808 1326 videtur
2828 1277 2915 1326 οὐκ
2937 1278 2992 1326 ἂν
3015 1276 3375 1339 ἀπογεύσαιντο.

845 1518 962 1594 [⁵η
1030 1533 1442 1649 ΠΡΟΣ
1529 1535 2214 1652 ΑΠΙΣΤΟΝ
2301 1540 2946 1678 ΠΑΤΕΡΑ,

1592 1728 1815 1782 ΛΟΓΟΣ
1850 1730 2227 1787 ΔΕΥΤΕΡΟΣ,

237 1987 310 2037 α’.
328 1978 512 2036 Ἱκανά
550 1979 648 2050 μὲν
679 1975 770 2034 οὖν
791 1978 887 2034 καὶ
916 1978 1086 2034 ταῦτα
1111 1978 1366 2034 ἔκστασιν
1396 1978 1730 2050 ἐργάσασθαι
1757 1980 1852 2034 καὶ

163 2072 396 2145 φρίκηνο
430 2069 534 2124 κᾶν
561 2070 623 2124 τὸ
649 2069 984 2142 προφητικόν
1007 2086 1092 2133 τις
1117 2071 1294 2122 ἐκεῖνο
1321 2069 1414 2122 ἐπὶ
1435 2067 1655 2134 τούτοις
1683 2069 1854 2139 φθέγ-

163 2178 338 2232 τηται
355 2158 471 2223 νῦν,
500 2159 584 2213 ὅτι
605 2157 858 2226 Ἑξέστη
887 2161 920 2212 ὁ
947 2159 1204 2226 οὐρανὸς
1217 2156 1316 2212 ἐπὶ
1339 2159 1549 2224 τούτῳ,
1565 2158 1664 2212 καί
1687 2159 1851 2228 ἔφρι-

169 2248 282 2312 ξεν
309 2247 348 2314 ἡ
379 2245 459 2317 γῆ·
483 2246 582 2300 ἑπί
607 2245 821 2300 πλεῖον
847 2245 1102 2314 σφόδραο
1142 2245 1256 2309 καὶ,
1287 2245 1370 2298 ὅτι
1395 2247 1729 2312 Ἔκστασις
1753 2245 1852 2305 καί

170 2337 394 2408 φρικτὰ
447 2336 702 2406 ἐγενήθη
759 2336 861 2392 ἐπὶ
907 2335 1018 2405 τῆς
1059 2335 1190 2406 γῆς,
1235 2336 1508 2406 εὐκαίρως
1557 2337 1736 2392 πάντα
1783 2337 1853 2390 τά

172 2424 404 2480 τοιαῦτα
431 2427 568 2496 ἐρεῖ.
595 2425 669 2478 T6
707 2424 764 2479 δέ
805 2425 1012 2478 τούτων
1050 2423 1452 2496 χαλεπώτερον,
1487 2425 1570 2478 ὃτι
1599 2426 1658 2479 ού
1695 2424 1853 2497 μόνον

172 2513 448 2584 ἀλλότριοι
474 2529 648 2575 τινες,
679 2511 772 2566 καὶ
793 2511 945 2565 οὐδὲν
965 2513 1078 2576 τοῖς
1112 2510 1635 2582 συμϐουλευομένοις
1680 2529 1853 2583 προσ-

172 2601 403 2672 ήκοντες
429 2598 653 2654 τοιαῦτα
689 2598 1056 2668 ἀγανακτοῦσι
1100 2599 1194 2652 καὶ
1227 2598 1691 2670 δυσχεραίνουσιν,
1718 2599 1854 2653 ἀλλά

173 2690 464 2757 συγγενεῖς
495 2688 588 2741 καὶ
627 2685 864 2758 πατέρες
895 2685 1097 2758 ἔμαθον
1119 2686 1258 2758 ὑπὲρ
1285 2686 1490 2740 τούτων
1516 2685 1850 2758 ὀργίζεσθαι.

174 2778 372 2832 Καίτοι
401 2792 466 2844 γε
497 2776 597 2830 οὐκ
628 2774 809 2845 ἀγνοῶ
837 2775 918 2830 ὅτι
943 2775 1130 2829 πολλοὶ
1162 2775 1299 2846 πρὸς
1337 2776 1434 2848 μέν
1461 2776 1582 2840 τοὺς
1612 2774 1852 2845 πατέρας

173 2865 336 2920 τοῦτο
362 2863 652 2928 ποιοῦντας
683 2863 743 2916 ού
776 2863 984 2934 σφόδρα
1017 2861 1427 2934 ἐκπλήττονται⁹
1452 2861 1854 2930 ἀποπνίγεσθαι

175 2955 236 3008 δέ
266 2971 401 3024 φασι
439 2952 516 3024 τῷ
540 2950 728 3023 θυμῷ,
769 2951 898 3005 ὅταν
923 2951 1074 3005 ῖδωσι
1093 2953 1220 3016 τοὺς
1253 2953 1392 3023 μήτε
1421 2951 1684 3022 πατέρας,
1717 2949 1853 3020 μήτε

175 3042 384 3111 φίλους,
421 3041 558 3112 μήτε
581 3041 883 3108 συγγενεῖς,
907 3041 1044 3111 μήτε
1062 3039 1282 3094 ἄλλοθέν
1306 3039 1470 3093 ποθεν
1489 3037 1852 3108 ἐπιτηδείους,

176 3127 442 3192 πολλάκις
476 3127 534 3180 δὲ
572 3127 668 3180 καὶ
705 3125 954 3194 ἀγνῶτας
985 3126 1148 3190 ὄντας
1184 3130 1297 3190 τοῖς
1335 3126 1642 3196 φιλοσοφεῖν
1670 3128 1857 3197 αἱρου-

181 3217 369 3287 μένοις
391 3214 456 3268 τὸ
481 3213 612 3267 αὐτὸ
633 3213 792 3267 τοῦτο
822 3213 1154 3285 πάσχοντας,
1193 3214 1286 3268 καί
1319 3212 1515 3285 μᾶλλον
1541 3213 1652 3268 τῶν
1683 3212 1854 3267 πατέ-

188 3313 299 3369 ρων
325 3299 710 3372 δακνομένους,
743 3300 836 3352 καὶ
864 3298 1258 3372 πολεμοῦντας,
1291 3301 1385 3354 καί⁵
1419 3299 1858 3372 κατηγοροῦντας

179 3391 292 3446 τῶν
327 3389 740 3446 ἀναπεισάντων
791 3387 1011 3452 αὐτούς.
1059 3387 1218 3459 Ἐμοὶ
1261 3388 1318 3442 δέ
1359 3389 1670 3442 τούναντίον
1718 3383 1858 3441 εἶναι

178 3481 332 3532 δοκεῖ
355 3476 665 3548 θαυμαστόν
685 3488 736 3529 ι.
761 3477 901 3540 Τοὺς
933 3476 1030 3546 μὲν
1048 3476 1159 3547 γὰρ
1183 3476 1319 3548 μήτε
1344 3475 1692 3548 κηδεμονίας,
1721 3475 1859 3548 μήτε

182 3567 368 3637 φιλίας
391 3563 612 3636 ἔχοντάς
635 3581 686 3618 τι
708 3563 1002 3634 δικαίωμα,
1027 3563 1179 3617 οὐδὲν
1199 3563 1426 3626 ἀπεικός
1455 3566 1602 3618 ἐστιν
1632 3564 1724 3616 ἐπὶ
1747 3565 1861 3628 τοῖς

182 3654 484 3726 ἀλλοτρίοις
513 3651 698 3721 ἀλγεῖν
740 3651 997 3721 ἀγαθοῖς,
1028 3650 1105 3722 πὴ
1148 3651 1246 3722 μὲν
1275 3649 1380 3704 ὑπὸ
1417 3650 1714 3721 βασκανίας
1745 3650 1862 3706 ἀλι-

185 3742 522 3813 σκομένους,
569 3741 646 3813 πὴ
679 3739 736 3794 δέ
768 3740 868 3811 τῆς
920 3739 1124 3804 οἰκείας
1157 3738 1360 3802 κακίας
1407 3739 1506 3811 τὴν
1543 3739 1650 3791 τῶν
1682 3737 1860 3792 ἀλλων

186 3829 470 3885 ἀπώλειαν
493 3827 784 3900 εύτυχίανιι
799 3825 1290 3894 εἷναινομίζοντας,
1304 3825 1503 3890 ἀθλίως
1531 3827 1628 3898 μέν
1649 3826 1744 3880 καὶ
1763 3843 1862 3880 τα-

186 3913 514 3991 λαιπώρως,
545 3918 868 3989 νομίζοντας
896 3918 941 3972 δ’
968 3913 1063 3974 οὖν
1091 3919 1263 3990 ὅμως·
1315 3917 1376 3972 τὸ
1418 3917 1476 3972 δὲ
1507 3919 1634 3982 τοῦς
1664 3935 1860 3990 γεννη-

188 4006 480 4076 σαμένους,
523 4005 652 4069 τοὺς
699 4003 1215 4076 ἀναθρεψαμένους,
1263 4005 1393 4070 τοὺς
1454 4004 1576 4058 καθ’
1623 4005 1862 4074 ἑκάστην

186 4092 518 4163 εὐχομένους
564 4091 779 4166 ἡμέραν
815 4092 1281 4163 εύδοκιμωτέρους
1331 4091 1482 4160 σφῶν
1521 4091 1700 4145 αὐτῶν
1733 4092 1862 4156 τοὺς

191 4180 392 4243 παῖδας
429 4179 578 4244 ἰδεῖν,
633 4182 760 4244 τοὺς
790 4180 969 4234 πάντα
1000 4178 1090 4232 διὰ
1119 4178 1278 4232 τοῦτο
1319 4179 1414 4234 καὶ
1447 4179 1736 4240 ποιοῦντας
1769 4179 1864 4231 καὶ

190 4268 500 4339 πάσχοντας
519 4286 532 4300 ·
568 4267 792 4331 τούτους
819 4267 876 4320 δέ
926 4266 1116 4338 ὥσπερ
1148 4265 1213 4319 ἐκ
1238 4283 1384 4329 τινος
1409 4265 1580 4336 μέθης
1605 4266 1864 4337 ἐξαίφνης

197 4354 703 4426 μεταϐαλλομένους
725 4355 932 4425 ἀλγεῖν,
951 4355 1044 4408 ἐπ)⁸
1069 4354 1358 4426 φιλοσοφίᾳ
1383 4353 1492 4406 τῶν
1507 4353 1712 4406 παίδων
1738 4355 1864 4421 ἀγο-

196 4444 378 4516 μένων
416 4445 620 4509 αὒτοῖς’
652 4445 810 4499 τοῦτό
839 4447 986 4498 ἐστιν
1018 4445 1046 4498 ὅ
1083 4443 1319 4516 μάλιστα
1348 4445 1564 4498 πάντων
1596 4442 1705 4512 ἐγὼ
1737 4445 1866 4496 051'.)-

195 4529 379 4603 μάξω,
411 4532 506 4586 καὶ
542 4533 636 4586 τοῦ
669 4533 845 4586 πάντα
873 4532 1195 4605 διεφθάρθαι
1221 4534 1518 4604 τεκμήριον
1551 4527 1689 4586 εἷναί
1724 4549 1864 4602 φημι

193 4620 404 4674 ἱκανόν.
434 4619 606 4674 Τοῦτο
635 4621 744 4692 γάρ
773 4621 885 4674 οὐδ’
913 4621 1004 4674 ἐπὶ
1043 4619 1150 4674 τῶν
1179 4620 1487 4693 ἔμπροσθεν
1517 4620 1723 4692 χρόνων
1753 4620 1865 4690 ἐχοι

191 4724 284 4773 τις
315 4708 382 4762 ἂν
417 4710 780 4780 γεγενημένον
820 4711 1012 4775 εἰπεῖν,
1051 4709 1138 4762 ὅτε
1171 4710 1263 4762 καὶ
1288 4709 1388 4780 τῆς
1411 4708 1618 4772 πλάντπς
1646 4708 1866 4779 ἐκράτει

193 4797 489 4868 λαμπρῶς
538 4797 653 4850 ἀλλ’
699 4798 916 4866 ἐγένετο
962 4798 1062 4868 μὲν
1103 4797 1252 4862 ἅπαξ
1287 4799 1344 4850 ἐν
1389 4797 1650 4869 Ἑλληνίδι
1688 4797 1864 4860 πόλει,

190 4903 460 4958 τυραννου
469 4886 606 4958 μένῃ
622 4886 698 4940 δέ.
717 4886 850 4940 Οὐδὲ
873 4885 980 4958 γὰρ
1000 4887 1063 4958 δὴ
1080 4886 1198 4940 τότε
1231 4886 1338 4940 τῶν
1364 4887 1566 4956 γονέων
1587 4905 1672 4951 τις
1701 4886 1870 4940 καθά-

194 4991 310 5044 περ
369 4973 486 5036 νῦν,
517 4974 633 5028 ἀλλ’
661 4977 712 5028 οί
751 4975 850 5046 τὴν
878 4974 1173 5046 ἀκρόπολιν
1219 4975 1636 5040 καταλαϐόντες,
1670 4975 1869 5046 μᾶλλον

191 5063 256 5116 δέ
287 5063 410 5116 οὐδὲ
439 5057 584 5117 οὗτοι
611 5063 832 5128 πάντες,
861 5062 1000 5117 ἀλλά
1036 5063 1130 5117 καὶ
1166 5063 1372 5117 τούτων
1397 5063 1576 5116 αὐτῶν
1605 5066 1632 5117 6
1658 5061 1867 5133 μιαρώ-

192 5167 363 5214 τατος
391 5150 483 5204 τὸν
513 5150 810 5223 Σωκράτην
839 5149 1098 5211 καλέσας,
1133 5149 1352 5202 ἐκέλευε
1374 5150 1481 5202 τῶν
1503 5150 1645 5221 ὑπὲρ
1667 5149 1870 5217 φιλοσο-

197 5236 332 5306 φίας
372 5237 677 5310 ἀποστῆναι
711 5239 904 5306 λόγων.
937 5237 1080 5290 Ἀλλ’
1113 5239 1319 5302 ἐκεῖνος
1351 5237 1452 5308 μὲν
1483 5237 1576 5292 καὶ
1609 5236 1870 5309 τύραννος

199 5325 300 5378 καὶ
330 5324 558 5390 ἄπιστος
589 5327 684 5380 καὶ
723 5325 872 5397 ὠμὸς
901 5327 997 5380 καὶ
1021 5325 1110 5379 ἐπ’
1149 5327 1428 5396 ἀνατροπῇ
1463 5325 1561 5396 τῆς
1593 5325 1871 5389 πολιτείας

199 5411 420 5466 ἅπαντα
453 5413 730 5485 πράττων,
757 5413 850 5467 καὶ
885 5416 998 5477 τοῖς
1023 5413 1323 5485 ἀλλοτρίοις
1354 5411 1633 5483 ἐντρυφῶν
1657 5414 1868 5477 κακοῖς,

199 5499 301 5554 καὶ
323 5498 478 5564 εἰδὼς
499 5501 580 5554 ὅτι
609 5500 886 5554 πολιτείαν
909 5501 1141 5573 ἀρίστην
1168 5500 1323 5555 οὐδὲν
1351 5499 1541 5572 ἕτερον
1569 5499 1870 5572 ἀνατρέψαι

199 5586 462 5651 δύναται,
495 5585 570 5650 ὡς
607 5586 669 5640 τὸ
713 5585 956 5641 τοιοῦτον
1002 5589 1304 5658 ἐπίταγμα,
1341 5586 1516 5640 ταῦτα
1545 5587 1862 5657 ἐτόλμησεν⁹

202 5666 353 5728 οῦτοι
379 5673 437 5728 δὲ
459 5675 662 5739 πιστοὶ,
696 5675 788 5728 καὶ
809 5677 867 5730 ἐν
895 5675 1315 5746 εὖνομουμέναις
1340 5674 1500 5746 δῆθεν
1530 5674 1717 5729 πόλεσι
1744 5673 1874 5740 ζῶν-

201 5779 319 5826 τες,
361 5765 457 5816 καὶ
488 5762 620 5834 περὶ
665 5763 872 5816 παίδων
901 5762 1010 5815 τῶν
1047 5762 1226 5816 αὐτῶν
1261 5761 1654 5832 βουλευόμενοι,
1693 5763 1871 5816 ταῦτα

203 5847 540 5920 φθέγγεσθαι
564 5847 855 5918 τολμῶσιν,
883 5847 918 5902 ἀ
953 5849 1080 5920 περί
1107 5848 1212 5902 τῶν
1237 5849 1685 5920 τυραννουμένων
1719 5850 1747 5901 ὁ
1777 5848 1872 5902 τύ-

263 6022 298 6088 _‘
318 6017 403 6088 S_I_c
423 6019 536 6088 Say.
557 6024 614 6088 ει
631 6020 728 6068 duo
747 6033 864 6088 gms:
887 6019 952 6088 Δί
972 6021 1090 6072 Mor.
1112 6021 1378 6074 τούναντίον
1401 6025 1500 6076 ἐστὶ
1527 6027 1665 6088 θανμ.

267 6081 300 6124 b
321 6081 560 6146 Εὐτυχίαν
584 6081 726 6132 does!
751 6080 799 6132 in
823 6081 1012 6134 duobus
1030 6099 1146 6135 mss.

1832 5985 1916 6044 ff

1957 1997 2166 2052 ραννος.
2190 1980 2284 2034 καὶ
2311 1982 2412 2035 οὐκ
2432 1981 2796 2052 αἰσχύνονται·
2821 1980 2961 2036 ὥστε
2985 1983 3126 2054 ύπέρ
3147 1983 3351 2038 τούτων
3375 1985 3578 2056 μᾶλλον
3597 1997 3624 2028 ε

1949 2068 2434 2140 δυσχεραινόντων,
2468 2069 2502 2140 ἢ
2534 2071 2642 2122 τῶν
2674 2069 2849 2125 ἄλλων
2894 2069 3193 2142 θαυμάζειν
3227 2073 3354 2144 χρή.
3397 2075 3508 2128 Καὶ
3537 2075 3625 2128 διὰ

1949 2157 2109 2210 τοῦτο
2136 2158 2232 2212 καὶ
2263 2157 2428 2222 αὐτὸς
2452 2157 2678 2212 ἐκείνων
2715 2159 3006 2230 ἀφέμενος,
3039 2158 3251 2222 τούτοις
3282 2158 3364 2223 οἷς
3395 2162 3625 2231 μάλιστα

1954 2245 2106 2315 μέλει
2135 2245 2244 2298 τῶν
2270 2245 2497 2308 παίδων,
2544 2243 2745 2316 μᾶλλον
2771 2245 2828 2298 δέ
2865 2241 2946 2310 οἷς
2975 2247 3158 2316 μέλειν
3191 2247 3288 2318 μὲν
3314 2248 3442 2314 ἔδει,
3476 2249 3626 2320 μέλει

1949 2329 2006 2384 δέ
2048 2330 2323 2401 οὐδαμῶς.
2361 2331 2676 2401 διαλέξομαι
2719 2332 3011 2404 προσηνῶς
3037 2335 3133 2386 καὶ
3181 2337 3296 2404 μετ’
3327 2337 3627 2400 ἐπιεικείας

1951 2417 2170 2489 πολλῆς,
2197 2417 2311 2490 [58]
2332 2417 2586 2474 τοσοῦτον
2613 2419 2812 2482 αὐτοὺς
2829 2422 3309 2492 παραιτησάμενος
3334 2423 3408 2493 μὴ
3437 2423 3628 2493 δυσχε-

1954 2505 2178 2578 ραίνειν,
2211 2504 2347 2576 μηδέ
2363 2506 2710 2574 ἀγανακτεῖν,
2726 2506 2876 2569 είτις
2895 2507 2957 2559 τὸ
2982 2506 3257 2572 λυσιτελὲς
3275 2511 3387 2572 τοῖς
3407 2510 3629 2562 ἐκείνων

1951 2594 2107 2647 παισί
2132 2593 2332 2664 μᾶλλον
2359 2593 2540 2649 αύτῶν
2571 2593 2799 2648 ἐκείνων
2825 2593 3025 2647 εἰδέναι
3052 2593 3264 2663 λέγοιά.
3293 2597 3367 2648 Οὐ
3401 2596 3508 2668 γάρ
3531 2597 3629 2667 ἀρ-

1952 2683 2040 2734 κεῖ
2069 2681 2130 2735 τὺ
2173 2683 2394 2750 σπεῖραι
2437 2680 2604 2734 παῖδα
2643 2679 2779 2751 πρός
2819 2681 2882 2733 τὸ
2931 2682 3208 2752 συμφέρον
3246 2693 3270 2721 θ
3303 2682 3397 2736 τὸν
3435 2700 3629 2752 γεννη-

1953 2767 2115 2824 θέντα
2139 2767 2344 2835 διδάξαι
2369 2768 2460 2821 τδν
2475 2767 2891 2838 γεννησάμενον,
2914 2766 3048 2822 ἀλλὰ
3075 2769 3212 2840 πρὸς
3244 2769 3340 2838 μὲν
3357 2770 3454 2838 τὴν
3476 2769 3632 2838 φιλο-

1955 2857 2212 2928 στοργίαν
2275 2853 2371 2910 τοῦ
2411 2855 2695 2926 τεχθέντος
2763 2854 2976 2925 μεγάλα
3004 2856 3070 2910 ἀν
3095 2855 3255 2910 τοῦτο
3284 2856 3630 2928 συμϐάλοιτο.

1954 2945 2089 3016 πρὸς
2119 2944 2178 2998 δέ
2211 2943 2272 2996 τὸ
2304 2943 2500 3016 μαθεῖν
2531 2943 2697 2996 αὑτοῦ
2728 2941 2790 2995 τὸ
2821 2943 3097 3007 λυσιτελὲς
3125 2943 3390 3016 ἀκριϐῶς,
3417 2943 3538 2997 οὔτε
3572 2944 3635 2998 τὸ

1956 3031 2202 3103 σπείρειν
2230 3029 2356 3084 οὔτε
2381 3031 2442 3084 τὸ
2472 3031 2646 3100 φιλεῖν
2679 3030 2965 3102 ἀρκέσειεν
2985 3030 3071 3085 ἀν.
3109 3030 3263 3084 Ἐπεὶ
3286 3033 3335 3085 εἰ
3368 3031 3525 3086 τοῦτο
3544 3027 3632 3103 ἧν.

1954 3118 2144 3173 οὐδένα
2167 3117 2472 3190 ἀνθρώπων
2488 3116 2694 3188 πατρὸς
2721 3117 2924 3187 μᾶλλον
2942 3117 3002 3170 τὸ
3016 3118 3286 3188 χρήσιμον
3311 3119 3480 3188 ἐχρῆν
3503 3119 3636 3191 όρᾷν

1954 3205 2034 3276 τῷ
2063 3205 2246 3269 παιδὶ,
2281 3203 2470 3276 ἐπειδὴ
2510 3205 2649 3276 μήτε
2680 3203 2855 3274 φιλεῖν
2886 3203 3088 3274 μᾶλλον
3127 3204 3293 3256 αὐτοῦ
3329 3205 3436 3258 τῶν
3462 3205 3636 3260 ἄλλων

1962 3292 2180 3348 δύναιτό
2221 3309 2306 3356 τις
2336 3291 2544 3346 τοῦτον·
2583 3291 2678 3345 νῦν
2715 3291 2773 3344 δέ
2807 3290 2901 3344 καί¹
2933 3290 3086 3344 αὐτοὶ
3115 3292 3165 3343 οἱ
3194 3291 3430 3362 πατέρες
3465 3291 3532 3345 δι’
3561 3285 3636 3348 ὦν

1965 3379 2215 3434 ποιοῦσιν
2241 3377 2566 3451 ὁμολογοῦσι
2603 3376 2762 3432 τοῦτο
2796 3377 3032 3447 ἀγνοεῖν,
3065 3378 3191 3432 ὅταν
3220 3377 3357 3450 πρὸς
3385 3377 3636 3433 διδασκά-

1964 3467 2088 3532 λους
2127 3466 2332 3538 ἄγωσιν
2372 3464 2418 3530 ί,
2462 3467 2588 3519 ὅταν
2644 3463 3015 3532 παιδαγωγοῖς
3052 3463 3458 3535 ἐγχειρίζωσιν,
3510 3465 3639 3518 ὅταν

1969 3554 2196 3628 μυρίους
2222 3553 2692 3627 παραλαμϐάνωσι
2714 3551 3050 3622 συμϐούλους
3070 3590 3086 3616 ,
3119 3552 3248 3622 περὶ
3272 3551 3369 3622 τῆς
3397 3550 3490 3604 τοῦ
3524 3551 3638 3621 βίου

1965 3644 2367 3716 προαιρέσεως,
2395 3645 2478 3712 ἐφ’
2508 3643 2575 3714 ἢν
2599 3641 2691 3716 τὸν
2721 3641 2882 3696 παῖδα
2913 3641 3068 3710 ἄγειν
3105 3640 3206 3706 δεῖ,
3239 3640 3636 3711 βουλευόμενοι.

1965 3732 2077 3786 Καὶ
2107 3731 2168 3784 οὐ
2203 3730 2359 3784 τοῦτό
2398 3748 2484 3784 πω
2521 3729 2852 3800 θαυμαστὸν,
2884 3728 2998 3782 ἀλλ’
3024 3729 3107 3782 ὃτι
3138 3727 3401 3791 πολλάκις
3445 3727 3641 3796 βουλῆς

1965 3819 2277 3890 γινομένης,
2305 3817 2402 3890 τὴν
2430 3817 2610 3872 αὐτῶν
2634 3817 2738 3870 ἀκυ
2749 3814 3040 3889 ρὼσαντες,
3062 3814 3160 3886 τὴν
3187 3814 3388 3886 ἐτέρων
3408 3813 3642 3884 ἔστησαν

1968 3907 2109 3978 ὑπὲρ
2134 3906 2241 3960 τῶν
2271 3905 2488 3960 οἰκείων
2519 3905 2896 3976 βουλευόμενοι
2919 3903 3143 3958 παίδων.
3175 3902 3266 3974 Μὴ
3289 3904 3470 3956 τοίνυν
3509 3905 3641 3974 μηδέ

1969 3997 2106 4067 πρὸς
2131 3997 2281 4066 ἡμᾶς
2303 3994 2580 4066 δυσχερῶς
2609 3994 2902 4064 ἐχέτωσαν,
2937 3993 2986 4044 εἰ
3007 3991 3259 4061 λέγοιμεν
3281 3991 3342 4044 τὸ
3366 3990 3640 4062 συμφέρον

1967 4084 2150 4146 αὐτοῖς
2183 4081 2381 4136 εἰδέναι
2413 4078 2632 4152 μᾶλλον·
2662 4080 2778 4132 ἀλλ’
2803 4081 2850 4132 εί
2881 4079 2955 4149 μὴ
2987 4078 3077 4131 διά
3107 4079 3217 4131 τῶν
3239 4078 3412 4146 λόγων
3430 4077 3642 4132 ἀποδείη

1969 4169 2181 4239 ξαιμεν,
2217 4169 2338 4222 τότε
2367 4169 2693 4238 κατηγορεῖν
2721 4169 2766 4229 8,
2797 4165 2918 4218 τότε
2943 4165 3250 4218 διαϐάλλειν
3275 4165 3352 4228 ὡς
3379 4164 3640 4228 ἀλαζόνας

1969 4261 2130 4322 ὄντας
2167 4258 2262 4312 καὶ
2306 4256 2588 4328 λυμεῶνας
2621 4255 2714 4308 καὶ
2745 4255 2845 4324 τῆς
2877 4253 3088 4322 φύσεως
3130 4253 3351 4322 ἀπάσης
3389 4253 3637 4323 ἐχθρούς.

2043 4346 2111 4417 β’.
2133 4346 2258 4407 Πῶς
2274 4340 2366 4398 οῦν
2379 4343 2535 4396 τοῦτο
2549 4343 2696 4396 ἔσται
2709 4343 2867 4413 δῆλον
2888 4341 2980 4395 καὶ⁵
2998 4339 3160 4393 πόθεν
3179 4339 3526 4410 εἰσόμεθατίς
3545 4341 3641 4411 μὲν

1969 4437 1998 4488 6
2014 4434 2074 4488 τὸ
2097 4432 2374 4504 συμφέρον
2394 4431 2563 4495 ὅντως
2588 4431 2750 4504 ὁρῶν,
2773 4430 2855 4494 τίς
2884 4429 2940 4483 δέ
2965 4431 2992 4482 6
3014 4427 3185 4482 δοκῶν
3212 4427 3310 4497 μὲν
3329 4429 3484 4501 ὁρᾷν,
3501 4429 3645 4499 ὀρῶν

1971 4519 2026 4574 δέ
2060 4518 2344 4590 οὐδαμῶς;
2379 4519 2476 4572 Ἂν
2502 4519 2628 4582 τοὺς
2661 4519 2790 4589 παρ’
2817 4516 2952 4588 ἐμοῦ
2981 4515 3170 4584 λόγους
3201 4515 3452 4589 καθάπερ
3492 4519 3642 4580 τινὰς

1973 4609 2380 4678 ἀνταγωνιστὰς
2421 4607 2502 4672 εἰς
2553 4607 2799 4672 ἐξέτασιν
2845 4605 3087 4660 κατιέναι
3130 4607 3641 4674 καταναγκάσαντες

1973 4697 2068 4750 καὶ
2099 4695 2504 4768 συμπλακῆναι,
2538 4695 2664 4766 περὶ
2696 4693 2903 4748 τούτων
2928 4691 3249 4755 ἀδεκάστοις
3281 4697 3494 4762 κριταῖς
3525 4695 3642 4746 ἐπι-

1971 4783 2262 4856 τρέψωμεν
2298 4784 2397 4852 τὴν
2441 4780 2702 4846 ἐξέτασιν.
2743 4782 2800 4833 '0
2841 4780 2940 4851 μὲν
2972 4775 3067 4834 οῦν
3101 4779 3197 4833 τοῦ
3236 4780 3448 4849 ἀγῶνος
3481 4781 3640 4850 νόμος

1975 4873 2112 4944 πρὸς
2139 4871 2225 4924 τὸν
2253 4870 2574 4942 Χριστιανὸν
2601 4868 2930 4922 ἀποδύεσθαι
2961 4867 3194 4928 κελεύει,
3221 4869 3315 4920 κα)⁵
3339 4868 3474 4938 πρὸς
3497 4869 3640 4920 ἐκεῖ-

1975 4976 2063 5012 νον
2090 4955 2452 5026 ἀγωνίζεσθαι
2485 4957 2641 5028 μόνον
2664 4954 2714 5020 ιι,
2745 4957 2841 5008 καὶ
2869 4955 3051 5009 πλεῖον
3083 4955 3236 5008 οὐδὲν
3263 4955 3484 5007 ἀπαιτεῖ
3510 4955 3638 5022 παρ”

1975 5046 2153 5116 ἡμῶν.
2201 5045 2263 5098 Τί
2291 5043 2401 5114 γάρ
2427 5061 2527 5112 μοι
2556 5043 2654 5096 καὶ
2695 5027 2838 5108 τοὺς
2865 5041 2982 5106 ἔξω
3019 5043 3282 5110 κρίνειν;
3313 5040 3342 5092 6
3373 5039 3641 5111 μακάριος

1975 5133 2188 5195 Παῦλός
2213 5149 2398 5202 φησιν.
2419 5130 2559 5184 Ἀλλ’
2585 5130 2772 5202 ἐπειδὴ
2803 5131 3095 5201 συμϐαίνει
3127 5128 3355 5192 πολλοὺς
3389 5127 3483 5181 καὶ
3513 5127 3643 5181 ἀπί-

1978 5237 2135 5284 στους
2155 5218 2293 5274 εἶναι
2315 5219 2423 5272 τῶν
2447 5217 2584 5290 πρὸς
2609 5219 2699 5272 τὸν
2722 5219 2952 5290 οὐρανὸν
2977 5216 3287 5288 ἑλκομένων
3312 5215 3516 5268 παίδων
3539 5231 3644 5269 πα-

1974 5307 2171 5378 τέραςο
2202 5306 2381 5360 καίτοι
2412 5322 2477 5374 γε
2508 5305 2601 5359 τοῦ
2634 5306 2801 5376 νόμου
2830 5304 2940 5358 τῶν
2977 5304 3202 5372 ἀγώνων
3227 5301 3475 5368 ἀφιέντος
3493 5303 3643 5372 ἡμᾶς

1974 5393 2077 5464 τῆς
2103 5393 2241 5465 πρὸς
2273 5391 2496 5456 τούτους
2533 5393 2713 5464 μάχης
2734 5433 2748 5455 ,
2778 5392 2996 5453 ἑκόντες
3023 5389 3177 5444 αὐτοὶ
3215 5388 3310 5441 καὶ
3341 5388 3478 5459 μετά
3505 5407 3641 5460 προ-

1977 5482 2176 5555 θυμίας
2199 5482 2294 5536 καὶ
2314 5481 2451 5554 πρὸς
2469 5481 2694 5545 τούτους
2715 5476 3092 5548 ἀποδυσόμεθα
3108 5474 3374 5546 πρώτους.
3400 5477 3510 5532 Καὶ
3530 5477 3641 5531 είθε

2041 5659 2064 5720 εξ
2089 5656 2171 5720 Si.
2192 5670 2366 5708 omnes
2387 5661 2568 5720 praeter
2589 5655 2709 5720 Mm:-
2735 5654 2819 5715 qui
2842 5651 2994 5720 habfit
3020 5649 3243 5720 μάλβοζῖαο

2017 5718 2067 5796 ’τι
2089 5718 2182 5796 Sig
2194 5711 2500 5770 cormxi'mus
2523 5731 2554 5768 ε
2577 5711 2770 5767 duobus
2787 5727 2902 5763 mss.
2926 5711 3044 5763 Mor.
3077 5718 3130 5762 et
3151 5711 3320 5763 Honlf.
3341 5713 3454 5776 λέγῃ
3471 5749 3484 5772 ,
3527 5711 3646 5760 Sav.

1977 5781 2374 5892 λεῖεέἱξῗίἷδτει.
2408 5841 2524 5891 Sav.
2548 5837 2714 5894 παῖδα,
2737 5836 2895 5886 καὶτὸ
2914 5836 3172 5900 συμφέρον,
3185 5840 3281 5884 elc.
3307 5835 3416 5885 Duo
3435 5829 3642 5884 11153.καί

1977 5904 2032 5952 τὸ
2048 5905 2299 5978 ,συμφέρον
2320 5904 2393 5978 τῖςξ
2413 5902 2670 5978 γεννηθέντι
2693 5899 2875 5956 διδάξαι
2892 5899 2974 5948 τὸν
2995 5899 3359 5963 φυτευσάμενον.

2047 5963 2066 6003 ί
2095 5963 2205 6013 Dub
2222 5963 2342 6012 'mss.
2368 5963 2604 6025 ἀγάγωσι.

2047 6027 2070 6086 β
2098 6027 2282 6086 Supplr-
2307 6025 2393 6073 δεῖ.
2422 6025 2558 6074 Eon.

2045 6085 2070 6162 ξ
2098 6077 2180 6138 5ἱὲ
2205 6077 2316 6136 Snv.
2342 6091 2388 6137 cl
2417 6087 2514 6136 duo
2533 6098 2646 6136 mss.
2673 6087 2738 6138 Al
2761 6085 2879 6138 Mor.
2900 6084 3203 6150 ἀγωνίζεσθαι
3226 6077 3417 6143 μᾶλλον.
