3954 6442
259 500 386 558 533

257 611 419 667 libus
458 607 700 679 patribus
724 612 878 661 natos
905 618 1057 668 esse,
1088 603 1297 659 etiamsi
1328 603 1414 657 lex
1442 602 1751 659 certaminis
1775 617 1875 661 nos

260 717 302 757 ιι
328 713 515 772 pugna
547 711 670 754 cum
700 695 785 752 bis
803 694 1037 751 ineunda
1068 694 1265 750 liberos
1294 693 1458 759 sinat,
1487 702 1678 763 sponte
1701 701 1879 749 tamen

259 792 379 863 Ipsi
405 800 463 847 et
488 790 741 847 alacriter
769 788 901 843 istos
940 786 1139 857 primos
1162 785 1522 857 aggredimur.
1554 785 1726 856 Atque
1771 782 1879 840 uti-

259 900 399 940 nam
421 883 684 952 adversus
705 883 807 937 hos
821 890 1021 936 tantum
1044 881 1199 936 nobis
1214 889 1489 936 certamen
1506 889 1669 945 esset,
1691 895 1878 951 quam-

259 989 434 1045 quam
464 973 569 1029 hoc
597 972 867 1028 difﬁcilius
905 973 1011 1039 sit,
1042 972 1401 1042 plurimasque
1438 985 1601 1027 ansas
1648 971 1874 1026 habeat:

259 1065 531 1120 Animalia
559 1064 699 1118 enim
731 1063 877 1117 homo
907 1079 1009 1116 non
1031 1061 1242 1133 percipit
1260 1079 1323 1116 ea
1346 1077 1459 1133 qua:
1481 1070 1595 1116 sunt
1617 1060 1870 1130 Spiritus;

255 1156 487 1212 stultitia
528 1156 716 1227 quippe
743 1164 813 1210 est
841 1154 921 1209 illi
944 1152 1034 1227 (l.
1062 1153 1181 1209 Cor.
1210 1154 1263 1209 l.
1290 1153 1431 1223 l4):
1473 1153 1721 1224 idemque
1747 1168 1877 1209 con-

261 1248 432 1318 tingit
455 1262 519 1302 ac
548 1248 593 1302 si
622 1247 744 1317 quis
773 1247 934 1301 vellet
961 1246 1026 1300 ad
1057 1260 1295 1300 amorem
1342 1246 1491 1317 regni
1518 1246 1758 1317 aliquem
1789 1246 1876 1300 in-

261 1340 510 1404 ducere,
560 1339 648 1409 qui
679 1338 915 1393 nondum
959 1337 1203 1394 crederet
1235 1352 1348 1393 rem
1380 1338 1549 1407 ipsam
1592 1338 1872 1393 exsistere.

259 1433 526 1489 Attamen
554 1432 717 1488 rebus
742 1431 937 1485 nostris
973 1431 1051 1487 sic
1086 1430 1143 1484 in
1170 1440 1451 1502 angustum
1482 1430 1748 1498 redactis,
1780 1430 1878 1485 ad-

258 1540 460 1581 versus
485 1525 612 1579 istos
636 1532 836 1577 tantum
858 1531 1128 1578 certamen
1151 1523 1279 1577 mihi
1301 1537 1421 1578 esse
1447 1537 1721 1593 cuperem.
1742 1523 1873 1578 Nam

259 1618 529 1672 adversus
548 1615 761 1671 ﬁdelem
783 1624 1093 1687 argumenta
1115 1622 1406 1688 suppetunt
1440 1630 1601 1686 quam
1621 1616 1873 1686 plurima,

258 1709 370 1765 etsi
393 1717 552 1764 tantae
572 1708 740 1778 copiae
761 1708 1087 1778 voluptatem
1119 1708 1370 1763 obscuret
1401 1708 1737 1764 verecundizc
1760 1722 1872 1762 ma.-

257 1801 511 1874 gnitudo.
544 1800 709 1857 Pudet
750 1801 893 1856 enim
924 1816 1012 1855 me
1038 1799 1181 1872 quod
1210 1799 1467 1855 adversus
1496 1799 1637 1856 hunc
1661 1815 1759 1871 pro
1786 1800 1872 1855 bis

261 1912 501 1966 pugnam
531 1895 869 1973 committere
894 1909 1073 1964 cogar,
1123 1908 1420 1965 vereorque
1448 1908 1519 1949 ne
1554 1891 1658 1949 hoc
1695 1893 1869 1948 solum

260 1990 481 2043 crimen
502 1988 716 2058 gentilis
753 1987 875 2057 jure
906 1985 1035 2041 mihi
1064 1986 1232 2056 possit
1256 1985 1525 2054 objicere:
1555 2000 1679 2039 nam
1704 1984 1756 2038 in
1780 2000 1869 2040 re-

263 2080 427 2150 liquis
449 2079 597 2133 illum
622 2094 722 2149 ope
747 2077 941 2134 divinis
967 2077 1150 2148 gratiae
1178 2076 1333 2132 facile
1370 2079 1643 2145 capiemus
1669 2094 1680 2129 :
1711 2084 1872 2146 atque

259 2170 308 2224 si
333 2169 559 2225 voluerit
584 2180 736 2240 grato
756 2168 934 2223 animo
957 2167 1265 2239 procedere,
1289 2167 1396 2222 cito
1415 2166 1563 2221 illum
1583 2182 1690 2221 non
1710 2167 1870 2221 modo

260 2260 333 2315 ad
371 2275 609 2315 amorem
646 2258 805 2329 hujus
828 2259 950 2314 vitae
994 2257 1366 2325 traducemus,
1395 2273 1580 2313 verum
1610 2256 1677 2312 ad
1705 2257 1870 2328 ipsius

265 2366 482 2422 quoque
519 2350 777 2406 doctrina:
802 2350 1160 2414 desiderium,
1205 2364 1235 2403 a
1279 2364 1386 2419 quo
1411 2349 1523 2403 vita
1548 2348 1663 2404 hmo
1707 2365 1868 2419 argu-

268 2454 511 2500 mentum
539 2454 593 2500 et
623 2444 832 2499 initium
864 2442 1032 2498 ducit.
1060 2443 1288 2497 Tantum
1317 2442 1461 2497 enim
1487 2442 1638 2497 abest
1662 2450 1718 2497 ut
1738 2457 1866 2497 carm

266 2549 447 2593 tamen
471 2537 735 2592 adversus
758 2537 912 2590 illum
934 2534 1118 2590 subire
1144 2542 1379 2589 metuam
1409 2574 1425 2599 ,
1468 2542 1527 2588 ut
1550 2548 1672 2589 cum
1699 2549 1869 2604 expu-

263 2637 427 2699 gnatu
473 2627 830 2684 difﬁciliorem
875 2641 992 2681 mea
1033 2627 1276 2681 oratione
1323 2625 1699 2693 constituero,
1754 2635 1867 2681 tum

262 2721 479 2777 demum
516 2734 749 2791 pugnam
801 2717 1099 2788 aggrediar.
1144 2716 1432 2787 Fingamus
1475 2717 1618 2772 enim
1659 2725 1863 2787 patrem

264 2812 572 2882 hujusmodi
600 2827 705 2866 non
734 2810 893 2865 modo
927 2809 1184 2879 gentilem
1225 2822 1345 2864 esse
1368 2850 1384 2873 ,
1427 2808 1524 2864 sed
1552 2825 1663 2879 pra:
1691 2810 1866 2863 omni-

263 2904 362 2960 bus
388 2903 693 2959 hominibus
730 2902 973 2969 divitem,
1012 2900 1299 2971 insignem,
1333 2900 1572 2971 potentia
1608 2900 1872 2972 singulari

262 2995 574 3067 praeditum:
605 2994 800 3049 habeat
825 3006 984 3063 agros
1012 2992 1291 3061 plurimos,
1322 2992 1467 3047 aedes
1496 2992 1714 3060 multas,
1743 2992 1862 3048 auri

263 3086 542 3141 innumera
575 3085 794 3139 talenta.
827 3082 910 3139 Sit
938 3080 1160 3152 insuper
1188 3082 1333 3153 regia
1372 3081 1540 3152 patria
1562 3123 1579 3149 ,
1609 3081 1863 3137 illustris-

264 3179 400 3234 simo
426 3192 649 3250 genere,
679 3176 818 3232 ﬁlios
843 3176 976 3231 alios
1015 3189 1190 3246 neque
1221 3174 1446 3240 habeat,
1478 3189 1652 3245 neque
1677 3189 1737 3230 se
1766 3174 1864 3230 ha-

262 3262 495 3327 biturum
523 3276 725 3340 speret;
757 3267 851 3324 sed
877 3282 955 3335 ex,
972 3267 1074 3323 hoc
1099 3266 1216 3323 solo
1244 3264 1491 3337 pendeat.
1519 3265 1633 3320 lmo
1659 3274 1713 3321 et
1734 3264 1851 3335 ipse

265 3366 334 3421 sit
374 3380 597 3421 summae
626 3363 778 3433 spei,
804 3370 967 3433 atque
1009 3361 1077 3416 ad
1120 3360 1342 3430 imperia
1372 3366 1581 3415 mature
1607 3372 1860 3414 ascensu-

263 3473 354 3513 rus
374 3499 389 3523 ,
417 3464 727 3528 patremque
768 3454 1057 3526 Splendore
1092 3460 1447 3523 superaturus
1475 3460 1818 3521 exapectetur
1841 3492 1857 3518 ,

264 3549 613 3618 omnibusque
650 3549 770 3601 vita:
814 3545 1111 3602 commodis
1153 3545 1311 3615 longe
1361 3544 1677 3598 anteiturus.
1724 3544 1860 3599 Tum

262 3656 390 3697 vero
435 3640 491 3696 in
520 3638 698 3695 medio
728 3648 887 3693 tanta:
915 3637 1030 3707 spei
1060 3634 1282 3692 accedat
1305 3634 1496 3705 aliquis
1516 3675 1531 3700 ,
1564 3634 1738 3704 deque
1764 3635 1864 3690 hac

264 3730 596 3814 philosophia
635 3743 802 3793 verba
842 3728 1079 3801 faciens,
1129 3725 1450 3805 persuadeat
1487 3726 1537 3782 ei
1578 3733 1640 3781 ut
1668 3727 1864 3796 spretis

260 3832 509 3889 omnibus
530 3840 729 3887 vestem
759 3843 818 3885 se
843 3828 1091 3883 rusticam
1120 3825 1324 3894 induat,
1351 3839 1414 3880 ac
1429 3822 1610 3880 relicta
1638 3818 1771 3879 urbe
1795 3815 1863 3879 ad

263 3935 498 3982 montem
518 3922 818 3993 confugiat:
848 3920 1024 3990 ibique
1052 3919 1271 3989 plantet,
1303 3918 1459 3988 riget,
1489 3930 1682 3987 aquam
1706 3914 1861 3981 ferat,

265 4027 567 4086 ceteraque
611 4012 993 4069 monachorum
1041 4008 1201 4064 faciat
1239 4023 1438 4078 opera,
1475 4021 1596 4076 qua:
1643 4005 1763 4060 vilia
1806 4013 1863 4061 et

265 4109 477 4177 indigna
514 4120 633 4162 esse
682 4103 995 4159 videantur:
1026 4101 1095 4155 sit
1134 4108 1391 4170 przeterea
1413 4097 1569 4152 nudis
1604 4094 1862 4166 pedibus,

268 4196 412 4252 [intui
438 4197 629 4262 cubet;
662 4194 1031 4261 efﬁciaturque
1052 4205 1233 4245 macer
1259 4196 1314 4244 et
1339 4188 1566 4258 pallidus
1593 4187 1864 4242 formosus

266 4290 356 4344 ille
377 4289 507 4344 olim
530 4287 863 4349 adolescens,
891 4283 979 4354 qui
1009 4282 1168 4337 tantis
1195 4289 1351 4335 antea
1375 4280 1426 4333 in
1466 4278 1670 4333 deliciis
1697 4277 1865 4332 hono-

268 4382 514 4452 ribusque
534 4381 795 4450 degebat,
818 4386 1083 4447 tantaeque
1104 4375 1219 4446 spei
1239 4381 1374 4441 erat,
1402 4371 1683 4441 viliorique
1705 4385 1862 4440 quam

268 4476 402 4530 servi
428 4475 511 4529 sui
539 4482 688 4530 veste
713 4471 994 4528 induatur:
1021 4485 1148 4523 num
1177 4467 1307 4523 satis
1344 4466 1536 4521 multas
1565 4464 1864 4519 accusatori

269 4568 511 4624 dedimus
536 4581 728 4632 ansas,
768 4580 837 4618 an
874 4561 1005 4618 satis
1048 4559 1412 4616 adversarium
1467 4554 1863 4610 instruximus?

273 4661 335 4715 Si
367 4660 480 4715 bare
516 4675 624 4714 non
667 4656 800 4713 satis
843 4655 986 4721 sint,
1032 4652 1137 4707 alia
1183 4665 1396 4722 quoque
1433 4646 1860 4718 suppeditemus.

282 4756 541 4810 Praeterea
569 4766 759 4807 omnes
787 4756 998 4803 moveat
1027 4744 1303 4799 machinas
1328 4751 1480 4813 pater
1499 4782 1514 4809 ,
1543 4747 1601 4794 ut
1629 4738 1794 4804 ﬁlium
1832 4752 1862 4790 a

272 4848 544 4919 proposito
582 4844 848 4908 deducat;
893 4840 987 4896 sed
1026 4840 1330 4903 incassum,
1387 4843 1570 4905 utpote
1609 4847 1730 4888 cum
1776 4831 1865 4887 ille

274 4955 427 5011 supra
458 4947 660 5009 petram
688 4935 981 4991 collocatus
1011 4931 1101 4995 sit,
1147 4945 1210 4985 ac
1236 4927 1566 4993 fluminibus,
1594 4924 1786 4995 pluviis
1811 4932 1865 4978 et

274 5036 443 5089 ventis
479 5031 670 5087 cedere
707 5042 813 5081 non
839 5025 1009 5080 norit:
1042 5023 1222 5091 lugeat
1247 5021 1371 5075 item
1400 5029 1552 5088 pater
1598 5026 1757 5087 atque
1784 5016 1864 5071 la-

277 5138 479 5195 crymas
506 5116 836 5180 cmittat,ita
868 5125 927 5171 ιιι
956 5111 1380 5182 indignationem
1403 5107 1645 5162 omnium
1678 5118 1863 5162 contra

279 5229 375 5269 nos.
398 5213 685 5269 incendat:
731 5209 1013 5263 universos
1053 5203 1360 5273 frequenter
1402 5199 1558 5254 adeat
1588 5208 1646 5254 ut
1683 5214 1783 5254 nos
1811 5200 1862 5254 in

278 5308 469 5361 crimen
501 5311 682 5359 vocet:
709 5299 918 5365 Genui,
942 5294 1159 5352 educavi
1184 5335 1198 5358 ,
1230 5301 1549 5361 aetatemque
1570 5305 1781 5345 omnem
1811 5291 1861 5345 in

279 5396 523 5451 aerumnis
546 5392 797 5455 contrivi,
841 5397 1036 5444 cuncta
1075 5399 1239 5456 agens
1282 5391 1338 5437 et
1368 5382 1578 5451 patiens
1602 5420 1617 5445 ,
1650 5396 1772 5450 qua:
1797 5395 1863 5435 ex

282 5486 373 5543 hac
412 5487 704 5542 liberorum
729 5480 1048 5538 educatione
1070 5475 1319 5531 accidere
1344 5472 1522 5527 solent
1550 5487 1564 5526 :
1590 5485 1740 5539 Spem
1771 5470 1866 5525 lia-

282 5577 359 5632 hui
382 5578 639 5645 Optimam
661 5616 678 5642 ,
709 5573 1027 5644 pmdagogos
1048 5568 1354 5637 alloquutus
1379 5578 1496 5618 sum
1516 5603 1533 5630 ,
1578 5561 1865 5632 magistros

282 5667 595 5733 obsecravi,
643 5664 897 5736 pecunias
939 5658 1213 5730 impendi,
1261 5654 1480 5727 vigilavi
1508 5668 1653 5723 saepe
1677 5668 1862 5708 curant

283 5772 466 5827 gerens
486 5756 551 5811 de
575 5762 786 5821 ornatu,
813 5752 881 5807 de
900 5750 1253 5815 institutione,
1278 5756 1335 5802 ιιι
1354 5745 1620 5816 majorum
1646 5759 1863 5799 suorum

284 5848 475 5904 nemini
496 5846 714 5902 inferior
734 5852 897 5911 esset,
918 5852 975 5897 ut
998 5841 1247 5897 omnibus
1266 5844 1549 5909 appareret
1571 5836 1860 5894 illustrior:

287 5939 651 6011 ex-pcctabam
679 5938 839 6015 hunc
860 5935 1118 5995 senectuti
1161 5949 1296 5992 mea:
1325 5930 1515 5991 solatio
1541 5928 1655 5989 fore
1686 5947 1698 5986 :
1734 5947 1860 6003 pro-

1040 489 1406 547 ADVERSUS
1444 490 1994 548 OPPUGNATORES
2031 490 2221 549 νιτιε
2256 490 2548 552 MONAST.
2589 495 2720 554 LIB.
2762 497 2828 555 ll.

3465 510 3572 566 354

1986 620 2142 662 cessu
2162 608 2417 679 temporis
2436 608 2504 664 de
2525 626 2692 668 uxore
2715 620 2771 668 et
2794 612 2864 670 de
2888 617 3233 676 matrimonio
3249 623 3565 693 cogitabam,

1984 697 2052 754 de
2072 699 2329 770 imperio,
2361 699 2429 756 de
2468 702 2815 773 magistratu;
2857 722 2981 762 cum
3020 708 3310 782 derepente
3338 728 3437 769 ceu
3469 714 3567 770 ful-

1985 803 2106 843 men
2133 802 2188 844 et
2219 789 2454 859 procella
2485 792 2669 847 nescio
2709 793 2849 849 unde
2892 796 3104 854 irruens
3129 803 3568 870 pretiosissimam

1983 898 2215 952 navem,
2246 885 2425 941 multis
2469 888 2695 944 sarcinis
2727 889 3016 957 refertam,
3040 892 3314 966 latumque
3353 897 3570 969 pelagus

1982 991 2279 1044 emensam,
2298 980 2534 1035 secundo
2551 991 2710 1037 vento
2731 986 3089 1054 navigantem,
3106 1002 3223 1044 cum
3234 988 3343 1060 jam
3360 1001 3569 1060 portum

1980 1069 2297 1140 attingeret,
2330 1086 2497 1141 prope
2534 1072 2707 1142 ipsum
2731 1075 2928 1130 ostium
2968 1076 3256 1134 demersit:
3290 1091 3571 1153 metusque

1981 1160 2170 1230 ingens
2198 1162 2379 1229 adest,
2414 1178 2481 1219 ne
2525 1179 2629 1220 non
2659 1166 2820 1221 modo
2859 1176 3156 1223 extremam
3180 1183 3567 1241 paupertatem,

1980 1254 2075 1309 sed
2094 1256 2257 1310 etiam
2270 1256 2628 1313 miserabilem
2652 1268 2878 1314 mortem
2895 1275 2959 1316 ac
2976 1263 3265 1333 perniciem
3283 1266 3399 1320 viro
3413 1268 3572 1322 tantis

1980 1343 2187 1401 divitiis
2221 1347 2489 1404 instructo
2525 1365 2665 1404 saeva
2723 1359 3013 1420 tempestas
3054 1353 3262 1410 aﬁ‘erat.
3306 1354 3397 1412 Sic
3446 1372 3571 1427 pro-

1981 1435 2123 1494 fecto
2160 1438 2297 1494 mihi
2330 1454 2471 1496 nunc
2498 1441 2739 1512 contigit.
2781 1442 3025 1515 Namque
3068 1448 3433 1504 exsecrabiles
3464 1450 3562 1517 illi,

1981 1540 2323 1600 corruptores
2343 1572 2361 1598 ,
2406 1532 2719 1591 seductores
2747 1534 2906 1608 (haec
2930 1536 3075 1593 enim
3102 1538 3282 1604 dicat,
3313 1540 3443 1595 nihil
3488 1542 3566 1597 illi

1980 1620 2458 1694 succensebimus)
2505 1632 2666 1678 tanta:
2700 1626 2815 1694 spei
2850 1626 3014 1681 ﬁlium
3036 1668 3052 1693 ,
3092 1630 3384 1685 senectutis
3432 1647 3573 1688 mea:

1977 1712 2272 1779 nutriti-nn,
2297 1727 2393 1768 ceu
2414 1714 2626 1783 quidam
2653 1716 2936 1785 praedones
2955 1717 3006 1772 in
3036 1718 3252 1775 latibula
3269 1736 3365 1777 sua
3393 1723 3565 1779 abdu-

1980 1817 2139 1859 xere:
2163 1803 2403 1875 adeoque
2429 1805 2577 1861 illum
2598 1806 2715 1861 suis
2748 1808 3076 1864 carminibus
3110 1820 3557 1879 excantaverunt,

1974 1903 2032 1947 ut
2058 1893 2208 1947 malit
2237 1893 2495 1950 adversus
2523 1895 2748 1963 ferrum,
2784 1898 2960 1969 ignem
2986 1942 2998 1963 ,
3029 1899 3263 1970 belluas,
3296 1902 3561 1962 adversus

1976 1984 2154 2039 omnia
2188 1985 2421 2057 denique
2448 1996 2611 2054 stare,
2631 2005 2792 2059 quam
2826 1990 2901 2045 ad
2925 1992 3157 2060 priorem
3180 1994 3444 2050 fortunam
3474 2013 3562 2052 re-

1974 2091 2175 2131 meare.
2190 2077 2448 2147 Quodque
2461 2082 2675 2149 gravius
2695 2089 2798 2147 est,
2813 2090 3093 2151 postquam
3116 2084 3229 2139 hac
3250 2084 3322 2140 illi
3344 2102 3566 2154 persua-

1973 2177 2180 2237 serunt,
2198 2168 2389 2224 melius
2407 2184 2468 2224 se
2484 2169 2611 2240 quid
2642 2171 2770 2226 utile
2787 2172 2856 2227 sit
2878 2173 3019 2228 scire
3048 2173 3386 2241 proﬁtentur,
3405 2192 3562 2246 quam

1973 2272 2094 2314 nos.
2119 2259 2353 2315 Desertae
2385 2260 2497 2331 jam
2539 2260 2764 2331 domus,
2796 2263 2994 2319 deserti
3021 2264 3162 2336 agri:
3197 2266 3299 2336 ipsi
3318 2268 3567 2338 agricolae

1974 2363 2038 2403 ac
2063 2348 2203 2404 servi
2234 2350 2449 2406 tristitia
2486 2366 2548 2408 ac
2573 2352 2777 2422 pudore
2804 2355 2981 2423 pleni;
3021 2356 3294 2413 exsultant
3333 2359 3384 2414 in
3410 2361 3567 2416 malis

1972 2442 2109 2497 meis
2138 2442 2374 2511 inimici,
2406 2459 2470 2500 ac
2498 2445 2701 2514 pudore
2726 2446 3042 2515 operiuntur
3072 2450 3252 2504 amici.
3283 2451 3440 2519 Apud
3466 2467 3554 2509 me

1972 2542 2147 2588 autem
2179 2533 2322 2589 nulla
2352 2536 2616 2590 sententia
2642 2536 2865 2605 obtinet,
2894 2538 2997 2595 nisi
3026 2551 3104 2607 ut,
3134 2541 3395 2612 subjectis
3422 2545 3562 2615 igni-

1968 2623 2073 2678 bus
2095 2664 2110 2688 ,
2142 2635 2332 2680 cuneta
2372 2626 2532 2681 simul
2578 2643 2798 2684 exuram
2821 2670 2836 2696 ,
2869 2629 3012 2688 aedes
3035 2672 3052 2699 ,
3085 2647 3243 2703 agros
3266 2676 3282 2700 ,
3313 2645 3558 2691 armenta

1970 2713 2153 2784 boum,
2177 2730 2369 2787 greges
2391 2733 2661 2786 pecorum.
2686 2719 2781 2776 Cui
2821 2722 2963 2775 enim
3002 2722 3133 2777 mihi
3160 2725 3276 2779 usui
3303 2722 3418 2781 hare
3447 2726 3557 2796 jam

1969 2814 2146 2870 erunt,
2165 2820 2285 2861 cum
2317 2807 2408 2863 ille
2433 2823 2539 2863 non
2569 2809 2715 2865 adsit
2737 2811 2889 2881 cujus
2913 2826 3009 2866 usu
3037 2811 3150 2867 haec
3166 2823 3347 2883 parata
3372 2826 3559 2883 erant,

1968 2898 2211 2970 captivus
2225 2899 2429 2956 scilicet
2447 2900 2727 2968 abductus,
2750 2911 2909 2974 atque
2927 2903 3069 2973 apud
3086 2903 3347 2961 immanes
3366 2905 3561 2964 barba-

1970 3004 2063 3047 ros
2102 2992 2345 3048 servituti
2374 2992 2617 3050 addictus
2660 2995 2807 3050 omni
2838 3004 3010 3051 morte
3045 2997 3340 3053 acerbiori?
3367 2999 3562 3055 Dome-

1967 3082 2132 3138 sticos
2157 3097 2348 3140 omnes
2385 3083 2616 3153 pullatos
2649 3085 2899 3143 incedere
2919 3085 3053 3156 jussi
3074 3129 3089 3155 ,
3119 3089 3324 3160 aspersi
3377 3089 3561 3147 cinere

1968 3174 2182 3243 capita,
2224 3172 2512 3229 mulierum
2550 3174 2746 3231 choros
2788 3175 3024 3241 institui,
3047 3177 3293 3248 jussique
3326 3182 3560 3236 amarius

1968 3263 2244 3335 plangere,
2285 3280 2446 3336 quam
2485 3266 2531 3321 si
2575 3276 2846 3321 mortuum
2875 3268 3156 3324 vidissent.
3188 3270 3319 3326 Date
3345 3272 3558 3328 veniam

1968 3356 2086 3412 hcce
2110 3355 2326 3412 facienti
2356 3357 2522 3412 mihi:
2553 3356 2644 3413 hic
2673 3356 2806 3412 mihi
2831 3358 3007 3416 luctus
3051 3359 3211 3432 longe
3237 3361 3329 3416 illo
3353 3362 3555 3432 major:

1962 3448 2074 3519 jam
2104 3448 2236 3504 mihi
2276 3449 2368 3506 lux
2402 3450 2516 3522 ipsa
2542 3450 2767 3507 molesta
2792 3460 2912 3518 est,
2942 3453 3193 3524 ipsosque
3221 3455 3351 3510 solis
3378 3456 3559 3512 radios

1967 3540 2177 3610 ingrate
2202 3541 2460 3611 suspicio,
2494 3556 2614 3597 cum
2656 3543 2708 3597 in
2753 3552 2989 3599 mentem
3020 3545 3167 3601 venit
3191 3546 3421 3603 infelicis
3459 3548 3553 3603 ﬁlii

1968 3630 2218 3697 habitus;
2268 3647 2390 3687 cum
2433 3632 2582 3688 illum
2612 3634 2887 3689 vilissimis
2932 3635 3181 3705 agricolis
3224 3636 3558 3695 inhonestius

1971 3725 2222 3779 vestitum
2245 3738 2439 3791 cerno,
2464 3732 2624 3796 atque
2662 3725 2727 3781 ad
2772 3726 3061 3795 abjectiora
3090 3742 3251 3798 Opera
3290 3731 3510 3786 missum
3537 3748 3555 3797 ;

1967 3834 2091 3876 cum
2134 3814 2408 3875 immobile
2435 3816 2769 3888 propositum
2795 3816 2910 3887 ejus
2938 3817 3254 3885 considero,
3285 3834 3413 3874 uror
3431 3862 3447 3889 ,
3477 3820 3558 3875 la-

1967 3925 2147 3979 ceror,
2173 3908 2501 3983 disrumpor.

2041 4004 2095 4059 5.
2136 4002 2263 4058 llaec
2288 4003 2493 4071 dicens,
2525 3998 2868 4074 provolvatur
2891 4000 3050 4060 etiam
3083 4000 3414 4057 audientium
3455 4018 3553 4076 pe-

1968 4095 2158 4162 dibus,
2187 4103 2436 4166 aspergat
2474 4095 2654 4151 cinere
2702 4105 2863 4166 caput
2884 4136 2900 4161 ,
2933 4097 3184 4166 deturpet
3219 4099 3439 4168 pulvere
3477 4098 3558 4153 fa-

1967 4189 2104 4244 ciem
2129 4229 2145 4257 ,
2174 4202 2467 4256 omnesque
2487 4196 2735 4255 precetur
2754 4195 2813 4241 ut
2833 4178 3106 4256 porrigant
3125 4204 3364 4254 manum,
3388 4204 3555 4245 canos

1969 4279 2199 4334 vellicet.
2230 4278 2371 4333 Satis
2413 4286 2539 4345 pulo
2580 4276 2861 4346 diligenter
2898 4284 3263 4331 accusatorem
3302 4278 3556 4332 instruxi-

1968 4384 2109 4437 mus,
2139 4369 2207 4425 ad
2242 4367 2647 4424 inflammandos
2675 4366 2944 4421 auditores
2971 4381 3161 4423 omnes
3186 4407 3201 4433 ,
3235 4367 3557 4424 incitandos-

1968 4479 2074 4536 que
2096 4504 2113 4530 ,
2142 4472 2201 4517 ut
2228 4461 2418 4516 borum
2445 4469 2691 4517 auctores
2719 4476 2813 4530 per
2834 4460 3124 4530 prmcipitia
3150 4470 3329 4529 agant.
3353 4460 3557 4517 idcirco

1969 4556 2111 4611 enim
2137 4569 2416 4624 supremas
2444 4553 2683 4608 omnium
2707 4553 3073 4607 accusationes
3094 4552 3271 4608 verbis
3295 4553 3557 4622 expressi,

1970 4657 2061 4715 nt,
2087 4647 2190 4703 hoc
2219 4646 2289 4702 ita
2331 4653 2640 4716 comparato
2683 4653 2995 4700 accusatore
3026 4659 3122 4714 per
3163 4643 3396 4699 divinam
3438 4660 3560 4716 gra-

1971 4743 2098 4796 tiam
2146 4749 2446 4813 prostrato,
2475 4754 2540 4793 ex
2574 4738 2795 4808 reliquis
2833 4751 2992 4793 nemo
3017 4747 3202 4807 postea
3242 4739 3437 4793 mutire
3465 4753 3556 4792 va-

1972 4835 2099 4890 leat.
2139 4834 2309 4899 Nam,
2334 4847 2400 4889 eo
2438 4833 2519 4887 cui
2562 4831 2678 4887 haec
2717 4831 2898 4886 omnia
2945 4830 3104 4885 simul
3146 4840 3458 4901 competunt
3491 4831 3564 4885 ad

1971 4928 2238 4985 silentium
2271 4925 2486 4981 redacto
2505 4965 2519 4990 ,
2547 4924 2639 4994 qui
2661 4940 2766 4979 non
2804 4923 2981 4980 omnia
3007 4924 3167 4979 simul
3193 4923 3409 4979 habebit
3437 4921 3562 4994 (ne-

1971 5036 2076 5090 que
2106 5019 2246 5073 enim
2292 5017 2407 5072 ﬁeri
2451 5025 2662 5086 potest,
2694 5024 2755 5072 ut
2803 5016 2918 5070 hmo
2962 5016 3141 5072 omnia
3188 5017 3554 5084 concurrant),

1970 5112 2127 5169 facile
2155 5111 2309 5167 nobis
2348 5109 2625 5164 victoriam
2665 5108 2942 5165 concedet.
2971 5109 3069 5164 lbic
3115 5107 3296 5177 itaque
3339 5107 3439 5162 ista
3462 5146 3475 5169 ,
3504 5114 3562 5161 et

1970 5203 2055 5259 his
2095 5204 2246 5273 plura
2277 5203 2294 5233 ¹
2323 5202 2483 5257 etiam
2523 5201 2787 5271 loquatur.
2824 5200 2938 5272 Ego
2964 5214 3094 5257 vero
3132 5199 3338 5269 judices
3367 5198 3556 5258 orabo,

1972 5312 2040 5351 ne
2083 5295 2263 5349 statim
2325 5292 2679 5350 misereantur
2724 5294 2868 5349 senis
2921 5292 3117 5363 hujus,
3148 5292 3242 5346 sed
3282 5298 3563 5359 postquam

1971 5390 2144 5460 ipsum
2187 5387 2584 5445 ostenderimus
2638 5387 2802 5442 ﬁlium
2850 5389 3073 5457 lugere,
3102 5384 3235 5439 nihil
3275 5383 3399 5437 mali
3432 5398 3561 5452 per-

1970 5496 2185 5553 pessum
2207 5523 2223 5550 ,
2245 5496 2429 5536 verum
2457 5479 2706 5537 maximis
2730 5478 2957 5548 potitum
2980 5476 3152 5542 bonis,
3174 5474 3367 5545 quibus
3385 5474 3569 5530 excel-

1968 5574 2192 5628 lentiora
2242 5572 2466 5644 reperiri
2515 5587 2622 5627 non
2664 5576 2907 5639 possunt.
2939 5567 3089 5622 Tue
3128 5566 3271 5621 enim
3323 5566 3572 5634 profecto

1969 5665 2314 5720 miseratione
2359 5672 2415 5718 et
2480 5661 2732 5733 lacrymis
2771 5659 2960 5728 dignus
3003 5656 3389 5714 existimandus
3436 5668 3563 5723 est,

1970 5771 2089 5812 cum
2117 5756 2226 5810 nati
2250 5754 2552 5811 felicitatem
2575 5751 2885 5820 conspicere
2906 5762 3014 5804 non
3039 5749 3224 5820 possit,
3250 5757 3566 5817 tantumque

1971 5849 2112 5904 absit
2150 5856 2210 5903 ut
2250 5848 2396 5902 illam
2446 5845 2655 5910 videat,
2686 5852 2746 5898 ut
2776 5852 3044 5913 tamquam
3095 5843 3151 5899 in
3186 5839 3409 5898 summis
3447 5834 3565 5906 ejus

2035 5963 2053 5998 ⁸
2092 5963 2244 6016 verba
2257 5998 2272 6027 ,
2297 5966 2343 6013 et
2359 5960 2436 6013 Ius
2456 5956 2625 6024 plura,
2650 5955 2831 6010 desunt
2845 5957 2896 6009 in
2917 5956 3084 6010 Morel.
