4032 6462
321 511 324 515 ’
414 506 520 564 335

414 625 568 681 malis
590 621 932 676 lamentetur.
973 612 1252 681 Quodnam
1284 624 1412 681 ergo
1440 609 1545 663 erit
1572 615 1771 671 nostrzc
1800 603 1997 659 oratio-

416 717 500 772 nis
519 709 845 770 exordium?
874 705 957 761 Ab
987 705 1118 776 ipsis
1144 703 1334 774 opibus
1363 715 1425 756 ac
1456 698 1730 771 pecuniis,
1755 693 2001 765 quando-

413 805 629 879 quidem
661 802 715 860 id
741 802 833 856 ille
870 799 1102 854 maxime
1126 797 1364 851 onmium
1397 792 1678 861 deplorat,
1710 787 1871 857 idque
1901 786 2000 855 ipsi

414 900 628 955 videtur
654 894 1057 953 acerbissimum
1077 931 1092 956 ,
1123 889 1168 943 si
1204 887 1402 942 divites
1432 884 1526 939 filii
1558 882 1625 938 ad
1668 882 1805 937 hanc
1838 881 2001 934 vitam

418 989 819 1062 pertrahantur.
849 985 945 1039 Dic
980 996 1109 1052 ergo
1152 979 1313 1045 mihi,
1340 986 1522 1032 utrum
1558 987 1746 1030 omnes
1788 972 2003 1027 beatum

416 1082 649 1139 diennus
698 1086 754 1134 et
802 1077 958 1147 plane
1000 1073 1403 1136 felicissimum,
1443 1084 1637 1124 eumne
1680 1067 1772 1138 qui
1824 1066 1875 1119 in
1917 1065 2004 1119 siti

418 1188 636 1243 semper
675 1176 899 1234 aestuat,
931 1166 1162 1237 quique,
1193 1171 1478 1232 antequam
1520 1161 1752 1229 priorem
1786 1157 2004 1213 calicem

420 1262 721 1330 sorbuerit,
749 1275 934 1316 rursus
972 1258 1080 1314 alio
1119 1256 1357 1326 indiget,
1393 1263 1553 1324 atque
1579 1266 1792 1321 semper
1822 1250 1875 1304 in
1905 1248 2009 1303 hoc

424 1364 735 1429 perseverat
777 1362 915 1409 statu
942 1392 958 1418 ,
997 1366 1064 1406 an
1095 1365 1217 1405 eum
1241 1391 1257 1417 ,
1289 1348 1380 1418 qui
1418 1346 1662 1416 superior
1698 1344 1799 1399 hac
1825 1358 2010 1398 neces-

422 1454 580 1509 sitate
619 1450 939 1507 constitutus
960 1487 974 1511 ,
1003 1445 1120 1500 sine
1143 1443 1229 1499 siti
1258 1436 1474 1511 semper
1518 1446 1719 1503 manet,
1752 1446 1806 1492 et
1851 1450 2009 1491 num-

423 1560 585 1617 quam
617 1544 681 1599 ad
724 1536 1028 1610 huiusmodi
1058 1536 1385 1608 potationem
1427 1531 1685 1604 pellitur?
1712 1543 1888 1585 nonne
1925 1528 2016 1584 ille

426 1638 641 1708 quidem
669 1633 808 1690 febri
836 1639 1086 1699 correpto
1130 1627 1319 1682 similis
1342 1635 1424 1681 est
1447 1666 1463 1691 ,
1490 1624 1582 1694 qui
1623 1621 2014 1677 violentissima

428 1728 748 1784 necessitate
788 1722 1053 1794 premitur
1076 1761 1091 1786 ,
1121 1717 1334 1775 etiamsi
1362 1731 1430 1773 ex
1459 1714 1693 1770 fontibus
1719 1713 2014 1768 uberrimos

425 1819 618 1874 latices
646 1816 862 1871 haurire
906 1812 1113 1884 possit,
1146 1810 1232 1865 hic
1258 1824 1388 1865 vero
1416 1808 1552 1863 liber
1577 1816 1658 1862 est
1693 1821 1821 1861 vera
1850 1804 2012 1859 liber-

427 1919 570 1976 tate,
600 1916 656 1964 et
681 1920 845 1962 sanus
885 1903 1119 1975 perfecta
1164 1902 1393 1957 sanitate
1415 1942 1430 1968 ,
1459 1900 1736 1973 ipsamque
1769 1906 2014 1952 naturam

425 2009 644 2073 superat
697 1998 1018 2053 humanam?
1069 1994 1206 2064 Quid
1255 2009 1416 2061 vero,
1461 1993 1508 2049 si
1564 1992 1685 2063 quis
1738 1989 2016 2045 mulierem

427 2106 652 2159 amans,
683 2104 805 2144 cum
849 2102 912 2142 ea
950 2085 1366 2157 congrederetur
1417 2083 1649 2154 jugiter,
1682 2081 1777 2138 sed
1815 2081 2018 2150 majore

430 2191 556 2255 post
585 2180 926 2237 concubitum
962 2178 1211 2248 ﬂagraret
1252 2176 1479 2239 ardore,
1509 2174 1646 2229 alius
1690 2188 1818 2228 vero
1852 2180 2019 2227 staret

432 2277 534 2329 hac
561 2274 767 2328 insania
794 2271 948 2337 liber,
974 2285 1035 2325 ac
1067 2285 1134 2324 ne
1159 2266 1461 2323 insomniis
1482 2267 1696 2338 quidem
1735 2265 1836 2320 hoc
1876 2264 2019 2318 malo

431 2374 748 2436 caperetur,
791 2363 912 2434 quis
963 2361 1119 2417 nobis
1170 2359 1298 2415 felix
1353 2359 1648 2428 beatusque
1709 2355 2019 2411 videretur?

434 2472 616 2514 nonne
637 2455 765 2511 hic?
788 2455 910 2523 quis
934 2462 1117 2509 autem
1140 2451 1323 2507 infelix
1352 2465 1416 2505 ac
1440 2448 1816 2505 miserrimus?
1842 2461 2021 2502 nonne

433 2549 546 2617 ille,
577 2551 664 2620 qui
696 2548 797 2604 hoc
823 2561 962 2601 vano
988 2559 1172 2601 amore
1201 2551 1432 2609 tenetur,
1455 2541 1546 2613 qui
1579 2555 1865 2611 numquam
1896 2554 2020 2610 pos-

436 2642 508 2696 sit
555 2639 850 2710 exstingui,
897 2637 1006 2693 imo
1058 2651 1191 2693 vero
1241 2635 1333 2706 qui
1399 2633 1712 2705 excogitatis
1765 2630 2021 2688 remediis

434 2732 603 2786 multo
645 2731 812 2801 magis
841 2728 1183 2785 incenditur?
1208 2726 1300 2783 Sin
1343 2736 1522 2781 autem
1570 2734 1763 2795 praeter
1805 2740 1867 2780 ea
1903 2739 2023 2794 qtne

432 2825 572 2881 dicta
600 2833 724 2878 sunt
752 2839 818 2879 ex
849 2823 966 2893 ipso
1006 2822 1195 2876 morbo
1231 2835 1291 2876 se
1330 2820 1542 2876 beatum
1571 2819 1744 2886 dicat,
1767 2833 1870 2874 nec
1898 2818 2024 2872 velit

436 2935 500 2974 ea
541 2917 861 2972 necessitate
908 2914 1156 2981 liberari,
1207 2912 1658 2984 quemadmodum
1710 2912 1756 2966 is
1805 2911 1874 2965 de
1916 2925 2023 2981 quo

438 3024 583 3065 nunc
629 3010 836 3080 agitur,
881 3023 1061 3063 nonne
1104 3005 1231 3061 hinc
1274 3020 1487 3076 quoque
1519 3004 1875 3060 miserabilior
1921 3002 2026 3059 erit

435 3111 597 3172 atque
629 3100 923 3167 infelicior,
954 3114 1075 3153 cum
1125 3113 1230 3152 non
1280 3106 1484 3152 tantum
1534 3104 1789 3166 :rgrotet,
1822 3095 1914 3150 sed
1956 3111 2024 3151 ne

436 3196 539 3249 hoc
566 3192 780 3263 quidem
810 3192 942 3247 sciat
965 3232 979 3257 ,
1019 3188 1158 3260 quod
1197 3204 1339 3259 a'gcr
1363 3189 1429 3244 sit
1453 3228 1468 3253 ,
1508 3188 1731 3257 ideoque
1769 3202 1869 3243 nec
1911 3189 2025 3256 ipse

436 3283 652 3339 liberari
679 3283 807 3337 velit
825 3324 839 3349 ,
867 3281 1156 3352 quinetiam
1198 3294 1292 3335 eos
1317 3279 1405 3350 qui
1435 3279 1641 3334 liberati
1668 3290 1790 3333 sunt
1808 3277 2024 3349 lugeat?

435 3372 742 3429 Orationem
771 3373 948 3442 itaque
976 3371 1115 3426 hanc
1146 3371 1210 3425 ad
1242 3370 1588 3441 pecuniarum
1629 3370 2022 3440 possessionem

437 3464 733 3521 referamus
754 3504 768 3528 ,
790 3471 847 3518 et.
886 3462 1187 3517 videbimus
1218 3463 1339 3532 quis
1379 3460 1557 3516 infelix
1610 3470 1664 3515 et
1712 3461 1877 3517 miser
1905 3462 1976 3516 sit
2006 3479 2020 3517 :

436 3558 576 3610 inter
604 3546 723 3609 illos
747 3555 943 3624 quippe
977 3568 1189 3607 amores
1216 3552 1301 3608 l'ic
1334 3552 1735 3618 vehementior,
1764 3552 1851 3608 hic
1881 3553 2023 3606 insa-

435 3647 540 3701 nia:
577 3645 791 3714 propior
829 3651 913 3698 est
937 3684 952 3710 ,
984 3642 1209 3714 ideoque
1255 3643 1513 3713 majorem
1557 3650 1732 3713 potest
1783 3642 2021 3698 dolorem

434 3735 652 3802 afferre;
685 3750 791 3790 non
818 3736 1016 3790 ideirco
1047 3744 1246 3789 tantum
1269 3734 1409 3806 quod
1444 3733 1587 3790 faces
1625 3733 1820 3789 habeat
1851 3734 2024 3789 aerio-

434 3842 550 3895 res,
576 3827 670 3883 sed
697 3829 836 3898 quod
865 3828 1177 3899 excogitatae
1207 3828 1427 3882 euitihet
1454 3827 1804 3883 consolationi
1832 3828 2025 3882 cedere

436 3933 542 3971 non
591 3900 807 3983 valeat:
840 3918 1014 3988 sitque
1058 3918 1164 3973 illis
1208 3917 1457 3972 omnibus
1506 3918 1791 3986 potentior.
1839 3917 2023 3972 Potius

432 4008 578 4063 enim
623 4008 712 4077 qui
762 4018 945 4079 potum
991 4018 1045 4064 et
1087 4024 1310 4078 corpora
1361 4016 1571 4075 amant,
1605 4017 1886 4078 postquam
1941 4007 2024 4063 his

434 4102 585 4172 potiti
626 4101 854 4165 fuerint,
887 4103 1131 4158 satietate
1166 4102 1508 4174 gaudebunt,
1541 4119 1697 4174 quam
1732 4104 1766 4157 ii
1797 4105 1886 4173 qui
1929 4106 2018 4160 in-

436 4208 570 4249 sano
607 4193 913 4248 divitiarum
950 4209 1141 4250 amore.
1176 4198 1436 4249 teruntur.
1470 4195 1730 4263 Quocirca
1760 4196 2024 4267 illos-qui-

434 4277 556 4342 dem
585 4278 765 4342 nostra
788 4288 1033 4344 oratione
1055 4288 1311 4359 effingere
1335 4304 1558 4344 necesse
1590 4288 1715 4356 fuit,
1746 4288 1884 4359 quod
1916 4304 2022 4344 non

432 4377 609 4431 statim
646 4394 831 4432 eorum
875 4379 1254 4434 documentum
1302 4388 1357 4434 et
1396 4381 1821 4449 experimentum
1855 4396 2022 4450 appa-

433 4476 550 4520 reat
580 4485 594 4521 :
624 4466 785 4535 hujus
811 4484 938 4522 vero
968 4469 1138 4523 morbi
1165 4484 1230 4523 ex
1258 4469 1423 4523 rebus
1452 4470 1580 4538 ipsis
1615 4472 1780 4525 multa
1827 4486 2020 4540 possu-

435 4569 556 4609 mus
605 4557 849 4626 exempla
897 4556 1161 4627 proferre.
1206 4557 1438 4624 ldeone,
1489 4560 1578 4613 dic
1619 4575 1802 4629 qumso
1851 4562 2018 4627 mihi,

432 4648 600 4702 filium
637 4649 823 4718 luges,
852 4649 993 4718 quod
1033 4659 1177 4704 tanta
1218 4650 1469 4714 vesania,
1498 4652 1642 4720 quod
1682 4662 1785 4706 tam
1825 4653 2019 4723 despe-

432 4748 554 4797 rato
599 4743 789 4797 morbo
819 4742 952 4797 liber
1001 4744 1104 4809 sit,
1161 4743 1303 4814 quod
1356 4744 1631 4801 incurabili
1683 4748 1868 4803 amere
1911 4765 2018 4804 non

431 4833 712 4891 teneatur?
738 4834 881 4904 quod
912 4834 1015 4890 hoc
1040 4835 1180 4891 bello
1204 4847 1257 4891 et
1289 4852 1462 4907 pugna
1492 4846 1708 4909 ereptus
1737 4840 1850 4894 sit?
1873 4843 1939 4896 At
1968 4843 2020 4897 id
2048 4882 2051 4885 -

430 4941 718 4996 numquam
745 4925 836 4982 ille
881 4942 1071 4998 passus
1129 4928 1352 4997 fuisset,
1383 4930 1627 5000 inquies,
1654 4947 1830 5002 neque
1867 4933 2018 5003 plura

426 5020 861 5090 concupivisset,
886 5020 982 5076 sed
1012 5020 1195 5076 fuisset
1231 5025 1584 5092 praesentibus
1607 5026 1762 5081 bonis
1790 5038 2018 5083 conten-

429 5121 536 5167 tus.
558 5111 699 5168 Sane
726 5127 842 5167 rem
872 5111 1007 5167 dicis
1036 5113 1136 5183 ipsi
1164 5124 1370 5170 naturae
1399 5156 1414 5181 ,
1446 5125 1505 5171 ut
1541 5118 1612 5171 ita
1638 5118 1827 5189 loquar
1845 5135 2017 5185 ,con-

427 5203 646 5257 trariam
676 5221 690 5255 :
724 5218 911 5258 verum
951 5202 1031 5259 sic
1058 5214 1202 5272 esto,
1229 5205 1280 5261 id
1311 5206 1406 5261 tibi
1441 5208 1552 5276 jam
1581 5209 1935 5274 concedatur,
1961 5219 2017 5266 ut

424 5296 490 5351 iis
511 5338 525 5362 ,
553 5312 672 5368 quae.
701 5295 954 5364 haberet,
982 5297 1113 5352 nihil
1140 5299 1298 5354 vellet
1345 5300 1598 5371 adjicere,
1630 5317 1730 5357 nec
1758 5303 1865 5358 ullo
1894 5320 2013 5358 um-

427 5404 585 5457 quam
613 5391 916 5461 hujusmodi
946 5391 1215 5447 desiderio
1238 5401 1508 5448 teneretur
1538 5414 1552 5451 :
1582 5412 1681 5466 ego
1706 5397 1784 5454 sic
1804 5413 2016 5469 quoque

429 5477 581 5533 tilum
613 5482 801 5551 majori
852 5498 992 5538 nunc
1039 5484 1092 5538 in
1130 5486 1311 5554 quiete
1350 5499 1414 5539 ac
1450 5486 1725 5556 voluptate
1772 5504 2015 5545 commo—

426 5571 536 5624 rari
577 5575 905 5630 monstrabo.
938 5574 1076 5643 Quid
1102 5576 1245 5632 enim
1290 5575 1458 5631 levius
1495 5591 1616 5633 esse
1642 5581 2009 5647 censebimus,

431 5663 663 5716 tantis-ne
709 5665 853 5720 euris
896 5666 1189 5737 implicari,
1217 5665 1589 5738 ejusmodiq‘ue
1641 5671 1901 5727 custodire
1950 5687 2015 5729 ac

429 5754 674 5807 servituti
719 5756 1032 5813 obstrictum
1080 5772 1238 5826 esse,
1284 5768 1629 5831 metuereque
1662 5777 1728 5817 ne
1763 5765 1892 5833 quid
1935 5766 2012 5821 rei

420 5842 705 5899 familiaris
732 5856 934 5913 pereat,
962 5863 1028 5903 an
1056 5864 1186 5904 vero
1205 5850 1290 5905 his
1318 5852 1547 5908 vinculis
1573 5854 1808 5925 expediri
1828 5852 2038 5913 ?(ion~'
2091 5870 2099 5898 '-

425 5934 651 5992 cedatur
681 5936 826 5993 illum
857 5939 990 5997 alias
1016 5943 1252 6000 sarcinas
1288 5959 1392 6001 non
1421 5955 1674 6016 appetere
1704 5964 1718 6002 :
1747 5958 1800 6004 at
1845 5950 2014 6007 multo

1116 496 1171 552 S.
1208 491 1489 552 JOANNlS
1523 483 1996 548 CHRYSOSTOMI
2034 483 2350 540 ARCHIEP'.
2391 484 2927 543 CONSTANTINOPZ

3586 487 3707 542 33$.

2110 605 2302 660 melius
2339 614 2423 661 est
2468 604 2578 676 jam
2625 604 2899 676 impositas
2944 603 3240 674 deSpicere.
3272 604 3401 659 Nam
3424 605 3510 672 si,
3544 614 3602 659 ut
3643 608 3697 660 in

2105 698 2352 752 confesso
2393 705 2509 762 est,
2551 696 2792 767 plurimis
2834 712 2940 751 non
2990 696 3230 766 indigere
3270 697 3561 752 maximum
3615 709 3699 752 est

2107 791 2304 846 bonum
2330 833 2345 859 ,
2388 799 2537 847 extra
2586 805 2799 846 omnem
2845 805 3026 845 rerum
3078 805 3232 845 usum
3288 805 3442 857 esse,
3473 790 3703 862 majoris

2107 883 2345 953 [refecto
2378 882 2643 938 felicitatis
2666 883 2788 938 erit.
2813 883 2863 937 ls
2882 883 3023 937 enim
3049 883 3138 953 qui
3166 898 3341 952 neque
3367 884 3499 950 sitit,
3523 900 3697 954 neque

2109 983 2253 1028 amat
2279 973 2436 1042 (nihil
2462 974 2602 1029 enim
2630 973 2855 1044 impedit
2883 975 3167 1043 quominus
3191 973 3258 1028 ad
3293 974 3483 1029 eadem
3508 989 3696 1029 exem-

2111 1068 2196 1136 pla
2233 1064 2562 1135 redeamus),
2592 1080 2700 1120 non
2731 1065 2892 1119 modo
2921 1064 2987 1119 iis
3012 1065 3101 1134 qui
3143 1079 3358 1134 semper
3394 1067 3618 1133 sitiunt,
3644 1076 3695 1120 et

2112 1176 2326 1231 semper
2350 1171 2531 1215 amant
2555 1201 2571 1227 ,
2600 1159 2695 1215 sed
2720 1158 2785 1214 iis
2814 1158 2974 1213 etiam
2998 1199 3014 1226 ,
3040 1160 3130 1229 qui
3164 1159 3233 1214 ad
3280 1161 3443 1217 breve
3490 1169 3701 1233 tempus

2116 1253 2216 1310 hoc
2264 1257 2565 1324 patiuntur,
2614 1264 2672 1310 et
2710 1254 3197 1324 concupiscentiam
3242 1255 3494 1325 explent,
3542 1256 3699 1326 longe

2115 1346 2326 1404 beatior
2349 1363 2470 1403 esse
2503 1357 2829 1403 monstratus
2854 1357 2936 1403 est
2956 1390 2972 1416 ,
3002 1357 3187 1417 utpote
3216 1349 3306 1418 qui
3333 1350 3386 1402 in
3414 1348 3574 1420 hujus
3601 1364 3699 1404 ne-

2115 1442 2379 1497 cessitatis
2417 1442 2848 1512 experimentum
2890 1457 2998 1496 non
3042 1441 3308 1497 inciderit.
3339 1441 3703 1497 Percontabor

2118 1544 2172 1591 te
2219 1551 2442 1600 rursus,
2486 1535 2532 1590 si
2579 1535 2777 1591 divitiis
2813 1536 2955 1590 ultra
3001 1550 3192 1591 omnes
3230 1535 3500 1599 eminere,
3533 1535 3704 1606 iisque

2120 1635 2297 1683 tamen
2335 1627 2490 1683 malis
2517 1626 2717 1692 eximi,
2748 1641 2867 1697 qua:
2892 1626 3067 1682 solent
3095 1627 3201 1681 illae
3229 1641 3450 1697 parere,
3482 1628 3700 1694 liceret,

2119 1733 2297 1773 annon
2341 1719 2637 1774 sexcenties
2676 1726 3003 1789 praeoptares
3033 1720 3134 1773 hac
3175 1718 3424 1774 felicitate
3455 1717 3593 1786 frui,
3627 1719 3709 1798 ita

2119 1820 2180 1865 ut
2218 1825 2323 1864 non
2370 1809 2652 1876 invidiam,
2696 1824 2802 1864 non
2851 1810 3181 1875 calumnias,
3228 1823 3333 1864 non
3379 1824 3572 1874 curas,
3599 1824 3721 1864 non-

2119 1901 2409 1972 quidquam
2450 1900 2595 1957 aliud
2640 1902 2905 1971 ejusmodi
2943 1900 3237 1972 patereris?
3266 1901 3321 1956 Si
3352 1901 3511 1972 igitur
3539 1902 3705 1957 filium

2121 2002 2270 2048 tuum
2325 1995 2438 2050 haec
2479 1995 2656 2059 omnia
2706 1993 2906 2050 habere
2952 2001 3354 2060 monstravere,
3398 1993 3506 2048 imo
3553 1994 3710 2064 longe

2121 2085 2369 2141 ditiorem
2401 2100 2542 2140 nunc
2583 2100 2740 2153 esse,
2769 2084 3000 2140 finemne
3045 2084 3257 2139 tandem
3296 2083 3458 2139 facies
3496 2084 3709 2154 lugendi

2125 2184 2233 2229 tam
2270 2190 2452 2230 amare
2471 2177 2496 2229 ?
2521 2174 2662 2230 Sane
2683 2175 2825 2245 quod
2854 2175 3062 2230 solutus
3088 2175 3167 2229 sit
3179 2175 3322 2229 curis
3347 2174 3573 2245 aliisque
3597 2190 3711 2229 ma-

2124 2267 2210 2333 lis,
2235 2282 2353 2337 qua:
2378 2266 2556 2322 solent
2576 2267 2793 2321 divitias
2820 2266 3095 2337 subsequi,
3125 2282 3300 2337 neque
3325 2266 3439 2336 ipse
3467 2265 3709 2336 negabis;

2124 2359 2246 2414 ideo
2277 2374 2375 2413 nos
2401 2358 2469 2413 ad
2511 2369 2563 2414 te
2588 2357 2656 2413 de
2692 2357 2792 2413 hac
2830 2373 2889 2413 re
2924 2358 3086 2413 verba
3125 2356 3302 2413 facere
3336 2372 3557 2413 necesse
3603 2374 3711 2413 non

2125 2459 2208 2505 est
2236 2466 2249 2503 :
2277 2450 2474 2520 quaeris
2499 2459 2677 2504 autem
2702 2449 2971 2519 quomodo
2996 2449 3084 2504 ille
3107 2459 3158 2504 te
3180 2451 3249 2505 sit
3274 2450 3598 2520 epulentior,
3620 2451 3712 2521 qui

2127 2549 2233 2595 tam
2283 2542 2449 2595 multa
2488 2540 2751 2610 possides.
2777 2539 2888 2595 Hoc
2913 2548 2964 2595 te
2993 2540 3306 2595 docebimus
3330 2583 3345 2607 ,
3371 2540 3712 2595 demonstran

2125 2635 2410 2703 bimusque
2433 2643 2512 2699 te,
2538 2635 2627 2704 qui
2660 2634 2834 2704 ipsum
2862 2634 2916 2689 in
2952 2643 3192 2690 extrema
3222 2649 3363 2689 nunc
3403 2643 3716 2704 paupertate

2127 2727 2325 2796 degere
2349 2725 2662 2793 arbitraris,
2693 2725 2797 2780 hoc
2826 2725 2997 2796 ipsum
3031 2725 3179 2796 pati,
3206 2725 3253 2781 si
3282 2740 3402 2781 cum
3443 2725 3539 2780 illo
3562 2739 3714 2780 com-

2126 2817 2352 2888 pareris.

2197 2910 2251 2965 4.
2290 2908 2472 2981 Neque
2491 2917 2647 2981 putes
2676 2923 2763 2965 me
2787 2909 2855 2965 de
2880 2909 3182 2966 erclestibus
3208 2909 3364 2966 bonis
3414 2911 3590 2981 loqui,
3618 2911 3716 2968 de-

2128 3016 2232 3071 que
2256 3001 2321 3055 iis
2342 3016 2461 3071 qua:
2482 3010 2604 3072 post
2632 3001 2770 3056 hanc
2795 3002 2959 3056 vitam
2989 3001 3303 3058 advenient:
3331 3019 3395 3058 ex
3449 3003 3516 3059 iis
3573 3004 3721 3058 enim

2128 3108 2246 3164 qua:
2266 3102 2392 3147 sunt
2420 3094 2473 3148 in
2501 3094 2746 3149 manibus
2775 3103 3143 3165 argumentum
3174 3095 3384 3151 ducam.
3418 3096 3497 3150 Tu
3537 3096 3717 3167 itaque

2127 3200 2313 3240 eorum
2356 3195 2559 3241 tantum
2586 3202 2704 3257 qua:
2749 3186 2992 3257 possides
3030 3186 3279 3244 dominus
3307 3204 3397 3243 es:
3446 3189 3534 3243 ille
3587 3204 3719 3242 vero

2128 3279 2365 3333 omnium
2387 3295 2506 3350 qua:
2527 3290 2648 3335 sunt
2683 3280 2734 3335 iu
2764 3281 2897 3336 orbe
2936 3289 3223 3336 terrarum.
3250 3280 3305 3338 Si
3353 3297 3458 3335 non
3504 3282 3679 3337 credis
3702 3325 3718 3339 .

2126 3386 2226 3442 age
2258 3380 2309 3426 te
2336 3372 2401 3426 ad
2429 3372 2577 3427 illum
2605 3371 2932 3429 adducamus
2951 3414 2965 3437 ,
2995 3373 3150 3444 eique
3174 3374 3495 3428 suadeamus
3514 3415 3530 3441 ,
3569 3383 3628 3428 ut
3651 3374 3729 3429 de

2130 3472 2313 3517 monte
2339 3463 2672 3519 descendens
2695 3507 2711 3529 ,
2740 3463 2850 3518 imo
2878 3464 3053 3534 potius
3103 3464 3210 3518 illic
3255 3464 3526 3532 residens,
3557 3464 3728 3518 alieu'r

2127 3570 2195 3610 ex
2222 3555 2285 3609 iis
2304 3596 2320 3621 ,
2348 3556 2438 3625 qui
2456 3556 2647 3611 divites
2665 3556 2819 3611 valde
2837 3556 3101 3626 simulque
3125 3555 3363 3625 religiosi
3384 3563 3506 3609 sunt
3525 3597 3540 3623 ,
3567 3570 3723 3609 mau-

2128 3646 2253 3712 det,
2285 3646 2385 3702 sibi
2440 3641 2614 3701 mittat
2662 3655 2865 3702 tantum
2910 3647 3288 3717 anri‘pondus,
3324 3656 3576 3717 quantum
3604 3648 3720 3718 ipse

2126 3741 2238 3795 vis:
2271 3741 2384 3796 sive
2416 3740 2537 3811 quia
2582 3739 2634 3794 id
2682 3740 2768 3795 ille
2808 3756 2915 3795 non
2937 3748 3226 3811 pateretur.
3260 3741 3416 3795 alicui
3459 3740 3721 3811 indigenti

2129 3832 2257 3887 dare
2278 3832 2464 3901 jubeat
2478 3874 2491 3898 ,
2519 3832 2830 3901 videbisquc
2850 3832 3069 3887 divitem
3088 3833 3317 3887 alacrius
3334 3832 3723 3902 obsequentem

2128 3933 2182 3979 et
2203 3932 2544 3993 erogantcm,
2576 3938 2734 3993 quam
2756 3922 2955 3977 faceret
2983 3937 3123 3977 unus
3151 3938 3219 3978 ex
3262 3923 3721 3993 dispensatoribus

2130 4016 2254 4070 tuis.
2276 4015 2373 4069 llic
2384 4015 2599 4085 quippe,
2615 4029 2738 4070 cum
2756 4015 2952 4085 aliquid
2964 4015 3184 4085 jubetur
3200 4015 3533 4085 impendere,
3551 4015 3719 4071 tristis

2128 4121 2193 4161 ac
2210 4121 2445 4162 maerens
2462 4107 2512 4161 id
2537 4106 2693 4169 facit;
2717 4116 2901 4161 contra
2920 4107 3009 4161 ille
3026 4120 3145 4161 cum
3163 4122 3272 4160 non
3290 4106 3567 4177 impendit,
3591 4116 3718 4160 tunc.

2124 4200 2324 4254 anxius
2342 4209 2425 4255 est
2445 4215 2511 4253 ne
2537 4199 2590 4253 in
2606 4200 2785 4269 aliquo
2805 4197 3252 4268 offenderit,quod
3270 4197 3370 4252 sibi
3393 4198 3526 4251 nihrt
3544 4202 3718 4268 hujus-

2130 4291 2274 4345 modi
2312 4291 2624 4360 imperetur.
2653 4289 2846 4344 Multos
2868 4298 3015 4345 certe
3046 4288 3138 4344 tibi
3167 4302 3381 4359 possem
3410 4290 3710 4347 ostendere,

2129 4398 2235 4437 non
2262 4397 2326 4437 ex
2354 4381 2730 4437 illustrioribus
2756 4379 2860 4447 his,
2883 4380 2977 4435 sed
3003 4396 3065 4435 ex
3092 4378 3460 4434 humilioribus
3479 4392 3712 4448 quoque,

2127 4473 2216 4544 qui
2245 4472 2343 4527 hac
2360 4481 2503 4527 tanta
2530 4480 2793 4542 potestate
2819 4480 2945 4526 sunt
2971 4470 3202 4542 prarditi.
3232 4471 3308 4525 Ae
3339 4479 3392 4524 tu
3414 4469 3650 4540 quidem,
3670 4483 3713 4522 Si

2129 4564 2395 4620 (nconomi
2421 4564 2521 4618 sibi
2544 4563 2745 4619 credita
2771 4562 3195 4633 absumpserint,
3220 4562 3379 4615 alium
3411 4576 3516 4614 non
3544 4559 3718 4614 habes

2128 4672 2158 4712 a
2187 4673 2291 4728 quo
2316 4666 2463 4728 petas
2487 4698 2502 4725 ,
2527 4657 2621 4712 sed
2655 4656 2832 4711 statim
2860 4671 2958 4726 per
2986 4656 3198 4711 illorum
3248 4656 3535 4726 nequitiam
3579 4654 3716 4709 divi-

2130 4751 2217 4805 tiae
2245 4759 2346 4805 tua:
2392 4749 2445 4803 in
2487 4757 2853 4820 paupertatem
2895 4749 3242 4803 mutabuntur
3276 4764 3289 4800 :
3318 4763 3347 4801 a
3390 4747 3498 4801 filio
3536 4755 3713 4801 autem

2130 4852 2221 4896 tuo
2251 4840 2384 4896 nihil
2433 4849 2516 4896 est
2562 4841 2823 4910 ejusmodi
2870 4839 3237 4896 metuendum.
3286 4840 3417 4895 Nam
3449 4841 3494 4894 si
3532 4839 3619 4894 hic
3664 4839 3715 4893 in

2130 4941 2498 5004 paupertatem
2525 4932 2757 5000 incidat,
2780 4948 2992 4987 rursum
3032 4933 3186 4988 alteri
3217 4931 3528 5001 imperabit;
3557 4931 3639 4986 sin
3674 4932 3718 4985 is

2129 5038 2340 5093 quoque
2383 5024 2557 5078 simile
2598 5038 2785 5094 passus
2828 5024 2930 5090 sit,
2973 5022 3040 5077 ad
3087 5023 3250 5077 alium
3297 5039 3358 5079 se
3403 5031 3715 5077 convertet:

2128 5116 2277 5186 prius
2303 5115 2536 5187 denique
2590 5115 2841 5172 deficient
2893 5115 3118 5171 fontium
3151 5116 3374 5182 latices,
3425 5131 3585 5186 quam
3625 5116 3715 5186 qui

2127 5217 2252 5264 nato
2273 5217 2365 5264 tuo
2384 5209 2718 5279 obtemperet
2734 5208 3037 5279 imperanti.
3067 5208 3219 5275 Quod
3272 5209 3319 5263 si
3344 5208 3622 5264 nobiscum
3663 5210 3714 5263 iu

2127 5299 2385 5370 religione
2426 5300 2803 5365 concordares,
2825 5298 2990 5354 multa
3023 5298 3119 5354 tibi
3143 5297 3339 5355 similia
3381 5307 3437 5353 et
3483 5314 3670 5369 magna
3699 5301 3715 5331 ί

2127 5407 2469 5458 narrassem;
2515 5407 2700 5448 verum
2749 5392 2871 5463 quia
2922 5400 2974 5449 te
3023 5392 3277 5464 gentilem
3296 5392 3599 5462 proﬁteris,
3646 5406 3715 5446 ne

2127 5484 2251 5540 hinc
2274 5485 2488 5555 quidem
2504 5484 2749 5555 exempla
2776 5483 3033 5540 deerunt.
3079 5484 3214 5540 Audi
3230 5483 3393 5555 (apud
3417 5483 3713 5553 Platonem)

2126 5577 2253 5648 quid
2281 5578 2346 5632 ad
2377 5576 2655 5633 Socratem
2675 5576 2923 5648 loquatur
2943 5574 3130 5633 Crito:
3159 5575 3288 5631 Tua:
3312 5591 3434 5630 sane
3456 5583 3571 5629 sunt
3589 5589 3713 5628 metu

2124 5671 2386 5739 pecuniae,
2415 5678 2470 5723 ut
2500 5668 2734 5739 equidem
2761 5683 2897 5737 reor,
2936 5668 3062 5724 satis
3088 5667 3262 5723 multa:
3284 5684 3301 5721 :
3327 5668 3408 5721 sin
3460 5682 3572 5720 vero
3619 5675 3670 5718 tu
3692 5705 3707 5727 ,

2122 5763 2259 5834 quod
2285 5763 2382 5817 mei
2406 5778 2584 5817 curam
2606 5779 2753 5834 geras
2770 5803 2787 5832 ,
2809 5777 2841 5816 a
2862 5780 2917 5816 re
2942 5779 3054 5818 mea
3081 5763 3171 5817 tibi
3207 5761 3559 5817 abstinendum
3595 5774 3709 5815 ceno

2186 5903 2202 5933 ¹
2240 5905 2403 5964 Pergit
2424 5913 2554 5964 unus
2574 5900 2751 5958 codex,
2774 5907 2821 5953 et
2844 5907 3003 5953 vetera
3025 5880 3072 5954 et
3094 5913 3230 5961 nova,
3255 5911 3365 5963 qua:
3390 5899 3451 5949 ab
3476 5895 3715 5947 Ambrosio

2121 5963 2392 6027 interprete
2419 5963 2776 6026 exprimuntur.
3403 5979 3428 5999 ο
