4032 6402
179 226 298 282 εὸῗ

165 345 361 400 ’Πόθεν
389 338 492 401 οὖν
507 344 787 419 ἀρξόμεθα
807 345 904 400 τοῦ
930 347 1093 416 λόγου
1117 345 1213 400 106
1237 346 1374 418 πρὸς
1396 346 1594 413 αὐτόν;
1619 344 1754 398 Ἀπὸ
1773 344 1868 399 τοῦ

174 431 420 486 πλούτου
453 434 678 489 καὶτῶν
703 435 1024 506 χρημάτων,
1048 435 1236 506 ἐπειδὴ
1267 436 1362 488 καὶ
1391 434 1554 498 αὐτὸς
1577 431 1738 486 τοῦτο
1769 431 1872 504 μά-

175 523 344 575 λιστα
379 521 602 577 πάντων
628 522 900 594 ὀδύρεται,
931 524 1028 578 καὶ
1055 525 1191 576 πᾶσι
1218 523 1378 577 τοῦτο
1405 522 1537 576 αὐτὸ
1557 518 1696 574 εἶναι
1725 520 1873 576 δοκεῖ

1023 229 1398 287 ADVERSUS
1435 227 1996 287 OPPUGNATORES
2033 230 2228 286 VIIIE
2271 231 2575 288 MONAST.
2619 232 2750 290 LIB.
2782 233 2847 289 ll.

3549 235 3661 292 536

1977 345 2220 416 πραγίας
2256 345 2322 401 ἂν
2355 349 2466 418 εῖη.
2521 348 2576 402 '0
2609 350 2718 422 γὰρ
2765 347 2952 419 ἄδιψος
2987 348 3193 412 ἐκεῖνος
3239 347 3332 402 καὶ
3360 347 3662 420 ἀνέραστος
3731 405 3740 416 ,

1982 435 2154 506 (οὐδὲν
2169 434 2280 506 γὰρ
2301 436 2499 489 κωλύει
2523 437 2682 491 πάλιν
2703 438 2794 490 ἐπὶ
2815 436 2884 491 τὰ
2903 436 3043 490 αὐτά
3065 435 3242 490 ἐλθεῖν
3263 436 3660 510 ὑποδείγματα)

1974 523 2035 574 οὑ
2070 523 2180 576 τῶν
2211 523 2299 576 ἀεὶ
2325 522 2603 593 διψώντων
2633 524 2814 596 μόνον,
2841 524 2964 578 οὐδέ
2984 524 3094 578 τῶν
3115 523 3368 596 ἐρώντων
3389 525 3499 588 ἀεὶ,
3523 525 3660 582 ἀλλά

173 608 240 663 τὸ
268 611 601 676 δεινότατον,
625 611 674 663 εί
701 611 1058 674 πλουτοῦντες
1087 610 1275 675 παῖδες
1298 610 1392 664 ἐπὶ
1414 609 1604 663 τοῦτον
1631 609 1877 664 ’ἐλκοιντο
1974 611 2070 664 καὶ
2102 611 2211 663 τῶν
2255 613 2314 664 ἐν
2350 610 2545 684 βραχεῖ
2581 612 2740 666 τοῦτο
2771 612 3054 668 παθόντων
3074 653 3090 676 ,
3127 614 3222 667 καὶ
3251 613 3660 686 πληρωσάντων

176 695 300 766 16η
329 697 423 750 τὸν
455 697 588 766 βίον.
629 699 764 752 Εἰπὲ
792 693 885 752 οὖν
917 715 1028 769 μοι,
1061 697 1182 752 τίνα
1207 696 1587 769 μακαρίζομεν
1613 697 1875 763 ἅπαντες,

176 784 278 839 καὶ
318 783 560 856 ζηλωτὸν
601 781 744 839 εἷναί
777 803 980 856 φαμεν,
1011 786 1102 838 τὸν
1137 787 1197 838 ἐν
1225 784 1352 856 δίψῃ
1393 784 1717 839 καθεστῶτα
1751 786 1872 846 ἀεὶ,

171 873 276 926 καὶ
311 873 492 944 πρὶνῆ
525 875 626 938 τῆς
653 875 928 944 προτέρας
951 873 1338 946 ἐμφορηθῆναι
1361 873 1600 939 κύλικος,
1619 874 1872 944 δεόμενον

173 959 346 1014 πάλιν
375 960 594 1033 ἐτέρας,
619 963 714 1016 καὶ
746 965 804 1015 ἐν
835 962 1010 1033 τούτῳ
1039 961 1167 1015 ὄντα
1196 962 1513 1026 διαπαντὸς,
1549 961 1582 1032 ἦ
1606 963 1696 1014 τὸν
1727 963 1870 1016 ἀνω-

169 1049 325 1120 τέρω
374 1049 694 1103 καθεστῶτα
723 1051 824 1122 τῆς
865 1051 1111 1123 ἀνάγκης
1143 1049 1390 1122 ἐκείνης,
1422 1051 1516 1104 καὶ
1557 1051 1744 1121 ἄδιψον
1783 1051 1870 1104 ἀεὶ

175 1135 444 1204 μένοντα,
491 1137 585 1190 καὶ
637 1136 893 1190 οὐδέποτε
943 1140 1022 1202 εἰς
1062 1137 1160 1208 τὴν
1217 1137 1312 1191 τοῦ
1365 1137 1608 1207 πόματος
1675 1137 1867 1190 τούτου

171 1221 579 1294 καθελκόμενον
608 1224 834 1296 χρείαν;
871 1227 968 1296 οὑχ
997 1227 1026 1278 ό
1056 1226 1155 1296 μὲν
1198 1225 1520 1296 πυρέττοντι
1554 1224 1866 1295 προσέοικε,

172 1310 271 1364 καὶ
309 1311 704 1383 χαλεπωτάτην
733 1314 981 1384 ἀνάγκην
1009 1313 1246 1384 ἑχοντια,
1275 1312 1376 1367 κᾶν
1400 1315 1464 1366 ἐκ
1487 1314 1678 1382 πηγῶν
1705 1312 1868 1384 ἀρύες

171 1396 302 1450 σθαι
340 1397 442 1470 ἔχῃ
494 1399 564 1452 τά
601 1401 840 1469 νάματα,
871 1403 900 1454 ὁ
937 1401 994 1452 δὲ
1027 1401 1310 1470 ἐλεύθερός
1343 1399 1401 1453 τέ
1431 1402 1547 1453 ἐστι
1576 1401 1674 1472 τὴν
1699 1400 1868 1466 ὅντως

168 1485 506 1558 ἐλευθερίαν,
535 1488 628 1541 καὶ
660 1490 892 1558 ὑγιαίνει
909 1489 1006 1560 τὴν
1031 1490 1203 1552 ὄντως
1223 1489 1456 1558 ὑγίειαν,
1481 1488 1576 1542 καὶ
1603 1489 1804 1559 μείζων
1829 1489 1861 1561 ἢ

170 1573 313 1627 κατά
341 1574 694 1648 ἀνθρωπίνην
719 1578 911 1647 γέγονε
943 1577 1138 1647 φύσιν;
1173 1577 1238 1630 Τί
1267 1577 1374 1642 δαὶ,
1407 1576 1462 1630 εί
1489 1594 1574 1641 τις
1603 1577 1864 1645 γυναικὸς

169 1661 316 1734 ἐρῶν
346 1663 654 1731 συγγίνοιτο
689 1665 788 1736 μὲν
819 1667 956 1737 αὐτῇ
989 1665 1255 1734 διηνεκῶς
1276 1707 1290 1727 ,
1329 1664 1594 1736 μειζόνως
1617 1665 1674 1718 δέ
1723 1665 1863 1735 μετά

166 1749 268 1823 τὴν
297 1752 588 1805 συνουσίαν
619 1752 872 1822 φλέγοιτο
889 1753 1094 1824 ταύτην
1111 1753 1166 1818 δ,
1189 1753 1378 1824 ἐτερος
1401 1753 1458 1806 δὲ
1479 1753 1681 1820 ταύτης
1703 1754 1860 1819 ἐκτὸς

165 1839 268 1908 τῆς
301 1839 503 1910 μανίας
531 1842 774 1914 ἐστὴκοι,
806 1843 900 1895 καὶ
941 1842 1077 1913 μηδὲ
1107 1842 1241 1912 ὄναρ
1269 1842 1545 1895 ἁλίσκοιτο
1575 1841 1654 1912 τῷ
1680 1842 1857 1914 κακῷ,

165 1927 250 1990 τίς
273 1927 439 1981 πάλιν
461 1931 592 1999 ἡμῖν
611 1930 640 1982 ό
663 1929 902 2000 ζηλωτὸς
925 1930 1020 1984 καὶ
1046 1931 1346 2002 μακάριος;
1366 1930 1464 2000 οὐχ
1484 1923 1670 1996 0610;;
1697 1934 1779 1995 τίς
1801 1932 1859 1985 δὲ

166 2012 352 2078 ἄθλιος
383 2015 480 2067 καὶ
505 2015 884 2087 ταλαίπωρος;
916 2016 1016 2088 οὐχ
1043 2017 1072 2070 6
1103 2016 1278 2070 νοσῶν
1299 2015 1392 2070 τὸν
1419 2016 1575 2070 κενὸν
1594 2027 1617 2056 ο
1653 2018 1858 2072 ἐκεῖνον

164 2099 378 2170 ἔρωτα,
425 2101 522 2154 καὶ
555 2102 809 2174 μηδαμοῦ
869 2103 1166 2174 σϐεσθῆναι
1218 2103 1538 2174 δυνάμενον,
1585 2103 1722 2158 ἀλλά
1747 2107 1858 2170 τοῖς

163 2189 612 2260 ἐπινενοημένοις
645 2191 960 2263 φαρμάκοις
989 2191 1407 2264 ἐπιτριϐόμενος
1439 2191 1669 2263 μᾶλλον;
1697 2194 1761 2248 El
1799 2194 1856 2248 δὲ

166 2277 304 2347 πρὸς
329 2281 447 2343 τοῖς
469 2280 588 2351 είρη
600 2281 783 2351 μένοις
814 2281 1108 2354 μακαρίζοι
1136 2282 1234 2352 μὲν
1261 2283 1456 2336 ἐαυτὸν
1481 2281 1576 2335 ἐπὶ
1601 2284 1668 2354 τῇ
1692 2283 1852 2354 νόσῳ,

164 2364 260 2418 καὶ
307 2366 446 2438 μήτε
495 2368 658 2432 αὐτὸς
707 2368 925 2438 ἐκείνης
975 2369 1078 2440 τῆς
1119 2369 1368 2439 ἀνάγκης
1409 2368 1853 2424 ἀπαλλάττεσθαι

167 2451 434 2520 βούλοιτο,
462 2454 590 2520 τούς
611 2473 670 2510 τε
691 2455 1146 2528 ἀπηλλαγμένους
1166 2455 1261 2511 τοῦ
1284 2457 1492 2520 πάθους
1507 2457 1675 2511 άποδύ
1685 2475 1852 2528 ροιτο,

161 2537 356 2613 ὥσπερ
386 2536 542 2608 0610;
577 2543 694 2612 v6v,
731 2544 854 2616 οὐχὶ
889 2543 1063 2619 ταύτῃ
1112 2546 1276 2600 πάλιν
1308 2545 1667 2618 ἐλεεινότερος
1700 2545 1854 2601 ἐσται

165 2628 260 2682 καὶ
289 2629 643 2704 ἀθλιώτερος,
683 2631 758 2704 μὴ
790 2633 952 2704 μόνον
977 2632 1172 2699 νοσῶν,
1204 2633 1340 2688 ἀλλά
1372 2633 1508 2705 μηδέ
1535 2634 1668 2687 αὐτὸ
1692 2634 1852 2690 τοῦτο

163 2716 320 2782 εἰδὼς
350 2719 630 2788 δτι-νοσεῖ,
667 2725 762 2776 καὶ
777 2717 870 2776 διὰ
899 2721 1060 2777 τοῦτο
1091 2723 1232 2794 μήτε
1265 2721 1645 2793 ἀπαλλαγῆναι
1671 2723 1854 2795 βουλό-

168 2821 346 2874 μενος,
371 2809 465 2862 καὶ
494 2809 621 2873 τοὺς
655 2809 1119 2888 ἀπηλλαγμένους
1145 2809 1398 2884 θρηνῶνς
1429 2811 1756 2883 Ἀγάγωμεν
1785 2812 1850 2886 δὴ

161 2895 252 2949 τὸν
272 2897 433 2966 λόγον
461 2899 651 2954 τοῦτον
691 2901 790 2956 καὶ
817 2901 912 2956 ἐπὶ
933 2899 1034 2974 τὴν
1054 2901 1165 2956 τῶν
1191 2902 1495 2974 χρημάτων
1515 2905 1726 2976 κτῆσιν,
1757 2903 1852 2959 καὶ

161 2984 408 3057 ὀψόμεθα
431 2989 518 3054 τίς
545 2991 574 3044 ὁ
605 2990 789 3056 ἄθλιος
822 2992 915 3046 καὶ
938 2993 1308 3064 ταλαίπωρος·
1346 2995 1572 3048 ἐκείνων
1605 2996 1704 3068 μὲν
1741 2996 1850 3067 γάρ

161 3071 269 3128 τῶν
302 3074 523 3146 ἐρώτων
562 3078 922 3152 σφοδρότερος
961 3073 1119 3146 οὗτός
1159 3083 1277 3136 ἐστι
1317 3083 1413 3136 καὶ
1447 3083 1845 3155 μανικώτερος·

161 3163 358 3217 οὐκοῦν
385 3166 482 3219 καὶ
524 3166 710 3223 πλεῖον
745 3167 1002 3242 ὀδυνῆσαι
1030 3171 1233 3225 δύναιτ’
1263 3172 1352 3237 ἂν,
1389 3173 1452 3226 οὐ
1481 3173 1658 3246 τούτῳ
1687 3174 1850 3246 μόνον

161 3251 242 3304 ὅτι
266 3251 368 3324 τὴν
401 3253 660 3327 λαμπάδα
685 3257 1022 3331 δριμυτέραν
1049 3259 1186 3332 ἔχει,
1220 3261 1338 3315 ἀλλ’
1361 3262 1442 3316 ὅτι
1472 3263 1566 3318 καὶ
1595 3262 1732 3335 πρὸς
1751 3261 1849 3334 τὴν

163 3342 589 3417 ἐπινενοημένην
619 3346 975 3420 παραμυθίαν
998 3349 1280 3415 ἀνένδοτός
1305 3351 1421 3404 ἐστι
1446 3351 1540 3404 καὶ
1563 3349 1850 3423 σκληρότε-

162 3445 254 3499 ρος
283 3430 452 3486 πλέον
489 3433 737 3488 ἐκείνων.
769 3436 1131 3510 Μᾶλλον’γάρ
1159 3440 1209 3492 οἱ
1241 3437 1407 3493 ποτοῦ
1445 3439 1540 3493 καὶ
1579 3440 1848 3512 σωμάτων

157 3518 400 3589 ἐρῶντες
426 3522 564 3592 μετά
597 3523 698 3597 τὴν
729 3525 1034 3581 ἀπόλαυσιν
1065 3525 1328 3600 λήψονται
1355 3529 1538 3601 κόρον,
1565 3528 1599 3600 ἢ
1639 3530 1687 3582 οί
1717 3528 1846 3600 περὶ

156 3603 392 3659 πλοῦτον
427 3609 769 3680 μαινόμενοι.
813 3611 978 3666 Ὅθεν
1030 3614 1272 3678 ἐκείνους
1315 3613 1414 3685 μὲν
1447 3616 1543 3668 καὶ
1583 3614 1662 3686 τῷ
1701 3613 1844 3685 λόγῳ

159 3693 478 3764 συμπλάσαι
522 3698 976 3772 ἠναγκάσθημεν,
1024 3700 1114 3755 διά
1143 3701 1203 3754 τὸ
1251 3701 1326 3774 μὴ
1358 3701 1568 3774 ταχέως
1614 3703 1706 3756 ἐπὶ
1744 3702 1844 3773 τῆς

155 3778 356 3851 πείρας
379 3783 512 3854 όρᾷν
541 3784 674 3838 αὐτὸ
708 3787 1032 3857 φαινόμενον
1053 3805 1067 3819 υ
1105 3787 1297 3842 τούτου
1325 3789 1381 3843 δέ
1413 3789 1507 3842 τοῦ
1537 3790 1844 3862 νοσήματος

152 3865 264 3918 ἀπὸ
293 3867 404 3921 τῶν
434 3871 776 3942 πραγμάτων
825 3874 997 3929 πολλὰ
1026 3875 1221 3947 ἕξομεν
1255 3877 1559 3948 παρασχεῖν
1598 3876 1667 3930 τὰ
1711 3877 1844 3930 ὑπο-

151 3951 448 4022 δείγματα.
497 3959 598 4010 Διά
623 3957 799 4012 1116101
825 3954 918 4013 οὖν
945 3958 998 4024 ει,
1031 3961 1154 4014 είπέ
1187 3978 1298 4032 μοι,
1335 3961 1552 4034 θρηνεῖς
1581 3963 1672 4016 τὸν
1703 3963 1839 4027 υἱὸν,

150 4039 235 4092 611
296 4041 498 4111 μανίας
531 4045 626 4099 καὶ
662 4045 932 4119 τοσαύτης
965 4049 1278 4119 ἀμηχανίας
1325 4050 1702 4122 ἀπήλλακται,
1758 4053 1840 4106 ὅτι

151 4126 339 4198 ἐρωτα
371 4130 590 4186 ἀνίατον
620 4134 718 4188 οὐκ
749 4136 871 4207 ἐρᾷ,
907 4136 988 4188 ὅτι
1018 4135 1113 4188 τοῦ
1141 4137 1382 4207 πολέμου
1413 4139 1630 4210 καὶτῆς
1663 4140 1842 4210 μάχης

149 4215 364 4286 ταύτης
389 4219 621 4291 ἕστηκεν
649 4222 836 4288 ἐκτός;
871 4223 1016 4276 Ἀλλ’
1037 4223 1140 4276 οὑκ
1166 4222 1233 4276 ἂν
1256 4222 1424 4278 ἔπαθε
1444 4224 1623 4286 τοῦτο,
1653 4227 1838 4296 φησὶν,

147 4303 267 4359 οὐδ’
296 4305 366 4359 ἂν
401 4307 616 4381 ἠράσθη
647 4310 742 4363 τοῦ
775 4310 1050 4376 πλείονος,
1085 4309 1200 4364 ἀλλ’
1241 4311 1558 4383 ἀπέχρησεν
1595 4312 1663 4366 ἂν
1689 4311 1840 4385 αὐτῷ

147 4391 268 4447 τῶν
293 4395 580 4466 παρόντων
623 4399 656 4470 ή
687 4398 1010 4463 ἀπόλαυσις.
1059 4399 1312 4453 Μάλιστα
1347 4400 1445 4472 μὲν
1483 4401 1718 4473 πρᾶγμα
1749 4401 1838 4456 λέ-

148 4497 278 4550 γεις
297 4481 564 4550 ἐναντίον,
587 4485 664 4551 ὠς
689 4488 888 4553 εἰπεῖν,
917 4490 984 4559 τῇ
1015 4489 1210 4557 φύσει·
1237 4488 1378 4558 πλὴν
1400 4487 1537 4542 ἀλλά
1565 4490 1658 4544 καὶ
1681 4489 1842 4544 τοῦτο

147 4569 320 4633 ἔστω,
351 4571 446 4625 καὶ
464 4575 903 4648 συγκεχωρήσθω
922 4576 1000 4647 τῷ
1019 4575 1185 4648 λόγῳ,
1215 4579 1288 4648 μὴ
1313 4577 1378 4631 ἂν
1399 4577 1566 4632 αὑτὸν
1586 4579 1838 4651 ἐθελῆσαι

149 4657 476 4732 προσθεῖναι
505 4665 618 4727 τοῖς
662 4659 817 4728 οὖσι,
867 4664 1003 4736 μηδέ
1035 4665 1140 4718 ὑπὸ
1175 4667 1274 4736 τῆς
1304 4665 1600 4739 ἐπιθυμίας
1633 4669 1840 4724 ἁλῶναι

148 4744 394 4818 ἐκείνης·
425 4748 538 4818 ἐγὼ
566 4748 676 4824 γάρ
706 4750 871 4806 αὑτὸν
912 4751 1008 4805 καὶ
1043 4750 1218 4816 οὕτως
1245 4753 1500 4820 ἐπιδείξω
1539 4756 1599 4810 ἐν
1633 4755 1839 4828 μείζονι

147 4830 252 4885 νῦν
277 4830 411 4886 ὅντα
441 4835 624 4890 ἀνέσει
647 4838 743 4892 καὶ
761 4837 946 4909 ἡδονῇ.
967 4837 1032 4891 Τί
1047 4837 1158 4910 γὰρ
1178 4839 1528 4913 κουφότερον,
1555 4843 1696 4916 ὑπὲρ
1717 4861 1840 4899 τοσ-

145 4919 328 4973 ούτων
361 4924 690 4994 φροντίζειν,
715 4925 812 4980 καὶ
829 4925 1055 4997 τοιαύτῃ
1084 4925 1474 4998 προσδεδέσθαι
1505 4931 1717 5004 φυλακῇ
1745 4933 1840 4986 καὶ

149 5005 390 5081 δουλείᾳ,
422 5011 517 5064 καὶ
543 5012 842 5068 δεδοικέναι
871 5015 946 5087 μὴ
969 5013 1355 5084 παραπόληται
1378 5033 1431 5070 τι
1455 5017 1564 5072 τῶν
1593 5019 1836 5094 δντων,ἢ

151 5095 248 5149 καὶ
275 5097 484 5152 τούτων
516 5100 867 5174 ἀπηλλάχθαι
895 5102 1003 5156 τῶν
1027 5100 1274 5172 δεσμῶν;
1305 5102 1419 5177 [62]
1447 5106 1666 5162 Κείσθω
1705 5109 1836 5183 γὰρ,

151 5184 319 5240 αὑτὸν
345 5186 421 5260 μὴ
444 5189 733 5262 ἐπιθυμεῖν
755 5191 991 5266 φορτίων
1011 5193 1234 5268 ἐτέρων,
1265 5195 1404 5251 ἀλλά
1429 5197 1608 5270 πολλῷ
1633 5198 1838 5269 βέλτιον

151 5273 389 5360 καὶτῶν
419 5277 780 5334 ἐπιτεθέντων
827 5280 928 5354 ἥδη
970 5288 1355 5356 καταφρονεῖν.
1409 5285 1474 5340 Εί
1519 5286 1626 5360 γάρ
1667 5288 1730 5344 τὸ
1764 5288 1842 5360 μὴ

151 5358 369 5416 δεῖσθαι
389 5363 654 5421 πλειόνων
681 5369 1128 5443 συνωμολόγηται
1156 5373 1414 5445 μέγιστον
1440 5373 1500 5429 δν
1523 5358 1750 5446 ἀγαθὸν,
1766 5358 1840 5434 ιδ

156 5447 253 5501 καὶ
285 5452 386 5522 τῆς
409 5451 520 5506 τῶν
551 5453 721 5510 ὄντων
753 5458 944 5529 χρείας
983 5459 1248 5534 ἐξώτερον
1275 5458 1436 5530 εἶναι,
1471 5465 1719 5536 μείζονος
1747 5468 1838 5521 οὐ·

215 5589 251 5675 :
271 5591 389 5675 Eax.
421 5595 730 5675 10110311131
756 5599 880 5652 Mor.
905 5603 1113 5666 ἀνάγκην
1143 5605 1316 5669 ἔχοντι.
1341 5607 1494 5659 Savil.
1523 5609 1572 5660 in
1604 5624 1756 5675 marg.
1785 5620 1839 5663 el

151 5650 252 5719 dup
268 5667 389 5719 11133.
414 5656 625 5719 ἀνάγκην
650 5660 851 5711 ἕλκοντι.

218 5714 269 5794 1:
268 5715 403 5794 11111120
429 5714 696 5794 1cc_(.ioine_m
719 5735 748 5794 ε
773 5722 886 5794 S111.
911 5729 964 5773 el
983 5740 1082 5794 u_no
1106 5729 1215 5794 (τοᾷ.
1242 5733 1543 5794 recepimus.
1569 5733 1705 5784 Idem
1719 5734 1832 5786 εον.

156 5773 206 5824 In
220 5780 469 5854 margine,
498 5780 671 5854 [dore].
698 5792 754 5854 ςει
784 5783 912 5834 alius
933 5773 1075 5854 οοιίξξ
1090 5773 1214 5854 ρξὶὲ

228 5807 469 5846 unt-5111c,
498 5807 671 5832 summ.
700 5807 754 5833 τι.
784 5807 912 5834 imus
933 5807 1064 5847 cum,
1128 5807 1210 5839 ’τοι
1235 5807 1334 5852 τῆς.

219 5840 244 5907 ἦ
270 5839 408 5907 ynus
427 5841 582 5907 (Ὅρος
603 5846 739 5907 κενόν
761 5859 856 5907 non
884 5850 1031 5907 male,
1057 5807 1339 5903 αίίῗκαινόν.

217 5899 249 5942 ἀ
270 5901 380 5953 Sav.
409 5909 462 5954 et
484 5903 602 5955 Mor.
629 5906 704 5956 διά
726 5906 878 5958 ταῦτα
900 5909 996 5958 οὖν.
1021 5899 1129 5962 Duo
1155 5899 1378 5967 111373.615:
1397 5917 1537 5969 τοῦτο
1558 5919 1655 5970 νῦν.

1971 697 2069 770 τὴν
2102 698 2399 770 ἐπιθυμίαν
2422 699 2602 770 πολλῷ
2631 699 3046 772 μακαριώτερος
3067 700 3144 755 ὣν
3163 701 3560 762 ἀποδέδεικται,
3581 703 3658 768 ὡς

1973 785 2110 856 μηδέ
2137 797 2160 824 θ
2189 787 2270 849 είς
2291 788 2488 858 πεῖραν
2515 785 2774 857 ἐμπεσὼν
2799 787 2901 857 τῆς
2923 789 3181 858 τοιαύτης
3201 788 3467 858 ἀνάγκης.
3491 789 3658 862 Ἐρή-

1973 887 2137 942 σομαι
2169 872 2227 926 δέ
2248 889 2308 926 σε
2334 873 2518 937 πάλιν,
2540 875 2588 926 εί
2617 874 2713 926 καὶ
2732 873 3136 945 ὑπερϐαλέσθαι
3165 873 3244 944 τῷ
3274 875 3490 946 πλούτῳ
3515 875 3656 930 πάν-

1969 975 2068 1022 τας
2091 959 2185 1014 καὶ
2212 958 2319 1013 τῶν
2353 961 2463 1014 ἀπὸ
2489 959 2582 1014 τοῦ
2615 959 2849 1015 πλούτου
2879 961 3067 1014 κακῶν
3092 961 3474 1032 ἀπαλλαγῆναι
3502 963 3652 1034 ἐνῆν,

1969 1043 2080 1118 ἄρα
2105 1048 2205 1100 οὐκ
2240 1047 2306 1102 ἂν
2333 1049 2596 1120 μυριάκις
2623 1048 2828 1119 ταύτην
2853 1048 3000 1102 εἵλου
3018 1048 3119 1119 τὴν
3149 1049 3488 1120 περιουσίαν,
3511 1049 3652 1104 ὥστε

1971 1137 2110 1206 μήτε
2163 1135 2484 1205 βασκανίας,
2531 1137 2670 1207 μήτε
2719 1135 3119 1206 συκοφαντίας,
3167 1137 3304 1208 μήτε
3338 1137 3650 1208 φροντίδος,

1969 1223 2096 1295 μήτ’
2125 1222 2288 1277 ἀλλου
2321 1224 2548 1294 μηδενὸς
2576 1223 2684 1277 τῶν
2711 1223 2970 1278 τοιούτων
2999 1222 3318 1294 ἀνέχεσθαι;
3355 1225 3454 1278 Ἂν
3474 1226 3654 1278 τοίνυν

1965 1312 2060 1364 καὶ
2097 1311 2257 1366 τοῦτο
2301 1311 2494 1384 ἔχοντα
2537 1313 2803 1382 δείξωμεν
2843 1313 2935 1366 τὸν
2963 1312 3100 1371 υἱὸν.
3133 1312 3231 1366 καὶ
3274 1311 3536 1383 μειζόνως
3565 1315 3655 1366 εὑ-

1964 1396 2178 1470 πορώτε
2186 1415 2278 1470 ρον
2302 1397 2432 1452 ὄντα
2456 1397 2573 1464 νῦν,
2596 1397 2780 1470 παύσῃ
2805 1397 3025 1469 θρηνῶν
3048 1398 3267 1462 πάντως
3290 1399 3386 1452 καὶ
3402 1397 3654 1470 ὀλοφυρό-

1966 1501 2127 1555 μενος
2142 1485 2287 1540 οῦτω
2308 1486 2548 1558 πικρῶς;
2577 1487 2702 1540 Ὅτι
2727 1487 2827 1558 μὲν
2843 1484 2936 1540 οὖν
2963 1487 3262 1559 φροντίδων
3281 1486 3648 1558 ἀπήλλακται,

1962 1572 2060 1626 καὶ
2089 1572 2200 1627 τῶν
2242 1573 2420 1627 ἄλλων
2463 1573 2573 1627 τῶν
2613 1573 3028 1644 ἐπισυρομένων
3066 1575 3145 1646 τῷ
3183 1574 3400 1647 πλούτῳ
3440 1575 3648 1640 κακῶν,

1958 1659 2081 1713 οὐδέ
2096 1659 2260 1724 αὐτὸς
2279 1661 2404 1714 ἀντε
2413 1660 2727 1732 ρεῖςοσδιόπε
2735 1679 2765 1732 ρ
2782 1661 2904 1714 οὐδὲ
2919 1663 3054 1733 ἡμῖν
3071 1662 3200 1733 περὶ
3215 1663 3420 1716 τούτων
3433 1662 3648 1735 ἀνάγκη

1960 1747 2098 1818 πρὸς
2123 1749 2180 1801 σὲ
2205 1747 2581 1816 διαλέγεσθαι·
2614 1747 2800 1820 ζητεῖς
2823 1749 2879 1802 δέ
2904 1749 3096 1820 μαθεῖν
3123 1749 3241 1813 πῶς
3269 1749 3650 1824 εὐπορώτερος

1956 1832 2052 1886 τοῦ
2091 1833 2331 1888 τοσαῦτα
2373 1834 2590 1906 ἔχοντός
2622 1853 2736 1888 σου.
2775 1835 2948 1889 Τοῦτο
2991 1835 3055 1906 δή
3100 1853 3160 1889 σε
3199 1835 3514 1908 διδάξομεν,
3552 1839 3644 1892 καὶ

1955 1922 2224 1993 δείξομεν,
2273 1925 2358 1978 ὃτι
2390 1925 2527 1996 ὅπερ
2555 1927 2662 1997 ήγῇ
2691 1927 2900 1978 ἐκεῖνον
2931 1924 3029 1980 νῦν
3061 1920 3202 1980 εἶναι
3237 1929 3296 1980 ἐν
3335 1927 3498 1999 πενίᾳ
3531 1926 3550 1965 ί
3578 1929 3646 1998 τῇ

1955 2010 2185 2083 ἐσχάτη,
2201 2010 2360 2065 τοῦτο
2375 2011 2538 2076 αὐτὸς
2555 2013 2690 2083 πρὸς
2707 2013 2915 2066 ἐκεῖνον
2933 2011 3326 2084 ἐξεταζόμενος
3347 2013 3644 2077 πέπονθας.

2024 2097 2088 2152 δ’.
2116 2099 2229 2152 Καὶ
2268 2101 2429 2170 μήτοι
2461 2089 2692 2172 νομίσῃς
2719 2099 2788 2154 τά
2818 2100 2877 2154 ἐν
2913 2103 3026 2164 τοῖς
3055 2102 3304 2172 οὐρανοῖς
3330 2103 3478 2172 ἡμᾶς
3502 2102 3648 2172 ἐρεῖν

1955 2185 2161 2256 ἀγαθὰ,
2186 2189 2282 2242 καὶ
2297 2189 2365 2241 τά
2393 2186 2532 2258 μετὰ
2556 2187 2656 2260 τὴν
2674 2187 2887 2242 ἐνθένδε
2915 2188 3247 2260 ἀποδημίαν·
3273 2189 3382 2243 ἀπὸ
3406 2187 3516 2261 γάρ
3537 2189 3648 2244 τῶν

1953 2275 2012 2327 ἐν
2035 2276 2194 2346 χερσὶ
2226 2275 2366 2340 τέως
2386 2277 2412 2317 ε
2433 2275 2778 2348 ποιησόμεθα
2795 2276 2894 2348 τὴν
2911 2275 3206 2342 ἀπόδειξιν,
3227 2278 3298 2330 Σὺ
3320 2277 3417 2348 μὲν
3432 2273 3525 2330 οὖν
3537 2277 3646 2330 τῶν

1955 2361 2156 2416 σαυτοῦ
2183 2361 2374 2434 κύριος
2397 2359 2450 2416 εἷ
2477 2362 2662 2434 μόνον,
2686 2363 2895 2426 ἐκεῖνος
2915 2363 2972 2416 δέ
2994 2362 3102 2416 τῶν
3120 2363 3261 2417 κατά
3278 2364 3376 2434 τὴν
3391 2363 3646 2435 οἰκουμέ-

1951 2448 2307 2519 νηνιάπασαν.
2328 2451 2392 2504 El
2407 2449 2462 2504 δέ
2475 2451 2745 2514 ἀπιστεῖς,
2762 2450 2923 2525 δεῦρό
2941 2469 2999 2504 σε
3011 2452 3309 2524 ἀγάγωμεν
3329 2453 3410 2518 είς
3426 2453 3643 2520 αὑτὸνδ,

1951 2538 2048 2590 καὶ
2083 2537 2360 2609 πείσωμεν
2397 2539 2562 2593 αὑτὸν
2601 2539 2933 2594 κατελθόντα
2969 2539 3078 2594 ἀπὸ
3109 2541 3201 2594 τοῦ
3228 2540 3407 2612 ὅρους,
3442 2541 3646 2612 μᾶλλον

1949 2625 2006 2678 δέ
2048 2627 2165 2680 ἐκεῖ
2197 2627 2428 2697 μένοντα
2462 2628 2705 2699 σημᾶναί
2736 2645 2844 2680 τινι
2875 2629 2987 2680 τῶν
3021 2627 3227 2700 σφόδρα
3260 2627 3642 2682 πλουτούντων

1950 2715 2046 2768 καὶ
2071 2715 2342 2782 εὐλαϐῶν,
2368 2717 2581 2788 πέμψαι
2599 2717 2803 2788 χρυσοῦ
2823 2717 3082 2788 σταθμὸν,
3113 2719 3236 2771 ὅσον
3261 2717 3486 2782 ἐθέλειςο
3506 2719 3644 2789 μᾶλ-

1947 2801 2038 2856 λον
2061 2802 2116 2856 δέ
2135 2803 2294 2857 τοῦτο
2313 2805 2411 2876 μὲν
2433 2805 2534 2859 οὐκ
2561 2805 2832 2872 ἀνέξεται,
2861 2804 3124 2859 δοῦναιδέ
3146 2805 3224 2876 τῷ
3249 2805 3380 2859 δεῖνι
3403 2805 3644 2878 δεομένῳ

1949 2891 2239 2957 κελευέτω,
2261 2895 2355 2946 καὶ
2372 2893 2784 2965 προθυμότερον
2801 2893 2922 2963 ὄψει
2942 2893 3033 2946 τὸν
3052 2893 3386 2947 πλουτοῦντα
3401 2894 3644 2948 ὑπακού-

1947 2995 2076 3032 οντα
2121 2982 2215 3034 καὶ
2252 2979 2638 3052 ἐκκομίζοντα,
2678 2980 2712 3052 ἢ
2741 2981 2851 3034 τῶν
2881 2981 3183 3052 οἰκονόμων
3216 2981 3337 3034 τινά
3363 2979 3473 3035 τῶν
3508 2981 3638 3036 σῶν.

1948 3060 2120 3131 Οὗτος
2157 3068 2255 3138 μέν
2283 3068 2392 3140 γὰρ
2432 3069 2562 3123 ὅταν
2595 3069 2912 3122 ἀναλίσκειν
2945 3068 3259 3140 κελεύηται,
3291 3071 3545 3142 κατηφής
3580 3071 3642 3124 τέ

1947 3153 2064 3205 ἐστι
2090 3153 2186 3206 καὶ
2209 3153 2552 3226 σκυθρωπός·
2583 3155 2789 3216 ἐκεῖνος
2814 3153 2874 3207 δέ
2903 3154 2920 3194 i
2949 3153 3078 3207 ὅταν
3102 3153 3176 3226 μὴ
3206 3154 3494 3228 ἀναλίσκῃ,
3517 3155 3640 3209 τότε

1945 3237 2154 3292 δέδοικε
2187 3239 2262 3310 μή
2295 3256 2423 3292 ποτε
2449 3238 2912 3311 προσκεκρουκὼς
2935 3235 2991 3312 ᾖ,
3026 3239 3124 3294 ἀτε
3149 3239 3388 3294 τοιοῦτον
3416 3242 3640 3296 ἐπιτατ-

1945 3327 2174 3398 τόμενος
2201 3326 2376 3380 οὐδέν.
2421 3325 2530 3380 Καὶ
2559 3326 2786 3390 πολλοὺς
2827 3326 3102 3392 ἐπιδεῖξαι·
3122 3327 3232 3399 ἔχω
3259 3328 3320 3381 οὐ
3353 3327 3465 3382 τῶν
3490 3320 3638 3383 εὐδοέ

1945 3414 2126 3486 κίμων
2161 3415 2402 3479 τούτων,
2452 3413 2589 3469 ἀλλὰ
2623 3416 2718 3468 καὶ
2764 3415 2874 3468 τῶν
2906 3415 3325 3488 εὐτελεστέρων,
3366 3417 3637 3490 τοσαύτην

1945 3501 2168 3572 ἔχοντας
2191 3500 2440 3574 δύναμιν.
2464 3503 2574 3557 Καὶ
2597 3503 2661 3556 σὺ
2689 3502 2810 3574 μέν,
2836 3502 2904 3557 ἂν
2929 3505 2978 3558 οί
3008 3502 3284 3576 οἰκονόμοι
3305 3503 3631 3558 ἀναλώσωσι

1944 3589 2014 3644 τά
2035 3589 2414 3652 πιστευθέντα,
2439 3591 2540 3645 οὐκ
2564 3590 2707 3662 ἔχεις
2733 3591 3038 3663 ἀπαιτῆσαι
3059 3591 3268 3664 ἕτερον,
3295 3591 3410 3646 ἀλλ’
3432 3591 3635 3656 εὐθέως

1947 3695 2031 3732 σοι
2060 3679 2140 3744 είς
2167 3678 2356 3734 πενίαν
2389 3681 2417 3732 ὁ
2449 3679 2680 3743 πλοῦτος
2719 3673 3107 3750 μεταπεσεῖται
3141 3679 3248 3734 ὑπὸ
3273 3680 3371 3752 τῆς
3395 3697 3634 3750 κακουρ-

1945 3767 2072 3836 γίας
2101 3767 2347 3822 ἐκείνων⁹
2373 3768 2526 3838 παρά
2554 3767 2610 3821 δὲ
2637 3768 2717 3839 τῷ
2744 3769 2895 3822 παιδὶ
2922 3768 3000 3840 τῷ
3027 3767 3106 3839 σῷ
3125 3768 3282 3822 τοῦτο
3308 3770 3408 3823 οὐκ
3434 3768 3550 3822 ἐστι
3573 3768 3636 3822 τὸ

1943 3852 2081 3916 δέος.
2101 3853 2199 3906 Ἂν
2222 3853 2332 3925 γάρ
2353 3845 2510 3917 οὗτος
2528 3855 2754 3925 γένηται
2777 3853 2968 3924 πένης,
2990 3850 3237 3917 ἐπιτάξει
3253 3852 3417 3906 πάλιν
3437 3852 3629 3923 ἐτέων

1945 3935 2048 3991 κᾶν
2073 3937 2280 3998 ἐκεῖνος
2310 3936 2457 4008 πάθῃ
2488 3955 2542 3990 τι
2589 3938 2852 4005 τοιοῦτον,
2896 3938 2982 4007 ἐφ’
3014 3937 3202 4010 ἕτερον
3240 3936 3630 4008 μεταϐήσεται,

1943 4019 2039 4072 καὶ
2065 4017 2163 4081 τὰς
2191 4019 2300 4072 τῶν
2329 4019 2539 4074 ὑδάτων
2571 4021 2755 4091 πηγὰς
2791 4020 3060 4092 πρότερον
3093 4020 3370 4074 ἐπιλιπεῖν
3398 4021 3566 4084 εἰκὸς,
3596 4022 3629 4092 ἢ

1940 4099 2050 4153 τῶν
2077 4099 2252 4154 ταῦτα
2269 4101 2732 4172 ὑπακουσομένων
2757 4101 2872 4174 [63]
2900 4104 3041 4156 τινά.
3068 4103 3180 4156 Καὶ
3201 4105 3248 4156 εἰ
3276 4103 3374 4173 μέν
3395 4103 3464 4155 τά
3484 4104 3629 4173 ἠμέ-

1939 4199 2076 4254 τερα
2107 4184 2378 4255 ἐφρόνεις,
2402 4185 2753 4255 διηγησάμην
2793 4186 2860 4238 ἄν
2895 4202 2978 4238 σοι
3002 4184 3174 4238 πολλά
3192 4186 3287 4237 καὶ
3316 4186 3527 4254 μεγάλα
3549 4187 3628 4239 δι-

1941 4265 2234 4338 ηγήματαὶ
2253 4283 2266 4296 ·
2291 4267 2416 4320 ἐπεὶ
2438 4265 2495 4319 δέ
2515 4265 2584 4320 τά
2607 4265 2880 4338 Ἑλλήνων
2908 4267 3388 4339 πρεσϐεύεις,ούδέ
3419 4269 3630 4323 ἐκεῖθεν

1941 4349 2206 4421 ἀπορήσω
2235 4347 2332 4403 τοῦ
2365 4349 2830 4421 παραδείγματος.
2853 4349 3121 4403 ’Ἄκουσον
3153 4349 3262 4422 γάρ
3295 4350 3346 4403 τί
3373 4350 3510 4422 πρὸς
3538 4351 3632 4404 τὸν

1941 4431 2244 4504 Σωκράτην
2277 4435 2306 4487 6
2333 4431 2552 4505 Κρίτων
2579 4431 2712 4503 φησί
2729 4447 2743 4462 ·
2776 4432 2879 4488 Σοί
2913 4431 2982 4486 δὲ
3002 4431 3258 4503 ὑπάρχει
3276 4433 3394 4503 μὲν
3419 4433 3494 4488 τὰ
3517 4434 3632 4504 ἐμὰ

1942 4511 2236 4583 χρήματα,
2271 4515 2352 4582 ὠς
2381 4517 2565 4588 ἔγωγε
2593 4511 2770 4586 οἶμαι,
2791 4515 2988 4572 ἱκανά·
3025 4517 3232 4572 ἔπειτα
3255 4516 3325 4571 δὲ
3359 4517 3459 4572 καὶ
3486 4519 3544 4573 εῖ
3572 4536 3630 4572 τι

1941 4597 2086 4668 ἐμοῦ
2105 4601 2439 4670 κηδόμενος
2455 4603 2567 4655 οὐκ
2583 4601 2690 4656 οἴει
2711 4601 3072 4656 ἀναλίσκειν
3084 4602 3258 4673 τάμὰ,
3283 4601 3444 4667 ξένοι
3461 4599 3630 4659 οὗτοι

1941 4681 2154 4738 ἐνθάδε
2177 4683 2399 4755 ἕτοιμοι
2427 4685 2809 4740 ἀναλίσκειν.
2837 4687 3234 4756 Είσκεκόμικε
3259 4687 3328 4740 δέ
3347 4687 3441 4741 ἐπ’
3466 4688 3628 4754 αὐτῷ

1939 4766 2130 4835 τούτῳ
2165 4768 2454 4838 ἀργύριον
2483 4769 2694 4822 ἰκανὸν
2719 4770 2973 4838 Σιμμίας
3005 4772 3040 4824 ό
3081 4769 3353 4838 Θηϐαῖος,
3393 4771 3625 4841 ἕτοιμος

1941 4936 1969 4982 ὁ
1995 4871 2169 4998 ᾷηὺέἓτ.
2196 4875 2530 4923 ἀποδέδεικται
2557 4877 2621 4931 ὡς
2641 4876 2778 4939 μηδέ.
2805 4875 2920 4926 Sav.
2949 4879 3004 4926 et
3026 4876 3126 4927 duo
3147 4878 3636 4939 ωεε.ἀποδέδεικται,

2030 4952 2132 4993 ηοε.

2559 4997 2641 5036 Enr,
2672 4999 2790 5036 ηαῖιτρ
2814 4998 3064 5036 δπνϐῆιῦἦρ
3104 5003 3221 5036 "4-4-9
3244 5000 3487 5036 mnnwn'knr
3519 5002 3629 5036 Νέης-θ

1998 4995 2030 5034 ’ί
2059 4999 2168 5046 Duo
2181 5010 2297 5047 mss.
2312 4997 2646 5061 συκοφαντίας,
2672 4999 2791 5060 μήτε
2814 4998 3082 5061 ἐπιϐουλὰς,
3104 5003 3223 5066 μήτε
3244 5000 3504 5065 φροντίδας,
3519 5002 3628 5062 μήτ’

1941 5059 2064 5128 ἄλλο
2090 5060 2234 5128 μηδέγ
2264 5061 2362 5128 τῶν
2391 5059 2620 5128 τοιούτων
2648 5063 2820 5128 ἔχοντα
2841 5062 3089 5128 δείξωμεν,
3110 5065 3197 5128 Δὅτι
3215 5064 3330 5126 ὅπερ
3359 5063 3510 5128 ἐκεῖνο
3520 5066 3628 5128 *ἡγῇ

1939 5120 2255 5186 νῦν-ἐνπενὶηι
2277 5135 2288 5147 ·
2313 5124 2380 5170 ita
2403 5127 2458 5170 ut
2479 5127 2591 5170 octo
2618 5120 2704 5172 véI
2719 5136 2898 5186 novem
2924 5120 3257 5175 lin'eaa'desinl.
3273 5160 3287 5182 ,
3307 5120 3425 5186 ἠυδε
3443 5125 3490 5172 in
3508 5120 3626 5178 Sa'v'.

1942 5187 1996 5230 et
2023 5181 2144 5232 Mor.
2179 5181 2446 5243 habentur,
2467 5195 2679 5245 quaeque
2704 5185 2765 5234 ad
2793 5189 2980 5237 seriem
3002 5181 3534 5249 pertinere’videnlur.

2005 5245 2032 5284 8
2060 5245 2192 5300 Τέως
2215 5245 2362 5294 deest
2381 5254 2436 5294 1n
2453 5245 2647 5296 duobus
2667 5261 2782 5297 mss.

2002 5304 2032 5342 Ιι
2057 5305 2213 5354 Iidem
2233 5307 2352 5370 πρὸς
2371 5307 2531 5356 αὐτόν.

1979 5367 2026 5405 ἰ
2059 5367 2213 5416 Iidem
2247 5369 2344 5418 duo
2378 5372 2621 5420 manuscri
2664 5373 2698 5422 li
2731 5371 3010 5432 κελεύηταν
3046 5372 3156 5422 τότε
3189 5375 3406 5435 κατηφής
3443 5373 3494 5422 τί
3527 5373 3628 5425 ἔστι

1979 5429 2022 5478 πιὶ
2054 5429 2274 5482 στυγνός·
2307 5430 2483 5482 ἐκεῖνος
2513 5433 2580 5482 δέ.
2617 5384 2730 5482 ﬁox
2761 5435 2914 5482 iidem
2946 5435 3130 5482 δέδοικε
3153 5435 3265 5482 μήτι
3300 5449 3628 5482 1100011311006.-

1939 5429 2022 5498 καὶ
2054 5429 2483 5498 στυγνός-’-ἐκεῖνος
2510 5433 2583 5498 δέἶ
2617 5429 2730 5498 Mox
2761 5429 2914 5498 fidem
2946 5435 3130 5482 δέδοικε
3153 5435 3265 5498 μήτι
3300 5429 3628 5498 προσκεκρου-

1938 5491 2052 5548 κώς.
2079 5491 2208 5540 Infra
2228 5491 2379 5541 iidem
2401 5493 2458 5540 ἂν
2477 5497 2521 5542 οῖ
2544 5495 2786 5558 οἰκονόμοι
2810 5496 2956 5553 αὐτῆς
2973 5498 3122 5557 γνῶσι
3145 5491 3223 5543 τά.
3339 5491 3350 5498 ’

2008 5553 2022 5602 i
2055 5553 2165 5602 Duo
2191 5555 2387 5604 codices
2408 5563 2459 5602 el
2482 5554 2594 5604 Sav.
2621 5559 2804 5606 μεγάλα
2823 5553 3024 5605 τοιαῦτα
3044 5557 3330 5606 διηγήματα.
3346 5555 3500 5605 Morel

2008 5571 2022 5602 ι
2055 5571 2165 5602 nuo
2191 5571 2387 5604 εοαιεθε
2408 5571 2459 5602 e1
2483 5571 2594 5604 δαν.
2621 5571 2804 5620 μεγαλα
2823 5573 3024 5605 τοιαυτα
3044 5571 3330 5618 οιηγηματα.
3348 5571 3518 5606 ΜΟΓΘΙ.
3542 5575 3628 5620 με-

1937 5615 2062 5696 re"?
2071 5615 2722 5696 iwzﬁwegl’grsﬂwa
2735 5619 2996 5696 ἒέίίὲξέἕί
3017 5619 3199 5696 ’ξὲὶὲιά
3210 5619 3297 5696 313‘
3322 5619 3491 5696 1M.
3515 5633 3628 5696 ειπερ

1939 5675 2000 5751 11h
2016 5675 2286 5754 ’Δωδείορἰο
2315 5675 2602 5758 ἰηίειζριῖειξ
2633 5683 2992 5758 expriyiqnlluf.
3037 5679 3162 5758 Infrg
3194 5675 3549 5758 dqo‘mﬁs‘0‘05
3575 5683 3627 5758 δὲ

1939 5741 2138 5848 ὐπάἏει
2161 5741 2244 5802 μέν
2263 5756 2338 5789 τοι
2359 5741 2420 5790 τὰ
2440 5741 2548 5852 ἐγώ.
2571 5742 2683 5790 Sav.
2698 5741 2788 5790 σοὶ
2807 5741 2859 5790 δὲ
2881 5741 3082 5852 ὐποξχει
3107 5743 3189 5806 μέν
3208 5742 3269 5788 τά
3301 5743 3409 5806 ἐμά.
3447 5742 3619 5790 Morel.

1939 5801 2020 5878 ισοξ⁹
2123 5801 2323 5878 ὑπάρχει
2346 5803 2422 5878 τά.
2479 5802 2730 5878 ηίτξυηιεε
2751 5803 2949 5878 (ταϐλειὲ
2981 5805 3110 5878 μνη..
3140 5804 3191 5852 in
3221 5815 3375 5878 marg:
3407 5804 3622 5878 91101316
