  <div class='ocr_page' id='page_1' title='image "/cluster/home/n/w/nwhite01/storage/ocr_20150623/47:no.1:pt.1/coo.31924054869460/298.png"; bbox 0 0 4032 6412; ppageno 0'>
   <div class='ocr_carea' id='block_1_1' title="bbox 224 246 332 303">
    <p class='ocr_par' dir='ltr' id='par_1_1' title="bbox 224 246 332 303">
     <span class='ocr_line' id='line_1_1' title="bbox 224 246 332 303; baseline -0.037 1"><span class='ocrx_word' id='word_1_1' title='bbox 224 246 332 303; x_wconf 71' lang='lat'><strong><em>357</em></strong></span> 
     </span>
    </p>
   </div>
   <div class='ocr_carea' id='block_1_2' title="bbox 222 347 1816 427">
    <p class='ocr_par' dir='ltr' id='par_1_2' title="bbox 222 347 1816 427">
     <span class='ocr_line' id='line_1_2' title="bbox 222 347 1816 427; baseline -0.009 -12"><span class='ocrx_word' id='word_1_2' title='bbox 222 377 370 422; x_wconf 68' lang='grc' dir='ltr'><strong><em>ερας,</em></strong></span> <span class='ocrx_word' id='word_1_3' title='bbox 403 360 456 412; x_wconf 85' lang='lat' dir='ltr'><strong><em>hi</em></strong></span> <span class='ocrx_word' id='word_1_4' title='bbox 473 358 560 427; x_wconf 83' lang='lat' dir='ltr'><strong><em>qui</em></strong></span> <span class='ocrx_word' id='word_1_5' title='bbox 586 357 790 411; x_wconf 85' lang='lat' dir='ltr'><strong><em>adstant</em></strong></span> <span class='ocrx_word' id='word_1_6' title='bbox 809 355 1030 425; x_wconf 82' lang='lat' dir='ltr'><strong><em>hospites</em></strong></span> <span class='ocrx_word' id='word_1_7' title='bbox 1063 353 1305 423; x_wconf 75' lang='lat' dir='ltr'><strong><em>impensis</em></strong></span> <span class='ocrx_word' id='word_1_8' title='bbox 1333 350 1500 422; x_wconf 85' lang='lat' dir='ltr'><strong><em>parati</em></strong></span> <span class='ocrx_word' id='word_1_9' title='bbox 1538 357 1676 405; x_wconf 79' lang='lat' dir='ltr'><strong><em>sunt.</em></strong></span> <span class='ocrx_word' id='word_1_10' title='bbox 1719 347 1816 402; x_wconf 78' lang='lat' dir='ltr'><strong><em>ln-</em></strong></span> 
     </span>
    </p>
   </div>
   <div class='ocr_carea' id='block_1_3' title="bbox 225 442 1876 526">
    <p class='ocr_par' dir='ltr' id='par_1_3' title="bbox 225 442 1876 526">
     <span class='ocr_line' id='line_1_3' title="bbox 225 442 1876 526; baseline -0.007 -20"><span class='ocrx_word' id='word_1_11' title='bbox 225 453 341 506; x_wconf 80' lang='lat' dir='ltr'><strong><em>tulit</em></strong></span> <span class='ocrx_word' id='word_1_12' title='bbox 372 451 560 522; x_wconf 84' lang='lat' dir='ltr'><strong><em>quippe</em></strong></span> <span class='ocrx_word' id='word_1_13' title='bbox 577 451 632 503; x_wconf 83' lang='lat' dir='ltr'><strong><em>in</em></strong></span> <span class='ocrx_word' id='word_1_14' title='bbox 660 448 756 502; x_wconf 82' lang='lat' dir='ltr'><strong><em>hoc</em></strong></span> <span class='ocrx_word' id='word_1_15' title='bbox 782 449 946 518; x_wconf 83' lang='lat' dir='ltr'><strong><em>ipsum</em></strong></span> <span class='ocrx_word' id='word_1_16' title='bbox 966 446 1229 517; x_wconf 67' lang='lat' dir='ltr'><strong><em>pecuniam</em></strong></span> <span class='ocrx_word' id='word_1_17' title='bbox 1270 446 1518 514; x_wconf 84' lang='lat' dir='ltr'><strong><em>ingentem</em></strong></span> <span class='ocrx_word' id='word_1_18' title='bbox 1573 442 1817 496; x_wconf 83' lang='lat' dir='ltr'><strong><em>Simmias</em></strong></span> <span class='ocrx_word' id='word_1_19' title='bbox 1860 515 1876 526; x_wconf 27' lang='grc' dir='ltr'><em>Ἀ</em></span> 
     </span>
    </p>
   </div>
   <div class='ocr_carea' id='block_1_4' title="bbox 223 532 1819 609">
    <p class='ocr_par' dir='ltr' id='par_1_4' title="bbox 223 532 1819 609">
     <span class='ocr_line' id='line_1_4' title="bbox 223 532 1819 609; baseline -0.008 -12"><span class='ocrx_word' id='word_1_20' title='bbox 223 542 527 597; x_wconf 73' lang='lat' dir='ltr'><strong><em>Thebanus:</em></strong></span> <span class='ocrx_word' id='word_1_21' title='bbox 546 549 759 609; x_wconf 83' lang='lat' dir='ltr'><strong><em>paratas</em></strong></span> <span class='ocrx_word' id='word_1_22' title='bbox 779 548 849 592; x_wconf 88' lang='lat' dir='ltr'><strong><em>est</em></strong></span> <span class='ocrx_word' id='word_1_23' title='bbox 864 537 1017 595; x_wconf 84' lang='lat' dir='ltr'><strong><em>Cebes</em></strong></span> <span class='ocrx_word' id='word_1_24' title='bbox 1043 551 1253 607; x_wconf 78' lang='lat' dir='ltr'><strong><em>quoque,</em></strong></span> <span class='ocrx_word' id='word_1_25' title='bbox 1271 535 1363 589; x_wconf 86' lang='lat' dir='ltr'><strong><em>alii</em></strong></span> <span class='ocrx_word' id='word_1_26' title='bbox 1380 536 1499 588; x_wconf 88' lang='lat' dir='ltr'><strong><em>item</em></strong></span> <span class='ocrx_word' id='word_1_27' title='bbox 1522 534 1684 587; x_wconf 79' lang='lat' dir='ltr'><strong><em>multi.</em></strong></span> <span class='ocrx_word' id='word_1_28' title='bbox 1706 532 1819 586; x_wconf 85' lang='lat' dir='ltr'><strong><em>Ita-</em></strong></span> 
     </span>
    </p>
   </div>
   <div class='ocr_carea' id='block_1_5' title="bbox 223 622 1816 706">
    <p class='ocr_par' dir='ltr' id='par_1_5' title="bbox 223 622 1816 706">
     <span class='ocr_line' id='line_1_5' title="bbox 223 622 1816 706; baseline -0.008 -18"><span class='ocrx_word' id='word_1_29' title='bbox 223 651 341 706; x_wconf 79' lang='lat' dir='ltr'><strong><em>que,</em></strong></span> <span class='ocrx_word' id='word_1_30' title='bbox 373 645 428 687; x_wconf 85' lang='lat' dir='ltr'><strong><em>ut</em></strong></span> <span class='ocrx_word' id='word_1_31' title='bbox 451 642 601 687; x_wconf 83' lang='lat' dir='ltr'><strong><em>antea</em></strong></span> <span class='ocrx_word' id='word_1_32' title='bbox 621 632 867 698; x_wconf 76' lang='lat' dir='ltr'><strong><em>dicebam,</em></strong></span> <span class='ocrx_word' id='word_1_33' title='bbox 887 629 1032 685; x_wconf 75' lang='lat' dir='ltr'><strong><em>nullo</em></strong></span> <span class='ocrx_word' id='word_1_34' title='bbox 1056 629 1237 683; x_wconf 78' lang='lat' dir='ltr'><strong><em>Iterum</em></strong></span> <span class='ocrx_word' id='word_1_35' title='bbox 1265 638 1397 681; x_wconf 84' lang='lat' dir='ltr'><strong><em>metu</em></strong></span> <span class='ocrx_word' id='word_1_36' title='bbox 1422 631 1615 697; x_wconf 82' lang='lat' dir='ltr'><strong><em>fractus</em></strong></span> <span class='ocrx_word' id='word_1_37' title='bbox 1636 666 1652 690; x_wconf 90' lang='lat'><strong><em>,</em></strong></span> <span class='ocrx_word' id='word_1_38' title='bbox 1675 622 1816 678; x_wconf 76' lang='lat' dir='ltr'><strong><em>sala~</em></strong></span> 
     </span>
    </p>
   </div>
   <div class='ocr_carea' id='block_1_6' title="bbox 221 716 1810 794">
    <p class='ocr_par' dir='ltr' id='par_1_6' title="bbox 221 716 1810 794">
     <span class='ocr_line' id='line_1_6' title="bbox 221 716 1810 794; baseline -0.006 -13"><span class='ocrx_word' id='word_1_39' title='bbox 221 738 320 781; x_wconf 86' lang='lat' dir='ltr'><strong><em>tem</em></strong></span> <span class='ocrx_word' id='word_1_40' title='bbox 338 743 464 780; x_wconf 77' lang='lat' dir='ltr'><strong><em>cura</em></strong></span> <span class='ocrx_word' id='word_1_41' title='bbox 487 735 647 779; x_wconf 77' lang='lat' dir='ltr'><strong><em>tuam.</em></strong></span> <span class='ocrx_word' id='word_1_42' title='bbox 679 723 857 794; x_wconf 81' lang='lat' dir='ltr'><strong><em>Neque</em></strong></span> <span class='ocrx_word' id='word_1_43' title='bbox 879 720 1085 787; x_wconf 83' lang='lat' dir='ltr'><strong><em>veroid,</em></strong></span> <span class='ocrx_word' id='word_1_44' title='bbox 1116 720 1252 791; x_wconf 86' lang='lat' dir='ltr'><strong><em>quod</em></strong></span> <span class='ocrx_word' id='word_1_45' title='bbox 1283 721 1337 774; x_wconf 82' lang='lat' dir='ltr'><strong><em>in</em></strong></span> <span class='ocrx_word' id='word_1_46' title='bbox 1354 718 1554 790; x_wconf 80' lang='lat' dir='ltr'><strong><em>judicio</em></strong></span> <span class='ocrx_word' id='word_1_47' title='bbox 1574 716 1774 772; x_wconf 85' lang='lat' dir='ltr'><strong><em>dicebas</em></strong></span> <span class='ocrx_word' id='word_1_48' title='bbox 1794 759 1810 784; x_wconf 92' lang='lat'><strong><em>,</em></strong></span> 
     </span>
    </p>
   </div>
   <div class='ocr_carea' id='block_1_7' title="bbox 222 808 1817 884">
    <p class='ocr_par' dir='ltr' id='par_1_7' title="bbox 222 808 1817 884">
     <span class='ocr_line' id='line_1_7' title="bbox 222 808 1817 884; baseline -0.006 -13"><span class='ocrx_word' id='word_1_49' title='bbox 222 818 505 872; x_wconf 71' lang='lat' dir='ltr'><strong><em>molestiam</em></strong></span> <span class='ocrx_word' id='word_1_50' title='bbox 531 816 620 869; x_wconf 85' lang='lat' dir='ltr'><strong><em>tibi</em></strong></span> <span class='ocrx_word' id='word_1_51' title='bbox 636 815 822 884; x_wconf 86' lang='lat' dir='ltr'><strong><em>pariat,</em></strong></span> <span class='ocrx_word' id='word_1_52' title='bbox 840 813 975 883; x_wconf 78' lang='lat' dir='ltr'><strong><em>quod</em></strong></span> <span class='ocrx_word' id='word_1_53' title='bbox 1001 813 1189 867; x_wconf 74' lang='lat' dir='ltr'><strong><em>scilicet</em></strong></span> <span class='ocrx_word' id='word_1_54' title='bbox 1216 812 1469 881; x_wconf 80' lang='lat' dir='ltr'><strong><em>profectus</em></strong></span> <span class='ocrx_word' id='word_1_55' title='bbox 1490 826 1588 863; x_wconf 89' lang='lat' dir='ltr'><strong><em>non</em></strong></span> <span class='ocrx_word' id='word_1_56' title='bbox 1609 808 1817 863; x_wconf 77' lang='lat' dir='ltr'><strong><em>haberes</em></strong></span> 
     </span>
    </p>
   </div>
   <div class='ocr_carea' id='block_1_8' title="bbox 220 902 1817 980">
    <p class='ocr_par' dir='ltr' id='par_1_8' title="bbox 220 902 1817 980">
     <span class='ocr_line' id='line_1_8' title="bbox 220 902 1817 980; baseline -0.008 -16"><span class='ocrx_word' id='word_1_57' title='bbox 220 926 320 980; x_wconf 82' lang='lat' dir='ltr'><strong><em>quo</em></strong></span> <span class='ocrx_word' id='word_1_58' title='bbox 337 910 551 979; x_wconf 81' lang='lat' dir='ltr'><strong><em>teipsnm</em></strong></span> <span class='ocrx_word' id='word_1_59' title='bbox 568 917 800 961; x_wconf 71' lang='lat' dir='ltr'><strong><em>vet-teres.</em></strong></span> <span class='ocrx_word' id='word_1_60' title='bbox 827 905 1003 960; x_wconf 78' lang='lat' dir='ltr'><strong><em>Multis</em></strong></span> <span class='ocrx_word' id='word_1_61' title='bbox 1017 905 1149 959; x_wconf 86' lang='lat' dir='ltr'><strong><em>enim</em></strong></span> <span class='ocrx_word' id='word_1_62' title='bbox 1164 912 1206 956; x_wconf 90' lang='lat' dir='ltr'><strong><em>et</em></strong></span> <span class='ocrx_word' id='word_1_63' title='bbox 1223 904 1337 956; x_wconf 89' lang='lat' dir='ltr'><strong><em>aliis</em></strong></span> <span class='ocrx_word' id='word_1_64' title='bbox 1350 903 1402 956; x_wconf 88' lang='lat' dir='ltr'><strong><em>in</em></strong></span> <span class='ocrx_word' id='word_1_65' title='bbox 1415 902 1557 965; x_wconf 88' lang='lat' dir='ltr'><strong><em>locis,</em></strong></span> <span class='ocrx_word' id='word_1_66' title='bbox 1574 915 1817 970; x_wconf 83' lang='lat' dir='ltr'><strong><em>quocum-</em></strong></span> 
     </span>
    </p>
   </div>
   <div class='ocr_carea' id='block_1_9' title="bbox 220 993 1815 1073">
    <p class='ocr_par' dir='ltr' id='par_1_9' title="bbox 220 993 1815 1073">
     <span class='ocr_line' id='line_1_9' title="bbox 220 993 1815 1073; baseline -0.007 -16"><span class='ocrx_word' id='word_1_67' title='bbox 220 1019 318 1072; x_wconf 82' lang='lat' dir='ltr'><strong><em>que</em></strong></span> <span class='ocrx_word' id='word_1_68' title='bbox 337 1000 952 1073; x_wconf 46' lang='lat' dir='ltr'><strong><em>proﬁciscaremtmabunt</em></strong></span> <span class='ocrx_word' id='word_1_69' title='bbox 972 1007 1018 1051; x_wconf 90' lang='lat' dir='ltr'><strong><em>te</em></strong></span> <span class='ocrx_word' id='word_1_70' title='bbox 1038 998 1263 1067; x_wconf 83' lang='lat' dir='ltr'><strong><em>plurimi.</em></strong></span> <span class='ocrx_word' id='word_1_71' title='bbox 1295 995 1391 1051; x_wconf 78' lang='lat' dir='ltr'><strong><em>Sin</em></strong></span> <span class='ocrx_word' id='word_1_72' title='bbox 1424 1004 1593 1048; x_wconf 79' lang='lat' dir='ltr'><strong><em>autem</em></strong></span> <span class='ocrx_word' id='word_1_73' title='bbox 1610 993 1734 1047; x_wconf 78' lang='lat' dir='ltr'><strong><em>velis</em></strong></span> <span class='ocrx_word' id='word_1_74' title='bbox 1761 993 1815 1046; x_wconf 89' lang='lat' dir='ltr'><strong><em>in</em></strong></span> 
     </span>
    </p>
   </div>
   <div class='ocr_carea' id='block_1_10' title="bbox 224 1085 1817 1165">
    <p class='ocr_par' dir='ltr' id='par_1_10' title="bbox 224 1085 1817 1165">
     <span class='ocr_line' id='line_1_10' title="bbox 224 1085 1817 1165; baseline -0.008 -15"><span class='ocrx_word' id='word_1_75' title='bbox 224 1095 539 1150; x_wconf 80' lang='lat' dir='ltr'><strong><em>Thessaliam</em></strong></span> <span class='ocrx_word' id='word_1_76' title='bbox 555 1110 782 1165; x_wconf 81' lang='lat' dir='ltr'><strong><em>pergere,</em></strong></span> <span class='ocrx_word' id='word_1_77' title='bbox 802 1102 919 1146; x_wconf 74' lang='lat' dir='ltr'><strong><em>sunt</em></strong></span> <span class='ocrx_word' id='word_1_78' title='bbox 950 1092 1074 1146; x_wconf 75' lang='lat' dir='ltr'><strong><em>mihi</em></strong></span> <span class='ocrx_word' id='word_1_79' title='bbox 1097 1091 1323 1161; x_wconf 85' lang='lat' dir='ltr'><strong><em>plerique</em></strong></span> <span class='ocrx_word' id='word_1_80' title='bbox 1336 1090 1441 1143; x_wconf 89' lang='lat' dir='ltr'><strong><em>illic</em></strong></span> <span class='ocrx_word' id='word_1_81' title='bbox 1462 1090 1703 1158; x_wconf 75' lang='lat' dir='ltr'><strong><em>hospites,</em></strong></span> <span class='ocrx_word' id='word_1_82' title='bbox 1729 1085 1817 1158; x_wconf 83' lang='lat' dir='ltr'><strong><em>qui</em></strong></span> 
     </span>
    </p>
   </div>
   <div class='ocr_carea' id='block_1_11' title="bbox 221 1176 1818 1259">
    <p class='ocr_par' dir='ltr' id='par_1_11' title="bbox 221 1176 1818 1259">
     <span class='ocr_line' id='line_1_11' title="bbox 221 1176 1818 1259; baseline -0.008 -16"><span class='ocrx_word' id='word_1_83' title='bbox 221 1198 271 1243; x_wconf 85' lang='lat' dir='ltr'><strong><em>te</em></strong></span> <span class='ocrx_word' id='word_1_84' title='bbox 285 1189 492 1258; x_wconf 82' lang='lat' dir='ltr'><strong><em>plurimi</em></strong></span> <span class='ocrx_word' id='word_1_85' title='bbox 509 1188 711 1259; x_wconf 80' lang='lat' dir='ltr'><strong><em>facient,</em></strong></span> <span class='ocrx_word' id='word_1_86' title='bbox 730 1196 775 1240; x_wconf 84' lang='lat' dir='ltr'><strong><em>et</em></strong></span> <span class='ocrx_word' id='word_1_87' title='bbox 793 1195 952 1238; x_wconf 81' lang='lat' dir='ltr'><strong><em>tutum</em></strong></span> <span class='ocrx_word' id='word_1_88' title='bbox 969 1184 1171 1237; x_wconf 85' lang='lat' dir='ltr'><strong><em>omnino</em></strong></span> <span class='ocrx_word' id='word_1_89' title='bbox 1186 1179 1518 1251; x_wconf 66' lang='lat' dir='ltr'><strong><em>praestabunt:</em></strong></span> <span class='ocrx_word' id='word_1_90' title='bbox 1534 1180 1606 1232; x_wconf 83' lang='lat' dir='ltr'><strong><em>sic</em></strong></span> <span class='ocrx_word' id='word_1_91' title='bbox 1620 1187 1675 1231; x_wconf 87' lang='lat' dir='ltr'><strong><em>ut</em></strong></span> <span class='ocrx_word' id='word_1_92' title='bbox 1687 1176 1818 1231; x_wconf 83' lang='lat' dir='ltr'><strong><em>nihil</em></strong></span> 
     </span>
    </p>
   </div>
   <div class='ocr_carea' id='block_1_12' title="bbox 222 1269 1817 1344">
    <p class='ocr_par' dir='ltr' id='par_1_12' title="bbox 222 1269 1817 1344">
     <span class='ocr_line' id='line_1_12' title="bbox 222 1269 1817 1344; baseline -0.006 -11"><span class='ocrx_word' id='word_1_93' title='bbox 222 1280 309 1333; x_wconf 89' lang='lat' dir='ltr'><strong><em>tibi</em></strong></span> <span class='ocrx_word' id='word_1_94' title='bbox 324 1280 378 1333; x_wconf 89' lang='lat' dir='ltr'><strong><em>in</em></strong></span> <span class='ocrx_word' id='word_1_95' title='bbox 394 1278 659 1332; x_wconf 83' lang='lat' dir='ltr'><strong><em>Thessalia</em></strong></span> <span class='ocrx_word' id='word_1_96' title='bbox 674 1278 820 1330; x_wconf 84' lang='lat' dir='ltr'><strong><em>desit.</em></strong></span> <span class='ocrx_word' id='word_1_97' title='bbox 839 1276 975 1344; x_wconf 86' lang='lat' dir='ltr'><strong><em>Quid</em></strong></span> <span class='ocrx_word' id='word_1_98' title='bbox 988 1275 1087 1330; x_wconf 83' lang='lat' dir='ltr'><strong><em>hac</em></strong></span> <span class='ocrx_word' id='word_1_99' title='bbox 1099 1273 1368 1342; x_wconf 81' lang='lat' dir='ltr'><strong><em>opulentia</em></strong></span> <span class='ocrx_word' id='word_1_100' title='bbox 1376 1271 1661 1341; x_wconf 87' lang='lat' dir='ltr'><strong><em>jucundius</em></strong></span> <span class='ocrx_word' id='word_1_101' title='bbox 1675 1269 1700 1323; x_wconf 73' lang='grc' dir='ltr'><strong><em>’ἱ</em></strong></span> <span class='ocrx_word' id='word_1_102' title='bbox 1717 1269 1817 1324; x_wconf 84' lang='lat' dir='ltr'><strong><em>Ve-</em></strong></span> 
     </span>
    </p>
   </div>
   <div class='ocr_carea' id='block_1_13' title="bbox 222 1358 1813 1436">
    <p class='ocr_par' dir='ltr' id='par_1_13' title="bbox 222 1358 1813 1436">
     <span class='ocr_line' id='line_1_13' title="bbox 222 1358 1813 1436; baseline -0.007 -13"><span class='ocrx_word' id='word_1_103' title='bbox 222 1384 341 1423; x_wconf 91' lang='lat' dir='ltr'><strong><em>rum</em></strong></span> <span class='ocrx_word' id='word_1_104' title='bbox 356 1365 869 1436; x_wconf 88' lang='lat' dir='ltr'><strong><em>h:ecquidem,utad</em></strong></span> <span class='ocrx_word' id='word_1_105' title='bbox 884 1363 1195 1418; x_wconf 69' lang='lat' dir='ltr'><strong><em>smcularem</em></strong></span> <span class='ocrx_word' id='word_1_106' title='bbox 1227 1361 1496 1416; x_wconf 77' lang='lat' dir='ltr'><strong><em>hominem</em></strong></span> <span class='ocrx_word' id='word_1_107' title='bbox 1516 1360 1622 1414; x_wconf 88' lang='lat' dir='ltr'><strong><em>sint</em></strong></span> <span class='ocrx_word' id='word_1_108' title='bbox 1650 1358 1813 1413; x_wconf 90' lang='lat' dir='ltr'><strong><em>dicta.</em></strong></span> 
     </span>
    </p>
   </div>
   <div class='ocr_carea' id='block_1_14' title="bbox 220 1452 1814 1529">
    <p class='ocr_par' dir='ltr' id='par_1_14' title="bbox 220 1452 1814 1529">
     <span class='ocr_line' id='line_1_14' title="bbox 220 1452 1814 1529; baseline -0.006 -16"><span class='ocrx_word' id='word_1_109' title='bbox 220 1461 374 1529; x_wconf 85' lang='lat' dir='ltr'><strong><em>Quod</em></strong></span> <span class='ocrx_word' id='word_1_110' title='bbox 404 1460 447 1514; x_wconf 93' lang='lat' dir='ltr'><strong><em>si</em></strong></span> <span class='ocrx_word' id='word_1_111' title='bbox 477 1458 637 1514; x_wconf 91' lang='lat' dir='ltr'><strong><em>modo</em></strong></span> <span class='ocrx_word' id='word_1_112' title='bbox 661 1458 729 1512; x_wconf 90' lang='lat' dir='ltr'><strong><em>ad</em></strong></span> <span class='ocrx_word' id='word_1_113' title='bbox 762 1455 1149 1527; x_wconf 84' lang='lat' dir='ltr'><strong><em>philosophiam</em></strong></span> <span class='ocrx_word' id='word_1_114' title='bbox 1175 1452 1658 1509; x_wconf 87' lang='lat' dir='ltr'><strong><em>accommodatiore</em></strong></span> <span class='ocrx_word' id='word_1_115' title='bbox 1684 1465 1814 1518; x_wconf 84' lang='lat' dir='ltr'><strong><em>epes</em></strong></span> 
     </span>
    </p>
   </div>
   <div class='ocr_carea' id='block_1_15' title="bbox 220 1542 1814 1614">
    <p class='ocr_par' dir='ltr' id='par_1_15' title="bbox 220 1542 1814 1614">
     <span class='ocr_line' id='line_1_15' title="bbox 220 1542 1814 1614; baseline -0.008 -5"><span class='ocrx_word' id='word_1_116' title='bbox 220 1554 487 1609; x_wconf 83' lang='lat' dir='ltr'><strong><em>discutere</em></strong></span> <span class='ocrx_word' id='word_1_117' title='bbox 508 1551 736 1605; x_wconf 81' lang='lat' dir='ltr'><strong><em>velimus</em></strong></span> <span class='ocrx_word' id='word_1_118' title='bbox 755 1590 770 1614; x_wconf 91' lang='lat'><strong><em>,</em></strong></span> <span class='ocrx_word' id='word_1_119' title='bbox 805 1558 858 1603; x_wconf 91' lang='lat' dir='ltr'><strong><em>tu</em></strong></span> <span class='ocrx_word' id='word_1_120' title='bbox 887 1547 1115 1602; x_wconf 82' lang='lat' dir='ltr'><strong><em>fortasse</em></strong></span> <span class='ocrx_word' id='word_1_121' title='bbox 1164 1562 1270 1601; x_wconf 89' lang='lat' dir='ltr'><strong><em>non</em></strong></span> <span class='ocrx_word' id='word_1_122' title='bbox 1300 1544 1602 1613; x_wconf 83' lang='lat' dir='ltr'><strong><em>assequeris</em></strong></span> <span class='ocrx_word' id='word_1_123' title='bbox 1651 1542 1814 1597; x_wconf 81' lang='lat' dir='ltr'><strong><em>intel-</em></strong></span> 
     </span>
    </p>
   </div>
   <div class='ocr_carea' id='block_1_16' title="bbox 220 1633 1814 1710">
    <p class='ocr_par' dir='ltr' id='par_1_16' title="bbox 220 1633 1814 1710">
     <span class='ocr_line' id='line_1_16' title="bbox 220 1633 1814 1710; baseline -0.008 -11"><span class='ocrx_word' id='word_1_124' title='bbox 220 1644 366 1700; x_wconf 86' lang='lat' dir='ltr'><strong><em>lectu</em></strong></span> <span class='ocrx_word' id='word_1_125' title='bbox 389 1684 403 1709; x_wconf 91' lang='lat'><strong><em>,</em></strong></span> <span class='ocrx_word' id='word_1_126' title='bbox 432 1641 564 1696; x_wconf 89' lang='lat' dir='ltr'><strong><em>mihi</em></strong></span> <span class='ocrx_word' id='word_1_127' title='bbox 590 1650 766 1695; x_wconf 88' lang='lat' dir='ltr'><strong><em>tamen</em></strong></span> <span class='ocrx_word' id='word_1_128' title='bbox 793 1648 1011 1710; x_wconf 82' lang='lat' dir='ltr'><strong><em>propter</em></strong></span> <span class='ocrx_word' id='word_1_129' title='bbox 1028 1637 1239 1708; x_wconf 88' lang='lat' dir='ltr'><strong><em>judices</em></strong></span> <span class='ocrx_word' id='word_1_130' title='bbox 1265 1635 1573 1691; x_wconf 87' lang='lat' dir='ltr'><strong><em>necessario</em></strong></span> <span class='ocrx_word' id='word_1_131' title='bbox 1626 1633 1814 1689; x_wconf 90' lang='lat' dir='ltr'><strong><em>dicen-</em></strong></span> 
     </span>
    </p>
   </div>
   <div class='ocr_carea' id='block_1_17' title="bbox 221 1725 1815 1797">
    <p class='ocr_par' dir='ltr' id='par_1_17' title="bbox 221 1725 1815 1797">
     <span class='ocr_line' id='line_1_17' title="bbox 221 1725 1815 1797; baseline -0.006 -8"><span class='ocrx_word' id='word_1_132' title='bbox 221 1735 350 1789; x_wconf 90' lang='lat' dir='ltr'><strong><em>dum</em></strong></span> <span class='ocrx_word' id='word_1_133' title='bbox 380 1742 480 1788; x_wconf 89' lang='lat' dir='ltr'><strong><em>est.</em></strong></span> <span class='ocrx_word' id='word_1_134' title='bbox 511 1732 696 1787; x_wconf 71' lang='lat' dir='ltr'><strong><em>Tantae</em></strong></span> <span class='ocrx_word' id='word_1_135' title='bbox 737 1731 880 1785; x_wconf 91' lang='lat' dir='ltr'><strong><em>enim</em></strong></span> <span class='ocrx_word' id='word_1_136' title='bbox 926 1737 1053 1784; x_wconf 90' lang='lat' dir='ltr'><strong><em>sunt</em></strong></span> <span class='ocrx_word' id='word_1_137' title='bbox 1093 1727 1303 1783; x_wconf 82' lang='lat' dir='ltr'><strong><em>virtutis</em></strong></span> <span class='ocrx_word' id='word_1_138' title='bbox 1355 1741 1520 1797; x_wconf 87' lang='lat' dir='ltr'><strong><em>opes,</em></strong></span> <span class='ocrx_word' id='word_1_139' title='bbox 1574 1725 1815 1795; x_wconf 84' lang='lat' dir='ltr'><strong><em>adeoque</em></strong></span> 
     </span>
    </p>
   </div>
   <div class='ocr_carea' id='block_1_18' title="bbox 220 1818 1814 1891">
    <p class='ocr_par' dir='ltr' id='par_1_18' title="bbox 220 1818 1814 1891">
     <span class='ocr_line' id='line_1_18' title="bbox 220 1818 1814 1891; baseline -0.006 -11"><span class='ocrx_word' id='word_1_140' title='bbox 220 1824 416 1880; x_wconf 88' lang='lat' dir='ltr'><strong><em>vestris</em></strong></span> <span class='ocrx_word' id='word_1_141' title='bbox 440 1823 711 1877; x_wconf 89' lang='lat' dir='ltr'><strong><em>dulciores</em></strong></span> <span class='ocrx_word' id='word_1_142' title='bbox 735 1831 790 1877; x_wconf 89' lang='lat' dir='ltr'><strong><em>et</em></strong></span> <span class='ocrx_word' id='word_1_143' title='bbox 819 1820 1194 1891; x_wconf 87' lang='lat' dir='ltr'><strong><em>optabiliores,</em></strong></span> <span class='ocrx_word' id='word_1_144' title='bbox 1226 1828 1287 1873; x_wconf 92' lang='lat' dir='ltr'><strong><em>ut</em></strong></span> <span class='ocrx_word' id='word_1_145' title='bbox 1332 1820 1422 1888; x_wconf 87' lang='lat' dir='ltr'><strong><em>qui</em></strong></span> <span class='ocrx_word' id='word_1_146' title='bbox 1480 1818 1574 1873; x_wconf 83' lang='lat' dir='ltr'><strong><em>has</em></strong></span> <span class='ocrx_word' id='word_1_147' title='bbox 1612 1818 1814 1872; x_wconf 83' lang='lat' dir='ltr'><strong><em>habue-</em></strong></span> 
     </span>
    </p>
   </div>
   <div class='ocr_carea' id='block_1_19' title="bbox 219 1899 1812 1982">
    <p class='ocr_par' dir='ltr' id='par_1_19' title="bbox 219 1899 1812 1982">
     <span class='ocr_line' id='line_1_19' title="bbox 219 1899 1812 1982; baseline -0.006 -9"><span class='ocrx_word' id='word_1_148' title='bbox 219 1918 327 1973; x_wconf 87' lang='lat' dir='ltr'><strong><em>rint</em></strong></span> <span class='ocrx_word' id='word_1_149' title='bbox 348 1931 418 1970; x_wconf 91' lang='lat' dir='ltr'><strong><em>ne</em></strong></span> <span class='ocrx_word' id='word_1_150' title='bbox 442 1915 743 1970; x_wconf 82' lang='lat' dir='ltr'><strong><em>universam</em></strong></span> <span class='ocrx_word' id='word_1_151' title='bbox 770 1912 986 1982; x_wconf 82' lang='lat' dir='ltr'><strong><em>quidem</em></strong></span> <span class='ocrx_word' id='word_1_152' title='bbox 1012 1921 1207 1967; x_wconf 86' lang='lat' dir='ltr'><strong><em>terram</em></strong></span> <span class='ocrx_word' id='word_1_153' title='bbox 1226 1954 1241 1976; x_wconf 92' lang='lat'><strong><em>,</em></strong></span> <span class='ocrx_word' id='word_1_154' title='bbox 1271 1910 1479 1965; x_wconf 78' lang='lat' dir='ltr'><strong><em>etiamsi</em></strong></span> <span class='ocrx_word' id='word_1_155' title='bbox 1502 1899 1595 1964; x_wconf 84' lang='lat' dir='ltr'><strong><em>illa</em></strong></span> <span class='ocrx_word' id='word_1_156' title='bbox 1624 1924 1812 1963; x_wconf 88' lang='lat' dir='ltr'><strong><em>aurum</em></strong></span> 
     </span>
    </p>
   </div>
   <div class='ocr_carea' id='block_1_20' title="bbox 222 2001 1813 2068">
    <p class='ocr_par' dir='ltr' id='par_1_20' title="bbox 222 2001 1813 2068">
     <span class='ocr_line' id='line_1_20' title="bbox 222 2001 1813 2068; baseline -0.005 -6"><span class='ocrx_word' id='word_1_157' title='bbox 222 2006 528 2063; x_wconf 78' lang='lat' dir='ltr'><strong><em>fieretcum</em></strong></span> <span class='ocrx_word' id='word_1_158' title='bbox 561 2004 866 2068; x_wconf 87' lang='lat' dir='ltr'><strong><em>montibus,</em></strong></span> <span class='ocrx_word' id='word_1_159' title='bbox 923 2003 1057 2059; x_wconf 88' lang='lat' dir='ltr'><strong><em>mari</em></strong></span> <span class='ocrx_word' id='word_1_160' title='bbox 1087 2013 1141 2057; x_wconf 91' lang='lat' dir='ltr'><strong><em>et</em></strong></span> <span class='ocrx_word' id='word_1_161' title='bbox 1191 2001 1531 2068; x_wconf 82' lang='lat' dir='ltr'><strong><em>ﬂuminibus,</em></strong></span> <span class='ocrx_word' id='word_1_162' title='bbox 1570 2014 1813 2055; x_wconf 82' lang='lat' dir='ltr'><strong><em>commu—</em></strong></span> 
     </span>
    </p>
   </div>
   <div class='ocr_carea' id='block_1_21' title="bbox 216 2092 1815 2162">
    <p class='ocr_par' dir='ltr' id='par_1_21' title="bbox 216 2092 1815 2162">
     <span class='ocr_line' id='line_1_21' title="bbox 216 2092 1815 2162; baseline -0.007 -7"><span class='ocrx_word' id='word_1_163' title='bbox 216 2108 336 2154; x_wconf 84' lang='lat' dir='ltr'><strong><em>tare</em></strong></span> <span class='ocrx_word' id='word_1_164' title='bbox 361 2112 480 2154; x_wconf 88' lang='lat' dir='ltr'><strong><em>cum</em></strong></span> <span class='ocrx_word' id='word_1_165' title='bbox 508 2097 612 2152; x_wconf 86' lang='lat' dir='ltr'><strong><em>illis</em></strong></span> <span class='ocrx_word' id='word_1_166' title='bbox 639 2096 923 2151; x_wconf 85' lang='lat' dir='ltr'><strong><em>voluerint.</em></strong></span> <span class='ocrx_word' id='word_1_167' title='bbox 954 2096 1023 2149; x_wconf 88' lang='lat' dir='ltr'><strong><em>At</em></strong></span> <span class='ocrx_word' id='word_1_168' title='bbox 1051 2095 1095 2149; x_wconf 97' lang='lat' dir='ltr'><strong><em>si</em></strong></span> <span class='ocrx_word' id='word_1_169' title='bbox 1126 2092 1181 2149; x_wconf 88' lang='lat' dir='ltr'><strong><em>id</em></strong></span> <span class='ocrx_word' id='word_1_170' title='bbox 1223 2093 1340 2147; x_wconf 77' lang='lat' dir='ltr'><strong><em>fieri</em></strong></span> <span class='ocrx_word' id='word_1_171' title='bbox 1394 2101 1616 2162; x_wconf 89' lang='lat' dir='ltr'><strong><em>posset,</em></strong></span> <span class='ocrx_word' id='word_1_172' title='bbox 1648 2106 1815 2161; x_wconf 84' lang='lat' dir='ltr'><strong><em>expo-</em></strong></span> 
     </span>
    </p>
   </div>
   <div class='ocr_carea' id='block_1_22' title="bbox 216 2171 1812 2255">
    <p class='ocr_par' dir='ltr' id='par_1_22' title="bbox 216 2171 1812 2255">
     <span class='ocr_line' id='line_1_22' title="bbox 216 2171 1812 2255; baseline -0.004 -10"><span class='ocrx_word' id='word_1_173' title='bbox 216 2192 450 2245; x_wconf 82' lang='lat' dir='ltr'><strong><em>rimento</em></strong></span> <span class='ocrx_word' id='word_1_174' title='bbox 517 2198 663 2244; x_wconf 89' lang='lat' dir='ltr'><strong><em>certe</em></strong></span> <span class='ocrx_word' id='word_1_175' title='bbox 708 2180 985 2242; x_wconf 81' lang='lat' dir='ltr'><strong><em>didicisses</em></strong></span> <span class='ocrx_word' id='word_1_176' title='bbox 1033 2200 1132 2240; x_wconf 91' lang='lat' dir='ltr'><strong><em>nos</em></strong></span> <span class='ocrx_word' id='word_1_177' title='bbox 1174 2200 1279 2239; x_wconf 90' lang='lat' dir='ltr'><strong><em>non</em></strong></span> <span class='ocrx_word' id='word_1_178' title='bbox 1329 2171 1602 2255; x_wconf 66' lang='lat' dir='ltr'><strong><em>jactantid:</em></strong></span> <span class='ocrx_word' id='word_1_179' title='bbox 1650 2183 1812 2238; x_wconf 85' lang='lat' dir='ltr'><strong><em>verba</em></strong></span> 
     </span>
    </p>
   </div>
   <div class='ocr_carea' id='block_1_23' title="bbox 217 2276 1813 2352">
    <p class='ocr_par' dir='ltr' id='par_1_23' title="bbox 217 2276 1813 2352">
     <span class='ocr_line' id='line_1_23' title="bbox 217 2276 1813 2352; baseline -0.004 -15"><span class='ocrx_word' id='word_1_180' title='bbox 217 2282 365 2352; x_wconf 90' lang='lat' dir='ltr'><strong><em>loqui</em></strong></span> <span class='ocrx_word' id='word_1_181' title='bbox 398 2299 411 2335; x_wconf 93' lang='lat'><strong>:</strong></span> <span class='ocrx_word' id='word_1_182' title='bbox 443 2281 536 2336; x_wconf 91' lang='lat' dir='ltr'><strong><em>sed</em></strong></span> <span class='ocrx_word' id='word_1_183' title='bbox 566 2279 798 2350; x_wconf 87' lang='lat' dir='ltr'><strong><em>majores</em></strong></span> <span class='ocrx_word' id='word_1_184' title='bbox 822 2293 1032 2349; x_wconf 87' lang='lat' dir='ltr'><strong><em>quoque</em></strong></span> <span class='ocrx_word' id='word_1_185' title='bbox 1059 2277 1136 2332; x_wconf 89' lang='lat' dir='ltr'><strong><em>illi</em></strong></span> <span class='ocrx_word' id='word_1_186' title='bbox 1163 2276 1377 2332; x_wconf 83' lang='lat' dir='ltr'><strong><em>divitias</em></strong></span> <span class='ocrx_word' id='word_1_187' title='bbox 1405 2276 1547 2330; x_wconf 87' lang='lat' dir='ltr'><strong><em>nacti</em></strong></span> <span class='ocrx_word' id='word_1_188' title='bbox 1587 2289 1813 2344; x_wconf 85' lang='lat' dir='ltr'><strong><em>sperne-</em></strong></span> 
     </span>
    </p>
   </div>
   <div class='ocr_carea' id='block_1_24' title="bbox 219 2367 1812 2441">
    <p class='ocr_par' dir='ltr' id='par_1_24' title="bbox 219 2367 1812 2441">
     <span class='ocr_line' id='line_1_24' title="bbox 219 2367 1812 2441; baseline -0.006 -13"><span class='ocrx_word' id='word_1_189' title='bbox 219 2381 341 2429; x_wconf 87' lang='lat' dir='ltr'><strong><em>rent</em></strong></span> <span class='ocrx_word' id='word_1_190' title='bbox 366 2383 421 2428; x_wconf 89' lang='lat' dir='ltr'><strong><em>et</em></strong></span> <span class='ocrx_word' id='word_1_191' title='bbox 451 2387 737 2441; x_wconf 89' lang='lat' dir='ltr'><strong><em>numquam</em></strong></span> <span class='ocrx_word' id='word_1_192' title='bbox 769 2385 989 2441; x_wconf 85' lang='lat' dir='ltr'><strong><em>prorsus</em></strong></span> <span class='ocrx_word' id='word_1_193' title='bbox 1018 2384 1138 2423; x_wconf 90' lang='lat' dir='ltr'><strong><em>cum</em></strong></span> <span class='ocrx_word' id='word_1_194' title='bbox 1185 2369 1300 2422; x_wconf 89' lang='lat' dir='ltr'><strong><em>istis</em></strong></span> <span class='ocrx_word' id='word_1_195' title='bbox 1339 2367 1457 2422; x_wconf 89' lang='lat' dir='ltr'><strong><em>illas</em></strong></span> <span class='ocrx_word' id='word_1_196' title='bbox 1508 2375 1812 2421; x_wconf 82' lang='lat' dir='ltr'><strong><em>commuta-</em></strong></span> 
     </span>
    </p>
   </div>
   <div class='ocr_carea' id='block_1_25' title="bbox 214 2457 1812 2534">
    <p class='ocr_par' dir='ltr' id='par_1_25' title="bbox 214 2457 1812 2534">
     <span class='ocr_line' id='line_1_25' title="bbox 214 2457 1812 2534; baseline -0.004 -14"><span class='ocrx_word' id='word_1_197' title='bbox 214 2472 360 2520; x_wconf 79' lang='lat' dir='ltr'><strong><em>rent.</em></strong></span> <span class='ocrx_word' id='word_1_198' title='bbox 389 2465 453 2519; x_wconf 84' lang='lat' dir='ltr'><strong><em>Et</em></strong></span> <span class='ocrx_word' id='word_1_199' title='bbox 478 2464 603 2534; x_wconf 87' lang='lat' dir='ltr'><strong><em>quid</em></strong></span> <span class='ocrx_word' id='word_1_200' title='bbox 642 2476 742 2533; x_wconf 78' lang='lat' dir='ltr'><strong><em>ego</em></strong></span> <span class='ocrx_word' id='word_1_201' title='bbox 771 2462 891 2516; x_wconf 89' lang='lat' dir='ltr'><strong><em>dico</em></strong></span> <span class='ocrx_word' id='word_1_202' title='bbox 910 2503 924 2525; x_wconf 92' lang='lat'><strong><em>,</em></strong></span> <span class='ocrx_word' id='word_1_203' title='bbox 953 2460 1383 2516; x_wconf 82' lang='lat' dir='ltr'><strong><em>commutarent?</em></strong></span> <span class='ocrx_word' id='word_1_204' title='bbox 1413 2474 1483 2514; x_wconf 89' lang='lat' dir='ltr'><strong><em>ne</em></strong></span> <span class='ocrx_word' id='word_1_205' title='bbox 1528 2473 1652 2512; x_wconf 86' lang='lat' dir='ltr'><strong><em>cum</em></strong></span> <span class='ocrx_word' id='word_1_206' title='bbox 1706 2457 1812 2513; x_wconf 85' lang='lat' dir='ltr'><strong><em>illis</em></strong></span> 
     </span>
    </p>
   </div>
   <div class='ocr_carea' id='block_1_26' title="bbox 212 2551 1810 2631">
    <p class='ocr_par' dir='ltr' id='par_1_26' title="bbox 212 2551 1810 2631">
     <span class='ocr_line' id='line_1_26' title="bbox 212 2551 1810 2631; baseline -0.007 -17"><span class='ocrx_word' id='word_1_207' title='bbox 212 2559 436 2631; x_wconf 84' lang='lat' dir='ltr'><strong><em>quidem</em></strong></span> <span class='ocrx_word' id='word_1_208' title='bbox 468 2557 566 2612; x_wconf 90' lang='lat' dir='ltr'><strong><em>bas</em></strong></span> <span class='ocrx_word' id='word_1_209' title='bbox 586 2556 785 2610; x_wconf 88' lang='lat' dir='ltr'><strong><em>habere</em></strong></span> <span class='ocrx_word' id='word_1_210' title='bbox 806 2555 1027 2609; x_wconf 77' lang='lat' dir='ltr'><strong><em>vellent.</em></strong></span> <span class='ocrx_word' id='word_1_211' title='bbox 1051 2553 1209 2609; x_wconf 85' lang='lat' dir='ltr'><strong><em>Certe</em></strong></span> <span class='ocrx_word' id='word_1_212' title='bbox 1248 2553 1293 2606; x_wconf 90' lang='lat' dir='ltr'><strong><em>si</em></strong></span> <span class='ocrx_word' id='word_1_213' title='bbox 1321 2552 1440 2622; x_wconf 88' lang='lat' dir='ltr'><strong><em>quis</em></strong></span> <span class='ocrx_word' id='word_1_214' title='bbox 1488 2551 1641 2606; x_wconf 86' lang='lat' dir='ltr'><strong><em>vobis</em></strong></span> <span class='ocrx_word' id='word_1_215' title='bbox 1686 2565 1810 2604; x_wconf 87' lang='lat' dir='ltr'><strong><em>cum</em></strong></span> 
     </span>
    </p>
   </div>
   <div class='ocr_carea' id='block_1_27' title="bbox 213 2641 1812 2722">
    <p class='ocr_par' dir='ltr' id='par_1_27' title="bbox 213 2641 1812 2722">
     <span class='ocr_line' id='line_1_27' title="bbox 213 2641 1812 2722; baseline -0.008 -16"><span class='ocrx_word' id='word_1_216' title='bbox 213 2649 466 2722; x_wconf 79' lang='lat' dir='ltr'><strong><em>pecuniis</em></strong></span> <span class='ocrx_word' id='word_1_217' title='bbox 494 2648 708 2703; x_wconf 88' lang='lat' dir='ltr'><strong><em>virtutis</em></strong></span> <span class='ocrx_word' id='word_1_218' title='bbox 737 2647 1004 2701; x_wconf 83' lang='lat' dir='ltr'><strong><em>conferret</em></strong></span> <span class='ocrx_word' id='word_1_219' title='bbox 1025 2659 1177 2714; x_wconf 88' lang='lat' dir='ltr'><strong><em>opes,</em></strong></span> <span class='ocrx_word' id='word_1_220' title='bbox 1210 2642 1415 2713; x_wconf 84' lang='lat' dir='ltr'><strong><em>supinis</em></strong></span> <span class='ocrx_word' id='word_1_221' title='bbox 1439 2655 1532 2697; x_wconf 85' lang='lat' dir='ltr'><strong><em>eas</em></strong></span> <span class='ocrx_word' id='word_1_222' title='bbox 1566 2641 1812 2695; x_wconf 87' lang='lat' dir='ltr'><strong><em>manibus</em></strong></span> 
     </span>
    </p>
   </div>
   <div class='ocr_carea' id='block_1_28' title="bbox 216 2734 1810 2811">
    <p class='ocr_par' dir='ltr' id='par_1_28' title="bbox 216 2734 1810 2811">
     <span class='ocr_line' id='line_1_28' title="bbox 216 2734 1810 2811; baseline -0.007 -14"><span class='ocrx_word' id='word_1_223' title='bbox 216 2742 595 2811; x_wconf 86' lang='lat' dir='ltr'><strong><em>susciperetis:</em></strong></span> <span class='ocrx_word' id='word_1_224' title='bbox 625 2739 761 2794; x_wconf 86' lang='lat' dir='ltr'><strong><em>adeo</em></strong></span> <span class='ocrx_word' id='word_1_225' title='bbox 786 2738 885 2808; x_wconf 87' lang='lat' dir='ltr'><strong><em>ipsi</em></strong></span> <span class='ocrx_word' id='word_1_226' title='bbox 922 2750 1133 2807; x_wconf 90' lang='lat' dir='ltr'><strong><em>quoque</em></strong></span> <span class='ocrx_word' id='word_1_227' title='bbox 1160 2750 1252 2789; x_wconf 81' lang='lat' dir='ltr'><strong><em>eas</em></strong></span> <span class='ocrx_word' id='word_1_228' title='bbox 1273 2734 1484 2788; x_wconf 84' lang='lat' dir='ltr'><strong><em>divitias</em></strong></span> <span class='ocrx_word' id='word_1_229' title='bbox 1507 2740 1562 2788; x_wconf 91' lang='lat' dir='ltr'><strong><em>et</em></strong></span> <span class='ocrx_word' id='word_1_230' title='bbox 1588 2746 1810 2802; x_wconf 79' lang='lat' dir='ltr'><strong><em>magnas</em></strong></span> 
     </span>
    </p>
   </div>
   <div class='ocr_carea' id='block_1_29' title="bbox 211 2823 1814 2893">
    <p class='ocr_par' dir='ltr' id='par_1_29' title="bbox 211 2823 1814 2893">
     <span class='ocr_line' id='line_1_29' title="bbox 211 2823 1814 2893; baseline -0.009 0"><span class='ocrx_word' id='word_1_231' title='bbox 211 2846 275 2893; x_wconf 85' lang='lat' dir='ltr'><strong><em>et</em></strong></span> <span class='ocrx_word' id='word_1_232' title='bbox 298 2834 637 2891; x_wconf 84' lang='lat' dir='ltr'><strong><em>admirabiles</em></strong></span> <span class='ocrx_word' id='word_1_233' title='bbox 666 2847 786 2887; x_wconf 87' lang='lat' dir='ltr'><strong><em>esse</em></strong></span> <span class='ocrx_word' id='word_1_234' title='bbox 815 2829 1165 2886; x_wconf 84' lang='lat' dir='ltr'><strong><em>confitemini.</em></strong></span> <span class='ocrx_word' id='word_1_235' title='bbox 1194 2830 1262 2882; x_wconf 80' lang='lat' dir='ltr'><strong><em>At</em></strong></span> <span class='ocrx_word' id='word_1_236' title='bbox 1309 2826 1363 2880; x_wconf 90' lang='lat' dir='ltr'><strong><em>hi</em></strong></span> <span class='ocrx_word' id='word_1_237' title='bbox 1416 2841 1485 2882; x_wconf 90' lang='lat' dir='ltr'><strong><em>ne</em></strong></span> <span class='ocrx_word' id='word_1_238' title='bbox 1523 2840 1648 2881; x_wconf 88' lang='lat' dir='ltr'><strong><em>cum</em></strong></span> <span class='ocrx_word' id='word_1_239' title='bbox 1699 2823 1814 2879; x_wconf 89' lang='lat' dir='ltr'><strong><em>suis</em></strong></span> 
     </span>
    </p>
   </div>
   <div class='ocr_carea' id='block_1_30' title="bbox 211 2916 1810 2999">
    <p class='ocr_par' dir='ltr' id='par_1_30' title="bbox 211 2916 1810 2999">
     <span class='ocr_line' id='line_1_30' title="bbox 211 2916 1810 2999; baseline -0.008 -16"><span class='ocrx_word' id='word_1_240' title='bbox 211 2928 436 2999; x_wconf 80' lang='lat' dir='ltr'><strong><em>quidem</em></strong></span> <span class='ocrx_word' id='word_1_241' title='bbox 466 2941 594 2996; x_wconf 87' lang='lat' dir='ltr'><strong><em>opes</em></strong></span> <span class='ocrx_word' id='word_1_242' title='bbox 613 2932 820 2979; x_wconf 89' lang='lat' dir='ltr'><strong><em>vestras</em></strong></span> <span class='ocrx_word' id='word_1_243' title='bbox 844 2920 1041 2978; x_wconf 85' lang='lat' dir='ltr'><strong><em>habere</em></strong></span> <span class='ocrx_word' id='word_1_244' title='bbox 1080 2920 1382 2985; x_wconf 88' lang='lat' dir='ltr'><strong><em>voluerint,</em></strong></span> <span class='ocrx_word' id='word_1_245' title='bbox 1411 2916 1484 2972; x_wconf 86' lang='lat' dir='ltr'><strong><em>ita</em></strong></span> <span class='ocrx_word' id='word_1_246' title='bbox 1535 2932 1648 2971; x_wconf 86' lang='lat' dir='ltr'><strong><em>rem</em></strong></span> <span class='ocrx_word' id='word_1_247' title='bbox 1689 2929 1810 2971; x_wconf 89' lang='lat' dir='ltr'><strong><em>esse</em></strong></span> 
     </span>
    </p>
   </div>
   <div class='ocr_carea' id='block_1_31' title="bbox 211 3011 1811 3090">
    <p class='ocr_par' dir='ltr' id='par_1_31' title="bbox 211 3011 1811 3090">
     <span class='ocr_line' id='line_1_31' title="bbox 211 3011 1811 3090; baseline -0.009 -16"><span class='ocrx_word' id='word_1_248' title='bbox 211 3017 575 3090; x_wconf 77' lang='lat' dir='ltr'><strong><em>spernendam</em></strong></span> <span class='ocrx_word' id='word_1_249' title='bbox 607 3022 823 3070; x_wconf 87' lang='lat' dir='ltr'><strong><em>norunt.</em></strong></span> <span class='ocrx_word' id='word_1_250' title='bbox 856 3012 1030 3084; x_wconf 81' lang='lat' dir='ltr'><strong><em>Atque</em></strong></span> <span class='ocrx_word' id='word_1_251' title='bbox 1061 3011 1164 3065; x_wconf 89' lang='lat' dir='ltr'><strong><em>hoc</em></strong></span> <span class='ocrx_word' id='word_1_252' title='bbox 1186 3013 1360 3078; x_wconf 89' lang='lat' dir='ltr'><strong><em>ipsum</em></strong></span> <span class='ocrx_word' id='word_1_253' title='bbox 1388 3022 1579 3063; x_wconf 87' lang='lat' dir='ltr'><strong><em>rursus</em></strong></span> <span class='ocrx_word' id='word_1_254' title='bbox 1622 3021 1811 3061; x_wconf 77' lang='lat' dir='ltr'><strong><em>exent-</em></strong></span> 
     </span>
    </p>
   </div>
   <div class='ocr_carea' id='block_1_32' title="bbox 217 3099 1808 3180">
    <p class='ocr_par' dir='ltr' id='par_1_32' title="bbox 217 3099 1808 3180">
     <span class='ocr_line' id='line_1_32' title="bbox 217 3099 1808 3180; baseline -0.009 -16"><span class='ocrx_word' id='word_1_255' title='bbox 217 3110 325 3180; x_wconf 88' lang='lat' dir='ltr'><strong><em>plis</em></strong></span> <span class='ocrx_word' id='word_1_256' title='bbox 355 3108 547 3164; x_wconf 81' lang='lat' dir='ltr'><strong><em>vestris</em></strong></span> <span class='ocrx_word' id='word_1_257' title='bbox 578 3106 916 3177; x_wconf 87' lang='lat' dir='ltr'><strong><em>perspicuum</em></strong></span> <span class='ocrx_word' id='word_1_258' title='bbox 941 3102 1160 3158; x_wconf 87' lang='lat' dir='ltr'><strong><em>faciam.</em></strong></span> <span class='ocrx_word' id='word_1_259' title='bbox 1181 3101 1447 3169; x_wconf 82' lang='lat' dir='ltr'><strong><em>Quantum</em></strong></span> <span class='ocrx_word' id='word_1_260' title='bbox 1476 3099 1619 3154; x_wconf 88' lang='lat' dir='ltr'><strong><em>enim</em></strong></span> <span class='ocrx_word' id='word_1_261' title='bbox 1652 3112 1808 3167; x_wconf 85' lang='lat' dir='ltr'><strong><em>pecu-</em></strong></span> 
     </span>
    </p>
   </div>
   <div class='ocr_carea' id='block_1_33' title="bbox 216 3187 1811 3267">
    <p class='ocr_par' dir='ltr' id='par_1_33' title="bbox 216 3187 1811 3267">
     <span class='ocr_line' id='line_1_33' title="bbox 216 3187 1811 3267; baseline -0.009 -9"><span class='ocrx_word' id='word_1_262' title='bbox 216 3204 427 3259; x_wconf 77' lang='lat' dir='ltr'><strong><em>uiarum</em></strong></span> <span class='ocrx_word' id='word_1_263' title='bbox 455 3199 814 3256; x_wconf 81' lang='lat' dir='ltr'><strong><em>Alexandrum</em></strong></span> <span class='ocrx_word' id='word_1_264' title='bbox 848 3196 1068 3267; x_wconf 76' lang='lat' dir='ltr'><strong><em>Diogeni</em></strong></span> <span class='ocrx_word' id='word_1_265' title='bbox 1093 3195 1343 3249; x_wconf 87' lang='lat' dir='ltr'><strong><em>daturum</em></strong></span> <span class='ocrx_word' id='word_1_266' title='bbox 1365 3191 1531 3248; x_wconf 89' lang='lat' dir='ltr'><strong><em>fuisse</em></strong></span> <span class='ocrx_word' id='word_1_267' title='bbox 1554 3201 1739 3261; x_wconf 86' lang='lat' dir='ltr'><strong><em>putas,</em></strong></span> <span class='ocrx_word' id='word_1_268' title='bbox 1764 3187 1811 3243; x_wconf 80' lang='lat' dir='ltr'><strong><em>si</em></strong></span> 
     </span>
    </p>
   </div>
   <div class='ocr_carea' id='block_1_34' title="bbox 217 3281 1807 3366">
    <p class='ocr_par' dir='ltr' id='par_1_34' title="bbox 217 3281 1807 3366">
     <span class='ocr_line' id='line_1_34' title="bbox 217 3281 1807 3366; baseline -0.011 -15"><span class='ocrx_word' id='word_1_269' title='bbox 217 3295 435 3366; x_wconf 86' lang='lat' dir='ltr'><strong><em>quidem</em></strong></span> <span class='ocrx_word' id='word_1_270' title='bbox 464 3294 552 3348; x_wconf 90' lang='lat' dir='ltr'><strong><em>ille</em></strong></span> <span class='ocrx_word' id='word_1_271' title='bbox 582 3292 838 3346; x_wconf 88' lang='lat' dir='ltr'><strong><em>voluisset</em></strong></span> <span class='ocrx_word' id='word_1_272' title='bbox 862 3285 1148 3357; x_wconf 85' lang='lat' dir='ltr'><strong><em>accipere?</em></strong></span> <span class='ocrx_word' id='word_1_273' title='bbox 1178 3285 1271 3339; x_wconf 89' lang='lat' dir='ltr'><strong><em>Ille</em></strong></span> <span class='ocrx_word' id='word_1_274' title='bbox 1324 3297 1452 3339; x_wconf 88' lang='lat' dir='ltr'><strong><em>vero</em></strong></span> <span class='ocrx_word' id='word_1_275' title='bbox 1509 3281 1700 3336; x_wconf 84' lang='lat' dir='ltr'><strong><em>noluit.</em></strong></span> <span class='ocrx_word' id='word_1_276' title='bbox 1732 3281 1807 3334; x_wconf 86' lang='lat' dir='ltr'><strong><em>At</em></strong></span> 
     </span>
    </p>
   </div>
   <div class='ocr_carea' id='block_1_35' title="bbox 218 3378 1812 3444">
    <p class='ocr_par' dir='ltr' id='par_1_35' title="bbox 218 3378 1812 3444">
     <span class='ocr_line' id='line_1_35' title="bbox 218 3378 1812 3444; baseline -0.013 0"><span class='ocrx_word' id='word_1_277' title='bbox 218 3385 531 3444; x_wconf 79' lang='lat' dir='ltr'><strong><em>Alexander</em></strong></span> <span class='ocrx_word' id='word_1_278' title='bbox 556 3383 759 3439; x_wconf 87' lang='lat' dir='ltr'><strong><em>viribus</em></strong></span> <span class='ocrx_word' id='word_1_279' title='bbox 794 3382 923 3436; x_wconf 89' lang='lat' dir='ltr'><strong><em>totis</em></strong></span> <span class='ocrx_word' id='word_1_280' title='bbox 941 3378 1334 3443; x_wconf 88' lang='lat' dir='ltr'><strong><em>contendebat,</em></strong></span> <span class='ocrx_word' id='word_1_281' title='bbox 1366 3383 1664 3442; x_wconf 79' lang='lat' dir='ltr'><strong><em>cunctaque</em></strong></span> <span class='ocrx_word' id='word_1_282' title='bbox 1694 3384 1812 3426; x_wconf 62' lang='lat' dir='ltr'><strong><em>meo</em></strong></span> 
     </span>
    </p>
   </div>
   <div class='ocr_carea' id='block_1_36' title="bbox 219 3466 1709 3544">
    <p class='ocr_par' dir='ltr' id='par_1_36' title="bbox 219 3466 1709 3544">
     <span class='ocr_line' id='line_1_36' title="bbox 219 3466 1709 3544; baseline -0.013 -8"><span class='ocrx_word' id='word_1_283' title='bbox 219 3480 471 3544; x_wconf 85' lang='lat' dir='ltr'><strong><em>liebatur,</em></strong></span> <span class='ocrx_word' id='word_1_284' title='bbox 500 3486 558 3531; x_wconf 92' lang='lat' dir='ltr'><strong><em>ut</em></strong></span> <span class='ocrx_word' id='word_1_285' title='bbox 582 3475 649 3530; x_wconf 86' lang='lat' dir='ltr'><strong><em>ad</em></strong></span> <span class='ocrx_word' id='word_1_286' title='bbox 678 3474 833 3544; x_wconf 87' lang='lat' dir='ltr'><strong><em>hujus</em></strong></span> <span class='ocrx_word' id='word_1_287' title='bbox 860 3472 1072 3527; x_wconf 81' lang='lat' dir='ltr'><strong><em>divitias</em></strong></span> <span class='ocrx_word' id='word_1_288' title='bbox 1094 3469 1311 3539; x_wconf 87' lang='lat' dir='ltr'><strong><em>pr0pius</em></strong></span> <span class='ocrx_word' id='word_1_289' title='bbox 1340 3466 1637 3521; x_wconf 83' lang='lat' dir='ltr'><strong><em>accederet.</em></strong></span> <span class='ocrx_word' id='word_1_290' title='bbox 1692 3504 1709 3517; x_wconf 55' lang='grc' dir='ltr'><em>μ</em></span> 
     </span>
    </p>
   </div>
   <div class='ocr_carea' id='block_1_37' title="bbox 290 3554 1813 3638">
    <p class='ocr_par' dir='ltr' id='par_1_37' title="bbox 290 3554 1813 3638">
     <span class='ocr_line' id='line_1_37' title="bbox 290 3554 1813 3638; baseline -0.009 -13"><span class='ocrx_word' id='word_1_291' title='bbox 290 3573 348 3628; x_wconf 84' lang='grc'><strong><em>5.</em></strong></span> <span class='ocrx_word' id='word_1_292' title='bbox 391 3570 491 3638; x_wconf 84' lang='lat' dir='ltr'><strong><em>Qui</em></strong></span> <span class='ocrx_word' id='word_1_293' title='bbox 515 3568 684 3622; x_wconf 85' lang='lat' dir='ltr'><strong><em>omnia</em></strong></span> <span class='ocrx_word' id='word_1_294' title='bbox 713 3565 923 3636; x_wconf 84' lang='lat' dir='ltr'><strong><em>despicit</em></strong></span> <span class='ocrx_word' id='word_1_295' title='bbox 947 3578 1062 3617; x_wconf 81' lang='lat' dir='ltr'><strong><em>vere</em></strong></span> <span class='ocrx_word' id='word_1_296' title='bbox 1098 3563 1255 3615; x_wconf 80' lang='lat' dir='ltr'><strong><em>dives.</em></strong></span> <span class='ocrx_word' id='word_1_297' title='bbox 1287 3588 1357 3600; x_wconf 88' lang='lat'><strong><em>-—</em></strong></span> <span class='ocrx_word' id='word_1_298' title='bbox 1392 3557 1557 3612; x_wconf 80' lang='lat' dir='ltr'><strong><em>Visne</em></strong></span> <span class='ocrx_word' id='word_1_299' title='bbox 1598 3554 1813 3612; x_wconf 79' lang='lat' dir='ltr'><strong><em>aliunde</em></strong></span> 
     </span>
    </p>
   </div>
   <div class='ocr_carea' id='block_1_38' title="bbox 216 3651 1810 3735">
    <p class='ocr_par' dir='ltr' id='par_1_38' title="bbox 216 3651 1810 3735">
     <span class='ocr_line' id='line_1_38' title="bbox 216 3651 1810 3735; baseline -0.012 -16"><span class='ocrx_word' id='word_1_300' title='bbox 216 3678 431 3735; x_wconf 90' lang='lat' dir='ltr'><strong><em>quoque</em></strong></span> <span class='ocrx_word' id='word_1_301' title='bbox 460 3670 515 3716; x_wconf 88' lang='lat' dir='ltr'><strong><em>et</em></strong></span> <span class='ocrx_word' id='word_1_302' title='bbox 547 3671 690 3715; x_wconf 87' lang='lat' dir='ltr'><strong><em>tuam</em></strong></span> <span class='ocrx_word' id='word_1_303' title='bbox 716 3657 979 3727; x_wconf 88' lang='lat' dir='ltr'><strong><em>inopiam,</em></strong></span> <span class='ocrx_word' id='word_1_304' title='bbox 1007 3663 1060 3708; x_wconf 89' lang='lat' dir='ltr'><strong><em>et</em></strong></span> <span class='ocrx_word' id='word_1_305' title='bbox 1093 3652 1186 3707; x_wconf 84' lang='lat' dir='ltr'><strong><em>lilii</em></strong></span> <span class='ocrx_word' id='word_1_306' title='bbox 1219 3651 1290 3705; x_wconf 89' lang='lat' dir='ltr'><strong><em>tui</em></strong></span> <span class='ocrx_word' id='word_1_307' title='bbox 1337 3665 1468 3720; x_wconf 89' lang='lat' dir='ltr'><strong><em>opes</em></strong></span> <span class='ocrx_word' id='word_1_308' title='bbox 1516 3662 1810 3718; x_wconf 81' lang='lat' dir='ltr'><strong><em>cognosce-</em></strong></span> 
     </span>
    </p>
   </div>
   <div class='ocr_carea' id='block_1_39' title="bbox 219 3740 1809 3819">
    <p class='ocr_par' dir='ltr' id='par_1_39' title="bbox 219 3740 1809 3819">
     <span class='ocr_line' id='line_1_39' title="bbox 219 3740 1809 3819; baseline -0.012 -9"><span class='ocrx_word' id='word_1_309' title='bbox 219 3755 317 3811; x_wconf 83' lang='lat' dir='ltr'><strong><em>re?</em></strong></span> <span class='ocrx_word' id='word_1_310' title='bbox 346 3754 498 3808; x_wconf 90' lang='lat' dir='ltr'><strong><em>lllum</em></strong></span> <span class='ocrx_word' id='word_1_311' title='bbox 529 3751 647 3816; x_wconf 80' lang='lat' dir='ltr'><strong><em>adi,</em></strong></span> <span class='ocrx_word' id='word_1_312' title='bbox 677 3750 907 3819; x_wconf 85' lang='lat' dir='ltr'><strong><em>ejusque</em></strong></span> <span class='ocrx_word' id='word_1_313' title='bbox 936 3745 1150 3817; x_wconf 88' lang='lat' dir='ltr'><strong><em>pallium</em></strong></span> <span class='ocrx_word' id='word_1_314' title='bbox 1170 3785 1187 3811; x_wconf 95' lang='lat'><strong><em>,</em></strong></span> <span class='ocrx_word' id='word_1_315' title='bbox 1219 3743 1359 3813; x_wconf 88' lang='lat' dir='ltr'><strong><em>qttod</em></strong></span> <span class='ocrx_word' id='word_1_316' title='bbox 1391 3742 1561 3797; x_wconf 88' lang='lat' dir='ltr'><strong><em>solum</em></strong></span> <span class='ocrx_word' id='word_1_317' title='bbox 1619 3740 1809 3803; x_wconf 85' lang='lat' dir='ltr'><strong><em>habet,</em></strong></span> 
     </span>
    </p>
   </div>
   <div class='ocr_carea' id='block_1_40' title="bbox 219 3833 1811 3904">
    <p class='ocr_par' dir='ltr' id='par_1_40' title="bbox 219 3833 1811 3904">
     <span class='ocr_line' id='line_1_40' title="bbox 219 3833 1811 3904; baseline -0.009 -4"><span class='ocrx_word' id='word_1_318' title='bbox 219 3848 296 3900; x_wconf 90' lang='lat' dir='ltr'><strong><em>illi</em></strong></span> <span class='ocrx_word' id='word_1_319' title='bbox 322 3844 504 3899; x_wconf 88' lang='lat' dir='ltr'><strong><em>aufer:</em></strong></span> <span class='ocrx_word' id='word_1_320' title='bbox 537 3842 672 3898; x_wconf 86' lang='lat' dir='ltr'><strong><em>cdue</em></strong></span> <span class='ocrx_word' id='word_1_321' title='bbox 698 3842 824 3895; x_wconf 85' lang='lat' dir='ltr'><strong><em>item</em></strong></span> <span class='ocrx_word' id='word_1_322' title='bbox 860 3855 927 3893; x_wconf 76' lang='lat' dir='ltr'><strong><em>ex</em></strong></span> <span class='ocrx_word' id='word_1_323' title='bbox 953 3837 1208 3901; x_wconf 86' lang='lat' dir='ltr'><strong><em>latibulo,</em></strong></span> <span class='ocrx_word' id='word_1_324' title='bbox 1265 3834 1488 3904; x_wconf 88' lang='lat' dir='ltr'><strong><em>ejusque</em></strong></span> <span class='ocrx_word' id='word_1_325' title='bbox 1541 3833 1811 3900; x_wconf 80' lang='lat' dir='ltr'><strong><em>tugurium</em></strong></span> 
     </span>
    </p>
   </div>
   <div class='ocr_carea' id='block_1_41' title="bbox 217 3926 1813 4002">
    <p class='ocr_par' dir='ltr' id='par_1_41' title="bbox 217 3926 1813 4002">
     <span class='ocr_line' id='line_1_41' title="bbox 217 3926 1813 4002; baseline -0.011 -9"><span class='ocrx_word' id='word_1_326' title='bbox 217 3939 470 3994; x_wconf 86' lang='lat' dir='ltr'><strong><em>destrue:</em></strong></span> <span class='ocrx_word' id='word_1_327' title='bbox 509 3951 574 3989; x_wconf 89' lang='lat' dir='ltr'><strong><em>ne</em></strong></span> <span class='ocrx_word' id='word_1_328' title='bbox 602 3934 679 3988; x_wconf 89' lang='lat' dir='ltr'><strong><em>sic</em></strong></span> <span class='ocrx_word' id='word_1_329' title='bbox 703 3931 916 4002; x_wconf 87' lang='lat' dir='ltr'><strong><em>quidem</em></strong></span> <span class='ocrx_word' id='word_1_330' title='bbox 944 3942 1065 3985; x_wconf 89' lang='lat' dir='ltr'><strong><em>eum</em></strong></span> <span class='ocrx_word' id='word_1_331' title='bbox 1112 3926 1476 3995; x_wconf 79' lang='lat' dir='ltr'><strong><em>indignantem</em></strong></span> <span class='ocrx_word' id='word_1_332' title='bbox 1529 3932 1621 3977; x_wconf 85' lang='lat' dir='ltr'><strong><em>aut</em></strong></span> <span class='ocrx_word' id='word_1_333' title='bbox 1669 3937 1813 3991; x_wconf 78' lang='lat' dir='ltr'><strong><em>:rgre</em></strong></span> 
     </span>
    </p>
   </div>
   <div class='ocr_carea' id='block_1_42' title="bbox 218 4015 1808 4091">
    <p class='ocr_par' dir='ltr' id='par_1_42' title="bbox 218 4015 1808 4091">
     <span class='ocr_line' id='line_1_42' title="bbox 218 4015 1808 4091; baseline -0.013 -3"><span class='ocrx_word' id='word_1_334' title='bbox 218 4032 483 4088; x_wconf 73' lang='lat' dir='ltr'><strong><em>ferentem</em></strong></span> <span class='ocrx_word' id='word_1_335' title='bbox 510 4026 749 4091; x_wconf 82' lang='lat' dir='ltr'><strong><em>videbis;</em></strong></span> <span class='ocrx_word' id='word_1_336' title='bbox 780 4040 965 4079; x_wconf 83' lang='lat' dir='ltr'><strong><em>verum</em></strong></span> <span class='ocrx_word' id='word_1_337' title='bbox 996 4022 1090 4076; x_wconf 87' lang='lat' dir='ltr'><strong><em>tibi</em></strong></span> <span class='ocrx_word' id='word_1_338' title='bbox 1112 4022 1302 4074; x_wconf 89' lang='lat' dir='ltr'><strong><em>horum</em></strong></span> <span class='ocrx_word' id='word_1_339' title='bbox 1331 4019 1530 4088; x_wconf 84' lang='lat' dir='ltr'><strong><em>gratias</em></strong></span> <span class='ocrx_word' id='word_1_340' title='bbox 1577 4015 1808 4081; x_wconf 85' lang='lat' dir='ltr'><strong><em>reddet,</em></strong></span> 
     </span>
    </p>
   </div>
   <div class='ocr_carea' id='block_1_43' title="bbox 219 4107 1811 4190">
    <p class='ocr_par' dir='ltr' id='par_1_43' title="bbox 219 4107 1811 4190">
     <span class='ocr_line' id='line_1_43' title="bbox 219 4107 1811 4190; baseline -0.011 -13"><span class='ocrx_word' id='word_1_341' title='bbox 219 4131 476 4190; x_wconf 84' lang='lat' dir='ltr'><strong><em>tantoque</em></strong></span> <span class='ocrx_word' id='word_1_342' title='bbox 528 4118 796 4185; x_wconf 82' lang='lat' dir='ltr'><strong><em>majores,</em></strong></span> <span class='ocrx_word' id='word_1_343' title='bbox 849 4124 1048 4184; x_wconf 86' lang='lat' dir='ltr'><strong><em>quanto</em></strong></span> <span class='ocrx_word' id='word_1_344' title='bbox 1090 4112 1259 4182; x_wconf 77' lang='lat' dir='ltr'><strong><em>magis</em></strong></span> <span class='ocrx_word' id='word_1_345' title='bbox 1311 4125 1433 4164; x_wconf 90' lang='lat' dir='ltr'><strong><em>eum</em></strong></span> <span class='ocrx_word' id='word_1_346' title='bbox 1463 4108 1531 4161; x_wconf 85' lang='lat' dir='ltr'><strong><em>ad</em></strong></span> <span class='ocrx_word' id='word_1_347' title='bbox 1575 4107 1811 4175; x_wconf 86' lang='lat' dir='ltr'><strong><em>philoso-</em></strong></span> 
     </span>
    </p>
   </div>
   <div class='ocr_carea' id='block_1_44' title="bbox 218 4196 1814 4284">
    <p class='ocr_par' dir='ltr' id='par_1_44' title="bbox 218 4196 1814 4284">
     <span class='ocr_line' id='line_1_44' title="bbox 218 4196 1814 4284; baseline -0.013 -17"><span class='ocrx_word' id='word_1_348' title='bbox 218 4214 402 4284; x_wconf 84' lang='lat' dir='ltr'><strong><em>phiam</em></strong></span> <span class='ocrx_word' id='word_1_349' title='bbox 426 4209 654 4279; x_wconf 84' lang='lat' dir='ltr'><strong><em>impellis</em></strong></span> <span class='ocrx_word' id='word_1_350' title='bbox 677 4226 689 4262; x_wconf 91' lang='lat'>:</span> <span class='ocrx_word' id='word_1_351' title='bbox 720 4207 812 4261; x_wconf 88' lang='lat' dir='ltr'><strong><em>tibi</em></strong></span> <span class='ocrx_word' id='word_1_352' title='bbox 843 4218 970 4258; x_wconf 88' lang='lat' dir='ltr'><strong><em>vero</em></strong></span> <span class='ocrx_word' id='word_1_353' title='bbox 991 4203 1035 4257; x_wconf 89' lang='lat' dir='ltr'><strong><em>si</em></strong></span> <span class='ocrx_word' id='word_1_354' title='bbox 1065 4202 1184 4271; x_wconf 89' lang='lat' dir='ltr'><strong><em>quis</em></strong></span> <span class='ocrx_word' id='word_1_355' title='bbox 1209 4199 1293 4254; x_wconf 88' lang='lat' dir='ltr'><strong><em>vel</em></strong></span> <span class='ocrx_word' id='word_1_356' title='bbox 1321 4197 1507 4252; x_wconf 90' lang='lat' dir='ltr'><strong><em>decem</em></strong></span> <span class='ocrx_word' id='word_1_357' title='bbox 1532 4196 1814 4250; x_wconf 88' lang='lat' dir='ltr'><strong><em>drachmas</em></strong></span> 
     </span>
    </p>
   </div>
   <div class='ocr_carea' id='block_1_45' title="bbox 219 4287 1811 4370">
    <p class='ocr_par' dir='ltr' id='par_1_45' title="bbox 219 4287 1811 4370">
     <span class='ocr_line' id='line_1_45' title="bbox 219 4287 1811 4370; baseline -0.012 -11"><span class='ocrx_word' id='word_1_358' title='bbox 219 4298 771 4370; x_wconf 82' lang='lat' dir='ltr'><strong><em>abstulerit,lugendi</em></strong></span> <span class='ocrx_word' id='word_1_359' title='bbox 799 4293 1233 4362; x_wconf 87' lang='lat' dir='ltr'><strong><em>lamentandique</em></strong></span> <span class='ocrx_word' id='word_1_360' title='bbox 1262 4290 1420 4344; x_wconf 85' lang='lat' dir='ltr'><strong><em>linem</em></strong></span> <span class='ocrx_word' id='word_1_361' title='bbox 1465 4302 1573 4343; x_wconf 90' lang='lat' dir='ltr'><strong><em>non</em></strong></span> <span class='ocrx_word' id='word_1_362' title='bbox 1630 4287 1811 4341; x_wconf 86' lang='lat' dir='ltr'><strong><em>facies.</em></strong></span> 
     </span>
    </p>
   </div>
   <div class='ocr_carea' id='block_1_46' title="bbox 222 4376 1818 4463">
    <p class='ocr_par' dir='ltr' id='par_1_46' title="bbox 222 4376 1818 4463">
     <span class='ocr_line' id='line_1_46' title="bbox 222 4376 1818 4463; baseline -0.013 -12"><span class='ocrx_word' id='word_1_363' title='bbox 222 4394 357 4451; x_wconf 88' lang='lat' dir='ltr'><strong><em>Uter</em></strong></span> <span class='ocrx_word' id='word_1_364' title='bbox 380 4408 511 4463; x_wconf 79' lang='lat' dir='ltr'><strong><em>ergo</em></strong></span> <span class='ocrx_word' id='word_1_365' title='bbox 537 4391 685 4446; x_wconf 83' lang='lat' dir='ltr'><strong><em>dives</em></strong></span> <span class='ocrx_word' id='word_1_366' title='bbox 702 4384 1091 4444; x_wconf 80' lang='lat' dir='ltr'><strong><em>existimandus</em></strong></span> <span class='ocrx_word' id='word_1_367' title='bbox 1115 4383 1221 4438; x_wconf 86' lang='lat' dir='ltr'><strong><em>est?</em></strong></span> <span class='ocrx_word' id='word_1_368' title='bbox 1247 4382 1364 4436; x_wconf 91' lang='lat' dir='ltr'><strong><em>isne</em></strong></span> <span class='ocrx_word' id='word_1_369' title='bbox 1381 4380 1473 4450; x_wconf 87' lang='lat' dir='ltr'><strong><em>qui</em></strong></span> <span class='ocrx_word' id='word_1_370' title='bbox 1508 4377 1591 4433; x_wconf 89' lang='lat' dir='ltr'><strong><em>vel</em></strong></span> <span class='ocrx_word' id='word_1_371' title='bbox 1622 4377 1692 4432; x_wconf 89' lang='lat' dir='ltr'><strong><em>de</em></strong></span> <span class='ocrx_word' id='word_1_372' title='bbox 1716 4376 1818 4431; x_wconf 81' lang='lat' dir='ltr'><strong><em>mi-</em></strong></span> 
     </span>
    </p>
   </div>
   <div class='ocr_carea' id='block_1_47' title="bbox 222 4466 1817 4547">
    <p class='ocr_par' dir='ltr' id='par_1_47' title="bbox 222 4466 1817 4547">
     <span class='ocr_line' id='line_1_47' title="bbox 222 4466 1817 4547; baseline -0.011 -6"><span class='ocrx_word' id='word_1_373' title='bbox 222 4486 389 4542; x_wconf 85' lang='lat' dir='ltr'><strong><em>nimis</em></strong></span> <span class='ocrx_word' id='word_1_374' title='bbox 409 4482 768 4545; x_wconf 79' lang='lat' dir='ltr'><strong><em>excruciatur,</em></strong></span> <span class='ocrx_word' id='word_1_375' title='bbox 787 4496 854 4535; x_wconf 87' lang='lat' dir='ltr'><strong><em>an</em></strong></span> <span class='ocrx_word' id='word_1_376' title='bbox 872 4479 964 4547; x_wconf 90' lang='lat' dir='ltr'><strong><em>qui</em></strong></span> <span class='ocrx_word' id='word_1_377' title='bbox 985 4475 1163 4531; x_wconf 88' lang='lat' dir='ltr'><strong><em>omnia</em></strong></span> <span class='ocrx_word' id='word_1_378' title='bbox 1178 4471 1339 4542; x_wconf 40' lang='lat' dir='ltr'><strong><em>.simul</em></strong></span> <span class='ocrx_word' id='word_1_379' title='bbox 1357 4469 1606 4540; x_wconf 78' lang='lat' dir='ltr'><strong><em>despicit?</em></strong></span> <span class='ocrx_word' id='word_1_380' title='bbox 1630 4466 1817 4538; x_wconf 87' lang='lat' dir='ltr'><strong><em>Neque</em></strong></span> 
     </span>
    </p>
   </div>
   <div class='ocr_carea' id='block_1_48' title="bbox 219 4560 1818 4641">
    <p class='ocr_par' dir='ltr' id='par_1_48' title="bbox 219 4560 1818 4641">
     <span class='ocr_line' id='line_1_48' title="bbox 219 4560 1818 4641; baseline -0.014 -5"><span class='ocrx_word' id='word_1_381' title='bbox 219 4580 280 4636; x_wconf 88' lang='lat' dir='ltr'><strong><em>id</em></strong></span> <span class='ocrx_word' id='word_1_382' title='bbox 310 4588 514 4634; x_wconf 88' lang='lat' dir='ltr'><strong><em>tantum</em></strong></span> <span class='ocrx_word' id='word_1_383' title='bbox 537 4575 733 4641; x_wconf 78' lang='lat' dir='ltr'><strong><em>facias,</em></strong></span> <span class='ocrx_word' id='word_1_384' title='bbox 766 4587 951 4628; x_wconf 89' lang='lat' dir='ltr'><strong><em>verum</em></strong></span> <span class='ocrx_word' id='word_1_385' title='bbox 983 4585 1050 4625; x_wconf 80' lang='lat' dir='ltr'><strong><em>ex</em></strong></span> <span class='ocrx_word' id='word_1_386' title='bbox 1078 4577 1185 4623; x_wconf 88' lang='lat' dir='ltr'><strong><em>tota</em></strong></span> <span class='ocrx_word' id='word_1_387' title='bbox 1232 4565 1452 4635; x_wconf 79' lang='lat' dir='ltr'><strong><em>regione</em></strong></span> <span class='ocrx_word' id='word_1_388' title='bbox 1494 4562 1718 4618; x_wconf 80' lang='lat' dir='ltr'><strong><em>exturba</em></strong></span> <span class='ocrx_word' id='word_1_389' title='bbox 1753 4560 1818 4615; x_wconf 86' lang='lat' dir='ltr'><strong><em>il-</em></strong></span> 
     </span>
    </p>
   </div>
   <div class='ocr_carea' id='block_1_49' title="bbox 222 4656 1814 4732">
    <p class='ocr_par' dir='ltr' id='par_1_49' title="bbox 222 4656 1814 4732">
     <span class='ocr_line' id='line_1_49' title="bbox 222 4656 1814 4732; baseline -0.014 -4"><span class='ocrx_word' id='word_1_390' title='bbox 222 4674 451 4728; x_wconf 90' lang='lat' dir='ltr'><strong><em>lum:et</em></strong></span> <span class='ocrx_word' id='word_1_391' title='bbox 473 4669 735 4724; x_wconf 88' lang='lat' dir='ltr'><strong><em>ridentem</em></strong></span> <span class='ocrx_word' id='word_1_392' title='bbox 781 4663 993 4721; x_wconf 84' lang='lat' dir='ltr'><strong><em>videbis</em></strong></span> <span class='ocrx_word' id='word_1_393' title='bbox 1047 4659 1198 4732; x_wconf 84' lang='lat' dir='ltr'><strong><em>quasi</em></strong></span> <span class='ocrx_word' id='word_1_394' title='bbox 1243 4659 1311 4714; x_wconf 85' lang='lat' dir='ltr'><strong><em>de</em></strong></span> <span class='ocrx_word' id='word_1_395' title='bbox 1359 4656 1578 4712; x_wconf 89' lang='lat' dir='ltr'><strong><em>ludente</em></strong></span> <span class='ocrx_word' id='word_1_396' title='bbox 1624 4668 1814 4726; x_wconf 91' lang='lat' dir='ltr'><strong><em>puero.</em></strong></span> 
     </span>
    </p>
   </div>
   <div class='ocr_carea' id='block_1_50' title="bbox 223 4744 1820 4830">
    <p class='ocr_par' dir='ltr' id='par_1_50' title="bbox 223 4744 1820 4830">
     <span class='ocr_line' id='line_1_50' title="bbox 223 4744 1820 4830; baseline -0.014 -10"><span class='ocrx_word' id='word_1_397' title='bbox 223 4765 303 4820; x_wconf 80' lang='lat' dir='ltr'><strong><em>&#39;l‘e</em></strong></span> <span class='ocrx_word' id='word_1_398' title='bbox 335 4777 462 4819; x_wconf 84' lang='lat' dir='ltr'><strong><em>vero</em></strong></span> <span class='ocrx_word' id='word_1_399' title='bbox 495 4761 540 4815; x_wconf 92' lang='lat' dir='ltr'><strong><em>si</em></strong></span> <span class='ocrx_word' id='word_1_400' title='bbox 572 4761 693 4830; x_wconf 88' lang='lat' dir='ltr'><strong><em>quis</em></strong></span> <span class='ocrx_word' id='word_1_401' title='bbox 714 4772 781 4813; x_wconf 76' lang='lat' dir='ltr'><strong><em>ex</em></strong></span> <span class='ocrx_word' id='word_1_402' title='bbox 829 4755 1000 4826; x_wconf 88' lang='lat' dir='ltr'><strong><em>patria</em></strong></span> <span class='ocrx_word' id='word_1_403' title='bbox 1045 4754 1216 4808; x_wconf 87' lang='lat' dir='ltr'><strong><em>solum</em></strong></span> <span class='ocrx_word' id='word_1_404' title='bbox 1245 4749 1521 4813; x_wconf 75' lang='lat' dir='ltr'><strong><em>esturbct,</em></strong></span> <span class='ocrx_word' id='word_1_405' title='bbox 1548 4744 1820 4802; x_wconf 85' lang='lat' dir='ltr'><strong><em>acerbissi-</em></strong></span> 
     </span>
    </p>
   </div>
   <div class='ocr_carea' id='block_1_51' title="bbox 224 4836 1815 4926">
    <p class='ocr_par' dir='ltr' id='par_1_51' title="bbox 224 4836 1815 4926">
     <span class='ocr_line' id='line_1_51' title="bbox 224 4836 1815 4926; baseline -0.014 -15"><span class='ocrx_word' id='word_1_406' title='bbox 224 4872 313 4911; x_wconf 85' lang='lat' dir='ltr'><strong><em>ma</em></strong></span> <span class='ocrx_word' id='word_1_407' title='bbox 344 4853 561 4926; x_wconf 85' lang='lat' dir='ltr'><strong><em>patieris</em></strong></span> <span class='ocrx_word' id='word_1_408' title='bbox 581 4893 595 4918; x_wconf 93' lang='lat'><strong><em>,</em></strong></span> <span class='ocrx_word' id='word_1_409' title='bbox 624 4864 798 4920; x_wconf 88' lang='lat' dir='ltr'><strong><em>neque</em></strong></span> <span class='ocrx_word' id='word_1_410' title='bbox 825 4847 968 4902; x_wconf 77' lang='lat' dir='ltr'><strong><em>illam</em></strong></span> <span class='ocrx_word' id='word_1_411' title='bbox 999 4842 1354 4899; x_wconf 85' lang='lat' dir='ltr'><strong><em>calamitatem</em></strong></span> <span class='ocrx_word' id='word_1_412' title='bbox 1399 4838 1539 4894; x_wconf 84' lang='lat' dir='ltr'><strong><em>ferre</em></strong></span> <span class='ocrx_word' id='word_1_413' title='bbox 1582 4836 1815 4907; x_wconf 85' lang='lat' dir='ltr'><strong><em>poteris:</em></strong></span> 
     </span>
    </p>
   </div>
   <div class='ocr_carea' id='block_1_52' title="bbox 223 4925 1825 5012">
    <p class='ocr_par' dir='ltr' id='par_1_52' title="bbox 223 4925 1825 5012">
     <span class='ocr_line' id='line_1_52' title="bbox 223 4925 1825 5012; baseline -0.017 -8"><span class='ocrx_word' id='word_1_414' title='bbox 223 4949 323 5004; x_wconf 89' lang='lat' dir='ltr'><strong><em>ille</em></strong></span> <span class='ocrx_word' id='word_1_415' title='bbox 347 4925 525 5001; x_wconf 89' lang='lat' dir='ltr'><strong><em>autem</em></strong></span> <span class='ocrx_word' id='word_1_416' title='bbox 546 4985 561 5009; x_wconf 94' lang='lat'><strong><em>,</em></strong></span> <span class='ocrx_word' id='word_1_417' title='bbox 594 4943 794 5012; x_wconf 89' lang='lat' dir='ltr'><strong><em>quippe</em></strong></span> <span class='ocrx_word' id='word_1_418' title='bbox 822 4947 979 4993; x_wconf 65' lang='lat' dir='ltr'><strong><em>terra:</em></strong></span> <span class='ocrx_word' id='word_1_419' title='bbox 1009 4933 1280 5001; x_wconf 86' lang='lat' dir='ltr'><strong><em>marisque</em></strong></span> <span class='ocrx_word' id='word_1_420' title='bbox 1309 4929 1592 4992; x_wconf 86' lang='lat' dir='ltr'><strong><em>dominus,</em></strong></span> <span class='ocrx_word' id='word_1_421' title='bbox 1623 4926 1698 4981; x_wconf 84' lang='lat' dir='ltr'><strong><em>ita</em></strong></span> <span class='ocrx_word' id='word_1_422' title='bbox 1735 4925 1825 4979; x_wconf 12' lang='lat' dir='ltr'><strong><em>fa-i</em></strong></span> 
     </span>
    </p>
   </div>
   <div class='ocr_carea' id='block_1_53' title="bbox 224 5016 1817 5096">
    <p class='ocr_par' dir='ltr' id='par_1_53' title="bbox 224 5016 1817 5096">
     <span class='ocr_line' id='line_1_53' title="bbox 224 5016 1817 5096; baseline -0.018 0"><span class='ocrx_word' id='word_1_423' title='bbox 224 5041 334 5096; x_wconf 87' lang='lat' dir='ltr'><strong><em>cile</em></strong></span> <span class='ocrx_word' id='word_1_424' title='bbox 361 5048 415 5093; x_wconf 91' lang='lat' dir='ltr'><strong><em>et</em></strong></span> <span class='ocrx_word' id='word_1_425' title='bbox 455 5037 573 5092; x_wconf 86' lang='lat' dir='ltr'><strong><em>sine</em></strong></span> <span class='ocrx_word' id='word_1_426' title='bbox 602 5045 836 5090; x_wconf 66' lang='lat' dir='ltr'><strong><em>tumore</em></strong></span> <span class='ocrx_word' id='word_1_427' title='bbox 877 5044 941 5083; x_wconf 75' lang='lat' dir='ltr'><strong><em>ex</em></strong></span> <span class='ocrx_word' id='word_1_428' title='bbox 988 5027 1072 5080; x_wconf 90' lang='lat' dir='ltr'><strong><em>his</em></strong></span> <span class='ocrx_word' id='word_1_429' title='bbox 1102 5023 1234 5079; x_wconf 86' lang='lat' dir='ltr'><strong><em>locis</em></strong></span> <span class='ocrx_word' id='word_1_430' title='bbox 1259 5022 1276 5054; x_wconf 71' lang='grc' dir='ltr'><strong>ι</strong></span> <span class='ocrx_word' id='word_1_431' title='bbox 1305 5021 1370 5075; x_wconf 87' lang='lat' dir='ltr'><strong><em>ad</em></strong></span> <span class='ocrx_word' id='word_1_432' title='bbox 1396 5020 1499 5074; x_wconf 87' lang='lat' dir='ltr'><strong><em>alia</em></strong></span> <span class='ocrx_word' id='word_1_433' title='bbox 1550 5016 1817 5087; x_wconf 76' lang='lat' dir='ltr'><strong><em>migrabit,</em></strong></span> 
     </span>
    </p>
   </div>
   <div class='ocr_carea' id='block_1_54' title="bbox 225 5107 1820 5192">
    <p class='ocr_par' dir='ltr' id='par_1_54' title="bbox 225 5107 1820 5192">
     <span class='ocr_line' id='line_1_54' title="bbox 225 5107 1820 5192; baseline -0.017 -5"><span class='ocrx_word' id='word_1_434' title='bbox 225 5142 292 5188; x_wconf 86' lang='lat' dir='ltr'><strong><em>ut</em></strong></span> <span class='ocrx_word' id='word_1_435' title='bbox 342 5140 398 5185; x_wconf 90' lang='lat' dir='ltr'><strong><em>tu</em></strong></span> <span class='ocrx_word' id='word_1_436' title='bbox 445 5128 575 5183; x_wconf 86' lang='lat' dir='ltr'><strong><em>facis</em></strong></span> <span class='ocrx_word' id='word_1_437' title='bbox 620 5140 742 5182; x_wconf 91' lang='lat' dir='ltr'><strong><em>cum</em></strong></span> <span class='ocrx_word' id='word_1_438' title='bbox 802 5136 898 5192; x_wconf 87' lang='lat' dir='ltr'><strong><em>per</em></strong></span> <span class='ocrx_word' id='word_1_439' title='bbox 916 5132 1073 5189; x_wconf 81' lang='lat' dir='ltr'><strong><em>agros</em></strong></span> <span class='ocrx_word' id='word_1_440' title='bbox 1097 5110 1612 5174; x_wconf 87' lang='lat' dir='ltr'><strong><em>tuosincedis,imo</em></strong></span> <span class='ocrx_word' id='word_1_441' title='bbox 1658 5107 1820 5163; x_wconf 88' lang='lat' dir='ltr'><strong><em>etiam</em></strong></span> 
     </span>
    </p>
   </div>
   <div class='ocr_carea' id='block_1_55' title="bbox 228 5202 1822 5282">
    <p class='ocr_par' dir='ltr' id='par_1_55' title="bbox 228 5202 1822 5282">
     <span class='ocr_line' id='line_1_55' title="bbox 228 5202 1822 5282; baseline -0.016 -1"><span class='ocrx_word' id='word_1_442' title='bbox 228 5223 465 5281; x_wconf 80' lang='lat' dir='ltr'><strong><em>facilius.</em></strong></span> <span class='ocrx_word' id='word_1_443' title='bbox 492 5220 625 5276; x_wconf 77' lang='lat' dir='ltr'><strong><em>Nam</em></strong></span> <span class='ocrx_word' id='word_1_444' title='bbox 650 5217 745 5272; x_wconf 87' lang='lat' dir='ltr'><strong><em>tibi</em></strong></span> <span class='ocrx_word' id='word_1_445' title='bbox 770 5215 871 5271; x_wconf 87' lang='lat' dir='ltr'><strong><em>etsi</em></strong></span> <span class='ocrx_word' id='word_1_446' title='bbox 922 5227 1018 5282; x_wconf 88' lang='lat' dir='ltr'><strong><em>per</em></strong></span> <span class='ocrx_word' id='word_1_447' title='bbox 1044 5219 1133 5264; x_wconf 88' lang='lat' dir='ltr'><strong><em>tua</em></strong></span> <span class='ocrx_word' id='word_1_448' title='bbox 1184 5204 1437 5262; x_wconf 89' lang='lat' dir='ltr'><strong><em>incedere</em></strong></span> <span class='ocrx_word' id='word_1_449' title='bbox 1488 5202 1680 5267; x_wconf 87' lang='lat' dir='ltr'><strong><em>liceat,</em></strong></span> <span class='ocrx_word' id='word_1_450' title='bbox 1725 5215 1822 5269; x_wconf 87' lang='lat' dir='ltr'><strong><em>per</em></strong></span> 
     </span>
    </p>
   </div>
   <div class='ocr_carea' id='block_1_56' title="bbox 229 5298 1824 5374">
    <p class='ocr_par' dir='ltr' id='par_1_56' title="bbox 229 5298 1824 5374">
     <span class='ocr_line' id='line_1_56' title="bbox 229 5298 1824 5374; baseline -0.018 0"><span class='ocrx_word' id='word_1_451' title='bbox 229 5318 409 5374; x_wconf 76' lang='lat' dir='ltr'><strong><em>ahena</em></strong></span> <span class='ocrx_word' id='word_1_452' title='bbox 433 5323 613 5369; x_wconf 89' lang='lat' dir='ltr'><strong><em>tamen</em></strong></span> <span class='ocrx_word' id='word_1_453' title='bbox 670 5306 976 5365; x_wconf 86' lang='lat' dir='ltr'><strong><em>necessario</em></strong></span> <span class='ocrx_word' id='word_1_454' title='bbox 1020 5298 1373 5358; x_wconf 86' lang='lat' dir='ltr'><strong><em>incedendum</em></strong></span> <span class='ocrx_word' id='word_1_455' title='bbox 1422 5306 1507 5352; x_wconf 84' lang='lat' dir='ltr'><strong><em>est</em></strong></span> <span class='ocrx_word' id='word_1_456' title='bbox 1545 5306 1644 5350; x_wconf 84' lang='lat' dir='ltr'><strong><em>:at</em></strong></span> <span class='ocrx_word' id='word_1_457' title='bbox 1693 5307 1824 5353; x_wconf 82' lang='lat' dir='ltr'><strong><em>vero</em></strong></span> 
     </span>
    </p>
   </div>
   <div class='ocr_carea' id='block_1_57' title="bbox 232 5388 1823 5467">
    <p class='ocr_par' dir='ltr' id='par_1_57' title="bbox 232 5388 1823 5467">
     <span class='ocr_line' id='line_1_57' title="bbox 232 5388 1823 5467; baseline -0.018 0"><span class='ocrx_word' id='word_1_458' title='bbox 232 5422 435 5467; x_wconf 83' lang='lat' dir='ltr'><strong><em>tenam</em></strong></span> <span class='ocrx_word' id='word_1_459' title='bbox 476 5406 567 5461; x_wconf 90' lang='lat' dir='ltr'><strong><em>ille</em></strong></span> <span class='ocrx_word' id='word_1_460' title='bbox 616 5400 831 5459; x_wconf 80' lang='lat' dir='ltr'><strong><em>onmem</em></strong></span> <span class='ocrx_word' id='word_1_461' title='bbox 882 5411 1034 5456; x_wconf 87' lang='lat' dir='ltr'><strong><em>suam</em></strong></span> <span class='ocrx_word' id='word_1_462' title='bbox 1064 5392 1410 5457; x_wconf 85' lang='lat' dir='ltr'><strong><em>obambulat,</em></strong></span> <span class='ocrx_word' id='word_1_463' title='bbox 1437 5388 1595 5460; x_wconf 88' lang='lat' dir='ltr'><strong><em>eique</em></strong></span> <span class='ocrx_word' id='word_1_464' title='bbox 1641 5393 1823 5456; x_wconf 86' lang='lat' dir='ltr'><strong><em>potum</em></strong></span> 
     </span>
    </p>
   </div>
   <div class='ocr_carea' id='block_1_58' title="bbox 231 5488 1823 5572">
    <p class='ocr_par' dir='ltr' id='par_1_58' title="bbox 231 5488 1823 5572">
     <span class='ocr_line' id='line_1_58' title="bbox 231 5488 1823 5572; baseline -0.019 -13"><span class='ocrx_word' id='word_1_465' title='bbox 231 5504 472 5572; x_wconf 75' lang='lat' dir='ltr'><strong><em>undique</em></strong></span> <span class='ocrx_word' id='word_1_466' title='bbox 519 5495 877 5567; x_wconf 76' lang='lat' dir='ltr'><strong><em>largissimum</em></strong></span> <span class='ocrx_word' id='word_1_467' title='bbox 921 5488 1266 5562; x_wconf 83' lang='lat' dir='ltr'><strong><em>suppeditant</em></strong></span> <span class='ocrx_word' id='word_1_468' title='bbox 1319 5492 1503 5553; x_wconf 77' lang='lat' dir='ltr'><strong><em>stagna</em></strong></span> <span class='ocrx_word' id='word_1_469' title='bbox 1528 5490 1823 5572; x_wconf 77' lang='lat' dir='ltr'><strong><em>,.atnnes,</em></strong></span> 
     </span>
    </p>
   </div>
   <div class='ocr_carea' id='block_1_59' title="bbox 230 5566 1825 5656">
    <p class='ocr_par' dir='ltr' id='par_1_59' title="bbox 230 5566 1825 5656">
     <span class='ocr_line' id='line_1_59' title="bbox 230 5566 1825 5656; baseline -0.018 -5"><span class='ocrx_word' id='word_1_470' title='bbox 230 5566 414 5652; x_wconf 72' lang='lat' dir='ltr'><strong><em>fontes</em></strong></span> <span class='ocrx_word' id='word_1_471' title='bbox 443 5609 456 5645; x_wconf 93' lang='lat'>:</span> <span class='ocrx_word' id='word_1_472' title='bbox 484 5566 637 5644; x_wconf 82' lang='lat' dir='ltr'><strong><em>cibus</em></strong></span> <span class='ocrx_word' id='word_1_473' title='bbox 664 5585 763 5656; x_wconf 87' lang='lat' dir='ltr'><strong><em>ipsi</em></strong></span> <span class='ocrx_word' id='word_1_474' title='bbox 793 5591 920 5639; x_wconf 84' lang='lat' dir='ltr'><strong><em>sunt</em></strong></span> <span class='ocrx_word' id='word_1_475' title='bbox 942 5582 1125 5656; x_wconf 77' lang='lat' dir='ltr'><strong><em>olera,</em></strong></span> <span class='ocrx_word' id='word_1_476' title='bbox 1166 5577 1381 5640; x_wconf 76' lang='lat' dir='ltr'><strong><em>herhm,</em></strong></span> <span class='ocrx_word' id='word_1_477' title='bbox 1431 5584 1597 5643; x_wconf 86' lang='lat' dir='ltr'><strong><em>panes</em></strong></span> <span class='ocrx_word' id='word_1_478' title='bbox 1642 5566 1825 5626; x_wconf 83' lang='lat' dir='ltr'><strong><em>multis</em></strong></span> 
     </span>
    </p>
   </div>
   <div class='ocr_carea' id='block_1_60' title="bbox 300 5647 1551 5756">
    <p class='ocr_par' dir='ltr' id='par_1_60' title="bbox 300 5647 1551 5756">
     <span class='ocr_line' id='line_1_60' title="bbox 300 5647 1551 5756; baseline -0.018 1"><span class='ocrx_word' id='word_1_479' title='bbox 300 5710 318 5741; x_wconf 72' lang='grc' dir='ltr'><strong><em>ι</em></strong></span> <span class='ocrx_word' id='word_1_480' title='bbox 357 5713 411 5756; x_wconf 80' lang='grc' dir='ltr'><strong>ιιι</strong></span> <span class='ocrx_word' id='word_1_481' title='bbox 430 5700 600 5754; x_wconf 69' lang='lat' dir='ltr'><strong><em>staret.</em></strong></span> <span class='ocrx_word' id='word_1_482' title='bbox 623 5704 810 5751; x_wconf 83' lang='lat' dir='ltr'><strong><em>tantum</em></strong></span> <span class='ocrx_word' id='word_1_483' title='bbox 830 5647 1211 5753; x_wconf 62' lang='lat' dir='ltr'><strong><em>desuntverba,</em></strong></span> <span class='ocrx_word' id='word_1_484' title='bbox 1235 5700 1300 5741; x_wconf 81' lang='lat' dir='ltr'><strong><em>ea:</em></strong></span> <span class='ocrx_word' id='word_1_485' title='bbox 1320 5684 1397 5738; x_wconf 85' lang='lat' dir='ltr'><strong><em>his</em></strong></span> <span class='ocrx_word' id='word_1_486' title='bbox 1414 5681 1551 5737; x_wconf 81' lang='lat' dir='ltr'><strong><em>locis.</em></strong></span> 
     </span>
    </p>
   </div>
   <div class='ocr_carea' id='block_1_61' title="bbox 982 231 2762 298">
    <p class='ocr_par' dir='ltr' id='par_1_61' title="bbox 982 231 2762 298">
     <span class='ocr_line' id='line_1_61' title="bbox 982 231 2762 298; baseline -0.002 0"><span class='ocrx_word' id='word_1_487' title='bbox 982 235 1352 298; x_wconf 70' lang='lat' dir='ltr'><strong><em>ADVERSUS</em></strong></span> <span class='ocrx_word' id='word_1_488' title='bbox 1384 231 1934 294; x_wconf 72' lang='lat' dir='ltr'><strong><em>OPPUGNATOBES</em></strong></span> <span class='ocrx_word' id='word_1_489' title='bbox 1972 233 2157 292; x_wconf 68' lang='grc' dir='ltr'><strong><em>ἺΙΤΑΕ</em></strong></span> <span class='ocrx_word' id='word_1_490' title='bbox 2196 236 2498 296; x_wconf 74' lang='lat' dir='ltr'><strong><em>MONAST.</em></strong></span> <span class='ocrx_word' id='word_1_491' title='bbox 2528 239 2658 296; x_wconf 72' lang='lat' dir='ltr'><strong><em>LIB.</em></strong></span> <span class='ocrx_word' id='word_1_492' title='bbox 2701 240 2762 295; x_wconf 91' lang='lat' dir='ltr'><strong><em>ll.</em></strong></span> 
     </span>
    </p>
   </div>
   <div class='ocr_carea' id='block_1_62' title="bbox 3403 243 3508 301">
    <p class='ocr_par' dir='ltr' id='par_1_62' title="bbox 3403 243 3508 301">
     <span class='ocr_line' id='line_1_62' title="bbox 3403 243 3508 301; baseline 0.029 -3"><span class='ocrx_word' id='word_1_493' title='bbox 3403 243 3508 301; x_wconf 74' lang='lat'><strong><em>558</em></strong></span> 
     </span>
    </p>
   </div>
   <div class='ocr_carea' id='block_1_63' title="bbox 1923 346 3507 429">
    <p class='ocr_par' dir='ltr' id='par_1_63' title="bbox 1923 346 3507 429">
     <span class='ocr_line' id='line_1_63' title="bbox 1923 346 3507 429; baseline 0.008 -27"><span class='ocrx_word' id='word_1_494' title='bbox 1923 363 1988 403; x_wconf 78' lang='lat' dir='ltr'><strong><em>ex</em></strong></span> <span class='ocrx_word' id='word_1_495' title='bbox 2021 346 2151 404; x_wconf 83' lang='lat' dir='ltr'><strong><em>locis</em></strong></span> <span class='ocrx_word' id='word_1_496' title='bbox 2180 350 2406 407; x_wconf 87' lang='lat' dir='ltr'><strong><em>advecti.</em></strong></span> <span class='ocrx_word' id='word_1_497' title='bbox 2440 353 2683 408; x_wconf 85' lang='lat' dir='ltr'><strong><em>Nondum</em></strong></span> <span class='ocrx_word' id='word_1_498' title='bbox 2715 356 2857 410; x_wconf 88' lang='lat' dir='ltr'><strong><em>enim</em></strong></span> <span class='ocrx_word' id='word_1_499' title='bbox 2883 356 2937 413; x_wconf 88' lang='lat' dir='ltr'><strong><em>id</em></strong></span> <span class='ocrx_word' id='word_1_500' title='bbox 2964 356 3117 423; x_wconf 80' lang='lat' dir='ltr'><strong><em>dico,</em></strong></span> <span class='ocrx_word' id='word_1_501' title='bbox 3146 357 3286 429; x_wconf 91' lang='lat' dir='ltr'><strong><em>quod</em></strong></span> <span class='ocrx_word' id='word_1_502' title='bbox 3309 366 3507 415; x_wconf 83' lang='lat' dir='ltr'><strong><em>terram</em></strong></span> 
     </span>
    </p>
   </div>
   <div class='ocr_carea' id='block_1_64' title="bbox 1922 440 3504 514">
    <p class='ocr_par' dir='ltr' id='par_1_64' title="bbox 1922 440 3504 514">
     <span class='ocr_line' id='line_1_64' title="bbox 1922 440 3504 514; baseline 0.006 -20"><span class='ocrx_word' id='word_1_503' title='bbox 1922 440 2037 509; x_wconf 89' lang='lat' dir='ltr'><strong><em>ipse</em></strong></span> <span class='ocrx_word' id='word_1_504' title='bbox 2078 456 2291 495; x_wconf 87' lang='lat' dir='ltr'><strong><em>omnem</em></strong></span> <span class='ocrx_word' id='word_1_505' title='bbox 2334 457 2667 514; x_wconf 87' lang='lat' dir='ltr'><strong><em>aspernetur,</em></strong></span> <span class='ocrx_word' id='word_1_506' title='bbox 2695 445 2898 502; x_wconf 83' lang='lat' dir='ltr'><strong><em>habens</em></strong></span> <span class='ocrx_word' id='word_1_507' title='bbox 2939 448 3206 503; x_wconf 86' lang='lat' dir='ltr'><strong><em>civitatem</em></strong></span> <span class='ocrx_word' id='word_1_508' title='bbox 3245 448 3504 504; x_wconf 76' lang='lat' dir='ltr'><strong><em>cmlum&#39;.</em></strong></span> 
     </span>
    </p>
   </div>
   <div class='ocr_carea' id='block_1_65' title="bbox 1920 529 3500 610">
    <p class='ocr_par' dir='ltr' id='par_1_65' title="bbox 1920 529 3500 610">
     <span class='ocr_line' id='line_1_65' title="bbox 1920 529 3500 610; baseline 0.007 -27"><span class='ocrx_word' id='word_1_509' title='bbox 1920 529 2072 599; x_wconf 82' lang='lat' dir='ltr'><strong><em>Quod</em></strong></span> <span class='ocrx_word' id='word_1_510' title='bbox 2098 531 2142 599; x_wconf 79' lang='lat' dir='ltr'><strong><em>si</em></strong></span> <span class='ocrx_word' id='word_1_511' title='bbox 2175 533 2507 588; x_wconf 88' lang='lat' dir='ltr'><strong><em>moriendum</em></strong></span> <span class='ocrx_word' id='word_1_512' title='bbox 2537 534 2730 601; x_wconf 89' lang='lat' dir='ltr'><strong><em>fuerit,</em></strong></span> <span class='ocrx_word' id='word_1_513' title='bbox 2754 536 2924 592; x_wconf 63' lang='lat' dir='ltr'><strong><em>laetius</em></strong></span> <span class='ocrx_word' id='word_1_514' title='bbox 2951 537 3086 593; x_wconf 85' lang='lat' dir='ltr'><strong><em>feret</em></strong></span> <span class='ocrx_word' id='word_1_515' title='bbox 3112 539 3318 594; x_wconf 85' lang='lat' dir='ltr'><strong><em>obitum</em></strong></span> <span class='ocrx_word' id='word_1_516' title='bbox 3344 555 3500 610; x_wconf 82' lang='lat' dir='ltr'><strong><em>quam</em></strong></span> 
     </span>
    </p>
   </div>
   <div class='ocr_carea' id='block_1_66' title="bbox 1920 622 3505 711">
    <p class='ocr_par' dir='ltr' id='par_1_66' title="bbox 1920 622 3505 711">
     <span class='ocr_line' id='line_1_66' title="bbox 1920 622 3505 711; baseline 0.006 -36"><span class='ocrx_word' id='word_1_517' title='bbox 1920 622 2143 711; x_wconf 79' lang='lat' dir='ltr'><strong><em>delicias</em></strong></span> <span class='ocrx_word' id='word_1_518' title='bbox 2184 634 2421 693; x_wconf 89' lang='lat' dir='ltr'><strong><em>vestras,</em></strong></span> <span class='ocrx_word' id='word_1_519' title='bbox 2476 641 2539 681; x_wconf 87' lang='lat' dir='ltr'><strong><em>ac</em></strong></span> <span class='ocrx_word' id='word_1_520' title='bbox 2569 628 3356 701; x_wconf 74' lang='lat' dir='ltr'><strong><em>prmoptabititamori,quam</em></strong></span> <span class='ocrx_word' id='word_1_521' title='bbox 3411 646 3505 685; x_wconf 90' lang='lat' dir='ltr'><strong><em>vos</em></strong></span> 
     </span>
    </p>
   </div>
   <div class='ocr_carea' id='block_1_67' title="bbox 1921 716 3505 797">
    <p class='ocr_par' dir='ltr' id='par_1_67' title="bbox 1921 716 3505 797">
     <span class='ocr_line' id='line_1_67' title="bbox 1921 716 3505 797; baseline 0.008 -28"><span class='ocrx_word' id='word_1_522' title='bbox 1921 716 1974 770; x_wconf 92' lang='lat' dir='ltr'><strong><em>in</em></strong></span> <span class='ocrx_word' id='word_1_523' title='bbox 1996 719 2168 784; x_wconf 88' lang='lat' dir='ltr'><strong><em>patria</em></strong></span> <span class='ocrx_word' id='word_1_524' title='bbox 2197 729 2248 773; x_wconf 90' lang='lat' dir='ltr'><strong><em>et</em></strong></span> <span class='ocrx_word' id='word_1_525' title='bbox 2278 720 2417 775; x_wconf 88' lang='lat' dir='ltr'><strong><em>lecto</em></strong></span> <span class='ocrx_word' id='word_1_526' title='bbox 2439 739 2457 776; x_wconf 89' lang='lat'><strong><em>:</em></strong></span> <span class='ocrx_word' id='word_1_527' title='bbox 2490 720 2560 775; x_wconf 88' lang='lat' dir='ltr'><strong><em>ita</em></strong></span> <span class='ocrx_word' id='word_1_528' title='bbox 2591 730 2647 777; x_wconf 88' lang='lat' dir='ltr'><strong><em>ut</em></strong></span> <span class='ocrx_word' id='word_1_529' title='bbox 2694 722 2783 777; x_wconf 90' lang='lat' dir='ltr'><strong><em>ille</em></strong></span> <span class='ocrx_word' id='word_1_530' title='bbox 2812 738 2937 778; x_wconf 87' lang='lat' dir='ltr'><strong><em>vere</em></strong></span> <span class='ocrx_word' id='word_1_531' title='bbox 2965 725 3233 796; x_wconf 80' lang='lat' dir='ltr'><strong><em>sitvagus,</em></strong></span> <span class='ocrx_word' id='word_1_532' title='bbox 3255 724 3505 797; x_wconf 80' lang='lat' dir='ltr'><strong><em>fugitivus</em></strong></span> 
     </span>
    </p>
   </div>
   <div class='ocr_carea' id='block_1_68' title="bbox 1920 809 3502 883">
    <p class='ocr_par' dir='ltr' id='par_1_68' title="bbox 1920 809 3502 883">
     <span class='ocr_line' id='line_1_68' title="bbox 1920 809 3502 883; baseline 0.008 -20"><span class='ocrx_word' id='word_1_533' title='bbox 1920 817 1975 863; x_wconf 92' lang='lat' dir='ltr'><strong><em>et</em></strong></span> <span class='ocrx_word' id='word_1_534' title='bbox 2005 809 2368 879; x_wconf 87' lang='lat' dir='ltr'><strong><em>palabundus,</em></strong></span> <span class='ocrx_word' id='word_1_535' title='bbox 2395 814 2484 883; x_wconf 88' lang='lat' dir='ltr'><strong><em>qui</em></strong></span> <span class='ocrx_word' id='word_1_536' title='bbox 2513 814 2696 869; x_wconf 88' lang='lat' dir='ltr'><strong><em>urbem</em></strong></span> <span class='ocrx_word' id='word_1_537' title='bbox 2723 815 2905 871; x_wconf 89' lang='lat' dir='ltr'><strong><em>incolit</em></strong></span> <span class='ocrx_word' id='word_1_538' title='bbox 2931 826 2982 871; x_wconf 91' lang='lat' dir='ltr'><strong><em>et</em></strong></span> <span class='ocrx_word' id='word_1_539' title='bbox 3013 817 3065 872; x_wconf 93' lang='lat' dir='ltr'><strong><em>in</em></strong></span> <span class='ocrx_word' id='word_1_540' title='bbox 3087 818 3246 874; x_wconf 93' lang='lat' dir='ltr'><strong><em>domo</em></strong></span> <span class='ocrx_word' id='word_1_541' title='bbox 3280 818 3502 883; x_wconf 86' lang='lat' dir='ltr'><strong><em>habitat,</em></strong></span> 
     </span>
    </p>
   </div>
   <div class='ocr_carea' id='block_1_69' title="bbox 1920 900 3503 980">
    <p class='ocr_par' dir='ltr' id='par_1_69' title="bbox 1920 900 3503 980">
     <span class='ocr_line' id='line_1_69' title="bbox 1920 900 3503 980; baseline 0.008 -27"><span class='ocrx_word' id='word_1_542' title='bbox 1920 916 2023 953; x_wconf 90' lang='lat' dir='ltr'><strong><em>non</em></strong></span> <span class='ocrx_word' id='word_1_543' title='bbox 2040 910 2219 957; x_wconf 76' lang='lat' dir='ltr'><strong><em>autem</em></strong></span> <span class='ocrx_word' id='word_1_544' title='bbox 2233 900 2320 970; x_wconf 88' lang='lat' dir='ltr'><strong><em>qui</em></strong></span> <span class='ocrx_word' id='word_1_545' title='bbox 2340 905 2422 961; x_wconf 84' lang='lat' dir='ltr'><strong><em>bis</em></strong></span> <span class='ocrx_word' id='word_1_546' title='bbox 2432 905 2680 961; x_wconf 77' lang='lat' dir='ltr'><strong><em>omnibus</em></strong></span> <span class='ocrx_word' id='word_1_547' title='bbox 2694 906 2828 962; x_wconf 89' lang='lat' dir='ltr'><strong><em>liber</em></strong></span> <span class='ocrx_word' id='word_1_548' title='bbox 2843 908 3030 962; x_wconf 89' lang='lat' dir='ltr'><strong><em>evasit.</em></strong></span> <span class='ocrx_word' id='word_1_549' title='bbox 3044 908 3340 980; x_wconf 84' lang='lat' dir='ltr'><strong><em>Numquam</em></strong></span> <span class='ocrx_word' id='word_1_550' title='bbox 3361 911 3503 965; x_wconf 88' lang='lat' dir='ltr'><strong><em>enint</em></strong></span> 
     </span>
    </p>
   </div>
   <div class='ocr_carea' id='block_1_70' title="bbox 1919 988 3503 1065">
    <p class='ocr_par' dir='ltr' id='par_1_70' title="bbox 1919 988 3503 1065">
     <span class='ocr_line' id='line_1_70' title="bbox 1919 988 3503 1065; baseline 0.008 -20"><span class='ocrx_word' id='word_1_551' title='bbox 1919 991 2065 1045; x_wconf 88' lang='lat' dir='ltr'><strong><em>illum</em></strong></span> <span class='ocrx_word' id='word_1_552' title='bbox 2091 989 2161 1044; x_wconf 89' lang='lat' dir='ltr'><strong><em>de</em></strong></span> <span class='ocrx_word' id='word_1_553' title='bbox 2182 988 2353 1059; x_wconf 66' lang='lat' dir='ltr'><strong><em>patria</em></strong></span> <span class='ocrx_word' id='word_1_554' title='bbox 2380 997 2580 1053; x_wconf 75' lang='lat' dir='ltr'><strong><em>poteris</em></strong></span> <span class='ocrx_word' id='word_1_555' title='bbox 2604 997 2833 1053; x_wconf 82' lang='lat' dir='ltr'><strong><em>educere</em></strong></span> <span class='ocrx_word' id='word_1_556' title='bbox 2851 1038 2867 1065; x_wconf 92' lang='lat'><strong><em>,</em></strong></span> <span class='ocrx_word' id='word_1_557' title='bbox 2887 998 2989 1053; x_wconf 91' lang='lat' dir='ltr'><strong><em>nisi</em></strong></span> <span class='ocrx_word' id='word_1_558' title='bbox 3010 1015 3131 1055; x_wconf 92' lang='lat' dir='ltr'><strong><em>eum</em></strong></span> <span class='ocrx_word' id='word_1_559' title='bbox 3159 1016 3224 1056; x_wconf 84' lang='lat' dir='ltr'><strong><em>ex</em></strong></span> <span class='ocrx_word' id='word_1_560' title='bbox 3253 1002 3503 1057; x_wconf 87' lang='lat' dir='ltr'><strong><em>universa</em></strong></span> 
     </span>
    </p>
   </div>
   <div class='ocr_carea' id='block_1_71' title="bbox 1921 1083 3503 1162">
    <p class='ocr_par' dir='ltr' id='par_1_71' title="bbox 1921 1083 3503 1162">
     <span class='ocr_line' id='line_1_71' title="bbox 1921 1083 3503 1162; baseline 0.008 -26"><span class='ocrx_word' id='word_1_561' title='bbox 1921 1092 2060 1137; x_wconf 84' lang='lat' dir='ltr'><strong><em>terra</em></strong></span> <span class='ocrx_word' id='word_1_562' title='bbox 2081 1083 2358 1160; x_wconf 71' lang='lat' dir='ltr'><strong><em>dejeceris.</em></strong></span> <span class='ocrx_word' id='word_1_563' title='bbox 2390 1083 2467 1141; x_wconf 85' lang='lat' dir='ltr'><strong><em>lla</em></strong></span> <span class='ocrx_word' id='word_1_564' title='bbox 2496 1088 2638 1143; x_wconf 87' lang='lat' dir='ltr'><strong><em>enim</em></strong></span> <span class='ocrx_word' id='word_1_565' title='bbox 2689 1089 2901 1145; x_wconf 88' lang='lat' dir='ltr'><strong><em>interim</em></strong></span> <span class='ocrx_word' id='word_1_566' title='bbox 2942 1090 3257 1162; x_wconf 87' lang='lat' dir='ltr'><strong><em>loquamur:</em></strong></span> <span class='ocrx_word' id='word_1_567' title='bbox 3294 1109 3416 1149; x_wconf 92' lang='lat' dir='ltr'><strong><em>nam</em></strong></span> <span class='ocrx_word' id='word_1_568' title='bbox 3460 1094 3503 1148; x_wconf 91' lang='lat' dir='ltr'><strong><em>si</em></strong></span> 
     </span>
    </p>
   </div>
   <div class='ocr_carea' id='block_1_72' title="bbox 1919 1174 3505 1254">
    <p class='ocr_par' dir='ltr' id='par_1_72' title="bbox 1919 1174 3505 1254">
     <span class='ocr_line' id='line_1_72' title="bbox 1919 1174 3505 1254; baseline 0.009 -28"><span class='ocrx_word' id='word_1_569' title='bbox 1919 1189 2042 1229; x_wconf 89' lang='lat' dir='ltr'><strong><em>vere</em></strong></span> <span class='ocrx_word' id='word_1_570' title='bbox 2072 1174 2391 1245; x_wconf 89' lang='lat' dir='ltr'><strong><em>loquendum</em></strong></span> <span class='ocrx_word' id='word_1_571' title='bbox 2410 1181 2497 1246; x_wconf 90' lang='lat' dir='ltr'><strong><em>sit,</em></strong></span> <span class='ocrx_word' id='word_1_572' title='bbox 2526 1188 2653 1236; x_wconf 92' lang='lat' dir='ltr'><strong><em>tunc</em></strong></span> <span class='ocrx_word' id='word_1_573' title='bbox 2680 1197 2803 1236; x_wconf 91' lang='lat' dir='ltr'><strong><em>eum</em></strong></span> <span class='ocrx_word' id='word_1_574' title='bbox 2835 1185 3067 1238; x_wconf 80' lang='lat' dir='ltr'><strong><em>maxime</em></strong></span> <span class='ocrx_word' id='word_1_575' title='bbox 3090 1185 3140 1238; x_wconf 90' lang='lat' dir='ltr'><strong><em>in</em></strong></span> <span class='ocrx_word' id='word_1_576' title='bbox 3165 1185 3387 1254; x_wconf 88' lang='lat' dir='ltr'><strong><em>patriam</em></strong></span> <span class='ocrx_word' id='word_1_577' title='bbox 3415 1201 3505 1241; x_wconf 88' lang='lat' dir='ltr'><strong><em>re-</em></strong></span> 
     </span>
    </p>
   </div>
   <div class='ocr_carea' id='block_1_73' title="bbox 1918 1266 3505 1333">
    <p class='ocr_par' dir='ltr' id='par_1_73' title="bbox 1918 1266 3505 1333">
     <span class='ocr_line' id='line_1_73' title="bbox 1918 1266 3505 1333; baseline 0.009 -14"><span class='ocrx_word' id='word_1_578' title='bbox 1918 1266 2117 1333; x_wconf 86' lang='lat' dir='ltr'><strong><em>mittes,</em></strong></span> <span class='ocrx_word' id='word_1_579' title='bbox 2139 1283 2260 1322; x_wconf 90' lang='lat' dir='ltr'><strong><em>cum</em></strong></span> <span class='ocrx_word' id='word_1_580' title='bbox 2274 1285 2338 1324; x_wconf 79' lang='lat' dir='ltr'><strong><em>ex</em></strong></span> <span class='ocrx_word' id='word_1_581' title='bbox 2359 1279 2498 1326; x_wconf 90' lang='lat' dir='ltr'><strong><em>terra</em></strong></span> <span class='ocrx_word' id='word_1_582' title='bbox 2516 1272 3031 1330; x_wconf 83' lang='lat' dir='ltr'><strong><em>deduxeris.Verum</em></strong></span> <span class='ocrx_word' id='word_1_583' title='bbox 3060 1276 3111 1331; x_wconf 92' lang='lat' dir='ltr'><strong><em>id</em></strong></span> <span class='ocrx_word' id='word_1_584' title='bbox 3164 1277 3398 1332; x_wconf 89' lang='lat' dir='ltr'><strong><em>nondum</em></strong></span> <span class='ocrx_word' id='word_1_585' title='bbox 3439 1279 3505 1333; x_wconf 87' lang='lat' dir='ltr'><strong><em>ad</em></strong></span> 
     </span>
    </p>
   </div>
   <div class='ocr_carea' id='block_1_74' title="bbox 1919 1358 3507 1439">
    <p class='ocr_par' dir='ltr' id='par_1_74' title="bbox 1919 1358 3507 1439">
     <span class='ocr_line' id='line_1_74' title="bbox 1919 1358 3507 1439; baseline 0.009 -28"><span class='ocrx_word' id='word_1_586' title='bbox 1919 1365 1969 1411; x_wconf 86' lang='lat' dir='ltr'><strong><em>te</em></strong></span> <span class='ocrx_word' id='word_1_587' title='bbox 1994 1358 2295 1429; x_wconf 85' lang='lat' dir='ltr'><strong><em>loquemur,</em></strong></span> <span class='ocrx_word' id='word_1_588' title='bbox 2319 1362 2408 1433; x_wconf 89' lang='lat' dir='ltr'><strong><em>qui</em></strong></span> <span class='ocrx_word' id='word_1_589' title='bbox 2439 1363 2651 1419; x_wconf 85' lang='lat' dir='ltr'><strong><em>nonnisi</em></strong></span> <span class='ocrx_word' id='word_1_590' title='bbox 2675 1380 2738 1420; x_wconf 87' lang='lat' dir='ltr'><strong><em>ea</em></strong></span> <span class='ocrx_word' id='word_1_591' title='bbox 2764 1382 2882 1437; x_wconf 67' lang='lat' dir='ltr'><strong><em>quae</em></strong></span> <span class='ocrx_word' id='word_1_592' title='bbox 2912 1368 3084 1423; x_wconf 91' lang='lat' dir='ltr'><strong><em>oculis</em></strong></span> <span class='ocrx_word' id='word_1_593' title='bbox 3109 1370 3507 1439; x_wconf 89' lang='lat' dir='ltr'><strong><em>perspiciuntur</em></strong></span> 
     </span>
    </p>
   </div>
   <div class='ocr_carea' id='block_1_75' title="bbox 1917 1451 3509 1528">
    <p class='ocr_par' dir='ltr' id='par_1_75' title="bbox 1917 1451 3509 1528">
     <span class='ocr_line' id='line_1_75' title="bbox 1917 1451 3509 1528; baseline 0.007 -24"><span class='ocrx_word' id='word_1_594' title='bbox 1917 1452 2079 1504; x_wconf 84' lang='lat' dir='ltr'><strong><em>nosti.</em></strong></span> <span class='ocrx_word' id='word_1_595' title='bbox 2123 1451 2307 1523; x_wconf 79' lang='lat' dir='ltr'><strong><em>Neque</em></strong></span> <span class='ocrx_word' id='word_1_596' title='bbox 2338 1454 2536 1509; x_wconf 89' lang='lat' dir='ltr'><strong><em>nudum</em></strong></span> <span class='ocrx_word' id='word_1_597' title='bbox 2577 1472 2701 1511; x_wconf 89' lang='lat' dir='ltr'><strong><em>eum</em></strong></span> <span class='ocrx_word' id='word_1_598' title='bbox 2743 1458 2942 1528; x_wconf 90' lang='lat' dir='ltr'><strong><em>poteris</em></strong></span> <span class='ocrx_word' id='word_1_599' title='bbox 2980 1460 3299 1526; x_wconf 89' lang='lat' dir='ltr'><strong><em>ostendere,</em></strong></span> <span class='ocrx_word' id='word_1_600' title='bbox 3336 1461 3509 1518; x_wconf 88' lang='lat' dir='ltr'><strong><em>donec</em></strong></span> 
     </span>
    </p>
   </div>
   <div class='ocr_carea' id='block_1_76' title="bbox 1918 1544 3505 1623">
    <p class='ocr_par' dir='ltr' id='par_1_76' title="bbox 1918 1544 3505 1623">
     <span class='ocr_line' id='line_1_76' title="bbox 1918 1544 3505 1623; baseline 0.011 -28"><span class='ocrx_word' id='word_1_601' title='bbox 1918 1544 2131 1600; x_wconf 81' lang='lat' dir='ltr'><strong><em>virtutis</em></strong></span> <span class='ocrx_word' id='word_1_602' title='bbox 2160 1546 2487 1602; x_wconf 86' lang='lat' dir='ltr'><strong><em>indumentis</em></strong></span> <span class='ocrx_word' id='word_1_603' title='bbox 2516 1550 2740 1605; x_wconf 88' lang='lat' dir='ltr'><strong><em>amictus</em></strong></span> <span class='ocrx_word' id='word_1_604' title='bbox 2772 1550 2948 1618; x_wconf 87' lang='lat' dir='ltr'><strong><em>fuerit,</em></strong></span> <span class='ocrx_word' id='word_1_605' title='bbox 2976 1568 3151 1623; x_wconf 90' lang='lat' dir='ltr'><strong><em>neque</em></strong></span> <span class='ocrx_word' id='word_1_606' title='bbox 3178 1555 3317 1611; x_wconf 87' lang='lat' dir='ltr'><strong><em>fame</em></strong></span> <span class='ocrx_word' id='word_1_607' title='bbox 3345 1570 3505 1611; x_wconf 82' lang='lat' dir='ltr'><strong><em>neca-</em></strong></span> 
     </span>
    </p>
   </div>
   <div class='ocr_carea' id='block_1_77' title="bbox 1917 1636 3505 1715">
    <p class='ocr_par' dir='ltr' id='par_1_77' title="bbox 1917 1636 3505 1715">
     <span class='ocr_line' id='line_1_77' title="bbox 1917 1636 3505 1715; baseline 0.008 -24"><span class='ocrx_word' id='word_1_608' title='bbox 1917 1636 2020 1702; x_wconf 90' lang='lat' dir='ltr'><strong><em>bis,</em></strong></span> <span class='ocrx_word' id='word_1_609' title='bbox 2060 1639 2312 1708; x_wconf 89' lang='lat' dir='ltr'><strong><em>quamdiu</em></strong></span> <span class='ocrx_word' id='word_1_610' title='bbox 2341 1641 2430 1708; x_wconf 90' lang='lat' dir='ltr'><strong><em>qui</em></strong></span> <span class='ocrx_word' id='word_1_611' title='bbox 2460 1643 2530 1697; x_wconf 86' lang='lat' dir='ltr'><strong><em>sit</em></strong></span> <span class='ocrx_word' id='word_1_612' title='bbox 2558 1657 2716 1699; x_wconf 89' lang='lat' dir='ltr'><strong><em>verus</em></strong></span> <span class='ocrx_word' id='word_1_613' title='bbox 2750 1644 2899 1699; x_wconf 89' lang='lat' dir='ltr'><strong><em>cibus</em></strong></span> <span class='ocrx_word' id='word_1_614' title='bbox 2939 1647 3235 1715; x_wconf 81' lang='lat' dir='ltr'><strong><em>agnoverit.</em></strong></span> <span class='ocrx_word' id='word_1_615' title='bbox 3276 1647 3383 1704; x_wconf 88' lang='lat' dir='ltr'><strong><em>Sed</em></strong></span> <span class='ocrx_word' id='word_1_616' title='bbox 3423 1646 3505 1703; x_wconf 79' lang='lat' dir='ltr'><strong><em>bis</em></strong></span> 
     </span>
    </p>
   </div>
   <div class='ocr_carea' id='block_1_78' title="bbox 1918 1727 3507 1805">
    <p class='ocr_par' dir='ltr' id='par_1_78' title="bbox 1918 1727 3507 1805">
     <span class='ocr_line' id='line_1_78' title="bbox 1918 1727 3507 1805; baseline 0.008 -24"><span class='ocrx_word' id='word_1_617' title='bbox 1918 1727 2168 1783; x_wconf 83' lang='lat' dir='ltr'><strong><em>omnibus</em></strong></span> <span class='ocrx_word' id='word_1_618' title='bbox 2214 1729 2408 1785; x_wconf 86' lang='lat' dir='ltr'><strong><em>divites</em></strong></span> <span class='ocrx_word' id='word_1_619' title='bbox 2451 1730 2607 1787; x_wconf 91' lang='lat' dir='ltr'><strong><em>facile</em></strong></span> <span class='ocrx_word' id='word_1_620' title='bbox 2650 1734 2949 1805; x_wconf 89' lang='lat' dir='ltr'><strong><em>capiuntur.</em></strong></span> <span class='ocrx_word' id='word_1_621' title='bbox 3002 1736 3358 1802; x_wconf 78' lang='lat' dir='ltr'><strong><em>Quamobrem</em></strong></span> <span class='ocrx_word' id='word_1_622' title='bbox 3404 1737 3507 1794; x_wconf 84' lang='lat' dir='ltr'><strong><em>hac</em></strong></span> 
     </span>
    </p>
   </div>
   <div class='ocr_carea' id='block_1_79' title="bbox 1915 1819 3509 1898">
    <p class='ocr_par' dir='ltr' id='par_1_79' title="bbox 1915 1819 3509 1898">
     <span class='ocr_line' id='line_1_79' title="bbox 1915 1819 3509 1898; baseline 0.009 -26"><span class='ocrx_word' id='word_1_623' title='bbox 1915 1819 2124 1874; x_wconf 88' lang='lat' dir='ltr'><strong><em>ratione</em></strong></span> <span class='ocrx_word' id='word_1_624' title='bbox 2154 1834 2259 1873; x_wconf 91' lang='lat' dir='ltr'><strong><em>non</em></strong></span> <span class='ocrx_word' id='word_1_625' title='bbox 2289 1821 2590 1890; x_wconf 86' lang='lat' dir='ltr'><strong><em>aberrabit,</em></strong></span> <span class='ocrx_word' id='word_1_626' title='bbox 2632 1823 2722 1894; x_wconf 88' lang='lat' dir='ltr'><strong><em>qui</em></strong></span> <span class='ocrx_word' id='word_1_627' title='bbox 2764 1824 2862 1881; x_wconf 87' lang='lat' dir='ltr'><strong><em>hos</em></strong></span> <span class='ocrx_word' id='word_1_628' title='bbox 2900 1826 3112 1896; x_wconf 89' lang='lat' dir='ltr'><strong><em>quidem</em></strong></span> <span class='ocrx_word' id='word_1_629' title='bbox 3155 1844 3414 1898; x_wconf 87' lang='lat' dir='ltr'><strong><em>pauperes</em></strong></span> <span class='ocrx_word' id='word_1_630' title='bbox 3442 1845 3509 1886; x_wconf 87' lang='lat' dir='ltr'><strong><em>ac</em></strong></span> 
     </span>
    </p>
   </div>
   <div class='ocr_carea' id='block_1_80' title="bbox 1917 1913 3507 1983">
    <p class='ocr_par' dir='ltr' id='par_1_80' title="bbox 1917 1913 3507 1983">
     <span class='ocr_line' id='line_1_80' title="bbox 1917 1913 3507 1983; baseline 0.009 -19"><span class='ocrx_word' id='word_1_631' title='bbox 1917 1926 2136 1982; x_wconf 88' lang='lat' dir='ltr'><strong><em>prorsus</em></strong></span> <span class='ocrx_word' id='word_1_632' title='bbox 2167 1913 2352 1983; x_wconf 90' lang='lat' dir='ltr'><strong><em>inopes</em></strong></span> <span class='ocrx_word' id='word_1_633' title='bbox 2392 1914 2625 1983; x_wconf 78' lang='lat' dir='ltr'><strong><em>dixerit,</em></strong></span> <span class='ocrx_word' id='word_1_634' title='bbox 2668 1916 2788 1972; x_wconf 92' lang='lat' dir='ltr'><strong><em>illos</em></strong></span> <span class='ocrx_word' id='word_1_635' title='bbox 2816 1928 2994 1973; x_wconf 88' lang='lat' dir='ltr'><strong><em>autem</em></strong></span> <span class='ocrx_word' id='word_1_636' title='bbox 3024 1919 3311 1976; x_wconf 90' lang='lat' dir='ltr'><strong><em>admodum</em></strong></span> <span class='ocrx_word' id='word_1_637' title='bbox 3353 1921 3507 1977; x_wconf 86' lang='lat' dir='ltr'><strong><em>locu-</em></strong></span> 
     </span>
    </p>
   </div>
   <div class='ocr_carea' id='block_1_81' title="bbox 1919 2004 3507 2084">
    <p class='ocr_par' dir='ltr' id='par_1_81' title="bbox 1919 2004 3507 2084">
     <span class='ocr_line' id='line_1_81' title="bbox 1919 2004 3507 2084; baseline 0.008 -27"><span class='ocrx_word' id='word_1_638' title='bbox 1919 2004 2107 2073; x_wconf 90' lang='lat' dir='ltr'><strong><em>pletes.</em></strong></span> <span class='ocrx_word' id='word_1_639' title='bbox 2136 2004 2267 2060; x_wconf 84' lang='lat' dir='ltr'><strong><em>Nam</em></strong></span> <span class='ocrx_word' id='word_1_640' title='bbox 2294 2006 2380 2062; x_wconf 88' lang='lat' dir='ltr'><strong><em>cui</em></strong></span> <span class='ocrx_word' id='word_1_641' title='bbox 2407 2006 2577 2075; x_wconf 87' lang='lat' dir='ltr'><strong><em>cibus,</em></strong></span> <span class='ocrx_word' id='word_1_642' title='bbox 2612 2018 2786 2077; x_wconf 89' lang='lat' dir='ltr'><strong><em>potus,</em></strong></span> <span class='ocrx_word' id='word_1_643' title='bbox 2823 2009 3041 2076; x_wconf 89' lang='lat' dir='ltr'><strong><em>domus,</em></strong></span> <span class='ocrx_word' id='word_1_644' title='bbox 3071 2012 3284 2082; x_wconf 87' lang='lat' dir='ltr'><strong><em>requies</em></strong></span> <span class='ocrx_word' id='word_1_645' title='bbox 3308 2013 3507 2084; x_wconf 85' lang='lat' dir='ltr'><strong><em>ubique</em></strong></span> 
     </span>
    </p>
   </div>
   <div class='ocr_carea' id='block_1_82' title="bbox 1916 2094 3505 2169">
    <p class='ocr_par' dir='ltr' id='par_1_82' title="bbox 1916 2094 3505 2169">
     <span class='ocr_line' id='line_1_82' title="bbox 1916 2094 3505 2169; baseline 0.006 -22"><span class='ocrx_word' id='word_1_646' title='bbox 1916 2094 2182 2165; x_wconf 88' lang='lat' dir='ltr'><strong><em>suppetit,</em></strong></span> <span class='ocrx_word' id='word_1_647' title='bbox 2229 2110 2327 2150; x_wconf 91' lang='lat' dir='ltr'><strong><em>nec</em></strong></span> <span class='ocrx_word' id='word_1_648' title='bbox 2375 2095 2536 2151; x_wconf 91' lang='lat' dir='ltr'><strong><em>modo</em></strong></span> <span class='ocrx_word' id='word_1_649' title='bbox 2582 2112 2691 2153; x_wconf 89' lang='lat' dir='ltr'><strong><em>non</em></strong></span> <span class='ocrx_word' id='word_1_650' title='bbox 2716 2098 2738 2130; x_wconf 79' lang='grc'>³</span> <span class='ocrx_word' id='word_1_651' title='bbox 2768 2099 2994 2155; x_wconf 90' lang='lat' dir='ltr'><strong><em>moleste</em></strong></span> <span class='ocrx_word' id='word_1_652' title='bbox 3033 2100 3166 2169; x_wconf 87' lang='lat' dir='ltr'><strong><em>fert,</em></strong></span> <span class='ocrx_word' id='word_1_653' title='bbox 3207 2102 3302 2157; x_wconf 90' lang='lat' dir='ltr'><strong><em>scd</em></strong></span> <span class='ocrx_word' id='word_1_654' title='bbox 3343 2106 3505 2158; x_wconf 87' lang='lat' dir='ltr'><strong><em>etiam</em></strong></span> 
     </span>
    </p>
   </div>
   <div class='ocr_carea' id='block_1_83' title="bbox 1917 2184 3505 2261">
    <p class='ocr_par' dir='ltr' id='par_1_83' title="bbox 1917 2184 3505 2261">
     <span class='ocr_line' id='line_1_83' title="bbox 1917 2184 3505 2261; baseline 0.006 -21"><span class='ocrx_word' id='word_1_655' title='bbox 1917 2184 1970 2240; x_wconf 90' lang='lat' dir='ltr'><strong><em>in</em></strong></span> <span class='ocrx_word' id='word_1_656' title='bbox 2014 2185 2095 2240; x_wconf 89' lang='lat' dir='ltr'><strong><em>his</em></strong></span> <span class='ocrx_word' id='word_1_657' title='bbox 2120 2186 2439 2255; x_wconf 88' lang='lat' dir='ltr'><strong><em>jucundius,</em></strong></span> <span class='ocrx_word' id='word_1_658' title='bbox 2472 2203 2633 2259; x_wconf 88' lang='lat' dir='ltr'><strong><em>quam</em></strong></span> <span class='ocrx_word' id='word_1_659' title='bbox 2659 2204 2754 2244; x_wconf 91' lang='lat' dir='ltr'><strong><em>vos</em></strong></span> <span class='ocrx_word' id='word_1_660' title='bbox 2782 2189 2833 2244; x_wconf 90' lang='lat' dir='ltr'><strong><em>in</em></strong></span> <span class='ocrx_word' id='word_1_661' title='bbox 2863 2190 3089 2258; x_wconf 89' lang='lat' dir='ltr'><strong><em>vestris,</em></strong></span> <span class='ocrx_word' id='word_1_662' title='bbox 3115 2201 3396 2261; x_wconf 84' lang='lat' dir='ltr'><strong><em>versatur;</em></strong></span> <span class='ocrx_word' id='word_1_663' title='bbox 3438 2196 3505 2261; x_wconf 89' lang='lat' dir='ltr'><strong><em>is,</em></strong></span> 
     </span>
    </p>
   </div>
   <div class='ocr_carea' id='block_1_84' title="bbox 1918 2277 3509 2358">
    <p class='ocr_par' dir='ltr' id='par_1_84' title="bbox 1918 2277 3509 2358">
     <span class='ocr_line' id='line_1_84' title="bbox 1918 2277 3509 2358; baseline 0.008 -27"><span class='ocrx_word' id='word_1_664' title='bbox 1918 2284 1977 2331; x_wconf 90' lang='lat' dir='ltr'><strong><em>ut</em></strong></span> <span class='ocrx_word' id='word_1_665' title='bbox 2005 2277 2193 2347; x_wconf 86' lang='lat' dir='ltr'><strong><em>liquet,</em></strong></span> <span class='ocrx_word' id='word_1_666' title='bbox 2221 2280 2528 2349; x_wconf 89' lang='lat' dir='ltr'><strong><em>opulentior</em></strong></span> <span class='ocrx_word' id='word_1_667' title='bbox 2553 2291 2637 2336; x_wconf 67' lang='lat' dir='ltr'><strong><em>eet</em></strong></span> <span class='ocrx_word' id='word_1_668' title='bbox 2661 2282 2911 2338; x_wconf 87' lang='lat' dir='ltr'><strong><em>omnibus</em></strong></span> <span class='ocrx_word' id='word_1_669' title='bbox 2940 2283 3091 2340; x_wconf 86' lang='lat' dir='ltr'><strong><em>vobis</em></strong></span> <span class='ocrx_word' id='word_1_670' title='bbox 3115 2284 3387 2354; x_wconf 88' lang='lat' dir='ltr'><strong><em>divitibus,</em></strong></span> <span class='ocrx_word' id='word_1_671' title='bbox 3417 2289 3509 2358; x_wconf 88' lang='lat' dir='ltr'><strong><em>qui</em></strong></span> 
     </span>
    </p>
   </div>
   <div class='ocr_carea' id='block_1_85' title="bbox 1916 2369 3508 2444">
    <p class='ocr_par' dir='ltr' id='par_1_85' title="bbox 1916 2369 3508 2444">
     <span class='ocr_line' id='line_1_85' title="bbox 1916 2369 3508 2444; baseline 0.007 -20"><span class='ocrx_word' id='word_1_672' title='bbox 1916 2369 2065 2425; x_wconf 90' lang='lat' dir='ltr'><strong><em>domi</em></strong></span> <span class='ocrx_word' id='word_1_673' title='bbox 2096 2380 2298 2426; x_wconf 86' lang='lat' dir='ltr'><strong><em>tantum</em></strong></span> <span class='ocrx_word' id='word_1_674' title='bbox 2330 2372 2444 2427; x_wconf 84' lang='lat' dir='ltr'><strong><em>haec</em></strong></span> <span class='ocrx_word' id='word_1_675' title='bbox 2481 2372 2719 2429; x_wconf 85' lang='lat' dir='ltr'><strong><em>invenire</em></strong></span> <span class='ocrx_word' id='word_1_676' title='bbox 2748 2375 2990 2443; x_wconf 89' lang='lat' dir='ltr'><strong><em>potestis.</em></strong></span> <span class='ocrx_word' id='word_1_677' title='bbox 3020 2376 3280 2444; x_wconf 82' lang='lat' dir='ltr'><strong><em>Quocirca</em></strong></span> <span class='ocrx_word' id='word_1_678' title='bbox 3311 2394 3413 2435; x_wconf 91' lang='lat' dir='ltr'><strong><em>nec</em></strong></span> <span class='ocrx_word' id='word_1_679' title='bbox 3440 2380 3508 2435; x_wconf 88' lang='lat' dir='ltr'><strong><em>de</em></strong></span> 
     </span>
    </p>
   </div>
   <div class='ocr_carea' id='block_1_86' title="bbox 1916 2460 3502 2535">
    <p class='ocr_par' dir='ltr' id='par_1_86' title="bbox 1916 2460 3502 2535">
     <span class='ocr_line' id='line_1_86' title="bbox 1916 2460 3502 2535; baseline 0.007 -20"><span class='ocrx_word' id='word_1_680' title='bbox 1916 2460 2093 2530; x_wconf 81' lang='lat' dir='ltr'><strong><em>inopia</em></strong></span> <span class='ocrx_word' id='word_1_681' title='bbox 2113 2462 2201 2517; x_wconf 91' lang='lat' dir='ltr'><strong><em>ille</em></strong></span> <span class='ocrx_word' id='word_1_682' title='bbox 2226 2477 2473 2532; x_wconf 83' lang='lat' dir='ltr'><strong><em>umquam</em></strong></span> <span class='ocrx_word' id='word_1_683' title='bbox 2498 2463 2715 2534; x_wconf 78' lang='lat' dir='ltr'><strong><em>lugebit.</em></strong></span> <span class='ocrx_word' id='word_1_684' title='bbox 2733 2464 2919 2535; x_wconf 89' lang='lat' dir='ltr'><strong><em>Neque</em></strong></span> <span class='ocrx_word' id='word_1_685' title='bbox 2939 2468 3080 2522; x_wconf 90' lang='lat' dir='ltr'><strong><em>enim</em></strong></span> <span class='ocrx_word' id='word_1_686' title='bbox 3105 2486 3169 2523; x_wconf 83' lang='lat' dir='ltr'><strong><em>ex</em></strong></span> <span class='ocrx_word' id='word_1_687' title='bbox 3199 2470 3296 2525; x_wconf 85' lang='lat' dir='ltr'><strong><em>hac</em></strong></span> <span class='ocrx_word' id='word_1_688' title='bbox 3321 2487 3502 2526; x_wconf 89' lang='lat' dir='ltr'><strong><em>rerum</em></strong></span> 
     </span>
    </p>
   </div>
   <div class='ocr_carea' id='block_1_87' title="bbox 1914 2553 3506 2628">
    <p class='ocr_par' dir='ltr' id='par_1_87' title="bbox 1914 2553 3506 2628">
     <span class='ocr_line' id='line_1_87' title="bbox 1914 2553 3506 2628; baseline 0.007 -22"><span class='ocrx_word' id='word_1_689' title='bbox 1914 2553 2067 2622; x_wconf 90' lang='lat' dir='ltr'><strong><em>copia</em></strong></span> <span class='ocrx_word' id='word_1_690' title='bbox 2096 2561 2150 2610; x_wconf 90' lang='lat' dir='ltr'><strong><em>et</em></strong></span> <span class='ocrx_word' id='word_1_691' title='bbox 2181 2554 2452 2624; x_wconf 86' lang='lat' dir='ltr'><strong><em>voluptate</em></strong></span> <span class='ocrx_word' id='word_1_692' title='bbox 2495 2563 2701 2609; x_wconf 86' lang='lat' dir='ltr'><strong><em>tantum</em></strong></span> <span class='ocrx_word' id='word_1_693' title='bbox 2732 2556 2931 2611; x_wconf 73' lang='lat' dir='ltr'><strong><em>divitia:</em></strong></span> <span class='ocrx_word' id='word_1_694' title='bbox 2962 2558 3075 2612; x_wconf 62' lang='lat' dir='ltr'><strong><em>ista:</em></strong></span> <span class='ocrx_word' id='word_1_695' title='bbox 3106 2561 3506 2628; x_wconf 78' lang='lat' dir='ltr'><strong><em>praestantiorcs</em></strong></span> 
     </span>
    </p>
   </div>
   <div class='ocr_carea' id='block_1_88' title="bbox 1915 2642 3526 2721">
    <p class='ocr_par' dir='ltr' id='par_1_88' title="bbox 1915 2642 3526 2721">
     <span class='ocr_line' id='line_1_88' title="bbox 1915 2642 3526 2721; baseline 0.007 -25"><span class='ocrx_word' id='word_1_696' title='bbox 1915 2651 2075 2705; x_wconf 85' lang='lat' dir='ltr'><strong><em>sunt;</em></strong></span> <span class='ocrx_word' id='word_1_697' title='bbox 2104 2643 2198 2698; x_wconf 89' lang='lat' dir='ltr'><strong><em>sed</em></strong></span> <span class='ocrx_word' id='word_1_698' title='bbox 2231 2645 2390 2698; x_wconf 86' lang='lat' dir='ltr'><strong><em>etiam</em></strong></span> <span class='ocrx_word' id='word_1_699' title='bbox 2419 2644 2562 2714; x_wconf 89' lang='lat' dir='ltr'><strong><em>quod</em></strong></span> <span class='ocrx_word' id='word_1_700' title='bbox 2583 2646 2979 2716; x_wconf 83' lang='lat' dir='ltr'><strong><em>insuperabilcs</em></strong></span> <span class='ocrx_word' id='word_1_701' title='bbox 3004 2648 3131 2714; x_wconf 89' lang='lat' dir='ltr'><strong><em>sint,</em></strong></span> <span class='ocrx_word' id='word_1_702' title='bbox 3163 2664 3261 2705; x_wconf 90' lang='lat' dir='ltr'><strong><em>nec</em></strong></span> <span class='ocrx_word' id='word_1_703' title='bbox 3288 2651 3338 2704; x_wconf 93' lang='lat' dir='ltr'><strong><em>in</em></strong></span> <span class='ocrx_word' id='word_1_704' title='bbox 3371 2642 3526 2721; x_wconf 47' lang='lat' dir='ltr'><strong><em>pan?</em></strong></span> 
     </span>
    </p>
   </div>
   <div class='ocr_carea' id='block_1_89' title="bbox 1916 2736 3505 2815">
    <p class='ocr_par' dir='ltr' id='par_1_89' title="bbox 1916 2736 3505 2815">
     <span class='ocr_line' id='line_1_89' title="bbox 1916 2736 3505 2815; baseline 0.006 -28"><span class='ocrx_word' id='word_1_705' title='bbox 1916 2742 2179 2803; x_wconf 77' lang='lat' dir='ltr'><strong><em>portatum</em></strong></span> <span class='ocrx_word' id='word_1_706' title='bbox 2210 2749 2462 2805; x_wconf 85' lang='lat' dir='ltr'><strong><em>umquam</em></strong></span> <span class='ocrx_word' id='word_1_707' title='bbox 2502 2736 2696 2815; x_wconf 81' lang='lat' dir='ltr'><strong><em>cadere</em></strong></span> <span class='ocrx_word' id='word_1_708' title='bbox 2733 2738 2970 2806; x_wconf 89' lang='lat' dir='ltr'><strong><em>possint,</em></strong></span> <span class='ocrx_word' id='word_1_709' title='bbox 3000 2754 3174 2808; x_wconf 83' lang='lat' dir='ltr'><strong><em>neque</em></strong></span> <span class='ocrx_word' id='word_1_710' title='bbox 3204 2740 3270 2795; x_wconf 89' lang='lat' dir='ltr'><strong><em>iis</em></strong></span> <span class='ocrx_word' id='word_1_711' title='bbox 3297 2740 3505 2810; x_wconf 68' lang='lat' dir='ltr'><strong><em>praediti</em></strong></span> 
     </span>
    </p>
   </div>
   <div class='ocr_carea' id='block_1_90' title="bbox 1914 2823 3502 2903">
    <p class='ocr_par' dir='ltr' id='par_1_90' title="bbox 1914 2823 3502 2903">
     <span class='ocr_line' id='line_1_90' title="bbox 1914 2823 3502 2903; baseline 0.006 -25"><span class='ocrx_word' id='word_1_712' title='bbox 1914 2823 2142 2895; x_wconf 88' lang='lat' dir='ltr'><strong><em>subjecti</em></strong></span> <span class='ocrx_word' id='word_1_713' title='bbox 2168 2825 2275 2881; x_wconf 88' lang='lat' dir='ltr'><strong><em>sint</em></strong></span> <span class='ocrx_word' id='word_1_714' title='bbox 2304 2825 2464 2881; x_wconf 90' lang='lat' dir='ltr'><strong><em>futuri</em></strong></span> <span class='ocrx_word' id='word_1_715' title='bbox 2494 2826 2852 2882; x_wconf 86' lang='lat' dir='ltr'><strong><em>incertitudini</em></strong></span> <span class='ocrx_word' id='word_1_716' title='bbox 2872 2870 2887 2895; x_wconf 89' lang='lat'><strong><em>,</em></strong></span> <span class='ocrx_word' id='word_1_717' title='bbox 2915 2844 3021 2883; x_wconf 90' lang='lat' dir='ltr'><strong><em>non</em></strong></span> <span class='ocrx_word' id='word_1_718' title='bbox 3052 2830 3195 2885; x_wconf 89' lang='lat' dir='ltr'><strong><em>curis</em></strong></span> <span class='ocrx_word' id='word_1_719' title='bbox 3222 2841 3502 2903; x_wconf 83' lang='lat' dir='ltr'><strong><em>angantur,</em></strong></span> 
     </span>
    </p>
   </div>
   <div class='ocr_carea' id='block_1_91' title="bbox 1917 2920 3509 2989">
    <p class='ocr_par' dir='ltr' id='par_1_91' title="bbox 1917 2920 3509 2989">
     <span class='ocr_line' id='line_1_91' title="bbox 1917 2920 3509 2989; baseline 0.003 -14"><span class='ocrx_word' id='word_1_720' title='bbox 1917 2933 2027 2975; x_wconf 92' lang='lat' dir='ltr'><strong><em>non</em></strong></span> <span class='ocrx_word' id='word_1_721' title='bbox 2071 2920 2239 2975; x_wconf 86' lang='lat' dir='ltr'><strong><em>livore</em></strong></span> <span class='ocrx_word' id='word_1_722' title='bbox 2282 2920 2599 2989; x_wconf 87' lang='lat' dir='ltr'><strong><em>capiantur;</em></strong></span> <span class='ocrx_word' id='word_1_723' title='bbox 2647 2920 2742 2976; x_wconf 86' lang='lat' dir='ltr'><strong><em>sed</em></strong></span> <span class='ocrx_word' id='word_1_724' title='bbox 2771 2920 3181 2978; x_wconf 88' lang='lat' dir='ltr'><strong><em>admirationem</em></strong></span> <span class='ocrx_word' id='word_1_725' title='bbox 3210 2938 3423 2979; x_wconf 91' lang='lat' dir='ltr'><strong><em>omnem</em></strong></span> <span class='ocrx_word' id='word_1_726' title='bbox 3452 2936 3509 2981; x_wconf 89' lang='lat' dir='ltr'><strong><em>et</em></strong></span> 
     </span>
    </p>
   </div>
   <div class='ocr_carea' id='block_1_92' title="bbox 1916 3009 3507 3082">
    <p class='ocr_par' dir='ltr' id='par_1_92' title="bbox 1916 3009 3507 3082">
     <span class='ocr_line' id='line_1_92' title="bbox 1916 3009 3507 3082; baseline 0.004 -16"><span class='ocrx_word' id='word_1_727' title='bbox 1916 3011 2130 3066; x_wconf 89' lang='lat' dir='ltr'><strong><em>laudem</em></strong></span> <span class='ocrx_word' id='word_1_728' title='bbox 2158 3018 2215 3065; x_wconf 91' lang='lat' dir='ltr'><strong><em>et</em></strong></span> <span class='ocrx_word' id='word_1_729' title='bbox 2240 3009 2433 3065; x_wconf 85' lang='lat' dir='ltr'><strong><em>famam</em></strong></span> <span class='ocrx_word' id='word_1_730' title='bbox 2462 3012 2759 3068; x_wconf 88' lang='lat' dir='ltr'><strong><em>obtineant.</em></strong></span> <span class='ocrx_word' id='word_1_731' title='bbox 2791 3014 2952 3082; x_wconf 85' lang='lat' dir='ltr'><strong><em>Atqui</em></strong></span> <span class='ocrx_word' id='word_1_732' title='bbox 2983 3014 3035 3068; x_wconf 91' lang='lat' dir='ltr'><strong><em>in</em></strong></span> <span class='ocrx_word' id='word_1_733' title='bbox 3067 3014 3216 3070; x_wconf 81' lang='lat' dir='ltr'><strong><em>vobis</em></strong></span> <span class='ocrx_word' id='word_1_734' title='bbox 3239 3018 3507 3073; x_wconf 86' lang='lat' dir='ltr'><strong><em>contraria</em></strong></span> 
     </span>
    </p>
   </div>
   <div class='ocr_carea' id='block_1_93' title="bbox 1913 3100 3509 3171">
    <p class='ocr_par' dir='ltr' id='par_1_93' title="bbox 1913 3100 3509 3171">
     <span class='ocr_line' id='line_1_93' title="bbox 1913 3100 3509 3171; baseline 0.007 -17"><span class='ocrx_word' id='word_1_735' title='bbox 1913 3102 2131 3171; x_wconf 85' lang='lat' dir='ltr'><strong><em>penitus</em></strong></span> <span class='ocrx_word' id='word_1_736' title='bbox 2159 3100 2411 3157; x_wconf 88' lang='lat' dir='ltr'><strong><em>videntur</em></strong></span> <span class='ocrx_word' id='word_1_737' title='bbox 2438 3120 2453 3154; x_wconf 91' lang='lat'><strong>:</strong></span> <span class='ocrx_word' id='word_1_738' title='bbox 2480 3117 2587 3157; x_wconf 90' lang='lat' dir='ltr'><strong><em>non</em></strong></span> <span class='ocrx_word' id='word_1_739' title='bbox 2617 3104 2776 3157; x_wconf 91' lang='lat' dir='ltr'><strong><em>modo</em></strong></span> <span class='ocrx_word' id='word_1_740' title='bbox 2806 3104 2949 3158; x_wconf 89' lang='lat' dir='ltr'><strong><em>enim</em></strong></span> <span class='ocrx_word' id='word_1_741' title='bbox 2972 3119 3073 3160; x_wconf 86' lang='lat' dir='ltr'><strong><em>vos</em></strong></span> <span class='ocrx_word' id='word_1_742' title='bbox 3100 3105 3189 3160; x_wconf 88' lang='lat' dir='ltr'><strong><em>alii</em></strong></span> <span class='ocrx_word' id='word_1_743' title='bbox 3216 3108 3282 3162; x_wconf 85' lang='lat' dir='ltr'><strong><em>de</em></strong></span> <span class='ocrx_word' id='word_1_744' title='bbox 3307 3107 3509 3165; x_wconf 87' lang='lat' dir='ltr'><strong><em>divitiis</em></strong></span> 
     </span>
    </p>
   </div>
   <div class='ocr_carea' id='block_1_94' title="bbox 1916 3192 3510 3268">
    <p class='ocr_par' dir='ltr' id='par_1_94' title="bbox 1916 3192 3510 3268">
     <span class='ocr_line' id='line_1_94' title="bbox 1916 3192 3510 3268; baseline 0.004 -21"><span class='ocrx_word' id='word_1_745' title='bbox 1916 3209 2022 3247; x_wconf 90' lang='lat' dir='ltr'><strong><em>non</em></strong></span> <span class='ocrx_word' id='word_1_746' title='bbox 2050 3192 2302 3258; x_wconf 88' lang='lat' dir='ltr'><strong><em>laudant,</em></strong></span> <span class='ocrx_word' id='word_1_747' title='bbox 2330 3193 2425 3248; x_wconf 88' lang='lat' dir='ltr'><strong><em>sed</em></strong></span> <span class='ocrx_word' id='word_1_748' title='bbox 2452 3195 2613 3248; x_wconf 84' lang='lat' dir='ltr'><strong><em>etiam</em></strong></span> <span class='ocrx_word' id='word_1_749' title='bbox 2643 3194 2872 3249; x_wconf 88' lang='lat' dir='ltr'><strong><em>oderunt</em></strong></span> <span class='ocrx_word' id='word_1_750' title='bbox 2898 3203 2954 3251; x_wconf 90' lang='lat' dir='ltr'><strong><em>et</em></strong></span> <span class='ocrx_word' id='word_1_751' title='bbox 2997 3206 3341 3268; x_wconf 84' lang='lat' dir='ltr'><strong><em>aversantur,</em></strong></span> <span class='ocrx_word' id='word_1_752' title='bbox 3373 3201 3510 3254; x_wconf 66' lang='lat' dir='ltr'><strong><em>invi~</em></strong></span> 
     </span>
    </p>
   </div>
   <div class='ocr_carea' id='block_1_95' title="bbox 1914 3283 3505 3357">
    <p class='ocr_par' dir='ltr' id='par_1_95' title="bbox 1914 3283 3505 3357">
     <span class='ocr_line' id='line_1_95' title="bbox 1914 3283 3505 3357; baseline 0.007 -19"><span class='ocrx_word' id='word_1_753' title='bbox 1914 3283 2043 3338; x_wconf 89' lang='lat' dir='ltr'><strong><em>dent</em></strong></span> <span class='ocrx_word' id='word_1_754' title='bbox 2067 3283 2195 3338; x_wconf 88' lang='lat' dir='ltr'><strong><em>item</em></strong></span> <span class='ocrx_word' id='word_1_755' title='bbox 2218 3284 2370 3339; x_wconf 89' lang='lat' dir='ltr'><strong><em>vobis</em></strong></span> <span class='ocrx_word' id='word_1_756' title='bbox 2398 3292 2557 3355; x_wconf 87' lang='lat' dir='ltr'><strong><em>atque</em></strong></span> <span class='ocrx_word' id='word_1_757' title='bbox 2589 3285 2910 3341; x_wconf 90' lang='lat' dir='ltr'><strong><em>insidiantur</em></strong></span> <span class='ocrx_word' id='word_1_758' title='bbox 2937 3286 3147 3357; x_wconf 90' lang='lat' dir='ltr'><strong><em>plurimi</em></strong></span> <span class='ocrx_word' id='word_1_759' title='bbox 3175 3307 3189 3344; x_wconf 89' lang='lat'><strong>:</strong></span> <span class='ocrx_word' id='word_1_760' title='bbox 3219 3289 3308 3346; x_wconf 89' lang='lat' dir='ltr'><strong><em>hic</em></strong></span> <span class='ocrx_word' id='word_1_761' title='bbox 3326 3300 3505 3351; x_wconf 87' lang='lat' dir='ltr'><strong><em>autent</em></strong></span> 
     </span>
    </p>
   </div>
   <div class='ocr_carea' id='block_1_96' title="bbox 1915 3374 3504 3446">
    <p class='ocr_par' dir='ltr' id='par_1_96' title="bbox 1915 3374 3504 3446">
     <span class='ocr_line' id='line_1_96' title="bbox 1915 3374 3504 3446; baseline 0.006 -17"><span class='ocrx_word' id='word_1_762' title='bbox 1915 3375 2059 3445; x_wconf 88' lang='lat' dir='ltr'><strong><em>quod</em></strong></span> <span class='ocrx_word' id='word_1_763' title='bbox 2084 3376 2225 3430; x_wconf 86' lang='lat' dir='ltr'><strong><em>veris</em></strong></span> <span class='ocrx_word' id='word_1_764' title='bbox 2251 3374 2452 3432; x_wconf 83' lang='lat' dir='ltr'><strong><em>divitiis</em></strong></span> <span class='ocrx_word' id='word_1_765' title='bbox 2482 3377 2719 3446; x_wconf 86' lang='lat' dir='ltr'><strong><em>locuples</em></strong></span> <span class='ocrx_word' id='word_1_766' title='bbox 2745 3377 2835 3444; x_wconf 91' lang='lat' dir='ltr'><strong><em>sit,</em></strong></span> <span class='ocrx_word' id='word_1_767' title='bbox 2864 3378 2985 3433; x_wconf 90' lang='lat' dir='ltr'><strong><em>ideo</em></strong></span> <span class='ocrx_word' id='word_1_768' title='bbox 3010 3379 3241 3435; x_wconf 76' lang='lat' dir='ltr'><strong><em>maxime</em></strong></span> <span class='ocrx_word' id='word_1_769' title='bbox 3268 3380 3504 3438; x_wconf 83' lang='lat' dir='ltr'><strong><em>admira-</em></strong></span> 
     </span>
    </p>
   </div>
   <div class='ocr_carea' id='block_1_97' title="bbox 1917 3465 3505 3538">
    <p class='ocr_par' dir='ltr' id='par_1_97' title="bbox 1917 3465 3505 3538">
     <span class='ocr_line' id='line_1_97' title="bbox 1917 3465 3505 3538; baseline 0.006 -19"><span class='ocrx_word' id='word_1_770' title='bbox 1917 3466 2046 3520; x_wconf 91' lang='lat' dir='ltr'><strong><em>tioni</em></strong></span> <span class='ocrx_word' id='word_1_771' title='bbox 2075 3474 2178 3532; x_wconf 88' lang='lat' dir='ltr'><strong><em>est,</em></strong></span> <span class='ocrx_word' id='word_1_772' title='bbox 2228 3480 2325 3521; x_wconf 91' lang='lat' dir='ltr'><strong><em>nec</em></strong></span> <span class='ocrx_word' id='word_1_773' title='bbox 2366 3465 2562 3521; x_wconf 82' lang='lat' dir='ltr'><strong><em>invidia</em></strong></span> <span class='ocrx_word' id='word_1_774' title='bbox 2592 3475 2686 3521; x_wconf 89' lang='lat' dir='ltr'><strong><em>aut</em></strong></span> <span class='ocrx_word' id='word_1_775' title='bbox 2716 3467 2921 3522; x_wconf 88' lang='lat' dir='ltr'><strong><em>insidiis</em></strong></span> <span class='ocrx_word' id='word_1_776' title='bbox 2948 3470 3235 3538; x_wconf 82' lang='lat' dir='ltr'><strong><em>appetitur.</em></strong></span> <span class='ocrx_word' id='word_1_777' title='bbox 3269 3472 3350 3526; x_wconf 84' lang='lat' dir='ltr'><strong><em>Ad</em></strong></span> <span class='ocrx_word' id='word_1_778' title='bbox 3380 3487 3505 3528; x_wconf 86' lang='lat' dir='ltr'><strong><em>cor-</em></strong></span> 
     </span>
    </p>
   </div>
   <div class='ocr_carea' id='block_1_98' title="bbox 1916 3559 3506 3634">
    <p class='ocr_par' dir='ltr' id='par_1_98' title="bbox 1916 3559 3506 3634">
     <span class='ocr_line' id='line_1_98' title="bbox 1916 3559 3506 3634; baseline 0.003 -20"><span class='ocrx_word' id='word_1_779' title='bbox 1916 3560 2061 3630; x_wconf 88' lang='lat' dir='ltr'><strong><em>poris</em></strong></span> <span class='ocrx_word' id='word_1_780' title='bbox 2086 3573 2216 3615; x_wconf 89' lang='lat' dir='ltr'><strong><em>vero</em></strong></span> <span class='ocrx_word' id='word_1_781' title='bbox 2254 3559 2612 3614; x_wconf 88' lang='lat' dir='ltr'><strong><em>valetudinem</em></strong></span> <span class='ocrx_word' id='word_1_782' title='bbox 2656 3566 2775 3615; x_wconf 89' lang='lat' dir='ltr'><strong><em>uter</em></strong></span> <span class='ocrx_word' id='word_1_783' title='bbox 2812 3560 3027 3629; x_wconf 82' lang='lat' dir='ltr'><strong><em>aptior?</em></strong></span> <span class='ocrx_word' id='word_1_784' title='bbox 3070 3577 3248 3617; x_wconf 87' lang='lat' dir='ltr'><strong><em>nonne</em></strong></span> <span class='ocrx_word' id='word_1_785' title='bbox 3277 3563 3322 3617; x_wconf 91' lang='lat' dir='ltr'><strong><em>is</em></strong></span> <span class='ocrx_word' id='word_1_786' title='bbox 3347 3578 3506 3634; x_wconf 72' lang='lat' dir='ltr'><strong><em>agre-</em></strong></span> 
     </span>
    </p>
   </div>
   <div class='ocr_carea' id='block_1_99' title="bbox 1916 3651 3509 3725">
    <p class='ocr_par' dir='ltr' id='par_1_99' title="bbox 1916 3651 3509 3725">
     <span class='ocr_line' id='line_1_99' title="bbox 1916 3651 3509 3725; baseline 0.001 -17"><span class='ocrx_word' id='word_1_787' title='bbox 1916 3653 2075 3708; x_wconf 72' lang='lat' dir='ltr'><strong><em>stium</em></strong></span> <span class='ocrx_word' id='word_1_788' title='bbox 2106 3651 2277 3707; x_wconf 89' lang='lat' dir='ltr'><strong><em>instar</em></strong></span> <span class='ocrx_word' id='word_1_789' title='bbox 2319 3652 2672 3706; x_wconf 89' lang='lat' dir='ltr'><strong><em>animantium</em></strong></span> <span class='ocrx_word' id='word_1_790' title='bbox 2704 3660 2893 3722; x_wconf 78' lang='lat' dir='ltr'><strong><em>vegeto</em></strong></span> <span class='ocrx_word' id='word_1_791' title='bbox 2922 3668 3149 3723; x_wconf 87' lang='lat' dir='ltr'><strong><em>corpore</em></strong></span> <span class='ocrx_word' id='word_1_792' title='bbox 3176 3663 3258 3709; x_wconf 89' lang='lat' dir='ltr'><strong><em>est</em></strong></span> <span class='ocrx_word' id='word_1_793' title='bbox 3277 3697 3293 3720; x_wconf 92' lang='lat'><strong><em>,</em></strong></span> <span class='ocrx_word' id='word_1_794' title='bbox 3322 3663 3509 3725; x_wconf 86' lang='lat' dir='ltr'><strong><em>utpote</em></strong></span> 
     </span>
    </p>
   </div>
   <div class='ocr_carea' id='block_1_100' title="bbox 1917 3742 3509 3813">
    <p class='ocr_par' dir='ltr' id='par_1_100' title="bbox 1917 3742 3509 3813">
     <span class='ocr_line' id='line_1_100' title="bbox 1917 3742 3509 3813; baseline 0.003 -16"><span class='ocrx_word' id='word_1_795' title='bbox 1917 3743 2009 3811; x_wconf 91' lang='lat' dir='ltr'><strong><em>qui</em></strong></span> <span class='ocrx_word' id='word_1_796' title='bbox 2046 3744 2337 3813; x_wconf 88' lang='lat' dir='ltr'><strong><em>purissimo</em></strong></span> <span class='ocrx_word' id='word_1_797' title='bbox 2362 3742 2572 3797; x_wconf 83' lang='lat' dir='ltr'><strong><em>fruatur</em></strong></span> <span class='ocrx_word' id='word_1_798' title='bbox 2598 3758 2741 3810; x_wconf 87' lang='lat' dir='ltr'><strong><em>aere,</em></strong></span> <span class='ocrx_word' id='word_1_799' title='bbox 2772 3742 2985 3798; x_wconf 80' lang='lat' dir='ltr'><strong><em>liuentis</em></strong></span> <span class='ocrx_word' id='word_1_800' title='bbox 3012 3744 3333 3812; x_wconf 84' lang='lat' dir='ltr'><strong><em>salubribus,</em></strong></span> <span class='ocrx_word' id='word_1_801' title='bbox 3362 3745 3509 3802; x_wconf 82' lang='lat' dir='ltr'><strong><em>ﬂori-</em></strong></span> 
     </span>
    </p>
   </div>
   <div class='ocr_carea' id='block_1_101' title="bbox 1917 3833 3509 3905">
    <p class='ocr_par' dir='ltr' id='par_1_101' title="bbox 1917 3833 3509 3905">
     <span class='ocr_line' id='line_1_101' title="bbox 1917 3833 3509 3905; baseline 0 -16"><span class='ocrx_word' id='word_1_802' title='bbox 1917 3833 2037 3899; x_wconf 89' lang='lat' dir='ltr'><strong><em>bus,</em></strong></span> <span class='ocrx_word' id='word_1_803' title='bbox 2063 3833 2250 3904; x_wconf 86' lang='lat' dir='ltr'><strong><em>pratis,</em></strong></span> <span class='ocrx_word' id='word_1_804' title='bbox 2277 3834 2444 3889; x_wconf 90' lang='lat' dir='ltr'><strong><em>odore</em></strong></span> <span class='ocrx_word' id='word_1_805' title='bbox 2461 3834 2804 3904; x_wconf 80' lang='lat' dir='ltr'><strong><em>gratissimo;</em></strong></span> <span class='ocrx_word' id='word_1_806' title='bbox 2839 3833 2925 3889; x_wconf 88' lang='lat' dir='ltr'><strong><em>hic</em></strong></span> <span class='ocrx_word' id='word_1_807' title='bbox 2949 3849 3077 3889; x_wconf 83' lang='lat' dir='ltr'><strong><em>vero</em></strong></span> <span class='ocrx_word' id='word_1_808' title='bbox 3096 3836 3247 3905; x_wconf 88' lang='lat' dir='ltr'><strong><em>quasi</em></strong></span> <span class='ocrx_word' id='word_1_809' title='bbox 3274 3835 3326 3889; x_wconf 92' lang='lat' dir='ltr'><strong><em>in</em></strong></span> <span class='ocrx_word' id='word_1_810' title='bbox 3350 3851 3509 3891; x_wconf 77' lang='lat' dir='ltr'><strong><em>emno</em></strong></span> 
     </span>
    </p>
   </div>
   <div class='ocr_carea' id='block_1_102' title="bbox 1913 3924 3511 3995">
    <p class='ocr_par' dir='ltr' id='par_1_102' title="bbox 1913 3924 3511 3995">
     <span class='ocr_line' id='line_1_102' title="bbox 1913 3924 3511 3995; baseline 0.001 -16"><span class='ocrx_word' id='word_1_811' title='bbox 1913 3925 2118 3995; x_wconf 87' lang='lat' dir='ltr'><strong><em>jacens,</em></strong></span> <span class='ocrx_word' id='word_1_812' title='bbox 2166 3934 2221 3980; x_wconf 90' lang='lat' dir='ltr'><strong><em>et</em></strong></span> <span class='ocrx_word' id='word_1_813' title='bbox 2265 3926 2478 3979; x_wconf 88' lang='lat' dir='ltr'><strong><em>mollior</em></strong></span> <span class='ocrx_word' id='word_1_814' title='bbox 2521 3935 2603 3979; x_wconf 88' lang='lat' dir='ltr'><strong><em>est</em></strong></span> <span class='ocrx_word' id='word_1_815' title='bbox 2648 3932 2703 3980; x_wconf 91' lang='lat' dir='ltr'><strong><em>et</em></strong></span> <span class='ocrx_word' id='word_1_816' title='bbox 2745 3924 2946 3980; x_wconf 86' lang='lat' dir='ltr'><strong><em>morbis</em></strong></span> <span class='ocrx_word' id='word_1_817' title='bbox 2992 3925 3160 3995; x_wconf 76' lang='lat' dir='ltr'><strong><em>magis</em></strong></span> <span class='ocrx_word' id='word_1_818' title='bbox 3203 3926 3511 3981; x_wconf 76' lang='lat' dir='ltr'><strong><em>obnoxms‘t</em></strong></span> 
     </span>
    </p>
   </div>
   <div class='ocr_carea' id='block_1_103' title="bbox 1917 4015 3510 4086">
    <p class='ocr_par' dir='ltr' id='par_1_103' title="bbox 1917 4015 3510 4086">
     <span class='ocr_line' id='line_1_103' title="bbox 1917 4015 3510 4086; baseline 0.003 -18"><span class='ocrx_word' id='word_1_819' title='bbox 1917 4016 2068 4083; x_wconf 81' lang='lat' dir='ltr'><strong><em>Quod</em></strong></span> <span class='ocrx_word' id='word_1_820' title='bbox 2097 4015 2143 4069; x_wconf 90' lang='lat' dir='ltr'><strong><em>si</em></strong></span> <span class='ocrx_word' id='word_1_821' title='bbox 2189 4016 2241 4070; x_wconf 90' lang='lat' dir='ltr'><strong><em>iu</em></strong></span> <span class='ocrx_word' id='word_1_822' title='bbox 2287 4015 2515 4071; x_wconf 85' lang='lat' dir='ltr'><strong><em>sanitate</em></strong></span> <span class='ocrx_word' id='word_1_823' title='bbox 2554 4015 2752 4085; x_wconf 86' lang='lat' dir='ltr'><strong><em>primas</em></strong></span> <span class='ocrx_word' id='word_1_824' title='bbox 2786 4016 2874 4070; x_wconf 90' lang='lat' dir='ltr'><strong><em>ille</em></strong></span> <span class='ocrx_word' id='word_1_825' title='bbox 2907 4022 3124 4081; x_wconf 86' lang='lat' dir='ltr'><strong><em>teneat,</em></strong></span> <span class='ocrx_word' id='word_1_826' title='bbox 3154 4016 3207 4070; x_wconf 89' lang='lat' dir='ltr'><strong><em>in</em></strong></span> <span class='ocrx_word' id='word_1_827' title='bbox 3240 4017 3510 4086; x_wconf 85' lang='lat' dir='ltr'><strong><em>voluptate</em></strong></span> 
     </span>
    </p>
   </div>
   <div class='ocr_carea' id='block_1_104' title="bbox 1919 4106 3508 4176">
    <p class='ocr_par' dir='ltr' id='par_1_104' title="bbox 1919 4106 3508 4176">
     <span class='ocr_line' id='line_1_104' title="bbox 1919 4106 3508 4176; baseline 0 -15"><span class='ocrx_word' id='word_1_828' title='bbox 1919 4122 2024 4161; x_wconf 90' lang='lat' dir='ltr'><strong><em>non</em></strong></span> <span class='ocrx_word' id='word_1_829' title='bbox 2057 4107 2267 4173; x_wconf 89' lang='lat' dir='ltr'><strong><em>minus,</em></strong></span> <span class='ocrx_word' id='word_1_830' title='bbox 2298 4118 2356 4160; x_wconf 76' lang='grc' dir='ltr'><strong><em>ιιι</em></strong></span> <span class='ocrx_word' id='word_1_831' title='bbox 2395 4107 2577 4175; x_wconf 88' lang='lat' dir='ltr'><strong><em>liquet.</em></strong></span> <span class='ocrx_word' id='word_1_832' title='bbox 2613 4106 2798 4161; x_wconf 88' lang='lat' dir='ltr'><strong><em>Utrum</em></strong></span> <span class='ocrx_word' id='word_1_833' title='bbox 2830 4107 2973 4161; x_wconf 88' lang='lat' dir='ltr'><strong><em>enim</em></strong></span> <span class='ocrx_word' id='word_1_834' title='bbox 3018 4109 3187 4176; x_wconf 72' lang='lat' dir='ltr'><strong><em>magis</em></strong></span> <span class='ocrx_word' id='word_1_835' title='bbox 3230 4109 3508 4162; x_wconf 67' lang='lat' dir='ltr'><strong><em>existimas</em></strong></span> 
     </span>
    </p>
   </div>
   <div class='ocr_carea' id='block_1_105' title="bbox 1919 4196 3508 4266">
    <p class='ocr_par' dir='ltr' id='par_1_105' title="bbox 1919 4196 3508 4266">
     <span class='ocr_line' id='line_1_105' title="bbox 1919 4196 3508 4266; baseline 0 -14"><span class='ocrx_word' id='word_1_836' title='bbox 1919 4198 1972 4252; x_wconf 89' lang='lat' dir='ltr'><strong><em>in</em></strong></span> <span class='ocrx_word' id='word_1_837' title='bbox 1998 4196 2205 4252; x_wconf 90' lang='lat' dir='ltr'><strong><em>deliciis</em></strong></span> <span class='ocrx_word' id='word_1_838' title='bbox 2225 4211 2409 4266; x_wconf 83' lang='lat' dir='ltr'><strong><em>agere,</em></strong></span> <span class='ocrx_word' id='word_1_839' title='bbox 2434 4210 2630 4250; x_wconf 86' lang='lat' dir='ltr'><strong><em>eumne</em></strong></span> <span class='ocrx_word' id='word_1_840' title='bbox 2653 4196 2743 4264; x_wconf 85' lang='lat' dir='ltr'><strong><em>qui</em></strong></span> <span class='ocrx_word' id='word_1_841' title='bbox 2769 4210 2932 4265; x_wconf 79' lang='lat' dir='ltr'><strong><em>super</em></strong></span> <span class='ocrx_word' id='word_1_842' title='bbox 2959 4196 3217 4251; x_wconf 86' lang='lat' dir='ltr'><strong><em>altissima</em></strong></span> <span class='ocrx_word' id='word_1_843' title='bbox 3244 4199 3508 4252; x_wconf 84' lang='lat' dir='ltr'><strong><em>recumbit</em></strong></span> 
     </span>
    </p>
   </div>
   <div class='ocr_carea' id='block_1_106' title="bbox 1919 4287 3507 4360">
    <p class='ocr_par' dir='ltr' id='par_1_106' title="bbox 1919 4287 3507 4360">
     <span class='ocr_line' id='line_1_106' title="bbox 1919 4287 3507 4360; baseline 0 -16"><span class='ocrx_word' id='word_1_844' title='bbox 1919 4290 2105 4355; x_wconf 87' lang='lat' dir='ltr'><strong><em>herba,</em></strong></span> <span class='ocrx_word' id='word_1_845' title='bbox 2137 4303 2277 4360; x_wconf 89' lang='lat' dir='ltr'><strong><em>pone</em></strong></span> <span class='ocrx_word' id='word_1_846' title='bbox 2306 4287 2503 4342; x_wconf 84' lang='lat' dir='ltr'><strong><em>fontem</em></strong></span> <span class='ocrx_word' id='word_1_847' title='bbox 2534 4287 2812 4358; x_wconf 80' lang='lat' dir='ltr'><strong><em>limpidum</em></strong></span> <span class='ocrx_word' id='word_1_848' title='bbox 2832 4329 2846 4355; x_wconf 96' lang='lat'><strong><em>,</em></strong></span> <span class='ocrx_word' id='word_1_849' title='bbox 2874 4288 2976 4343; x_wconf 83' lang='lat' dir='ltr'><strong><em>sub</em></strong></span> <span class='ocrx_word' id='word_1_850' title='bbox 3006 4288 3192 4343; x_wconf 87' lang='lat' dir='ltr'><strong><em>umbra</em></strong></span> <span class='ocrx_word' id='word_1_851' title='bbox 3222 4290 3507 4345; x_wconf 85' lang='lat' dir='ltr'><strong><em>densarum</em></strong></span> 
     </span>
    </p>
   </div>
   <div class='ocr_carea' id='block_1_107' title="bbox 1918 4379 3511 4453">
    <p class='ocr_par' dir='ltr' id='par_1_107' title="bbox 1918 4379 3511 4453">
     <span class='ocr_line' id='line_1_107' title="bbox 1918 4379 3511 4453; baseline 0.001 -17"><span class='ocrx_word' id='word_1_852' title='bbox 1918 4381 2210 4447; x_wconf 86' lang='lat' dir='ltr'><strong><em>arborum,</em></strong></span> <span class='ocrx_word' id='word_1_853' title='bbox 2253 4379 2575 4450; x_wconf 89' lang='lat' dir='ltr'><strong><em>oculumque</em></strong></span> <span class='ocrx_word' id='word_1_854' title='bbox 2620 4380 2791 4450; x_wconf 82' lang='lat' dir='ltr'><strong><em>pascit</em></strong></span> <span class='ocrx_word' id='word_1_855' title='bbox 2834 4391 3086 4450; x_wconf 85' lang='lat' dir='ltr'><strong><em>aspectu,</em></strong></span> <span class='ocrx_word' id='word_1_856' title='bbox 3133 4381 3511 4453; x_wconf 88' lang='lat' dir='ltr'><strong><em>puriorcmque</em></strong></span> 
     </span>
    </p>
   </div>
   <div class='ocr_carea' id='block_1_108' title="bbox 1921 4471 3512 4544">
    <p class='ocr_par' dir='ltr' id='par_1_108' title="bbox 1921 4471 3512 4544">
     <span class='ocr_line' id='line_1_108' title="bbox 1921 4471 3512 4544; baseline 0 -14"><span class='ocrx_word' id='word_1_857' title='bbox 1921 4475 2039 4543; x_wconf 83' lang='lat' dir='ltr'><strong><em>ipso</em></strong></span> <span class='ocrx_word' id='word_1_858' title='bbox 2084 4474 2216 4529; x_wconf 61' lang='lat' dir='ltr'><strong><em>caelo</em></strong></span> <span class='ocrx_word' id='word_1_859' title='bbox 2254 4471 2492 4526; x_wconf 86' lang='lat' dir='ltr'><strong><em>animum</em></strong></span> <span class='ocrx_word' id='word_1_860' title='bbox 2523 4472 2797 4543; x_wconf 88' lang='lat' dir='ltr'><strong><em>possidet,</em></strong></span> <span class='ocrx_word' id='word_1_861' title='bbox 2827 4487 2857 4526; x_wconf 85' lang='lat' dir='ltr'><strong><em>a</em></strong></span> <span class='ocrx_word' id='word_1_862' title='bbox 2886 4487 3066 4528; x_wconf 88' lang='lat' dir='ltr'><strong><em>rerum</em></strong></span> <span class='ocrx_word' id='word_1_863' title='bbox 3111 4474 3512 4544; x_wconf 86' lang='lat' dir='ltr'><strong><em>perturbatione</em></strong></span> 
     </span>
    </p>
   </div>
   <div class='ocr_carea' id='block_1_109' title="bbox 1922 4564 3514 4635">
    <p class='ocr_par' dir='ltr' id='par_1_109' title="bbox 1922 4564 3514 4635">
     <span class='ocr_line' id='line_1_109' title="bbox 1922 4564 3514 4635; baseline 0.002 -15"><span class='ocrx_word' id='word_1_864' title='bbox 1922 4581 1987 4621; x_wconf 90' lang='lat' dir='ltr'><strong><em>ac</em></strong></span> <span class='ocrx_word' id='word_1_865' title='bbox 2007 4565 2238 4620; x_wconf 86' lang='lat' dir='ltr'><strong><em>tumultu</em></strong></span> <span class='ocrx_word' id='word_1_866' title='bbox 2263 4565 2421 4635; x_wconf 75' lang='lat' dir='ltr'><strong><em>longe</em></strong></span> <span class='ocrx_word' id='word_1_867' title='bbox 2444 4574 2718 4629; x_wconf 81' lang='lat' dir='ltr'><strong><em>remotus;</em></strong></span> <span class='ocrx_word' id='word_1_868' title='bbox 2748 4578 2814 4618; x_wconf 87' lang='lat' dir='ltr'><strong><em>an</em></strong></span> <span class='ocrx_word' id='word_1_869' title='bbox 2839 4579 2961 4620; x_wconf 88' lang='lat' dir='ltr'><strong><em>eum</em></strong></span> <span class='ocrx_word' id='word_1_870' title='bbox 2984 4567 3074 4635; x_wconf 88' lang='lat' dir='ltr'><strong><em>qui</em></strong></span> <span class='ocrx_word' id='word_1_871' title='bbox 3102 4564 3246 4620; x_wconf 89' lang='lat' dir='ltr'><strong><em>domi</em></strong></span> <span class='ocrx_word' id='word_1_872' title='bbox 3276 4566 3514 4623; x_wconf 88' lang='lat' dir='ltr'><strong><em>inclusus</em></strong></span> 
     </span>
    </p>
   </div>
   <div class='ocr_carea' id='block_1_110' title="bbox 1923 4658 3514 4730">
    <p class='ocr_par' dir='ltr' id='par_1_110' title="bbox 1923 4658 3514 4730">
     <span class='ocr_line' id='line_1_110' title="bbox 1923 4658 3514 4730; baseline -0.001 -14"><span class='ocrx_word' id='word_1_873' title='bbox 1923 4658 2152 4716; x_wconf 82' lang='lat' dir='ltr'><strong><em>manet?</em></strong></span> <span class='ocrx_word' id='word_1_874' title='bbox 2178 4658 2320 4714; x_wconf 83' lang='lat' dir='ltr'><strong><em>Sane</em></strong></span> <span class='ocrx_word' id='word_1_875' title='bbox 2345 4674 2450 4713; x_wconf 85' lang='lat' dir='ltr'><strong><em>non</em></strong></span> <span class='ocrx_word' id='word_1_876' title='bbox 2476 4673 2604 4714; x_wconf 83' lang='lat' dir='ltr'><strong><em>aere</em></strong></span> <span class='ocrx_word' id='word_1_877' title='bbox 2631 4658 2845 4728; x_wconf 85' lang='lat' dir='ltr'><strong><em>puriora</em></strong></span> <span class='ocrx_word' id='word_1_878' title='bbox 2872 4667 2999 4713; x_wconf 89' lang='lat' dir='ltr'><strong><em>sunt</em></strong></span> <span class='ocrx_word' id='word_1_879' title='bbox 3027 4673 3314 4727; x_wconf 84' lang='lat' dir='ltr'><strong><em>marmora,</em></strong></span> <span class='ocrx_word' id='word_1_880' title='bbox 3340 4676 3514 4730; x_wconf 84' lang='lat' dir='ltr'><strong><em>neque</em></strong></span> 
     </span>
    </p>
   </div>
   <div class='ocr_carea' id='block_1_111' title="bbox 1924 4749 3514 4822">
    <p class='ocr_par' dir='ltr' id='par_1_111' title="bbox 1924 4749 3514 4822">
     <span class='ocr_line' id='line_1_111' title="bbox 1924 4749 3514 4822; baseline 0.001 -17"><span class='ocrx_word' id='word_1_881' title='bbox 1924 4749 2114 4805; x_wconf 87' lang='lat' dir='ltr'><strong><em>umbra</em></strong></span> <span class='ocrx_word' id='word_1_882' title='bbox 2161 4750 2289 4805; x_wconf 85' lang='lat' dir='ltr'><strong><em>tecti</em></strong></span> <span class='ocrx_word' id='word_1_883' title='bbox 2336 4749 2574 4805; x_wconf 82' lang='lat' dir='ltr'><strong><em>frondeis</em></strong></span> <span class='ocrx_word' id='word_1_884' title='bbox 2617 4749 2824 4804; x_wconf 77' lang='lat' dir='ltr'><strong><em>umbris</em></strong></span> <span class='ocrx_word' id='word_1_885' title='bbox 2861 4749 3085 4819; x_wconf 75' lang='lat' dir='ltr'><strong><em>gratior,</em></strong></span> <span class='ocrx_word' id='word_1_886' title='bbox 3133 4764 3309 4821; x_wconf 84' lang='lat' dir='ltr'><strong><em>neque</em></strong></span> <span class='ocrx_word' id='word_1_887' title='bbox 3349 4751 3514 4822; x_wconf 89' lang='lat' dir='ltr'><strong><em>lapilli</em></strong></span> 
     </span>
    </p>
   </div>
   <div class='ocr_carea' id='block_1_112' title="bbox 1926 4839 3513 4912">
    <p class='ocr_par' dir='ltr' id='par_1_112' title="bbox 1926 4839 3513 4912">
     <span class='ocr_line' id='line_1_112' title="bbox 1926 4839 3513 4912; baseline -0.003 -13"><span class='ocrx_word' id='word_1_888' title='bbox 1926 4844 2045 4900; x_wconf 90' lang='lat' dir='ltr'><strong><em>solo</em></strong></span> <span class='ocrx_word' id='word_1_889' title='bbox 2073 4842 2238 4898; x_wconf 85' lang='lat' dir='ltr'><strong><em>variis</em></strong></span> <span class='ocrx_word' id='word_1_890' title='bbox 2265 4849 2456 4912; x_wconf 89' lang='lat' dir='ltr'><strong><em>operto</em></strong></span> <span class='ocrx_word' id='word_1_891' title='bbox 2482 4839 2707 4895; x_wconf 82' lang='lat' dir='ltr'><strong><em>ﬂoribus</em></strong></span> <span class='ocrx_word' id='word_1_892' title='bbox 2742 4840 3087 4895; x_wconf 70' lang='lat' dir='ltr'><strong><em>ammniores.</em></strong></span> <span class='ocrx_word' id='word_1_893' title='bbox 3118 4840 3293 4910; x_wconf 80' lang='lat' dir='ltr'><strong><em>Atque</em></strong></span> <span class='ocrx_word' id='word_1_894' title='bbox 3323 4840 3513 4895; x_wconf 87' lang='lat' dir='ltr'><strong><em>horum</em></strong></span> 
     </span>
    </p>
   </div>
   <div class='ocr_carea' id='block_1_113' title="bbox 1924 4930 3515 5001">
    <p class='ocr_par' dir='ltr' id='par_1_113' title="bbox 1924 4930 3515 5001">
     <span class='ocr_line' id='line_1_113' title="bbox 1924 4930 3515 5001; baseline -0.004 -8"><span class='ocrx_word' id='word_1_895' title='bbox 1924 4953 2023 4993; x_wconf 88' lang='lat' dir='ltr'><strong><em>vos</em></strong></span> <span class='ocrx_word' id='word_1_896' title='bbox 2048 4935 2243 4992; x_wconf 88' lang='lat' dir='ltr'><strong><em>divites</em></strong></span> <span class='ocrx_word' id='word_1_897' title='bbox 2270 4940 2436 4990; x_wconf 80' lang='lat' dir='ltr'><strong><em>testes</em></strong></span> <span class='ocrx_word' id='word_1_898' title='bbox 2473 4932 2604 4988; x_wconf 86' lang='lat' dir='ltr'><strong><em>estis</em></strong></span> <span class='ocrx_word' id='word_1_899' title='bbox 2622 4973 2640 4999; x_wconf 88' lang='lat'><strong><em>,</em></strong></span> <span class='ocrx_word' id='word_1_900' title='bbox 2684 4930 2811 5001; x_wconf 84' lang='lat' dir='ltr'><strong><em>qui,</em></strong></span> <span class='ocrx_word' id='word_1_901' title='bbox 2839 4930 2886 4985; x_wconf 88' lang='lat' dir='ltr'><strong><em>si</em></strong></span> <span class='ocrx_word' id='word_1_902' title='bbox 2915 4930 3031 4986; x_wconf 76' lang='lat' dir='ltr'><strong><em>ﬁeri</em></strong></span> <span class='ocrx_word' id='word_1_903' title='bbox 3063 4939 3270 5001; x_wconf 87' lang='lat' dir='ltr'><strong><em>posset,</em></strong></span> <span class='ocrx_word' id='word_1_904' title='bbox 3300 4931 3355 4986; x_wconf 88' lang='lat' dir='ltr'><strong><em>in</em></strong></span> <span class='ocrx_word' id='word_1_905' title='bbox 3381 4932 3515 5001; x_wconf 86' lang='lat' dir='ltr'><strong><em>ipsis</em></strong></span> 
     </span>
    </p>
   </div>
   <div class='ocr_carea' id='block_1_114' title="bbox 1928 5023 3508 5094">
    <p class='ocr_par' dir='ltr' id='par_1_114' title="bbox 1928 5023 3508 5094">
     <span class='ocr_line' id='line_1_114' title="bbox 1928 5023 3508 5094; baseline -0.008 -7"><span class='ocrx_word' id='word_1_906' title='bbox 1928 5031 2083 5088; x_wconf 89' lang='lat' dir='ltr'><strong><em>tectis</em></strong></span> <span class='ocrx_word' id='word_1_907' title='bbox 2106 5030 2326 5084; x_wconf 89' lang='lat' dir='ltr'><strong><em>arbores</em></strong></span> <span class='ocrx_word' id='word_1_908' title='bbox 2353 5027 2551 5082; x_wconf 87' lang='lat' dir='ltr'><strong><em>habere</em></strong></span> <span class='ocrx_word' id='word_1_909' title='bbox 2577 5023 2866 5094; x_wconf 84' lang='lat' dir='ltr'><strong><em>cuperetis,</em></strong></span> <span class='ocrx_word' id='word_1_910' title='bbox 2897 5031 2953 5079; x_wconf 90' lang='lat' dir='ltr'><strong><em>et</em></strong></span> <span class='ocrx_word' id='word_1_911' title='bbox 2990 5033 3261 5094; x_wconf 85' lang='lat' dir='ltr'><strong><em>pratorum</em></strong></span> <span class='ocrx_word' id='word_1_912' title='bbox 3287 5023 3508 5078; x_wconf 59' lang='lat' dir='ltr'><strong><em>amaui-</em></strong></span> 
     </span>
    </p>
   </div>
   <div class='ocr_carea' id='block_1_115' title="bbox 1927 5115 3514 5188">
    <p class='ocr_par' dir='ltr' id='par_1_115' title="bbox 1927 5115 3514 5188">
     <span class='ocr_line' id='line_1_115' title="bbox 1927 5115 3514 5188; baseline -0.007 -10"><span class='ocrx_word' id='word_1_913' title='bbox 1927 5131 2091 5178; x_wconf 87' lang='lat' dir='ltr'><strong><em>tatem</em></strong></span> <span class='ocrx_word' id='word_1_914' title='bbox 2149 5120 2409 5185; x_wconf 83' lang='lat' dir='ltr'><strong><em>malletis,</em></strong></span> <span class='ocrx_word' id='word_1_915' title='bbox 2461 5132 2565 5188; x_wconf 86' lang='lat' dir='ltr'><strong><em>qua</em></strong></span> <span class='ocrx_word' id='word_1_916' title='bbox 2613 5130 2777 5171; x_wconf 84' lang='lat' dir='ltr'><strong><em>aurea</em></strong></span> <span class='ocrx_word' id='word_1_917' title='bbox 2813 5122 2974 5183; x_wconf 82' lang='lat' dir='ltr'><strong><em>tecta,</em></strong></span> <span class='ocrx_word' id='word_1_918' title='bbox 3014 5115 3316 5184; x_wconf 83' lang='lat' dir='ltr'><strong><em>arietesque</em></strong></span> <span class='ocrx_word' id='word_1_919' title='bbox 3357 5115 3514 5168; x_wconf 84' lang='lat' dir='ltr'><strong><em>mira-</em></strong></span> 
     </span>
    </p>
   </div>
   <div class='ocr_carea' id='block_1_116' title="bbox 1856 5205 3519 5281">
    <p class='ocr_par' dir='ltr' id='par_1_116' title="bbox 1856 5205 3519 5281">
     <span class='ocr_line' id='line_1_116' title="bbox 1856 5205 3519 5281; baseline -0.007 -11"><span class='ocrx_word' id='word_1_920' title='bbox 1856 5225 1893 5276; x_wconf 60' lang='grc' dir='ltr'><strong><em>τ,</em></strong></span> <span class='ocrx_word' id='word_1_921' title='bbox 1928 5214 2084 5270; x_wconf 85' lang='lat' dir='ltr'><strong><em>biles.</em></strong></span> <span class='ocrx_word' id='word_1_922' title='bbox 2113 5210 2480 5281; x_wconf 79' lang='lat' dir='ltr'><strong><em>Quamobrem</em></strong></span> <span class='ocrx_word' id='word_1_923' title='bbox 2508 5222 2631 5265; x_wconf 79' lang='lat' dir='ltr'><strong><em>cum</em></strong></span> <span class='ocrx_word' id='word_1_924' title='bbox 2669 5221 2739 5263; x_wconf 79' lang='lat' dir='ltr'><strong><em>ex</em></strong></span> <span class='ocrx_word' id='word_1_925' title='bbox 2780 5206 2963 5262; x_wconf 85' lang='lat' dir='ltr'><strong><em>multis</em></strong></span> <span class='ocrx_word' id='word_1_926' title='bbox 3003 5205 3273 5261; x_wconf 80' lang='lat' dir='ltr'><strong><em>laboribus</em></strong></span> <span class='ocrx_word' id='word_1_927' title='bbox 3310 5219 3519 5260; x_wconf 86' lang='lat' dir='ltr'><strong><em>recrea-</em></strong></span> 
     </span>
    </p>
   </div>
   <div class='ocr_carea' id='block_1_117' title="bbox 1931 5296 3517 5374">
    <p class='ocr_par' dir='ltr' id='par_1_117' title="bbox 1931 5296 3517 5374">
     <span class='ocr_line' id='line_1_117' title="bbox 1931 5296 3517 5374; baseline -0.008 -11"><span class='ocrx_word' id='word_1_928' title='bbox 1931 5309 2127 5363; x_wconf 77' lang='lat' dir='ltr'><strong><em>tionent</em></strong></span> <span class='ocrx_word' id='word_1_929' title='bbox 2155 5305 2400 5374; x_wconf 89' lang='lat' dir='ltr'><strong><em>accipere</em></strong></span> <span class='ocrx_word' id='word_1_930' title='bbox 2424 5302 2605 5367; x_wconf 82' lang='lat' dir='ltr'><strong><em>vultis,</em></strong></span> <span class='ocrx_word' id='word_1_931' title='bbox 2638 5301 2722 5355; x_wconf 87' lang='lat' dir='ltr'><strong><em>bis</em></strong></span> <span class='ocrx_word' id='word_1_932' title='bbox 2743 5299 2946 5355; x_wconf 79' lang='lat' dir='ltr'><strong><em>relictis</em></strong></span> <span class='ocrx_word' id='word_1_933' title='bbox 2966 5297 3038 5352; x_wconf 81' lang='lat' dir='ltr'><strong><em>ad</em></strong></span> <span class='ocrx_word' id='word_1_934' title='bbox 3062 5297 3155 5351; x_wconf 77' lang='lat' dir='ltr'><strong><em>illa</em></strong></span> <span class='ocrx_word' id='word_1_935' title='bbox 3197 5296 3517 5366; x_wconf 83' lang='lat' dir='ltr'><strong><em>properatis.</em></strong></span> 
     </span>
    </p>
   </div>
   <div class='ocr_carea' id='block_1_118' title="bbox 1907 5387 3521 5467">
    <p class='ocr_par' dir='ltr' id='par_1_118' title="bbox 1907 5387 3521 5467">
     <span class='ocr_line' id='line_1_118' title="bbox 1907 5387 3521 5467; baseline -0.014 -8"><span class='ocrx_word' id='word_1_936' title='bbox 1907 5402 2136 5460; x_wconf 82' lang='lat' dir='ltr'><strong><em>.Verum</em></strong></span> <span class='ocrx_word' id='word_1_937' title='bbox 2182 5400 2410 5455; x_wconf 74' lang='lat' dir='ltr'><strong><em>fortasse</em></strong></span> <span class='ocrx_word' id='word_1_938' title='bbox 2454 5411 2553 5467; x_wconf 88' lang='lat' dir='ltr'><strong><em>pro</em></strong></span> <span class='ocrx_word' id='word_1_939' title='bbox 2594 5394 2765 5465; x_wconf 76' lang='lat' dir='ltr'><strong><em>gloria</em></strong></span> <span class='ocrx_word' id='word_1_940' title='bbox 2807 5388 3154 5462; x_wconf 64' lang='lat' dir='ltr'><strong><em>conqueraris</em></strong></span> <span class='ocrx_word' id='word_1_941' title='bbox 3194 5387 3285 5443; x_wconf 86' lang='lat' dir='ltr'><strong><em>illa</em></strong></span> <span class='ocrx_word' id='word_1_942' title='bbox 3324 5397 3521 5455; x_wconf 76' lang='lat' dir='ltr'><strong><em>magna</em></strong></span> 
     </span>
    </p>
   </div>
   <div class='ocr_carea' id='block_1_119' title="bbox 1999 5595 2528 5659">
    <p class='ocr_par' dir='ltr' id='par_1_119' title="bbox 1999 5595 2528 5659">
     <span class='ocr_line' id='line_1_119' title="bbox 1999 5595 2528 5659; baseline -0.017 -3"><span class='ocrx_word' id='word_1_943' title='bbox 1999 5611 2016 5641; x_wconf 80' lang='grc' dir='ltr'>ι</span> <span class='ocrx_word' id='word_1_944' title='bbox 2054 5612 2155 5655; x_wconf 84' lang='lat' dir='ltr'><strong><em>Duo</em></strong></span> <span class='ocrx_word' id='word_1_945' title='bbox 2171 5610 2299 5659; x_wconf 56' lang='lat' dir='ltr'><strong><em>Mss,</em></strong></span> <span class='ocrx_word' id='word_1_946' title='bbox 2319 5600 2370 5651; x_wconf 83' lang='lat' dir='ltr'><strong><em>in</em></strong></span> <span class='ocrx_word' id='word_1_947' title='bbox 2392 5595 2528 5650; x_wconf 74' lang='lat' dir='ltr'><strong><em>avla.</em></strong></span> 
     </span>
    </p>
   </div>
   <div class='ocr_carea' id='block_1_120' title="bbox 1999 5659 2776 5730">
    <p class='ocr_par' dir='ltr' id='par_1_120' title="bbox 1999 5659 2776 5730">
     <span class='ocr_line' id='line_1_120' title="bbox 1999 5659 2776 5730; baseline -0.019 -11"><span class='ocrx_word' id='word_1_948' title='bbox 1999 5671 2021 5702; x_wconf 71' lang='grc' dir='ltr'>ι</span> <span class='ocrx_word' id='word_1_949' title='bbox 2056 5674 2221 5730; x_wconf 83' lang='lat' dir='ltr'><strong><em>Deest,</em></strong></span> <span class='ocrx_word' id='word_1_950' title='bbox 2246 5676 2336 5715; x_wconf 84' lang='lat' dir='ltr'><strong><em>non</em></strong></span> <span class='ocrx_word' id='word_1_951' title='bbox 2350 5697 2366 5726; x_wconf 91' lang='lat'><strong><em>,</em></strong></span> <span class='ocrx_word' id='word_1_952' title='bbox 2390 5663 2439 5712; x_wconf 86' lang='lat' dir='ltr'><strong><em>in</em></strong></span> <span class='ocrx_word' id='word_1_953' title='bbox 2460 5659 2648 5711; x_wconf 82' lang='lat' dir='ltr'><strong><em>duobus</em></strong></span> <span class='ocrx_word' id='word_1_954' title='bbox 2666 5660 2776 5705; x_wconf 66' lang='grc' dir='ltr'><strong>διες.</strong></span> 
     </span>
    </p>
   </div>
  </div>
