4032 6430
496 241 602 298 539

496 368 658 426 atque
689 354 922 427 ingenti,
946 367 1069 424 qua:
1098 351 1187 408 hic
1218 365 1323 406 non
1354 358 1647 421 comparet.
1688 347 1909 417 Regiam
1937 344 2082 401 enim

497 447 769 505 solitudini
818 446 1137 510 conferens,
1184 452 1343 513 atque
1391 442 1669 510 utriusque
1716 449 1885 494 status
1933 452 2084 507 spem

497 551 682 598 mutuo
734 550 1073 607 comparans,
1105 535 1175 591 de
1226 534 1361 591 caelo
1408 534 1526 604 ipso
1567 532 1734 588 ﬁlium
1783 531 1877 585 tibi
1927 531 1942 561 ⁸
1988 529 2084 584 de-

495 633 692 689 cidisse
738 629 1038 685 arbitraris.
1085 627 1145 683 id
1191 627 1353 698 igitur
1400 627 1575 698 primo
1620 624 1932 681 discendum
1977 629 2082 689 est,

493 723 636 795 quod
679 736 853 792 neque
879 719 1109 775 solitudo
1139 718 1446 790 ignobilem,
1491 731 1667 787 neque
1705 715 1852 784 regia
1880 714 2084 769 clarum

495 816 652 870 faciat
669 823 723 870 et
747 815 1004 869 illustrem
1026 831 1041 867 :
1061 820 1220 883 atque
1239 819 1525 881 antequam
1551 809 1619 864 ad
1645 809 1878 863 rationes
1902 807 2083 863 venia-

497 923 636 971 mus,
663 905 925 974 exemplis
948 913 1005 959 te
1033 903 1100 958 ab
1124 902 1225 958 hac
1253 902 1555 971 suSpicione
1583 897 1864 966 liberabo;
1904 916 2085 956 exem-

496 998 597 1068 plis
617 1039 632 1063 ,
667 997 882 1066 inquam
902 1037 917 1062 ,
960 1010 1069 1050 non
1096 994 1293 1049 nostris
1312 1037 1328 1061 ,
1360 992 1455 1049 sed
1485 993 1698 1048 vestris.
1730 993 1808 1047 De
1833 991 2086 1063 Dionysio

496 1092 632 1146 forte
680 1089 872 1144 audisti
920 1088 1114 1144 Sicilia:
1166 1096 1415 1158 tyranno,
1468 1087 1703 1156 itemque
1749 1085 1817 1140 de
1863 1084 2087 1139 Platone

500 1184 767 1240 Aristonis
793 1182 925 1238 ﬁlio.
957 1182 1085 1238 Uter
1122 1182 1315 1252 igitur,
1346 1179 1433 1235 dic
1466 1179 1631 1245 mihi,
1660 1177 1919 1248 insignior
1949 1176 2086 1231 fuit?

499 1286 620 1332 uter
641 1276 869 1338 canitur,
888 1284 948 1339 ,ει
968 1290 1063 1343 per
1080 1282 1394 1328 cunctorum
1419 1286 1512 1325 ora
1539 1270 1879 1326 celebratur?
1910 1283 2086 1323 nonne

499 1368 845 1440 philosorihus
878 1370 1077 1437 magis,
1110 1381 1268 1435 quam
1304 1363 1603 1436 tyrannus?
1647 1363 1807 1433 Atqui
1850 1362 1941 1416 ille
1969 1360 2088 1430 qui-

494 1463 616 1517 dem
686 1461 867 1515 Sicilia
942 1468 1052 1513 tota
1091 1460 1112 1490 ³
1155 1458 1487 1528 potiebatur,
1537 1466 1698 1525 atque
1768 1456 1823 1509 in
1882 1453 2086 1508 deliciis

495 1553 761 1624 degebat,
814 1551 1116 1622 ingentibus
1159 1549 1390 1612 divitiis,
1442 1548 1735 1603 satellitum
1783 1544 2087 1616 agminibus

493 1647 749 1715 stipatus,
781 1659 844 1698 ac
870 1659 989 1698 cum
1018 1642 1238 1712 reliquis
1270 1641 1520 1711 potentia:
1556 1638 1851 1708 insignibus
1880 1637 2089 1693 diutur-

497 1752 617 1790 nam
666 1736 827 1790 vitam
875 1732 1042 1805 gessit
1082 1750 1096 1787 :
1139 1731 1228 1787 hic
1268 1739 1446 1786 autem
1489 1731 1541 1784 in
1585 1729 1888 1784 Academia:
1932 1730 2088 1783 horto

495 1829 840 1893 versabatur,
888 1825 1089 1897 rigans,
1136 1825 1384 1880 inserens
1408 1864 1422 1888 ,
1462 1823 1735 1893 olivasque
1775 1820 2085 1886 comedens,

494 1935 557 1974 ac
609 1919 920 1974 vilis-simam
974 1930 1250 1988 apponens
1311 1929 1553 1970 mensam
1606 1913 1700 1968 illo
1752 1913 1900 1967 omni
1950 1926 2089 1966 vano

495 2010 781 2080 splendore
823 2022 1041 2062 vacuus.
1089 2007 1158 2061 Et
1186 2005 1290 2061 hoc
1318 2020 1424 2061 non
1454 2019 1624 2075 usque
1666 2002 1801 2058 adeo
1845 2002 2089 2057 mirabile

496 2112 610 2164 est;
638 2100 733 2155 sed
760 2098 903 2168 quod
930 2112 1118 2153 servus
1146 2096 1365 2152 effectus
1383 2136 1399 2164 ,
1431 2093 1748 2166 tyrannique
1776 2092 1931 2163 jussu
1955 2107 2087 2147 ven-

496 2193 638 2248 ditus
659 2233 674 2257 ,
706 2200 909 2247 tantum
951 2190 1121 2245 abfuit
1160 2199 1219 2245 ut
1248 2189 1339 2244 illo
1368 2197 1649 2260 propterea
1682 2188 1837 2242 vilior
1864 2202 2084 2258 apparo.

497 2294 600 2352 ret,
625 2293 682 2339 ut
709 2282 809 2352 ipsi
832 2298 1043 2353 quoque
1068 2292 1296 2355 tyranno
1323 2280 1448 2336 hinc
1472 2280 1618 2336 visus
1642 2281 1713 2335 sit
1735 2279 2089 2336 admiratione

495 2375 708 2445 dignus.
739 2375 905 2429 Tanta
936 2388 1022 2429 res
1049 2382 1132 2429 est
1155 2372 1322 2428 virtus
1347 2372 1361 2426 l
1403 2388 1510 2427 non
1545 2388 1643 2443 per
1679 2386 1741 2427 ea
1771 2371 1933 2427 modo
1966 2386 2089 2442 qua:

496 2467 624 2537 agit,
657 2465 750 2521 sed
784 2482 877 2535 per
914 2481 977 2519 ea
1005 2465 1165 2520 etiam
1196 2480 1315 2534 quae
1358 2463 1577 2535 indigne
1605 2463 1820 2534 patitur,
1867 2478 1969 2518 nec
1996 2478 2087 2517 se-

497 2560 688 2629 ipsam,
737 2573 835 2612 nec
879 2571 972 2612 eos
1016 2556 1105 2628 qui
1153 2556 1324 2627 ipsam
1354 2564 1609 2611 exercent
1650 2555 1821 2610 latere
1866 2554 1994 2610 sinit
2035 2563 2090 2610 et

493 2650 769 2707 occultari.
798 2650 937 2719 Quid
960 2665 1089 2706 vero
1114 2658 1414 2720 prmceptor
1435 2648 1552 2718 ejus
1575 2648 1864 2705 Socrates?
1888 2656 2089 2718 quanto

497 2745 542 2799 is
569 2742 834 2798 Archelao
860 2741 959 2798 fuit
987 2741 1288 2797 illustrior?
1315 2743 1387 2796 At
1423 2742 1511 2798 ille
1537 2758 1631 2796 rex
1661 2757 1784 2797 cum
1821 2750 2000 2805 esset,
2033 2740 2087 2795 in

496 2834 743 2904 plurimis
771 2833 961 2901 opibus
985 2832 1248 2903 degebat;
1290 2831 1377 2887 hic
1405 2841 1583 2888 autem
1625 2833 1677 2887 in
1707 2832 1880 2904 Lyceo
1908 2848 2090 2887 mora-

500 2927 686 2989 batur,
730 2922 973 2993 nihilque
1003 2931 1200 2993 praeter
1221 2923 1598 2979 vestimentum
1630 2939 1794 2978 unum
1835 2923 2086 2990 habebat,

497 3031 605 3086 quo
627 3024 681 3070 et
720 3015 898 3071 hieme
921 3025 975 3071 et
1011 3025 1218 3082 aestate,
1247 3016 1603 3086 omnibusque
1630 3017 1754 3071 anni
1797 3025 2089 3087 tempesta-

500 3109 641 3164 tibus
666 3108 911 3164 utebatur
943 3127 956 3163 :
988 3107 1144 3163 nudis
1180 3123 1396 3179 semper
1429 3109 1653 3179 pedibus
1687 3110 1850 3176 vixit,
1882 3125 1945 3165 ac
1973 3110 2089 3166 sine

498 3200 620 3255 cibo
661 3208 826 3255 totam
871 3200 1199 3271 transigebat
1238 3199 1410 3266 diem,
1442 3215 1580 3271 pane
1623 3199 1740 3255 solo
1783 3210 2083 3266 contentus,

496 3301 656 3362 atque
699 3291 751 3347 id
779 3301 896 3348 erat
917 3292 967 3348 ei
998 3301 1050 3347 et
1079 3293 1361 3349 obsonium
1386 3300 1443 3347 et
1467 3307 1593 3348 esca
1622 3310 1635 3347 :
1665 3308 1765 3348 nec
1791 3294 1944 3348 istam
1972 3294 2089 3364 qui-

494 3384 617 3441 dem
663 3401 904 3442 mensam
950 3401 1021 3441 ex
1053 3386 1217 3442 rebus
1260 3386 1371 3441 suis
1411 3386 1719 3456 apparabat,
1754 3385 1849 3441 sed
1876 3386 1943 3441 ab
1969 3386 2089 3441 aliis

496 3475 814 3546 accipiebat,
858 3484 1103 3531 extrema
1143 3475 1346 3530 scilicet
1400 3476 1453 3530 in
1504 3484 1818 3546 paupertate
1864 3476 2084 3547 degens.

498 3566 756 3636 Adeoque
795 3575 972 3621 tamen
1001 3567 1116 3637 ipso
1147 3582 1271 3638 rege
1297 3567 1494 3622 clarior
1516 3578 1647 3635 erat,
1678 3579 1736 3623 ut
1760 3568 1829 3623 ab
1857 3569 1948 3624 illo
1976 3568 2088 3625 fre-

498 3666 726 3727 quenter
754 3656 1027 3724 invitatus,
1059 3658 1228 3713 nollet
1251 3658 1428 3730 Lyceo
1451 3659 1676 3715 dimisso
1700 3660 1765 3715 ad
1793 3661 1933 3716 illius
1957 3676 2090 3732 opes

499 3747 784 3818 proficisci.
815 3750 885 3804 At
910 3764 976 3805 ex
1004 3764 1068 3805 ea
1094 3765 1306 3820 quoque
1328 3791 1344 3817 ,
1375 3767 1495 3821 quae
1526 3766 1671 3807 nunc
1695 3752 1937 3821 obtinet,
1968 3752 2089 3823 opi-

500 3840 680 3905 nione,
703 3855 823 3911 qua:
850 3841 1057 3911 potiora
1085 3842 1190 3896 sint
1216 3852 1438 3911 apparet
1464 3859 1478 3895 :
1502 3857 1735 3912 namque
1758 3842 1950 3898 horum
1974 3845 2091 3915 qui-

501 3930 622 3984 dem
645 3929 859 3984 nomina
883 3930 1124 4000 plurimis
1146 3939 1272 3986 nota
1296 3939 1420 4007 sunt
1439 3949 1454 3997 ;
1481 3931 1696 3987 illorum
1718 3949 1846 3989 vero
1868 3935 2087 3990 nemini.

501 4022 814 4093 Sinopensis
838 4031 1018 4079 autem
1046 4021 1357 4097 (Diogenes)
1389 4025 1526 4079 alius
1557 4025 1906 4096 pliilowphus
1942 4037 2090 4083 tanto

499 4123 555 4169 et
583 4114 668 4169 his
691 4122 747 4169 et
772 4113 892 4170 aliis
921 4114 1218 4172 innumeris
1249 4116 1464 4187 regibus
1492 4118 1796 4187 opulentior
1821 4129 1958 4186 erat,
1988 4122 2089 4176 etsi

502 4208 691 4278 pannis
714 4208 909 4264 laceris
934 4209 1175 4276 vestitus,
1203 4218 1262 4265 ut
1287 4209 1593 4265 Alexander
1617 4209 1845 4282 Philippi
1873 4212 2091 4269 Macedo

499 4300 801 4356 exercitum
826 4301 880 4355 in
907 4300 1101 4356 Persas
1122 4300 1347 4367 ducens,
1373 4302 1460 4358 ubi
1488 4302 1639 4357 illum
1661 4303 1811 4370 vidit,
1841 4306 2091 4362 omnibus

499 4390 755 4456 dimissis,
783 4391 853 4447 ad
883 4406 1006 4447 eum
1033 4401 1312 4463 pergeret,
1354 4409 1417 4448 ac
1442 4402 1690 4464 rogaret,
1720 4395 1901 4452 ullane
1925 4413 1984 4453 re
2012 4398 2093 4454 in-

501 4484 729 4554 digeret,
752 4494 808 4540 et
829 4501 898 4539 an
918 4485 1119 4555 aliquid
1137 4485 1374 4553 juberet.
1397 4486 1490 4541 Ille
1512 4500 1641 4542 vero
1664 4489 1833 4543 nihilo
1853 4503 1913 4546 se
1932 4506 2093 4562 cgere

504 4574 797 4642 respondit.
826 4574 964 4629 Num
998 4575 1110 4644 jam
1140 4574 1517 4646 exemplorum
1545 4578 1677 4633 satis
1703 4580 1888 4644 habes,
1917 4598 1984 4636 an
2013 4584 2093 4638 vis

498 4665 600 4719 alia
618 4681 830 4736 quoque
851 4668 1246 4723 memoremus?
1262 4666 1465 4738 Nempe
1485 4669 1572 4725 isti
1592 4687 1698 4726 non
1718 4674 1877 4729 modo
1897 4675 1982 4743 iis,
2001 4678 2092 4747 qui

502 4757 553 4812 in
582 4758 725 4827 regia
751 4758 985 4829 insignes
1005 4759 1175 4828 fuere,
1203 4762 1298 4818 sed
1320 4762 1451 4831 ipsis
1473 4779 1683 4834 quoque
1705 4767 1918 4837 regibus
1945 4770 2094 4826 fuere

501 4850 797 4919 clariores,
828 4866 951 4906 cum
994 4852 1253 4923 privatam
1283 4856 1627 4928 quietamque
1656 4859 1817 4915 vitam
1860 4862 2092 4934 delegis-

500 4953 653 5010 sent,
686 4960 860 5016 neque
898 4946 967 5002 ad
1013 4949 1399 5020 rempublicam
1432 4953 1699 5010 ullatenus
1741 4971 1801 5012 se
1846 4959 2094 5015 conferre

499 5036 816 5094 voluissent.

582 5129 775 5185 Virtute
793 5130 1035 5189 clariores
1065 5135 1305 5207 eﬂicimur
1320 5155 1472 5210 quam
1500 5143 1700 5212 opibus.
1722 5173 1796 5184 —
1813 5144 1916 5201 Sed
1947 5149 2091 5204 enim

499 5222 554 5278 in
581 5224 953 5300 ipsa_quoque
990 5228 1296 5299 reipublicae
1323 5232 1789 5294 administratione
1830 5254 1934 5295 non
1973 5243 2094 5299 illos

501 5318 675 5374 claros
700 5318 864 5374 fuisse
889 5318 1261 5390 deprehendes
1280 5365 1298 5392 ,
1328 5329 1418 5395 qui
1449 5327 1646 5383 divitiis
1664 5372 1680 5396 ,
1708 5331 1912 5389 deliciis
1938 5346 1992 5390 et
2017 5337 2096 5392 fa-

499 5410 781 5468 cultatibus
807 5412 1054 5469 instructi
1084 5425 1270 5484 erant,
1288 5417 1385 5473 sed
1408 5434 1502 5475 eos
1521 5462 1536 5485 ,
1564 5423 1654 5492 qui
1684 5425 1735 5479 in
1759 5439 2091 5501 paupertate,

500 5499 872 5572 simplicitate,
894 5513 951 5560 et
977 5505 1251 5563 moderata
1281 5509 1386 5564 vita
1424 5511 1705 5582 degebant.
1739 5520 1894 5588 Apud
1926 5499 2095 5579 Athe?

563 5612 585 5704 ξ
619 5620 837 5704 ἐξιξρέξέ
851 5619 1194 5704 Ἥξει-εἰει,
1211 5620 1322 5693 tibi;
1345 5626 1435 5679 sed
1454 5628 1700 5683 invenitur
1716 5634 1764 5685 in
1777 5634 1969 5690 duobus
1985 5646 2090 5696 Mss.

619 5680 720 5727 Duo
737 5684 869 5741 ωδε..
884 5684 981 5735 tota
998 5687 1145 5734 terra.

1246 234 1304 290 S.
1345 231 1625 290 JOANNIS
1662 228 2138 289 CHRYSOSTOMI
2165 231 2485 289 ARClllEP.
2526 234 3067 296 CONSTANTINOP.

3675 251 3779 307 3&0

2188 348 2404 406 nienses
2432 351 2695 409 Aristides
2713 394 2730 421 ,
2757 369 2915 425 quem
2939 353 3243 414 defunctum
3283 362 3470 419 civitas
3497 365 3745 433 sepelivit
3763 406 3780 436 ,

2196 442 2471 502 Alcibiade
2490 487 2504 513 ,
2536 448 2625 517 qui
2651 449 2843 518 opibus
2861 491 2878 515 ,
2919 450 3128 507 deliciis
3146 494 3163 520 ,
3191 455 3447 510 orationis
3473 457 3564 521 vi,
3589 472 3778 528 corpo-

2201 537 2266 592 ris
2293 538 2488 593 robore
2511 580 2528 605 ,
2553 541 2827 598 nobilitate
2847 544 3163 615 caeterisque
3188 547 3436 602 omnibus
3455 553 3777 620 praestabat,

2205 638 2339 684 anto
2378 630 2573 687 clarior
2594 644 2745 700 erat,
2786 645 2985 705 quanto
3025 636 3118 691 vili
3154 639 3332 709 aliquo
3358 642 3585 710 puerulo
3608 644 3784 714 philo-

2210 720 2393 790 'ophus
2420 724 2701 780 mirabilis.
2746 728 2901 798 Apud
2936 728 3219 786 Thebanos
3251 732 3686 803 Epaminondas,
3727 739 3783 795 in

2178 812 2505 870 uoncionem
2542 827 2799 887 vocatus,
2847 836 2968 875 cum
3014 832 3293 891 propterea
3329 840 3395 880 eo
3433 842 3496 883 se
3533 830 3784 887 conferre

2186 917 2296 958 non
2317 917 2524 975 posset,
2548 910 2689 978 quod
2711 920 2912 966 vestem
2936 912 3213 968 lavandam
3232 926 3478 983 curaret,
3498 935 3600 974 nec
3623 921 3782 977 aliam

2191 994 2415 1052 haberet
2440 1014 2542 1067 qua
2573 999 2912 1069 indueretur,
2935 1004 3183 1061 omnibus
3203 1014 3380 1063 tamen
3403 1010 3489 1079 qui
3513 1026 3580 1065 eo
3596 1027 3789 1069 conve-

2191 1082 2418 1154 nerant,
2450 1089 2675 1147 ducibus
2706 1095 3045 1162 praestantior
3065 1105 3198 1152 erat.
3225 1097 3304 1153 Ne
3326 1100 3505 1170 itaque
3536 1103 3668 1159 mihi
3691 1120 3782 1159 so-

2190 1176 2469 1235 litudinem
2505 1181 2752 1252 jactites,
2798 1195 2890 1240 aut
2916 1186 3139 1255 regiam.
3168 1188 3351 1259 Neque
3383 1192 3525 1248 enim
3568 1195 3621 1249 in
3654 1195 3783 1252 locis

2193 1272 2410 1329 claritas
2432 1284 2485 1330 et
2514 1276 2804 1345 splendor,
2837 1294 2943 1333 non
2985 1280 3037 1333 in
3067 1282 3305 1338 vestibus
3324 1325 3341 1351 ,
3374 1300 3480 1339 non
3524 1286 3578 1340 in
3607 1287 3779 1359 digni-

2195 1373 2302 1421 tate
2325 1408 2337 1429 ,
2369 1382 2477 1422 non
2506 1367 2558 1422 in
2584 1370 2819 1439 potentia
2846 1370 2944 1426 sed
2973 1370 3025 1426 in
3051 1372 3248 1429 virtute
3276 1384 3477 1430 tantum
3505 1393 3571 1432 ac
3607 1378 3783 1449 philo-

2192 1459 2401 1527 SOphia.

2266 1550 2320 1604 6.
2352 1549 2551 1606 Verum
2585 1553 2709 1623 quia
2748 1555 2991 1625 exempla
3023 1572 3129 1611 non
3175 1566 3375 1613 tantam
3403 1562 3509 1615 vim
3552 1563 3781 1632 habent,

2191 1639 2261 1695 ab
2284 1640 2400 1711 ipso
2422 1643 2532 1698 tilio
2563 1651 2653 1699 tuo
2681 1661 2794 1700 rem
2818 1646 3125 1703 discutiam.
3143 1647 3293 1704 Illum
3315 1653 3513 1723 quippe
3543 1655 3784 1711 invenie-

2191 1747 2310 1787 mus
2324 1748 2431 1787 non
2444 1733 2603 1789 modo
2620 1751 2761 1791 nunc
2775 1736 3079 1805 clariorem,
3096 1739 3189 1795 sed
3202 1741 3361 1795 etiam
3375 1759 3439 1797 ex
3457 1743 3644 1799 iisdem
3659 1745 3787 1816 ipsis

2191 1824 2353 1881 rebus
2371 1825 2769 1884 honoratiorem
2786 1830 2977 1900 quibus
3000 1841 3054 1886 tu
3071 1831 3219 1887 illum
3239 1842 3292 1887 et
3312 1835 3468 1889 vilem
3496 1845 3551 1891 et
3576 1837 3784 1907 ignobi-

2194 1915 2302 1972 lem
2342 1933 2464 1975 esse
2497 1919 2650 1975 dicis.
2678 1920 2809 1975 Nam
2845 1923 2891 1977 si
2931 1923 3012 1977 vis
3042 1924 3484 1993 persuadebimus
3518 1928 3594 1983 illi
3637 1939 3695 1983 ut
3719 1930 3790 1986 de

2194 2018 2378 2064 monte
2417 2009 2735 2079 descendat,
2765 2021 2817 2068 et
2854 2013 2907 2067 in
2945 2012 3119 2068 forum
3156 2015 3432 2085 irrumpat.
3466 2018 3791 2091 Videbisque

2194 2099 2377 2154 statim
2409 2101 2571 2156 totius
2600 2102 2831 2158 civitatis
2861 2104 2916 2158 in
2939 2104 3087 2159 illum
3115 2120 3208 2161 ora
3234 2108 3475 2164 converti
3496 2149 3510 2171 ,
3538 2118 3793 2166 cunctos-

2194 2204 2299 2260 que
2321 2205 2444 2246 eum
2471 2192 2904 2250 demonstrantes
2929 2211 3052 2251 cum
3073 2194 3426 2255 admiratione
3455 2216 3519 2256 ac
3548 2210 3788 2274 stupore,

2194 2295 2258 2336 ac
2284 2283 2327 2337 si
2346 2283 2566 2353 angelus
2587 2285 2801 2355 quidam
2819 2286 2888 2342 de
2904 2288 3038 2343 οωιο
3050 2287 3405 2345 descenderit.
3429 2292 3627 2362 Ecquid
3643 2293 3788 2349 aliud

2194 2373 2290 2427 tibi
2308 2373 2518 2430 videtur
2538 2390 2657 2431 esse
2672 2377 2839 2447 gloria
2854 2379 2879 2433 ?
2893 2378 3035 2435 Sane
3054 2395 3161 2435 non
3179 2380 3243 2436 iis
3266 2382 3445 2447 modo,
3468 2384 3558 2453 qui
3578 2384 3629 2439 in
3642 2386 3793 2455 regia

2192 2477 2509 2531 versantur,
2533 2467 2626 2522 sed
2659 2469 2776 2538 ipso
2819 2485 3069 2540 quoque,
3103 2470 3193 2541 qui
3228 2471 3531 2530 diademate
3573 2474 3793 2530 redimi-

2195 2563 2278 2611 tus
2323 2565 2437 2623 cst,
2484 2558 2746 2615 illustrior
2770 2561 2873 2615 erit
2911 2575 3034 2616 cum
3069 2562 3160 2616 illa
3208 2564 3296 2619 vili
3334 2573 3494 2635 atque
3519 2567 3791 2623 conscissa

2198 2659 2368 2706 veste.
2391 2650 2576 2722 Neque
2609 2654 2751 2708 enim
2784 2663 2945 2710 tantae
2967 2655 3309 2712 admirationi
3335 2660 3584 2715 omnibus
3608 2670 3789 2728 esset,

2195 2740 2239 2795 si
2275 2741 2515 2797 vestibus
2552 2744 2851 2811 operiretur
2887 2745 3099 2815 aureis,
3155 2747 3265 2803 imo
3301 2748 3345 2803 si
3376 2749 3489 2819 ipsa
3520 2765 3791 2820 purpura,

2195 2829 2418 2900 ipsaque
2441 2846 2643 2886 corona
2679 2844 2901 2889 ornatus
2927 2847 3106 2902 esset,
3144 2846 3201 2893 et
3241 2839 3286 2894 si
3314 2840 3495 2895 stratis
3536 2840 3796 2898 insideret.

2196 2921 2417 2988 sericis,
2447 2923 2492 2977 si
2532 2938 2562 2978 a
2594 2924 2754 2980 mulis
2782 2926 3104 2995 veheretur,
3146 2939 3329 2984 aurata
3359 2931 3646 2987 satellitum
3677 2942 3794 2987 tur-

2195 3012 2260 3068 ba
2287 3014 2605 3081 comitatus;
2636 3025 2692 3071 ut
2722 3018 2883 3072 modo
2912 3028 2994 3074 est
3022 3019 3269 3090 squalore
3294 3031 3348 3076 et
3373 3022 3618 3078 sordibus
3644 3023 3793 3079 obsi-

2196 3116 2281 3162 tus
2306 3147 2318 3171 ,
2358 3122 2649 3180 crassoque
2669 3111 2893 3166 amictus
2928 3113 3244 3170 indumento
3268 3157 3283 3181 ,
3330 3116 3477 3171 nullo
3504 3118 3792 3173 comitatus

2196 3198 2433 3266 assecla,
2475 3200 2744 3272 nudisque
2790 3203 3015 3272 pedibus
3054 3205 3326 3262 incedens.
3375 3208 3612 3279 Namque
3654 3212 3793 3280 regii

2196 3289 2272 3343 illi
2299 3301 2585 3362 apparatus
2626 3303 2681 3348 et
2709 3292 2916 3365 legibus
2944 3298 3127 3352 statuti
3152 3309 3308 3364 sunt,
3356 3308 3411 3355 et
3450 3301 3794 3356 consuetudi—

2197 3396 2265 3436 ne
2292 3384 2492 3453 recepti
2523 3400 2537 3437 :
2569 3387 2916 3455 quamobrem
2957 3389 3002 3443 si
3032 3390 3151 3460 quis
3177 3405 3299 3446 eum
3335 3391 3682 3448 admiratione
3700 3393 3792 3447 di-

2194 3482 2343 3529 ceret
2385 3476 2762 3545 imperatorem
2804 3495 2925 3535 esse
2957 3490 3108 3538 veste
3146 3499 3309 3540 aurea
3341 3486 3584 3541 vestitum
3608 3527 3623 3551 ,
3675 3502 3789 3543 non

2196 3564 2356 3619 modo
2378 3581 2482 3621 non
2507 3567 2900 3626 admiraremur
2917 3614 2931 3638 ,
2960 3573 3055 3628 sed
3086 3574 3246 3629 etiam
3274 3575 3571 3632 rideremus
3588 3620 3603 3644 ,
3629 3579 3791 3649 quip-

2196 3670 2265 3725 pe
2304 3672 2427 3712 cum
2468 3660 2599 3714 nihil
2651 3663 2776 3717 novi
2823 3663 3046 3720 diceret.
3092 3666 3167 3721 De
3208 3666 3317 3721 (ilio
3356 3679 3533 3724 autem
3571 3679 3693 3738 tuo,
3734 3671 3793 3726 si

2196 3748 2315 3817 quis
2337 3752 2635 3819 annuutiet,
2666 3769 2788 3809 eum
2805 3754 3075 3826 despectis
3091 3761 3325 3828 paternis
3352 3761 3560 3831 opibus,
3585 3762 3793 3819 calcata

2196 3842 2380 3897 saeculi
2407 3859 2599 3914 pompa
2621 3888 2637 3911 ,
2685 3862 2782 3918 spe
2811 3851 3079 3906 mundana
3114 3854 3446 3923 superiorem
3466 3898 3483 3924 ,
3511 3857 3564 3911 in
3598 3857 3793 3914 descr-

2198 3941 2309 3988 tmn
2340 3950 2399 3991 se
2418 3939 2708 3995 contulisse
2723 3982 2739 4008 ,
2762 3941 2851 3996 vili
2871 3944 3155 4015 putidaque
3176 3947 3351 4002 tunica
3375 3948 3611 4005 indutum
3628 3966 3749 4008 esse
3774 3973 3791 4008 :

2197 4028 2375 4080 statim
2416 4040 2739 4087 concurrent
2778 4049 2966 4090 omnes
2987 4079 3002 4103 ,
3034 4037 3397 4105 mirabuntur,
3425 4051 3584 4113 atque
3606 4042 3800 4098 lauda—

2197 4119 2332 4174 bunt
2350 4120 2466 4191 ejus
2490 4124 2907 4195 magnitudinem
2926 4130 3110 4184 animi.
3124 4130 3281 4187 Certe
3300 4149 3422 4188 cum
3440 4135 3797 4206 imperatores

2198 4212 2496 4271 innumeris
2540 4218 2870 4290 impetuntur
2899 4223 3214 4294 maledictis,
3243 4227 3372 4282 nihil
3404 4228 3538 4297 ipsis
3563 4240 3799 4299 prosunt

2199 4320 2378 4364 aureae
2406 4322 2605 4376 vestes,
2637 4322 2841 4369 tantum
2862 4316 3014 4372 abest
3034 4326 3090 4372 ut
3109 4333 3202 4374 eos
3222 4319 3495 4378 mirabiles
3515 4322 3747 4379 efficiant
3775 4346 3792 4381 :

2200 4399 2289 4455 hic
2332 4412 2510 4459 autem
2560 4406 2645 4461 vel
2685 4423 2752 4463 ex
2786 4409 2914 4479 ipsis
2954 4412 3285 4467 vestimentis
3319 4416 3512 4472 multas
3559 4416 3805 4473 admira-

2203 4493 2367 4550 tionis
2394 4511 2553 4551 ansas
2581 4499 2803 4567 pra‘bet,
2840 4501 2912 4557 ita
2938 4510 2998 4557 ut
3038 4505 3264 4561 amictus
3310 4507 3609 4577 hujusmodi
3632 4510 3802 4579 longe

2200 4584 2351 4638 illum
2384 4588 2811 4656 spectabiliorem
2840 4592 3031 4661 faciat,
3053 4611 3212 4665 quam
3240 4596 3436 4654 faceret
3461 4600 3638 4670 regius
3667 4620 3681 4655 :
3712 4604 3798 4657 si-

2203 4676 2418 4744 quidem
2436 4693 2502 4732 ex
2527 4680 2619 4733 illo
2640 4697 2801 4737 nemo
2826 4685 3204 4755 imperatorem
3230 4690 3524 4746 admiratur
3538 4734 3553 4759 ,
3576 4692 3679 4749 hoc
3692 4710 3798 4748 au-

2202 4775 2307 4822 tem
2336 4770 2424 4825 ille
2440 4773 2669 4827 amictus
2684 4778 2877 4832 vestitu
2899 4780 3147 4836 omnibus
3163 4782 3499 4840 admirationi
3511 4796 3565 4841 et
3584 4791 3799 4858 stupori

2200 4869 2303 4915 est.
2354 4862 2555 4933 Ecquid
2600 4867 2759 4934 mihi,
2805 4870 3048 4941 inquies,
3095 4876 3233 4946 vulgi
3286 4877 3466 4947 opinio
3508 4888 3562 4934 et
3607 4880 3800 4937 laudes

2203 4953 2525 5010 conferunt?
2553 4956 2713 5015 Certe
2738 4961 2906 5032 gloria
2958 4965 3090 5020 nihil
3134 4968 3276 5023 aliud
3305 4979 3405 5024 est.
3455 4971 3559 5026 Sed
3594 4973 3751 5043 hujus
3771 5014 3795 5041 ,

2202 5060 2433 5116 repones
2454 5090 2468 5113 ,
2506 5048 2776 5107 desiderio
2808 5070 2913 5109 non
2951 5064 3169 5124 teneor,
3204 5062 3492 5129 potentiam
3523 5073 3579 5118 et
3623 5063 3802 5119 honu-

2199 5152 2289 5191 res
2309 5155 2513 5208 qumro.
2548 5144 2617 5196 At
2642 5145 2731 5213 qni
2762 5145 3014 5214 laudant,
3033 5150 3192 5205 etiam
3221 5151 3579 5210 honorabunt.
3615 5157 3709 5211 Sin
3737 5168 3800 5212 tu

2200 5233 2490 5300 potentiam
2519 5245 2569 5289 et
2601 5237 2966 5307 prtefecturam
2985 5241 3287 5311 desideras,
3310 5261 3429 5301 eam
3455 5263 3560 5302 non
3584 5250 3759 5304 minus
3775 5292 3792 5314 ,

2200 5341 2359 5394 quam
2406 5327 2617 5397 priora,
2663 5344 2830 5400 penes
2866 5332 2965 5388 hos
3007 5350 3133 5391 esse
3167 5339 3566 5410 comperiemus
3602 5359 3617 5396 :
3648 5342 3796 5412 quod

2200 5418 2373 5489 ipsum
2406 5435 2528 5475 cum
2562 5425 2825 5495 exemplis
2852 5427 3175 5486 confirmare
3213 5431 3511 5500 possimus,
3545 5434 3614 5488 ad
3645 5450 3796 5491 coin-

2201 5512 2497 5568 modiorem
2526 5525 2578 5571 te
2602 5518 2914 5575 consolandi
2949 5523 3165 5578 modum
3195 5525 3436 5580 venimus
3456 5570 3471 5594 ,
3502 5542 3602 5582 nec
3624 5528 3796 5583 aliun-

2201 5603 2269 5659 de
2292 5645 2307 5671 ,
2336 5620 2493 5674 quam
2519 5621 2583 5662 ex
2608 5609 2723 5678 ipso
2748 5610 2858 5667 filio
2884 5623 2976 5668 tuo
3000 5630 3112 5669 rem
3135 5616 3485 5674 excutiemus.
3514 5619 3792 5686 Quodnam

2203 5711 2325 5758 esse
2353 5698 2486 5756 dicis
2513 5714 2738 5759 summa:
2783 5709 3059 5777 potestatis
3090 5712 3500 5782 argumentum?
3529 5726 3709 5770 nonne
3737 5722 3792 5769 ut
