4032 6402
193 357 303 416 639

189 474 469 555 ἐνταῦθα,
497 468 576 531 Τά
607 469 716 549 γάρ
747 468 994 549 βασίλεια
1018 482 1082 552 τῇ
1121 482 1325 554 ἐρημία
1353 483 1712 555 παραὸάλλων
1732 529 1744 553 ,
1777 489 1870 543 καὶ

188 559 289 625 τὰς
316 550 541 627 ἐλπίδας
565 564 664 627 τάς
692 564 900 618 ἐκεῖθεν
924 569 1042 627 ταῖς
1065 550 1344 633 ἐντεῦθεν,
1375 550 1626 635 ἐξαύτοῦ
1650 550 1749 626 οῖει
1780 574 1867 627 106

188 647 432 719 οὐρανοῦ
484 640 975 706 καταπεπτωκέναι
1013 652 1104 706 τὸν
1155 655 1287 710 υἱόν.
1334 656 1542 710 Οὐκοῦν
1583 658 1741 713 τοῦτο
1789 660 1871 714 δεῖ

188 737 417 806 πρῶτον
455 738 678 809 μαθεῖν,
727 740 803 804 ώς
846 740 968 794 οὔτε
1003 742 1035 812 ἡ
1068 744 1271 814 ἐρημία
1314 744 1508 816 ἀτιμον
1542 750 1718 813 ποιεῖ,
1748 746 1871 801 οὐτε

187 823 450 896 λαμπρὸν
479 827 570 880 καὶ
596 829 872 899 περιφανῆ
904 828 972 882 τὰ
1003 829 1270 900 βασίλεια,
1301 834 1397 885 καὶ
1442 835 1570 903 πρὶν
1604 835 1695 888 ἐπὶ
1723 834 1872 904 λογι-

188 914 370 983 σμοὺς
400 914 575 967 ἐλθεῖν
609 918 673 969 ἐκ
706 918 1166 989 παραδειγμάτων
1196 936 1254 972 σε
1282 920 1577 987 ἀπαλλάξω
1631 922 1731 992 τῆς
1769 924 1873 976 ὐπ-

184 1002 245 1067 ο,
266 999 373 1063 ίας,
397 1002 855 1073 παραδειγμάτων
875 1004 935 1057 οὐ
949 1005 1058 1058 τῶν
1080 1008 1211 1078 παρ’
1230 1008 1383 1077 ἡμῖν,
1398 1007 1533 1061 ἀλλά
1554 1007 1663 1062 τῶν
1684 1010 1876 1080 ὑμετέ-

189 1101 329 1158 ρων.
375 1088 653 1142 Διονύσιον
704 1090 834 1153 ἴσως
883 1092 1106 1155 ἀκούεις
1151 1092 1243 1146 τὸν
1284 1094 1533 1158 Σικελίας
1582 1095 1871 1167 τύραννον,

186 1174 418 1239 ἀκούεις
446 1176 503 1230 δέ
535 1177 629 1230 καὶ
659 1178 922 1233 Πλάτωνα
948 1180 1040 1233 τὸν
1082 1181 1438 1254 Ἀρίστωνος;
1480 1182 1574 1247 Τίς
1600 1179 1713 1249 οὖν,
1754 1185 1875 1238 εἰπέ

191 1279 313 1333 μοι,
349 1263 728 1338 λαμπρότερος
750 1267 970 1336 γέγονε;
1005 1268 1088 1330 τίς
1118 1268 1176 1321 δὲ
1206 1267 1390 1340 ᾄδεται
1414 1270 1509 1323 καὶ
1540 1272 1598 1323 ἐν
1625 1274 1737 1336 τοῖς
1766 1272 1874 1326 τῶν

188 1351 412 1406 πολλῶν
437 1357 615 1408 κεῖται
647 1355 907 1426 στόμασιν
924 1367 982 1421 α;
1008 1356 1106 1426 οὐχ
1126 1356 1155 1407 6
1184 1355 1470 1426 φιλόσοφος
1491 1357 1585 1411 τοῦ
1611 1359 1872 1430 τυράννου

190 1440 436 1511 pano-1;
471 1441 658 1494 Καίτοι
688 1444 715 1496 6
751 1442 850 1515 μὲν
877 1443 976 1514 τῆς
1003 1460 1061 1496 τε
1092 1442 1341 1507 Σικελίας
1374 1443 1592 1517 ἀπάσης
1632 1447 1870 1518 ἐκράτει,

189 1531 294 1584 καὶ
327 1532 384 1583 ἐν
413 1534 590 1603 τρυφῇ
623 1530 775 1600 διῆγε
796 1573 810 1599 ,
841 1531 938 1585 καὶ
984 1531 1123 1602 μετά
1154 1530 1349 1586 πολλοῦ
1381 1532 1475 1586 106
1511 1532 1741 1587 πλούτου
1780 1535 1875 1588 καὶ

186 1617 307 1671 τῶν
334 1619 648 1691 δορυφόρων
676 1621 770 1674 καὶ
799 1622 898 1693 τῆς
926 1621 1093 1691 ἄλλης
1120 1620 1421 1691 φαντασίας
1441 1620 1706 1674 διετέλεσε
1734 1618 1841 1685 ζῶν
1858 1639 1870 1650 ·

188 1707 219 1758 6
243 1705 304 1759 δὲ
333 1708 393 1760 ἐν
415 1708 494 1778 τῷ
520 1710 619 1780 τῆς
653 1710 986 1780 Ἀκαδημίας
1008 1709 1171 1780 κήπῳ
1199 1707 1466 1780 διέτριϐεν
1493 1708 1670 1780 ἄρδων
1697 1726 1755 1762 τε
1783 1710 1875 1763 καὶ

190 1794 448 1863 φυτεύων
480 1797 571 1849 καὶ
608 1796 793 1860 ἐλαίας
837 1796 1051 1861 ἐσθίων,
1092 1796 1187 1850 καὶ
1220 1794 1409 1867 εὐτελῆ
1446 1796 1876 1868 παρατιθέμενος

188 1882 477 1951 τράπεζαν
497 1924 511 1946 ,
549 1886 642 1937 καὶ
671 1884 849 1954 πάσης
879 1883 1091 1955 ἐκείνης
1120 1883 1220 1953 τῆς
1251 1884 1554 1954 φαντασίας
1583 1884 1738 1947 ἐκτὸς
1777 1882 1873 1939 ῶν.

190 1970 306 2023 Καὶ
335 1972 396 2024 οὔ
412 1972 572 2025 τοῦτό
599 1989 687 2025 πω
705 1970 1034 2042 θαυμαστὸν,
1068 1971 1180 2024 ἀλλ’
1206 1972 1287 2024 ὅτι
1315 1971 1411 2024 καὶ
1434 1969 1621 2034 δοῦλος
1642 1970 1873 2041 γενόμεο

189 2077 285 2123 νος
303 2101 317 2123 ,
354 2060 447 2114 καὶ
474 2061 620 2115 κατά
649 2060 747 2132 τὴν
777 2058 870 2115 τοῦ
898 2059 1160 2132 τυράννου
1193 2059 1421 2131 γνώμην
1441 2058 1873 2129 ἀπεμποληθεὶς,

189 2148 450 2203 τοσοῦτον
469 2148 705 2221 ἀπέσχεν
728 2148 1050 2220 ἀτιμότερος
1078 2146 1289 2203 ἐκείνου
1315 2147 1548 2218 φανῆναι
1569 2145 1658 2199 διὰ
1680 2145 1873 2213 ταῦτα,

190 2237 268 2303 ὡς
299 2238 397 2291 καὶ
422 2236 570 2308 αὐτῷ
589 2238 617 2278 ιι
644 2237 721 2309 τῷ
737 2236 985 2308 τυράννῳ
1008 2238 1071 2289 ἐκ
1097 2236 1289 2289 τούτου
1320 2234 1555 2305 φανῆναι
1576 2233 1872 2304 αἰδέσιμος.

191 2326 452 2381 Τοιοῦτόν
492 2328 637 2380 ἐστιν
666 2324 856 2396 ἀρετή·
893 2324 952 2378 οὐ
984 2323 1049 2377 δι’
1078 2316 1154 2377 ὧν
1190 2321 1484 2394 ἐργάζεται
1513 2322 1705 2393 μόνον,
1738 2321 1874 2376 ἀλλά

192 2415 292 2469 καὶ
325 2414 393 2468 δι’
430 2407 504 2469 ὧν
537 2414 739 2484 πάσχει
766 2411 974 2475 κακῶς,
1015 2411 1113 2482 οὐχ
1159 2410 1359 2480 ἑαυτὴν
1382 2449 1396 2475 ,
1436 2408 1573 2464 ἀλλά
1614 2408 1708 2462 καὶ
1748 2411 1873 2474 τούς

194 2502 354 2555 ποιοῦ
370 2519 487 2566 μτας
516 2501 614 2554 οὐκ
644 2502 864 2569 ἀφιεῖσα
894 2497 1235 2570 κρύπτεσθαι
1265 2497 1359 2551 καὶ
1394 2497 1698 2551 λανθάνειν.
1731 2496 1875 2550 Τίδέ

193 2593 222 2645 6
248 2590 441 2644 τούτου
480 2588 797 2650 διδάσκαλος
842 2586 1172 2658 Σωκράτης;
1222 2586 1373 2658 πόσῳ
1402 2584 1698 2657 Ἀρχελάου
1736 2585 1877 2655 λαμ-

195 2680 466 2751 πρότερος
497 2673 594 2747 ῆν;
634 2676 827 2729 Καίτοι
868 2676 897 2728 6
939 2674 1038 2746 μὲν
1072 2674 1325 2744 βασιλεὺς
1357 2669 1447 2746 ἦν,
1484 2675 1578 2727 καὶ
1611 2675 1669 2727 ἐν
1699 2672 1879 2745 πολλῷ

196 2764 415 2834 πλούτῳ
437 2762 639 2834 διῆγεν’
666 2763 694 2814 6
718 2761 773 2814 δέ
798 2763 854 2815 ἐν
879 2761 1094 2832 Λυκείῳ
1115 2760 1370 2833 διέτριϐε,
1399 2761 1492 2814 καὶ
1514 2760 1632 2825 ἐνὸς
1663 2761 1879 2832 ἱματίου

198 2852 362 2906 πλέον
397 2848 541 2922 εἶχεν
574 2850 745 2914 οὐδὲν,
778 2850 871 2903 καὶ
901 2848 1057 2903 τοῦτο
1105 2848 1266 2920 μόνον
1300 2859 1322 2889 ο
1360 2850 1455 2902 καὶ
1483 2848 1750 2920 χειμῶνος
1787 2849 1882 2903 καὶ

200 2941 398 3014 θέρους
437 2941 531 2994 καλ.
562 2941 619 2992 ἐν
651 2939 853 3002 πάσαις
886 2942 1005 3002 ταῖς
1036 2937 1207 3009 ὥραις
1238 2936 1333 2991 τοῦ
1367 2936 1520 3001 έτους
1552 2936 1880 3009 περιϐεϐλη-

203 3031 362 3101 μένος
392 3029 665 3099 ἐφαίνετο·
691 3027 1015 3090 ἀνυπόδετός
1037 3043 1096 3079 τε
1125 3025 1222 3096 ἔζη
1245 3024 1557 3088 διαπαντὸς,
1580 3025 1676 3078 καὶ
1699 3024 1883 3089 ἄσιτος

200 3117 421 3171 ἃπασαν
463 3114 806 3185 διεκαρτέρει
846 3113 947 3185 τὴν
974 3112 1211 3183 ἡμέραν,
1241 3111 1406 3183 ἄρτον
1442 3127 1502 3163 τε
1530 3112 1759 3164 ἐσιτεῖτο
1788 3112 1885 3181 μό-

200 3219 309 3266 νον,
341 3202 438 3255 καὶ
468 3200 628 3254 10610
651 3197 719 3271 ἦν
749 3199 896 3269 αὐτῷ
921 3198 1049 3268 ὄψον
1080 3199 1177 3251 καὶ
1202 3196 1388 3250 σιτίον’
1415 3196 1511 3251 καὶ
1537 3196 1657 3250 οὐδέ
1681 3195 1885 3267 ταύτην

204 3290 413 3345 οἴκοθεν
434 3288 757 3360 παρετίθετο
779 3287 879 3359 τὴν
897 3285 1200 3359 τράπεζαν,
1222 3285 1360 3340 ἀλλά
1383 3285 1514 3356 παρ’
1544 3284 1745 3356 ἐτέρων
1767 3282 1883 3356 [66]

207 3378 531 3450 λαμϐάνων,
563 3376 736 3440 οὐτως
776 3375 977 3447 ἐσχάτῃ
1024 3374 1224 3444 συνέζη
1270 3374 1464 3444 πενίαο
1505 3372 1601 3425 καὶ
1632 3372 1886 3426 τοσοῦτον

204 3463 272 3540 ῆν
298 3466 394 3520 106
436 3465 698 3537 βασιλέως
744 3463 1124 3536 λαμπρότερος
1143 3503 1158 3528 ,
1194 3462 1270 3527 ὡς
1300 3461 1565 3523 πολλάκις
1594 3459 1756 3513 αὐτὸν
1783 3476 1885 3513 xa-

205 3556 424 3619 λούντος
463 3554 671 3608 ἐκείνου
717 3552 854 3624 πρδς
896 3551 1120 3617 ἐαυτὸν,
1169 3550 1249 3624 μὴ
1285 3550 1507 3621 θελῆσαι
1558 3548 1619 3602 16
1657 3548 1887 3602 Λύκειον

207 3646 448 3716 ἀφεῖναι,
480 3642 575 3696 καὶ
599 3641 734 3714 πρὸς
759 3640 852 3695 τὸν
883 3639 1095 3694 ἐκείνου
1125 3638 1394 3693 πλοῦτον(ι
1426 3637 1618 3692 ἐλθεῖν.
1643 3637 1750 3690 Καὶ
1779 3636 1889 3690 ἀπὸ

208 3733 304 3804 τῆς
324 3732 482 3802 δόξης
505 3730 562 3784 δέ
581 3730 679 3801 τῆς
702 3727 1013 3802 κρατούσης
1036 3726 1131 3782 νῦν
1152 3728 1245 3782 καὶ
1266 3727 1335 3781 τὰ
1356 3727 1596 3798 πρότερα
1614 3725 1885 3795 φαίνεται.

220 3820 429 3872 ιὀύτων
464 3817 563 3888 μέν
597 3817 707 3887 γὰρ
739 3816 807 3870 τὰ
834 3816 1072 3887 ὀνόματα
1105 3815 1317 3879 πολλοῖς
1350 3815 1624 3885 γνώριμα,
1667 3813 1890 3865 ἐκείνων

212 3905 264 3960 δέ
287 3903 487 3959 οὐδενί.
528 3905 587 3957 Ὁ
620 3903 677 3956 δέ
706 3903 986 3965 Σινωπεὺς
1023 3902 1185 3956 πάλιν
1212 3902 1401 3973 ἕτερος
1425 3894 1579 3965 0610;
1603 3900 1891 3970 φιλόσοφος

212 3992 450 4063 τοσούτῳ
493 3990 816 4045 καὶτούτων
850 3992 943 4045 καὶ
970 3991 1176 4062 ἐτέρων
1211 3989 1416 4061 μυρίων
1442 3990 1700 4042 τοιούτων
1737 3986 1891 4056 βασι-

214 4081 347 4135 λέων
377 4078 749 4152 εὐπορώτερος
768 4075 856 4151 ἦν,
883 4077 978 4132 καὶ
999 4078 1171 4132 ταῦτα
1193 4077 1405 4148 ῥακίοις
1429 4075 1605 4140 συζῶν
1624 4086 1669 4138 ε,
1699 4074 1774 4137 ὡς
1796 4073 1888 4125 τὸν

214 4166 480 4220 Φιλίππου
518 4165 609 4218 τὸν
650 4165 940 4220 Μακεδόνα
978 4162 1238 4236 στρατιὰν
1284 4162 1377 4214 ἐπὶ
1420 4162 1635 4231 Πέρσας
1670 4159 1889 4227 ἄγοντα,

216 4255 395 4308 πάντα
429 4255 666 4323 ἀφέντα,
702 4253 881 4306 ἰδόντα
911 4250 1075 4304 αὐτὸν
1107 4247 1360 4302 ἀπελθεῖν
1381 4286 1395 4312 ,
1431 4249 1524 4300 καὶ
1565 4245 1786 4317 ἐρέσθαι
1824 4245 1907 4312 δι’⁵

216 4342 434 4406 ἑαυτοῦ,
462 4343 535 4414 μή
557 4358 701 4404 τινος
728 4340 920 4405 δέοιτο,
945 4338 1040 4392 καὶ
1062 4337 1116 4390 εί
1132 4354 1183 4390 τι
1212 4334 1452 4389 κελεύοι·
1477 4335 1638 4389 αὐτὸν
1664 4335 1719 4387 δὲ
1742 4333 1893 4389 οὐδὲν

215 4429 564 4498 ἀπαγγεῖλαι.
592 4425 740 4501 Ἀρά
761 4445 842 4481 σοι
862 4425 970 4480 τῶν
1000 4422 1462 4496 παραδειγμάτων
1489 4420 1626 4484 ἃλις,
1656 4421 1689 4494 ἢ
1715 4421 1895 4492 βούλει

216 4516 309 4572 καὶ
335 4515 534 4587 ἐτέρων
560 4513 1016 4587 ἐπιμνησθῶμεν;
1049 4506 1207 4565 Οὗτοι
1232 4512 1340 4581 γὰρ
1368 4509 1488 4580 οὐχὶ
1517 4506 1626 4561 τῶν
1656 4509 1714 4560 ἐν
1744 4507 1896 4579 βασι-

214 4608 380 4672 λείοις
405 4609 564 4680 μόνον
585 4604 879 4677 λαμπρῶν,
904 4603 1018 4657 ἀλλ’
1038 4600 1202 4656 αὐτοῦ
1225 4598 1318 4653 τοῦ
1342 4597 1716 4670 βασιλεύοντος
1736 4599 1898 4667 γεγό-

218 4714 341 4752 νασι
363 4697 752 4768 λαμπρότεροι,
781 4692 872 4745 τὸν
898 4689 1165 4744 ἰδιωτικὸν
1185 4688 1432 4758 ἐλόμενοι
1456 4685 1569 4757 βίον
1593 4685 1686 4739 καὶ
1716 4684 1898 4757 ἀπρά-

218 4804 419 4859 γμονα,
452 4786 547 4840 καὶ
578 4783 849 4846 πολιτείας
878 4781 996 4835 οὐδέ
1022 4780 1188 4849 ἐγγύς
1223 4776 1573 4848 βουληθέντες
1602 4774 1798 4828 ἐλθεῖν.

290 4963 404 5018 Καὶ
425 4964 481 5015 ἐν
507 4962 642 5033 αὐτῇ
664 4960 721 5015 δὲ
744 4962 811 5031 τῇ
835 4957 1080 5027 πολιτείᾳ
1094 4956 1194 5009 οὐκ
1216 4954 1457 5018 ἐκείνους
1476 4953 1595 5021 όψει
1613 4954 1899 5031 λαμπροὺς

217 5050 349 5114 τούς
370 5052 426 5102 ἐν
452 5048 667 5120 πλούτῳ
693 5048 790 5102 καὶ
817 5047 996 5117 τρυφῇ
1028 5044 1122 5098 καὶ
1143 5041 1454 5114 περιουσίᾳ,
1485 5039 1621 5093 ἀλλὰ
1655 5041 1748 5093 καὶ
1774 5041 1899 5102 τούς

220 5140 282 5193 ἐν
317 5136 501 5207 πενία,
533 5138 659 5201 τούς
691 5139 747 5189 ἐν
782 5133 1054 5204 εὐτελείᾳ,
1085 5133 1210 5194 τούς
1232 5131 1291 5182 ἐν
1327 5127 1516 5198 ἀτύφῳ
1544 5127 1750 5191 ζῶντας
1778 5127 1896 5197 βίῳ.

221 5226 384 5301 Παρά
413 5227 514 5296 μὲν
555 5225 862 5298 Ἀθηναίοις
893 5219 1261 5294 Ἀριστείδης,
1293 5217 1352 5270 ὃν
1385 5217 1480 5270 καὶ
1503 5215 1902 5285 τελευτήσαντα
1956 5224 1964 5233 “

223 5319 261 5388 ἡ
287 5316 442 5379 πόλις
465 5315 653 5387 ἔθαψε,
674 5316 769 5368 καὶ
793 5310 1123 5381 πλούτῳ-καλ.
1143 5308 1289 5377 γένει
1310 5305 1405 5360 καὶ
1427 5308 1604 5375 τρυφῇ
1633 5305 1728 5358 καὶ
1746 5303 1904 5358 δυνά-

226 5420 319 5476 μει
347 5403 521 5472 λόγων
550 5402 643 5457 καὶ
673 5400 831 5473 ῥώμῃ
859 5399 1107 5469 σώματος
1134 5396 1228 5449 καὶ
1265 5393 1513 5464 εὐγενείᾳ
1542 5391 1636 5445 καὶ
1660 5394 1773 5453 τοῖς
1804 5391 1900 5445 ἀλ-

224 5642 262 5691 ἁ
290 5578 450 5656 “'Duo
472 5592 588 5629 mss.
615 5578 800 5627 πολλῶν
823 5577 925 5626 ἐστι
963 5574 1103 5636 στόμ.
1130 5572 1288 5624 Paulo
1309 5576 1420 5635 post
1454 5568 1606 5620 ﬁdem
1631 5572 1714 5626 τῆς
1732 5583 1784 5616 τε
1818 5574 1904 5629 τῆς

261 5657 435 5691 «arma.

261 5657 435 5698 πασης.
1220 5697 1246 5698 η
1272 5695 1280 5698 _
1414 5694 1427 5698 _
1552 5690 1563 5698 _
1693 5690 1704 5698 ο

286 5702 315 5744 l'
341 5690 492 5753 “(Tam
515 5701 589 5751 ὅτι
606 5700 688 5750 καὶ
707 5700 853 5760 αὐτῷ.
883 5699 1036 5760 Paulo
1072 5701 1190 5760 pos]1
1216 5695 1364 5760 ﬁdem
1409 5694 1464 5743 ἐκ
1483 5690 1663 5760 τούτων
1689 5690 1904 5760 ³φανῆνᾳι

225 5764 402 5834 ξῷμεν.
427 5760 671 5834 Τοσοῦτον
688 5753 1025 5834 ἀρετήβίινξί.
1052 5753 1105 5806 έι
1149 5757 1321 5815 Morel.
1348 5756 1401 5803 ἰκ
1420 5753 1589 5802 τούτου
1610 5756 1806 5814 φανῆναι
1830 5753 1903 5797 0L!-

225 5821 439 5885 δέσιμος.
463 5821 691 5885 Τοιοῦτόν
710 5821 836 5885 ἐστιν
855 5821 1015 5885 ἀρετή.

289 5889 314 5920 ⁸
330 5884 442 5935 Duo
461 5898 575 5933 mss.
597 5884 753 5945 τούτῳ
772 5884 915 5945 μόνῳ.

297 5899 314 5920 ⁵
330 5899 442 5935 Uno
461 5899 575 5933 mss.
597 5900 753 5946 τούτῳ
832 5900 915 5945 νῳ.

297 5948 325 5987 τι
355 5948 510 5997 Savii.
530 5946 645 6009 πρὸς
662 5948 748 6009 τῂν
766 5899 946 6009 ἔᾴνου
965 5940 1141 5991 πενίαν.

289 6010 312 6035 ⁸
334 6010 444 6062 Duo
466 6005 578 6058 mss'
606 6007 781 6068 ῥακίοις
801 6005 910 6060 ζῶν.
1365 6014 1369 6019 ’

633 6079 902 6138 ΡΑτιιοιι.
946 6078 1064 6140 Gn.
1110 6075 1364 6139 XLVII.

1022 365 1392 421 ADVERSUS
1431 365 1988 430 OPPUGNATORES
2033 374 2211 432 τιτλε
2255 376 2554 436 MON'AST.
2598 379 2725 438 LIB.
2769 381 2832 438 11.

3536 385 3645 440 ειυ

1978 496 2087 555 λοις
2105 496 2268 547 πᾶσιν
2287 495 2625 551 Ἀλκιϐιάδου
2650 498 2974 571 κρατοῦντος
2996 518 3053 554 το
3064 498 3246 553 τοῦτον
3268 496 3490 572 λαμπρό
3507 514 3647 569 ,ερες

1974 575 2075 644 ἦν,
2121 582 2242 635 ὅσον
2279 583 2490 636 παιδίου
2519 585 2661 650 τινὸς
2697 588 2944 652 εὐτελοῦς
2987 589 3274 659 φιλόσοφος
3310 587 3644 659 θαυμαστός.

1976 668 2136 740 Παρά
2172 669 2902 743 ΘηϐαίοιςἚπαμεινώνδαῖ,
2931 675 3217 747 ἄνθρωπος
3244 677 3326 740 είς
3353 672 3647 747 ἐκκλησίαν

1976 755 2326 827 καλούμενος,
2357 761 2449 812 καὶ
2484 759 2573 814 διὰ
2597 761 2754 814 τοῦτο
2790 763 2864 832 μὴ
2909 762 3203 835 δυνάμενος
3229 763 3427 826 ἐλθεῖν,
3456 763 3647 835 ἐπειδὴ

1977 842 2125 913 αὐτῷ
2154 845 2216 897 16
2250 847 2462 917 ἱμάτιον
2496 847 2653 919 ἔτυχε
2684 848 3033 919 πλυνόμενον,
3069 850 3163 904 καὶ
3196 852 3380 923 ¹ἕτερον
3429 849 3614 920 περιθέ
3641 879 3648 890 -

1980 927 2102 981 σθαι
2128 930 2228 983 οὐκ
2254 927 2386 1001 εἶχε,
2410 932 2626 986 πάντων
2655 935 2760 988 τῶν
2782 936 3087 1007 γενομένων
3116 936 3297 990 αὐτόθι
3325 931 3651 1008 στρατηγῶν

1978 1019 2374 1090 ἐπισημότερος
2417 1017 2504 1092 ἦν.
2549 1021 2639 1093 Μὴ
2685 1023 2861 1076 τοίνυν
2908 1040 2997 1095 μοι
3039 1025 3139 1096 τὴν
3186 1025 3419 1096 ἐρημίαν
3466 1025 3645 1095 εἴπῃς,

1981 1103 2115 1175 μηδέ
2135 1104 2204 1158 τὰ
2223 1104 2489 1176 βασίλεια.
2518 1111 2591 1162 Οὐ
2614 1111 2722 1180 γάρ
2750 1113 2806 1163 ἐν
2821 1112 3007 1174 τόποις
3032 1111 3102 1165 τά
3124 1115 3221 1181 τῆς
3243 1111 3648 1182 λαμπρότητος,

1978 1190 2073 1247 καὶ
2100 1193 2171 1247 τὰ
2195 1195 2295 1265 τῆς
2323 1199 2697 1269 περιφανείας,
2728 1198 2848 1250 οὐδέ
2880 1199 2937 1251 ἐν
2968 1199 3225 1269 ἱματίοις,
3253 1198 3372 1252 οὐδέ
3404 1201 3462 1252 ἐν
3488 1197 3651 1263 ἀξιῶ⁴⁵

1981 1296 2131 1347 ματι,
2161 1281 2283 1335 οὐδὲ
2319 1284 2376 1336 ἐν
2399 1282 2706 1355 δυναστεία,
2735 1285 2849 1338 ἀλλ’
2883 1286 2941 1339 ἐν
2971 1285 3142 1357 ἀρετῇ
3169 1285 3349 1357 ψυχῆς
3381 1286 3475 1339 καὶ
3502 1284 3650 1355 φιλο-

1979 1370 2141 1439 σοφίᾳ
2176 1370 2355 1441 μόνον.

2051 1540 2125 1607 ς’.
2148 1544 2291 1598 Ἀλλ’
2317 1544 2503 1619 ἐπειδὴ
2528 1548 2598 1601 τά
2614 1544 3034 1621 παραδείγματα
3062 1546 3123 1604 οὐ
3138 1544 3407 1622 τοσαύτην
3424 1544 3648 1620 ἕχειτὴν

1982 1630 2154 1699 ίσχύν,
2184 1633 2278 1685 ἀπ’
2301 1634 2466 1687 αὐτοῦ
2488 1635 2580 1688 τοῦ
2611 1635 2702 1690 006
2734 1637 2923 1702 παιδὸς
2946 1638 3243 1710 ποιήσομαι
3266 1636 3360 1709 τὴν
3380 1637 3645 1703 ἐξέτασιν.

1976 1717 2296 1789 Εὑρήσομεν
2333 1720 2442 1792 γὰρ
2471 1724 2632 1777 αὐτὸν
2671 1724 2732 1777 ού
2766 1724 2924 1796 μόνον
2959 1725 3336 1798 λαμπρότερον
3374 1724 3501 1778 ὄντα
3528 1721 3646 1784 νῦν,

1976 1801 2114 1857 ἀλλά
2146 1809 2239 1858 καὶ
2268 1806 2336 1860 δι’
2357 1810 2540 1862 ἐκεῖνα
2587 1809 2912 1883 τιμιώτερον
2940 1810 2960 1851 ί
2977 1850 2990 1875 ,
3019 1812 3084 1865 δι’
3116 1811 3260 1882 ἅπερ
3286 1810 3478 1881 ἄτιμον
3509 1804 3647 1862 εἶναι

1978 1893 2085 1962 φῂς
2114 1893 2205 1947 καὶ
2234 1895 2444 1967 εὐτελῆ.
2472 1895 2534 1950 El
2564 1898 2671 1968 γὰρ
2696 1897 2875 1969 βούλει
2901 1899 3185 1962 πείσαντες
3214 1898 3376 1952 αὐτὸν
3413 1896 3520 1951 ἀπὸ
3554 1894 3648 1950 106

1977 1978 2136 2050 ὅρους
2164 1982 2464 2049 κατελθεῖν,
2497 1986 2774 2056 πείσωμεν
2799 1988 2893 2040 καὶ
2916 1988 2997 2050 είς
3026 1987 3231 2059 ἀγοράν
3254 1985 3526 2057 ἐμϐαλεῖν,
3555 1984 3651 2039 καὶ

1977 2069 2097 2140 ὄψει
2122 2072 2302 2125 πᾶσαν
2325 2074 2788 2147 ἐπιστρεφομένην
2804 2075 2900 2147 τὴν
2922 2075 3097 2139 πόλιν,
3121 2075 3214 2128 καὶ
3232 2073 3651 2137 ὑποδεικνύντας

1978 2159 2140 2213 αὐτὸν
2187 2162 2434 2227 ἅπαντας
2464 2163 2559 2217 καὶ
2602 2163 2982 2234 θαυμάζοντας
3022 2163 3118 2216 καὶ
3156 2161 3649 2233 ἐκπληττομένους,

1978 2245 2053 2309 ὡς
2099 2248 2332 2317 ἀγγέλου
2382 2250 2528 2314 τινὸς
2570 2250 2629 2316 ἐξ
2665 2249 2896 2322 οὐρανοῦ
2935 2247 3380 2321 παραγενομένου
3423 2247 3540 2303 νῦν.
3577 2246 3650 2300 Ἦ

1979 2332 2166 2405 ἕτερόν
2199 2352 2281 2388 σοι
2306 2336 2374 2388 τά
2403 2338 2502 2407 τῆς
2527 2336 2685 2407 δόξης
2711 2354 2766 2390 τι
2790 2333 2928 2390 εἶναι
2952 2336 3129 2403 δοκεῖ;
3156 2337 3231 2391 Οὐ
3252 2334 3360 2407 γὰρ
3381 2335 3444 2406 δὴ
3460 2335 3569 2388 τῶν
3591 2335 3652 2387 ἐν

1983 2419 2275 2491 βασιλείοις
2306 2422 2458 2475 ἔσται
2487 2423 2951 2495 περιφανέστερος
2983 2423 3163 2495 μόνον,
3197 2422 3335 2477 ἀλλά
3362 2423 3457 2475 καὶ
3486 2421 3652 2474 αὐτοῦ

1978 2508 2073 2561 τοῦ
2104 2509 2163 2562 16
2205 2508 2443 2582 διάδημα
2469 2510 2875 2582 περικειμένου,
2918 2510 3008 2564 διά
3036 2511 3104 2565 τά
3143 2511 3337 2582 ἱμάτια
3369 2512 3551 2564 ἐκεῖνα
3584 2510 3653 2562 τά

1980 2596 2170 2668 εὐτελῆ
2202 2599 2295 2652 καὶ
2323 2599 2801 2671 κατατετριμμένα
2835 2607 2883 2653 κ.
2915 2598 2993 2654 Οὐ
3024 2598 3131 2668 γὰρ
3166 2599 3231 2652 ἂν
3263 2595 3434 2661 οὕτως
3473 2598 3651 2653 ἃπαν-

1978 2702 2077 2749 τας
2109 2684 2401 2758 ἐξέπληττε
2440 2687 2817 2759 χρυσοφορῶν,
2866 2685 3063 2759 μᾶλλον
3106 2685 3162 2738 δὲ
3203 2685 3298 2739 καὶ
3336 2683 3648 2758 ἁλουργίδα,

1981 2775 2076 2827 καὶ
2108 2773 2269 2827 αὐτὸν
2298 2774 2387 2827 τὸν
2430 2774 2691 2843 στέφανον
2722 2773 3102 2845 περικείμενος
3139 2772 3230 2825 ἐπὶ
3260 2771 3364 2842 τῆς
3385 2771 3650 2841 κεφαλῆς,

1984 2863 2078 2915 καὶ
2104 2865 2219 2925 τοῖς
2252 2865 2497 2933 σηρικοῖς
2525 2862 2926 2933 ἐπικαθήμενος
2953 2859 3254 2934 στρώμασι,
3287 2860 3383 2913 καὶ
3413 2858 3516 2913 ὐπὸ
3543 2858 3655 2912 τῶν

1985 2951 2223 3020 ἡμιόνων
2248 2950 2556 3021 ἑλκόμενος,
2580 2951 2817 3014 καὶτοὺς
2838 2948 3307 3022 χρυσοφοροῦντας
3329 2947 3654 3019 δορυφόρους

1986 3036 2125 3109 ἔχων
2145 3079 2158 3103 ,
2190 3039 2265 3101 ὡς
2295 3039 2389 3091 νῦν
2424 3038 2611 3110 ῥυπῶν
2646 3037 2740 3091 καὶ
2774 3036 2999 3107 αὐχμῶν
3032 3038 3126 3090 καὶ
3153 3037 3298 3107 παχύ
3329 3034 3655 3108 ἰ’-..εριῦεόλη-

1989 3126 2147 3196 μένος
2170 3126 2402 3196 ἱμάτιον.
2427 3126 2521 3179 καὶ
2546 3125 2746 3196 μηδένα
2771 3123 3164 3178 ἀκολουθοῦντα
3186 3125 3544 3192 ἐπαγόμενος.
3563 3122 3659 3175 καὶ

1985 3217 2309 3279 ἀνυπόδετος
2338 3214 2432 3269 ὢν.
2462 3216 2678 3269 Ἐκεῖνα
2705 3215 2803 3284 μὲν
2830 3212 2938 3285 γὰρ
2958 3212 3025 3266 τὰ
3054 3212 3148 3265 τοῦ
3181 3211 3445 3282 βασιλέως
3474 3210 3660 3279 νόμοις

1986 3322 2047 3358 τε
2087 3304 2342 3374 ὥρισται,
2388 3304 2481 3358 καὶ
2520 3303 2618 3374 τῆς
2672 3301 2957 3371 συνηθείας
2993 3298 3144 3352 ἐστί·
3176 3299 3271 3351 καὶ
3308 3296 3394 3351 διὰ
3433 3297 3602 3350 ταῦτα
3630 3297 3658 3335 ιι

1990 3394 2093 3448 κᾶν
2110 3394 2252 3447 εἴποι
2273 3410 2353 3458 τις
2372 3392 2664 3464 θαυμάζων
2684 3389 2774 3444 16v
2796 3387 3039 3460 βασιλέα,
3059 3383 3172 3459 [67]
3187 3386 3268 3439 ὅτι
3291 3384 3481 3455 στολὴν
3504 3399 3570 3437 πε
3579 3403 3661 3457 ρι-

1990 3482 2249 3552 ϐέϐληται
2281 3483 2511 3554 χρυσῆν,
2545 3482 2605 3535 ού
2657 3480 2815 3552 μόνον
2858 3476 2921 3533 ού
2961 3474 3343 3542 θαυμάζομεν,
3390 3472 3525 3528 ἀλλά
3566 3475 3664 3529 καὶ

1988 3572 2238 3642 γελῶμεν
2279 3573 2340 3624 τὸ
2380 3570 2589 3641 λεχθὲν,
2623 3570 2700 3634 ὡς
2738 3571 2891 3624 οὐδὲν
2920 3569 3043 3642 ἔχον
3074 3568 3409 3642 παράδοξονο
3441 3566 3568 3641 περλ⁸
3604 3567 3664 3626 ἃ

1987 3660 2082 3714 τοῦ
2110 3661 2320 3714 παιδίου
2341 3659 2436 3713 τοῦ
2463 3659 2554 3713 006
2579 3658 2645 3713 ἂν
2671 3658 2844 3713 ἐλθών
2869 3676 2952 3722 τις
2970 3658 3301 3731 ἀπαγγείλῃ,
3323 3659 3406 3713 ὅτι
3432 3657 3664 3711 πλούτου

1990 3747 2372 3816 καταγελάσας
2407 3746 2502 3799 106
2538 3747 2827 3818 πατρικοῦ,
2875 3746 2969 3800 καὶ
3001 3745 3099 3817 τὴν
3125 3744 3384 3816 βιωτικὴν
3409 3759 3665 3798 καταπα-

1988 3839 2160 3908 τήσας
2195 3837 2516 3906 φαντασίαν,
2548 3836 2641 3888 καὶ
2684 3835 2792 3889 τῶν
2826 3834 3106 3904 κοσμικῶν
3133 3833 3362 3887 ἐλπίδων
3395 3830 3667 3903 ἀνώτερος

1990 3924 2301 3995 γενόμενος,
2343 3923 2478 3997 πρὸς
2508 3922 2607 3993 τὴν
2647 3923 2884 3995 ἐρημίαν
2924 3921 3179 3994 μετέστη,
3219 3919 3316 3973 καὶ
3346 3916 3667 3990 χιτωνίσκον

1996 4013 2202 4083 σαπρὸν
2228 4011 2380 4065 ἐνέδυ
2411 4010 2506 4064 καὶ
2536 4009 2757 4078 φαῦλον,
2787 4010 2988 4072 πάντες
3016 4008 3217 4072 εὐθέως
3239 4004 3666 4079 συνδραμοῦνται

1994 4103 2089 4155 καὶ
2119 4099 2460 4171 θαυμάσουσι
2476 4099 2569 4151 καὶ
2590 4100 2946 4169 κροτήσουσιν
2968 4097 3109 4165 ὐπέρ
3139 4096 3238 4165 τῆς
3265 4092 3668 4166 μεγαλοψυχίας

1994 4189 2178 4242 αὐτόν.
2210 4189 2321 4241 Καὶ
2357 4186 2466 4239 τῶν
2505 4187 2603 4256 μὲν
2647 4184 2913 4254 βασιλέων
2944 4183 3114 4254 μυρία
3152 4178 3667 4251 κατηγορουμένων,

1994 4275 2146 4329 οὐδὲν
2171 4275 2237 4327 τὰ
2265 4274 2453 4344 ἱμάτια
2481 4273 2849 4346 προστήσεται
2876 4269 2944 4322 τά
2971 4268 3168 4340 χρυσᾶ,
3199 4264 3449 4319 τοσοῦτον
3471 4263 3667 4333 ἀπέχει

1996 4360 2344 4432 θαυμαστοὺς
2373 4358 2544 4423 δεῖξαι
2578 4359 2740 4422 ὄντας
2764 4356 2981 4421 αὐτούς’
3017 4348 3169 4419 0610;
3200 4354 3257 4407 δὲ
3297 4352 3393 4407 καὶ
3424 4350 3531 4406 ἀπό
3558 4352 3670 4404 τῶν

1999 4449 2228 4522 ἱματίων
2279 4446 2481 4511 πολλὰς
2523 4446 2636 4519 ἔχει
2679 4445 2774 4499 106
2821 4443 3199 4516 θαυμάζεσθαι
3246 4441 3346 4505 τὰς
3390 4439 3667 4512 ἀφορμάς.

2000 4540 2161 4591 Ὥστε
2190 4536 2330 4608 αὐτη
2358 4538 2391 4609 ἡ
2418 4536 2579 4608 στολὴ
2603 4536 2700 4608 τῆς
2727 4534 3013 4607 βασιλικῆς
3034 4530 3236 4603 μᾶλλον
3259 4528 3422 4585 αὐτὸν
3443 4526 3673 4583 ἀπόϐλε-

1999 4643 2131 4679 πτον
2164 4626 2410 4696 ἀπέφηνε
2447 4626 2539 4679 καὶ
2569 4624 2879 4696 περιφανῆ,
2919 4623 2973 4675 εί
3000 4639 3064 4691 γε
3105 4620 3173 4674 δι’
3200 4619 3416 4689 ἐκείνην
3445 4617 3543 4687 μὲν
3576 4614 3671 4669 06-

1997 4714 2109 4778 δεῖς
2133 4713 2356 4785 βασιλέα
2385 4713 2686 4783 ἐθαύμασε,
2711 4711 2800 4764 διὰ
2826 4711 2883 4763 δὲ
2905 4709 3107 4779 ταύτην
3132 4707 3368 4770 ἅπαντες
3395 4705 3486 4758 16v
3511 4719 3672 4774 περι-

2000 4802 2251 4872 κείμενον
2293 4801 2746 4872 ἐκπλαγήσονται.
2790 4799 2900 4851 Καὶ
2950 4797 3002 4850 τί
3053 4812 3177 4867 μοι,
3222 4794 3386 4865 φησὶ,
3438 4791 3537 4863 τῆς
3565 4788 3674 4843 τῶν

2001 4889 2213 4943 πολλῶν
2247 4889 2497 4951 ὐπονοίας
2518 4887 2708 4955 ὄφελος
2732 4887 2825 4939 καὶ
2849 4884 2956 4937 τῶν
2978 4883 3247 4947 ἐπαίνωνς
3276 4882 3387 4935 Καὶ
3413 4878 3517 4951 μὴν
3546 4874 3674 4942 δόξα

2000 4977 2151 5031 οὐδὲν
2170 4977 2356 5047 ἕτερόν
2388 4979 2555 5039 ἐστιν,
2590 4973 2704 5027 ἀλλ’
2729 4973 2763 5044 ἢ
2795 4971 2991 5025 ταῦτα.
3015 4970 3158 5024 Ἀλλ’
3184 4970 3245 5023 οὐ
3274 4968 3485 5037 δέομαι,
3513 4966 3668 5034 φησὶ,

2000 5071 2224 5139 ταύτης,
2254 5066 2570 5121 δυναστείαν
2614 5066 2671 5118 δὲ
2698 5063 2847 5135 ζητῶ
2885 5064 2983 5117 καὶ
3010 5063 3196 5134 τιμήν.
3245 5057 3386 5111 Ἀλλ’
3422 5057 3472 5109 οί
3515 5057 3672 5109 ἐπαι-

2003 5158 2221 5221 νοῦντες
2250 5157 2344 5210 καλ⁹
2362 5158 2654 5228 τιμήσουσι
2671 5155 2905 5219 πάντως.
2933 5154 2996 5207 Εἰ
3021 5151 3078 5206 δὲ
3098 5148 3414 5205 δυναστείαν
3445 5145 3621 5218 βούλει
3650 5145 3669 5182 ι

2004 5247 2097 5301 καλ.
2137 5244 2493 5317 προστασίαν,
2538 5244 2634 5297 καὶ
2678 5242 2882 5314 ταύτην
2930 5242 3028 5312 οὐχ
3068 5235 3230 5312 ἦττον
3256 5235 3365 5289 τῶν
3393 5232 3674 5307 προτέρων

2005 5335 2158 5407 παρά
2181 5335 2393 5397 τούτοις
2428 5328 2596 5387 οὖσαν
2632 5331 2832 5404 μᾶλλον
2874 5331 3200 5402 εὑρήσομεν·
3233 5326 3326 5380 καὶ
3350 5324 3543 5395 ἔχομεν
3575 5319 3676 5392 μὲν

2004 5425 2138 5478 αὐτὸ
2165 5425 2258 5478 καὶ
2287 5425 2351 5478 ἐκ
2382 5423 2842 5497 παραδειγμάτων
2876 5422 3044 5474 ποιεῖν
3072 5414 3333 5488 φανερὸν,
3376 5411 3469 5465 ἐπὶ
3497 5410 3553 5464 δὲ
3582 5407 3676 5462 τὸν

2009 5513 2245 5586 μάλιστά
2287 5531 2348 5568 σε
2379 5504 2875 5586 παραμυθούμενον
2904 5508 3103 5579 τρόπον
3141 5504 3407 5567 ἐλθόντες,
3450 5502 3550 5554 οὐκ
3587 5497 3674 5553 ἐπ’

2006 5604 2180 5659 ἀλλων
2216 5603 2406 5668 τινῶν,
2446 5602 2567 5656 ἀλλ’·
2592 5601 2679 5654 ἐπ’
2711 5596 2874 5663 αὐτοῦ
2902 5594 2996 5648 106
3036 5592 3129 5646 σοῦ
3159 5592 3349 5656 παιδὸς
3385 5591 3476 5647 τὸν
3520 5588 3677 5657 λόγον

2081 5811 2097 5846 ί
2126 5814 2233 5862 D-m
2255 5824 2368 5859 mss.
2392 5811 2472 5857 καὶ
2493 5810 2552 5857 δι’
2577 5808 2732 5856 ἐκεῖνοι
2749 5805 3075 5868 χαλεπώτερα.

2073 5876 2098 5933 ξ
2124 5877 2231 5924 Duo
2259 5886 2375 5922 mss.
2397 5870 2750 5933 ἐκτετριμμένει.

2075 5931 2103 5976 δ
2124 5937 2232 5986 Duo
2249 5946 2364 5984 mss.
2388 5933 2469 5981 διὰ
2486 5926 2678 5987 ταύτην,
2700 5926 2852 5979 Sevi].
2876 5933 2924 5977 et
2947 5926 3121 5980 Morel.
3146 5927 3225 5978 διὰ
3240 5926 3392 5976 ταῦτα

2082 5996 2093 6033 ί
2124 5981 2447 6047 ἐίἷιίοᾶοιιω
2470 5981 2695 6042 Ξεινὶιξέι
2720 6003 2814 6040 uno
2835 5991 2940 6041 eod.
2965 5988 3246 6043 Leuebamr
3269 5986 3428 6041 ϐούὶῃ.
3445 5981 3577 6032 Enn.

3203 6051 3277 6109 19
