4032 6472
485 390 579 446 διι

483 503 647 574 possit
679 504 798 574 quis
834 518 1064 562 marore
1102 501 1398 560 afﬁcientes
1435 501 1653 568 ulcisci,
1701 513 1756 558 et
1797 499 2066 559 beneﬁcos

481 599 864 654 remunerare?
892 598 1050 670 Atqui
1092 598 1232 654 banc
1261 612 1328 652 ne
1356 595 1496 668 apud
1526 597 1906 667 Imperatorem
1946 595 2065 666 qui-

478 688 598 744 dem
629 699 790 744 totam
822 689 1194 760 deprehendas
1227 708 1239 744 :
1274 705 1504 760 namque
1535 691 1732 745 multos
1771 688 1932 744 habet
1965 687 2065 743 sibi

479 779 740 848 infestos,
767 782 963 851 quibus
991 782 1158 837 vicem
1198 781 1424 837 reddere
1452 797 1558 836 non
1595 789 1802 852 potest,
1843 781 2066 837 multos-

477 887 580 942 que
627 872 930 941 beneﬁcos,
971 889 1106 945 quos
1145 889 1249 928 non
1280 883 1454 944 potest
1497 873 1654 929 facile
1695 887 2060 930 remunerare.

475 962 798 1035 Plerumque
825 965 968 1020 enim
1009 966 1062 1020 in
1101 965 1286 1032 bellis,
1327 965 1552 1020 infestos
1575 963 1674 1020 sibi
1723 963 1940 1030 hostes,
1973 965 2062 1034 qui

475 1068 537 1112 se
565 1055 861 1111 innumeris
889 1053 1116 1112 at'i'ecere
1147 1055 1301 1112 malis
1321 1097 1336 1122 ,
1361 1057 1546 1114 ulcisci
1573 1072 1693 1112 cum
1714 1057 2064 1113 vehementer

471 1157 726 1218 cuperet,
758 1164 862 1203 non
897 1148 1093 1219 potuit,
1126 1149 1416 1219 amicisque
1442 1150 1533 1220 qui
1578 1164 1765 1220 magna
1793 1148 2061 1204 fortitudi-

473 1241 557 1296 nis
595 1242 782 1296 iudicia
814 1241 1076 1299 dederunt
1093 1285 1109 1310 ,
1140 1244 1286 1312 paria
1309 1242 1604 1312 rependere
1628 1243 1896 1314 nequivit,
1920 1242 2062 1314 quod

472 1332 547 1387 illi
579 1330 688 1388 fato
715 1335 1070 1404 prmoccupati
1097 1336 1149 1389 in
1175 1335 1290 1404 ipso
1313 1335 1455 1390 bello
1485 1335 1878 1390 occubuissent.

545 1427 646 1494 Qui
669 1429 840 1482 omnia
863 1429 1173 1498 reliquerunt
1197 1439 1312 1484 sunt
1332 1429 1714 1500 imperatoribus
1737 1430 2057 1502 potentiores.

467 1546 538 1558 -—
555 1517 690 1584 Quid
707 1519 751 1572 si
776 1520 874 1573 hac
892 1521 1146 1588 potentia,
1171 1537 1272 1590 qua
1297 1536 1362 1575 ue
1393 1521 1535 1591 ipsos
1553 1521 1766 1590 quidem
1783 1537 1936 1592 rcges
1957 1522 2058 1578 frui

467 1610 889 1665 demonstratum
919 1621 1022 1678 est,
1053 1612 1211 1666 aliam
1241 1612 1396 1682 longe
1427 1614 1685 1684 majorem
1720 1613 1884 1668 lilium
1909 1622 2056 1668 tuum

467 1699 666 1756 habere
703 1701 1113 1756 monstravere?
1150 1703 1319 1758 Nemo
1341 1719 1428 1758 me
1461 1704 1601 1760 bona
1629 1703 1862 1759 crelestia
1893 1705 2054 1759 modo

465 1794 730 1849 dicturum
753 1805 934 1864 putet,
965 1797 1154 1866 quibus
1183 1807 1235 1850 tu
1261 1813 1366 1850 non
1393 1796 1603 1862 credis;
1633 1813 1737 1850 non
1772 1797 1907 1852 adeo
1933 1813 2058 1865 pro-

463 1888 749 1942 missorum
774 1888 970 1944 oblitus
991 1901 1107 1943 sum
1134 1906 1148 1952 ;
1181 1904 1366 1944 verum
1395 1905 1460 1943 ex
1501 1889 1566 1944 iis
1595 1905 1714 1960 qure
1734 1889 1787 1944 in
1821 1888 1922 1945 hac
1947 1889 2053 1944 vita

464 1979 634 2048 ﬁunt,
672 1981 992 2036 documenta
1017 1981 1259 2038 atteram.
1304 1982 1361 2038 Si
1391 1983 1534 2036 enim
1564 1982 1748 2038 ulcisci
1779 1983 2053 2050 inimicos,

462 2087 524 2128 ea
569 2087 817 2142 suprema
873 2074 1109 2143 potentia
1155 2083 1238 2128 est
1270 2091 1284 2128 :
1315 2074 1484 2128 multo
1523 2073 1680 2143 plane
1715 2075 1886 2144 majus
1915 2077 2050 2140 erit,

461 2161 622 2216 talem
655 2161 776 2216 vita:
823 2170 1019 2216 statum
1064 2163 1335 2232 reperire,
1369 2163 1421 2218 iu
1466 2179 1574 2234 quo
1621 2179 1779 2218 nemo
1809 2165 1915 2230 sit,
1961 2165 2051 2234 qui

459 2252 559 2307 etsi
589 2253 744 2317 velit,
770 2268 963 2308 nocere
989 2255 1172 2323 possit.
1202 2253 1336 2309 Nam
1358 2255 1499 2326 quod
1523 2254 1625 2309 hoc
1649 2256 1718 2309 sit
1743 2255 1833 2310 illo
1854 2256 2047 2324 majus,

459 2351 589 2397 tunc
619 2340 787 2413 magis
827 2345 1128 2409 constabit,
1161 2360 1282 2400 cum
1309 2344 1376 2399 ad
1417 2345 1719 2414 exemplum
1751 2347 1893 2402 aliud
1931 2363 2052 2402 ora-

459 2437 659 2490 tionem
687 2436 1082 2492 reduxerimus.
1111 2437 1204 2493 Dic
1241 2439 1381 2493 enim
1403 2481 1418 2503 ,
1443 2453 1657 2510 quieso,
1685 2449 1860 2493 utrum
1905 2454 2047 2510 prm-

457 2530 714 2594 stantius,
771 2529 922 2585 reine
965 2530 1169 2585 bellicm
1213 2531 1282 2584 ita
1313 2531 1614 2602 quempiam
1641 2531 1866 2602 peritum
1895 2546 2046 2597 esse,

455 2631 516 2677 ut
559 2637 746 2688 nemo,
773 2623 862 2692 qui
885 2638 944 2678 se
968 2621 1249 2686 vulneret,
1274 2623 1639 2678 invulneratus
1679 2621 1897 2694 effugiat
1927 2642 1940 2677 :
1978 2640 2046 2678 an

455 2711 718 2783 ejusmodi
746 2727 867 2768 esse
895 2727 1123 2782 carpere
1143 2754 1158 2780 ,
1188 2723 1244 2768 ut
1269 2715 1602 2784 quantalibet
1629 2715 1857 2786 quisque
1881 2725 2003 2785 agat
2026 2757 2042 2780 ,

454 2805 870 2862 vulnerarenan
901 2807 1102 2876 possit?
1147 2805 1405 2861 Omnibus
1447 2805 1685 2874 profecto
1709 2815 1918 2861 constat
1945 2807 2046 2862 hoc

453 2899 544 2954 illo
574 2900 750 2970 potius
767 2914 887 2954 esse
913 2914 976 2952 ac
995 2897 1263 2954 divinius:
1290 2914 1462 2970 neque
1489 2899 1619 2954 illud
1641 2909 1843 2954 tantum
1869 2899 2040 2965 adest,

452 2993 544 3048 sed
567 2993 706 3062 quod
735 2993 826 3046 illo
853 2992 1011 3062 longe
1041 2992 1287 3063 superius
1313 3001 1416 3047 est.
1447 2992 1726 3058 Quodnam
1761 2991 1892 3047 illud
1921 2993 2044 3048 est?

403 3069 409 3074 ’
449 3081 622 3140 Etiam
653 3082 1039 3138 medicamenta
1065 3098 1251 3148 nosse,
1292 3082 1484 3154 quibus
1510 3081 1731 3137 vulnera
1775 3091 2043 3138 curentur

449 3175 647 3230 omnia.
677 3175 870 3229 Tribus
899 3189 1026 3244 ergo
1058 3177 1306 3244 potentiae
1344 3173 1518 3229 modis
1555 3173 1858 3228 constitutis
1879 3215 1894 3239 ,
1925 3174 2040 3244 pri-

449 3280 537 3319 mo
575 3265 790 3334 quidem
811 3305 824 3327 ,
859 3274 917 3319 ut
961 3263 1128 3334 possit
1161 3265 1280 3335 quis
1311 3265 1532 3334 injurias
1579 3265 1800 3331 ulcisci;
1830 3265 1998 3320 altero
2019 3305 2036 3333 ,

439 3357 534 3426 qui
562 3368 616 3410 et
653 3357 898 3425 superior
923 3365 1035 3422 cst,
1069 3365 1126 3410 ut
1153 3357 1375 3410 vulnera
1401 3356 1615 3426 propria
1655 3371 1844 3411 curare
1871 3356 2034 3422 norit;

445 3463 619 3518 neque
655 3448 796 3501 enim
841 3447 1058 3518 omnino
1086 3446 1187 3500 hoc
1218 3447 1346 3501 illud
1377 3447 1650 3516 sequitur;
1706 3447 1864 3502 tertio
1907 3456 1964 3502 ut
2006 3461 2037 3501 a

445 3539 589 3592 nullo
635 3537 911 3594 hominum
959 3537 1080 3593 laedi
1123 3537 1330 3610 possit,
1360 3537 1504 3608 quod
1539 3548 1783 3594 naturam
1825 3541 2037 3610 penitus

441 3629 654 3684 excedit
708 3630 992 3684 humanam
1042 3647 1054 3684 :
1106 3629 1210 3685 hoc
1268 3639 1596 3700 postremum
1645 3631 1736 3686 ﬁlii
1796 3633 1868 3687 tui
1917 3645 2038 3688 esse

438 3720 878 3775 monstrabimus.

515 3813 562 3870 7.
578 3809 638 3866 Ei
663 3812 746 3882 qui
763 3811 932 3864 omnia
957 3811 1174 3883 reliquit,
1191 3829 1336 3868 nemo
1357 3829 1532 3868 nocere
1555 3813 1678 3878 vult,
1708 3831 1796 3869 nec
1816 3823 1980 3885 posset
1991 3815 2036 3869 si

441 3907 680 3960 veltet.—
698 3905 776 3960 Ne
797 3917 974 3961 autem
1003 3905 1118 3962 haec
1145 3907 1308 3962 verba
1331 3909 1588 3979 strepitus
1609 3909 1782 3965 inanis
1801 3926 1924 3966 esse
1949 3911 2032 3964 vi-

441 3998 691 4065 deantur,
723 3997 821 4054 hac
842 3999 955 4068 ipsa
982 4015 1170 4071 magna
1201 4002 1438 4073 potentia
1469 4017 1654 4057 rursus
1680 4003 1839 4058 aliam
1867 4003 2034 4074 majo-

441 4107 551 4146 rem
597 4091 736 4145 inter
764 4091 1108 4160 quaerendum
1155 4091 1478 4147 invenimus.
1519 4092 1634 4147 Non
1684 4093 1843 4147 modo
1887 4095 2030 4149 enim

440 4197 547 4236 non
595 4181 930 4250 reperientur
959 4181 1045 4250 qui
1093 4196 1290 4236 nocere
1335 4183 1560 4252 possint,
1593 4183 1684 4238 sed
1714 4199 1780 4237 ne
1820 4185 1911 4254 qui
1940 4201 2034 4240 vc-

436 4275 536 4330 ,lint
581 4275 834 4344 quidem;
866 4273 937 4327 ita
981 4281 1040 4328 ut
1080 4271 1276 4342 duplici
1303 4289 1367 4328 ex
1397 4281 1547 4343 parte
1592 4267 1736 4328 tutus
1765 4276 1854 4331 sit.
1893 4275 2029 4342 Quid

439 4365 596 4436 igitur
621 4365 721 4418 lrac
742 4365 845 4418 vita
869 4361 1116 4426 divinius,
1145 4363 1194 4416 in
1223 4378 1324 4432 qua
1357 4379 1514 4418 nemo
1541 4379 1734 4420 nocere
1756 4366 1902 4434 velit,
1929 4381 2030 4423 nec

437 4457 480 4511 si
513 4456 658 4519 velit,
695 4453 902 4525 possit?
940 4469 1062 4508 cum
1107 4455 1337 4509 maxime
1381 4454 1522 4509 nolle
1568 4471 1762 4510 nocere
1809 4471 1916 4512 non
1960 4473 2028 4512 ex

437 4546 800 4602 imbecillitate
847 4545 1010 4612 venit,
1052 4555 1110 4600 ut
1136 4545 1188 4600 in
1235 4545 1417 4599 multis
1455 4545 1736 4616 contingit,
1763 4547 1856 4602 sed
1884 4546 2028 4618 quod

438 4639 580 4694 nulla
609 4637 907 4708 reperiatur
932 4651 1111 4692 causa.
1142 4635 1274 4690 Nam
1304 4637 1346 4691 si
1374 4636 1425 4690 id
1455 4636 1627 4691 solum
1653 4653 1750 4705 per
1775 4653 1834 4694 se
1859 4647 2026 4706 esset,

436 4728 641 4784 scilicet
680 4742 785 4782 non
837 4741 1012 4798 posse,
1061 4741 1167 4781 non
1217 4728 1346 4781 tanti
1391 4736 1534 4782 esset
1566 4745 1580 4782 :
1611 4727 1791 4782 odium
1832 4729 2028 4799 quippe

435 4821 740 4892 gigneretur
768 4820 1056 4874 maximum
1102 4820 1156 4874 in
1193 4819 1280 4884 iis,
1309 4819 1399 4890 qui
1428 4836 1548 4875 cum
1581 4820 1798 4886 vellent,
1833 4821 2028 4878 lmder’e

436 4929 544 4968 non
576 4924 797 4982 possent
826 4929 840 4980 ;
874 4928 978 4966 non
1011 4926 1206 4981 parvus
1233 4921 1412 4967 autem
1439 4923 1522 4968 est
1551 4913 1638 4968 hic
1680 4913 2028 4970 beatitudinis

435 5006 648 5063 modus.
679 5005 854 5076 Ipsum
900 5019 1027 5075 ergo
1069 5004 1323 5076 primum,
1357 5005 1402 5058 si
1431 5005 1661 5072 videtur,
1693 5010 2026 5061 excutiamus

435 5097 737 5168 diligenter.
769 5097 1025 5166 Quisnam
1056 5112 1176 5152 eum
1203 5097 1400 5152 laedere
1445 5097 1596 5164 velit,
1627 5099 1716 5170 qui
1746 5099 1879 5154 nihil
1925 5099 2026 5154 ha-

435 5190 527 5248 bet
552 5205 834 5246 commune
864 5205 984 5245 cum
1014 5189 1340 5255 hominibus,
1373 5204 1476 5244 non
1504 5199 1678 5260 pacta,
1707 5207 1814 5247 non
1845 5207 2024 5263 agros,

435 5296 542 5336 non
575 5283 836 5351 pecunias.
897 5296 1004 5334 non
1053 5281 1286 5350 negotia,
1327 5295 1501 5351 neque
1541 5281 1683 5336 aliud
1712 5281 2023 5353 quidpiam?

436 5387 535 5442 pro
565 5387 669 5441 qua
699 5371 822 5425 villa
861 5376 980 5424 eum
1013 5371 1102 5424 illo
1128 5371 1436 5439 contendet,
1478 5387 1577 5444 pro
1601 5373 1793 5444 quibus
1819 5374 1988 5430 servis
2007 5414 2024 5441 ,

435 5479 534 5532 pro
559 5480 661 5533 qua
707 5462 917 5533 gloria?
945 5463 1195 5534 quidnam
1229 5474 1494 5530 metuens,
1540 5480 1646 5535 quo
1688 5465 2027 5522 lacessente?

437 5553 712 5624 Siquidem
743 5563 833 5611 aut
857 5554 1074 5621 invidia,
1107 5565 1198 5608 aut
1228 5565 1392 5622 metu,
1424 5565 1516 5630 aut
1544 5556 1624 5612 ira
1647 5571 1943 5624 movemur,
1968 5566 2030 5614 ut

438 5646 576 5700 alios
602 5643 878 5700 ltedamus.
900 5647 968 5700 At
995 5645 1081 5700 hic
1107 5662 1234 5718 rege
1255 5649 1442 5716 quovis
1468 5650 1758 5720 potentior,
1779 5651 2029 5708 omnibus

439 5735 686 5803 superior
711 5742 812 5789 est.
842 5735 972 5802 Quis
1009 5737 1150 5792 enim
1178 5739 1226 5794 ei
1271 5738 1546 5804 invidebit,
1575 5741 1666 5812 qui
1703 5741 1816 5798 Ι]ωο
1849 5743 2027 5799 omnia

445 5824 662 5892 irridet,
711 5839 808 5896 pro
844 5827 1034 5896 quibus
1076 5829 1164 5884 alii
1214 5830 1458 5888 laborant
1495 5841 1549 5889 et
1589 5831 1878 5906 satagunt?
1907 5837 2026 5906 quis
2074 5856 2084 5865 ·

1234 387 1594 444 ADVERSUS
1622 385 2172 458 OPPUGNATORES
2217 387 2398 445 VITAS
2441 393 2735 452 MONAST.
2777 398 2908 456 LIB.
2955 399 3018 456 ll.

3656 411 3763 466 ΜΩ

2177 501 2437 560 irascetur
2476 507 2605 562 nihil
2649 509 2845 567 lazsus?
2873 515 2991 583 quis
3035 525 3253 584 metuet,
3297 531 3421 574 cum
3468 520 3644 577 nullus
3692 527 3762 579 sit

2171 596 2462 666 suspicioni
2507 599 2699 656 locus?
2725 603 2947 659 Constat
2991 605 3149 677 igitur
3191 623 3260 664 ex
3309 609 3393 666 his
3424 613 3598 669 nullos
3637 629 3758 672 esse

2170 687 2261 779 qui
2288 689 2336 744 ei
2367 704 2562 746 nocere
2605 692 2790 762 velint,
2819 697 2963 766 quod
3005 709 3182 756 autem
3211 717 3316 757 non
3361 704 3406 758 si
3432 706 3597 762 velint
3639 711 3758 779 qui-

2169 777 2314 846 dem,
2343 781 2570 850 possint,
2597 793 2652 840 et
2681 784 2784 841 hoc
2811 787 3054 845 similiter
3079 793 3418 850 manifestum
3456 806 3558 852 est.
3587 777 3758 855 Nullae

2167 873 2308 928 enim
2340 886 2463 930 sunt
2505 891 2680 933 causa:
2709 887 2800 934 aut
2823 883 3152 952 occasiones,
3181 882 3372 956 quibus
3411 904 3535 945 eum
3565 890 3756 961 aliquis

2166 964 2417 1020 cohibere
2443 968 2646 1037 possit;
2681 970 2774 1026 sed
2799 980 2858 1026 ut
2880 973 3055 1044 aquila
3081 972 3309 1032 sublime
3337 981 3540 1049 volans,
3575 996 3756 1051 passe—

2163 1067 2287 1108 rum
2317 1054 2522 1126 laqueis
2560 1074 2669 1114 non
2710 1061 2936 1131 capitur,
2963 1060 3036 1119 ita
3079 1074 3132 1122 et
3161 1065 3266 1122 hic.
3299 1067 3449 1125 Unde
3487 1071 3630 1126 enim
3658 1088 3755 1127 no-

2165 1161 2288 1202 cere
2313 1149 2362 1202 ei
2406 1150 2573 1218 possit
2600 1151 2838 1223 aliquis?
2863 1155 3108 1210 Pecuniae
3135 1173 3242 1212 non
3277 1159 3488 1226 adsunt,
3531 1169 3589 1216 ut
3616 1164 3755 1218 mul-

2165 1247 2306 1293 ctam
2353 1241 2708 1298 comminetur
2744 1261 2758 1298 :
2791 1245 3014 1316 patriam
3056 1263 3164 1304 non
3204 1248 3388 1318 habet,
3419 1263 3480 1308 ut
3505 1255 3746 1309 exsilium

2164 1329 2396 1398 inferat;
2425 1333 2648 1404 gloriam
2691 1351 2800 1392 non
2829 1341 3176 1410 concupiscit,
3210 1351 3266 1396 ut
3296 1342 3526 1399 dedecus
3557 1345 3750 1400 inurat.

2163 1421 2336 1479 Unum
2368 1427 2630 1497 reliquum
2659 1439 2762 1495 est,
2795 1443 2942 1486 mors
2983 1433 3188 1488 scilicet
3217 1453 3231 1489 :
3259 1435 3354 1490 sed
3385 1435 3486 1491 hac
3526 1438 3753 1493 maxime

2163 1514 2214 1569 in
2245 1525 2392 1585 parte
2420 1533 2539 1573 eum
2579 1519 2816 1592 afﬂigere
2858 1539 2962 1578 non
3009 1527 3224 1595 poterit,
3271 1527 3380 1582 imo
3401 1527 3606 1596 juvabit
3633 1545 3750 1584 ma-

2160 1605 2322 1661 xime.
2355 1609 2592 1682 Namque
2616 1627 2738 1668 eum
2763 1613 2830 1668 ad
2870 1615 3026 1670 aliam
3055 1619 3365 1672 transmittit
3390 1619 3571 1684 vitam,
3598 1621 3665 1676 ab
3693 1635 3751 1676 se
3837 1627 3840 1630 ’

2158 1697 2542 1770 desideratam,
2573 1704 2722 1774 cujus
2760 1721 2918 1760 causa
2950 1709 3080 1762 nihil
3113 1724 3216 1764 non
3249 1710 3356 1780 agit
3397 1721 3450 1766 et
3479 1723 3746 1782 operatur.

2159 1787 2341 1860 Itaque
2387 1793 2477 1846 illa
2523 1794 2763 1862 laborum
2808 1798 2910 1852 sibi
2957 1797 3079 1854 ﬁnis
3121 1801 3240 1866 erit,
3287 1817 3392 1857 non
3439 1816 3624 1871 pinna,
3655 1805 3749 1858 sed

2159 1884 2412 1940 sudorum
2441 1887 2637 1942 solutio
2679 1898 2732 1944 et
2761 1892 2995 1960 requies.
3039 1892 3203 1947 Visne
3230 1893 3392 1947 alium
3421 1895 3538 1964 ejus
3567 1905 3750 1964 poten-

2157 1975 2244 2029 tizc
2275 1977 2490 2032 modum
2533 1980 2794 2044 ediscere,
2827 1983 2878 2035 in
2927 1982 3260 2052 philosophia
3308 1985 3465 2056 longe
3496 1997 3752 2056 praestan-

2157 2065 2392 2122 tiorem?
2427 2069 2646 2126 Etiamsi
2676 2073 2795 2140 quis
2823 2089 2946 2128 eum
2979 2075 3274 2132 innumeris
3303 2075 3540 2133 affecerit
3571 2081 3745 2142 malis.

2155 2158 2365 2213 etiamsi
2403 2161 2716 2217 verberibus
2747 2163 3044 2230 lauiaverit,
3088 2165 3140 2220 in
3170 2167 3382 2222 vincula
3421 2169 3745 2238 conjecerit,

2155 2265 2351 2322 corpus
2393 2267 2491 2323 pro
2517 2263 2706 2308 natura
2732 2271 2826 2310 sua
2853 2255 3082 2323 lmditut‘,
3115 2257 3326 2314 animus
3356 2275 3484 2316 vero
3510 2260 3748 2330 philoso-

2155 2341 2292 2410 phiae
2322 2343 2586 2410 addictus,
2619 2344 2818 2400 illzesus
2847 2357 3028 2400 manet
3056 2365 3070 2401 :
3101 2363 3276 2418 neque
3299 2350 3442 2404 enim
3473 2349 3745 2405 iracundia

2153 2433 2378 2502 capitur,
2415 2450 2520 2488 non
2547 2435 2670 2489 odio
2697 2437 3003 2506 corripitur,
3039 2455 3144 2492 non
3173 2439 3478 2496 inimicitias
3501 2452 3744 2497 exercet.

2151 2521 2394 2577 Nondum
2438 2525 2508 2578 ita
2555 2539 2802 2596 magnum
2834 2527 2936 2582 hoc
2967 2535 3067 2593 est,
3101 2528 3194 2583 sed
3226 2529 3380 2600 longe
3407 2531 3702 2588 mirabilius
3725 2573 3742 2598 ,

2151 2613 2290 2681 quod
2321 2625 2435 2674 eos,
2464 2615 2554 2684 qui
2597 2630 2656 2669 se
2688 2616 2759 2670 ita
2786 2625 3001 2682 vexant,
3031 2617 3111 2674 sic
3140 2617 3330 2689 diligit,
3366 2630 3423 2674 ut
3447 2621 3741 2688 beneﬁcos,

2150 2715 2206 2758 ut
2236 2714 2508 2774 patronos,
2541 2707 2787 2778 bonaque
2827 2709 2932 2764 illis
2974 2718 3164 2764 cuncta
3211 2720 3547 2780 apprecatur.
3589 2713 3662 2768 At
3689 2723 3744 2768 tu

2149 2797 2277 2865 quid
2307 2798 2356 2852 ei
2385 2811 2635 2867 umquam
2667 2800 2771 2854 tale
2800 2808 3054 2870 praestare
3073 2801 3360 2872 potuisses,
3382 2803 3593 2858 etiamsi
3620 2805 3742 2858 mil-

2147 2887 2248 2944 lies
2273 2888 2447 2958 ipsum
2473 2889 2617 2946 orbis
2660 2899 2922 2946 terrarum
2952 2907 3133 2962 regem
3164 2894 3556 2960 constituisses,
3589 2907 3643 2950 et
3669 2896 3738 2950 ad

2147 2978 2334 3035 decem
2361 2994 2622 3035 annorum
2651 2981 2814 3036 millia
2839 2994 3060 3052 regnum
3091 2982 3189 3053 ipsi
3219 2985 3606 3055 prorogasses?
3635 3001 3736 3056 qua

2145 3085 2409 3140 purpura,
2441 3087 2548 3142 quo
2594 3072 2840 3142 imperio,
2873 3089 2977 3145 qua
3023 3073 3192 3144 gloria
3233 3091 3337 3131 non
3385 3077 3738 3146 praestabilius

2145 3176 2227 3218 e5t
2274 3162 2377 3217 hoc
2399 3163 2642 3218 bonum?
2669 3164 2794 3234 quid
2839 3179 2944 3219 non
2985 3165 3342 3236 impenderes,
3389 3178 3446 3223 ut
3473 3171 3736 3239 ejusmodi

2143 3255 2379 3310 animum
2409 3255 2719 3324 acciperes?
2743 3257 2990 3312 Arbitror
3031 3272 3130 3327 ego
3160 3259 3319 3313 etiam
3349 3273 3464 3326 eos,
3511 3261 3606 3331 qui
3625 3271 3737 3318 stu-

2143 3347 2344 3402 diosius
2366 3361 2592 3417 corpora
2610 3357 2818 3409 curant,
2839 3347 2976 3403 hanc
3001 3347 3161 3404 vitam
3185 3357 3571 3420 praeoptaturos
3591 3367 3730 3408 esse.

2142 3440 2306 3496 Visne
2333 3440 2544 3495 aliunde
2571 3456 2782 3512 quoque
2821 3441 3110 3511 potentiam
3137 3441 3238 3496 viri
3264 3452 3316 3498 et
3346 3443 3729 3500 mirabiliorem

2141 3541 2194 3588 et
2219 3531 2590 3603 jucundiorem
2635 3533 2837 3600 videre,
2890 3547 2956 3588 ex
3003 3542 3155 3602 parte
3192 3535 3407 3605 quidem
3455 3537 3729 3594 humiliori

2140 3627 2382 3695 petitam,
2414 3625 2510 3680 tibi
2551 3635 2725 3681 tamen
2762 3640 2971 3682 summe
2995 3629 3240 3698 gratam?
3268 3629 3340 3684 Ea
3369 3631 3581 3700 quidem
3612 3647 3732 3702 quae

2139 3717 2278 3772 dicta
2320 3723 2463 3784 sunt,
2495 3732 2616 3772 eum
2661 3731 2758 3771 nec
2797 3718 2914 3788 capi
2942 3732 3042 3774 nec
3081 3719 3265 3774 violari
3299 3735 3454 3790 posse
3479 3737 3732 3794 compro-

2137 3809 2288 3865 bant.
2334 3809 2487 3878 Quod
2526 3816 2702 3864 autcm
2737 3809 2872 3866 alios
2900 3811 3271 3866 moderaturus
3298 3813 3387 3876 sit,
3419 3827 3620 3885 eosque
3650 3824 3734 3870 tu-

2139 3901 2373 3956 tissimos
2388 3901 2795 3968 constituturus,
2813 3901 2864 3957 id
2881 3903 3105 3960 fortasse
3123 3904 3316 3975 qumris
3333 3903 3595 3962 ediscere.
3618 3909 3730 3964 Hoc

2137 4010 2299 4066 porro
2345 4003 2428 4050 est
2473 3995 2706 4064 primum
2752 3997 3146 4066 magisterium,
3199 4007 3257 4052 ut
3296 3998 3429 4054 alios
3472 3999 3540 4056 ad
3585 4001 3725 4058 idem

2135 4087 2368 4143 studium
2395 4085 2642 4150 adducat,
2675 4096 2728 4142 et
2753 4088 2830 4142 sie
2857 4087 2980 4144 illos
3007 4088 3189 4144 ﬁrmos
3233 4088 3503 4162 fortesque
3531 4095 3730 4148 consti-

2135 4190 2287 4246 tuat;
2316 4183 2400 4235 sin
2425 4195 2554 4235 vero
2596 4180 2670 4234 illi
2699 4181 2886 4243 nolint,
2921 4189 3295 4251 terrenamque
3339 4184 3498 4238 vitam
3533 4188 3727 4240 sectari

2135 4271 2343 4337 malint,
2374 4269 2459 4323 hic
2487 4285 2698 4338 quoque
2723 4269 2926 4324 videbis
2951 4269 3155 4338 majore
3179 4279 3230 4325 te
3257 4273 3512 4339 opulento
3539 4285 3728 4342 poten—

2135 4363 2204 4418 tia
2238 4361 2515 4432 pratditum
2546 4375 2690 4426 eum,
2736 4359 2824 4429 qui
2867 4359 3000 4414 nihil
3031 4359 3208 4423 habet,
3257 4372 3418 4430 atque
3459 4363 3577 4419 ideo
3609 4381 3725 4418 ma-

2134 4455 2276 4510 xime
2301 4453 2444 4524 quod
2473 4451 2604 4508 nihil
2633 4452 2844 4508 habeat.
2876 4452 3008 4520 Quis
3033 4451 3176 4508 enim
3205 4453 3409 4522 majore
3437 4469 3560 4510 cum
3589 4455 3728 4510 ﬁdu-

2133 4549 2214 4604 cia
2253 4557 2309 4602 et
2349 4556 2610 4618 potestate
2648 4546 3034 4615 imperatorem
3062 4545 3360 4616 alloquetur
3403 4555 3458 4602 et
3485 4549 3727 4617 increpa-

2133 4641 2242 4698 bit?
2267 4651 2390 4696 tune
2407 4639 2497 4711 qui
2522 4647 2660 4694 tanta
2686 4637 2950 4709 possides,
2969 4646 3023 4692 et
3047 4647 3328 4708 propterea
3352 4638 3491 4694 illius
3511 4653 3724 4710 quoque

2133 4733 2302 4788 servis
2349 4731 2611 4788 obnoxius
2639 4744 2718 4797 es,
2769 4743 2974 4800 proque
3013 4729 3262 4785 omnibus
3310 4732 3516 4794 tremis,
3562 4741 3725 4786 ausas

2131 4838 2260 4879 vero
2291 4823 2365 4878 illi
2397 4823 2702 4876 innumeras
2737 4820 2967 4890 praebes,
2997 4819 3044 4874 si
3075 4819 3243 4876 iratus
3270 4829 3320 4876 te
3345 4820 3545 4877 laedere
3573 4821 3719 4887 velit;

2131 4930 2199 4969 an
2249 4913 2338 4970 hic
2372 4913 2464 4984 qui
2511 4913 2654 4966 illius
2700 4909 2946 4966 manibus
2987 4910 3233 4980 superior
3272 4912 3396 4966 est?
3430 4911 3541 4966 lloe
3575 4913 3719 4965 enim

2132 5007 2364 5063 maxime
2383 5019 2552 5076 genus
2572 5003 2847 5058 hominum
2867 5018 3077 5059 summa
3097 5018 3219 5059 cum
3244 5003 3490 5058 libertate
3505 5003 3720 5074 regibus

2131 5096 2420 5168 colloquuti
2451 5102 2590 5162 sunt,
2623 5101 2886 5165 quotquot
2909 5093 3160 5150 videlicet
3181 5107 3213 5149 a
3240 5092 3588 5148 saecularibus
3624 5107 3710 5150 ne-

2133 5189 2290 5263 gotiis
2328 5203 2388 5244 se
2429 5192 2852 5257 sequestrarunt.
2897 5185 2995 5242 Cui
3037 5199 3168 5241 vero
3211 5182 3420 5239 facilius
3467 5183 3623 5240 cedet
3664 5189 3711 5242 el

2133 5277 2544 5350 obtemperabit,
2589 5277 2678 5348 qui
2705 5285 2786 5332 est
2814 5275 2868 5332 in
2895 5285 3160 5346 potestate
3189 5275 3531 5342 constitutus,
3561 5283 3618 5332 et
3663 5275 3712 5330 in

2133 5373 2278 5444 regia
2306 5369 2593 5426 versatur?
2621 5368 2784 5424 tibine
2829 5369 2923 5438 qui
2953 5367 3103 5424 dives
3143 5381 3224 5433 es,
3252 5379 3410 5434 quem
3436 5364 3526 5420 ille
3553 5379 3714 5434 pecn-

2134 5466 2342 5522 niarum
2371 5477 2531 5518 causa
2560 5461 2750 5517 crebro
2795 5459 3018 5530 plurima
3064 5457 3240 5512 facere
3283 5456 3618 5526 suspicatur;
3651 5473 3718 5513 an

2133 5555 2184 5612 ei
2207 5555 2298 5626 qui
2335 5569 2494 5608 unam
2524 5548 2684 5608 habet
2707 5550 3006 5621 jussionum
3035 5561 3274 5613 causam,
3304 5557 3497 5618 nempe
3526 5547 3717 5604 hama-

2135 5647 2356 5703 nitatem
2385 5660 2510 5716 erga
2547 5643 2718 5698 alios?
2753 5641 2922 5709 Quem
2953 5637 3257 5702 honorabit,
3288 5652 3446 5708 quem
3490 5637 3722 5693 admira-

2134 5739 2321 5796 bitur?
2351 5753 2542 5794 eumne
2569 5735 2637 5791 de
2657 5751 2761 5806 quo
2788 5731 2920 5788 nihil
2946 5731 3212 5802 abjectum
3237 5730 3498 5802 suspicari
3521 5738 3716 5800 potest,

2147 5849 2213 5890 an
2240 5847 2360 5890 eum
2389 5841 2545 5902 quem
2566 5831 2734 5886 servis
2758 5837 2968 5896 quoque
2995 5823 3104 5882 suis
3134 5823 3368 5880 viliorem
3402 5817 3715 5880 arbitratur?
