4032 6406
399 301 506 356 343

398 417 544 467 Sicut
592 413 733 467 enim
777 411 988 483 quoties
1031 409 1229 480 aliquid
1281 411 1520 482 pecunia:
1572 411 1984 482 impendendum

399 512 498 570 est,
536 504 642 558 illis
684 503 856 573 potius
885 502 1278 571 obtemperant,
1325 503 1396 556 ita
1427 504 1586 556 etiam
1627 503 1837 572 quoties
1876 502 1992 572 jus-

401 595 564 648 serinl
587 594 744 648 alicui
767 592 1108 662 patrocinari.
1319 641 1359 679 ο

469 685 523 741 8.
543 685 642 750 Qui
665 693 860 739 terrena
881 683 1051 737 omnia
1071 683 1282 753 spernit,
1297 686 1519 751 lugentes
1536 683 1742 752 facilius
1757 681 1990 737 consola-

404 777 668 832 mr.-——Sin
685 786 861 832 autem
875 775 1264 840 volueris,nibil
1283 777 1371 831 ille
1386 791 1478 847 per
1488 777 1620 830 alios
1631 773 1988 845 perficiat,sed

392 882 500 938 per
532 867 764 938 seipsum
787 869 998 933 omnia;
1021 881 1379 922 mrumnosum
1401 867 1628 936 aliquem
1660 875 1714 922 et
1741 866 1806 920 ad
1838 866 1988 920 illum

393 961 727 1016 adducamus
749 969 799 1016 te
819 960 885 1014 ad
903 967 975 1024 te,
1002 960 1108 1014 imo
1131 960 1306 1030 potius
1327 974 1432 1014 non
1455 959 1519 1014 ad
1540 969 1609 1024 te,
1624 959 1718 1014 sed
1731 958 1796 1014 ad
1815 959 1987 1028 ipsum

407 1053 787 1122 Imperatorem
814 1071 826 1105 :
852 1060 962 1107 tum
979 1052 1254 1107 videamus
1280 1061 1398 1107 uter
1426 1051 1498 1105 illi
1521 1052 1689 1122 magis
1709 1050 1990 1121 providere

397 1144 589 1213 possit.
602 1145 1052 1214 Primusqueante
1067 1145 1199 1199 alios
1219 1143 1627 1214 adducatur,qui
1642 1143 1986 1199 acerbissima

394 1237 632 1291 omnium
653 1252 937 1306 perpessus
958 1237 1045 1291 sit.
1068 1237 1148 1292 Sit
1168 1235 1313 1292 verbi
1347 1237 1515 1307 gratia
1532 1236 1796 1306 quispiam
1820 1235 1985 1290 ﬁlium

393 1331 596 1386 habens
635 1331 884 1396 unicum,
933 1345 1090 1398 quem
1132 1329 1186 1383 in
1225 1329 1340 1399 ipso
1381 1329 1552 1383 aetatis
1590 1328 1982 1383 ﬂore-amittat.

394 1421 546 1476 llune
586 1437 758 1490 neque
792 1421 1073 1491 princeps,
1101 1435 1273 1489 neque
1299 1435 1415 1485 rex,
1453 1435 1625 1489 neque
1659 1418 1798 1473 alius
1841 1418 1984 1488 quis-

391 1512 530 1580 piam
561 1512 823 1566 consolari
865 1510 1076 1582 poterit,
1101 1511 1295 1565 nedum
1319 1519 1374 1564 tu
1402 1511 1566 1564 :nihil
1597 1511 1744 1564 enim
1760 1509 1863 1565 tale
1886 1511 1984 1578 ipsi

390 1603 561 1665 dabis,
601 1603 758 1672 quale
806 1602 1002 1656 amisit.
1048 1603 1113 1655 At
1137 1601 1182 1656 si
1209 1601 1274 1655 ad
1301 1600 1466 1654 filium
1499 1609 1646 1654 tuum
1673 1599 1979 1664 adduxeris,

391 1697 561 1764 primo
589 1697 759 1766 ipsum
792 1711 854 1749 ex
882 1704 1119 1764 aspectu,
1149 1710 1213 1748 ex
1244 1694 1444 1759 habitu,
1477 1709 1539 1748 ex
1573 1692 1843 1748 domicilio
1870 1700 1982 1747 sta-

378 1789 481 1840 .titn
511 1788 696 1858 eriget,
729 1787 935 1856 ipsique
976 1784 1313 1855 persuadebit
1344 1799 1440 1855 pro
1465 1783 1632 1837 nihilo
1667 1783 1865 1838 habere
1895 1797 1982 1838 res

390 1879 678 1943 humanas,
705 1887 838 1932 .tum
885 1878 1128 1933 oratione
1172 1891 1385 1930 omnem
1426 1875 1674 1930 maeroris
1726 1873 1978 1928 nebulam

388 1974 542 2028 facile
581 1971 801 2042 fugabit.
833 1971 945 2025 Tua
965 1985 1099 2024 .vcro
1123 1985 1193 2024 ex
1225 1969 1387 2024 domo
1408 1967 1610 2022 luctum
1646 1965 1979 2022 acerbiorum

388 2063 475 2117 ille
527 2061 742 2116 referet.
785 2060 922 2115 Cum
965 2061 1107 2114 enim
1160 2059 1374 2113 viderit.
1403 2073 1520 2112 eam
1550 2057 1704 2111 malis
1732 2055 1980 2112 omnibus

386 2165 682 2224 expertem,
699 2153 863 2207 multa
893 2151 1142 2207 felicitate
1175 2151 1446 2218 refertam,
1467 2149 1665 2205 herede
1688 2157 1975 2220 praesente,

377 2246 574 2316 majori
629 2245 773 2300 luctu
815 2243 1082 2299 :estuabit.
1135 2241 1507 2297 Contravero
1562 2240 1686 2296 inde
1747 2239 1979 2311 quietior

385 2337 572 2392 evadet
597 2335 1052 2406 philosophimque
1077 2333 1422 2404 propinquior
1443 2351 1453 2386 :
1474 2347 1596 2388 eum
1619 2331 1809 2388 viderit
1831 2331 1975 2387 enim

385 2430 549 2484 filium
583 2438 731 2484 tuum
769 2435 942 2482 tantas
988 2441 1117 2497 opes
1158 2425 1453 2494 despicere,
1509 2434 1707 2479 tantam
1752 2423 1974 2494 gloriam

384 2530 693 2586 tantumque
717 2517 1081 2588 splendorem,
1109 2516 1284 2570 minus
1319 2515 1525 2570 dolebit
1549 2515 1617 2570 de
1643 2521 1816 2570 morte
1857 2513 1970 2569 ﬁlii.

382 2611 482 2678 Qui
513 2611 655 2666 enim
683 2609 1001 2664 discruciari
1049 2607 1267 2678 poterit,
1297 2607 1437 2678 quod
1461 2605 1724 2660 bonorum
1774 2603 1974 2659 herede

381 2715 579 2770 careat,
608 2718 730 2757 cum
776 2701 1166 2756 videritalium
1214 2699 1328 2753 haec
1368 2698 1546 2752 omnia
1592 2695 1974 2752 contemnere?

383 2795 610 2849 Facilius
637 2795 762 2848 item
781 2791 1128 2863 philosophia:
1148 2790 1310 2844 verba
1327 2789 1605 2844 facientem
1624 2788 1806 2843 audiet
1826 2803 1970 2855 eum,

385 2886 472 2954 qui
518 2883 769 2954 operibus
817 2881 1053 2937 sermoni
1105 2879 1262 2934 fidem
1305 2878 1449 2934 facit.
1499 2877 1580 2933 Tu
1626 2894 1755 2934 vero
1791 2879 1835 2932 si
1889 2879 1972 2934 vel

382 2977 589 3030 hiscere
617 2989 778 3028 ausus
807 2972 988 3036 fueris,
1019 2986 1140 3026 eum
1193 2985 1424 3026 merere
1469 2969 1668 3040 ingenti
1714 2967 1969 3039 replebis,

379 3077 564 3135 utpote
585 3065 676 3136 qui
701 3064 888 3118 alienis
911 3064 962 3117 in
991 3062 1142 3117 malis
1165 3060 1575 3131 pbiIOSOpheris.
1599 3059 1793 3126 Atille,
1809 3059 1972 3115 rebus

377 3161 505 3229 ipsis
532 3175 652 3212 eum
689 3158 962 3223 erudiens,
994 3155 1142 3209 nullo
1186 3154 1401 3224 negotio
1441 3151 1804 3223 persuadebit,
1835 3151 1970 3207 nihil

375 3249 557 3316 aliud,
605 3265 762 3320 quam
813 3262 1060 3304 Somnum
1113 3260 1232 3300 esse
1279 3253 1504 3298 mortem
1547 3261 1559 3297 :
1609 3242 1967 3313 nequeenim

370 3345 636 3410 plurimos
679 3339 1018 3397 enumerabit
1064 3348 1246 3407 patres
1297 3335 1482 3392 eadem
1534 3349 1848 3405 perpessos,
1875 3334 1967 3389 sed

371 3435 608 3503 scipsum
636 3431 886 3487 ostendet
912 3428 1150 3500 quotidie
1181 3428 1233 3482 in
1264 3441 1492 3496 corpore
1521 3425 1588 3479 de
1631 3433 1804 3480 morte
1851 3440 1968 3480 mc-

365 3527 653 3590 ditantem,
683 3534 739 3579 et
763 3523 829 3577 ad
859 3521 1046 3576 eadem
1075 3535 1288 3590 semper
1316 3527 1556 3589 paratum
1593 3534 1606 3570 :
1638 3528 1801 3588 atque
1841 3517 1968 3572 hinc

365 3615 783 3672 resurrectionis
808 3613 1106 3668 doctrinam
1133 3609 1548 3682 probabiliorem
1592 3609 1830 3665 efﬁciens
1851 3651 1866 3675 ,
1896 3612 1965 3664 ita

370 3710 437 3763 ab
463 3724 520 3764 se
547 3707 800 3772 dimittet,
827 3706 1055 3759 maxima
1087 3703 1336 3759 maeroris
1375 3711 1527 3773 parte
1571 3711 1918 3756 exoneratum
1947 3716 1966 3755 :

369 3801 644 3869 multoque
685 3798 917 3867 amplius
962 3795 1219 3850 valebunt
1259 3795 1375 3864 ejus
1424 3792 1587 3850 verba
1629 3793 1792 3850 rebus
1835 3793 1964 3864 ipsis

364 3899 596 3955 asserta,
624 3890 690 3944 ad
719 3887 1001 3943 levandum
1028 3885 1194 3941 animi
1221 3885 1657 3955 dolorem,quam
1686 3885 1961 3939 combibo-

362 3991 580 4038 numet
626 3981 999 4052 parasitorum.
1047 3979 1115 4034 Et
1154 3978 1298 4033 hunc
1337 3977 1553 4048 quidem
1595 3979 1666 4032 ita
1696 3977 1958 4032 sanabit'.

365 4078 902 4134 Adducaturautem
935 4073 997 4129 ad
1039 4089 1162 4129 eum
1210 4081 1266 4128 et
1303 4072 1460 4136 alius,
1484 4071 1530 4125 si
1572 4071 1828 4137 volueris,
1870 4071 1961 4142 qui

361 4170 474 4241 jugi
503 4186 568 4226 cx
599 4169 786 4223 morbo
813 4167 1018 4221 oculos
1067 4163 1308 4220 amiserit
1337 4181 1350 4218 :
1387 4161 1514 4233 quid
1545 4161 1620 4216 illi
1667 4161 1960 4231 adjumenti

363 4263 558 4320 afferre
585 4261 820 4333 poteris?
860 4261 1049 4316 Verum
1077 4259 1168 4314 ille
1196 4257 1488 4313 ostendens
1510 4271 1615 4310 non
1645 4269 1807 4326 grave
1827 4253 1961 4309 illud

365 4372 503 4419 esse,
533 4357 585 4410 in
615 4355 884 4410 domicilio
910 4367 1074 4423 parvo
1114 4351 1372 4412 inclusus,
1405 4358 1460 4404 et
1481 4349 1552 4404 ad
1595 4349 1958 4404 aliam'lucem

365 4464 682 4519 properans,
731 4456 1188 4517 prmseutemque,
1237 4444 1280 4498 si
1305 4444 1377 4498 illi
1421 4451 1956 4512 comparetur,,non

363 4541 540 4612 magni
570 4539 824 4594 momenti
851 4551 972 4593 esse
997 4536 1220 4598 ducens,
1249 4532 1460 4589 crudiet
1481 4549 1603 4588 eum
1628 4532 1695 4587 ad
1733 4535 1956 4588 calami-

361 4643 528 4688 tatcm
557 4631 764 4686 fortiter
819 4627 1113 4683 ferendam.
1143 4627 1225 4680 An
1272 4636 1326 4680 ιιι
1375 4625 1629 4679 damnum
1671 4640 1956 4694 perpessos

361 4725 431 4780 ad
482 4717 965 4795 philosophandum
1017 4716 1282 4772 induces?
1309 4715 1620 4772 Nullatcnus
1655 4734 1667 4768 :
1696 4715 1823 4786 quin
1856 4732 1956 4785 po-

366 4819 470 4872 tius
499 4817 578 4871 eis
602 4815 860 4868 molestus
887 4812 994 4868 eris
1026 4828 1040 4863 :
1073 4825 1302 4881 namque
1333 4808 1502 4863 tristia
1531 4819 1712 4864 nostra
1741 4810 1790 4863 in
1833 4825 1957 4878 pro-

361 4913 628 4966 ximorum
677 4891 927 4962 secundis
981 4903 1142 4957 rebus
1171 4901 1480 4972 diligentius
1525 4901 1956 4956 animadvertere

361 5001 620 5058 colemus.
667 4999 815 5053 Tuus
852 5004 1031 5050 autem
1078 4993 1216 5047 filius
1254 4993 1354 5046 hos
1393 5007 1602 5062 quoque
1633 4991 1839 5047 facilius
1866 5008 1952 5047 rc-

361 5094 588 5149 creabit.
634 5091 837 5147 Omitto
884 5102 1102 5156 precum
1148 5100 1342 5152 opem,
1392 5085 1549 5153 longe
1595 5085 1678 5139 his
1707 5085 1956 5139 omnibus

356 5188 645 5255 majorem,
698 5181 926 5250 ideoque
971 5176 1183 5234 omitto,
1225 5174 1368 5246 quod
1417 5183 1588 5229 tecum
1642 5175 1771 5230 mihi
1813 5190 1953 5230 nunc

364 5292 544 5332 sermo
570 5276 658 5330 sit.
692 5272 844 5340 Quod
876 5270 918 5326 si
949 5279 998 5323 te
1031 5278 1249 5338 propter
1290 5265 1453 5321 (ilium
1475 5267 1740 5322 honorari
1780 5268 1952 5336 cupis,

364 5382 462 5422 nec
491 5382 606 5420 esse
628 5361 955 5432 contemptui
981 5361 1001 5429 ί
1011 5357 1299 5415 verisimile
1324 5367 1404 5410 est
1429 5357 1569 5411 enim
1598 5367 1648 5412 te
1666 5358 1714 5411 id
1738 5357 1952 5413 deside-

363 5455 529 5525 rare),
562 5456 743 5512 nescio
773 5460 1062 5524 quopacto
1092 5448 1142 5504 id
1188 5447 1403 5502 uberius
1448 5448 1704 5518 consequi
1755 5449 1949 5518 possis,

353 5561 520 5615 quam
550 5561 670 5599 eum
700 5545 866 5597 ﬁlium
898 5543 1113 5603 habeas,
1151 5540 1240 5609 qui
1291 5546 1536 5592 naturam
1587 5538 1811 5593 excedat
1855 5541 1952 5596 hu-

359 5634 822 5702 manam,-quique
873 5635 925 5686 in
977 5642 1088 5685 toto
1136 5637 1399 5684 terrarum
1440 5629 1574 5682 orbe
1623 5629 1952 5687 clarissimus

422 5750 442 5782 ³
477 5755 581 5798 Duo
602 5753 730 5803 “$8.,
755 5740 1096 5806 huneqta'dem
1117 5737 1297 5804 pariter
1318 5733 1404 5789 ille
1432 5733 1667 5792 sanabit.

1115 295 1488 352 S.-JOANNIS
1529 293 2005 357 CllRYSOSTOMl
2034 297 2369 356 ARCHIEP.
2413 297 2947 359 CONSTANTINOP.

3579 313 3677 372 3H

2103 412 2392 481 habeatur,
2445 431 2510 472 ac
2555 430 2676 473 cum
2726 427 2872 474 tanto
2919 419 3204 490 splendore
3251 424 3449 481 nullum
3493 428 3676 487 habeat

2100 505 2392 563 inimicum.
2429 509 2558 564 Nam
2591 511 2677 565 illa
2701 521 2878 567 vestra
2919 515 3154 582 potentia
3201 517 3452 585 prteditus
3499 523 3673 579 multis

2100 598 2450 668 honorabilis,
2481 600 2724 670 plurimis
2749 604 2966 661 odiosus
3013 606 3200 663 fuisset
3235 627 3248 664 :
3279 618 3334 664 at
3366 611 3448 667 hic
3494 629 3678 673 omnes

2099 691 2188 760 qui
2207 692 2386 760 ipsum
2418 692 2687 750 honorant
2718 737 2732 761 ,
2762 697 2812 750 id
2838 713 2958 752 cum
2986 699 3252 770 voluptate
3293 701 3491 759 faciunt
3547 707 3677 765 Nam

2096 782 2141 836 si
2173 783 2413 838 nonnulli
2454 784 2648 841 infima:
2678 787 2837 841 sortis
2857 829 2871 854 ,
2901 802 2968 843 ex
3000 789 3192 846 vilibus
3238 793 3342 847 orti
3389 796 3600 852 rusticis
3625 811 3678 854 et

2095 873 2374 941 operariis,
2405 873 2542 930 hanc
2575 875 3244 949 ingrcssiphilosophiam,
3292 884 3426 940 adeo
3473 891 3677 946 eunetis

2094 965 2430 1022 venerabiles
2461 966 2631 1034 fuere,
2662 978 2720 1024 ut
2747 985 2908 1026 nemo
2947 987 3152 1038 eorum,
3203 975 3292 1044 qui
3338 979 3560 1033 summis
3596 980 3675 1036 di-

2092 1056 2382 1125 gnitatibus
2414 1058 3058 1130 fulgebant,erubescerct
3089 1066 3351 1134 proficisci
3382 1069 3446 1123 ad
3470 1071 3674 1128 Illorum

2094 1149 2379 1221 tugurium,
2413 1164 2476 1205 ac
2521 1151 2772 1222 colloquii
2819 1168 3005 1208 eorum
3055 1165 3109 1210 et
3159 1172 3360 1212 mensa:
3402 1173 3676 1220 consortes

2088 1253 2239 1301 esse;
2291 1240 2416 1309 quin
2463 1240 2532 1294 ita
2580 1241 2755 1297 ali'ecti
2801 1254 2976 1310 erant,
3024 1261 3086 1300 ac
3131 1248 3176 1300 si
3207 1247 3360 1304 bonis
3411 1254 3672 1320 maximis,

2089 1327 2233 1397 quod
2260 1345 2444 1385 verum
2471 1343 2606 1398 erat,
2636 1333 2786 1401 potiti
2829 1333 3054 1390 fuissent
3087 1352 3101 1392 :
3144 1338 3310 1393 multo
3340 1354 3469 1396 sane
3514 1345 3676 1413 magis

2091 1421 2141 1475 id
2176 1422 2391 1489 facient,
2423 1439 2545 1480 cum
2572 1425 2801 1481 viderint
2827 1427 3018 1482 illustri
3045 1444 3243 1498 genere
3270 1441 3466 1499 ortum,
3500 1435 3674 1504 splen-

2090 1513 2228 1570 didis
2253 1513 2612 1583 facultatibus,
2645 1526 2912 1589 tantmquc
2943 1521 3054 1589 spei
3080 1519 3357 1590 juvenem,
3389 1539 3448 1580 se
3473 1527 3538 1581 ad
3559 1543 3672 1583 eam

2088 1606 2337 1662 virtutem
2363 1608 2673 1664 contulisse.
2702 1609 2882 1680 Itaque
2897 1610 3037 1681 quod
3062 1619 3116 1666 tu
3135 1613 3469 1683 potissimum
3491 1635 3673 1689 quere-

2089 1697 2182 1762 ris,
2205 1712 2272 1753 ex
2300 1698 2382 1752 his
2402 1714 2522 1753 eum
2545 1699 2610 1754 ad
2630 1701 2714 1754 illa
2745 1703 3018 1766 transisse,
3053 1704 3152 1758 hoc
3177 1708 3418 1777 estquod
3451 1711 3673 1766 maxime

2089 1791 2235 1846 illum
2267 1793 2614 1861 spectabilem
2647 1792 2788 1858 facit,
2819 1809 3110 1866 omnesque
3134 1805 3191 1851 ut
3216 1798 3279 1852 ad
3313 1799 3458 1854 illum
3486 1803 3666 1857 oculos

2087 1893 2297 1939 vertant
2325 1884 2542 1952 indtteit,
2575 1900 2680 1940 non
2711 1887 2864 1956 quasi
2894 1887 2959 1942 ad
2986 1886 3276 1957 hominem,
3308 1891 3406 1946 sed
3437 1895 3581 1962 quasi
3608 1896 3671 1950 ad

2085 1977 2353 2048 angelum.
2387 1978 2568 2049 Neque
2606 1979 2748 2034 enim
2780 1995 2899 2050 quae
2944 1981 3010 2036 de
3053 1981 3175 2036 aliis
3221 1983 3433 2054 epinari
3480 1987 3667 2053 solent,

2084 2069 2153 2125 de
2180 2069 2288 2124 ﬁlio
2319 2073 2410 2126 ιιιό
2435 2072 2870 2140 suSpicabuntur,
2897 2073 3038 2143 quod
3078 2075 3283 2130 scilicet
3327 2076 3549 2132 honoris
3593 2082 3669 2136 vel

2085 2163 2426 2232 pecuniarum
2453 2163 2724 2232 cupidine,
2753 2163 2833 2219 vel
2865 2164 3085 2233 insignis
3113 2181 3178 2220 ex
3206 2165 3394 2222 humili
3435 2169 3543 2224 fieri
3576 2186 3667 2225 cu-

2083 2255 2252 2325 piens,
2287 2253 2423 2309 hanc
2451 2255 2669 2323 elegerit
2693 2255 2830 2309 viam
2863 2271 2878 2309 :
2906 2254 3020 2311 haec
3039 2257 3241 2328 quippe
3268 2258 3336 2314 de
3366 2261 3487 2316 aliis
3511 2261 3666 2328 dicta,

2081 2349 2179 2404 etsi
2227 2348 2357 2403 falsa
2390 2357 2443 2404 et
2489 2349 2666 2418 iniqua
2713 2348 2839 2412 sint,
2873 2349 2926 2403 in
2965 2359 3099 2404 nato
3146 2359 3235 2406 tuo
3263 2369 3345 2407 ne
3387 2355 3667 2424 suspicioni

2079 2441 2295 2512 quidem
2324 2442 2500 2496 locum
2527 2440 2658 2496 dare
2689 2450 2958 2511 poterunt.

2151 2532 2206 2587 9.
2248 2531 2522 2586 Christiani
2547 2541 2666 2586 tunc
2695 2533 2912 2600 maxime
2932 2534 3117 2604 ﬂorent
3145 2551 3265 2588 cum
3283 2551 3662 2609 appugnantttr.

2078 2652 2150 2662 —
2175 2621 2518 2694 NevePutcs
2549 2623 2664 2677 haec
2701 2623 2822 2678 ideo
2861 2624 3172 2695 contingere
3195 2665 3210 2691 ,
3258 2629 3406 2697 quod
3423 2628 3662 2700 'lmpera-

2081 2722 2225 2768 tores
2272 2713 2413 2782 piam
2455 2713 2766 2783 religionem
2813 2715 2992 2769 colant
3021 2732 3035 2769 :
3064 2716 3272 2771 etiamsi
3300 2720 3450 2773 enim
3502 2722 3663 2792 impe-

2079 2805 2218 2859 rium
2245 2803 2478 2870 decidat,
2499 2813 2552 2858 et
2584 2805 2908 2874 imperantes
2930 2805 2982 2860 in
3003 2807 3660 2878 infidelitatem'labantur,

2070 2904 2204 2951 tunc
2220 2895 2344 2950 .nati
2381 2896 2453 2950 tui
2482 2897 2705 2951 virtutes
2736 2897 3056 2953 illustriores
3086 2901 3332 2956 evadent.
3376 2903 3496 2959 Non
3525 2908 3660 2961 enint

2075 2977 2350 3058 gentilium
2391 3003 2542 3044 more
2579 3003 2666 3043 res
2714 2997 2913 3044 nostra:
2955 3005 3015 3046 se
3059 2990 3294 3059 habent,
3345 3011 3526 3067 neque
3564 2998 3696 3053 illte.

2078 3080 2451 3149 imperantium
2481 3079 2673 3149 placita
2713 3090 3052 3151 sequuntur;
3098 3098 3281 3139 verum
3320 3089 3546 3157 propria
3572 3105 3662 3144 sua

2074 3171 2269 3226 virtute
2297 3171 2594 3227 consistunt
2619 3213 2634 3239 ,
2664 3181 2895 3241 tuncque
2925 3175 3154 3231 maxime
3183 3177 3522 3247 splendent,
3544 3197 3659 3236 cum

2074 3263 2307 3318 maxime
2343 3274 2764 3334 oppugnantur:
2805 3265 3071 3335 siquidem
3119 3269 3275 3324 miles
3318 3273 3488 3328 etiam
3513 3275 3662 3343 pacis

2076 3367 2316 3428 tempore
2341 3366 2612 3426 spectatus
2648 3367 2731 3414 est
2750 3400 2763 3422 ,
2793 3367 2847 3414 at
2875 3360 3030 3431 longe
3055 3364 3345 3433 spectatior
3371 3366 3652 3439 ingruente

2075 3445 2237 3503 bello.
2312 3447 2495 3518 Itaque
2549 3448 2839 3516 gentilibus
2892 3450 3275 3522 imperantibus
3320 3457 3515 3527 majori
3562 3458 3660 3514 erit

2073 3538 2276 3596 honore
2305 3539 2502 3595 clarus.
2551 3540 2683 3595 Nam
2715 3543 2804 3611 qui
2833 3541 2998 3596 filium
3027 3551 3173 3598 tuum
3216 3561 3356 3601 nunc
3397 3565 3654 3605 veneran-

2074 3639 2176 3694 tur,
2209 3631 2376 3686 multo
2413 3631 2644 3701 amplius
2675 3631 2726 3687 id
2765 3631 2962 3689 facient
2989 3650 3108 3690 cum
3141 3637 3649 3707 praeliantem-vide-

2070 3723 2195 3788 rint,
2225 3721 2412 3790 majori
2441 3729 2679 3777 utentem
2723 3723 2912 3778 fiducia
2931 3766 2944 3789 ,
2977 3725 3343 3799 plurimasque
3373 3747 3492 3787 rem
3520 3749 3655 3803 prce-

2069 3814 2212 3868 clare
2239 3813 2454 3884 gerendi
2490 3814 3133 3873 oecaSiones‘habentem.
3166 3818 3337 3876 Visne
3365 3821 3655 3887 illaetiam,

2070 3921 2189 3976 quae
2211 3905 2276 3960 ad
2302 3913 2353 3960 te
2379 3914 2644 3975 spectant,
2678 3907 3045 3977 expendamus
3067 3952 3084 3976 ,
3124 3925 3191 3964 au
3220 3913 3436 3969 veroid
3467 3931 3651 3986 super-

2066 3997 2234 4054 ﬂuum
2276 3997 2558 4053 videatur?
2601 3997 2649 4052 is
2677 3999 2818 4052 enim
2847 4000 2934 4070 qui
2981 4003 3192 4058 ctetet‘is
3236 4003 3305 4057 ita
3345 4017 3654 4062 mansuetus

2065 4101 2122 4148 ct
2166 4091 2310 4146 mitis
2353 4099 2474 4155 est,
2523 4101 2581 4146 ut
2628 4092 2860 4162 querelae
2908 4108 3094 4148 ansam
3144 4097 3343 4152 nemini
3394 4101 3646 4169 praebeat,

2067 4183 2236 4238 multo
2264 4183 2432 4252 magis
2460 4190 2666 4252 patrem
2697 4198 2906 4237 summo
2948 4184 3165 4240 habebit
3193 4186 3244 4240 in
3275 4186 3503 4255 honore,
3534 4190 3649 4244 lon-

2056 4289 2237 4346 ,geque
2264 4275 2492 4345 amplius
2515 4274 2747 4340 fovebit,
2790 4291 2948 4345 quam
2993 4277 3038 4332 si
3087 4277 3138 4330 in
3184 4278 3428 4334 saeculari
3475 4281 3654 4336 fuisset

2065 4368 2397 4437 magistratu.
2448 4367 2578 4422 Nam
2623 4368 2666 4423 si
2714 4383 2962 4439 magnum
3004 4369 3282 4439 imperium
3314 4372 3648 4436 obtinuisset,

2055 4459 2325 4516 incertum
2351 4468 2433 4515 est
2465 4476 2530 4514 an
2561 4469 2762 4530 patrem
2805 4463 3128 4531 contemptui
3167 4461 3448 4520 habiturus
3471 4477 3603 4522 esset
3632 4485 3645 4519 :

2065 4566 2208 4605 nunc
2248 4567 2374 4607 vero
2423 4566 2540 4606 eam
2582 4552 2744 4621 elegit
2793 4553 2952 4606 vitam
2978 4595 2992 4619 ,
3037 4569 3139 4624 qua
3171 4553 3499 4624 lmperatore
3539 4559 3649 4627 ipsa

2064 4642 2295 4708 clarior,
2340 4643 2578 4696 omnium
2608 4643 2939 4698 humillimus
2969 4661 3092 4714 erga
3123 4653 3174 4700 te
3204 4647 3327 4701 erit.
3369 4645 3643 4719 Siquidem

2063 4733 2366 4802 hujusmodi
2409 4733 2549 4803 apud
2583 4747 2681 4787 nos
2708 4735 2912 4790 obtinet
2951 4737 3306 4808 phi1050phia,
3339 4748 3395 4794 ut
3417 4756 3499 4806 ea,
3530 4755 3644 4810 qua:

2062 4825 2334 4878 contraria
2363 4833 2659 4892 apparent,
2711 4841 2905 4896 nempe
2944 4829 3260 4884 modestiam
3288 4839 3342 4885 et
3369 4830 3641 4886 celsitudi—

2064 4931 2184 4970 nem
2211 4957 2226 4981 ,
2254 4915 2303 4969 in
2335 4931 2494 4970 unam
2521 4915 2752 4971 animam
2793 4928 2968 4987 cogat.
3015 4921 3075 4974 Et
3101 4920 3314 4991 quidem
3344 4923 3396 4978 in
3427 4923 3639 4987 szeeulo,

2063 5015 2250 5076 utpote
2297 5008 2644 5075 pecuniarum
2687 5010 2948 5078 cupidus,
2989 5021 3147 5066 tuum
3195 5013 3374 5069 forsan
3413 5022 3642 5083 Optasset

2063 5097 2264 5152 obitum
2292 5113 2306 5162 ;
2335 5114 2476 5152 nunc
2502 5110 2681 5154 autem
2715 5109 2772 5154 ut
2797 5117 2954 5170 quam
2984 5101 3293 5173 longissima
3327 5105 3418 5159 tibi
3453 5118 3640 5175 proro-

2059 5202 2214 5260 getur
2242 5191 2346 5244 vita
2379 5201 2647 5259 precatur,
2683 5201 2738 5246 ut
2765 5210 2829 5248 ex
2857 5193 2957 5248 hoc
2985 5196 3146 5250 etiam
3172 5199 3384 5253 coronis
3411 5196 3641 5252 clariori-

2061 5281 2162 5335 bus
2191 5281 2438 5335 donetur.
2472 5281 2587 5336 Non
2624 5284 2764 5338 enim
2795 5284 2985 5354 exigua
3028 5302 3236 5342 merces
3264 5288 3418 5344 nobis
3445 5302 3638 5357 propo-

2061 5374 2161 5426 sita
2193 5384 2308 5438 est,
2357 5375 2400 5428 si
2455 5383 2700 5442 parentes
2744 5375 3222 5442 honoraverimus;
3271 5380 3365 5434 sed
3400 5378 3640 5447 jubemnr

2060 5479 2155 5519 eos
2195 5480 2294 5535 pro
2339 5466 2573 5519 dominis
2613 5467 2810 5521 nostris
2859 5476 3150 5534 reputare,
3197 5471 3366 5526 verbo
3394 5478 3449 5526 et
3483 5482 3640 5538 opere

2060 5556 2259 5619 colere,
2293 5563 2418 5610 dum
2441 5566 2616 5612 tamen
2646 5557 2696 5610 in
2727 5558 2870 5611 nullo
2904 5559 3072 5628 pietas
3101 5569 3153 5614 et
3183 5560 3370 5632 religio
3401 5559 3630 5615 laedatur.

2059 5646 2196 5717 Quid
2223 5647 2365 5701 enim
2395 5649 2499 5702 tale
2519 5690 2533 5712 ,
2574 5659 2630 5703 ut
2659 5647 2852 5704 dicitur
2873 5693 2886 5714 ,
2937 5650 3066 5720 ipsis
3096 5651 3287 5706 reddes
3307 5693 3324 5715 ,
3367 5651 3521 5722 quale
3545 5647 3636 5716 ipsi

2064 5735 2198 5792 tibi?
2223 5736 2515 5797 Considera
2560 5740 2714 5811 igitur
2739 5781 2752 5808 ,
2799 5756 2920 5797 eum
2962 5741 3052 5814 qui
3082 5740 3133 5797 in
3159 5743 3366 5799 caneris
3391 5735 3638 5800 omnibus
