4032 6406
286 399 398 458 365

274 511 585 585 κιμώτερος
683 509 778 563 νῦν
812 508 906 561 καὶ⁵
933 504 1310 578 εὐπορώτερος
1338 503 1432 558 καὶ
1458 499 1827 575 δυνατώτερος
1859 501 1954 554 καί

273 605 745 678 ἐλευθεριώτερος,
778 602 870 658 καὶ
893 601 1096 673 μᾶλλόν
1127 617 1221 654 σου
1249 597 1484 670 δοῦλοςῆ
1515 597 1784 669 πρότερον
1811 595 1950 666 μετά

271 704 373 775 τῆς
405 701 674 772 τοσαύτης
705 697 1076 772 μεγαλονοίας,
1109 697 1255 760 τίνος
1282 695 1488 757 ἐνεκεν,
1520 691 1644 746 είπέ
1675 708 1788 764 μοι,
1817 690 1950 762 θρη-

207 799 214 806 ’
273 803 414 866 νεῖς;
445 803 528 854 ὅτι
557 799 681 854 καθ’
714 798 954 867 ἑκάστην
980 797 1042 849 οὐ
1072 795 1299 868 τρέμεις
1329 793 1428 866 τὴν
1452 792 1686 865 ἡμέραν,
1719 793 1792 863 μή
1819 807 1950 847 ποτε

272 902 332 954 ἐν
365 897 588 970 πολέμῳ
612 894 773 969 πέσῃ,
801 896 876 966 μή
913 911 1043 948 ποτε
1069 891 1420 966 προσκρούσῃ
1448 889 1677 962 βασιλεῖ,
1709 889 1782 960 μή
1819 902 1951 940 ποτε

275 997 548 1070 βασκανίᾳ
576 995 684 1049 τῶν
711 993 1228 1066 συστρατευομένων
1253 990 1394 1062 ἁλῷς
1427 988 1460 1060 ἢ
1486 987 1608 1060 οὐχὶ
1633 988 1728 1041 καὶ
1754 983 1950 1047 ταῦτα,

273 1094 369 1149 καὶ
395 1091 602 1151 τούτων
632 1090 854 1147 πλείονα
881 1088 1153 1143 δεδοίκασι
1181 1086 1290 1143 τῶν
1315 1082 1747 1156 εὐδοκιμούντων
1765 1083 1814 1136 οἱ
1846 1097 1951 1134 πα‹

271 1191 463 1262 τέρεςς
508 1185 625 1262 [τε]
660 1185 926 1258 Καθάπερ
969 1185 1080 1257 γάρ
1121 1187 1170 1238 οἱ
1207 1183 1421 1238 παιδίον
1451 1183 1540 1253 ἐφ’
1572 1179 1776 1254 ὑψηλοῦ
1807 1196 1953 1242 τινος

276 1289 578 1358 στήσαντες
617 1285 786 1342 τόπου
830 1281 1055 1354 τρέμειν
1097 1279 1497 1349 ἀναγκάζονται
1533 1278 1609 1351 μὴ
1645 1276 1953 1348 καταπέσῃ,

274 1383 421 1440 οὐτω
461 1383 559 1438 καὶ
599 1385 652 1436 of.
681 1381 818 1454 πρὸς
843 1378 1088 1450 μεγάλην
1117 1377 1290 1449 ἀρχὴν
1312 1376 1608 1444 ἀνάγοντες
1643 1375 1769 1437 τοὺς
1795 1375 1950 1436 υἱεῖς.

286 1481 428 1537 Ἀλλ’
450 1480 566 1552 ἔχει
591 1477 714 1533 τινά
743 1475 938 1549 ἡδονὴν
967 1476 1001 1547 ή
1037 1473 1203 1544 ζώνη,
1235 1473 1328 1526 καὶ
1351 1475 1385 1544 ἠ
1407 1473 1640 1543 χλαμὺς,
1677 1473 1772 1525 καὶ
1801 1473 1836 1542 ἡ
1857 1468 1954 1524 τοῦ

273 1582 518 1652 κήρυκος
543 1575 720 1648 φωνή.
763 1575 875 1628 Καὶ
904 1571 1065 1643 μέχρι
1109 1571 1292 1626 πόσων
1327 1568 1554 1640 ἡμερῶν
1591 1567 1786 1632 ταῦτα,
1833 1567 1956 1622 εἰπέ

278 1691 400 1747 μοις
432 1673 595 1744 μέχρι
615 1670 931 1741 τριάκοντα,
957 1667 1052 1722 καὶ
1073 1665 1286 1727 ἑκατὸν,
1313 1664 1408 1719 καὶ
1430 1664 1512 1728 δὶς
1533 1661 1818 1730 τοσοῦτον;
1844 1663 1959 1716 Καὶ

272 1772 328 1824 τί
351 1769 490 1842 μετά
516 1767 718 1832 ταῦτα;
751 1767 850 1836 οὐχ
873 1763 1064 1834 ὥσπερ
1095 1761 1258 1834 δναρ;
1278 1762 1377 1832 οὐχ
1411 1759 1602 1831 ὥσπερ
1634 1757 1832 1829 μῦθος;
1855 1757 1954 1827 οὐχ

273 1867 460 1940 ὥσπερ
492 1864 621 1920 σκιά
659 1864 836 1919 πάντα
862 1859 1078 1932 διῆλθεν
1111 1860 1330 1923 ἐκεῖνας
1379 1856 1496 1911 Νῦν
1527 1856 1584 1910 δὲ
1611 1854 1762 1926 αὐτῷ
1793 1854 1954 1927 μέχρι

272 1966 462 2028 τέλους
490 1963 562 2016 τά
595 1961 696 2031 τῆς
719 1959 909 2030 τιμῆς,
939 1957 1143 2028 μᾶλλον
1175 1955 1233 2010 δέ
1260 1954 1355 2009 καὶ
1389 1953 1532 2024 μετά
1549 1952 1646 2023 τὴν
1673 1951 1952 2024 τελευτὴν,

273 2063 372 2118 καὶ
407 2059 587 2130 πολλῷ
620 2057 782 2111 πλέον
807 2056 954 2120 τότε,
985 2054 1079 2108 καὶ
1109 2053 1313 2124 ταύτην
1337 2052 1500 2106 αὐτὸν
1522 2051 1698 2116 οὐδεὶς
1719 2051 1956 2122 ἀφαιρή-

276 2174 431 2212 σεται
453 2155 554 2224 τὴν
579 2150 774 2223 ἀρχὴν,
809 2149 906 2204 ἀτε
927 2150 1027 2220 οὐχ
1053 2148 1159 2203 ὑπὸ
1179 2149 1277 2202 ἀνθ
1287 2147 1504 2220 ρώπων,
1529 2147 1642 2202 ἀλλ’
1667 2148 1758 2202 ὑπ’
1785 2146 1956 2218 αὐτῆς

272 2250 724 2326 χειροτονηθέντα
768 2247 865 2319 τῆς
923 2246 1144 2318 ἀρετῆς.
1206 2243 1348 2298 Ἀλλ’
1399 2243 1624 2299 ἐϐούλου
1693 2243 1954 2313 πολυτελῆ

274 2352 549 2424 φοροῦντα
585 2347 798 2420 ἱμάτια,
848 2343 944 2398 καὶ
988 2345 1073 2413 ἐφ’
1108 2344 1278 2396 ἵππου
1325 2342 1626 2414 φερόμενον
1659 2343 1812 2415 ὀρᾷν,
1861 2342 1956 2395 καὶ

273 2449 482 2520 πλῆθος
502 2447 695 2518 ἔχοντα
717 2442 968 2508 οἰκετῶν,
981 2441 1077 2496 καὶ
1098 2441 1434 2512 παρασίτους
1453 2439 1722 2512 τρέφοντα
1745 2443 1838 2496 καὶ
1864 2441 1958 2495 κό-

274 2547 470 2610 λακας.
491 2545 650 2607 Τίνος
681 2542 866 2597 ἐνεκεν
892 2538 1068 2594 ταῦτα
1093 2538 1318 2610 ῆθελεςς
1353 2539 1450 2610 οὐχ
1469 2539 1663 2611 ἡδονὴν
1688 2538 1837 2610 αὐτῷ
1866 2537 1956 2593 διά

273 2645 482 2700 τούτων
503 2643 760 2698 ἀπάντων
788 2638 1249 2704 κατασκευάζωνς
1287 2641 1383 2692 Ἂν
1407 2634 1503 2692 οὐν
1523 2639 1764 2710 ἀκούσῃς
1791 2638 1954 2692 αὐτοῦ

273 2744 526 2812 λέγοντος
560 2741 714 2813 (ἡμῖν
744 2739 855 2811 γὰρ
893 2739 1024 2800 ἴσως
1064 2736 1126 2788 οὐ
1171 2736 1383 2807 πείσῃ),
1419 2737 1500 2789 ὅτι
1541 2735 1652 2788 τῶν
1685 2737 1743 2788 ἐν
1775 2739 1954 2807 τρυφῇ

276 2845 496 2912 ζώντων
533 2842 628 2898 καὶ
656 2839 935 2912 πορνείαις
974 2838 1070 2891 καὶ
1104 2839 1336 2908 μουσικῇ
1367 2839 1462 2888 καὶ
1501 2835 1822 2908 παρασίτοις
1861 2835 1956 2890 καὶ

274 2946 466 3012 κόλαξι
512 2943 608 2996 καὶ
641 2943 707 3012 τῇ
744 2939 878 3010 ἄλλῃ
913 2937 1160 3008 βλακείᾳ,
1191 2935 1434 3008 τοσούτῳ
1477 2936 1569 2990 τὸν
1603 2935 1716 3006 βίον
1745 2938 1955 3007 ἡγεῖται

273 3041 465 3096 τοῦτον
499 3037 656 3110 ἡδίω,
685 3036 762 3100 Co;
790 3034 1008 3088 ἑλέσθαι
1041 3031 1271 3104 μυρίους
1309 3032 1572 3096 θανάτους
1599 3031 1881 3098 πολλάκις,
1907 3037 1960 3088 εἰ

274 3155 360 3202 τις
393 3133 668 3190 κελεύοιτο
705 3130 910 3204 ταύτην
948 3129 1046 3203 τὴν
1090 3127 1285 3201 ἡδονὴν
1325 3129 1532 3199 ἀφέντα
1573 3129 1710 3200 πρδς
1742 3129 1958 3201 ἐκείνην

281 3230 659 3304 μεταταιδῆσαι
680 3269 694 3294 ,
730 3228 782 3282 τί
827 3228 962 3298 πρὸς
998 3225 1172 3281 ταῦτα
1208 3227 1384 3298 ἐρεϊς;
1427 3227 1542 3278 οὐκ
1581 3221 1729 3290 οἶδας
1761 3227 1891 3296 ὅσην
1927 3228 1956 3279 ό

277 3329 590 3403 ἀπράγμων
615 3327 726 3399 βίος
750 3326 863 3396 ἔχει
887 3325 984 3397 τὴν
1009 3325 1202 3396 ἡδονήν
1222 3340 1236 3389 ;
1262 3323 1406 3394 τάχα
1425 3322 1548 3376 οὐδὲ
1569 3323 1726 3386 ἀλλος
1746 3323 1958 3394 ἀνθρώ-

277 3443 398 3482 πων
425 3424 622 3487 οὐδεὶς,
659 3422 754 3477 ἀτε
795 3421 1024 3493 μηδέπω
1049 3418 1254 3490 ταύτης
1301 3417 1638 3488 γευσάμενος
1677 3417 1952 3490 καθαρῶς.

281 3525 450 3577 ’Ὅταν
487 3520 545 3573 δὲ
585 3508 681 3572 καὶ
716 3516 1038 3589 λαμπρότης
1076 3518 1274 3588 προσῇ,
1311 3515 1406 3570 καὶ
1432 3514 1500 3568 τά
1534 3515 1742 3586 ἄμικτα
1784 3515 1956 3568 ταῦτα

283 3617 448 3674 πάλιν
480 3612 812 3686 συνέρχηται
841 3621 882 3679 ⁸,
919 3612 1190 3684 ἀσφάλειά
1216 3629 1276 3665 τε
1321 3611 1418 3666 καὶ
1467 3609 1852 3680 εὐδοκίμησις,
1905 3609 1955 3662 τί

275 3714 483 3785 ταύτης
509 3711 714 3784 βέλτιον
741 3710 940 3782 γένοιτ’
968 3710 1036 3766 ἀν
1063 3711 1163 3781 τῆς
1187 3708 1364 3782 ξωῆς;
1400 3707 1563 3762 Ἀλλά
1583 3708 1636 3761 τί
1667 3725 1755 3778 μοι
1783 3705 1955 3760 ταῦτα

277 3806 522 3882 διαλέγῃ,
558 3807 712 3880 φησὶ,
735 3806 924 3880 πόρρω
948 3806 1267 3878 φιλοσοφίας
1291 3805 1516 3870 έστῶτι;
1546 3805 1612 3857 Τί
1637 3799 1729 3858 οὖν
1750 3803 1848 3858 καὶ
1864 3803 1956 3856 τὸν

278 3903 393 3956 υίὺν
429 3901 660 3967 κωλύεις
701 3902 953 3972 γενέσθαι
982 3900 1185 3974 ταύτης
1225 3901 1422 3972 ἐγγύς;
1464 3902 1626 3974 ἀρκεῖ
1662 3901 1823 3972 μέχρι
1860 3898 1954 3954 σοῦ

280 3999 562 4070 στῆναιτά
584 3999 684 4070 τῆς
713 3999 940 4070 ζημίας.
970 4001 1082 4072 Οὐχ
1111 4001 1220 4072 ἡγῇ
1256 3999 1522 4072 μεγίστην
1554 3994 1696 4054 εἶναι
1728 3996 1954 4068 ζημίαν,

277 4095 410 4148 ὅταν
440 4095 575 4168 πρὸς
603 4094 831 4168 έσχατον
859 4095 1040 4168 γῆρας
1067 4096 1380 4164 ἐλάσαντες,
1411 4095 1508 4150 ἀτε
1535 4094 1698 4165 μηδὲν
1727 4095 1820 4147 ἐπὶ
1858 4095 1956 4164 τῆς

279 4191 505 4265 πρώτης
541 4191 760 4263 ἡλικίας
793 4193 1223 4264 καρπωσάμενοι
1263 4191 1530 4264 χρηστὸν,
1566 4191 1956 4262 δυσχεραίνητε

279 4290 416 4362 πρὸς
444 4290 506 4344 τδ
534 4291 744 4362 γῆραςς
783 4291 896 4350 Καὶ
931 4290 1036 4364 μὴν
1063 4291 1153 4345 διὰ
1181 4290 1360 4357 τοῦτο,
1391 4290 1577 4361 φησὶν,
1601 4289 1734 4343 αὐτὸ
1765 4289 1959 4359 δυσχε-

283 4385 563 4456 ραίνομεν,
591 4387 674 4440 ὅτι
704 4387 916 4458 μεγάλα
933 4389 1082 4459 ἡμᾶς
1101 4386 1310 4460 ὤνησεν
1332 4390 1365 4459 ἡ
1391 4389 1602 4456 νεότης.
1631 4388 1765 4441 Ποῖα
1791 4387 1960 4458 μεγά-

279 4478 376 4545 λα;
399 4478 572 4543 δεῖξον
598 4479 790 4551 ἔχοντα
817 4481 910 4536 τδν
927 4482 1158 4552 γέροντα
1185 4483 1256 4536 τὰ
1289 4481 1501 4553 μεγάλα
1534 4484 1734 4535 ἐκεῖνα·
1767 4485 1816 4535 εί
1849 4481 1958 4552 γὰρ

281 4569 429 4644 εἶχεν
451 4573 610 4639 αὐτὰ,
647 4575 743 4628 καὶ
767 4577 1065 4646 μεμενήκει
1093 4574 1314 4646 διαρκῆ,
1337 4575 1438 4628 οὐκ
1465 4573 1530 4627 ἂν
1555 4573 1630 4636 ώς
1656 4573 1862 4644 ἕρημος
1885 4573 1958 4628 ὢν

285 4670 541 4724 ἁπάντων
565 4668 770 4722 τούτων
797 4668 970 4732 οὓτως
993 4668 1250 4741 ὠδύρετο·
1282 4671 1329 4722 εί
1356 4669 1413 4722 δὲ
1446 4667 1664 4740 ἀπέπτη
1693 4669 1787 4721 καὶ
1821 4669 1959 4738 ἐμα-

284 4762 478 4835 ράνθη,
506 4767 636 4816 ποῖα
668 4762 880 4836 μεγάλα
906 4763 974 4818 τά
999 4763 1143 4818 οὕτω
1171 4764 1381 4836 ταχέως
1410 4762 1778 4834 σϐεννύμενα;
1818 4763 1960 4817 Ἀλλ’

281 4861 381 4929 οὐχ
408 4861 437 4912 ὀ
468 4861 598 4924 παῖς
629 4857 788 4914 τοῦτο
817 4859 1061 4914 πείσεται
1095 4860 1122 4913 ὁ
1154 4860 1266 4924 οὺς,
1303 4861 1416 4915 ἀλλ’
1445 4859 1498 4913 εἴ
1522 4877 1654 4914 ποτε
1678 4861 1756 4923 είς
1782 4860 1960 4932 γῆρας

282 4954 428 5008 ἔλθοι
459 4955 698 5028 μακρὸν,
723 4957 826 5010 οὐκ
848 4957 970 5028 ἅψει
993 4956 1168 5010 ταῦτα
1191 4956 1672 5012 ἀποδυσπετοῦντα
1697 4956 1842 5030 ἅπερ
1867 4959 1961 5010 καὶ

283 5049 472 5118 ὑμεῖς,
496 5049 634 5112 ἀλλά
665 5052 927 5125 χαίροντα
962 5054 1058 5106 καὶ
1079 5052 1414 5124 γαννύμενον
1445 5055 1539 5108 καὶ
1571 5053 1956 5124 ἀγαλλόμενον·

281 5145 350 5198 τά
373 5145 482 5218 γάρ
511 5147 697 5217 ἀγαθά
720 5147 871 5220 αὐτῷ
894 5147 1018 5202 τότε
1043 5147 1280 5220 ἀκμάζει
1311 5149 1533 5219 μᾶλλον.
1566 5150 1626 5203 '0
1649 5149 1707 5202 δὲ
1735 5147 1960 5212 πλοῦτος

282 5246 313 5298 ὅ
349 5246 636 5321 ὑμέτερος,
677 5247 780 5304 κάν
814 5251 984 5323 μυρία
1034 5249 1217 5320 ἀγαθά
1243 5250 1580 5322 κεκτημένος
1625 5245 1683 5322 ᾖ,
1725 5250 1821 5303 ἐπὶ
1860 5249 1962 5320 τῆς

286 5340 510 5414 πρώτης
546 5345 688 5400 αὐτά
718 5347 1059 5402 συνέστειλεν
1093 5345 1332 5419 ἡλικίας·
1356 5340 1509 5410 οὗτος
1544 5346 1602 5400 δὲ
1627 5346 1727 5416 οὐχ
1763 5344 1959 5409 οὕτως,

285 5435 424 5488 ἀλλά
453 5437 604 5506 μένει
619 5441 713 5495 καὶ
736 5442 796 5496 ἐν
825 5443 972 5514 γήρᾳ
991 5443 1088 5497 καλ⁸
1108 5441 1252 5514 μετά
1274 5441 1376 5512 τὴν
1402 5439 1660 5509 τελευτὴν
1682 5439 1962 5508 συναπέρ-

286 5552 462 5604 χεται.
491 5537 593 5590 Διά
633 5540 806 5594 ταῦτα
833 5544 992 5612 ὑμεῖς
1023 5544 1122 5614 μὲν
1153 5542 1250 5614 τὴν
1279 5541 1468 5595 οὐσίαν
1501 5541 1628 5610 ὑμῖν
1655 5539 1959 5609 αὐξανομέ-

287 5647 384 5702 νην
413 5632 648 5703 όρῶντες
665 5637 728 5689 ἐν
747 5639 915 5710 γήρᾳ,
941 5640 1036 5693 καὶ
1059 5638 1261 5702 πολλὰς
1287 5638 1382 5691 καὶ
1401 5636 1560 5708 δόξης
1586 5636 1679 5688 καὶ
1701 5637 1911 5707 τρυφῆς
1931 5634 1958 5674 ¹³

350 5807 368 5879 ξ
396 5811 504 5879 ρυο
513 5823 643 5879 ξῐιςε.
665 5813 808 5860 πάλιν
826 5817 1168 5879 προσέρχηται.

348 5869 378 5908 ι’
408 5873 491 5938 Si};
511 5869 673 5938 Sa_vil._
704 5879 776 5938 el_
792 5869 1118 5938 οηίιιεείὶἱιεε.
1163 5878 1338 5928 Morel.
1377 5890 1496 5927 vero
1515 5877 1637 5927 ἀλλά
1657 5876 1784 5938 μένει
1805 5870 1886 5919 καὶ
1911 5871 1958 5918 ὲν

287 5932 544 6046 ιγέρῶἷδξίέὶ
565 5931 696 5994 ὑμεῖς
729 5934 812 5996 μὲν
838 5936 1015 5992 πολλὰς
1039 5940 1119 5996 καί
1145 5940 1280 6000 δόξης
1307 5941 1388 5989 καὶ
1417 5947 1611 6004 τρυφῆς,
1642 5931 1812 5988 inultis
1833 5945 1957 5997 [πω-

329 6014 358 6047 ,ι
531 6028 547 6044 ,

994 407 998 412 ‘
1047 392 1107 446 S.
1143 387 1428 446 JOANNIS
1463 383 1963 442 CHRYSUSTOMI
1997 383 2324 442 ARCHIEP.
2358 388 2904 446 CONSTANTINOP.

3621 383 3730 443 336

2063 499 2348 568 ὑποθέσεις
2385 503 2622 577 ἔχοντες,
2649 503 3042 582 ἐπηρεάζεσθε,
3073 502 3169 558 ἀτε
3197 501 3299 557 οὐκ
3331 501 3608 573 ἀρκούσης
3631 501 3732 572 τῆς

2061 595 2279 667 ἡλικίας
2306 599 2440 670 πρὸς
2466 599 2562 672 τὴν
2583 599 2903 654 ἀπόλαυσιν·
2933 597 3024 652 διὰ
3051 597 3208 652 τοῦτο
3231 597 3326 651 καὶ
3355 595 3490 667 πρὸς
3523 595 3622 666 τὴν
3643 613 3730 650 τε·

2056 691 2251 764 λευτὴν
2285 693 2558 766 φρίττετε,
2605 695 2702 749 καὶ
2731 693 2949 750 πάντων
2995 691 3386 762 ἐλεεινοτέρους
3419 685 3561 744 εἷναί
3595 707 3732 757 φατε

2057 794 2179 847 τότε
2215 793 2480 864 μάλιστα,
2513 795 2642 850 ὅταν
2685 795 3026 866 εὐδοκιμῆτε.
3081 793 3318 856 Ἐκεῖνος
3363 791 3414 844 δὲ
3448 791 3573 844 τότε
3602 792 3733 846 ἁνα-

2056 890 2324 946 παύσεται
2351 891 2609 964 μάλιστα,
2635 892 2764 946 ὅταν
2785 893 3024 964 γηράσῃ.
3051 889 3146 944 an
3178 891 3258 950 εἰς
3284 887 3484 956 λιμένα
3511 888 3731 956 ἐπειγό-

2063 1003 2222 1056 μενος
2253 987 2449 1048 ἐλθεῖν,
2470 989 2565 1042 καὶ
2596 988 2826 1058 νεότητα
2854 985 2952 1056 μέν
2979 985 3116 1055 ἔχων
3140 981 3255 1055 [ἳό]
3287 983 3374 1034 ἀεὶ
3401 993 3424 1021 ⁸
3451 981 3733 1050 ἀκμάζου-

2061 1099 2181 1145 σαν,
2215 1083 2296 1144 είς
2315 1081 2491 1152 γῆρας
2528 1081 2585 1134 δὲ
2616 1081 2874 1134 οὐδέποτε
2911 1078 3258 1146 ἐπείγουσαν.
3292 1077 3366 1128 Συ
3388 1076 3446 1129 δὲ
3483 1075 3733 1146 τοιαύτην

2059 1179 2270 1251 τρυφὴν
2301 1179 2392 1233 τὸν
2423 1179 2537 1232 υἱὸν
2580 1178 2802 1232 ἐϐούλου
2842 1167 3076 1248 τρυφᾷν,
3111 1173 3179 1228 δι’
3226 1175 3294 1246 ἢν
3347 1173 3414 1227 ἀν
3442 1175 3734 1245 μετενόησε

2065 1274 2344 1346 μυριάκις,
2376 1274 2471 1330 καὶ
2516 1275 2754 1346 ἤλγησεν
2809 1273 2867 1324 ἐν
2896 1273 3044 1344 γήρᾳ.
3091 1270 3401 1340 γενόμενος.
3459 1269 3617 1324 Ἀλλά
3661 1269 3734 1340 μὴ

2061 1371 2270 1440 γένοιτο
2329 1370 2462 1440 μηδὲ
2489 1371 2614 1434 τούς
2636 1368 2863 1441 ἐχθροὺς
2887 1369 3012 1432 τούς
3043 1367 3341 1439 ὑμετέρους
3369 1367 3595 1420 τοιαῦτα
3616 1383 3738 1437 τρυ-

2063 1465 2234 1536 φῆσαί
2266 1483 2419 1521 ποτε.
2459 1465 2570 1520 Καὶ
2597 1465 2649 1520 τί
2684 1465 2828 1534 λέγω
2850 1463 2910 1518 τὸ
2940 1465 3149 1535 γῆραςς
3177 1463 3236 1515 ἐν
3268 1462 3377 1533 γὰρ
3411 1463 3592 1533 ἡμέρᾳ
3643 1463 3737 1533 μιᾷ

2064 1561 2430 1616 σϐέννυταιτά
2449 1562 2545 1631 τῆς
2565 1561 2757 1632 ἡδονῆς
2782 1561 3018 1630 ἐκείνης·
3041 1558 3241 1631 μᾶλλον
3260 1557 3317 1611 δὲ
3333 1557 3432 1610 οὐκ
3455 1559 3509 1611 ἐν
3531 1556 3734 1628 ἡμέρὲίν

2061 1656 2182 1709 οὐδὲ
2210 1658 2267 1710 ἐν
2293 1657 2432 1726 ὥρᾳ,
2465 1655 2602 1710 ἀλλά
2639 1657 2730 1710 καλ¹
2763 1656 2819 1708 ἐν
2847 1657 3018 1728 μικρᾷ
3048 1655 3142 1708 καὶ
3172 1653 3437 1726 ἀκαριαίᾳ
3475 1656 3637 1724 ῥοπῇ.
3673 1654 3737 1706 Τί

2063 1752 2172 1821 γάρ
2202 1752 2346 1804 ἐστιν
2377 1751 2571 1821 ήδονή;
2607 1751 2668 1804 οὐ
2713 1752 2774 1805 τὸ
2814 1749 3223 1822 γαστρίζεσθαι,
3257 1750 3352 1801 καὶ
3386 1748 3738 1818 συϐαριτικάς

2067 1845 2467 1918 παρατίθεσθαι
2491 1845 2792 1917 τραπέζας,
2828 1845 2922 1902 καὶ
2949 1845 3196 1923 γυναιξὶν
3217 1843 3451 1916 ώραίαις
3483 1841 3736 1910 συγγίνε-

2052 1940 2504 2012 .σθαι.καθάπερ
2567 1941 2719 2004 τινάς
2773 1940 2993 2012 χοίρους
3044 1941 3102 1994 ἐν
3159 1937 3412 2010 βορϐόρῳ
3460 1935 3738 1991 κυλινδου⁸

2067 2037 2264 2106 μένους
2279 2053 2294 2100 ;

2139 2148 2189 2194 ι’.
2227 2139 2389 2193 ’Λλλά
2413 2139 2522 2212 γάρ
2559 2140 2726 2211 μήπω
2757 2138 2935 2192 τοῦτο·
2960 2139 3055 2210 τὴν
3087 2139 3145 2192 δὲ
3178 2139 3371 2210 ἡδονὴν
3396 2138 3740 2210 ἐξετάσωμεν

2063 2242 2221 2305 τέως,
2245 2242 2292 2293 εί
2323 2239 2398 2311 μὴ
2422 2237 2606 2310 ψυχρά
2636 2239 2718 2306 τίς
2756 2239 2872 2292 ἐστι
2902 2239 2998 2292 καὶ
3034 2236 3258 2308 εὐτελὴς
3278 2277 3292 2300 ,
3329 2237 3422 2290 καὶ
3455 2239 3503 2290 εἰ
3539 2236 3736 2307 βούλει,

2065 2335 2288 2408 πρώτην
2303 2334 2330 2374 ἀ
2355 2335 2450 2406 τὴν
2480 2335 2614 2406 ἡδίω
2633 2333 2894 2387 δοκοῦσαν
2921 2330 3060 2388 εἶναι
3081 2334 3180 2406 τὴν
3200 2335 3298 2406 τῆς
3313 2335 3544 2406 τρυφῆς.
3561 2334 3741 2400 Δεῖξον

2063 2425 2157 2484 οῦν
2181 2446 2271 2500 μοι
2282 2429 2370 2482 τὸν
2386 2429 2590 2500 ταύτης
2605 2427 2816 2500 καιρὸν,
2835 2427 2928 2482 καὶ
2942 2427 3104 2482 πόσον
3122 2428 3371 2499 κατέχειν
3386 2429 3414 2482 ύ
3421 2431 3530 2500 μᾶς
3539 2429 3740 2484 δύναιτ’

2063 2523 2130 2578 ἂν
2174 2526 2338 2596 μέρος
2369 2525 2614 2596 ἡμέραςς
2661 2523 2934 2586 τοσοῦτον,
2979 2523 3100 2577 ὅσον
3128 2523 3248 2576 οὐδὲ
3279 2523 3509 2596 ὀφθῆναι
3543 2525 3742 2590 καλῶς.

2066 2622 2219 2692 ’Ἅμα
2248 2638 2308 2674 τε
2365 2620 2473 2690 γάρ
2505 2619 2812 2691 ἐνεπλήσθη
2862 2637 2978 2685 τις,
3021 2621 3116 2674 καὶ
3147 2620 3244 2692 τὴν
3289 2621 3480 2693 ἡδονὴν
3519 2621 3741 2687 ἔσϐεσε,

2067 2717 2160 2768 καὶ
2182 2714 2288 2786 πρὸ
2316 2715 2416 2785 τῆς
2437 2714 2756 2786 πλησμονῆς
2778 2713 2835 2767 δὲ
2859 2713 3130 2785 ῥεύματος
3161 2714 3354 2769 θᾶττον
3381 2719 3743 2788 παρέρχεται,

2068 2811 2202 2880 πρὸς
2229 2809 2394 2863 αὐτὸν
2415 2810 2792 2880 ἀφανιζομένη
2809 2809 2902 2863 τὸν
2925 2809 3144 2880 λαιμὸν,
3170 2810 3266 2862 καὶ
3285 2809 3404 2862 οὐδὲ
3425 2813 3537 2872 τοῖς
3559 2811 3747 2874 σιτίοις

2065 2903 2314 2976 ἀρκοῦσα
2344 2904 2729 2972 συγκατελθεῖν
2748 2921 2762 2934 ·
2791 2903 2928 2975 ὁμοῦ
2955 2922 3014 2959 τε
3039 2903 3149 2978 γὰρ
3179 2905 3421 2978 παρῆλθε
3448 2905 3548 2978 τὴν
3575 2905 3749 2974 γλῶτ-

2064 3017 2198 3065 ταν,
2251 3000 2344 3054 καὶ
2376 3000 2746 3068 συγκατέλυσε
2773 3000 2872 3072 τὴν
2915 2999 3090 3072 ίσχύν.
3122 3002 3233 3054 Καὶ
3277 3001 3466 3054 σιωπῶ
3497 3001 3566 3056 τά
3589 3000 3747 3056 λυιπά

2067 3093 2234 3160 κακά,
2263 3095 2358 3148 καὶ
2377 3095 2502 3158 ὅσος
2524 3095 2631 3150 ἀπὸ
2652 3095 2858 3168 ταύτης
2881 3097 3093 3166 γίνεται
3113 3099 3214 3168 τῆς
3237 3096 3451 3166 τρυφῆς
3470 3099 3498 3150 ό
3518 3095 3746 3167 χειμών·

2065 3191 2126 3243 οὐ
2153 3189 2264 3262 γάρ
2295 3190 2460 3260 μόνον
2488 3189 2654 3260 ἡδίων
2681 3193 2710 3245 ό
2743 3191 2818 3262 μὴ
2853 3194 3160 3264 τρυφήσας,
3191 3191 3328 3244 ἀλλά
3358 3195 3454 3246 καὶ
3487 3193 3748 3262 κουφότερ-

2068 3299 2180 3352 ρος,
2217 3285 2312 3337 καὶ
2343 3285 2473 3356 ῥᾷον
2523 3284 2852 3340 διακείσεται
2899 3287 2992 3341 τοῦ
3025 3287 3450 3352 διασπασθέντος
3497 3289 3603 3341 ὐπὸ
3648 3288 3749 3358 τῆς

2068 3378 2388 3450 πλησμονῆς
2403 3396 2415 3409 ·
2451 3380 2679 3447 ’Υπνος
2706 3371 2777 3450 γά
2785 3397 2838 3452 ρ,
2865 3382 3052 3452 φησὶνζ
3074 3383 3303 3453 ὑγιείας
3323 3383 3393 3435 ἐν
3415 3382 3749 3452 omni”;qu

2059 3477 2296 3545 μετρίῳ.
2328 3478 2394 3530 Τί
2417 3478 2498 3532 δεῖ
2525 3478 2706 3548 λέγειν
2735 3479 2835 3543 τάς
2869 3479 3087 3547 νόσους,
3115 3479 3214 3542 τὰς
3243 3480 3456 3550 ἀηδίας,
3482 3481 3580 3544 τάς
3612 3498 3750 3550 συμ-

2066 3571 2259 3643 φορὰς,
2290 3572 2389 3636 τάς
2412 3573 2658 3637 δαπάνας
2687 3574 2785 3637 τὰς
2809 3574 2964 3644 εἰκῆ;
2993 3574 3116 3628 ὅσαι
3150 3575 3206 3626 αἰ
3231 3573 3516 3638 αἰτιάσεις,
3543 3575 3664 3628 ὅσαι
3691 3575 3750 3627 αί

2066 3666 2350 3722 ἐπιϐουλαὶ
2369 3709 2384 3734 ,
2414 3669 2537 3724 ὅσαι
2584 3671 2642 3722 αί
2668 3670 2776 3724 ἀπὸ
2809 3681 2832 3709 ε
2859 3671 3064 3722 τούτων
3105 3671 3358 3742 ἐπήρειαι
3401 3670 3508 3723 τῶν
3539 3687 3750 3742 συμπο-

2068 3763 2197 3817 σίων
2245 3763 2670 3834 βλαστάνουσιν;
2712 3765 2852 3821 ἀλλά
2884 3767 2944 3820 τὸ
2985 3768 3211 3840 πόρναις
3249 3769 3497 3837 γυναιξὶν
3542 3771 3751 3841 ὁμιλεῖν

2066 3859 2198 3929 ἡδύς
2233 3860 2344 3914 Καὶ
2377 3861 2506 3914 ποία
2540 3861 2680 3932 μετά
2721 3862 2990 3933 τοσαύτης
3033 3862 3298 3934 αἰσχύνης
3344 3865 3504 3938 ἡδονὴ
3553 3869 3750 3936 γένοιτ’

2065 3950 2166 4015 ἄν;
2202 3951 2455 4004 Μάλιστα
2483 3953 2540 4006 δὲ
2573 3953 2710 4026 μηδέ
2745 3955 2980 4008 ἐνταῦθα
3019 3953 3178 4008 τοῦτο
3219 3957 3562 4028 ἐξετάζωμεν
3590 3962 3747 4026 τέως,

2069 4046 2205 4117 μηδὲ
2242 4047 2342 4110 τάς
2383 4048 2448 4100 ἐκ
2487 4047 2598 4104 τῶν
2644 4051 2891 4120 ἐραστῶν
2937 4052 3152 4122 μάχας,
3201 4055 3338 4124 μηὸὲ
3378 4059 3502 4118 τούς
3533 4059 3597 4110 ἐκ
3641 4061 3756 4114 τὼν

2066 4142 2414 4214 ἀντεραστῶν
2445 4145 2735 4216 πολέμους,
2777 4147 2912 4216 μηδέ
2937 4148 3035 4210 τὰς
3064 4151 3428 4221 κατηγορίας·
3457 4153 3573 4204 ἀλλ’
3611 4153 3754 4206 ἐοτω

2066 4255 2149 4302 τις
2184 4239 2300 4310 μετ’
2327 4239 2582 4305 ἐξουσίας
2609 4241 2900 4295 ἀπολαύων
2930 4244 3028 4313 τῆς
3057 4245 3348 4313 ἀσελγείας
3377 4247 3619 4317 ἐκείνης,
3656 4251 3752 4309 καὶ

2070 4335 2210 4406 μήτε
2249 4337 2588 4408 ἀντεραστὴν
2628 4337 2826 4408 ἐχέτω,
2869 4343 3007 4410 μήτε
3059 4339 3418 4412 ὐπεροράσθω
3455 4347 3604 4414 παρά
3650 4345 3752 4415 τῆς

2067 4431 2381 4502 ἐρωμένης,
2422 4433 2494 4486 τά
2520 4449 2580 4486 τε
2616 4434 2876 4504 χρήματα
2916 4432 3108 4505 ὥσπερ
3139 4437 3204 4488 ἐκ
3238 4438 3430 4506 πηγῶν
3460 4440 3752 4493 ἀναλισκέ-

2068 4545 2164 4592 τω,
2184 4527 2360 4580 καίτοι
2385 4528 2622 4599 οὐδαμοῦ
2641 4529 2814 4582 ταῦτα
2833 4530 3240 4601 συμϐεϐηκέναι
3261 4533 3438 4586 πάντα
3461 4534 3682 4588 δυνατὸν
3701 4534 3751 4602 ί,

2067 4621 2205 4674 ἀλλά
2233 4621 2313 4674 δεῖ
2343 4623 2436 4675 τὸν
2472 4624 2572 4694 μὲν
2603 4623 2678 4695 μὴ
2707 4624 2967 4694 μέλλοντα
2991 4625 3135 4696 ἔχειν
3168 4627 3504 4700 ἀντεραστὴν
3527 4631 3625 4700 τὴν
3655 4631 3752 4683 οὐ·

2071 4717 2192 4772 σίαν
2222 4717 2526 4770 καταλῦσαι
2563 4720 2774 4784 πᾶσαν,
2806 4720 3043 4774 νικῶντα
3075 4723 3141 4792 τῇ
3178 4721 3458 4794 φιλοτιμίᾳ
3497 4726 3621 4788 τοὺς
3636 4724 3756 4794 ,ἆλ-

2068 4812 2192 4876 λους
2229 4813 2496 4877 ἅπαντας,
2537 4815 2629 4867 τὸν
2667 4815 2722 4869 δὲ
2759 4816 2836 4888 μὴ
2868 4816 3188 4888 βουλόμενον
3219 4820 3445 4890 ἀπορεῖν
3479 4821 3755 4892 ὑπερορᾶ-

2071 4906 2197 4961 σθαι
2245 4907 2396 4980 παρά
2430 4909 2530 4979 τῆς
2576 4909 2785 4982 πόρνης
2833 4913 2928 4966 καὶ
2971 4911 3327 4966 διαπτύεσθαι
3375 4913 3557 4968 πάλιν.
3604 4915 3754 4987 Πλὴν

2069 5009 2206 5063 ἀλλά
2247 5010 2412 5082 μηδὲν
2447 5010 2590 5066 ἐστω
2618 5011 2846 5081 τούτων,
2887 5013 3022 5068 ἀλλά
3048 5014 3226 5068 πάντα
3253 5014 3405 5086 αὐτῷ
3449 5017 3590 5068 κατὰ
3624 5015 3755 5070 νοῦν

2069 5103 2457 5176 προχωρείτω·
2497 5105 2600 5158 ποῦ
2629 5106 2731 5178 τὴν
2760 5109 2824 5160 ἐκ
2847 5105 3054 5160 τούτων
3092 5107 3286 5178 ἡδονὴν
3315 5109 3580 5176 ἐπιδεῖξαι
3605 5110 3756 5180 ἔχεις

2067 5200 2231 5270 ὴμῖν;
2256 5198 2391 5252 Οὐδὲ
2411 5199 2521 5272 γάρ
2541 5201 2598 5253 ἐν
2619 5199 2766 5270 αὐτῷ
2793 5203 2818 5240 ε
2838 5199 2918 5272 τῷ
2935 5202 3038 5271 τῆς
3062 5203 3259 5273 μίξεως
3283 5205 3530 5272 φαίνεται
3553 5207 3749 5278 καιρῷ,

2067 5296 2185 5352 ἀλλ’
2233 5297 2263 5349 ὁ
2316 5297 2414 5367 μέν
2455 5297 2748 5368 πληρώσας
2793 5299 2894 5370 τὴν
2933 5301 3248 5363 συνουσίαν,
3299 5304 3390 5356 καὶ
3425 5306 3522 5372 τὴν
3558 5305 3752 5376 ἡδονὴν

2069 5389 2313 5457 ῑσϐεσεν,
2343 5393 2372 5443 ὁ
2399 5393 2457 5446 δέ
2496 5397 2554 5447 ἐν
2590 5397 2656 5465 τῇ
2697 5395 2846 5466 μίξει
2873 5393 2969 5463 ὢν,
3000 5396 3100 5449 οὐκ
3142 5397 3288 5450 ἐστιν
3327 5398 3386 5452 ἐν
3416 5399 3600 5470 ἡδονῇ,
3633 5401 3750 5453 ἀλλ’

2135 5568 2159 5597 ⁸⁵
2181 5567 2294 5634 Sav.
2322 5570 2525 5634 νεότητα
2546 5570 2628 5630 μὲν
2639 5569 2746 5634 ἀεί,
2779 5571 2878 5620 duo
2901 5585 3015 5619 mss.
3039 5572 3244 5630 νεότητα
3268 5573 3370 5632 ἀεί,
3397 5573 3515 5623 Mor.
3549 5576 3747 5634 νεότητα

2071 5630 2154 5691 μὲν
2185 5631 2329 5696 έχων.
2348 5631 2443 5696 ἀεί.
2487 5631 2598 5678 Mox
2628 5632 2760 5696 ⁸Μον.
2799 5635 2996 5695 τοιαυτῃ
3020 5641 3191 5696 τρυφῇ,
3228 5636 3312 5684 alii
3335 5630 3508 5685 Omnes
3528 5630 3746 5696 τοιαύτην

2069 5693 2265 5752 τρυφήν.
2297 5691 2451 5740 Paulo
2475 5699 2587 5754 post
2611 5693 2710 5740 duo
2733 5707 2848 5743 mss.
2879 5691 3396 5760 μετήνθὴσεμυριάκις.

2133 5749 2160 5788 ἀ
2187 5753 2296 5798 Duo
2315 5766 2432 5798 mss.
2457 5755 2648 5798 πρῶτον

2233 5765 2296 5800 uo
2315 5766 2432 5800 mss.
2457 5769 2648 5800 ποωτον

2133 5769 2160 5788 α
2187 5769 2296 5800 UUO
2315 5769 2432 5800 mss.
2457 5769 2648 5824 πρώτον
2928 5814 2939 5824 .

2095 5873 2104 5882 ο
2131 5814 2151 5833 ⁸
2181 5813 2340 5882 ξὊσαι
2364 5815 2448 5882 καί
2467 5814 2750 5882 ἀπα-θροις..
2779 5822 2834 5864 et
2856 5817 3059 5878 qundam
3087 5824 3247 5878 recte,
3270 5824 3326 5868 υι
3348 5820 3559 5868 νὶμειοιι.
3582 5823 3648 5872 Αἱ
3667 5835 3730 5870 τι·

2070 5873 2195 5934 ιίῳιὶ
2221 5887 2394 5922 omnes
2423 5875 2535 5924 ὅσαι
2553 5879 2603 5924 αἱ
2625 5875 2740 5924 ἀπό.

2135 5932 2163 6004 f_
2184 5937 2297 6004 ρυο
2317 5937 2612 6004 ηῖβεςπάντα
2625 5938 2715 6004 ένι,
2742 5938 2888 6004 εει-εἰσ
2909 5937 3025 5989 Sav.
3051 5938 3100 5989 in
3125 5954 3283 6004 marg.

2124 5999 2163 6060 ,⁸
2183 5995 2340 6081 μάθω
2357 5998 2430 6048 ἐπ’
2448 5998 2597 6067 αὐτῷ.
2621 5995 2751 6052 lnﬂ'a
2777 5999 2927 6052 iidem
2947 6003 3102 6068 ψυχὴν
3123 6005 3204 6054 καὶ
3233 5995 3380 6070 φόϐον
3407 6005 3593 6071 οὐδένα,
3618 6004 3736 6060 ιύδι
