4032 6440
349 322 449 380 53ἷί

348 436 555 492 virtutis
594 436 801 506 apicem
847 435 1122 506 attigerit,
1166 442 1361 504 quanta
1401 448 1521 489 cum
1566 431 1836 505 diligentia
1869 442 1924 485 et

346 530 687 583 accuratioue
748 544 843 597 par
895 528 963 582 sit
1017 527 1119 583 hoc
1171 525 1404 581 ofﬁcium
1454 525 1736 580 exhibere.
1796 522 1931 577 Nam

347 620 444 673 (tsi
489 618 820 674 moriendum
848 619 917 673 sit
961 633 1060 688 pro
1098 618 1273 687 rapite
1312 626 1436 684 tuo,
1487 632 1594 671 non
1636 614 1923 681 recusabit,

345 712 540 780 quippe
578 708 671 781 qui
706 725 811 765 non
856 710 1081 764 naturali
1106 708 1268 763 modo
1296 708 1415 779 lege
1442 716 1493 763 te
1521 707 1648 762 colit
1672 715 1725 760 et
1754 707 1930 761 hono-

349 814 468 865 rat,
514 803 609 857 sed
648 818 757 871 pra:
786 802 1034 858 omnibus
1084 809 1299 872 propter
1340 801 1539 866 Deum,
1585 800 1737 869 cujus
1762 799 1933 870 gratia

360 891 555 949 cu'ucta
578 893 737 948 simul
767 893 1028 963 despexit.
1055 892 1188 947 Cum
1214 892 1374 962 igitur
1402 893 1490 946 ille
1512 905 1653 945 nunc
1675 891 1935 945 illustrior

348 987 453 1051 sit,
499 986 833 1054 opulentior,
879 985 1145 1054 potentior
1172 994 1229 1039 et
1269 984 1555 1047 liberalior,
1598 992 1803 1039 etcum
1834 982 1935 1037 hac

350 1088 491 1131 tanta
516 1078 681 1131 animi
714 1077 1077 1148 magnitudine
1107 1077 1277 1147 magis
1305 1091 1494 1131 servus
1526 1085 1647 1130 tuus
1677 1076 1746 1131 sit
1771 1090 1931 1145 quam

346 1181 528 1235 antea,
559 1185 676 1237 cur,
708 1184 915 1240 quaeso,
949 1168 1296 1239 ingemiscis?
1318 1184 1383 1221 an
1414 1169 1533 1238 quia
1562 1167 1801 1238 quotidie
1826 1182 1936 1221 non

348 1264 546 1317 metuis
569 1304 584 1325 ,
619 1277 685 1317 ne
715 1262 768 1315 in
808 1262 948 1317 bello
983 1261 1180 1328 cadat,
1224 1277 1292 1316 ne
1334 1261 1674 1332 Imperatoris
1698 1261 1934 1315 animum

347 1352 586 1408 offendat
609 1395 625 1420 ,
657 1368 725 1407 ne
753 1353 804 1406 in
833 1353 1257 1407 commilitonum
1286 1351 1541 1405 invidiam
1572 1352 1812 1407 incidat?
1836 1368 1931 1406 an-

348 1460 457 1499 non
485 1453 541 1498 ct
565 1444 681 1499 hare
704 1451 758 1498 et
781 1444 861 1496 his
883 1445 1040 1496 etiam
1062 1443 1208 1513 plura
1238 1442 1529 1497 illustribus
1552 1442 1675 1497 filiis
1695 1450 1938 1498 metuunt

350 1536 559 1605 patres?
599 1534 1059 1603 Quemadmodum
1088 1535 1231 1589 enim
1262 1535 1350 1604 qui
1383 1549 1605 1604 puerum
1634 1535 1685 1588 in
1713 1534 1933 1589 sublimi

347 1627 465 1681 loco
494 1626 807 1689 statuerint,
855 1634 1093 1678 metuere
1118 1632 1380 1693 coguntur
1407 1617 1733 1687 ne'decidat,
1778 1622 1850 1677 ita
1882 1632 1938 1678 et

347 1720 383 1773 ii
412 1720 501 1788 qui
532 1718 668 1771 filios
697 1717 763 1770 ad
805 1717 1066 1786 insignem
1109 1716 1419 1785 dignitatem
1467 1716 1790 1785 provehunt.
1831 1716 1937 1771 Sed

345 1811 633 1883 quamdam
673 1810 832 1864 habet
861 1811 1187 1880 Voluptatem
1221 1809 1428 1865 balteus
1450 1851 1463 1872 ,
1494 1817 1547 1863 et
1583 1809 1857 1879 chlamys,
1884 1817 1940 1864 et

348 1904 613 1973 praeconis
644 1919 762 1957 vox.
795 1902 861 1956 Et
890 1901 1003 1956 lucc
1031 1912 1159 1971 quot
1182 1903 1391 1955 dierum
1417 1902 1612 1970 spatio,
1641 1901 1727 1955 dic
1759 1901 1887 1955 mihi
1913 1903 1936 1955 ?

346 2012 415 2049 an
463 1995 709 2065 triginta,
763 2002 853 2048 aut
899 2003 1112 2047 centum
1140 2035 1153 2057 ,
1197 2003 1287 2046 aut
1318 1994 1399 2046 bis
1428 1993 1692 2048 totidem?
1737 1994 1939 2062 Ecquid

350 2089 573 2158 postea?
629 2101 809 2140 nonne
862 2087 1011 2155 quasi
1062 2085 1365 2148 somnium,
1423 2100 1599 2139 nonne
1640 2092 1702 2138 ut
1739 2084 1936 2149 fabula,

348 2193 531 2232 nonne
553 2187 611 2231 ut
636 2178 822 2231 umbra
843 2214 861 2243 ,
891 2176 976 2230 illa
1008 2176 1185 2229 omnia
1214 2175 1575 2229 transierunt?
1602 2178 1670 2229 At
1697 2191 1836 2229 nunc
1863 2176 1937 2228 illi

348 2286 515 2340 usque
546 2270 598 2323 in
630 2268 789 2323 finem
824 2269 996 2322 honor
1024 2268 1123 2322 iste
1155 2278 1449 2336 permanet,
1483 2268 1590 2321 imo
1619 2268 1787 2337 magis
1816 2276 1939 2337 post

349 2370 578 2417 mortem
605 2401 619 2423 ,
663 2368 720 2415 et
764 2358 980 2429 quidem
1026 2359 1195 2413 multo
1234 2367 1358 2412 tunc
1383 2360 1706 2413 cumulatius
1738 2376 1751 2412 :
1780 2369 1940 2428 atque

352 2453 451 2506 hoc
504 2450 789 2520 imperium
838 2449 1016 2503 nullus
1061 2466 1312 2519 umquam
1351 2450 1448 2520 ipsi
1480 2450 1714 2514 auferet,
1744 2451 1940 2520 quippe

347 2560 469 2596 cum
512 2558 615 2596 non
661 2542 729 2596 ab
760 2543 975 2596 homine
1017 2540 1065 2595 id
1096 2541 1182 2595 ille
1210 2542 1517 2609 acceperit,
1550 2541 1645 2595 sed
1683 2558 1713 2596 a
1744 2542 1940 2597 virtute

350 2635 483 2705 ipsa.
516 2634 620 2689 Sed
643 2634 904 2688 voluisses
935 2649 1056 2687 eum
1086 2634 1317 2702 pretiosa
1362 2635 1610 2688 amictum
1661 2642 1842 2699 veste,
1886 2643 1940 2689 et

347 2742 489 2795 equo
521 2738 731 2780 veCtum
776 2724 993 2790 videre,
1040 2722 1357 2778 famulorum
1409 2726 1661 2793 stipatum
1694 2726 1933 2779 multitu-

348 2815 493 2881 dine,
522 2797 785 2886 parasitos
801 2814 1210 2884 adulatoresque
1237 2816 1488 2870 alentem.
1520 2814 1626 2869 Cur
1651 2817 1720 2870 ita
1742 2818 1939 2872 velles?

349 2925 476 2965 nam
509 2918 566 2962 ut
595 2909 668 2962 illi
700 2908 1025 2977 voluptatem
1068 2922 1131 2962 ex
1176 2908 1257 2960 his
1286 2907 1534 2961 omnibus
1575 2909 1831 2976 parcrcs?
1883 2910 1939 2964 Si

350 3005 525 3073 itaque
552 3003 702 3056 illum
724 3001 989 3056 dicentem
1018 3000 1206 3056 audias
1238 3000 1408 3072 (forte
1439 3002 1634 3071 quippe
1660 3001 1812 3056 nobis
1834 3016 1938 3056 non

349 3092 584 3162 credes),
613 3102 761 3146 tanto
788 3108 847 3147 se
870 3093 1031 3145 vitam
1065 3093 1219 3145 istam
1246 3108 1329 3155 ea,
1363 3108 1519 3161 quam
1547 3092 1747 3162 degunt
1773 3094 1860 3162 qui
1887 3094 1938 3147 in

348 3188 556 3243 deliciis
588 3187 811 3252 vivunt,
853 3185 1050 3254 quique
1081 3185 1472 3247 meretricibus,
1509 3201 1611 3238 mu.
1633 3185 1749 3249 icze,
1782 3200 1939 3254 para-

348 3281 499 3347 sitis,
540 3280 945 3345 adulatoribus,
998 3291 1051 3334 et
1094 3279 1335 3333 lascivia:
1371 3295 1431 3333 se
1459 3278 1698 3344 dedunt,
1744 3281 1939 3348 jucun-

349 3373 555 3427 diorem
582 3371 891 3426 existimare
916 3413 930 3437 ,
971 3382 1029 3424 ιιι
1067 3370 1217 3425 malit
1246 3370 1441 3427 millies
1482 3370 1653 3434 mori,
1701 3387 1861 3440 quam
1890 3373 1941 3428 ei

350 3466 725 3534 obtemperare
751 3506 763 3527 ,
815 3465 903 3534 qui
942 3464 1153 3534 juhcret
1193 3463 1293 3516 hac
1322 3461 1541 3517 dimissa
1577 3464 1852 3533 voluptate
1872 3464 1941 3518 ad

352 3558 495 3612 illan)
529 3572 588 3613 se
617 3556 865 3612 conferre
886 3597 900 3619 ,
930 3554 1054 3624 quid
1092 3553 1160 3609 ad
1186 3553 1301 3607 hinc
1331 3553 1521 3609 dices?
1563 3552 1699 3608 Num
1728 3555 1943 3625 ignoras

351 3660 603 3720 quantam
634 3650 956 3717 voluptatem
984 3649 1152 3716 pariat
1186 3647 1292 3699 vita
1324 3647 1550 3715 negotiis
1581 3648 1781 3701 vacua?
1828 3647 1941 3701 for-

354 3752 497 3798 tasse
538 3758 638 3797 nec
669 3742 807 3795 ullus
848 3739 899 3794 id
938 3739 1214 3793 hominum
1250 3738 1397 3791 novit
1420 3780 1433 3801 ,
1482 3738 1678 3807 quippe
1705 3739 1794 3808 qui
1821 3753 1942 3794 eam

353 3835 515 3888 vitam
548 3848 833 3903 numquam
862 3846 992 3900 pure
1013 3832 1324 3901 gustaverit.
1348 3830 1679 3885 Cuuvautem
1706 3841 1759 3885 et
1778 3831 1939 3886 clari-

354 3936 439 3982 tas
461 3925 637 3992 adsit,
680 3939 732 3980 et
782 3924 897 3979 huic
946 3938 1065 3994 quae
1095 3923 1180 3977 vix
1212 3924 1375 3977 simul
1421 3923 1647 3977 inveniri
1694 3930 1938 3993 possunt,

354 4018 612 4073 securitas
645 4024 697 4071 et
734 4016 944 4086 gloria,
987 4015 1112 4084 quid
1162 4015 1261 4069 hac
1299 4015 1402 4067 vita
1453 4013 1803 4083 praestabilitts
1830 4016 1943 4068 sit?

356 4108 587 4173 Verum,
617 4108 855 4178 inquies,
891 4106 1016 4175 quid
1047 4114 1101 4159 tu
1125 4105 1239 4159 haec
1261 4105 1387 4158 mihi
1420 4104 1677 4158 edisseris
1703 4121 1731 4157 a
1761 4104 1939 4175 philo-

352 4197 543 4269 sophia
586 4196 987 4252 remotissimo?
1032 4196 1138 4250 Cur
1166 4210 1295 4264 ergo
1324 4202 1505 4248 natum
1534 4204 1745 4263 quoque
1790 4203 1940 4249 tuom

353 4292 422 4347 ad
451 4307 567 4347 eam
610 4291 868 4347 accedere
899 4305 1003 4343 non
1035 4288 1210 4342 sinis?
1258 4286 1389 4341 satis
1430 4289 1499 4340 sit
1536 4287 1637 4340 isto
1668 4296 1719 4341 le
1744 4286 1941 4342 damno

352 4390 599 4445 affectum
628 4404 768 4444 esse.
819 4391 1016 4442 Annon
1053 4400 1321 4441 summum
1362 4398 1482 4440 esse
1511 4383 1761 4436 damnum
1793 4381 1908 4434 arhi

356 4482 544 4547 tran’s,
590 4480 803 4550 quando
842 4479 908 4533 ad
953 4489 1247 4534 extremam
1297 4483 1632 4531 senectutem
1680 4470 1937 4542 provecti,

355 4574 476 4644 quia
504 4575 556 4628 iu
599 4575 849 4643 primaeva
902 4582 1059 4627 atate
1099 4571 1228 4625 nihil
1275 4569 1399 4625 boni
1439 4567 1618 4637 adepti
1644 4567 1772 4621 estis
1796 4605 1811 4629 ,
1847 4574 1941 4617 vos

355 4676 625 4720 senectam
663 4664 889 4718 moleste
940 4661 1129 4718 fertis?
1172 4663 1242 4716 At
1281 4660 1405 4714 ideo
1430 4658 1656 4712 moleste
1695 4655 1937 4719 ferimus,

359 4757 585 4827 inquies,
612 4755 757 4827 quod
779 4761 966 4825 magna
995 4754 1148 4809 nobis
1168 4752 1449 4809 commoda
1465 4752 1720 4823 juventus
1740 4747 1938 4803 tulerit.

355 4850 486 4919 Quae
511 4847 746 4917 magna?
790 4847 1013 4902 ostende
1039 4859 1222 4900 senem
1243 4887 1258 4909 ,
1308 4846 1396 4914 qui
1426 4856 1615 4913 magna
1642 4842 1757 4896 lure
1789 4854 1941 4894 com-

357 4940 511 4995 moda
543 4939 754 4994 habeat.
787 4938 841 4993 Si
875 4938 1016 4992 enim
1048 4936 1138 4991 illa
1180 4935 1487 5000 habuisset,
1523 4933 1785 4988 eteadem
1814 4946 1941 5001 per-

357 5042 695 5088 severassent
719 5073 733 5097 ,
781 5043 886 5085 non
926 5029 1119 5098 utique
1148 5035 1211 5082 ut
1235 5026 1561 5081 hisorbatus
1592 5023 1840 5079 omnibus
1871 5023 1940 5075 ita

352 5129 776 5188 lamentaretur;
816 5122 899 5176 sin
927 5135 1054 5174 vero
1080 5120 1172 5173 illa
1193 5118 1558 5183 avolaverunt,
1589 5126 1643 5170 et
1670 5128 1949 5169 emarcuea-

348 5225 505 5280 runt,
551 5213 820 5285 quomodo
848 5227 1036 5280 magna
1062 5252 1074 5272 ,
1105 5225 1223 5280 qua:
1251 5209 1321 5263 ita
1357 5209 1464 5264 cito
1486 5208 1748 5262 exstincta
1773 5204 1945 5259 sunt?

354 5306 517 5376 Atqui
546 5321 651 5360 non
682 5305 785 5358 hoc
812 5304 948 5366 filius
991 5310 1112 5355 tuus
1151 5300 1423 5369 patietur,
1461 5298 1557 5352 sed
1582 5298 1625 5351 si
1651 5297 1716 5351 ad
1744 5296 1945 5365 longa:-

359 5415 473 5452 vam
506 5412 714 5468 quoque
740 5402 1070 5450 senectutem
1107 5392 1408 5463 pervenerit
1429 5431 1442 5456 ,
1476 5406 1580 5443 non
1610 5389 1759 5442 illum
1786 5387 1941 5440 vide-

360 5490 439 5542 his
474 5490 588 5543 lucc
628 5488 809 5556 iniquo
845 5484 1023 5539 animo
1052 5483 1304 5537 ferentem
1330 5522 1345 5546 ,
1379 5488 1438 5534 ut
1473 5492 1567 5532 vos
1602 5475 1809 5541 facitis;
1846 5474 1939 5530 sed

359 5579 679 5647 gaudentem
705 5615 720 5638 .
768 5575 1086 5645 gestientem
1129 5583 1183 5627 et
1216 5571 1573 5627 exsultantem
1601 5586 1614 5620 :
1648 5578 1774 5621 tunc
1796 5567 1941 5621 enim

364 5666 500 5721 bona
545 5667 661 5738 ejus
709 5665 877 5734 magis
920 5664 1112 5719 ﬂorent
1152 5671 1207 5717 et
1252 5662 1450 5730 vigent.
1511 5657 1714 5713 Vestra:
1760 5670 1939 5710 autem

366 5756 593 5827 divitim,
648 5755 854 5811 etiamsi
909 5754 1046 5810 bona
1093 5752 1323 5809 habeant
1366 5748 1668 5815 innumera,
1694 5747 1744 5801 in
1768 5747 1940 5817 primo

1074 316 2014 374 ADVERSUS'OPPUG'NATORES
2059 317 2240 373 νιΤΑΞ
2277 319 2570 378 MONAST.
2612 322 2740 377 LIB.
2781 322 2845 379 11.

3512 327 3616 388 $46

2037 432 2211 487 artatis
2255 432 2386 488 flere
2423 433 2513 487 illa
2554 435 2883 491 concludunt
2920 454 2933 489 :
2973 454 3076 492 non
3117 439 3244 495 item
3276 440 3358 495 ha‘.
3389 442 3609 510 divitim,

2036 524 2129 579 sed
2169 525 2220 579 in
2249 533 2527 580 senectute
2559 538 2798 594 manent,
2831 530 3254 602 excedentesque
3274 550 3306 589 e
3328 535 3431 589 vita
3462 551 3612 591 com-

2034 614 2232 670 itantur
2272 618 2309 668 ί.
2345 616 2551 672 Idcirco
2573 632 2669 671 vos
2688 634 2809 674 cum
2831 634 2959 689 opes
2991 624 3045 677 in
3067 633 3341 680 senectute
3369 640 3615 681 crescen-

2037 718 2119 762 tes
2142 708 2334 764 videtis
2352 749 2369 776 ,
2400 709 2749 781 plurimaeque
2768 712 2920 767 vobis
2939 723 2993 768 et
3015 714 3198 785 gloriae
3226 724 3279 772 et
3302 716 3613 774 deliciarum

2035 801 2345 856 occasiones
2375 811 2700 871 suppetunt,
2734 804 2948 875 indigne
2978 805 3146 873 fertis,
3178 809 3319 879 quod
3348 820 3477 865 tetas
3508 828 3613 866 non

2036 891 2295 958 sufficiat,
2335 902 2394 947 ut
2425 893 2504 948 eis
2538 893 2643 949 frui
2679 895 2922 950 valeatis.
2976 896 3101 952 Ideo
3128 909 3353 953 mortem
3391 901 3614 969 perhor-

2037 984 2243 1039 rescitis
2264 1026 2279 1051 ,
2317 1000 2520 1056 vosque
2550 994 2676 1043 tunc
2701 989 2931 1043 maxime
2959 989 3369 1047 miserabiliores
3391 1008 3511 1049 esse
3529 995 3614 1047 (li-

2037 1074 2177 1141 citis,
2196 1089 2315 1129 cum
2336 1075 2388 1129 in
2412 1091 2470 1131 re
2490 1092 2743 1147 prospera
2765 1078 2914 1134 eatis.
2932 1077 3128 1134 Contra
3147 1081 3235 1136 ille
3258 1092 3366 1136 tum
3386 1085 3615 1138 maxime

2037 1169 2249 1238 quietus
2292 1171 2427 1235 erit,
2475 1184 2594 1225 cum
2638 1172 2914 1237 senuerit,
2967 1173 3162 1243 quippe
3192 1175 3279 1244 qui
3307 1176 3369 1229 ad
3401 1185 3614 1246 portum

2039 1271 2312 1330 prOperet,
2342 1277 2408 1318 ac
2427 1263 2764 1332 iuventutem
2791 1278 3006 1334 semper
3032 1266 3295 1335 vigentem
3325 1267 3534 1335 habeat,
3563 1279 3619 1323 et

2039 1349 2106 1404 ad
2154 1360 2481 1407 senectutem
2518 1368 2806 1423 numquam
2845 1364 3047 1423 vergat.
3095 1355 3173 1409 Tu
3208 1371 3334 1410 vero
3364 1358 3524 1411 filium
3556 1359 3620 1411 iis

2039 1442 2242 1499 deliciis
2285 1445 2386 1500 frui
2428 1446 2728 1514 voluisses,
2776 1461 2999 1516 quarum
3046 1448 3193 1502 illum
3225 1449 3413 1504 millies
3453 1451 3622 1517 poeni-

2040 1534 2229 1589 tuisset
2252 1575 2266 1599 ,
2301 1550 2363 1591 ac
2389 1536 2456 1591 de
2483 1537 2674 1606 quibus
2707 1540 2757 1592 in
2784 1548 3059 1593 senectute
3100 1539 3377 1594 doluisset.
3427 1539 3618 1595 Verum

2040 1623 2204 1692 absit,
2256 1635 2313 1681 ut
2357 1626 2553 1681 inimici
2582 1643 2793 1697 quoque
2822 1630 2987 1683 nostri
3018 1630 3101 1683 his
3133 1630 3340 1685 deliciis
3379 1630 3623 1686 fruantur

2039 1728 2309 1787 umquam.
2351 1718 2557 1788 Ecquid
2593 1728 2925 1774 senectutem
2963 1721 3248 1775 memoro?
3293 1722 3623 1792 quandoqui-

2039 1807 2161 1863 dem
2192 1809 2281 1864 die
2318 1824 2424 1864 uno
2458 1811 2704 1880 voluptas
2745 1811 2831 1864 illa
2863 1812 3037 1865 omnis
3073 1812 3463 1880 exstinguitur,
3513 1814 3621 1867 imo

2041 1915 2146 1954 non
2172 1900 2259 1955 die
2285 1915 2392 1955 uno
2418 1940 2432 1966 ,
2475 1917 2581 1956 non
2611 1917 2715 1956 una
2753 1901 2906 1968 hora,
2935 1902 3029 1957 sed
3075 1903 3125 1955 in
3154 1903 3468 1958 brevissimo
3490 1916 3624 1959 tem-

2039 1992 2188 2061 poris
2238 2001 2529 2047 momento.
2603 1993 2742 2062 Quid
2794 1994 2936 2047 enim
2985 2002 3067 2047 est
3113 1993 3392 2063 voluptas?
3444 2011 3623 2050 nonne

2042 2085 2211 2138 ventri
2252 2100 2311 2140 se
2354 2084 2551 2141 dedere
2575 2127 2589 2151 ,
2634 2084 2951 2156 sybariticas
2994 2099 3205 2139 mensas
3239 2102 3463 2154 parare,
3500 2104 3622 2141 cum

2041 2175 2299 2244 speciosis
2322 2177 2636 2233 mulieribus
2665 2174 2915 2246 congredi
2963 2190 3249 2245 porcorum
3281 2177 3445 2232 instar
3482 2193 3542 2232 se
3572 2179 3624 2232 iu

2041 2281 2197 2323 emno
2224 2267 2616 2322 volutantium?

2115 2357 2200 2412 10.
2250 2356 2535 2428 Voluptatis
2561 2358 2791 2415 brevitas.
2819 2388 2891 2401 —
2914 2357 3018 2413 Sed
3059 2358 3125 2415 de
3156 2359 3237 2413 his
3267 2360 3502 2415 nondum
3542 2361 3622 2413 lo-

2041 2463 2268 2517 quamur
2299 2467 2313 2503 :
2345 2449 2557 2505 interim
2588 2451 2714 2520 quid
2754 2453 2824 2506 sit
2848 2453 3091 2522 voluptas
3121 2451 3495 2519 disquiramus,
3528 2468 3627 2506 an-

2043 2554 2147 2592 non
2180 2540 2336 2608 plane
2367 2539 2553 2611 frigida
2589 2552 2643 2596 et
2668 2542 2786 2597 vilis
2814 2544 2919 2597 sit:
2943 2552 3105 2613 atque
3141 2541 3307 2604 illam,
3349 2544 3393 2596 si
3431 2542 3623 2611 placet,

2044 2629 2271 2697 primum
2302 2632 2323 2662 ³
2352 2631 2716 2702 inspiciamus,
2735 2648 2852 2703 quze
2874 2631 3160 2703 jucundior
3190 2631 3416 2697 videtur,
3436 2648 3628 2698 nempe

2042 2720 2240 2788 gulam.
2276 2721 2387 2785 Dic,
2412 2736 2611 2791 quzcso,
2641 2722 2783 2779 illius
2805 2731 3032 2795 tempus,
3055 2732 3325 2792 quotaquc
3346 2721 3449 2775 diei
3475 2732 3627 2791 parte

2043 2827 2141 2867 nos
2171 2813 2255 2866 illa
2283 2827 2546 2885 occupare
2578 2815 2746 2883 possit
2778 2832 2791 2867 :
2826 2823 2968 2869 tanta
2993 2824 3162 2885 certe,
3197 2834 3253 2875 ιιι
3291 2824 3373 2876 vix
3408 2815 3635 2893 perspici

2044 2903 2233 2971 possit.
2266 2902 2396 2957 Nam
2438 2903 2595 2959 simul
2625 2918 2688 2959 ac
2713 2905 2937 2976 quisque
2976 2905 3230 2979 impletus
3272 2912 3446 2975 fuerit,
3481 2914 3635 2968 volu-

2045 3002 2245 3062 ptatem
2287 2993 2584 3048 exstinxit:
2614 3004 2669 3048 et
2712 3002 2838 3049 ante
2883 2995 3183 3055 satietatem
3232 3000 3433 3056 fluento
3476 3005 3634 3058 citius

2045 3082 2254 3148 transit,
2309 3084 2362 3138 iu
2411 3085 2646 3154 ipsisque
2688 3084 2929 3140 faucibus
2970 3086 3176 3156 deficit,
3224 3107 3322 3146 nec
3369 3109 3472 3147 una
3514 3109 3636 3149 cum

2044 3173 2175 3229 cibis
2206 3184 2380 3243 potest
2408 3174 2613 3244 ingredi
2644 3192 2659 3229 :
2690 3176 2870 3230 statim
2892 3176 3038 3232 enim
3065 3188 3225 3252 atque
3257 3182 3486 3252 linguam
3511 3199 3635 3253 per-

2046 3267 2313 3332 transivit,
2349 3268 2455 3321 vim
2486 3269 2647 3323 etiam
2685 3269 2880 3323 amisit.
2915 3268 3112 3339 Taceo,
3161 3274 3364 3344 reliqua
3395 3278 3553 3343 mala,
3582 3289 3653 3333 et

2045 3366 2242 3427 quanta
2287 3374 2354 3413 cx
2403 3359 2503 3412 ista
2556 3359 2830 3429 voluptate
2870 3359 3120 3430 gignatur
3166 3374 3472 3435 tempestas.
3517 3366 3643 3423 Non

2047 3449 2209 3504 modo
2246 3448 2390 3506 enim
2413 3449 2699 3518 jucundior
2725 3448 2815 3520 qui
2843 3450 2912 3505 ab
2942 3451 3031 3507 illa
3070 3454 3323 3521 abstinet,
3354 3457 3450 3511 sed
3475 3458 3633 3512 etiam

2046 3541 2234 3603 levior,
2283 3542 2593 3611 faciliusque
2630 3542 2926 3609 recumbet,
2968 3558 3127 3614 quam
3174 3546 3219 3600 is
3262 3547 3350 3617 qui
3390 3548 3635 3604 satietate

2046 3633 2389 3689 distenditur.
2424 3633 2647 3689 Somnus
2674 3632 2840 3699 enim,
2872 3634 3060 3706 inquit,
3092 3637 3324 3692 sanitatis
3362 3639 3416 3693 in
3452 3640 3638 3694 viscere

2045 3726 2304 3780 moderato
2330 3725 2519 3797 (Echi.
2552 3727 2642 3781 31.
2682 3725 2798 3796 24).
2825 3726 2965 3792 Quid
3009 3740 3365 3784 memoremus
3396 3731 3631 3797 morbos,

2046 3834 2292 3879 nauseas.
2317 3819 2666 3886 calamitates,
2692 3819 2983 3889 inanesque
3005 3821 3286 3890 sumptus?
3311 3837 3429 3891 quae
3454 3836 3520 3876 ex
3550 3822 3635 3880 his

2045 3910 2306 3965 conviviis
2344 3910 2485 3977 lites,
2533 3922 2654 3981 quae
2700 3909 2927 3975 insidia‘,
2967 3925 3084 3980 qua:
3114 3913 3302 3965 damna
3334 3912 3634 3981 pullulant?

2046 4003 2245 4058 Verum
2280 4016 2441 4058 suave
2470 4011 2554 4057 est
2589 4018 2711 4057 cum
2750 4002 3123 4058 meretricibus
3151 4005 3423 4075 congredi.
3457 4005 3633 4077 Ecqua

2045 4102 2223 4163 potest
2265 4096 2387 4148 e'sse
2414 4094 2659 4163 voluptas
2688 4095 2741 4147 in
2781 4097 2927 4147 tanta
2972 4095 3330 4163 turpitudine?
3368 4096 3471 4151 Sed
3519 4096 3636 4151 haec

2045 4185 2261 4239 interim
2301 4183 2553 4253 indagare
2595 4184 2925 4246 amittamus,
2968 4198 3068 4239 nec
3096 4185 3163 4239 de
3208 4194 3505 4239 amatorum
3538 4202 3634 4255 pu-

2045 4278 2165 4347 gnis
2204 4279 2503 4347 loquamur,
2543 4290 2646 4330 nec
2682 4274 2747 4330 de
2776 4275 3023 4329 rivalium
3067 4276 3502 4331 contentionibus
3546 4280 3629 4333 vel

2044 4367 2473 4423 accusationibus
2501 4385 2514 4420 :
2545 4365 2639 4421 sed
2673 4365 2744 4420 sit
2768 4365 2961 4436 aliquis
2986 4367 3073 4436 qui
3102 4380 3223 4422 cum
3262 4367 3505 4424 libertate
3530 4371 3631 4424 oh-

2047 4475 2228 4515 scoena
2268 4461 2361 4515 illa
2402 4458 2621 4515 libidine
2660 4458 2887 4526 fruatur,
2936 4472 3110 4531 neque
3156 4461 3372 4516 rivalem
3419 4462 3629 4529 habeat,

2046 4566 2221 4620 neque
2272 4552 2339 4607 ab
2382 4551 2581 4607 amasia
2627 4561 3023 4620 contemnatur,
3075 4555 3331 4624 pecunias
3378 4555 3525 4609 velut
3566 4573 3631 4611 ex

2050 4644 2282 4700 fontibus
2315 4645 2533 4701 haustas
2574 4644 2869 4717 impendat,
2902 4646 3109 4701 etiamsi
3158 4645 3272 4702 ﬁeri
3321 4659 3548 4718 nequeat
3578 4659 3635 4702 ut

2046 4738 2162 4794 haec
2187 4738 2365 4793 omnia
2398 4740 2556 4794 simul
2586 4739 2934 4805 conveniant;
2968 4749 3022 4794 at
3048 4740 3095 4795 ei
3126 4740 3213 4810 qui
3259 4740 3478 4796 rivalem
3526 4757 3630 4796 non

2048 4830 2323 4885 habiturus
2363 4840 2446 4887 est
2478 4846 2665 4887 omnes
2691 4831 2969 4887 facultates
2996 4832 3373 4889 exhaurienda:
3404 4843 3545 4899 sunt,
3575 4822 3659 4889 ut"

2049 4922 2293 4990 largitate
2335 4932 2616 4977 munerum
2647 4922 2780 4976 alios
2808 4936 2997 4978 omnes
3034 4933 3287 4993 superet:
3317 4934 3639 4994 rursumque

2048 5027 2169 5066 eum
2200 5012 2290 5082 qui
2331 5011 2564 5082 inopiam
2606 5012 2827 5079 devitat,
2866 5028 2897 5067 a
2934 5016 3216 5070 meretrice
3255 5024 3537 5083 spernatur
3579 5022 3662 5069 ct‘

2048 5113 2328 5173 respuatur
2378 5110 2609 5172 Oportet.
2660 5102 2857 5159 Verum
2896 5105 3254 5161 concedamus
3304 5102 3436 5157 nihil
3492 5103 3636 5173 ejus-

2047 5195 2191 5250 modi
2218 5195 2351 5260 fore,
2374 5194 2468 5251 sed
2491 5196 2668 5250 omnia
2699 5196 2799 5265 ipsi
2821 5213 2886 5252 ex
2909 5199 3169 5253 sententia
3200 5205 3453 5253 eventura
3476 5212 3631 5252 esse:

2044 5302 2204 5358 quam
2244 5287 2295 5340 in
2338 5286 2420 5341 his
2444 5287 2771 5357 voluptatem
2802 5288 2958 5343 nobis
2992 5297 3143 5357 potes
3169 5287 3489 5343 ostendere?
3518 5287 3632 5342 Non

2044 5378 2189 5433 enim
2235 5378 2285 5430 in
2333 5378 2449 5447 ipso
2496 5393 2816 5450 congressus
2864 5388 3104 5449 tempore
3141 5387 3380 5447 apparet,
3422 5378 3513 5432 sed
3546 5380 3633 5449 qui

2111 5512 2127 5542 ί
2162 5512 2235 5561 sic
2266 5510 2406 5577 savii.
2433 5518 2485 5561 et
2519 5525 2691 5562 omnes
2712 5520 2836 5577 ‘tttss.
2862 5510 3023 5577 Morel.
3052 5524 3186 5571 vero,
3209 5513 3584 5577 exqedcntcsqne
3607 5526 3635 5562 ε

2046 5571 2140 5621 vita
2155 5572 2470 5636 comitantur.
2486 5585 2549 5636 λς
2566 5587 2645 5624 vos
2667 5571 2860 5636 quidem
2884 5571 3115 5636 plurium:
3131 5572 3348 5636 ctgloriaz
3366 5582 3412 5625 et
3435 5571 3632 5625 delicia-

2045 5646 2153 5704 rum
2166 5632 2436 5705 occasiones
2450 5630 2693 5694 habentes,
2715 5630 2909 5694 imiign'e
2924 5630 3079 5694 fertis,
3116 5630 3230 5695 eté.,
3244 5636 3410 5687 multis
3432 5644 3627 5699 practer-

2045 5707 2222 5743 missus.

2109 5756 2129 5786 ²
2163 5762 2262 5806 Duo
2285 5762 2413 5816 Mss,
2437 5756 2659 5823 primum.
