4032 6472
375 330 478 409 si?

369 448 568 501 coitum
619 443 868 514 explevit,
919 440 1243 511 voluptatem
1290 438 1577 504 exstinxit;
1629 437 1719 509 qui
1768 445 1944 493 autem

368 538 547 590 adhuc
576 536 628 590 in
660 547 950 601 congressu
987 540 1088 598 est,
1136 546 1242 585 non
1287 530 1339 584 in
1368 530 1637 599 voluptate
1676 528 1805 597 agit,
1854 527 1947 582 sed

372 637 539 692 motu,
568 625 753 680 aculeo
779 635 830 679 et
859 622 1039 677 furore
1058 630 1114 676 et
1143 620 1351 675 fervore
1378 619 1678 674 vehementi
1701 620 1943 688 agitatur.

372 718 529 786 Atqui
565 725 745 770 nostra
776 715 1022 784 voluptas
1057 727 1163 767 non
1190 711 1493 781 huiusmodi
1516 719 1619 777 est,
1652 709 1825 773 absit;
1855 708 1949 763 sed

371 810 605 863 animum
643 810 788 862 omni
820 805 1216 876 perturbatione
1247 818 1468 858 vacuum
1499 811 1697 867 servat,
1727 802 1950 857 nullam-

367 915 471 969 que
491 898 832 969 agitationem
865 895 1090 961 inducit,
1121 894 1214 949 sed
1251 909 1435 964 puram
1464 893 1748 963 quamdam
1775 902 1952 947 servat

370 991 737 1060 integramque
775 988 1032 1050 laetitiam,
1060 1000 1282 1054 eamque
1310 984 1618 1055 gloriosam,
1643 998 1761 1053 qua:
1791 981 1950 1037 ﬁnem

369 1098 475 1136 non
526 1080 740 1145 habeat,
794 1079 1055 1148 longeque
1099 1078 1451 1147 potentiorem
1504 1090 1569 1129 ac
1615 1073 1947 1139 vividiorem,

368 1188 530 1243 quam
568 1180 743 1227 vestra
790 1171 878 1224 sit.
929 1168 1080 1236 Quod
1124 1168 1266 1222 enim
1310 1176 1490 1221 nostra
1536 1165 1606 1218 sit
1643 1163 1947 1234 jucundior,

369 1277 528 1333 quam
572 1271 771 1326 vestra,
820 1258 1026 1329 liquet:
1059 1272 1180 1311 nam
1224 1265 1455 1310 vestram
1498 1246 1674 1309 inetus
1720 1252 1952 1323 abjicere

374 1360 592 1421 potest:
621 1352 665 1406 si
714 1350 856 1406 enim
905 1349 1199 1419 Imperator
1245 1346 1411 1401 literis
1458 1354 1685 1399 mortem
1737 1342 1953 1398 commi-

373 1454 547 1507 netur,
589 1444 655 1500 ab
696 1458 756 1497 ca
788 1442 1057 1512 voluptate
1085 1439 1311 1494 maxima
1360 1452 1480 1508 pars
1508 1437 1780 1490 hominum
1809 1435 1951 1490 absi-

371 1545 496 1591 stet.
536 1533 787 1599 antram
813 1547 941 1587 vero
984 1530 1192 1586 etiamsi
1221 1529 1342 1600 quis
1385 1526 1684 1583 sexcenties
1723 1534 1949 1580 mortem

370 1628 582 1692 inferat,
624 1640 731 1681 non
761 1623 921 1678 modo
949 1636 1057 1677 non
1085 1619 1422 1690 persuadebit
1461 1627 1517 1672 ut
1542 1633 1605 1672 ea
1645 1624 1949 1687 spernatur,

374 1734 558 1772 verum
596 1716 942 1779 irridebitur;
979 1712 1116 1767 adeo
1155 1719 1337 1765 nostra
1381 1709 1663 1763 violentior
1701 1707 1858 1762 simul
1898 1715 1953 1761 et

376 1810 605 1875 dulcior,
637 1823 794 1878 quam
822 1815 997 1861 vestra
1042 1813 1145 1867 est,
1175 1803 1425 1872 nullaque
1447 1817 1667 1872 prorsus
1693 1809 1777 1857 est
1815 1801 1954 1854 inter

370 1912 652 1970 utramque
674 1898 1021 1968 comparatio.
1050 1896 1127 1951 Ne
1152 1897 1328 1965 itaque
1355 1894 1596 1949 invideas
1620 1894 1748 1956 ﬁlio,
1778 1907 1898 1947 cum
1919 1907 1951 1946 a

372 1995 534 2049 buxis
574 1993 746 2056 bonis,
782 2006 902 2061 quae
941 2004 1013 2044 ne
1045 1990 1310 2043 exsistunt
1349 1987 1587 2056 quidem,
1624 1985 1690 2039 ad
1730 1999 1792 2039 ea
1834 1999 1952 2053 quae

371 2097 495 2142 situt
540 2096 595 2142 ct
640 2093 856 2141 manent
899 2099 961 2139 se
996 2081 1231 2146 confert;
1265 2095 1436 2149 neque
1475 2080 1659 2146 lugeas
1693 2092 1814 2132 eum
1862 2076 1952 2147 qui

374 2177 715 2231 beatissimus
755 2171 1121 2244 przrdicandus
1169 2180 1287 2234 est;
1329 2169 1420 2224 scd
1463 2168 1509 2223 is
1544 2167 1820 2238 lugendus,
1863 2168 1953 2237 qui

374 2284 479 2324 non
510 2269 628 2322 talis
662 2275 765 2333 est,
798 2265 993 2336 quique
1019 2262 1072 2317 in
1096 2261 1345 2333 przescnti
1381 2260 1484 2314 vita
1515 2259 1661 2329 quasi
1692 2259 1743 2313 in
1771 2257 1955 2327 euripo

372 2357 772 2415 circumfertur.
816 2357 990 2425 Atque
1034 2362 1089 2408 ut
1133 2351 1198 2407 ad
1230 2366 1489 2405 summam
1517 2348 1952 2404 veniamnszetsi

375 2451 518 2506 enim
551 2459 605 2503 tu
639 2448 855 2518 gentilis
895 2462 974 2512 es,
1004 2444 1140 2498 hanc
1170 2453 1342 2499 tamen
1384 2452 1617 2496 nostram
1657 2441 1952 2495 orationem

374 2544 652 2614 suscipies.
682 2541 847 2597 Audis
874 2553 1019 2608 sche
1053 2537 1300 2606 Cocytos,
1337 2545 1391 2589 et
1420 2531 1952 2603 Pyriphlegethontas

374 2636 587 2699 ﬂuvios,
611 2642 664 2687 et
693 2631 870 2703 Stygis
900 2627 1116 2690 undam,
1147 2637 1201 2681 et
1223 2625 1499 2681 Tartarum
1533 2631 1731 2677 tantum
1759 2638 1789 2675 a
1813 2630 1951 2676 terra

381 2727 688 2792 distantem,
736 2730 989 2794 quantum
1033 2719 1149 2775 haec
1191 2719 1302 2787 ipsa
1351 2717 1509 2771 distat
1549 2730 1577 2768 a
1620 2713 1773 2779 caelo,
1800 2712 1954 2781 pluri-

376 2833 599 2889 mosque
659 2813 1045 2884 suppliciorum
1108 2808 1315 2863 modos.
1373 2806 1485 2861 Etsi
1533 2804 1679 2859 enim
1730 2802 1842 2857 huic
1897 2811 1955 2857 ut

373 2919 525 2966 erant
552 2920 803 2963 enarrare
828 2918 932 2957 non
970 2908 1259 2972 potuerunt
1282 2897 1477 2962 Grzcci,
1504 2902 1687 2964 utpote
1719 2894 1946 2964 propriis

373 3001 503 3057 moti
532 2995 841 3059 ratiociniis,
866 3007 1073 3047 necnon
1096 2988 1466 3045 traditionibus
1487 2995 1793 3041 nostrorum
1817 2985 1954 3039 male

373 3089 624 3158 acceptis,
673 3093 908 3139 attamen
951 3081 1234 3151 imaginem
1264 3077 1546 3148 quamdam
1584 3075 1768 3146 judicii
1799 3090 1951 3131 acce-

375 3190 585 3251 perunt.
615 3178 851 3246 Itemque
877 3172 1119 3230 invenies
1144 3180 1198 3226 et
1225 3179 1411 3240 poetas
1451 3178 1507 3223 et
1534 3165 1876 3237 philosOphos
1900 3175 1955 3220 et

373 3280 615 3327 oratores
658 3275 818 3336 atque
870 3277 1029 3319 omne
1069 3261 1387 3330 scriptorum
1427 3271 1595 3327 genus
1640 3260 1737 3310 hac
1788 3255 1856 3310 de
1897 3269 1954 3309 re

373 3358 828 3431 philOSophantes.
856 3352 1021 3408 Audis
1048 3360 1224 3405 autem
1251 3358 1308 3404 et
1338 3348 1577 3419 Elysium
1603 3360 1869 3414 campum,
1900 3353 1956 3399 et

373 3454 647 3507 beatorum
686 3446 906 3511 insulas,
937 3453 991 3499 et
1020 3453 1170 3513 prata
1210 3449 1265 3497 et
1292 3450 1516 3512 myrtos,
1548 3448 1603 3494 et
1644 3452 1829 3492 auram
1871 3445 1952 3492 te-

373 3557 533 3597 nuem
555 3539 881 3606 odoremque
907 3532 1279 3589 suavissimum
1300 3547 1315 3595 ;
1339 3531 1533 3585 choros
1557 3529 1681 3582 item
1711 3526 1783 3582 ibi
1809 3541 1955 3582 com-

374 3640 666 3696 morantes,
715 3627 940 3682 amictos
977 3623 1114 3680 stola
1152 3621 1399 3684 candida.
1448 3623 1673 3676 choreas
1713 3627 1953 3690 agentes,

373 3735 532 3794 atque
561 3722 795 3793 hymnos
815 3717 1070 3790 quosdam
1099 3723 1351 3772 canentes
1380 3733 1392 3768 :
1419 3728 1482 3769 ac
1511 3712 1800 3769 universim
1842 3727 1953 3766 ma-

377 3817 444 3870 lis
466 3822 520 3868 et
551 3812 705 3868 bonis
743 3818 861 3880 post
884 3808 1085 3863 obitum
1113 3807 1399 3876 repositam
1438 3818 1534 3874 pro
1570 3802 1778 3857 meritis
1803 3802 1955 3857 retri-

375 3905 669 3959 butionem.
699 3900 816 3969 Quo
855 3908 1008 3970 putas
1033 3896 1193 3969 igitur
1217 3895 1377 3951 animi
1420 3895 1612 3949 atfectu
1641 3893 1823 3948 vivere
1861 3908 1956 3947 eos

373 3993 471 4063 qui
505 3990 765 4060 ejusmodi
812 3987 1160 4058 cogitationes
1194 3993 1430 4050 versant,
1470 3982 1583 4038 sive
1609 3982 1800 4047 bonos,
1842 3980 1956 4035 sive

375 4083 582 4141 malos?
611 4080 797 4136 Nonne
829 4078 915 4133 alii
942 4075 1179 4149 quidem,
1221 4076 1321 4132 etsi
1349 4076 1404 4132 in
1437 4073 1687 4145 praesenti
1730 4073 1839 4126 vita
1862 4071 1957 4127 de-

372 4183 503 4246 gant
539 4174 655 4230 sine
693 4183 925 4227 meat-ore
962 4182 1277 4239 summaque
1323 4181 1445 4222 cum
1482 4164 1772 4234 voluptate,
1803 4162 1953 4234 quasi

373 4265 602 4337 quodam
629 4262 968 4321 conscientia:
996 4260 1225 4331 ﬂagello,
1257 4259 1663 4327 futurorumque
1693 4255 1953 4310 malorum

373 4357 784 4427 exspectatione
809 4369 1023 4425 semper
1050 4352 1422 4413 stimulantur;
1451 4349 1573 4403 boni
1601 4362 1727 4403 vero
1747 4347 1954 4403 etiamsi

378 4446 531 4506 malis
587 4445 880 4501 innumeris
933 4452 1230 4505 vexentur,
1280 4439 1572 4496 secundum
1627 4437 1952 4503 Pindarum,

377 4554 529 4609 spem
576 4538 793 4603 habent,
834 4550 937 4607 qua
984 4541 1314 4598 recreentur,
1346 4546 1464 4602 qua:
1506 4530 1642 4584 mala
1671 4531 1953 4600 praesentia

376 4631 521 4705 ipsos
550 4642 648 4682 nec
684 4626 884 4681 sentire
909 4624 1073 4680 sinit?
1096 4622 1277 4691 Itaque
1315 4623 1366 4677 iu
1407 4619 1510 4677 hoc
1533 4634 1744 4690 quoque
1785 4620 1957 4687 major

379 4719 496 4774 lucc
527 4717 769 4787 voluptas
797 4724 898 4770 est.
932 4713 1097 4768 Multo
1123 4712 1264 4767 enim
1297 4710 1485 4767 melius
1510 4718 1594 4764 est
1621 4723 1650 4761 a
1684 4716 1954 4778 tempora-

380 4809 498 4870 neis
538 4806 808 4868 laboribus
850 4805 1104 4876 incipere,
1147 4812 1307 4872 atque
1339 4801 1392 4855 in
1423 4799 1683 4855 inﬁnitam
1718 4798 1954 4868 requiem

377 4899 647 4963 desinere,
674 4912 831 4968 quam
867 4897 959 4963 iis,
984 4912 1101 4968 qua:
1128 4893 1510 4966 jucundissima
1540 4890 1785 4946 videntur
1813 4905 1953 4956 csse,

379 4991 614 5051 breviter
638 4989 882 5060 gustatis,
919 4987 971 5045 in
1007 4985 1349 5041 acerbissima
1378 4993 1433 5039 et
1466 4981 1779 5053 gravissima
1820 4982 1956 5036 mala

380 5082 648 5138 decidere.
691 5079 825 5137 Cum
867 5088 1042 5134 autem
1092 5076 1160 5135 ad
1202 5075 1316 5130 hrrc
1364 5076 1416 5129 in
1464 5074 1711 5129 confesso
1756 5074 1826 5127 sit
1874 5071 1959 5125 hic

382 5171 544 5233 etiam
566 5171 725 5226 vitam
755 5171 896 5225 illam
927 5165 1455 5237 essejucuudiorcm,
1483 5178 1682 5231 nonne,
1720 5171 1780 5217 ut
1808 5162 1958 5216 initio

379 5261 653 5331 dicebam,
678 5260 964 5324 miserandi
1009 5266 1131 5319 sunt
1168 5256 1223 5322 ii,
1265 5256 1354 5332 qui
1381 5254 1447 5310 de
1478 5252 1670 5309 talibus
1698 5252 1852 5313 bonis
1878 5252 1957 5306 la-

1085 322 1146 380 s.
1182 320 1460 379 JOANNIS
1494 304 1969 380 CHRYSOSTOMi
2009 318 2323 377 ARCillEP.
2364 322 2892 381 consummes.
3524 331 3623 387 sis

2062 440 2411 512 crymantur?
2440 440 2579 495 Sane
2614 441 2757 495 luctu
2801 441 2991 512 dignus
3036 458 3139 497 non
3187 454 3268 497 est
3311 446 3447 499 lilius
3487 455 3623 511 tuus,

2058 529 2150 584 sed
2193 529 2375 599 plausu
2413 540 2465 584 et
2494 533 2727 597 coronis,
2757 548 2845 603 qui
2883 533 2949 587 ad
2993 534 3326 600 tranquillam
3355 540 3515 590 vitam
3546 550 3626 592 tuo

2060 631 2275 692 tumque
2317 631 2527 692 portum
2563 637 2622 680 se
2648 626 2868 693 recepit.
2900 627 2967 679 At
2990 630 3308 694 exprobrant
3331 627 3422 681 tibi
3455 641 3630 697 patres

2057 712 2291 778 plurimi,
2333 728 2556 781 quorum
2587 712 2678 767 ﬁlii
2710 713 2763 767 in
2805 716 3046 783 prmsenti
3091 716 3290 769 sarculo
3318 730 3628 783 versantur;

2057 812 2111 857 et
2138 803 2225 856 alii
2273 818 2392 857 cum
2437 803 2661 869 vident,‘
2689 815 2828 858 tuam
2875 807 3041 860 vicem
3088 807 3269 862 dolent
3324 809 3365 873 ί,
3411 811 3632 865 in'ident

2056 894 2182 947 alii.
2225 893 2331 949 Cur
2375 903 2428 948 tu
2494 909 2599 948 non
2657 909 2753 949 eos
2811 896 2976 965 magis
3020 898 3209 951 irrides
3248 906 3300 952 et
3348 898 3632 967 deploras?

2055 984 2237 1055 Neque
2253 986 2396 1040 enim
2413 984 2463 1039 id
2482 986 2855 1041 attendendum
2872 998 2952 1041 est
2970 988 3011 1041 si
3036 988 3188 1042 nobis
3211 989 3456 1054 illudunt,
3479 991 3570 1045 sed
3587 992 3628 1045 si

2053 1075 2174 1143 jure
2211 1090 2275 1129 ac
2308 1077 2498 1131 merito
2522 1094 2537 1131 :
2560 1085 2616 1132 et
2653 1077 2700 1131 si
2742 1078 2812 1132 ita
2840 1093 2926 1132 res
2964 1093 3023 1131 se
3062 1079 3279 1141 habeat,
3309 1082 3516 1135 etiamsi
3558 1082 3630 1136 illi

2057 1182 2162 1220 non
2200 1167 2427 1233 rideant,
2473 1183 2572 1222 nos
2614 1168 2920 1238 lugeamus;
2963 1170 3044 1224 sin
3079 1185 3204 1225 vero
3242 1171 3429 1238 injuria
3477 1172 3528 1226 id
3559 1173 3634 1226 fa-

2056 1258 2218 1322 ciant,
2247 1259 2454 1313 etiamsi
2482 1274 2671 1314 omnes
2696 1260 2926 1324 rideant,
2960 1275 3057 1314 nos
3084 1269 3262 1316 tamen
3292 1263 3475 1318 beatos
3507 1280 3632 1318 cen-

2057 1362 2289 1414 seamus,
2321 1349 2439 1403 illos
2461 1364 2587 1404 vero
2613 1349 2904 1419 lugeamus,
2941 1359 3127 1419 utpote
3154 1351 3245 1420 qui
3284 1353 3523 1406 omnium
3551 1353 3633 1407 in-

2058 1438 2347 1494 felicissimi
2375 1441 2502 1507 sint,
2533 1449 2588 1496 et
2617 1442 2782 1495 nihilo
2801 1442 3002 1497 insanis
3027 1443 3295 1497 meliores.
3324 1442 3631 1499 lnsanorum

2057 1531 2253 1601 quippe
2284 1543 2387 1596 e5t,
2424 1540 2480 1586 et
2506 1532 2766 1601 ejusmodi
2809 1532 2997 1586 morbo
3023 1532 3394 1596 laborantium,
3433 1534 3518 1587 illa
3558 1536 3632 1590 ri-

2057 1621 2206 1689 dere,
2238 1637 2357 1691 quae
2385 1622 2626 1693 plurimis
2655 1622 2899 1676 laudibus
2936 1630 2991 1677 et
3031 1622 3244 1677 coronis
3287 1623 3443 1692 digna
3488 1636 3631 1679 sunt.

2060 1713 2156 1784 Dic
2190 1715 2352 1774 enim,
2388 1729 2609 1783 quaeso;
2633 1714 2677 1768 si
2713 1713 2781 1769 de
2820 1714 2929 1768 ﬁlio
2954 1723 3045 1768 tuo
3073 1716 3377 1769 saltatorum
3408 1726 3463 1771 et
3489 1719 3635 1771 auri-

2056 1819 2241 1876 garum
2278 1805 2541 1860 insaniam
2588 1805 2884 1860 admirante
2927 1815 2977 1860 te
3015 1820 3204 1859 omnes
3256 1805 3531 1861 laudarent
3572 1822 3635 1863 ac

2059 1896 2270 1952 beatum
2297 1898 2670 1968 praedicarent,
2710 1913 2889 1952 nonne
2927 1897 2976 1952 id
3015 1897 3298 1953 derisionis
3325 1899 3442 1953 loco
3468 1899 3633 1955 habe-

2058 1989 2185 2043 res?
2217 1987 2354 2055 Quid
2394 1988 2590 2059 igitur?
2640 1989 2686 2042 si
2727 1996 2781 2043 te
2821 1998 3098 2043 strenuum
3140 1989 3341 2043 facinus
3381 1989 3637 2059 laudeque

2063 2079 2279 2149 dignum
2321 2079 2515 2133 edente
2558 2079 2631 2132 illi
2684 2079 2940 2141 riderent,
2984 2079 3185 2148 tibique
3225 2079 3634 2148 exprobrarent,

2059 2184 2237 2225 nonne
2263 2178 2502 2223 amentes
2524 2169 2643 2223 illos
2668 2183 2787 2223 esse
2808 2169 3052 2223 diceres?
3078 2170 3236 2238 Atqui
3261 2169 3361 2223 hoc
3389 2183 3530 2222 nunc
3557 2168 3638 2222 fa-

2059 2261 2265 2316 ciamus
2292 2279 2305 2315 :
2333 2276 2440 2315 non
2482 2260 2837 2315 multitudinis
2863 2260 3123 2330 opinioni,
3153 2260 3249 2315 sed
3275 2260 3513 2329 diligenti
3555 2275 3639 2314 re-

2060 2369 2175 2409 rum
2205 2353 2434 2407 examini
2463 2353 2726 2407 calculum
2761 2351 2829 2406 de
2856 2352 2963 2405 ﬁlio
2996 2360 3088 2405 tuo
3108 2350 3385 2406 ferendum
3413 2351 3640 2420 permit-

2061 2453 2269 2499 tamus:
2297 2452 2351 2499 et
2380 2442 2584 2499 videbis
2619 2444 2865 2498 irrisores
2892 2443 3012 2497 illos
3050 2444 3430 2513 mancipiorum
3464 2445 3643 2513 petitis

2059 2550 2216 2604 quam
2261 2533 2549 2588 liberorum
2590 2543 2837 2603 parentes
2876 2548 3015 2595 esse,
3059 2537 3104 2589 si
3146 2548 3331 2589 eorum
3374 2536 3481 2588 nati
3530 2535 3642 2591 tilio

2061 2635 2151 2682 tuo
2175 2635 2571 2696 comparentur.

2133 2718 2361 2772 Historia
2398 2719 2660 2789 cujusdam
2692 2719 2908 2773 solitarii
2935 2718 3078 2784 cuius
3105 2726 3246 2787 pater
3280 2718 3480 2790 gentilis
3505 2728 3641 2774 erat.

2058 2840 2131 2850 -
2147 2810 2296 2865 Nunc
2322 2825 2479 2881 porro
2503 2826 2735 2867 moerere
2759 2811 3135 2867 obtenebratus
3156 2826 3223 2867 ne
3245 2813 3509 2880 respicere
3528 2813 3645 2883 qui-

2060 2904 2182 2959 dem
2225 2903 2323 2959 ista
2365 2904 2596 2973 poteris;
2627 2919 2748 2959 cum
2781 2912 2958 2959 autem
2991 2905 3224 2958 animum
3254 2903 3554 2970 sedaveris,
3582 2905 3644 2957 ﬁ-

2061 2996 2265 3066 liusque
2295 3006 2413 3050 tuus
2444 3010 2685 3066 magnam
2730 2995 2977 3049 virtutem
3008 2995 3339 3063 exhibuerit,
3370 3011 3474 3052 non
3506 2996 3642 3049 ultra

2061 3085 2153 3140 tibi
2177 3085 2400 3141 aliorum
2422 3101 2667 3142 sermone
2691 3099 2825 3154 opus
2844 3085 2964 3149 erit,
2989 3085 3081 3139 sed
3102 3094 3155 3138 tu
3177 3068 3292 3139 haec
3310 3094 3364 3140 et
3388 3084 3468 3139 his
3494 3085 3641 3154 plura

2060 3178 2178 3232 aliis
2201 3178 2363 3232 dices.
2392 3178 2458 3232 Et
2489 3178 2603 3233 haec
2630 3192 2728 3248 ego
2758 3191 2860 3231 non
2890 3176 2980 3230 tibi
3013 3185 3212 3231 temere
3239 3177 3514 3238 vaticinor,
3546 3175 3639 3230 sed

2060 3283 2177 3339 quae
2197 3269 2385 3339 loquor
2406 3277 2655 3339 expertus
2680 3283 2820 3322 sum.
2848 3267 3065 3321 Amicus
3090 3267 3230 3322 enim
3257 3265 3384 3320 mihi
3410 3264 3526 3330 fuit,
3552 3267 3641 3335 qui

2061 3372 2267 3432 patrem
2316 3361 2544 3417 habebat
2585 3361 2888 3427 inﬁdelem,
2928 3360 3184 3426 divitem,
3225 3367 3559 3428 spectatum,
3586 3364 3643 3413 et

2062 3453 2409 3524 undequaque
2434 3454 2656 3508 clarum.
2687 3452 2737 3507 ls
2765 3453 2996 3522 primum
3022 3450 3303 3506 concitavit
3343 3451 3639 3521 principes,

2059 3544 2289 3598 minatus
2328 3553 2413 3599 est
2448 3544 2689 3609 vincula,
2728 3543 3006 3613 ipsumque
3050 3542 3299 3597 omnibus
3336 3551 3549 3597 exutum
3586 3541 3640 3596 in

2059 3634 2230 3689 aliena
2257 3644 2399 3689 terra
2426 3633 2652 3704 reliquit,
2679 3632 2995 3688 necessariis
3018 3632 3176 3687 etiam
3202 3631 3466 3685 alimentis
3483 3646 3643 3701 egon-

2062 3734 2191 3792 tem,
2215 3723 2318 3781 hoc
2341 3725 2497 3780 modo
2524 3734 2715 3795 putans
2742 3739 2801 3778 se
2831 3724 2975 3778 illum
3005 3723 3071 3777 ad
3101 3723 3279 3777 saeculi
3302 3724 3464 3775 vitam
3488 3722 3644 3777 redu~

2060 3826 2271 3871 cturum
2303 3832 2317 3869 :
2350 3824 2628 3886 postquam
2666 3823 2843 3869 autem
2875 3814 3024 3867 illum
3063 3813 3115 3867 in
3151 3813 3300 3867 nullo
3327 3812 3426 3866 sibi
3454 3811 3644 3867 cedere

2060 3905 2228 3970 vidit,
2255 3905 2427 3960 victus
2461 3904 2672 3959 tandem
2710 3904 3029 3973 palinodiam
3065 3903 3290 3968 cecinit,
3324 3916 3387 3957 ac
3422 3916 3561 3957 nunc
3590 3901 3641 3954 in

2066 3996 2269 4051 honore
2312 3995 2480 4050 ﬁlium
2527 3994 2720 4060 habet,
2761 4008 2988 4064 eumque
3022 3994 3189 4063 magis
3217 4009 3375 4062 quam
3415 3993 3458 4046 si
3498 4002 3644 4061 pater

2063 4101 2193 4142 suus
2232 4096 2410 4151 esset,
2452 4094 2777 4141 veneratur:
2808 4100 3037 4154 cumque
3074 4084 3207 4138 alios
3242 4083 3433 4137 habeat
3475 4083 3639 4147 ﬁlios,

2065 4186 2332 4247 Spectatos
2359 4176 2522 4243 viros,
2552 4191 2644 4232 eos
2669 4191 2735 4230 ne
2758 4177 2947 4246 dignos
2970 4176 3181 4245 quidem
3207 4176 3296 4245 qui
3322 4175 3459 4229 servi
3491 4174 3646 4242 hujus

2064 4268 2171 4322 sint
2196 4268 2482 4323 arbitratur
2511 4285 2524 4320 :
2554 4268 2667 4338 ipse
2692 4282 2902 4338 quoque
2931 4275 3147 4336 propter
3174 4267 3339 4319 ﬁlium
3365 4265 3520 4335 longe
3539 4265 3644 4318 cla-

2065 4362 2175 4416 rior
2195 4368 2296 4415 est.
2321 4360 2444 4415 llmc
2464 4361 2516 4415 in
2538 4369 2629 4415 tuo
2650 4375 2860 4430 quoque
2881 4359 2989 4413 ﬁlio
3009 4358 3322 4413 videbimus.
3347 4357 3497 4424 Quod
3522 4371 3644 4410 vero

2064 4469 2170 4509 non
2199 4453 2444 4518 mentiar,
2473 4469 2538 4508 ex
2568 4453 2729 4508 rebus
2758 4453 2886 4522 ipsis
2915 4450 3136 4505 videbis.
3168 4451 3344 4517 Quare
3376 4450 3533 4502 linem
3565 4449 3644 4503 lo-

2063 4544 2260 4616 quendi
2289 4544 2498 4608 faciam,
2530 4543 2582 4598 id
2607 4551 2809 4597 tantum
2837 4556 3046 4612 rogans,
3079 4550 3137 4594 ut
3162 4555 3300 4594 anno
3329 4555 3434 4594 uno
3461 4554 3647 4607 exspe-

2064 4646 2200 4700 ctes,
2230 4644 2320 4691 aut
2344 4636 2519 4690 minus
2545 4636 2725 4689 etiam.
2753 4632 2943 4688 Nostra
2967 4633 3162 4702 quippe
3182 4632 3348 4685 virtus
3375 4645 3480 4684 non
3512 4630 3647 4683 mul-

2067 4726 2137 4781 tis
2162 4740 2297 4795 opus
2330 4724 2491 4780 habet
2517 4724 2704 4779 diebus
2723 4764 2739 4789 ,
2771 4731 2952 4793 utpote
2978 4738 3096 4792 qua:
3119 4720 3297 4775 divina
3322 4720 3488 4789 gratia
3525 4718 3645 4787 pul-

2068 4817 2196 4875 lulet
2219 4833 2231 4868 :
2257 4814 2566 4884 videbisque
2585 4828 2646 4869 ea
2668 4814 2843 4869 omnia
2865 4828 2983 4883 quae
3002 4812 3141 4867 dicta
3162 4819 3304 4875 sunt,
3329 4810 3488 4864 rebus
3515 4808 3646 4877 ipsis

2067 4905 2283 4974 impleta
2321 4921 2333 4959 :
2375 4918 2546 4972 neque
2585 4902 2744 4957 modo
2783 4917 2845 4957 ea
2885 4916 3003 4971 quae
3044 4901 3178 4955 facta
3216 4908 3341 4954 sunt
3377 4897 3644 4964 laudabis,

2064 5009 2250 5050 verum
2273 5035 2287 5060 ,
2321 4994 2365 5048 si
2400 5002 2452 5049 te
2485 4993 2748 5048 tantillum
2782 4992 3016 5048 excitare
3042 4991 3308 5056 volueris,
3337 4989 3442 5044 cito
3482 4988 3645 5065 ipsius

2066 5085 2288 5141 temulus
2313 5086 2451 5151 eris,
2481 5084 2789 5155 magistrum
2817 5081 3020 5138 habens
3048 5083 3101 5136 in
3131 5081 3323 5137 virtute
3351 5079 3541 5134 ﬁlium.

2134 5271 2150 5301 ¹
2185 5266 2323 5318 savii.
2343 5270 2392 5317 in
2425 5267 2663 5329 margine,
2684 5270 2728 5315 te
2749 5262 2898 5329 digito
2919 5259 3189 5327 designant.
