4032 6396
116 348 208 407 3-57

117 465 166 520 ἐν
192 458 397 533 θορύϐῳ
427 455 518 512 καὶ
551 458 760 529 ταραχῇ
801 457 895 511 xal
923 459 1122 530 οῖστρῳ
1155 459 1250 512 καὶ
1277 459 1446 530 μανίᾳ
1473 461 1567 514 καί⁸
1593 460 1768 532 κλόνῳ

116 546 278 619 πολλῷ
299 547 394 600 καὶ
420 542 668 618 βρασμῷ.
709 544 850 598 Ἀλλ’
875 545 973 618 οὐχ
1000 549 1034 618 ἡ
1065 549 1197 619 παρ’
1229 547 1362 618 ἡμῖν
1385 547 1550 620 ἡδονὴ
1581 548 1769 603 τοιαύ-

114 655 198 710 τη·
230 639 302 709 μὴ
331 636 570 706 γένοιτο⁸
601 635 740 688 ἀλλά
781 635 1074 701 διαπαντὸς
1117 637 1448 710 ἀχείμαστον
1487 641 1647 706 τηρεῖ
1671 637 1768 711 τὴν

113 723 303 795 ψυχὴν,
337 723 431 776 καὶ
467 721 694 792 θόρυϐον
725 722 934 787 οὐδένα,
963 723 1084 777 οὐδὲ
1119 724 1306 778 κλόνον
1344 725 1570 794 ἐπάγει,
1597 725 1770 781 καθα-

119 813 203 884 ράν
241 810 293 866 δέ
338 826 458 864 τινα
499 808 840 882 εὐφροσύνην
871 812 966 865 καὶ
999 812 1270 885 εἰλικρινῆ
1310 815 1406 868 xal
1431 814 1641 880 ἔνδοξον
1672 817 1772 870 καὶ

113 899 248 962 τέλος
271 897 368 952 οὐκ
394 897 642 968 ἔχουσαν.
669 897 1045 970 δυνατωτέραν
1068 917 1128 953 τε
1165 901 1345 972 πολλῷ
1373 901 1486 975 [74]
1517 903 1610 956 καὶ
1638 921 1770 974 σφο-

115 985 354 1058 δροτέραν
383 984 483 1054 τῆς
512 985 642 1056 παρ’
679 985 829 1056 ύμῖν.
867 987 986 1040 Ὅτι
1013 987 1122 1058 γὰρ
1152 987 1316 1060 ἡδίων
1343 989 1483 1062 αὕτη
1511 993 1544 1060 ἡ
1580 991 1766 1064 ἡδονὴ,

116 1073 198 1143 τὴν
231 1072 326 1144 μὲν
371 1071 644 1143 ὑμετέραν
685 1073 869 1137 ἱκανὸς
908 1075 1213 1145 ἀποστῆσαι
1252 1077 1418 1144 φόϐος
1453 1093 1468 1108 °
1501 1077 1604 1132 κᾶν
1659 1079 1768 1152 γὰρ

119 1162 345 1234 βασιλεὺς
373 1162 677 1234 γράμματα
708 1164 1042 1237 καταπέμψῃ
1071 1165 1301 1220 θάνατον
1330 1167 1677 1230 ἀπειλοῦντα.
1706 1170 1768 1224 τὸ

117 1249 260 1304 πλέον
307 1248 416 1303 τῶν
462 1248 768 1320 ἀνθρώπων
812 1252 1136 1324 ἐκστήσεται
1179 1253 1384 1324 ταύτης
1427 1255 1528 1326 τῆς
1550 1256 1766 1328 ἡδονῆςο

117 1336 306 1409 ἐκείνης
326 1336 381 1390 δὲ
401 1347 443 1404 ⁸,
465 1335 568 1391 κᾶν
593 1337 819 1410 μυρίους
839 1338 1100 1404 θανάτους
1117 1357 1202 1404 τις
1224 1341 1484 1414 ἐπιφέρῃ,
1504 1343 1566 1397 ού
1589 1343 1770 1399 πείσει

119 1427 485 1495 καταφρονεῖν,
535 1425 674 1479 ἀλλά
735 1429 832 1482 καὶ
881 1427 1279 1498 γελασθὴσεται
1339 1429 1574 1501 μᾶλλον·
1625 1431 1772 1486 οὕτω

116 1509 530 1582 τυραννικωτέρα
557 1527 616 1564 τε
642 1511 778 1584 αὕτη
802 1513 952 1567 ἐστὶν
975 1513 1192 1585 ἐκείνης
1213 1515 1310 1569 καὶ
1333 1515 1514 1586 ἡδίων,
1543 1519 1637 1571 καὶ
1659 1519 1768 1573 οὐδ’

115 1595 171 1648 ἀν
188 1595 461 1668 σύγκρισιν
487 1595 699 1662 δέξαιτο
716 1598 745 1639 ι)
767 1599 904 1671 πρὸς
925 1599 1160 1672 ἐκείνην.
1187 1601 1278 1672 Μὴ
1305 1600 1369 1672 δὴ
1393 1601 1672 1674 βασκήνῃς
1691 1603 1770 1676 τῷ

117 1684 262 1748 παιδὶ,
288 1685 395 1738 ἀπὺ
416 1683 528 1738 τῶν
559 1685 796 1758 ῥεόντων
823 1685 1070 1756 ἀγαθῶν,
1105 1687 1305 1759 μᾶλλον
1337 1689 1394 1742 δὲ
1421 1689 1544 1744 οὐδὲ
1577 1691 1768 1756 ὄντων,

115 1769 192 1822 ἐπὶ
203 1769 265 1824 τά
285 1770 412 1824 ὄντα
432 1771 530 1824 καὶ
558 1771 788 1843 μένοντα
811 1773 1160 1839 διαϐαίνοντι,
1183 1775 1317 1846 μηδὲ
1340 1775 1526 1848 θρήνει
1549 1777 1640 1832 τὸν
1665 1795 1772 1849 μα·-

116 1857 406 1929 καρίζεσθαι
445 1859 618 1926 ἄξιον,
661 1861 776 1914 ἀλλ’
807 1861 862 1915 εί
901 1879 988 1926 τις
1029 1863 1104 1934 μὴ
1141 1863 1382 1928 τοιοῦτος
1423 1865 1677 1937 καθάπερ
1715 1867 1774 1919 ὲν

116 1945 300 2017 εύρίπῳ
344 1945 422 2019 τῷ
469 1947 701 2020 παρόντι
735 1948 836 2020 βίῳ
884 1949 1206 2022 φερόμενος.
1247 1952 1359 2006 Kal
1393 1951 1456 2005 τὸ
1497 1952 1561 2024 δὴ
1602 1953 1772 2024 κεφά-

114 2031 266 2087 λαιονσ
295 2035 466 2107 εῖγάρ
493 2036 586 2090 καὶ
601 2036 836 2101 ἄπιστος
860 2037 925 2091 σὺ
955 2039 1051 2092 καὶ
1079 2025 1573 2112 Ἕλληνβμωςκᾶν
1585 2041 1774 2096 τοῦτον

114 2121 482 2194 παραδέξῃτὸν
504 2123 682 2194 λόγον.
716 2124 962 2190 Ἀκούεις
985 2127 1284 2191 Κωκυτοὺς
1307 2128 1526 2193 πάντως
1547 2129 1643 2182 καὶ
1665 2130 1766 2182 Πυο

115 2210 510 2280 ριφλεγέθοντας
529 2214 832 2284 ποταμοὺς,
851 2213 948 2267 καὶ
967 2213 1172 2283 Στυγὸς
1195 2214 1358 2286 ὕδωρ,
1377 2216 1473 2270 καὶ
1488 2212 1777 2287 Τάρταρον

111 2295 334 2350 τοσοῦτον
360 2299 640 2371 ἀπέχοντα
663 2299 765 2370 τῆς
797 2301 920 2371 γῆς,
951 2301 1076 2356 ὅσον
1108 2301 1248 2374 αὓτη
1272 2302 1367 2356 τοῦ
1397 2303 1652 2376 ούρανοῦ,
1680 2303 1775 2358 καὶ

115 2383 316 2449 πολλοὺς
343 2387 628 2443 κολάσεων
659 2388 916 2460 τρόπους.
950 2390 1013 2443 El
1050 2389 1160 2462 γὰρ
1191 2391 1286 2444 καὶ
1321 2390 1459 2462 μετά
1481 2391 1770 2464 ἀληθείας,

113 2469 311 2544 ὥςέχει,
339 2475 518 2530 ταῦτα
542 2477 717 2530 εἰπεῖν
736 2477 837 2531 οὐκ
861 2476 1206 2550 ἠδυνήθησαν
1233 2478 1516 2552 Ἕλληνες,
1547 2479 1646 2534 ἆτε
1667 2480 1774 2534 ἀπὸ

115 2557 358 2633 λογισμῶν
420 2563 744 2634 κινηθέντες
800 2567 894 2618 καῖ¹
961 2568 1438 2638 παρακουσμάτων
1489 2567 1600 2622 τῶν
1641 2569 1774 2640 παρ’

115 2646 254 2719 ἡμῖν,
277 2651 384 2706 ἀλλ’
415 2653 576 2724 ὅμως
599 2651 786 2708 εἰκόνα
807 2653 932 2708 τινὰ
960 2654 1198 2726 κρίσεως
1227 2654 1420 2710 ἔλαϐον
1440 2673 1454 2687 ⁸
1487 2657 1583 2710 καὶ
1610 2675 1770 2728 ποιη-

116 2735 199 2800 τὰς
234 2739 319 2792 καὶ
347 2739 676 2810 φιλοσόφους
720 2743 817 2794 καὶ
855 2740 1202 2810 λογοποιοὺς,
1235 2745 1329 2798 καὶ
1365 2743 1572 2809 πάντας
1611 2745 1776 2818 εὑρὴ-

120 2838 214 2888 σεις
229 2826 356 2897 ὑπὲρ
375 2826 589 2880 τούτων
613 2826 1039 2898 φιλοσοφοῦντας
1063 2829 1172 2883 τῶν
1188 2830 1497 2902 δογμάτων.
1528 2832 1775 2898 Ἀκούεις

120 2907 166 2963 δὲ
186 2912 267 2965 καὶ
295 2913 548 2968 Ἠλύσιον
569 2915 772 2980 πεδίον,
803 2917 899 2969 καὶ
925 2917 1190 2988 μακάρων
1208 2919 1428 2990 νήσους,
1454 2919 1550 2973 καὶ
1574 2918 1776 2990 λειμῶ-

120 3014 216 3064 νας,
243 3001 328 3055 καὶ
359 3003 652 3076 μυρσίνας,
687 3002 786 3057 καὶ
813 3003 1016 3076 λεπτὴν
1037 3003 1234 3076 αὔραν,
1262 3006 1358 3060 καὶ
1382 3006 1610 3060 εὐωδίαν
1645 3005 1777 3061 πολ-

117 3085 216 3159 λὴν,
241 3091 327 3145 καὶ
352 3093 556 3164 χοροὺς
589 3092 709 3146 ὲκεῖ
744 3091 1146 3164 διατρίϐοντας,
1182 3095 1278 3148 καὶ
1309 3095 1512 3166 λευκὴν
1555 3095 1779 3166 περιϐε-

119 3174 386 3249 ϐλημένους
411 3179 632 3251 στολὴν,
663 3179 987 3251 χορεύοντάς
1015 3198 1074 3234 τε
1101 3181 1196 3236 καὶ
1217 3181 1442 3254 ᾅδοντας
1471 3182 1676 3254 ὕμνους
1700 3201 1779 3236 τι-

117 3261 226 3329 νάς,
255 3267 342 3319 καὶ
381 3267 526 3331 ὅλως
574 3266 670 3320 καὶ
709 3270 967 3338 πονηροῖς
1008 3267 1102 3321 καὶ
1132 3268 1358 3338 ἀγαθοῖς
1401 3269 1778 3340 ἀποκειμένην

115 3347 349 3406 ἀντίδοσιν
369 3354 518 3424 μετά
535 3354 634 3426 τὴν
655 3353 904 3408 ἐντεῦθεν
921 3355 1248 3426 ἀποδημίαν.
1265 3356 1389 3420 Πῶς
1407 3352 1499 3410 οῦν
1513 3357 1616 3410 οἱέι
1641 3357 1780 3428 μετά

113 3438 342 3494 τοιούτων
370 3440 526 3512 βιοῦν
551 3441 660 3495 τῶν
683 3442 961 3514 λογισμῶν
983 3454 1008 3482 ο
1039 3443 1167 3508 τούς
1185 3459 1245 3496 τε
1272 3443 1536 3512 ἀγαθοὺς,
1561 3444 1688 3508 τούς
1715 3462 1777 3498 τε

111 3523 165 3576 οὐ
188 3526 484 3594 τοιούτους;
511 3527 624 3598 Ούχ
651 3529 702 3580 οί
735 3529 834 3600 μὲν
857 3529 1028 3582 ταῦτα
1046 3529 1390 3601 στρέφοντες,
1428 3529 1531 3584 κᾶν
1556 3530 1778 3596 ἀλύπως

113 3611 274 3678 αὐτοῖς
303 3616 395 3669 καὶ
449 3615 594 3686 μετά
643 3615 848 3688 πολλῆς
877 3619 980 3688 τῆς
1029 3618 1224 3690 ἡδονῆς
1263 3618 1335 3672 τά
1369 3619 1464 3672 τοῦ
1510 3620 1780 3689 παρόντος

111 3707 346 3776 προχωρῇ
381 3704 525 3776 βίου,
557 3704 812 3778 καθάπερ
851 3707 956 3760 ὑπό
983 3723 1129 3771 τινος
1166 3707 1481 3761 ἐλαύνονται
1515 3708 1780 3778 μάστιγος

111 3789 192 3842 τοῦ
220 3793 518 3856 συνειδότος
551 3793 644 3848 καὶ
677 3793 778 3865 τῆς
823 3795 1155 3867 προσδοκίας
1197 3795 1305 3850 τῶν
1347 3795 1650 3868 δεξομένων
1677 3797 1778 3850 αύ-

109 3878 220 3942 τοὺς
240 3880 422 3936 δεινῶν
441 3899 457 3912 ·
480 3883 530 3935 οἱ
545 3882 602 3936 δὲ
629 3882 824 3952 ἁγαθοὶ
842 3883 946 3937 κᾶν
969 3883 1140 3955 μυρία
1170 3885 1421 3955 πάσχωσι
1443 3884 1610 3944 κακὰ,
1635 3885 1779 3940 κατὰ

113 3962 380 4038 Πίνδαρον,
411 3969 606 4023 ἐλπίδα
639 3970 1005 4042 κουροτρόφον
1035 3969 1249 4040 ἔχουσιν
1268 3972 1368 4024 οὐκ
1394 3972 1648 4040 ἀφιεῖσαν
1668 3971 1778 4026 τῶν

111 4053 372 4124 παρόντων
399 4055 587 4111 κακῶν
609 4056 862 4128 αἴσθησιν
891 4058 1104 4123 λαϐεῖν;
1138 4057 1300 4110 Ὥστε
1330 4058 1424 4111 καὶ
1448 4058 1587 4112 κατά
1622 4059 1778 4114 τοῦτο

115 4139 296 4209 μείζων
319 4144 506 4230 ἐκείνη
611 4145 794 4216 ἡδονή.
835 4143 1022 4215 Πολλῷ
1054 4145 1162 4214 γὰρ
1194 4144 1426 4214 βέλτιον,
1458 4144 1568 4198 ἀπὸ
1597 4147 1778 4201 πόνων

109 4229 442 4303 προσκαίρων
477 4231 784 4302 ἀρξάμενον
823 4231 959 4302 πρὸς
997 4231 1301 4284 ἀνάπαυσιν
1331 4230 1558 4300 ἄπειρον
1587 4231 1776 4284 τελευ-

109 4313 217 4382 τᾷν,
250 4316 283 4388 ἡ
309 4318 418 4370 τῶν
445 4317 746 4373 δοκούντων
774 4314 912 4372 εἶναι
937 4317 1168 4388 ἡδίστων
1195 4321 1252 4372 ἐν
1283 4317 1472 4390 βραχεῖ
1499 4319 1775 4390 γευσάμε-

109 4414 221 4464 νον,
252 4403 344 4456 ἐπὶ
378 4403 450 4458 τὰ
503 4405 803 4478 πικρότερα
836 4405 931 4459 καὶ
975 4404 1352 4478 φορτικώτεροι
1397 4405 1555 4475 λῆξαι
1605 4408 1770 4460 κακά.

109 4484 266 4542 Ὅταν
293 4491 349 4544 δὲ
388 4491 527 4564 πρὸς
550 4492 724 4564 τούτῳ
760 4494 854 4548 καὶ
887 4493 1308 4566 ὡμολογημένον
1349 4488 1406 4568 ᾖ,
1447 4493 1528 4546 ὅτι
1557 4494 1650 4548 καὶ
1685 4495 1774 4548 ἐν·

107 4567 269 4630 ταῦθα
297 4574 452 4645 οὗτος
484 4583 513 4634 ὁ
560 4580 674 4652 βίος
714 4580 904 4651 ἡδίων,
941 4581 1062 4652 οὐχὶ
1103 4579 1262 4634 τοῦτο
1300 4567 1434 4652 ὅπερ
1473 4581 1774 4652 ἀρχόμενος

107 4658 232 4732 ἔφην
250 4667 464 4740 ἀνάγκη
488 4669 583 4722 νῦν
606 4671 800 4732 ποιεῖν,
831 4667 1000 4721 ὲλεείν
1020 4667 1145 4731 τοὺς
1166 4667 1234 4721 τά
1263 4667 1488 4722 τοιαῦτα
1509 4669 1775 4740 δακρύον-

107 4763 196 4813 τας
223 4753 434 4821 ἀγαθά;
467 4756 545 4809 Οὐ
573 4755 638 4829 δὴ
663 4755 876 4828 θρήνων
900 4755 1050 4822 ἄξιος
1077 4757 1105 4808 ό
1131 4756 1259 4818 παῖς
1287 4755 1316 4806 ό
1347 4756 1460 4820 σὸς,
1488 4755 1626 4809 ἀλλά
1649 4757 1782 4828 κρό-

165 4907 190 4972 _‘
211 4907 366 4972 [idem
393 4912 577 4972 ἐκείνην
596 4913 665 4963 δέ.

109 4962 388 5077 ΕΙἰζειρθοι-ιιι.
405 4982 458 5023 ει
477 4962 585 5038 ὶρὲε
607 4962 778 5024 Montf.
793 4974 990 5034 δέξεται,
1003 4970 1088 5022 alii
1107 4972 1310 5034 δέξαιτο,
1327 4974 1460 5035 quod
1482 4977 1782 5036 recepimus.

163 5068 348 5161 gﬁnqs
370 5095 606 5161 ωὰεοῖει-
638 5101 721 5161 ζῇν
743 5095 861 5160 μετὰ
889 5093 1122 5161 τοιούτων
1163 5095 1259 5143 τῶν
1293 5095 1394 5157 λὸγ.
1421 5094 1563 5144 Alius
1584 5097 1674 5146 οἶει
1699 5101 1780 5161 ζῇν

107 5152 220 5211 μειά
235 5156 391 5204 τούτω
405 5176 419 5205 ρ
439 5159 535 5206 τῶν
554 5152 659 5220 λὸγζ
673 5152 862 5208 ὶόουιῐι
887 5153 1086 5206 Pindari
1107 5169 1342 5218 nusquam
1361 5152 1586 5219 ’τουσι-ιο.

1599 5372 1676 5391 ιδ’·

975 340 1342 399 ADVERSUS
1381 342 1936 402 OPPUGNATORES
1973 344 2160 402 VITIE
2199 345 2497 406 MONAST.
2537 351 2665 405 LIB.
2707 349 2770 408 ΙΙ.

3447 353 3554 414 διε

1866 478 1975 516 των
2021 463 2120 517 καὶ
2155 463 2458 532 στεφάνων,
2500 465 2593 519 ἐπὶ
2635 466 2733 537 τὴν
2773 466 3088 538 ἀκύμαντον
3128 465 3278 539 ζωὴν
3321 466 3416 523 καὶ
3465 470 3553 523 τόν

1868 551 2042 607 εῦδιον
2068 551 2264 623 λιμένα
2288 551 2475 606 ἐλθών.
2515 553 2655 607 Ἀλλ’
2677 555 2996 621 ὀνειδίζουσί
3023 573 3082 610 σε
3107 555 3343 626 πατέρες
3369 556 3554 611 πολλοὶ

1869 639 2018 704 υἱοὺς
2061 639 2274 710 ἔχοντες
2322 641 2380 694 ὲν
2411 638 2489 710 τῷ
2525 641 2751 714 παρόντι
2797 643 3194 714 στρεφομένους
3229 642 3330 711 βίῳ
3365 639 3411 706 ἀ,
3459 645 3554 696 καὶ

1867 727 2162 799 δακρύουσί
2194 746 2273 791 σε,
2303 729 2432 782 ὅταν
2462 729 2642 782 ἴδωσιν
2665 729 2840 800 ἕτεροι
2869 731 2963 783 καὶ
2989 729 3224 798 γελῶσιν
3246 729 3415 784 ἄλλοι.
3454 732 3553 783 Διά

1867 817 1921 870 τί
1947 817 2004 872 δὲ
2037 816 2112 890 μὴ
2140 817 2363 882 τούτους
2396 817 2460 871 σὺ
2493 818 2694 888 μᾶλλον
2719 818 3026 890 καταγελᾷς
3051 819 3145 872 καὶ
3178 817 3423 880 πενθεῖ;;
3457 819 3548 890 Μὴ

1866 904 1976 976 γὰρ
1995 905 2060 976 δὴ
2079 903 2240 958 τοῦτο
2261 903 2572 976 σκοπῶμεν,
2591 907 2639 958 εί
2663 903 3007 958 σκώπτουσιν
3029 907 3195 975 ἡμᾶς,
3222 904 3273 977 [7
3283 903 3338 976 ὃ]
3361 903 3474 956 ἀλλ’
3504 905 3551 956 εί

1867 990 2049 1055 καλῶς
2076 991 2170 1045 καὶ
2211 991 2464 1055 δικαίωςη
2497 991 2600 1045 κᾶν
2649 991 2748 1064 μὲν
2780 991 2938 1044 τοῦτο
2967 988 3024 1066 ᾗ,
3045 992 3137 1045 καὶ
3167 993 3240 1062 μὴ
3271 990 3552 1058 γελώντων

1866 1077 2092 1132 ἐκείνων
2131 1081 2294 1150 ἡμεῖς
2329 1079 2688 1150 δακρύωμεν,
2724 1079 2820 1132 ὲάν
2853 1077 2908 1132 δὲ
2939 1081 3140 1144 ἀδίκως
3177 1079 3338 1132 τοῦτο
3379 1079 3554 1148 πράτ-

1865 1183 2024 1230 τωσι,
2043 1165 2146 1220 κάν
2173 1166 2413 1230 ἅπαντες
2440 1166 2694 1235 γελῶσιν,
2727 1168 2888 1238 ἡμεῖς
2920 1167 3020 1238 μὲν
3049 1167 3274 1229 ἑαυτοὺς
3316 1165 3554 1236 μακαρί-

1867 1252 2070 1324 ζωμεν,
2107 1252 2350 1318 ἐκείνους
2386 1253 2443 1308 δὲ
2469 1253 2777 1326 θρηνῶμεν,
2815 1253 2910 1306 ἃτε
2939 1252 3158 1306 πάντων
3194 1251 3555 1320 ἀθλιωτέρους

1865 1339 2046 1406 ὄντας,
2083 1341 2177 1394 καὶ
2212 1341 2320 1394 τῶν
2355 1341 2698 1413 μαινομένων
2736 1339 2887 1394 οὐδὲν
2917 1341 3293 1412 διαφέροντας.
3338 1337 3412 1390 Τὸ
3446 1339 3555 1409 γάρ

1867 1426 2030 1498 γελᾷν
2063 1427 2132 1480 τά
2166 1427 2377 1481 πολλῶν
2401 1427 2639 1484 ἐπαίνων
2665 1428 2792 1495 ἄξια
2827 1427 2922 1482 καὶ
2955 1426 3255 1495 στεφάνων,
3293 1425 3556 1496 μαινομέ·

1867 1531 1973 1568 νων
2001 1515 2142 1578 ἐστὶ,
2173 1515 2270 1568 καὶ
2297 1515 2407 1570 τῶν
2436 1515 2505 1569 τά
2536 1513 2676 1569 αύτά
2707 1513 3008 1568 νοσούντων
3042 1514 3246 1576 αὐτοῖς.
3278 1512 3410 1565 Εἰπὲ
3442 1509 3552 1581 γάρ

1871 1620 1994 1673 μοι,
2036 1603 2085 1656 εἰ
2123 1601 2254 1674 περὶ
2280 1603 2380 1675 τὴν
2411 1602 2519 1657 τῶν
2545 1599 2893 1674 ὀρχουμένων
2927 1602 3022 1655 καὶ
3054 1599 3154 1673 τὴν
3183 1600 3290 1653 τῶν
3322 1598 3556 1671 ἡνιόχων

1878 1689 2077 1759 μανίαν
2098 1691 2434 1762 ἐπτοημένου
2455 1690 2550 1744 τοῦ
2575 1689 2764 1754 παιδὸς
2789 1689 3022 1760 ἐπῄνουν
3045 1706 3105 1742 σε
3127 1689 3222 1742 καὶ
3246 1685 3556 1756 ἐθαύμαζον

1877 1777 2116 1842 ἅπαντες
2143 1778 2238 1832 καὶ
2266 1777 2602 1850 μακαριστὸν
2637 1772 2777 1830 εἶναι
2803 1775 3006 1845 ἔλεγον,
3036 1777 3156 1846 ούχὶ
3185 1773 3381 1846 χλεύην
3415 1768 3555 1826 εἶναι

1873 1861 1934 1915 το
1963 1865 2196 1934 πρᾶγμα
2223 1863 2508 1934 ὲνόμισας;
2549 1863 2616 1916 Τί
2647 1862 2722 1924 δὲ,
2753 1864 2801 1915 εἰ
2832 1861 3080 1931 γενναῖόν
3111 1878 3162 1914 τι
3191 1861 3284 1913 καὶ
3321 1857 3557 1912 ἐπαίνων

1874 1949 2025 2016 ἀξιον
2065 1951 2402 2022 πράττοντος
2446 1949 2648 2020 ἐγέλων
2690 1951 2888 2004 ἐκεῖνοι
2941 1949 3036 2002 καὶ
3080 1947 3352 2012 ὠνείδιζον
3371 1987 3385 2009 ,
3435 1945 3558 2018 οὐχὶ

1876 2040 2214 2110 παραπαίειν
2239 2039 2434 2104 αὐτοὺς
2463 2037 2530 2092 ἂν
2561 2036 2728 2108 ἔφης;
2765 2035 2936 2090 Τοῦτο
2960 2035 3025 2107 δὴ
3050 2036 3291 2106 ποιῶμεν
3319 2035 3413 2088 καὶ
3439 2033 3555 2095 νῦν,

1879 2125 1954 2196 μὴ
1987 2127 2052 2196 τῇ
2081 2125 2192 2178 τῶν
2221 2124 2432 2178 πολλῶν
2463 2123 2718 2195 ὑπονοίᾳ,
2750 2122 2864 2175 ἀλλ’
2895 2121 3114 2194 ἀκριϐεῖ
3151 2120 3428 2190 λογισμῶν
3474 2116 3560 2183 ἐξ-

1877 2212 2062 2266 ετάσει
2089 2213 2189 2284 τὴν
2211 2211 2444 2284 περὶτοῦ
2471 2211 2664 2275 παιδὸς
2691 2208 3076 2282 ἐπιτρέποντες
3097 2209 3297 2280 ψῆφον,
3323 2207 3416 2261 καὶ
3439 2205 3560 2276 όψει

1875 2301 2002 2364 τοὺς
2024 2287 2301 2370 γελῶντας
2324 2300 2547 2364 τούτους
2575 2297 2923 2370 ἀνδραπόδων
2950 2297 3172 2369 μᾶλλον,
3197 2297 3230 2368 ἢ
3257 2294 3561 2366 ἐλευθέρων

1874 2386 2032 2452 ὄντας
2063 2389 2268 2442 παίδων
2300 2391 2574 2460 πατέρας,
2615 2388 2743 2440 ὅταν
2770 2386 2910 2456 πρὸς
2935 2385 3027 2439 τδν
3052 2385 3166 2439 υἱὸν
3201 2382 3560 2450 ὲξετάζωνται

1875 2475 2077 2529 ἐκεῖνοι
2107 2476 2197 2529 τὸν
2230 2476 2342 2530 σόν.

1944 2562 2060 2616 Νῦν
2091 2562 2190 2634 μὲν
2223 2563 2332 2636 γάρ
2359 2563 2464 2617 ὑπὸ
2493 2561 2586 2616 τοῦ
2619 2561 2828 2626 πάθους
2863 2558 3244 2632 σκοτούμενος,
3283 2557 3406 2612 οὐδὲ
3445 2557 3562 2610 δια-

1875 2649 2067 2720 ϐλέψαι
2107 2651 2244 2723 πρὸς
2275 2649 2450 2704 ταῦτα
2485 2649 2720 2722 δυνήσῃο
2761 2651 2890 2704 ὅταν
2924 2648 2981 2702 δὲ
3013 2645 3208 2719 μικρὸν
3235 2643 3558 2718 ἀναπαύσῃ;

1875 2738 1970 2792 καὶ
2007 2741 2036 2794 ό
2071 2739 2187 2803 υἱὸς
2227 2737 2428 2809 πολλὴν
2461 2737 2798 2810 ἐπιδείξηται
2837 2736 2938 2810 τῆν
2983 2734 3209 2806 ἀρετὴν,
3241 2731 3426 2786 οὐκέτι
3477 2744 3562 2784 σοι

1873 2825 2048 2896 λόγων
2087 2825 2307 2898 δεήσει,
2343 2825 2479 2880 ἀλλά
2515 2824 2688 2880 ταῦτα
2732 2825 2797 2880 σὺ
2830 2823 2970 2897 πρὸς
3017 2823 3237 2894 ἑτέρους
3283 2823 3428 2892 ὲρεῖς
3467 2817 3563 2873 καῖ⁵

1875 2914 2098 2968 πλείονα
2121 2913 2347 2970 τούτων.
2379 2914 2488 2967 Kal
2510 2914 2610 2985 οὐχ
2643 2912 2832 2976 ἀπλῶς
2870 2929 2952 2966 σοι
2985 2909 3164 2964 ταῦτα,
3205 2907 3560 2980 μαντεύομαι,

1878 3001 1992 3056 ἀλλ’
2012 3013 2036 3043 ο
2063 3003 2174 3056 ἀπὸ
2199 3003 2299 3074 τῆς
2324 2999 2872 3072 πείραςξαύτῆςεΚαὶ
2897 2998 3007 3070 γὰρ
3024 2997 3148 3068 ἐμοὶ
3171 2995 3396 3066 γέγονεν
3415 2996 3562 3048 ὲταῖη

1879 3107 1992 3162 ρος,
2027 3090 2243 3163 πατέρα
2271 3089 2500 3144 ἄπιστον
2523 3088 2663 3160 ἔχων
2686 3085 3023 3141 πλουτοῦντα
3049 3085 3144 3138 καὶ
3163 3083 3449 3150 εὐδόκιμον
3469 3081 3563 3136 καὶ

1877 3179 2144 3233 πάντοθεν
2173 3179 2459 3251 λαμπρόν
2500 3178 2594 3231 καὶ
2629 3169 2784 3242 οὗτος
2814 3177 2843 3229 ό
2889 3175 3076 3246 πατὴρ
3117 3173 3179 3226 τὸ
3215 3173 3314 3244 μὲν
3345 3171 3565 3244 πρῶτον

1877 3267 1974 3319 καὶ
2001 3267 2269 3339 ἄρχοντας
2299 3267 2542 3336 ἐκίνησε,
2584 3265 2680 3319 καὶ
2707 3263 2884 3334 δεσμά
2906 3261 3191 3334 ἠπείλησε,
3219 3260 3315 3314 καὶ
3344 3260 3564 3314 πάντων

1877 3351 2040 3405 αὐτὸν
2069 3351 2346 3416 ἀποδύσας
2383 3352 2477 3404 ἐπὶ
2517 3351 2616 3424 τῆς
2656 3349 2946 3421 ἀλλοτρίας
2990 3347 3141 3400 εῐασε
3170 3345 3276 3416 γῆς
3297 3386 3312 3410 ,
3345 3343 3564 3414 καὶτῆς

1877 3437 2184 3506 ἀναγκαίας
2207 3439 2462 3510 δεόμενον
2489 3438 2697 3512 τροφῆς
2716 3478 2731 3501 ,
2762 3437 2836 3500 ὡς
2865 3434 3037 3506 ταύτῃ
3071 3433 3274 3488 πείσων
3301 3431 3437 3502 πρὸς
3463 3431 3562 3502 τὴν

1881 3526 2292 3600 βιωτικωτέραν
2325 3527 2471 3600 ζωὴν
2505 3527 2842 3582 ἐπανελθεῖν·
2872 3525 3060 3594 ἐπειδὴ
3093 3523 3149 3577 δὲ
3177 3518 3286 3576 εἶδε
3311 3521 3447 3592 πρὸς
3472 3521 3563 3574 ούο

1877 3615 1966 3669 δὲν
1997 3615 2200 3670 τούτων
2237 3615 2475 3680 ἐνδόντα,
2514 3615 2770 3688 ἡττηθεὶς
2815 3612 3144 3684 παλινῳδίαν
3184 3606 3304 3684 ᾖσε,
3340 3611 3435 3662 καὶ
3466 3607 3564 3664 νῦν

1879 3705 2012 3776 τιμᾷ
2042 3703 2134 3757 τὸν
2165 3704 2299 3770 υἱὸν,
2329 3707 2425 3758 καὶ
2455 3705 2682 3758 αἰδεῖται
2716 3701 2917 3774 μᾶλλον
2945 3699 3171 3770 πατρός·
3209 3697 3303 3752 καὶ
3335 3696 3565 3761 πολλοὺς

1879 3791 2020 3864 ἔχων
2052 3793 2274 3864 ἐτέρους
2307 3792 2502 3858 παῖδας
2541 3790 2990 3862 εὐδοκιμοῦντας,
3022 3787 3143 3840 οὐδὲ
3173 3785 3394 3848 δούλους
3419 3784 3566 3838 ὲκεί-

1879 3897 2002 3942 νους
2025 3879 2215 3933 τούτου
2246 3880 2410 3952 φησὶν
2435 3877 2573 3934 εἶναι
2599 3879 2958 3952 ἐπιτηδείους·
2992 3876 3086 3931 καὶ
3116 3873 3276 3937 αὐτὸς
3301 3873 3356 3926 δὲ
3383 3869 3561 3942 πολλῷ

1879 3967 2257 4042 λαμπρότερός
2285 3971 2402 4022 ἐστι
2441 3967 2528 4022 διὰ
2557 3968 2648 4021 τὸν
2676 3967 2811 4020 υἱόν.
2831 3965 3018 4019 Ταῦτα
3045 3964 3140 4018 καὶ
3165 3962 3258 4015 ἐπὶ
3304 3960 3399 4013 τοῦ
3432 3977 3564 4012 παι-

1877 4057 1966 4120 δὸς
2014 4057 2261 4126 ὀψόμεθα
2310 4056 2404 4111 τοῦ
2455 4055 2581 4118 σοῦ,
2628 4057 2724 4110 καὶ
2755 4057 2838 4108 ὅτι
2884 4053 2945 4106 οὐ
2987 4053 3278 4122 ψεύδομαι,
3321 4049 3410 4103 διὰ
3453 4047 3566 4103 τῶν

1877 4145 2054 4216 ἔργων
2083 4145 2262 4198 αὐτῶν
2297 4145 2417 4217 είσῃ
2453 4143 2651 4206 καλῶς.
2685 4143 2776 4194 Διὸ
2815 4143 3112 4210 σιγήσομαι
3136 4137 3346 4200 λοιπὸν,
3369 4133 3563 4187 τοσοῦ-

1877 4231 1968 4284 τόν
2002 4248 2097 4284 σου
2123 4230 2368 4302 δεηθεὶς,
2397 4229 2646 4283 ἐνιαυτὸν
2677 4227 2968 4297 ἀνάμεινον
3007 4225 3188 4295 μόνον,
3219 4223 3252 4292 ἦ
3281 4222 3375 4273 καὶ
3407 4219 3564 4272 ἐλάτ-

1879 4331 2008 4368 τονα
2028 4315 2240 4386 χρόνον.
2269 4315 2404 4369 Οὐδὲ
2422 4315 2530 4386 γὰρ
2552 4314 2724 4366 δεῖται
2747 4310 2958 4366 πολλῶν
2979 4307 3254 4380 ἡμερῶνὴ
3280 4306 3407 4376 παρ’
3431 4306 3566 4375 ἡμῖν

1881 4405 2072 4476 ἀρετὴ.
2108 4404 2201 4459 ἅτε
2232 4406 2296 4477 δὴ
2329 4405 2450 4476 θεία
2479 4403 2852 4474 βλαστάνουσα
2876 4399 3081 4474 χάριτι,
3118 4397 3212 4450 καὶ
3239 4395 3360 4465 ὄψει
3385 4394 3563 4447 πάντα

1879 4493 1947 4546 τὰ
1977 4493 2242 4565 εἰρημένα
2263 4492 2485 4546 ἐπὶτῶν
2512 4490 2856 4564 πραγμάτων
2881 4486 3060 4542 αὐτῶν
3090 4482 3436 4552 δεικνύμενα⁶
3469 4482 3564 4534 καὶ

1880 4580 1942 4632 ού
1985 4579 2146 4649 μόνον
2181 4579 2488 4643 ἐπαινέσεις
2524 4579 2592 4632 τὰ
2632 4575 3006 4647 γεγενημένα,
3039 4571 3176 4625 ἀλλά
3219 4568 3326 4622 κᾶν
3369 4565 3568 4638 μικρὸν

1881 4666 2234 4738 διαναστῆναι
2258 4667 2520 4742 θελήσῃς,
2559 4667 2770 4738 ταχέως
2798 4665 2892 4718 καὶ
2927 4661 3060 4734 πρὸς
3097 4658 3188 4712 τδν
3218 4652 3568 4742 αὑτδνῆξεις

1877 4753 2038 4828 ζῆλον
2074 4755 2289 4826 ἐκείνῳ,
2321 4741 2640 4809 διδάσκαλον
2669 4753 2806 4824 έχων
2827 4752 2926 4822 τῆς
2957 4746 3160 4819 ἀρετῆς
3193 4745 3284 4798 τὸν
3323 4741 3462 4795 υίόν.

1943 4913 1968 4953 τι
1998 4917 2105 4966 Duo
2121 4929 2242 4980 mss.
2264 4921 2314 4980 et
2353 4913 2503 4962 Savil.
2529 4914 2578 4980 i_n
2603 4925 2776 4980 ιῐιαινδ.⁸
2799 4908 3150 4980 πρεφο-μένους
3178 4893 3560 4980 βίξρ-ηξξλξίξ,

1879 4959 2682 5044 ίεξιιῖεἶ-ιίίξιῦειξστρεφομένους.
2703 4959 2830 5044 Τοῖά.
2857 4959 3008 5044 ἑοὶ-ξιξ
3029 4971 3078 5044 it}
3094 4959 3258 5044 fria'rg'.
3282 4959 3364 5010 καὶ
3386 4959 3560 5008 δακτυ-

1879 4991 2020 5026 lexw
2045 4991 2097 5026 el
2121 4991 2293 5025 morel.
2324 4991 2437 5038 στρε
2471 4991 2682 5038 ομενους.
2703 4991 2830 5021 mm.
2857 4991 3008 5020 nam.
3032 4991 3078 5016 ιιι
3105 4991 3160 5014 nu

1877 5035 2176 5087 λοδεικτοῦσί
2195 5053 2251 5085 σε
2272 5037 2399 5084 ὅταν.
2425 4991 2530 5084 ἧος
2554 5048 2682 5082 unus
2703 5033 2900 5090 τούτους
2923 5031 2983 5080 σὺ
3005 5031 3160 5092 ’θελᾷς.

1949 5102 1972 5130 θ
1999 5097 2164 5148 Ταῦτα
2183 5096 2485 5161 προφητεύω,
2505 5097 2629 5156 ἀλλ’,
2655 5098 2728 5145 sic
2739 5097 2836 5143 duo
2855 5107 2970 5143 mss.
