4032 6448
135 403 238 458 549

147 541 3288 576 ..Μὴ-,Μ

887 405 1249 467 ADVERSUS
1285 409 1829 469 OPPUGNATORES
1868 413 2052 469 Vl'l‘iE
2077 416 2368 474 MONAST.
2411 419 2538 476 LIB.
2585 420 2666 477 lli.

861 618 1096 726 Αι)
1176 618 1398 782 ΡΑ
1406 619 1720 732 TRE.

1834 624 1856 666 Γ
1907 619 2687 746 FIDELEM.

1391 840 1666 933 mter
1737 843 2048 938 tertius
2094 833 2205 932 (α).

1587 1034 1797 1088 (θῖζῶξὲ
1803 1037 1908 1089 cx:
1919 1041 1960 1084 ea

201 1158 253 1213 l.
291 1158 402 1228 Age
423 1158 531 1226 jam
561 1158 768 1236 fidelem
792 1175 1003 1230 quoque
1031 1172 1229 1230 patrem
1251 1161 1558 1226 doceamus,
1589 1164 1726 1230 quod

125 1267 232 1304 non
283 1251 481 1304 debeat
523 1267 616 1305 eos
655 1267 992 1322 oppugnare,
1023 1255 1110 1324 qtti
1145 1254 1310 1308 lilium
1353 1271 1506 1307 suum
1537 1255 1602 1308 ad
1637 1255 1728 1310 Dci

123 1344 321 1412 placita
346 1342 615 1411 sequenda
640 1343 938 1399 hortamur.
967 1346 1296 1416 Quamquam
1327 1347 1618 1418 periculum
1647 1359 1729 1402 est

123 1451 192 1489 ne
219 1451 406 1488 sermo
433 1435 532 1490 iste
555 1437 854 1506 superﬂuus
882 1439 968 1496 sit.
1001 1455 1134 1494 neve
1153 1441 1478 1495 contrarium
1499 1443 1724 1506 accidat,

124 1537 180 1580 ιιι
207 1527 460 1595 superius
487 1529 746 1581 dlCt‘bﬂll].
773 1529 1073 1586 'l‘unceuitn
1097 1531 1204 1584 dixi
1237 1532 1391 1600 hujus
1419 1534 1726 1587 certaminis

121 1618 300 1686 legem
331 1634 415 1673 me
447 1635 550 1673 nou
591 1635 781 1690 cogere
821 1637 942 1675 cum
978 1623 1157 1691 gentili
1188 1638 1376 1676 manus
1405 1638 1722 1690 conserere,

117 1710 216 1764 sed
249 1725 374 1764 cum
399 1710 624 1780 jusserit
651 1713 847 1768 Paulus
864 1729 957 1768 eos
984 1723 1186 1768 tantum
1213 1715 1300 1784 qui
1333 1716 1472 1768 intus
1489 1725 1620 1778 sunt
1638 1717 1726 1784 jn-

118 1803 345 1869 dicare,
387 1819 418 1858 a
455 1821 627 1875 pugna
655 1821 775 1860 cum
813 1807 878 1860 iis
919 1807 1009 1875 qui
1052 1807 1182 1862 foris
1223 1817 1348 1864 sunt
1390 1824 1486 1862 nos
1527 1809 1724 1864 liberos

117 1897 276 1949 sinit.
320 1895 469 1951 Nunc
497 1905 676 1952 autem
699 1940 715 1962 ,
746 1908 801 1953 ιιι
831 1899 1070 1962 videtur,
1101 1917 1168 1956 ne
1197 1899 1292 1955 has
1321 1901 1538 1970 quidem
1563 1901 1722 1954 dimi-

118 1988 367 2042 Cationes
399 1988 534 2043 inire
566 1997 808 2046 tenemur
839 2007 996 2046 :nam
1027 1993 1071 2045 si
1100 1993 1247 2062 prius
1270 1993 1338 2048 de
1364 1992 1446 2048 his
1465 1993 1726 2047 Christia-

121 2097 190 2135 no
234 2084 402 2136 verba
444 2082 623 2140 facere
667 2095 820 2154 turpe
859 2085 1135 2140 videbatur
1163 2101 1313 2150 esse,
1351 2086 1518 2140 multo
1555 2087 1724 2155 magis

119 2193 289 2231 mute.
317 2177 600 2244 Quomodo
629 2179 770 2232 enim
799 2193 904 2232 non
934 2179 1211 2235 erubescet
1250 2179 1449 2244 fidelis,
1479 2179 1523 2236 si
1552 2165 1722 2234 de'iis

115 2269 404 2323 admoneri
435 2283 570 2336 Gpus
599 2269 811 2334 habeat,
843 2284 1005 2338 super
1030 2269 1224 2340 quibus
1251 2287 1317 2324 ne
1348 2270 1574 2323 inlidelis
1601 2270 1721 2338 qui:

114 2359 242 2412 dent
291 2359 447 2414 nobis
489 2361 858 2416 contradicere
897 2360 1100 2430 possit?
1131 2360 1265 2426 Quid
1304 2359 1500 2430 igitur?
1531 2359 1722 2414 ideune

117 2452 454 2515 tacc'bintus,
488 2453 725 2523 nihilque
756 2454 1070 2522 loquemur?
1100 2453 1315 2508 Minime
1345 2468 1488 2506 vero.
1520 2453 1574 2507 Si
1602 2454 1722 2522 quis

113 2542 264 2596 enim
289 2558 522 2612 sponsor
543 2545 845 2610 accederet,
874 2545 1134 2614 nobisque
1159 2545 1496 2614 perspicuum
1525 2543 1722 2599 faceret

114 2633 230 2688 fore
261 2635 486 2704 posthac
508 2636 774 2691 neminem
801 2637 890 2706 qui
914 2653 1024 2692 rent
1052 2637 1352 2706 hujusmodi
1380 2651 1604 2691 ausurus
1627 2637 1716 2696 sit.

113 2742 214 2780 nos
247 2742 464 2796 quoque
503 2731 782 2796 quiescere
821 2744 954 2798 opus
982 2738 1161 2793 esset,
1194 2736 1250 2783 ct
1279 2727 1344 2781 iis
1370 2728 1457 2798 qui
1497 2735 1720 2794 pra-ter-

111 2820 318 2885 ierunt,
351 2831 404 2874 ttt
434 2821 678 2886 laterent,
707 2824 1002 2876 concedere
1029 2839 1042 2872 :
1072 2820 1286 2890 quando
1311 2829 1486 2874 autem
1515 2819 1717 2874 nullum

111 2909 385 2964 habemus
411 2925 572 2979 super
611 2911 709 2964 hac
748 2927 806 2967 re
838 2911 1201 2980 lidejnssorcm
1232 2909 1504 2977 idoneum,
1533 2925 1722 2965 neces-

107 3000 256 3054 s:tria
300 3015 524 3069 prorsus
563 2999 772 3056 videtur
811 3001 1094 3056 verborum
1121 3001 1437 3058 admonitio.
1479 3000 1538 3057 Si
1575 2999 1717 3056 enim

106 3105 170 3143 ea
201 3090 422 3160 aliquos
451 3091 712 3146 invenerit
751 3092 850 3148 hoc
878 3093 1066 3146 morbo
1095 3091 1400 3147 laborantes
1419 3134 1434 3158 ,
1465 3091 1720 3162 operabi-

107 3191 202 3235 tur
233 3181 382 3250 quod
410 3197 564 3235 sututt
591 3191 704 3246 est;
728 3183 809 3236 sin
835 3198 994 3236 nemo
1020 3183 1070 3236 in
1096 3181 1466 3250 wgritudinem
1497 3181 1716 3244 incidat,

104 3284 296 3326 artum
327 3281 493 3327 estut
527 3273 788 3344 cupimus.
829 3273 1098 3343 Siquidem
1141 3273 1361 3328 medicis
1379 3315 1397 3339 ,
1439 3283 1720 3343 postquam

106 3363 510 3418 medicamenta
543 3365 880 3432 paraverint,
909 3364 1199 3432 optandum
1229 3375 1310 3418 est
1341 3379 1408 3420 ne
1438 3365 1501 3418 iis
1533 3365 1718 3435 aegroti

106 3470 257 3524 opus
285 3455 519 3510 habeant
545 3473 559 3508 :
593 3472 798 3525 nosque
825 3456 1074 3531 similiter
1094 3467 1336 3524 optamus
1359 3458 1621 3512 neminem
1653 3472 1718 3510 ex

107 3547 378 3600 fratribus
396 3547 590 3600 nostris
613 3545 710 3602 ltac
727 3541 882 3617 egere
903 3547 1276 3602 adhortatione
1303 3565 1314 3600 :
1337 3549 1381 3602 si
1413 3563 1538 3602 vero
1561 3563 1721 3617 egere

111 3639 418 3707 contingat,
443 3637 586 3706 quod
607 3638 764 3704 absit,
789 3639 1018 3692 secunda
1049 3639 1338 3707 navigatio;
1361 3647 1418 3690 ιιι
1441 3637 1721 3704 prmerbio

111 3733 348 3796 dicitur,
382 3749 488 3786 non
527 3733 631 3786 illis
669 3733 861 3788 deerit.
909 3732 1160 3802 Fingatur
1193 3747 1320 3802 ergo
1361 3732 1532 3786 fidelis
1562 3731 1717 3793 talis,

112 3824 295 3894 qualis
335 3823 592 3888 inﬁdelis,
634 3825 839 3894 ipsique
879 3841 974 3892 per
1011 3835 1202 3878 cuncta
1245 3825 1467 3889 similis,
1497 3835 1721 3892 excepta

115 3917 382 3986 religione
416 3933 430 3970 :
461 3917 707 3970 similiter
746 3917 954 3987 lugeat,
990 3920 1330 3986 provolvatur
1357 3917 1596 3971 omnium
1631 3931 1722 3986 pe-

115 4009 302 4072 dibus,
329 4022 495 4061 canos
519 4010 785 4072 ostendat,
817 4021 1168 4073 senectutem,
1201 4011 1565 4072 solitudinem,
1598 4025 1718 4064 om-

118 4099 208 4152 nia
238 4099 502 4168 ejustttodi
537 4101 786 4168 proferat,
815 4111 870 4155 et
897 4115 1148 4170 quantum
1182 4103 1293 4156 vult
1322 4104 1609 4157 iracundia:
1633 4103 1719 4172 jn-

121 4191 334 4245 dicibus
363 4202 592 4246 moveat.
623 4192 734 4247 luto
776 4195 954 4263 potius
990 4195 1248 4248 adversus
1287 4195 1425 4248 hunc
1467 4211 1570 4248 non
1607 4196 1718 4261 jam

121 4297 306 4336 coram
335 4282 641 4338 hominibus
671 4286 824 4340 nobis
866 4285 928 4338 lis
959 4287 1088 4339 est:
1115 4285 1316 4338 audivit
1343 4286 1489 4340 enim
1513 4300 1574 4338 ea
1599 4301 1719 4355 quae

122 4374 220 4427 viri
250 4375 391 4443 apud
421 4390 520 4429 nos
545 4376 724 4430 divino
752 4376 952 4446 Spiritu
991 4378 1178 4446 repleti
1207 4379 1273 4431 de
1313 4376 1582 4432 horrendo
1611 4385 1718 4431 ter-

122 4467 376 4538 ribilique
419 4469 703 4535 tribunali,
740 4470 806 4524 ad
845 4469 986 4539 quod
1029 4481 1146 4538 post
1184 4469 1386 4524 obitum
1429 4470 1716 4535 sistentur,

124 4560 486 4630 pltil050pltati
515 4572 657 4616 sunt.
687 4566 826 4618 Ante
853 4565 1032 4618 omnia
1061 4579 1186 4618 vero
1215 4562 1720 4618 commemorandus

123 4651 218 4705 ille
244 4651 364 4707 dies
390 4663 492 4718 est,
524 4669 621 4707 nec
649 4671 752 4708 non
789 4653 926 4724 ignis
950 4655 1184 4709 ﬂuminis
1213 4655 1378 4709 instar
1401 4655 1716 4720 decurrens,

127 4747 340 4797 flamma
373 4761 662 4815 numquam
693 4747 1112 4816 exstinguenda,
1148 4747 1279 4801 radii
1321 4747 1449 4801 solis
1486 4747 1717 4813 sublati,

126 4837 252 4892 luna
279 4839 564 4903 occultata,
593 4839 762 4894 stella:
789 4839 1117 4904 decidentes,
1145 4840 1257 4894 ca-li
1285 4841 1576 4906 conVoluti,
1608 4841 1720 4894 vir-

127 4939 270 4983 tutes
293 4939 608 4995 commetat,
639 4945 898 4985 concussa
931 4931 1165 4999 undique
1189 4939 1244 4984 et
1269 4939 1500 4983 :rstuans
1533 4939 1675 4984 terra
1700 4971 1716 4996 ,

129 5020 384 5075 terribilis
407 5030 460 5075 et
489 5021 729 5078 alternus
757 5022 1000 5076 tubarum
1029 5023 1276 5092 clangor,
1303 5021 1479 5090 angeli
1515 5036 1608 5090 per
1633 5036 1722 5076 or-

128 5111 252 5167 bem
280 5113 585 5168 universum
611 5116 975 5168 discurrentes
993 5153 1010 5180 ,
1047 5113 1210 5166 millia
1243 5113 1471 5168 millium
1499 5113 1722 5167 adstan-

129 5207 299 5270 tium,
355 5206 626 5278 tuyriades
672 5208 1070 5264 ministrantes.
1117 5205 1390 5260 exercitus
1433 5220 1555 5260 cum
1605 5205 1722 5271 ipSO

126 5297 306 5368 judice
333 5299 704 5364 adventantes,
734 5301 941 5370 signum
969 5300 1020 5352 in
1043 5308 1328 5368 conspectu
1351 5299 1466 5368 ejus
1494 5298 1718 5366 fulgens,

133 5391 405 5458 appositus
433 5390 680 5456 thronus,
710 5395 878 5461 aperti
907 5393 1048 5458 libri,
1080 5392 1350 5446 inaccessa
1388 5392 1577 5461 gloria,
1611 5401 1722 5444 ter-

133 5481 302 5538 ribilis
328 5491 383 5538 et
410 5481 676 5538 horrenda
709 5485 998 5555 judicantis
1032 5499 1130 5539 vox
1157 5525 1171 5548 ,
1205 5485 1293 5554 qui
1333 5483 1468 5538 alios
1505 5483 1720 5552 quidem

135 5575 295 5630 mittit
320 5577 372 5629 itt
401 5577 575 5645 ignem
606 5585 844 5646 paratum
873 5577 1090 5632 diabolo
1116 5585 1170 5631 et
1199 5577 1402 5645 angelis
1431 5576 1547 5644 ejus
1569 5616 1582 5638 ,
1614 5577 1710 5630 vir-

135 5667 284 5737 gines
307 5677 509 5732 autem,
542 5678 660 5739 post
690 5670 930 5740 ingentes
967 5671 1287 5741 virginitatis
1317 5669 1551 5732 labores,
1577 5667 1724 5722 clau-

201 5781 272 5843 (a)
294 5783 479 5851 Titulus
499 5797 579 5851 ste
591 5787 742 5838 habet
763 5789 811 5838 in
832 5789 1020 5841 duobus
1043 5791 1227 5845 \tss.:in
1253 5789 1398 5838 editis
1419 5801 1538 5851 vero
1559 5788 1722 5846 deest,

139 5841 451 5898 libertorum.
476 5849 612 5900 Initio
628 5851 744 5902 item
762 5865 874 5914 vox,
894 5851 1009 5916 illm,
1021 5841 1323 5904 desideratur
1342 5853 1391 5901 it.
1407 5850 1598 5902 duobus
1613 5841 1720 5902 Mss.

1841 1169 1913 1222 sis
1952 1159 2153 1226 {oribus
2190 1185 2372 1237 arcet;
2411 1178 2499 1247 qui
2542 1193 2607 1232 ex
2650 1179 2910 1234 ministris
2951 1181 3064 1234 suis
3106 1168 3238 1235 alios
3275 1183 3430 1252 jtthet

1837 1264 2037 1316 zizania
2080 1266 2364 1336 colligare,
2415 1279 2471 1323 et
2513 1270 2563 1322 in
2611 1269 2881 1325 fornacem
2929 1273 3242 1338 immittere,
3289 1275 3426 1330 alios

1835 1357 2123 1422 compedes
2148 1359 2466 1426 quibusdam
2497 1361 2764 1427 inducere,
2789 1371 2844 1416 et
2865 1365 3110 1418 manibus
3137 1375 3256 1434 post
3279 1377 3452 1435 terga.

1837 1445 2031 1502 vinetis
2056 1451 2273 1503 eosdem
2303 1451 2536 1520 abjicere
2570 1453 2619 1504 in
2651 1454 2896 1506 tenebras
2922 1457 3236 1520 exteriores,
3265 1467 3428 1524 atque

1837 1537 2106 1594 horrendo
2133 1541 2371 1596 dentium
2403 1543 2616 1596 stridori
2647 1544 2891 1608 tradere;
2933 1546 3080 1599 illum
3111 1546 3325 1614 quidem
3355 1548 3426 1598 ob

1837 1629 2134 1698 impudicos
2161 1641 2408 1701 aSpectus
2437 1643 2675 1700 tantum,
2711 1635 2857 1688 illum
2889 1651 3014 1688 vero
3039 1637 3108 1689 ob
3140 1637 3304 1690 risum
3338 1637 3422 1689 in-

1835 1723 2210 1790 tempestivum
2231 1765 2245 1786 ,
2272 1724 2433 1778 alium
2455 1764 2469 1786 ,
2497 1725 2637 1794 quod
2683 1726 2978 1794 proximum
3021 1728 3137 1780 sine
3175 1729 3422 1782 examine

1831 1811 2186 1879 damnaverit,
2213 1814 2374 1868 alium
2401 1815 2542 1884 quod
2566 1816 2901 1871 maledixerit
2927 1816 3218 1882 dumtaxat,
3253 1818 3418 1872 velte-

1833 1905 2164 1958 tnentiSsimo
2210 1907 2635 1976 gravissimeque
2676 1907 2936 1975 supplicio
2989 1909 3186 1976 plectet
3232 1925 3246 1962 :
3296 1924 3419 1962 naut

1830 1995 1971 2063 quod
2013 1995 2142 2049 istos
2167 2011 2379 2066 quoque
2433 2013 2584 2067 poena
2623 2007 2832 2052 maneat
2882 2001 2925 2064 ⁸,
2964 2015 3086 2054 eum
3127 2000 3295 2070 ipsum
3327 2001 3420 2069 qui

1832 2084 1947 2139 hzec
1973 2085 2229 2154 supplicia
2261 2087 2502 2142 illaturus
2528 2098 2610 2142 est
2638 2089 2902 2144 dicentem
2927 2099 2980 2142 et
3005 2091 3418 2143 couuniuauteut

1831 2177 2014 2232 audire
2055 2178 2196 2233 licet.
2225 2179 2302 2233 Ad
2352 2179 2493 2234 hunc
2533 2179 2688 2234 nobis
2723 2181 2974 2234 omnibus
3016 2181 3247 2248 judicent
3296 2182 3421 2236 hinc

1830 2267 2064 2322 eundum
2093 2279 2196 2334 est,
2223 2269 2445 2340 diesque
2467 2272 2552 2324 illa
2581 2271 2806 2326 videnda
2833 2274 3007 2338 nobis,
3037 2273 3089 2326 in
3111 2288 3214 2342 qua
3241 2274 3418 2330 omnia

1831 2361 1968 2415 nuda
2001 2371 2056 2416 et
2082 2362 2342 2430 patefacta
2372 2372 2566 2426 erunt,
2596 2380 2703 2418 non
2744 2379 2906 2434 opera
2942 2375 2994 2419 et
3025 2367 3184 2419 verba
3225 2365 3417 2432 modo,

1829 2452 1922 2508 sed
1949 2454 2076 2522 ipsa:
2101 2469 2313 2523 quoque
2341 2455 2712 2524 cogitationes.

1897 2545 1953 2598 2.
1996 2545 2228 2599 Proximi
2271 2546 2428 2600 saluti
2471 2547 2873 2616 advigilandum.
2917 2575 2992 2588 -—
3031 2547 3160 2601 Nam
3225 2564 3412 2602 eorum

1829 2636 2010 2698 etiam,
2043 2651 2161 2705 qua:
2191 2651 2330 2690 nunc
2361 2637 2496 2692 levia
2541 2637 2806 2697 videntur.
2837 2645 2962 2692 tunc
2993 2638 3255 2692 terribiles
3300 2639 3417 2692 Ine-

1831 2743 1949 2782 mus
1979 2743 2198 2799 pinnas:
2229 2730 2363 2784 adeo
2397 2729 2562 2800 judex
2599 2731 2668 2786 illi
2697 2731 2806 2800 pari
2837 2732 3176 2784 accuratione
3220 2741 3274 2785 et
3315 2747 3415 2784 tto—

1827 2827 1993 2874 stram
2023 2829 2078 2874 et
2105 2820 2470 2890 proximorum
2498 2821 2724 2875 salutem
2751 2821 2972 2889 requirit
3006 2836 3034 2874 a
3085 2821 3260 2875 nobis.
3294 2821 3418 2876 Ideo
3507 2827 3517 2839 ‘

1830 2909 2026 2966 Paulus
2053 2911 2129 2982 (l.
2152 2911 2268 2966 Cor.
2306 2913 2392 2967 10.
2412 2911 2508 2982 24)
2537 2913 2730 2982 ubique
2756 2911 2999 2967 hortatur
3019 2912 3276 2981 singulos.
3310 2929 3417 2967 non

1829 3018 1947 3073 qum
1972 3019 2065 3058 sua
2093 3017 2216 3058 sunt
2237 3019 2497 3072 quaerere,
2529 3005 2622 3058 sed
2645 3019 2764 3074 quae
2801 3004 3026 3072 proximi
3054 3021 3066 3056 :
3094 3015 3418 3074 quapropter

1830 3093 1882 3148 in
1907 3093 2214 3148 Corinthios
2239 3095 2585 3148 vehementer
2609 3095 2897 3157 invehitur,
2926 3095 3057 3162 quia
3079 3094 3278 3148 nullam
3301 3109 3421 3162 pro-

1829 3183 2115 3238 videntiam
2146 3192 2200 3238 et
2223 3197 2402 3238 curam
2427 3182 2721 3236 habuerant
2751 3184 2890 3251 ejus,
2912 3183 2998 3252 qui
3024 3183 3074 3235 itt
3105 3181 3418 3255 fornicatio-

1829 3291 1950 3330 nem
1981 3275 2258 3338 inciderat,
2290 3274 2383 3328 sed
2413 3274 2526 3343 ejus
2554 3274 2746 3328 vulnus
2778 3283 2990 3327 tumens
3023 3273 3414 3341 despexerunt;

1827 3365 2030 3420 Calatis
2053 3379 2264 3435 quoque
2301 3366 2544 3420 scribens
2579 3364 2826 3420 dicebat:
2863 3363 3091 3428 Fratres,
3125 3374 3168 3416 et
3197 3365 3240 3418 si
3277 3381 3412 3432 pra:-

1828 3467 2104 3526 occupatus
2133 3458 2285 3527 fuerit
2315 3459 2463 3510 homo
2509 3459 2562 3510 in
2590 3457 2758 3525 aliqua
2790 3457 2996 3515 delicto.
3023 3471 3110 3508 vos
3139 3458 3221 3520 qui
3263 3456 3417 3522 spiri-

1829 3549 1988 3602 tuales
2017 3550 2153 3612 estis,
2185 3547 2496 3614 ’Itujusmodi
2537 3549 2768 3601 iustruite
2799 3545 2941 3612 (Gut.
2975 3547 3028 3600 6.
3065 3549 3134 3613 1).
3186 3545 3418 3598 Tlu-ssa-

1827 3640 2189 3695 lonicensihtts
2207 3642 2330 3695 item
2357 3649 2508 3694 antra
2529 3641 2713 3693 eadem
2736 3641 2932 3693 monita
2951 3639 3377 3700 dellt‘l‘ﬂl,tll(‘efl~i
3399 3658 3414 3692 :

1830 3730 2013 3799 Itaque
2044 3733 2382 3786 exltorlautiui
2411 3733 2622 3784 invicem
2651 3731 2780 3784 sicut
2810 3741 2854 3782 et
2895 3731 3062 3800 fuitis
3100 3746 3118 3783 :
3163 3729 3413 3796 itemque,

1830 3822 2084 3890 Corript'lc
2107 3825 2374 3894 inquietos,
2419 3824 2750 3876 consulamini
2779 3823 3148 3889 pusillanimes,
3180 3823 3424 3874 srstittete

1829 3917 2056 3983 inﬁrmos
2075 3919 2150 3985 (l.
2178 3915 2358 3970 Thess.
2379 3917 2430 3970 5.
2466 3919 2546 3969 Il.
2575 3926 2620 3969 et
2648 3917 2752 3984 lli).
2784 3915 2857 3968 Ne
2885 3917 3004 3980 quis
3031 3915 3168 3969 enim
3193 3917 3418 3979 diceret,

1829 4006 1966 4072 Quid
2000 4022 2113 4060 mea
2144 4008 2360 4060 interest
2387 4009 2545 4062 etiam
2575 4008 2796 4060 aliorum
2823 4020 3012 4060 curare
3039 4005 3260 4057 salutem
3284 4004 3309 4058 ?
3329 4007 3416 4074 qni

1831 4101 1988 4170 perit,
2019 4110 2222 4170 pereat,
2269 4110 2328 4153 et
2353 4101 2439 4166 qtti
2477 4113 2738 4156 servatur.
2775 4110 3052 4156 servetur;
3102 4098 3148 4149 id
3184 4097 3316 4148 nihil
3347 4115 3418 4160 an

1831 4207 1917 4245 me
1948 4193 2194 4260 pertinet,
2228 4191 2384 4244 rebus
2411 4191 2542 4242 tttcis
2577 4189 3090 4256 prospicerejubeur
3122 4204 3140 4242 :
3181 4204 3248 4238 tte
3273 4189 3418 4252 quis,

1833 4283 2070 4352 inquam,
2111 4281 2227 4335 lltl'c
2266 4281 2488 4342 diceret,
2523 4277 2740 4330 feralem
2789 4278 2928 4331 illaut
2975 4288 3028 4329 et
3070 4278 3414 4327 inhumanam

1828 4372 2206 4442 cogitationem
2250 4371 2536 4426 auferens.
2587 4367 2792 4436 legibus
2838 4367 2950 4418 istis
2999 4365 3141 4418 illam
3187 4365 3424 4434 sopivit,

1830 4465 2056 4535 plurima
2081 4464 2274 4530 jubens
2313 4459 2590 4516 Commoda
2634 4459 2920 4528 negligere,
2947 4469 3000 4508 ut
3031 4457 3288 4527 proximis
3318 4472 3420 4507 no-

1833 4557 1956 4611 Stris
1979 4554 2343 4612 consulamus.
2371 4565 2531 4620 atque
2553 4550 2690 4604 hanc
2718 4549 2837 4603 vita:
2863 4547 3190 4614 diligentiam
3219 4547 3424 4614 tibique

1831 4647 2129 4704 habendam
2177 4661 2298 4701 esse
2331 4631 2552 4700 “deﬁnit.
2613 4643 2869 4698 Romanis
2907 4655 3120 4710 quoque
3175 4639 3422 4694 serilxtns

1835 4743 2011 4815 (llam.
2053 4742 2150 4796 15.
2190 4742 2268 4810 1).
2307 4741 2574 4809 ingentem
2623 4737 2727 4791 illis
2752 4751 2934 4791 curam
2965 4731 3228 4803 ejusmodi
3257 4733 3427 4787 ol'licii

1829 4837 2100 4908 imposuit,
2135 4835 2300 4890 fortes
2344 4835 2624 4889 imbecillis
2665 4841 2871 4901 patrum
2902 4832 3018 4886 loco
3061 4845 3180 4884 esse
3200 4829 3425 4899 jubeus,

1829 4909 1996 5000 utque
2023 4945 2211 4984 eorum
2249 4928 2394 4981 salus
2429 4942 2572 4980 cura:
2617 4927 2717 4979 illis
2745 4925 2812 4979 sit
2843 4925 3158 4979 admonens.
3199 4925 3302 4980 Sed
3334 4925 3422 4978 hic

1831 5025 2047 5094 quidem
2075 5019 2467 5076 adhortationis
2493 5029 2546 5072 et
2585 5018 2791 5072 consilii
2823 5017 3049 5071 fortnam
3079 5029 3278 5081 servat,
3314 5017 3428 5070 alio

1831 5126 2010 5171 autem
2054 5115 2108 5170 in
2153 5114 2270 5168 loco
2309 5127 2515 5166 summa
2559 5125 2682 5164 cum
2727 5109 3064 5164 vehementia
3117 5110 3427 5163 auditurum

1833 5209 2043 5261 animos
2069 5205 2310 5276 percellit
2331 5223 2346 5260 :
2371 5219 2466 5259 eos
2495 5203 2660 5268 enim,
2697 5204 2785 5272 qtti
2817 5200 3038 5256 fratrum
3071 5201 3297 5254 salutem
3323 5214 3420 5251 ne-

1830 5300 2055 5370 gligunt,
2082 5298 2132 5351 in
2161 5299 2333 5366 ipsum
2356 5295 2626 5351 Christum
2653 5309 2875 5364 peccare
2901 5293 3050 5358 dicit,
3079 5291 3276 5360 Deique
3295 5287 3428 5342 auli-

1831 5393 2010 5446 ficium
2041 5391 2350 5460 diruere“.
2378 5387 2498 5444 Cor.
2521 5389 2720 5458 8.12):
2751 5386 2910 5455 idque
2941 5402 3045 5440 non
3074 5399 3101 5437 a
3124 5379 3427 5450 seipso,sed

1832 5503 1860 5540 a
1886 5485 2146 5556 magistro
2183 5483 2408 5538 edoctus
2437 5483 2688 5553 loquitur.
2718 5481 2958 5549 Namque
2989 5475 3294 5544 uuigenitns
3327 5471 3421 5525 Dei

1839 5578 2024 5642 Filius,
2077 5584 2136 5630 ιιι
2175 5575 2396 5630 doceret
2445 5573 2548 5629 hoc
2597 5573 2830 5628 ofﬁcium
2868 5583 2992 5625 esse
3037 5564 3420 5624 necessarium,

1833 5680 1993 5740 atque
2016 5683 2132 5733 eos,
2164 5667 2254 5738 qui
2283 5667 2411 5722 illttd
2444 5666 2666 5721 reddere
2698 5665 2990 5733 negligant,
3019 5657 3246 5714 summis
3268 5654 3429 5709 malis

1896 5786 1912 5818 ι
1947 5782 2000 5832 ln
2031 5783 2136 5834 solo
2171 5783 2336 5832 Morel.
2361 5785 2540 5833 desunt
2561 5781 2666 5830 ha‘c
2689 5779 2854 5837 verba,
2885 5789 3000 5828 nam
3021 5768 3150 5838 quod
3171 5769 3286 5824 istos
3309 5779 3426 5833 quo-

1831 5861 1922 5912 que
1943 5859 2086 5912 poma
2116 5851 2336 5910 tuamet;
2360 5845 2446 5896 sed
2471 5843 2682 5907 gene’ua
2705 5849 2834 5892 suat.
