4032 6484
623 432 719 490 531

635 542 977 615 excipiendos
1001 555 1143 605 esse,
1174 540 1383 596 dicebat
1410 558 1423 593 :
1457 542 1765 610 Quicumque
1789 538 2207 592 scandalizarerit

623 650 780 688 unum
810 649 874 688 ea:
913 632 1111 701 pusilt'is
1134 632 1263 697 istis,
1291 631 1494 701 expedit
1537 631 1583 683 ei
1612 640 1664 682 ut
1695 630 2037 699 suspendatur
2073 628 2209 681 mola

622 726 849 779 asinaria
870 726 1004 779 circa
1030 723 1218 779 collum
1242 725 1373 795 ejus,
1398 732 1443 777 et
1465 723 1785 793 demergatur
1812 722 1862 774 in
1894 720 2208 791 profundum

624 808 780 873 maris
805 817 1016 888 (Matth.
1046 816 1132 872 18.
1164 816 1244 887 6).
1278 818 1451 886 Atque
1486 817 1550 878 is,
1586 815 1674 884 qui
1707 814 1959 867 talentum
2001 812 2211 866 obtule-

624 918 726 973 rat,
749 923 854 962 non
881 907 1020 978 quod
1041 906 1241 978 aliquid
1270 923 1333 961 ex
1364 907 1475 962 suis
1501 905 1927 974 contempsisset,
1946 902 2038 957 sed
2067 914 2209 972 quod

624 1000 990 1070 proximorum
1018 999 1243 1053 salutem
1273 997 1622 1068 neglexisset,
1671 995 1762 1049 illo
1791 993 2053 1064 supplicio
2089 990 2208 1045 affi-

625 1091 782 1146 citur.
831 1088 1016 1159 Itaque
1052 1087 1152 1142 etsi
1197 1089 1357 1141 vitam
1409 1097 1645 1141 nostram
1677 1083 2203 1149 recteinstituamus,

628 1181 760 1235 nihil
784 1179 835 1235 id
861 1179 1077 1249 prodest
1102 1178 1277 1246 nobis,
1310 1192 1429 1232 cum
1460 1186 1739 1249 peccatum
1769 1173 1893 1229 illud
1922 1172 2091 1244 possit
2113 1187 2210 1226 nos

628 1273 682 1327 in
710 1271 971 1342 gehenna:
1012 1271 1329 1341 profundum
1376 1270 1715 1339 immergere.
1760 1267 1817 1323 Si
1864 1268 2009 1322 enim
2063 1264 2209 1319 nulla

628 1366 767 1419 ratio
806 1364 973 1434 possit
997 1378 1091 1418 eos
1116 1364 1205 1433 qui
1239 1362 1495 1432 proximis
1524 1374 1837 1432 corpoream
1866 1373 2020 1427 opem
2069 1354 2211 1412 ferre

629 1459 897 1513 noluerint
923 1456 1172 1519 liberare,
1205 1471 1410 1519 verum,
1452 1455 1550 1507 etsi
1580 1452 1934 1522 virginitatem
1964 1464 2212 1505 servaven

629 1551 758 1612 rint,
792 1559 965 1603 tamen
1005 1557 1154 1602 extra
1195 1548 1376 1617 sponsi
1410 1544 1699 1598 thalamum
1728 1540 2013 1609 ahjiciendi
2061 1539 2207 1594 sint:

631 1644 675 1697 is
699 1641 787 1710 qui
816 1639 955 1711 quod
995 1640 1163 1693 multo
1193 1638 1362 1711 majus
1394 1646 1474 1689 est
1500 1635 1739 1689 omiserit
1779 1632 1971 1702 (multo
2014 1631 2212 1700 quippe

629 1732 800 1801 major
829 1742 909 1786 est
935 1731 1231 1783 animarum
1254 1708 1405 1799 cura)
1435 1742 1530 1781 cur
1568 1741 1675 1780 non
1720 1725 1856 1779 mala
1882 1722 2062 1775 omnia
2093 1735 2209 1774 me-

628 1824 733 1876 rito
763 1820 1022 1891 patiatur?
1041 1819 1318 1873 Hominem
1338 1818 1478 1871 enim
1506 1824 1688 1870 nonut
1713 1814 1811 1869 sibi
1835 1821 2037 1868 tantum
2061 1809 2213 1880 prod-

627 1923 772 1971 esset
804 1913 1004 1968 creavit
1035 1912 1209 1979 Deus,
1236 1910 1330 1966 sed
1358 1919 1416 1964 ut
1458 1909 1576 1963 aliis
1601 1908 1762 1963 etiam
1783 1906 1984 1961 multis.
2009 1903 2213 1959 Idcirco

631 2005 825 2058 ίδςιιιιιιε
886 2004 1141 2075 (Philipp.
1172 2002 1229 2055 2.
1279 2002 1368 2070 l5)
1418 2000 1597 2053 ﬁdeles
1640 1997 1919 2052 luminaria
1958 1993 2210 2065 appellat,

632 2096 757 2149 hinc
785 2094 1077 2150 ostendens
1100 2108 1194 2147 eos
1215 2093 1426 2148 caeteris
1457 2092 1616 2145 etiam
1645 2090 1760 2143 usui
1788 2102 1908 2142 esse
1937 2094 2209 2156 oportere:

632 2187 896 2240 luminare
928 2185 1145 2255 quippe,
1198 2182 1451 2253 quamdiu
1498 2182 1732 2250 seipsum
1777 2187 1980 2233 tantum
2013 2177 2215 2231 illumi-

632 2287 744 2342 nat,
776 2277 1035 2331 luminare
1073 2275 1310 2345 profecto
1354 2288 1457 2328 non
1485 2281 1587 2329 est.
1617 2273 1902 2342 Propterea
1928 2270 2214 2342 gentilibus

631 2380 847 2437 quoque
893 2366 1024 2435 ipsis
1070 2364 1365 2419 deteriores
1413 2377 1534 2417 esse
1577 2361 1672 2429 ait,
1728 2360 1818 2431 qui
1848 2360 2212 2431 proximorum

632 2459 856 2512 salutem
903 2456 1251 2525 negligerent,
1281 2453 1364 2508 his
1402 2453 1583 2509 verbis
1611 2470 1625 2507 :
1667 2451 1729 2507 Si
1757 2452 1868 2522 quis
1894 2460 2063 2504 autem
2091 2465 2213 2503 suo-

633 2565 767 2614 rum,
798 2555 850 2602 υ
874 2547 1092 2600 maxime
1113 2545 1497 2598 domesticorum
1522 2541 1891 2608 providentiam
1918 2556 2018 2593 non
2061 2539 2208 2610 gerit,

632 2640 782 2710 fidem
828 2639 1044 2709 negavit,
1084 2646 1129 2691 et
1159 2644 1229 2691 est
1275 2637 1472 2704 inﬁdeli
1521 2634 1744 2689 deterior
1773 2635 1850 2706 (l.
1879 2633 2010 2687 Tim.
2034 2633 2087 2688 5.
2129 2632 2211 2704 8).

629 2731 766 2800 Quid
797 2731 937 2786 enim
970 2731 1073 2786 hoc
1098 2731 1217 2785 loco
1243 2728 1588 2799 providentia:
1616 2727 1834 2782 nomine
1857 2727 1940 2781 vis
1960 2725 2216 2795 intelligi?

548 2834 555 2843 '
629 2840 698 2879 an
754 2824 981 2880 fortasse
1032 2822 1456 2876 necessariorum
1509 2816 1906 2889 largitionem?
1953 2817 2212 2887 Equidem

629 2926 761 2990 puto
805 2919 977 2985 ipsum
1017 2929 1202 2968 curam
1252 2913 1445 2967 anima:
1492 2910 1811 2980 signiﬁcare.
1863 2909 1958 2964 Sin
1984 2923 2110 2963 vero
2159 2917 2214 2962 tu

632 3007 991 3072 contradicas,
1019 3007 1097 3060 sic
1122 3018 1336 3074 quoque
1359 3017 1475 3057 mea
1506 3001 1768 3056 sententia
1801 2999 2003 3054 ﬁrmior
2032 3012 2214 3053 mane-

631 3100 731 3156 bit.
760 3099 893 3155 Nam
923 3098 969 3152 si
999 3097 1065 3153 de
1100 3111 1332 3167 corpore
1375 3095 1490 3150 hate
1516 3094 1666 3157 dicit,
1699 3108 1928 3162 cumque
1958 3091 2050 3162 qui
2077 3107 2213 3162 quo-

630 3193 886 3248 tidianum
922 3190 1064 3245 hunc
1087 3190 1262 3246 cibum
1287 3204 1392 3243 non
1423 3187 1627 3258 prtebet
1656 3188 1804 3269 tanto
1829 3186 2092 3257 supplicio
2121 3185 2218 3241 ad-

630 3283 784 3351 dixit,
810 3283 1201 3355 gentilibusquc
1222 3281 1545 3337 deteriorem
1571 3295 1696 3335 esse
1717 3279 1794 3334 ait
1821 3297 1835 3334 :
1867 3295 1974 3351 quo
1998 3278 2214 3333 tandem

633 3376 685 3431 in
716 3376 832 3431 loco
856 3382 1118 3429 statuetur
1140 3374 1204 3439 is,
1234 3372 1322 3443 qui
1345 3377 1489 3442 quod
1519 3371 1693 3442 majus
1722 3372 1998 3441 magisque
2028 3384 2216 3426 neces-

627 3451 828 3505 sariunt
856 3460 938 3505 est
968 3452 1303 3507 contemnit?
1742 3466 1751 3473 ‘

699 3540 754 3594 3.
800 3539 1056 3607 Quantum
1090 3542 1156 3595 sit
1193 3542 1384 3597 malum
1413 3542 1681 3598 liberorum
1701 3543 1974 3614 neglectus.
2004 3573 2078 3585 —
2104 3545 2217 3615 Age

628 3629 810 3701 itaque
853 3631 1232 3687 ratiocinemur
1267 3632 1335 3688 de
1375 3635 1575 3704 peccati
1613 3637 1781 3689 nostri
1812 3635 2172 3706 magnitudine
2196 3676 2213 3703 ,

628 3738 693 3778 ac
714 3724 965 3794 paulatim
995 3725 1344 3781 ascendentes
1378 3727 1720 3783 ostendanius
1762 3727 2050 3782 maximum
2094 3745 2216 3783 om-

628 3817 777 3873 nium
806 3826 1082 3887 peccatum
1108 3834 1229 3875 esse
1254 3818 1542 3875 liberorum
1570 3820 1889 3890 neglectum,
1932 3830 1986 3875 et
2027 3820 2091 3874 ad
2132 3822 2214 3891 ip-

630 3924 748 3964 sum
794 3910 1012 3966 malitia:
1061 3911 1265 3981 apicem
1311 3913 1631 3982 pertingere.
1679 3911 1777 3966 Est
1815 3912 1974 3982 igitur
2014 3913 2215 3983 primus

631 3999 871 4065 malitiae,
896 4001 1188 4071 iniquitatis
1212 4009 1267 4058 ‘et
1290 4002 1622 4058 crudelitatis
1647 4003 1864 4074 gradus,
1894 4005 2095 4060 amicos
2123 4020 2214 4061 as-

627 4091 839 4160 pernari
883 4108 897 4146 :
928 4091 1053 4162 quin
1081 4101 1136 4147 ut
1163 4093 1230 4148 ad
1261 4092 1511 4149 inferiora
1540 4110 1840 4151 sermonem
1865 4097 2211 4166 reducamus;

626 4180 680 4237 id
706 4183 848 4237 enim
876 4184 1057 4239 nescio
1086 4185 1353 4255 quomodo
1384 4201 1470 4242 me
1509 4201 1646 4256 pene
1686 4185 1921 4256 fugerat;
1953 4189 2098 4259 prior
2129 4188 2212 4243 illa

626 4276 714 4332 lex
741 4276 940 4333 Judmis
958 4277 1099 4343 data,
1135 4295 1200 4334 ne
1221 4278 1460 4349 jumenta
1491 4279 1707 4350 quidem
1734 4278 2069 4335 inimicorum
2116 4296 2213 4337 ne-

626 4367 825 4438 gligere
853 4372 1134 4438 permittit,
1165 4370 1279 4425 sive
1298 4369 1613 4437 deciderint,
1636 4371 1747 4426 sive
1767 4373 2096 4437 erraverint;
2120 4373 2213 4428 sed

629 4457 744 4514 lucc
767 4458 979 4527 quidem
1004 4458 1282 4522 reducere,
1314 4459 1401 4514 illa
1429 4475 1556 4515 vero
1585 4462 1790 4532 erigere
1815 4463 1985 4532 jubet.
2007 4464 2218 4518 Estita-

626 4562 730 4617 que
760 4549 980 4616 primus,
1010 4550 1077 4603 ab
1108 4549 1302 4602 inﬁmis
1331 4549 1686 4619 ascendendo,
1709 4554 1923 4609 malitia:
1948 4563 2003 4610 et
2024 4554 2215 4611 crude-

628 4638 792 4691 litatis
811 4641 1024 4707 gradus,
1054 4638 1387 4694 inimicorum
1413 4641 1654 4708 jumenta
1690 4650 1744 4695 ct
1785 4659 1973 4711 pecora
2014 4645 2212 4701 malum

628 4743 879 4799 perpessa
907 4730 1174 4801 negligere
1224 4748 1237 4784 :
1274 4731 1539 4787 secundus
1566 4732 1656 4788 illo
1676 4735 1938 4804 superior,
1969 4737 2214 4794 inimicos

628 4824 777 4895 ipsos
798 4824 1148 4894 negligentius
1172 4841 1399 4882 curare:
1427 4836 1626 4897 quanto
1661 4830 1803 4883 enim
1842 4828 2003 4885 homo
2043 4830 2215 4888 brutis

627 4923 868 4984 praastat,
892 4922 1039 4970 tanto
1070 4925 1343 4986 peccatum
1375 4917 1477 4973 hoc
1515 4918 1686 4987 majus
1722 4919 1829 4973 illo.
1861 4921 2070 4976 Tertius
2105 4931 2211 4989 est,

626 5006 818 5062 fratres
843 5011 1138 5077 aspernari,
1167 5011 1290 5068 licet
1318 5010 1482 5080 ignoti
1511 5010 1707 5066 fuerint
1737 5030 1751 5067 :
1782 5024 2021 5082 quartus,
2055 5013 2216 5069 fami-

625 5099 786 5155 liares
812 5115 1025 5171 quoque
1069 5100 1346 5171 despicere
1386 5119 1400 5156 :
1442 5103 1678 5173 quintus,
1724 5118 1845 5158 cum
1889 5120 1996 5159 non
2039 5105 2211 5160 solum

623 5203 869 5259 corpore,
897 5189 989 5245 sed
1017 5189 1176 5245 etiam
1203 5192 1376 5246 anima
1398 5207 1583 5248 eorum
1612 5203 1885 5264 pereunte,
1913 5196 2215 5251 contemni-

625 5295 780 5336 mus:
805 5290 1007 5350 sextus,
1033 5298 1153 5339 eum
1183 5300 1288 5340 non
1319 5287 1491 5341 solum
1521 5286 1887 5354 familiaribus,
1918 5304 2103 5345 verum
2127 5293 2211 5362 ip-

624 5372 704 5427 sis
729 5388 942 5445 quoque
971 5375 1153 5430 liberis
1180 5377 1543 5446 pereuntibus,
1564 5379 1908 5451 negligimus:
1929 5382 2209 5453 septimus,

624 5474 747 5517 eum
766 5479 866 5520 nec
889 5464 1022 5520 alios
1048 5465 1136 5536 qui
1159 5465 1369 5521 illorum
1394 5481 1576 5528 curam
1608 5468 1804 5526 habere
1830 5472 2035 5541 possint
2060 5489 2212 5544 quan-

624 5553 794 5612 rimus
821 5574 836 5611 :
868 5565 1120 5625 octavus,
1135 5573 1257 5614 cum
1284 5569 1337 5615 et
1355 5574 1471 5627 eos,
1509 5560 1601 5629 qui
1637 5561 1688 5616 id
1729 5577 1758 5615 a
1798 5564 1989 5634 seipsis
2035 5563 2213 5624 facere

627 5642 925 5710 instituunt,
953 5663 1200 5706 arcemus
1231 5660 1392 5722 atque
1438 5652 1780 5721 prohibemus
1819 5671 1832 5707 :
1863 5667 2055 5723 nonus,
2088 5672 2208 5711 cum

624 5750 730 5790 non
759 5745 960 5794 tantum
988 5742 1105 5799 illos
1142 5743 1507 5812 prohibemus,
1537 5744 1630 5799 sed
1671 5759 2039 5816 Oppugnamus
2079 5763 2212 5817 quo-

623 5840 746 5898 que.
778 5827 960 5900 Itaque
982 5833 1025 5887 si
1058 5832 1307 5904 primum,
1336 5834 1624 5892 secundum
1665 5845 1718 5893 ct
1750 5836 1958 5893 tertium
1980 5839 2206 5896 malitia:

1368 427 1425 486 S.
1448 426 1730 485 JOANNlS
1773 423 2244 482 (iiiRYSOSTOMl
2266 423 2583 481 ARCHIEP.
2614 426 3145 485 CONSTANTINOP.
3835 439 3927 494 352

2313 536 2472 607 hujus
2499 538 2739 609 gradum,
2773 548 2914 594 tanta
2957 541 3197 612 sequitur
3229 556 3400 610 pinna,
3431 559 3490 600 et
3526 545 3633 617 qui
3670 545 3798 601 illos
3821 564 3927 605 om-

2313 643 2411 683 nes
2436 637 2670 698 superat,
2702 630 2751 683 in
2778 645 2884 699 quo
2931 646 3024 684 vos
3051 632 3203 698 estis,
3243 648 3430 703 nempe
3474 650 3663 700 nono,
3703 652 3925 707 quantus

2312 720 2449 789 ignis
2476 719 2770 775 destinatus
2799 721 2913 775 est?
2954 721 3223 787 Quinimo,
3273 739 3375 779 non
3418 735 3657 781 tantum
3714 746 3924 793 nonum,

2313 826 2413 866 nec
2438 810 2724 877 decimum,
2761 811 2855 866 sed
2885 813 3042 866 etiam
3071 813 3407 868 undecimum
3443 816 3590 885 jure
3635 832 3709 872 ac
3747 822 3923 878 merita

2312 917 2434 957 eum
2461 902 2832 972 appellaveris.
2855 902 2961 958 Cur
2982 903 3121 979 hoc?
3164 904 3298 972 Quia
3340 919 3447 960 non
3501 917 3715 962 natura
3764 910 3923 965 solum

2314 992 2418 1049 hoc
2448 1002 2719 1064 peccatum
2744 1010 2900 1064 supra
2931 997 3235 1050 memoratis
3251 997 3418 1066 majus
3444 1006 3565 1064 est,
3598 998 3703 1053 sed
3731 1002 3919 1059 ratione

2314 1087 2572 1156 temporis
2599 1087 2836 1157 gravius.
2867 1085 3003 1153 Quid
3032 1086 3133 1141 sibi
3155 1087 3267 1142 vult
3289 1088 3437 1157 illud,
3469 1091 3709 1146 ratione
3732 1103 3920 1162 tempo-

2313 1177 2433 1232 ris‘t
2458 1177 2587 1242 Quia
2616 1177 2770 1233 nobis
2798 1178 2983 1234 eadem
3012 1180 3381 1248 peccantibus,
3411 1197 3545 1250 qua:
3605 1182 3647 1237 ii
3702 1184 3796 1254 qui
3834 1190 3917 1240 sul)

2313 1267 2433 1338 lege
2462 1276 2633 1334 erant,
2666 1282 2769 1321 non
2800 1269 2943 1337 paria
2971 1269 3225 1337 supplicia
3276 1269 3577 1338 debentur,
3630 1273 3732 1327 sed
3780 1274 3918 1344 longe

2313 1362 2577 1432 graviora,
2608 1372 2806 1431 quanto
2846 1361 3049 1416 scilicet
3089 1361 3277 1431 majori
3321 1362 3463 1416 dono
3516 1364 3709 1433 potiti,
3756 1366 3914 1434 perfe-

2313 1453 2466 1507 ctiori
2493 1451 2735 1507 doctrina
2767 1451 2974 1516 imbuti,
3007 1450 3193 1521 majori
3239 1452 3438 1509 honore
3477 1454 3675 1509 affecti
3721 1470 3911 1511 sumus.

2314 1544 2445 1600 Cum
2474 1545 2631 1614 igitur
2657 1555 2843 1599 natura
2865 1553 2917 1599 et
2937 1546 3141 1600 ratione
3172 1547 3424 1616 temporis
3455 1547 3574 1603 hoc
3601 1551 3786 1605 scelus
3804 1568 3912 1622 gra-

2315 1634 2591 1689 vissimum
2635 1635 2721 1699 sit,
2751 1635 3029 1689 considera
3058 1644 3306 1704 quantam
3336 1637 3624 1693 ﬂammam
3660 1640 3715 1693 in
3742 1658 3911 1697 eorum

2315 1727 2510 1796 capita,
2540 1725 2626 1794 qui
2651 1724 2701 1781 id
2730 1735 3039 1795 perpetrare
3073 1725 3289 1791 audent,
3339 1727 3589 1784 inducet.
3640 1730 3796 1798 Quod
3834 1749 3912 1787 au-

2316 1826 2423 1873 tem
2452 1832 2556 1871 non
2586 1826 2788 1872 temere
2818 1819 2888 1872 ita
2917 1818 3220 1886 ratiociner,
3254 1835 3316 1876 ex
3345 1836 3406 1876 re
3446 1821 3574 1891 ipsa
3617 1827 3906 1893 exemplum

2316 1908 2556 1976 afferam,
2589 1916 2649 1963 ut
2676 1909 2875 1974 sciatis,
2904 1910 3114 1965 tametsi
3154 1925 3240 1966 res
3282 1920 3501 1966 nostras
3542 1929 3744 1970 omnes
3782 1928 3906 1970 recte

2317 1999 2679 2067 instituamus,
2702 2000 2747 2054 si
2777 2000 3005 2055 ﬁliorum
3029 2000 3251 2055 salutem
3283 2002 3650 2073 nrgligamus,
3697 2020 3795 2059 nos
3824 2022 3901 2061 ex-

2319 2100 2515 2145 tremas
2565 2090 2785 2147 daturos
2824 2106 2945 2147 csse
2987 2105 3192 2162 poenas.
3237 2091 3387 2159 Quod
3447 2095 3613 2148 vobis
3664 2095 3901 2151 allatura:

2317 2199 2458 2251 sum,
2490 2199 2596 2239 non
2626 2198 2691 2239 ex
2723 2184 2929 2254 meipso
2954 2183 3185 2253 profero,
3209 2184 3303 2239 sed
3331 2185 3382 2239 in
3404 2185 3614 2240 divinis
3630 2185 3898 2257 Scripturis

2312 2274 2477 2346 jacet.
2507 2275 2771 2331 Sacerdos
2800 2274 3013 2345 quidam
3040 2275 3177 2344 apud
3202 2273 3415 2331 Judreos
3442 2286 3585 2342 erat,
3618 2277 3703 2331 vir
3736 2278 3897 2332 mode-

2318 2373 2467 2422 ratus
2494 2382 2557 2421 ac
2578 2365 2798 2437 probus,
2822 2367 2939 2421 lleli
2970 2367 3205 2422 nomine.
3231 2367 3364 2421 lluic
3392 2367 3508 2423 duo
3532 2378 3696 2423 erant
3724 2368 3893 2423 libcn':

2317 2472 2452 2528 quos
2481 2473 2601 2512 cum
2622 2457 2827 2512 videret
2867 2456 2934 2511 ad
2968 2459 3098 2512 vitia
3146 2458 3430 2523 declinare,
3486 2474 3603 2514 non
3656 2459 3894 2523 cohibuit,

2317 2564 2424 2603 non
2454 2549 2719 2613 coercuit;
2772 2548 2880 2603 imo
2923 2548 3102 2619 potius
3141 2547 3381 2604 cohibuit
3421 2557 3482 2604 et
3518 2548 3890 2616 coercuit-,sed

2318 2654 2424 2694 non
2453 2649 2649 2709 quanta
2674 2637 2943 2709 diligentia
2970 2647 3023 2693 et
3042 2653 3165 2693 cura
3194 2655 3288 2707 par
3313 2648 3450 2694 erat.
3485 2638 3695 2694 [lorum
3736 2648 3892 2694 autem

2319 2728 2435 2785 haec
2459 2737 2610 2783 erant
2635 2728 2876 2793 crimina,
2910 2727 3187 2783 fornicatio
3215 2738 3270 2784 et
3291 2729 3436 2799 gula.
3471 2730 3718 2785 Edebant
3741 2729 3886 2795 enim,

2319 2818 2493 2888 inquit
2517 2818 2593 2889 (1.
2619 2816 2747 2888 Reg.
2776 2817 2830 2871 2.
2856 2819 2970 2889 £6),
3001 2826 3281 2889 antequam
3316 2819 3784 2875 sanctiﬁcareutur
3820 2832 3892 2872 sa-

2318 2927 2425 2967 cra:
2445 2927 2658 2978 carnes,
2686 2922 2737 2965 et
2762 2911 3067 2981 priusquam
3094 2911 3381 2967 oll‘erretur
3409 2912 3529 2967 Deo
3569 2910 3886 2967 sacriﬁcium.

2319 3003 2414 3057 llis
2437 3002 2727 3072 compertis
2755 3010 2907 3072 pater
2947 3017 3053 3057 non
3092 3002 3235 3057 illos.
3260 3016 3415 3072 pmna
3466 3000 3759 3066 mulctavit,
3808 2998 3887 3054 sed

2319 3096 2496 3151 verbis
2519 3105 2574 3150 et
2600 3094 2818 3150 monitis
2846 3094 2915 3149 ab
2949 3093 3049 3148 hac
3079 3094 3309 3163 nequitia
3338 3093 3489 3162 ipsos
3529 3106 3772 3149 revocare
3807 3104 3884 3144 co-

2320 3197 2475 3242 natus
2514 3195 2618 3254 cst,
2643 3196 2801 3257 atque
2829 3185 2913 3240 his
2950 3185 3255 3256 frequenter
3272 3184 3453 3240 verbis
3481 3200 3577 3240 eos
3601 3180 3883 3253 alloqueba-

2318 3285 2407 3332 tur
2438 3295 2452 3331 :
2483 3276 2678 3343 Nolite,
2702 3276 2819 3346 ﬁlii,
2847 3276 3002 3331 nolito
3028 3277 3101 3330 sic
3124 3278 3289 3349 facere
3309 3291 3328 3328 :
3350 3291 3451 3329 non
3482 3275 3616 3330 bona
3639 3279 3770 3345 fama
3792 3280 3876 3334 est,

2316 3384 2469 3439 quam
2489 3384 2580 3438 ego
2607 3368 2761 3421 audio
2791 3366 2853 3419 de
2876 3366 3033 3432 vobis,
3065 3376 3117 3419 ut
3147 3366 3347 3437 faciatis
3377 3366 3628 3435 populum
3659 3379 3753 3417 non
3784 3377 3879 3414 ser-

2321 3456 2425 3509 vire
2445 3452 2683 3508 Domino.
2710 3453 2771 3508 Si
2791 3453 3087 3529 deiiuquens
3108 3453 3380 3522 peccaverit
3401 3453 3482 3504 uir
3510 3453 3565 3505 in
3590 3464 3760 3512 virum,
3784 3462 3879 3497 ora-

2321 3549 2444 3603 bunt
2471 3564 2564 3616 pro
2592 3547 2684 3602 illo
2717 3545 3030 3612 Dominum;
3058 3547 3136 3599 sin
3163 3555 3332 3598 autent
3359 3541 3587 3597 Domino
3637 3536 3877 3610 peccauerit

2321 3644 2491 3707 homo,
2519 3640 2631 3710 quis
2650 3656 2741 3711 pro
2769 3639 2860 3693 illo
2886 3638 3048 3692 orabit
3074 3637 3152 3708 (Ι.
3182 3636 3307 3706 Reg.
3330 3634 3384 3688 2.
3415 3634 3553 3706 24)?
3577 3631 3729 3687 Multa
3754 3631 3876 3679 certe

2320 3741 2403 3788 est
2422 3732 2654 3803 gravitas
2671 3746 2734 3787 ac
2758 3731 3057 3786 reverentia
3078 3727 3521 3797 verborum,qum
3545 3726 3710 3780 virum
3725 3725 3869 3774 mente

2321 3825 2603 3897 prmditum
2651 3822 2718 3878 ad
2767 3823 3045 3878 meliorem
3091 3820 3294 3891 frugem
3337 3834 3596 3875 revocare
3638 3816 3859 3907 possent:

2322 3933 2445 3972 nam
2472 3916 2674 3972 crimen
2705 3914 2878 3980 affert,
2908 3929 2973 3969 ac
3017 3912 3352 3968 tremendum
3392 3924 3518 3965 esse
3558 3905 3859 3964 demonstrat.

2322 4010 2627 4080 ingruentes
2653 4020 2782 4061 vero
2809 4019 2999 4076 ptenas
3025 4002 3384 4059 intolerabiles
3410 4008 3464 4057 et
3494 3995 3772 4056 horrendas
3788 3989 3863 4043 deo

2325 4101 2551 4156 nuntiat.
2592 4100 2841 4154 Attamen
2878 4097 3001 4168 quia
3042 4093 3294 4167 quidquid
3338 4093 3605 4163 agendum
3645 4094 3749 4144 erat
3780 4093 3862 4137 non

2321 4192 2581 4253 exhibuit,
2610 4190 2725 4261 ipse
2748 4204 2868 4246 cum
2897 4188 3002 4244 illis
3020 4203 3123 4243 una
3155 4186 3330 4257 periit.
3358 4184 3599 4255 Namque
3619 4180 3770 4235 minas
3786 4169 3864 4226 ad-

2322 4284 2451 4340 dere
2473 4283 2748 4349 debuerat,
2779 4295 2809 4335 a
2836 4288 3123 4351 conspectu
3154 4293 3253 4332 suo
3289 4290 3563 4339 amovere,
3598 4264 3862 4326 verberibus

2322 4377 2604 4446 castigare,
2645 4373 2920 4442 multoque
2965 4372 3067 4426 illis
3113 4370 3328 4441 gravius
3368 4378 3423 4425 et
3458 4367 3642 4423 durius
3679 4363 3859 4446 instare.

2323 4443 2641 4536 Quiavigitur
2668 4465 2797 4519 nihil
2826 4463 3018 4519 horum
3051 4462 3176 4532 egit,
3202 4461 3366 4516 Deum
3394 4468 3448 4515 et
3474 4458 3577 4513 sibi
3606 4463 3656 4509 et
3681 4443 3862 4543 illisilli-

2322 4557 2516 4613 micum
2543 4555 2700 4611 fecit:
2732 4563 2895 4626 utque
2921 4553 3043 4609 ﬁliis
3071 4551 3442 4622 intempestive
3469 4550 3719 4620 parceret,
3742 4544 3863 4626 cili"

2323 4664 2504 4706 sorum
2528 4656 2585 4704 et
2610 4661 2759 4702 suam
2782 4625 3007 4701 salutem
3027 4644 3225 4699 amisit.
3256 4642 3394 4698 Audi
3425 4655 3554 4712 ergo
3593 4631 3709 4707 quid
3745 4625 3858 4680 dicat

2323 4740 2399 4796 ίηί
2429 4739 2603 4805 Deus;
2632 4739 2738 4793 imo
2766 4752 2896 4794 vero
2923 4753 3029 4792 non
3056 4736 3166 4806 jam
3215 4735 3313 4801 illi,
3355 4749 3529 4804 neque
3571 4728 3701 4784 enim
3742 4717 3854 4773 illum

2323 4844 2584 4900 responso
2614 4829 2829 4900 dignum
2860 4825 3378 4897 ampliusjudicavit,
3409 4823 3502 4879 sed
3533 4825 3775 4884 tamquam
3800 4807 3844 4856 ta

2322 4921 2523 4977 mulum
2553 4921 2642 4993 qni
2672 4936 2729 4975 se
2753 4921 2989 4992 graviter
3024 4918 3351 4985 oll‘endissct,
3402 4930 3495 4985 per
3536 4912 3688 4998 alium
3725 4912 3849 4998 ςξνςιν

2323 5023 2440 5069 tura
2463 4992 2727 5084 ipsiﬂmala
2750 5010 3084 5082 signiﬁcavit.
3115 5010 3286 5064 Tanta
3334 5018 3458 5062 tunc
3501 5010 3614 5058 erat
3651 4992 3737 5051 Dei
3777 4992 3851 5040 im-

2320 5104 2460 5159 Audi
2489 5104 2665 5173 itaque
2684 5101 2811 5173 quid
2839 5100 2905 5155 ad
2935 5099 3253 5171 discipulum
3282 5096 3350 5153 de
3371 5084 3853 5181 magistroloqnauu'j

2319 5168 2659 5269 siquidem-et
2677 5168 2940 5265 discipulo
2966 5202 3021 5249 et
3051 5168 3208 5247 alteri
3242 5191 3527 5261 prophetae,
3567 5192 3619 5238 el
3648 5168 3854 5269 οωηίξδυδ

2321 5259 2519 5361 potius,
2547 5302 2705 5360 quam
2731 5259 2830 5353 illi,
2855 5286 2924 5342 de
2952 5283 3130 5340 futura
3151 5259 3453 5339 calamitate
3485 5278 3598 5349 ejus
3635 5259 3849 5361 loqucbﬂf
3882 5316 3888 5321 .

2322 5357 2408 5439 tur
2438 5401 2450 5435 :
2478 5357 2613 5438 adeo
2643 5380 2789 5437 illum
2817 5379 2881 5434 ad
2900 5386 3196 5435 extremum
3223 5375 3578 5431 aversabatur.
3607 5357 3727 5455 Qui}!

2321 5472 2492 5543 inquit
2515 5470 2786 5528 Samueli?
2814 5469 3043 5525 Noverat
3076 5466 3216 5539 quod
3245 5464 3607 5521 maledicerent
3642 5447 3723 5504 filii
3755 5447 3850 5543 eli-'3
3890 5452 3925 5525 ’ἢ

2323 5532 2455 5628 Deo,
2474 5572 2528 5617 et
2555 5576 2661 5617 non
2686 5559 2940 5616 monebat
2959 5532 3221 5623 eos;-non
3249 5556 3327 5611 sic
3364 5565 3553 5615 tamen,
3590 5552 3700 5599 nam
3730 5532 3850 5586 εϐΐιθ

2321 5663 2620 5720 monuerat,
2651 5653 2743 5709 sed
2777 5653 2914 5708 hanc
2941 5652 3081 5707 Deus
3107 5665 3203 5721 pro
3231 5647 3579 5704 admonitione
3601 5648 3692 5691 non
3717 5632 3845 5719 acc.”

2320 5750 2416 5818 pit,
2449 5747 2579 5803 adeo
2610 5747 2753 5802 illam
2785 5744 3139 5815 improbabat,
3172 5741 3312 5814 quod
3344 5730 3653 5796 vehementia
3677 5723 3845 5818 catuli:

2320 5851 2419 5898 sct.
2454 5841 2633 5912 itaque
2670 5840 2713 5896 si
2757 5839 2877 5894 liliis
2923 5836 3316 5910 provideamus,
3359 5834 3450 5890 sed
3499 5843 3592 5886 non
3628 5811 3837 5889 quantum
