4032 6454
548 425 644 481 551
1295 421 1352 478 S.
1375 421 1493 476 10A
1505 419 1657 476 NNiS
1700 417 2137 474 (ἓὶΙΙΠΞΟΞΤΟΜ

2245 416 2509 473 RCHIEP.
2542 419 3071 477 CONSTANTINOP.

561 535 903 607 excipiendos
929 549 1068 598 esse,
1101 533 1308 588 dicebat
1337 551 1348 586 :
1383 535 1691 602 Quicumque
1717 531 2132 584 scandalizarerit

549 643 707 680 attinnt
737 642 800 680 ea:
840 626 1037 694 pusillis
1061 625 1188 689 istis,
1219 624 1420 693 expedit
1464 623 1509 675 ei
1539 632 1590 674 ut
1622 622 1962 691 suspendatur
2000 621 2136 674 mola

549 719 775 772 asinaria
797 719 930 771 circa
957 716 1144 771 collum
1168 717 1298 786 ejus,
1325 726 1370 768 rt
1392 716 1712 784 demergatur
1739 715 1788 766 in
1821 713 2134 783 profundum

550 803 707 865 nutris
733 810 942 880 (Matth.
974 809 1058 864 i8.
1091 809 1170 879 6).
1204 810 1377 878 Atque
1413 809 1476 870 is,
1513 808 1600 877 qui
1634 808 1884 860 talentum
1927 805 2137 859 obtule-

551 911 653 965 rat,
675 917 780 954 non
809 899 946 970 qttod
968 899 1168 970 aliqttid
1197 916 1259 953 ex
1291 899 1401 954 suis
1427 897 1853 966 contempsisset,
1873 895 1965 949 sed
1993 907 2134 964 quoa

553 993 916 1063 proximorum
945 992 1169 1046 salutem
1199 990 1548 1060 neglexisset,
1599 988 1687 1041 illo
1718 986 1978 1056 supplicio
2015 983 2133 1038 afﬁ-

552 1084 708 1139 citur.
758 1081 942 1151 Itaque
979 1080 1078 1134 etsi
1124 1082 1283 1133 vitam
1337 1090 1571 1133 nostram
1604 1087 1751 1132 recte
1776 1076 2130 1140 instituamus,

3743 429 3875 484 352

2240 529 2398 599 hujus
2427 531 2665 601 gradum,
2701 541 2840 586 tanta
2884 534 3123 604 sequitur
3156 549 3329 602 paena,
3363 551 3409 591 et
3439 538 3528 608 qui
3561 537 3688 593 illos
3721 555 3872 595 om-

2241 636 2336 675 nes
2363 630 2596 691 superat.
2629 623 2677 676 in
2705 638 2810 692 quo
2858 639 2951 677 vos
2979 625 3128 690 estis,
3171 641 3359 694 nempe
3397 643 3556 691 nono,
3595 644 3871 698 quantus

2239 712 2375 781 ignis
2403 713 2696 768 destinatus
2726 715 2839 767 est?
2881 714 3148 780 Quiuimo,
3199 731 3301 770 non
3349 727 3551 772 tantum
3603 737 3866 784 nonum,

2240 819 2338 858 nec
2365 803 2650 869 decimum,
2688 805 2781 858 sed
2812 806 2968 858 etiam
2998 806 3334 860 undecimum
3373 807 3493 876 jure
3533 825 3598 863 ac
3637 812 3868 868 merito

2239 909 2360 949 eum
2388 895 3046 972 appellaveris.0urhoe?
3091 897 3223 964 Quia
3267 911 3374 951 non
3419 908 3604 953 natura
3652 901 3864 955 solum

2241 985 2344 1042 hoc
2375 995 2645 1056 peccatum
2671 1003 2826 1056 supra
2857 991 3160 1042 memoratis
3178 989 3346 1057 majus
3373 998 3473 1054 est,
3501 990 3594 1045 sed
3622 994 3861 1049 ratione

2241 1080 2498 1148 temporis
2525 1080 2761 1149 gravius.
2794 1079 2928 1145 Quid
2959 1079 3059 1133 sibi
3080 1080 3192 1133 vult
3216 1080 3364 1148 illud,
3394 1083 3599 1137 ratione
3623 1095 3858 1153 tempo-

555 1173 686 1228 nihil
711 1173 761 1227 id
788 1172 1002 1242 prodest
1029 1172 1203 1238 nobis,
1237 1185 1355 1224 cum
1387 1178 1665 1241 peccatum
1696 1166 1819 1220 illud
1849 1165 2017 1236 possit
2040 1179 2136 1218 nos

555 1267 609 1320 in
637 1264 897 1334 gehenna:
939 1263 1255 1334 profundum
1303 1263 1640 1331 immergere.
1687 1261 1742 1314 Si
1791 1261 1935 1314 enim
1990 1257 2134 1311 nulla

555 1358 693 1412 ratio
734 1356 898 1426 possit
924 1371 1017 1410 eos
1043 1357 1130 1426 qui
1165 1355 1422 1424 proximis
1451 1367 1764 1424 corpoream
1793 1365 1946 1419 opem
1995 1347 2136 1404 ferre

555 1451 822 1505 noluerint
849 1450 1098 1511 liberare,
1132 1464 1336 1511 verum,
1380 1448 1476 1500 etsi
1508 1445 1860 1514 virginitatem
1891 1457 2138 1496 servave-

555 1543 684 1603 rint,
718 1553 891 1595 tamen
933 1549 1080 1594 extra
1122 1540 1302 1610 sponsi
1337 1537 1625 1590 thalamum
1655 1533 1938 1601 objiciendi
1987 1532 2132 1585 sint:

558 1637 602 1688 is
627 1634 714 1703 qui
744 1633 882 1703 quod
922 1633 1088 1685 multo
1119 1631 1288 1703 majus
1320 1638 1401 1682 est
1427 1628 1665 1681 (nniserit
1705 1625 1897 1694 (multo
1940 1624 2138 1693 quippe

557 1725 726 1794 major
756 1735 835 1778 cst
861 1724 1157 1776 animarum
1181 1701 1330 1792 cura)
1361 1735 1456 1772 cur
1495 1734 1600 1772 non
1647 1717 1781 1771 mala
1809 1715 1987 1768 omnia
2019 1728 2135 1766 me-

555 1818 659 1868 rito
691 1813 948 1883 patiatur?
969 1812 1243 1866 Hominem
1265 1810 1404 1863 enim
1433 1825 1536 1862 non
1559 1817 1614 1861 ut
1640 1807 1737 1860 sibi
1762 1813 1963 1859 tantum
1987 1801 2139 1872 prod-

554 1916 698 1963 esset
731 1907 930 1960 creavit
961 1905 1136 1970 Deus,
1163 1903 1256 1958 sed
1285 1912 1342 1956 ut
1385 1903 1502 1955 aliis
1528 1901 1688 1955 etiam
1710 1899 1910 1953 multis.
1936 1896 2139 1951 Idcirco

559 1998 751 2050 Paulus
813 1997 1068 2068 (Philipp.
1100 1995 1156 2047 2.
1206 1994 1294 2062 l5)
1345 1992 1524 2045 ﬁdeles
1567 1989 1845 2044 luminaria
1885 1986 2136 2056 appellat,

559 2089 683 2141 hinc
712 2088 1002 2142 ostendens
1028 2101 1121 2140 eos
1143 2086 1352 2140 cancris
1384 2086 1542 2137 etiam
1571 2083 1686 2135 usui
1715 2095 1834 2134 esse
1864 2087 2135 2148 oportere:

560 2180 822 2232 luminare
855 2178 1070 2248 quippe,
1125 2175 1376 2246 quamdiu
1425 2175 1658 2242 scipsum
1704 2180 1906 2224 tantum
1939 2169 2140 2224 illumi-

560 2279 671 2334 nat,
703 2270 962 2323 luminare
1000 2267 1236 2337 profecto
1281 2281 1384 2320 non
1412 2274 1513 2320 est.
1545 2265 1828 2334 Propterea
1854 2263 2140 2334 gentilibus

559 2374 773 2429 quoque
821 2359 950 2427 ipsis
997 2357 1292 2411 deteriores
1340 2369 1460 2410 esse
1504 2354 1598 2420 ait,
1655 2353 1743 2423 qui
1775 2353 2137 2423 proximorum

559 2451 782 2504 salutem
830 2449 1178 2517 negligercnt,
1207 2446 1290 2500 his
1328 2445 1509 2500 verbis
1538 2463 1550 2499 :
1594 2443 1656 2499 Si
1683 2445 1794 2514 quis
1821 2453 1989 2496 autem
2018 2458 2138 2495 suo-

561 2557 693 2605 rum,
727 2548 776 2594 et
801 2539 1018 2592 maxime
1040 2537 1424 2590 domesticorum
1449 2533 1816 2600 providentiam
1846 2548 1944 2585 non
1987 2532 2134 2602 gerit,

560 2634 708 2702 fidem
755 2631 971 2701 negavit,
1012 2639 1056 2682 et
1086 2637 1156 2683 est
1202 2629 1398 2696 inﬁdeli
1447 2627 1671 2681 deterior
1700 2628 1776 2698 (1.
1806 2625 1936 2678 Tim.
1960 2626 2013 2680 5.
2056 2625 2137 2696 8).

557 2723 693 2792 Quid
723 2724 864 2778 enim
897 2723 998 2778 hoc
1026 2723 1142 2776 loco
1170 2721 1514 2791 providentia:
1542 2720 1758 2773 nomine
1784 2719 1866 2772 vis
1887 2717 2142 2787 intelligi?

475 2827 482 2834 '
556 2833 625 2870 an
681 2817 907 2872 fortasse
960 2814 1381 2868 necessariorum
1436 2809 1832 2881 largitionem?
1880 2809 2138 2879 Equidem

557 2918 688 2981 puto
733 2911 903 2977 ipsum
945 2921 1128 2960 curam
1179 2905 1370 2958 anima:
1419 2902 1737 2972 signiﬁcare.
1789 2902 1884 2956 Sin
1911 2917 2036 2955 vero
2086 2910 2140 2953 tu

559 2999 917 3064 contradieas,
946 3000 1023 3051 sic
1049 3011 1262 3066 quoque
1285 3010 1401 3049 mea
1433 2993 1694 3048 sententia
1728 2992 1930 3045 firmior
1959 3005 2140 3045 mane-

559 3092 656 3148 bit.
687 3091 818 3147 Nam
850 3091 894 3144 si
926 3090 991 3145 de
1027 3103 1257 3159 corpore
1301 3088 1415 3142 hmc
1443 3087 1592 3149 dicit,
1625 3100 1854 3155 eumque
1885 3084 1976 3154 qui
2003 3099 2140 3152 quo-

559 3185 813 3239 tidianum
849 3183 990 3238 hunc
1014 3184 1188 3238 cibum
1214 3197 1318 3235 non
1350 3180 1553 3250 praebet
1584 3181 1730 3233 tanto
1755 3179 2016 3248 supplicio
2047 3178 2144 3232 ad-

557 3276 710 3343 dixit,
737 3276 1127 3347 gentilibusquc
1149 3274 1472 3330 deteriorem
1498 3255 1622 3327 esse
1645 3273 1719 3326 ait
1748 3289 1761 3326 :
1793 3287 1900 3342 quo
1925 3271 2140 3325 tandem

560 3369 612 3423 in
643 3369 758 3423 loco
783 3376 1044 3422 statuetur
1066 3367 1131 3432 is,
1161 3365 1249 3435 qui
1273 3369 1414 3435 quod
1445 3364 1619 3433 majus
1649 3365 1924 3434 magisque
1955 3376 2142 3418 neces-

555 3443 754 3496 sarium
783 3454 865 3497 est
895 3445 1189 3499 contemnit
1207 3446 1229 3498 ‘t
1670 3459 1676 3465 '

627 3533 680 3586 5.
727 3532 982 3598 Quantum
1017 3535 1082 3587 sit
1120 3534 1310 3588 malum
1340 3535 1606 3589 liberorum
1628 3535 1901 3606 neglectus.
1931 3566 2003 3577 —
2031 3537 2142 3606 Age

555 3621 736 3692 itaque
780 3623 1158 3678 ratiocinemur
1193 3625 1261 3680 de
1302 3627 1500 3695 peccati
1541 3629 1707 3681 nostri
1739 3628 2099 3697 magnitudine
2124 3669 2140 3694 ,

555 3730 619 3769 ac
642 3715 891 3784 paulatim
922 3717 1270 3772 ascendentes
1305 3719 1647 3773 ostendanius
1689 3720 1976 3773 maximum
2021 3737 2142 3774 om-

556 3809 703 3864 nium
733 3817 1009 3878 peccatum
1036 3825 1156 3866 esse
1182 3811 1468 3865 liberorum
1497 3812 1815 3881 neglectum,
1859 3822 1912 3866 et
1953 3811 2018 3865 ad
2059 3814 2141 3882 ip-

557 3915 675 3955 sum
722 3901 939 3956 malitia:
989 3902 1191 3972 apicem
1238 3904 1557 3972 pertingere.
1607 3903 1703 3958 Est
1743 3903 1900 3973 igitur
1942 3905 2142 3974 primus

558 3991 797 4055 malitizn,
823 3993 1114 4061 iniquitatis
1139 4000 1194 4048 'et
1217 3994 1549 4049 crudelitatis
1574 3995 1791 4065 gradus,
1821 3995 2021 4050 amicos
2050 4013 2140 4052 as-

554 4083 766 4150 pernari
810 4100 823 4137 :
854 4083 979 4153 quin
1009 4093 1063 4137 ut
1091 4084 1156 4138 ad
1188 4084 1437 4140 inferiora
1467 4101 1766 4142 sermonem
1792 4088 2138 4158 reducamus;

554 4172 607 4226 id
633 4173 774 4227 enim
804 4174 983 4230 nescio
1013 4176 1279 4245 quomodo
1311 4192 1396 4232 me
1436 4193 1572 4246 pene
1613 4177 1846 4248 fugerat;
1880 4181 2024 4249 prior
2056 4181 2138 4234 illa

553 4267 640 4322 lex
669 4267 866 4322 Iudaeis
885 4268 1025 4333 data,
1061 4286 1125 4324 ne
1148 4269 1386 4340 jumenta
1417 4271 1632 4340 quidem
1661 4271 1994 4326 inimicorum
2043 4289 2139 4328 ne-

553 4358 752 4428 gligere
781 4363 1060 4429 permittit,
1092 4362 1204 4416 sive
1225 4360 1539 4428 deciderint,
1563 4363 1673 4417 sive
1693 4365 1985 4418 erraverint
2009 4384 2022 4429 ;
2047 4366 2138 4420 sed

557 4447 670 4504 lucc
694 4449 905 4517 quidem
931 4449 1208 4513 reducere,
1241 4451 1327 4504 illa
1355 4467 1482 4505 vero
1512 4454 1715 4523 erigere
1741 4455 1911 4522 jubet.
1934 4456 2145 4510 Estita-

552 4554 656 4607 que
686 4541 905 4608 primus.
937 4541 1003 4593 ab
1035 4541 1227 4594 inﬁmis
1257 4541 1611 4609 ascendendo,
1635 4545 1848 4600 malitia:
1875 4556 1929 4602 et
1951 4547 2141 4603 crude-

555 4629 717 4682 litatis
737 4633 950 4698 gradus,
980 4630 1313 4685 inimicorum
1339 4632 1579 4698 jumenta
1615 4642 1670 4686 ct
1711 4651 1899 4702 pecora
1942 4638 2138 4692 malum

554 4734 804 4789 perpessa
833 4721 1099 4791 negligere
1149 4739 1163 4775 :
1200 4723 1464 4777 secundus
1492 4723 1582 4777 illo
1602 4727 1864 4795 superior,
1895 4729 2139 4784 inimicos

554 4815 702 4884 ipsos
724 4815 1074 4884 negligentius
1099 4833 1288 4872 curare
1313 4835 1325 4871 :
1353 4828 1551 4887 quanto
1587 4821 1728 4874 enim
1769 4820 1929 4875 homo
1969 4822 2140 4878 brutis

553 4913 793 4974 praestat,
818 4913 965 4960 tanto
996 4916 1268 4976 peccatum
1301 4909 1402 4963 hoc
1441 4909 1612 4978 majus
1649 4911 1755 4964 illo.
1787 4911 1995 4965 Tertius
2031 4922 2136 4980 est,

553 4996 744 5052 fratres
770 5000 1064 5067 aspernari,
1094 5001 1216 5057 licet
1245 5001 1407 5070 ignoti
1438 5001 1633 5057 fuerint
1663 5021 1676 5058 :
1709 5014 1947 5072 quartus,
1982 5003 2141 5059 fami-

551 5089 712 5167 liares
739 5105 950 5160 quoque
995 5091 1272 5160 despicere
1313 5111 1326 5146 :
1369 5095 1604 5163 quintus,
1651 5110 1770 5150 cum
1815 5111 1922 5149 non
1966 5097 2136 5150 solum

550 5193 795 5248 corpore,
823 5180 915 5234 sed
943 5181 1102 5235 etiam
1130 5183 1302 5236 anima
1324 5198 1508 5238 eorum
1538 5194 1810 5254 pereunte,
1839 5188 2140 5241 contemni-

551 5286 706 5326 mus:
731 5281 933 5340 sextus,
960 5289 1079 5329 cum
1109 5291 1214 5329 non
1245 5277 1416 5330 solum
1447 5277 1813 5346 familiaribus,
1845 5295 2027 5336 verum
2053 5285 2136 5353 ip-

550 5363 630 5417 nis
655 5379 868 5434 quoque
897 5365 1078 5420 liberis
1107 5367 1468 5436 pereuntibus,
1491 5370 1834 5441 negligimus:
1855 5374 2134 5444 septimus,

550 5465 672 5507 cum
693 5469 792 5510 nec
815 5455 948 5510 alios
975 5455 1062 5525 qui
1086 5456 1294 5510 illorum
1321 5472 1501 5516 coram
1534 5459 1729 5517 habere
1755 5463 1960 5532 possint
1986 5481 2138 5534 qure-

551 5545 763 5602 rimus:
795 5557 1046 5614 octavus,-
1062 5563 1182 5604 cum
1211 5559 1263 5605 et
1281 5565 1396 5618 eos,
1435 5551 1526 5620 qui
1563 5552 1613 5606 id
1655 5569 1684 5607 a
1724 5556 1914 5625 seipsis
1962 5555 2138 5615 facere

553 5634 851 5702 instituunt,
879 5655 1124 5696 arcemus
1158 5651 1316 5712 atque
1365 5644 1705 5712 prohibemus
1745 5663 1757 5698 :
1789 5660 1980 5715 nouns,
2014 5665 2133 5703 cum

550 5742 656 5782 non
685 5737 885 5786 tantum
915 5733 1030 5789 illos
1069 5735 1431 5804 prohibemus,
1463 5737 1555 5792 sed
1597 5751 1964 5808 Oppugnamus
2005 5756 2137 5809 quo-

549 5832 671 5888 que.
705 5819 884 5892 Itaque
908 5825 950 5879 si
984 5825 1232 5897 primum,
1261 5828 1549 5885 secundum
1591 5839 1643 5886 ct
1675 5829 1883 5885 tertium
1917 5832 2131 5888 malitia:

2240 1170 2358 1224 ris‘t
2384 1170 2513 1235 Quia
2543 1170 2695 1225 nobis
2725 1172 2909 1225 eadem
2938 1172 3307 1240 peccantibus,
3339 1189 3455 1241 qua:
3510 1174 3544 1228 ii
3595 1177 3684 1244 qtti
3739 1181 3856 1230 sub

2241 1260 2358 1330 lege
2388 1269 2558 1326 erant,
2593 1275 2696 1314 non
2727 1261 2868 1329 paria
2898 1261 3152 1329 supplicia
3203 1261 3483 1329 debentur,
3530 1264 3623 1318 sed
3671 1265 3855 1335 longe

2240 1355 2502 1424 graviora,
2535 1365 2732 1423 quanto
2772 1353 2974 1408 scilicet
3015 1353 3202 1422 majori
3247 1354 3388 1406 dono
3433 1356 3602 1424 potiti,
3649 1357 3851 1425 perfe—

2240 1445 2391 1499 ctiori
2420 1444 2660 1498 doctrina
2693 1444 2899 1508 imbuti,
2933 1444 3119 1513 majori
3165 1445 3365 1499 honore
3399 1446 3571 1500 affecti
3615 1462 3844 1502 sumus.

2241 1537 2370 1592 Cum
2400 1538 2557 1606 igitur
2583 1548 2769 1591 natura
2791 1546 2843 1591 et
2864 1538 3067 1592 ratione
3099 1539 3350 1607 temporis
3382 1539 3480 1594 hoc
3506 1543 3681 1596 scelus
3701 1561 3849 1612 gra-

2242 1627 2516 1680 vissimum
2561 1628 2647 1692 sit,
2678 1628 2955 1682 considera
2985 1637 3232 1696 quantam
3263 1629 3526 1685 ﬂammam
3560 1632 3609 1684 in
3638 1649 3844 1688 eorum

2241 1719 2436 1788 capita,
2466 1717 2552 1786 qui
2577 1717 2627 1772 id
2657 1728 2965 1787 perpetrare
3000 1718 3215 1782 audent,
3266 1719 3496 1776 inducet.
3542 1722 3694 1790 Quod
3742 1741 3848 1778 au-

2243 1819 2348 1865 tem
2378 1825 2482 1864 non
2512 1819 2713 1865 temere
2744 1811 2815 1865 ita
2843 1811 3146 1877 ratiocinor,
3181 1827 3243 1867 ex
3272 1828 3332 1868 re
3372 1813 3484 1882 ipsa
3524 1819 3842 1885 exemplum

2243 1901 2482 1967 aﬁ'eram,
2515 1909 2574 1955 ut
2603 1902 2801 1966 sciatis,
2831 1903 3040 1957 tametsi
3081 1917 3166 1958 res
3209 1912 3420 1958 nostras
3457 1921 3642 1961 mones
3682 1919 3842 1962 recto

2244 1992 2605 2059 instituamus,
2629 1993 2673 2046 si
2704 1993 2931 2047 ﬁliorum
2956 1993 3178 2047 salutem
3211 1994 3555 2064 nrgligamus,
3599 2011 3698 2050 nos
3733 2014 3839 2052 ex-

2245 2093 2441 2137 tremas
2491 2083 2711 2139 daturos
2751 2099 2871 2138 esse
2914 2099 3118 2154 poenas.
3164 2083 3314 2150 Quod
3372 2087 3519 2140 vobis
3568 2087 3837 2144 allaturos

2243 2191 2384 2242 sum,
2417 2192 2522 2230 non
2553 2192 2616 2231 ex
2650 2177 2854 2246 meipso
2880 2175 3112 2245 profero,
3137 2176 3230 2231 sed
3258 2177 3308 2230 in
3332 2177 3523 2232 divinis
3538 2177 3838 2248 Scripturis

2238 2267 2402 2337 jacet.
2434 2267 2697 2323 Sacerdos
2727 2267 2939 2336 quidam
2967 2267 3102 2336 apud
3129 2266 3341 2322 Judaeos
3367 2279 3496 2334 erat,
3527 2270 3606 2324 vir
3638 2271 3833 2326 mode-

2244 2367 2392 2414 ratus
2421 2375 2483 2413 ac
2505 2358 2724 2429 probus,
2749 2359 2865 2413 lleli
2897 2360 3132 2414 nomine.
3159 2359 3290 2413 lluic
3319 2359 3426 2414 duo
3450 2369 3601 2414 erant
3629 2361 3789 2416 liberi
3816 2381 3832 2416 :

2244 2466 2378 2520 quos
2408 2465 2528 2504 cum
2550 2450 2754 2504 videret
2794 2449 2860 2504 ad
2895 2451 3024 2504 vitia
3073 2451 3355 2515 declinare,
3407 2467 3514 2505 non
3565 2451 3830 2518 cohibuit,

2244 2557 2351 2595 non
2381 2541 2645 2606 coercuit;
2699 2541 2806 2594 imo
2850 2541 3027 2611 potius
3068 2540 3307 2596 cohibuit
3349 2550 3403 2596 et
3436 2543 3829 2609 cocrcuit,sed

2245 2647 2350 2686 non
2380 2642 2574 2701 quanta
2601 2631 2870 2701 diligentia
2897 2640 2950 2685 et
2969 2645 3090 2685 cura
3121 2647 3214 2698 par
3241 2640 3373 2685 erat.
3407 2631 3605 2686 Horum
3646 2643 3827 2687 autem

2245 2721 2362 2776 lucc
2386 2730 2536 2775 erant
2562 2721 2802 2784 crimina,
2837 2720 3112 2775 fornicatio
3143 2730 3197 2776 et
3219 2721 3361 2791 gula.
3394 2721 3632 2776 Edehant
3656 2724 3821 2791 enim,

2246 2811 2418 2879 inquit
2444 2810 2519 2880 (ί.
2545 2809 2673 2880 Reg.
2703 2809 2756 2863 Ξ.
2783 2811 2897 2881 lli),
2928 2819 3207 2880 antequam
3244 2811 3702 2866 sanetiﬁcarentur
3741 2828 3828 2867 sa-

2245 2920 2351 2958 cra:
2371 2919 2584 2970 carnes,
2613 2914 2663 2956 ct
2689 2904 2992 2972 priusquam
3021 2903 3307 2958 offerretur
3336 2905 3446 2958 Deo
3485 2905 3824 2960 sacriﬁcium.

2245 2995 2340 3049 llis
2364 2994 2653 3064 compertis
2683 3002 2834 3064 pater
2874 3010 2980 3050 non
3019 2995 3162 3050 illos.
3188 3009 3341 3063 poena
3389 2994 3680 3061 mulctavit,
3731 2995 3824 3050 sed

2245 3088 2422 3143 verbis
2446 3097 2500 3141 et
2528 3086 2744 3142 monitis
2773 3086 2842 3140 ab
2875 3085 2976 3140 hac
3006 3086 3235 3154 nequitia
3267 3086 3408 3154 ipsos
3446 3100 3694 3141 revocare
3733 3101 3823 3140 co-

2246 3189 2401 3234 natus
2441 3187 2544 3246 cst,
2570 3189 2726 3248 atque
2756 3177 2839 3232 his
2877 3177 3182 3248 frequenter
3201 3177 3377 3232 verbis
3401 3192 3493 3230 eos
3518 3177 3822 3248 alloqueba-

2246 3278 2332 3324 tur
2365 3287 2378 3323 :
2410 3268 2605 3336 Nolite,
2629 3269 2745 3338 ﬁlii,
2775 3269 2928 3323 nolite
2956 3269 3027 3322 sic
3051 3270 3215 3341 facere
3236 3284 3376 3321 :‘non
3404 3267 3532 3321 bona
3558 3273 3694 3338 fama
3720 3277 3817 3333 est,

2244 3377 2396 3430 quam
2416 3376 2506 3430 ego
2535 3360 2687 3413 audio
2718 3359 2779 3411 de
2803 3359 2958 3423 vobis,
2992 3369 3044 3412 ut
3075 3359 3273 3429 faciatis
3305 3358 3546 3428 populum
3579 3376 3678 3412 non
3714 3375 3821 3411 ser—

2247 3448 2352 3501 uire
2371 3445 2608 3500 Domino.
2637 3445 2697 3500 Si
2718 3445 3013 3521 delinquens
3037 3446 3307 3514 peccaverit
3329 3447 3403 3496 uir
3431 3446 3482 3496 in
3509 3460 3687 3508 virum,
3715 3461 3822 3494 om.

2248 3541 2370 3594 bunt
2398 3557 2490 3609 pro
2519 3540 2610 3594 illo
2644 3538 2919 3592 Dominum
2935 3555 2956 3605 ;
2985 3539 3064 3591 sin
3091 3548 3260 3590 autent
3288 3535 3505 3589 Domino
3557 3537 3823 3604 peccaverit

2248 3636 2417 3699 homo,
2446 3633 2557 3702 quis
2577 3649 2668 3703 pro
2696 3631 2786 3684 illo
2813 3631 2974 3684 orabit
3001 3629 3079 3700 (1.
3111 3629 3234 3698 Reg.
3258 3627 3311 3680 2.
3343 3626 3472 3698 24)?
3497 3626 3654 3680 Multa
3683 3632 3822 3678 certe

2248 3733 2330 3779 est
2349 3725 2580 3794 gravitas
2599 3739 2661 3779 ac
2686 3723 2983 3778 reverentia
3005 3721 3441 3789 verborum,qu:e
3466 3719 3634 3773 virum
3652 3725 3821 3771 mente

2249 3817 2530 3888 prmditum
2578 3815 2644 3870 ad
2694 3815 2971 3870 meliorem
3018 3813 3221 3884 frugem
3264 3827 3515 3867 revocare
3559 3819 3816 3882 possent:

2250 3925 2371 3963 nam
2399 3909 2600 3964 crimen
2632 3907 2805 3973 affert,
2836 3922 2899 3961 ac
2944 3905 3279 3961 tremendum
3320 3918 3439 3958 esse
3480 3891 3814 3962 demousirat,

2248 4001 2554 4072 ingruentcs
2581 4013 2709 4053 vero
2737 4013 2926 4068 pugnas
2952 3995 3312 4051 intolerabiles
3339 4003 3392 4050 et
3417 3992 3706 4048 horrendas
3726 3991 3817 4046 de-

2252 4093 2476 4147 nuntiat.
2519 4093 2767 4146 Attamen
2806 4090 2927 4160 quia
2969 4087 3220 4159 quidquid
3266 4085 3528 4156 agendum
3571 4093 3683 4140 erat
3719 4098 3815 4138 non

2248 4184 2506 4246 exhibuit,
2537 4183 2650 4252 ipse
2676 4197 2795 4238 cum
2825 4181 2928 4236 illis
2947 4195 3050 4235 una
3082 4179 3257 4250 periit.
3286 4177 3522 4247 Namque
3544 4177 3706 4230 minas
3726 4175 3816 4228 ad-

2249 4276 2377 4332 dere
2399 4275 2674 4341 debuerat,
2707 4289 2734 4328 a
2763 4282 3050 4342 conspectu
3081 4285 3179 4324 suo
3217 4283 3486 4332 amovere,
3523 4267 3816 4321 verberibus

2249 4368 2530 4438 castigare,
2572 4366 2846 4435 multoque
2891 4365 2993 4418 illis
3041 4363 3255 4434 gravius
3295 4371 3350 4418 et
3386 4361 3570 4416 durius
3611 4361 3812 4414 instare.

2249 4459 2380 4526 Quia
2409 4459 2567 4528 igitur
2595 4457 2723 4511 nihil
2754 4455 2944 4510 horum
2979 4455 3103 4524 egit,
3129 4454 3293 4508 Deum
3322 4460 3375 4507 et
3402 4452 3501 4506 sibi
3534 4461 3587 4505 et
3615 4451 3818 4504 illisini-

2249 4550 2442 4605 micum
2470 4548 2626 4602 fecit:
2659 4555 2821 4617 utque
2849 4545 2968 4600 ﬁliis
2999 4545 3369 4614 intempestive
3397 4551 3655 4613 parceret,
3682 4549 3729 4594 et
3747 4540 3818 4608 ip-

2250 4656 2430 4697 sorum
2455 4648 2510 4694 et
2537 4653 2684 4692 suam
2709 4637 2933 4691 salutem
2955 4637 3152 4690 amisit.
3185 4636 3320 4690 Audi
3353 4649 3480 4704 ergo
3523 4631 3646 4703 quid
3686 4630 3814 4683 dicat

2249 4733 2325 4787 illi
2356 4731 2528 4795 Deus;
2558 4731 2664 4784 imo
2693 4744 2822 4784 vero
2849 4745 2955 4784 non
2982 4729 3092 4799 jam
3141 4728 3238 4793 illi,
3283 4742 3455 4797 neque
3499 4727 3638 4780 enim
3683 4723 3813 4776 illum

2250 4835 2510 4892 responso
2541 4820 2754 4891 dignum
2787 4818 3305 4889 ampliusjudicavit,
3336 4816 3429 4871 sed
3461 4824 3718 4883 tamquam
3749 4816 3807 4865 l'a.

2248 4913 2448 4968 mulum
2479 4913 2568 4984 qui
2599 4928 2656 4967 se
2680 4914 2915 4983 graviter
2951 4911 3278 4976 ollendissct,
3329 4924 3423 4978 per
3466 4909 3625 4961 alium
3665 4923 3814 4959 even-

2249 5015 2365 5060 tnra
2389 5005 2488 5075 ipsi
2515 5003 2652 5059 mala
2676 5003 3010 5074 signiﬁcavit.
3041 5002 3212 5056 Tanta
3261 5011 3386 5055 tunc
3431 5007 3548 5053 erat
3589 4997 3679 5052 Dei
3725 4997 3813 5050 ira.

2247 5095 2385 5150 Audi
2415 5096 2591 5164 itaque
2611 5093 2736 5164 quid
2766 5093 2830 5147 ad
2862 5092 3178 5164 discipulum
3208 5089 3276 5145 de
3297 5089 3550 5158 ntagistro
3569 5088 3814 5156 loquatur,

2245 5188 2506 5260 siquidem
2529 5196 2584 5243 et
2604 5187 2866 5257 discipulo
2892 5195 2946 5241 et
2978 5185 3134 5239 alteri
3167 5184 3458 5253 prophetae,
3499 5192 3554 5236 et
3587 5179 3815 5234 omnibus

2247 5282 2444 5352 potius,
2473 5295 2630 5350 quam
2657 5279 2751 5345 illi,
2782 5279 2849 5334 de
2878 5276 3054 5332 futura
3076 5277 3380 5331 calamitate
3415 5275 3532 5344 ejus
3574 5271 3810 5341 loqueba-
3849 5337 3854 5346 ἤ

2247 5384 2333 5429 tur
2364 5392 2375 5426 :
2405 5373 2538 5429 adeo
2569 5373 2714 5427 illum
2743 5371 2807 5426 ad
2827 5379 3120 5426 extremum
3151 5368 3511 5423 aversabatur.
3543 5365 3677 5434 Quid
3702 5379 3811 5432 ergo
3854 5384 3872 5440 ὲ

2247 5463 2418 5534 inquit
2441 5462 2712 5519 Samueli?
2741 5461 2968 5516 Noverat
3002 5459 3141 5531 quod
3171 5458 3545 5513 maledicerent
3585 5454 3673 5508 ﬁlii
3708 5453 3812 5520 ejus
3854 5449 3902 5537 ξι

2249 5555 2453 5620 l)eo,ct
2481 5568 2586 5608 non
2613 5551 2865 5607 monebat
2885 5565 3008 5614 eos;
3043 5565 3146 5604 non
3175 5549 3251 5603 sic
3290 5558 3487 5611 tamen,
3528 5560 3647 5600 nam
3682 5550 3810 5597 certe
3897 5539 3907 5560 ‘

2248 5655 2545 5711 monuerat,
2577 5645 2668 5699 sed
2703 5643 2839 5698 hanc
2868 5644 3006 5698 Deus
3033 5659 3128 5713 pro
3156 5642 3516 5696 admonitione
3540 5653 3641 5692 non
3671 5651 3809 5690 acce-

2247 5742 2341 5810 pit,
2374 5740 2506 5794 adeo
2536 5738 2678 5792 illam
2712 5736 3064 5806 improbabat,
3097 5735 3237 5807 quod
3270 5733 3599 5789 vehementia
3626 5729 3807 5783 caruis—

2245 5843 2344 5889 sct.
2380 5832 2558 5904 itaque
2596 5831 2638 5886 si
2683 5830 2802 5884 ﬁliis
2849 5829 3242 5902 provideamus,
3286 5829 3377 5884 sed
3431 5844 3532 5882 non
3574 5833 3802 5895 quantum
