4032 6406
16 289 110 347 65!

19 401 333 474 Μονογενὴς
362 401 569 467 διδάξαι
602 402 942 473 βουλόμενος,
972 405 1049 467 ὡς
1082 405 1376 472 ἀναγκαῖον
1404 404 1560 458 τοῦτὸ
1587 407 1702 457 ἐστι

16 494 73 551 1:6
103 489 368 562 ϐφλημα,
403 490 498 546 καὶ
535 492 660 553 τοὺς
702 490 776 562 μὴ
825 490 1181 562 βουλομένους
1221 491 1351 545 0616
1392 492 1705 545 καταθεῖναι

20 580 233 652 μεγάλα
266 578 544 645 ἐκδέξεται
578 578 754 645 κακὰ,
796 578 1002 647 ἔλεγεν·
1042 580 1140 645 Ὃς
1168 577 1275 631 ἐὰν
1318 579 1705 649 σκανδαλίσῃ

14 672 118 726 ἕνα
138 667 507 738 τῶνιακρών
525 667 770 731 τούτων,
786 667 1079 736 συμφέρει
1102 664 1262 731 αὐτῷ
1282 667 1383 720 ἵνα
1398 665 1708 736 κρεμασθῇ

16 758 205 833 μύλος
240 755 446 818 ὀνικὸς
478 754 610 822 περὶ
646 756 702 807 τι]
715 772 754 807 ν
791 754 1099 822 τράχηλον
1131 753 1340 816 αὐτοῦ,
1388 753 1487 807 καί
1524 770 1705 808 κατα-

19 841 319 911 ποντισθῇ
360 843 431 897 ἐν
469 841 553 907 τῷ
595 840 842 911 πελάγει
876 839 985 909 τῆς
1030 840 1371 908 θαλάσσης.
1416 843 1525 894 Καὶ
1572 843 1600 895 6
1646 842 1708 895 16

23 935 281 988 τάλαντον
308 931 365 985 δὲ
396 927 801 1002 προσενεγκὼν,
832 929 931 999 οὐχ
950 929 1032 982 ὅτι
1061 927 1167 983 τῶν
1191 929 1407 982 οἰκείων
1428 946 1482 982 τι
1511 931 1706 1001 παρεῖ-

20 1026 125 1091 εεν,
148 1024 266 1079 ἀλλ’
283 1025 367 1076 ὅτι
390 1022 489 1092 τῆς
510 1020 618 1074 τῶν
650 1019 877 1090 πλησίον
902 1018 1176 1090 σωτηρίας
1199 1019 1497 1090 ἠμέλησεν,
1522 1019 1707 1092 ἐκείνῃ

20 1115 82 1184 τῇ
117 1110 363 1183 τιμωρίᾳ
400 1107 707 1171 κολάζεται.
743 1107 907 1160 Ὥστε
947 1106 1048 1160 κᾶν
1095 1105 1314 1159 ἃπαντα
1356 1108 1491 1176 ημῖν
1524 1104 1707 1170 καλῶς

23 1196 483 1275 ᾖδιηκριϐωμένα
510 1195 576 1249 τά
600 1194 740 1248 κατά
761 1194 852 1247 τὸν
878 1193 1147 1265 ἡμέτερον
1172 1192 1310 1264 βίον,
1334 1193 1486 1246 οὐδὲν
1514 1192 1707 1262 ὄφελος

26 1290 169 1358 ἡμῖν,
200 1284 410 1355 ταύτης
434 1283 535 1354 τῆς
557 1282 834 1353 ἁμαρτίας
862 1282 1054 1351 ἱκανῆς
1078 1279 1243 1352 οὔσης
1265 1281 1414 1351 ἡμᾶς
1435 1282 1513 1344 εἰς
1533 1280 1593 1333 τὸ
1610 1280 1708 1351 τῆς

23 1376 247 1445 γεέννης
270 1371 667 1427 καταποντίσαι
699 1369 955 1438 πέλαγος.
991 1370 1053 1422 Εἰ
1083 1367 1193 1439 γὰρ
1221 1370 1347 1431 τοὺς
1376 1370 1435 1421 ἐν
1466 1369 1577 1432 τοῖς
1604 1384 1709 1421 σω-

30 1463 275 1533 ματικοῖς
298 1461 374 1531 μὴ
401 1457 765 1529 βουληθέντας
793 1455 1008 1527 βοηθεῖν
1026 1456 1104 1528 τῷ
1121 1456 1350 1528 πλησίον
1365 1455 1539 1518 οὐδεὶς
1562 1456 1709 1520 ἐξαι-

30 1551 250 1621 ρήσεται
274 1548 457 1617 λόγος,
478 1545 614 1600 ἀλλά
633 1545 736 1599 κᾶν
762 1543 1064 1616 παρθενίαν
1087 1544 1203 1618 [78]
1223 1543 1524 1615 ἠσκηκότες
1550 1536 1706 1608 ὦσιν,

26 1638 127 1704 ἔξω
171 1654 274 1689 που
314 1636 637 1707 ριφήσονται
674 1632 768 1687 τοῦ
804 1632 1109 1704 νυμφῶνος·
1148 1633 1176 1684 6
1210 1630 1273 1683 16
1306 1628 1485 1701 πολλῷ
1525 1628 1708 1701 μεῖζον

22 1722 354 1787 ἐκλελοιπὼς
383 1721 583 1793 (πολλῷ
599 1721 707 1793 γὰρ
741 1721 927 1791 μεῖζον
950 1722 983 1790 ἡ
1009 1720 1106 1791 τῆς
1135 1719 1312 1789 ψυχῆς
1332 1717 1636 1791 προστασία
1659 1718 1707 1788 ιι)

28 1814 143 1877 πῶς
168 1816 272 1867 ούκ
314 1812 541 1874 εἰκότως
576 1810 791 1865 ἅπαντα
838 1809 1088 1862 πείσεται
1124 1806 1195 1861 τά
1226 1806 1406 1872 δεινά;
1449 1806 1551 1859 Τδν
1599 1806 1709 1877 γάρ

26 1901 314 1972 ἄνθρωπον
352 1899 451 1969 οὐχ
482 1896 659 1968 ἐαυτῷ
699 1896 857 1967 μόνον
896 1895 1190 1966 αὐταρκεῖν
1235 1892 1640 1947 κατεσκεύασεν
1682 1894 1710 1946 6

28 1987 181 2052 Θεὸς,
218 1985 356 2039 ἀλλά
384 1984 479 2038 καὶ
502 1983 708 2055 ἑτέροις
733 1981 971 2045 πολλοῖς,
995 1980 1092 2034 Διά
1114 1980 1272 2033 τοῦτο
1300 1979 1394 2034 καὶ
1416 1978 1710 2050 φωστῆρας

29 2078 56 2129 6
85 2072 300 2137 Παῦλος
321 2071 476 2125 καλεῖ
503 2071 628 2134 τοὺς
657 2070 905 2133 πιστοὺς,
934 2067 1346 2139 ἐνδεικνύμενος
1367 2068 1450 2121 ὅτι
1475 2066 1569 2121 καὶ
1595 2066 1710 2119 ἐτέ-

35 2179 142 2235 ροις
173 2158 482 2232 χρησίμους
512 2153 649 2212 εἶναι
678 2158 760 2212 δεῖ
792 2156 990 2220 αὐτούς
1017 2156 1045 2197 ι)
1065 2172 1076 2185 ·
1119 2158 1147 2211 6
1182 2154 1291 2229 γὰρ
1324 2154 1568 2227 φωστὴρ,
1606 2153 1712 2219 Eu);

34 2252 91 2303 ἂν
116 2248 311 2302 ἐαυτὸν
335 2245 542 2317 φωτίζῃ
571 2245 750 2317 μόνον,
784 2245 884 2298 οὐκ
916 2244 982 2298 ἂν
1014 2243 1098 2315 εἴη
1129 2246 1377 2316 φωστηρ.
1409 2243 1509 2297 Διά
1532 2242 1709 2309 τοῦτο,

41 2338 121 2391 καὶ
148 2335 422 2407 Ἑλλήνων
450 2330 587 2389 εἷναι
612 2334 830 2405 χείρους
861 2333 997 2404 φησὶ
1024 2334 1151 2396 106;
1174 2332 1291 2387 τῶν
1317 2332 1545 2404 πλησίον
1572 2333 1711 2403 ἀμε-

39 2426 276 2489 λοῦντας,
311 2423 512 2477 οὑτωσὶ
537 2423 743 2492 λέγων·
774 2424 844 2476 E'l
870 2421 936 2475 δέ
964 2439 1057 2489 τις
1085 2420 1205 2475 τῶν
1241 2421 1429 2487 ἰδίων,
1461 2421 1559 2475 καί
1594 2420 1713 2492 μά-

36 2518 213 2567 λιστα
249 2511 370 2567 τῶν
401 2510 637 2565 οἰκείων
665 2513 738 2564 οὐ
764 2509 1025 2579 προνοεῖ,
1059 2508 1178 2577 τὴν
1207 2510 1419 2563 πίστιν
1438 2508 1710 2578 ἤρνηται,

40 2602 131 2655 καί
158 2603 333 2655 ἐστιν
355 2598 617 2652 ἀπίστου
638 2596 874 2668 χείρων.
907 2594 972 2648 Τί
994 2593 1102 2667 γὰρ
1126 2593 1305 2665 βούλει
1326 2595 1426 2666 τὴν
1457 2594 1714 2667 πρόνοιαν

41 2686 266 2741 ἐνταῦθα
302 2683 621 2754 δηλοῦσθαι;
653 2680 762 2755 ἆρα
787 2682 885 2753 τὴν
916 2680 1026 2736 τῶν
1065 2682 1383 2750 ἀναγκαίων
1413 2681 1713 2753 χορηγίαν;

50 2772 187 2841 Ἐγὼ
226 2772 326 2843 μὲν
361 2771 470 2842 γάρ
511 2768 675 2823 αὐτὸν
713 2763 867 2839 οἶμαι
909 2769 1008 2840 τὴν
1047 2769 1149 2840 τῆς
1181 2768 1359 2840 ψυχῆς
1397 2768 1716 2840 ἐπιμέλειαν

37 2860 232 2927 λέγειν.
270 2859 335 2912 Et
367 2858 425 2911 δὲ
464 2856 847 2926 φιλονεικοίης,
885 2857 978 2908 καὶ
1012 2854 1156 2909 οὕτω
1194 2855 1256 2908 16
1295 2855 1427 2926 ἐμὸν
1459 2858 1717 2928 στήσεται

39 2946 259 3019 μᾶλλον.
290 2946 354 3000 Et
394 2945 504 3017 γὰρ
533 2944 663 3015 περὶ
706 2942 959 3014 σώματος
983 2941 1161 2997 ταῦτά
1199 2958 1355 3013 φησι,
1391 2942 1489 2997 καὶ
1519 2943 1610 2997 τὸν
1642 2941 1718 3015 μὴ

37 3034 345 3106 παρέχοντα
367 3034 466 3103 τὴν
494 3032 770 3104 ἐφήμερον
785 3030 991 3103 ταύτην
1011 3032 1217 3104 τροφὴν
1235 3031 1476 3107 τοσαύτῃ
1496 3031 1718 3086 κολάσει

39 3123 352 3193 παρέδωκε,
387 3120 618 3174 καὶτῶν
663 3118 936 3191 Ἐλλήνων
962 3118 1178 3192 -ἐφησεν
1214 3115 1356 3175 εἶναι
1385 3120 1572 3192 χείρω,
1614 3120 1718 3174 ποῦ

38 3210 281 3264 κείσεται
311 3211 340 3263 6
368 3208 430 3262 16
459 3208 644 3281 μεῖζον
672 3208 766 3262 καὶ
794 3207 1219 3277 ἀναγκαιότερον
1249 3208 1542 3281 παρορῶν;

111 3302 181 3367 γ’.
195 3296 332 3369 ⁴ἰιέρε
359 3291 450 3350 οὖν
485 3295 644 3349 συλλο
655 3294 945 3367 γισώμεθα
958 3295 1142 3349 λοιπὸν
1159 3296 1255 3367 τῆς
1274 3295 1550 3367 ἁμαρτίας
1564 3298 1597 3368 ἡ
1605 3294 1720 3365 μῶν

38 3385 101 3439 16
143 3384 394 3458 μέγεθος,
439 3384 533 3438 καὶ
575 3382 718 3437 κατά
756 3381 952 3454 μικρὸν
994 3382 1413 3448 ἀναϐαίνοντες,
1456 3382 1721 3453 δείξωμεν

42 3473 119 3525 ὅτι
166 3471 385 3525 πάντων
431 3470 689 3524 ἐπέκεινα
728 3469 837 3523 τῶν
879 3469 1298 3541 ἁμαρτημάτων
1332 3470 1479 3523 ἐστὶν
1523 3471 1557 3540 ή
1594 3472 1721 3543 περὶ

43 3558 164 3622 τοὺς
187 3558 382 3622 παῖδας
405 3556 685 3629 ὀλιγωρία,
714 3556 809 3609 καὶ⁸
834 3556 969 3628 πρὸς
993 3556 1162 3626 αὐτὴν
1186 3555 1314 3627 ἦκει
1335 3556 1434 3627 τῆς
1455 3556 1723 3628 πονηρίας

42 3648 136 3716 τὴν
169 3647 435 3719 κορυφήν.
468 3646 624 3699 Ἐστι
654 3643 832 3698 τοίνυν
858 3642 1076 3715 πρῶτος
1103 3643 1305 3707 κακίας
1332 3645 1429 3697 καὶ
1458 3644 1722 3717 πονηρίας

46 3733 251 3804 βαθμὸς
285 3734 378 3787 καὶ
409 3731 695 3803 ὠμότητος
720 3730 781 3784 16
818 3732 944 3794 106;
984 3730 1171 3800 φίλους
1204 3732 1487 3803 περιορᾷν·
1524 3731 1724 3803 μᾶλλον

45 3822 100 3875 δὲ
136 3819 438 3891 κατωτέρω
482 3820 574 3873 τὸν
600 3819 758 3888 λόγον
797 3817 1118 3889 ἀγάγωμεν·
1148 3817 1308 3871 τοῦτο
1342 3819 1451 3890 γὰρ
1494 3820 1595 3873 οὑκ
1627 3816 1722 3873 οἷδ’

54 3910 194 3973 ὅπως
230 3906 427 3979 μικροῦ
464 3907 574 3961 δεῖν
604 3924 670 3979 με
707 3905 1034 3978 παρέλαθεν,
1068 3906 1150 3960 ὅτι
1184 3910 1212 3961 6
1240 3907 1507 3979 πρότερος
1538 3908 1721 3979 νόμος,

49 3998 75 4049 6
99 3999 214 4059 τοῖς
254 3995 530 4060 Ἰουδαίοις
558 3994 754 4059 δοθεὶς,
783 3994 907 4048 οὐδὲ
957 3993 1024 4047 τά
1062 3994 1332 4064 ὑποζύγια
1364 3995 1473 4048 τῶν
1515 3995 1723 4066 ἐχθρῶν

46 4084 241 4156 ἀφίησι
262 4085 529 4155 παρορᾷν,
549 4081 671 4137 οὔτε
693 4082 1041 4146 πεπτωκότα,
1064 4081 1189 4136 οὗτε
1215 4081 1565 4155 πλανώμενα,
1590 4082 1727 4136 ἀλλὰ

46 4171 112 4223 τὰ
140 4171 241 4241 μὲν
269 4171 556 4242 ὀδηγῆσαι,
588 4170 654 4223 τὰ
682 4170 738 4223 δέ
772 4168 1225 4240 συνδιαναστῆσαι
1264 4169 1496 4223 κελεύει.
1541 4170 1725 4224 Ἔστιν

49 4254 139 4312 οὖν
166 4258 385 4328 πρῶτος
419 4260 515 4331 μὲν
543 4258 790 4313 κάτωθεν
822 4256 1131 4312 ἀναϐαίνων
1160 4258 1358 4322 κακίας
1384 4259 1478 4311 καὶ
1506 4259 1726 4330 ὡμότη-

47 4364 135 4410 τος
167 4346 398 4417 βαθμὸς,
424 4347 487 4401 τὸ
522 4348 591 4401 τὰ
612 4346 721 4402 τῶν
751 4346 961 4419 ἐχθρῶν
993 4348 1164 4418 κτήνη
1196 4348 1290 4401 καὶ
1312 4346 1603 4418 θρέμματα
1624 4366 1726 4402 κα-

45 4434 158 4498 κῶς
197 4435 476 4505 πάσχοντα
518 4436 918 4508 παρατρέχειν·
966 4434 1217 4507 δεύτερος
1261 4436 1321 4491 δέ
1361 4438 1478 4508 μετ’
1522 4438 1728 4490 ἐκεῖνον

44 4521 339 4594 ἁνώτερος,
377 4522 439 4575 16
474 4521 583 4576 τῶν
629 4523 840 4596 ἐχθρῶν
879 4523 1123 4594 ἀμελεῖν·
1156 4525 1267 4595 ὅσῳ
1302 4524 1411 4596 γὰρ
1444 4524 1729 4596 ἄνθρωπος

43 4608 245 4678 ἀλόγου
293 4607 638 4681 τιμιώτερος,
694 4608 934 4680 τοσούτῳ
993 4609 1195 4682 μείζων
1247 4610 1462 4681 ἐκείνης
1506 4609 1642 4683 αῦτη
1693 4614 1725 4682 ἡ

47 4695 316 4768 ἁμαρτία·
340 4698 521 4769 τρίτος
550 4696 607 4751 δέ
644 4698 786 4769 μετὰ
808 4696 1019 4762 τοῦτον,
1049 4697 1112 4751 16
1132 4698 1242 4752 τῶν
1276 4698 1521 4768 ἀδελφῶν
1561 4716 1729 4752 κατα-

45 4787 288 4855 φρονεῖν,
339 4783 442 4838 κᾶν
507 4786 750 4853 ἀγνῶτες
793 4784 944 4850 ὄντες
977 4786 1309 4856 τυγχάνωσι·
1357 4788 1638 4858 τέταρτος,
1672 4787 1733 4841 16

42 4873 174 4934 τοὺς
211 4871 448 4937 οίκείους
475 4875 759 4946 περιορᾷν⁸
793 4874 1065 4944 πέμπτος,
1094 4874 1223 4927 ὅταν
1253 4873 1328 4945 μὴ
1354 4874 1605 4945 σώματος
1637 4877 1731 4928 αύ-

41 4961 161 5023 τοῖς
189 4959 368 5030 μόνον,
392 4959 530 5014 ἀλλὰ
553 4962 764 5032 καὶτῆς
781 4961 958 5031 ψυχῆς
984 4960 1361 5033 ἀπολλυμένης
1382 4964 1731 5035 καταφρονῶο

46 5063 173 5118 μεν·
201 5048 381 5112 ἕκτος,
406 5050 535 5103 ὅταν
575 5049 650 5121 μὴ
686 5048 796 5103 τῶν
829 5049 1068 5115 οἰκείων,
1096 5048 1231 5102 ἀλλά
1265 5051 1359 5102 καὶ
1387 5049 1496 5102 τῶν
1527 5051 1732 5106 παίδων

45 5136 185 5205 ἡμῖν
220 5136 686 5207 διαφθειρομένων
725 5136 1098 5208 ὀλιγωρῶμεν·
1143 5136 1391 5205 ἕϐδομος,
1433 5139 1562 5192 ὅταν
1598 5142 1733 5210 μηδέ

49 5221 276 5294 ἐτέρους
298 5226 421 5288 τοὺς
452 5224 880 5299 ἐπιμελομένους
909 5225 1162 5298 ζητῶμεν
1187 5236 1233 5264 ε·
1260 5224 1463 5293 ὄγδοος,
1487 5227 1614 5282 ὅταν
1642 5231 1735 5283 καὶ

46 5310 143 5378 ἀφ’
166 5313 378 5365 ἑαυτῶν
407 5313 564 5367 τοῦτο
585 5313 941 5399 βοὲλρμένους
968 5315 1142 5367 ποιεῖν
1176 5312 1474 5384 κωλύωμεν
1507 5317 1601 5372 καὶ
1628 5318 1735 5370 ἀπ-

47 5398 353 5470 είργωμεν·
392 5399 633 5466 ἕννατος,
830 5403 907 5476 μὴ
936 5402 1236 5473 κωλύωμεν
1260 5401 1441 5472 μόνον,
1475 5402 1611 5461 ἀλλὰ
1640 5404 1734 5460 καὶ

46 5485 405 5558 πολεμῶμεν.
443 5489 604 5542 Ὥστε
804 5489 1011 5581 πρώτῳ
1033 5491 1130 5545 καὶ
1160 5490 1240 5563 τῷ
1265 5492 1503 5564 δευτέρῳ
1535 5493 1631 5547 καὶ
1655 5491 1734 5565 τῷ

115 5591 145 5620 ⁸
170 5592 280 5661 ρυο
302 5606 419 5661 mss:
500 5594 557 5661 16
576 5572 992 5661 ϊιὸλλίξίλᾳῖιζρνᾲἡ⁸
1002 5601 1088 5656 τῆς
1107 5599 1261 5661 Mi};
1278 5597 1569 5660 προστασία,
1593 5599 1731 5661 lapsu;

46 5653 293 5729 griphigo
311 5646 945 5729 ongissisjyleypdéﬁiﬁmf
964 5646 1342 5729 δμόιοτέλὶύτού.

116 5711 157 5783 1f
172 5711 334 5783 [Heln
348 5716 476 5783 ,εἰναι
497 5716 564 5764 δεῖ
585 5711 696 5783 τοὺς
711 5711 1110 5783 minus
1130 5729 1286 5770 recte.

116 5777 142 5806 ε
168 5775 567 5853 ξεινίιμῄηὶιειιυ
1253 5784 1325 5853 ίιι⁵
1350 5783 1728 5853 113330010115"-

49 5854 154 5898 μιν.
1068 5837 1217 5910 ῌὴιιέ
1236 5844 1340 5895 cod.
1373 5837 1732 5909 ἐπιμελομένους

48 5902 331 5960 σκοπῶμεν.
360 5898 504 5951 Uini
525 5898 921 5962 ἐπιμιὶουμένους
933 5898 1204 5966 σκοπῶμεν.

829 286 1197 344 ADVERSUS
1235 287 1797 347 OPPUGNATORES
1837 288 2024 345 ἨΤῶ
2066 288 2371 345 MONAST.
2411 289 2538 345 LIB.
2579 289 2665 347 lll.

1805 405 1973 475 τρίτῳ
1988 405 2085 475 τῆς
2108 404 2306 467 κακίας
2328 402 2533 474 ταύτης
2556 404 2749 477 βαθμῷ
2772 406 3008 477 τοσαύτη
3034 408 3255 473 κόλασις
3272 409 3486 479 ἕπεται,

1806 493 1882 563 τῷ
1910 495 2112 557 πάντας
2143 493 2502 565 ἀναϐεϐηκότι
2532 494 2755 559 τούτους
2776 536 2790 558 ,
2819 496 2995 568 τούτῳ
3017 497 3081 569 δὴ
3109 498 3187 570 τῷ
3213 499 3490 571 ὑμετέρῳ,

1808 582 1974 634 πὸσον
2011 582 2200 652 ἕψεται
2241 581 2352 652 πῦρ
2392 582 2600 651 ἐννάτῳ
2636 580 2664 620 ἀ
2720 584 2835 653 μετ’
2885 585 3089 638 ἐκεῖνον
3128 586 3487 657 τυγχάνοντις

1811 669 2011 740 μᾶλλον
2056 670 2111 723 δὲ
2149 670 2250 723 οὐκ
2294 668 2509 722 ἔννατον
2556 668 2735 738 μόνον,
2768 670 2888 723 ούδέ
2928 670 3172 737 δέκατον,
3216 673 3353 727 ἀλλὰ
3394 674 3489 729 καὶ

1808 756 2093 809 ἑνδέκατον
2114 756 2214 810 ούκ
2240 755 2311 810 ἄν
2332 773 2415 819 τις
2440 757 2676 828 ἁμάρτοι
2700 757 2886 811 τοῦτον
2912 761 3244 827 προσειπών.
3275 760 3392 835 [79]
3422 763 3490 816 Τί

1808 841 2036 914 δήποτε;
2073 844 2198 897 Ὅτι
2244 844 2304 897 ού
2344 846 2408 915 τῇ
2443 843 2602 913 φύσει
2647 843 2829 915 πολλῷ
2864 848 3045 916 μεῖζον
3084 846 3145 900 16
3184 849 3490 920 ἁμάρτημα

1807 931 1917 984 τῶν
1957 931 2460 1003 προηριθμημένων
2513 931 2630 984 ἐστὶ
2686 931 2867 1002 μόνον,
2921 932 3057 986 ἀλλὰ
3104 935 3197 988 καὶ
3231 936 3339 989 ἀπὸ
3391 938 3488 992 τοῦ

1809 1017 2001 1089 χρόνου
2028 1017 2406 1091 χαλεπώτερον
2433 1030 2477 1073 θ.
2513 1019 2579 1072 Τί
2603 1019 2661 1073 δέ
2690 1019 2848 1073 τοῦτο
2874 1022 2989 1073 ἐστι
3017 1021 3079 1074 16
3109 1023 3217 1075 ἀπὸ
3240 1022 3334 1076 τοῦ
3361 1026 3490 1096 χρό-

1808 1123 1899 1158 νου
1916 1122 1931 1172 ;
1961 1105 2084 1158 Ὅτι
2106 1105 2174 1159 τὰ
2190 1106 2332 1159 αύτά
2351 1106 2756 1177 ἁμαρτάνουσιν
2778 1108 2910 1177 ἡμῖν
2929 1107 3022 1160 νῦν
3039 1111 3149 1172 τοῖς
3167 1111 3225 1161 ἐν
3241 1110 3320 1181 τῷ
3338 1112 3489 1183 νόμῳ

1807 1193 1869 1246 οὐ
1897 1193 1966 1247 τὰ
1994 1193 2134 1246 αὐτὰ
2160 1193 2400 1247 κείσεται
2432 1193 2848 1266 βασανιστήρια,
2879 1194 3016 1248 ἀλλὰ
3037 1195 3217 1268 πολλῷ
3241 1198 3492 1269 χαλεπώ-

1807 1296 1961 1350 τερα,
1987 1279 2096 1350 ὅσῳ
2118 1280 2214 1333 καὶ
2231 1279 2475 1351 μείζονος
2497 1280 2900 1353 ἀπηλαύσαμεν
2920 1283 3152 1354 δωρεᾶς,
3172 1285 3264 1338 καὶ
3289 1285 3493 1339 τελειοο

1808 1366 1973 1433 τέρας
2012 1366 2366 1432 διδασκαλίας
2398 1367 2757 1440 μετέσχομεν,
2792 1369 2889 1423 καὶ
2917 1369 3120 1424 πλείονι
3149 1372 3494 1444 τετιμημεθα

1808 1457 1965 1526 τιμῇ.
2018 1454 2182 1509 Ὅταν
2210 1449 2303 1509 οῦν
2338 1456 2433 1510 καὶ
2477 1459 2543 1528 τῇ
2590 1458 2771 1527 φύσει,
2816 1458 2911 1512 καὶ
2936 1458 3014 1528 τῷ
3053 1459 3231 1531 χρόνῳ
3263 1461 3495 1531 σφοδρὶν

1808 1541 1949 1595 οὕτω
1977 1541 2037 1595 16
2078 1541 2383 1614 ἁμάρτημα
2415 1543 2635 1615 γίνηται
2673 1543 2852 1606 τοῦτο,
2897 1546 3147 1616 ἐννόησον
3185 1547 3316 1618 ὅσην
3356 1546 3494 1600 οἴσει

1810 1628 1905 1700 τὴν
1940 1629 2114 1699 φλόγα
2154 1632 2246 1683 ἐπὶ
2271 1630 2371 1701 τὴν
2412 1630 2520 1684 τῶν
2551 1629 2876 1702 τολμώντων
2916 1632 3049 1685 0616
3087 1633 3349 1704 κεφαλήν.
3384 1632 3496 1688 Καὶ

1806 1715 1890 1769 ὅτι
1946 1717 2045 1787 οὐχ
2086 1715 2275 1781 ἁπλῶς
2318 1717 2492 1771 ταῦτα
2531 1716 2551 1756 ί
2582 1718 3001 1789 συλλογίζομαι,
3053 1720 3148 1774 καὶ¹
3192 1722 3285 1774 ἀπ’
3326 1720 3495 1774 αὑτοῦ

1808 1803 1903 1857 τοῦ
1956 1803 2282 1876 πράγματος
2319 1805 2571 1870 ἐπιδείξω
2605 1806 2763 1860 τοῦτο
2794 1807 3028 1878 συμϐὰν,
3066 1808 3132 1863 ἵν’
3168 1809 3344 1879 εἰδῆτε
3378 1809 3494 1878 ὅτι,
3600 1820 3612 1833 ·

1811 1892 1916 1946 κᾶν
1953 1891 2027 1945 τά
2069 1892 2313 1963 ἡμέτερα
2350 1894 2483 1963 ἡμῖν
2516 1889 2796 1968 ἃπανταῇ
2846 1894 3182 1967 διῳκημένα,
3214 1897 3312 1967 τῆς
3362 1897 3495 1965 γοῦν

1810 1978 1919 2033 τῶν
1961 1979 2165 2034 παίδων
2215 1979 2546 2051 ἀμελοῦντες
2577 1981 2875 2051 σωτηρίας,
2924 1981 3023 2053 τὴν
3064 1982 3301 2055 ἐσχάτην
3346 1984 3496 2037 τίσο-

1815 2083 1914 2137 μεν
1983 2067 2158 2139 δίκην.
2236 2066 2381 2139 Ἐρῶ
2442 2066 2498 2119 δέ
2569 2068 2697 2137 ὑμῖν
2764 2085 2886 2121 τινα
2939 2068 3097 2137 λόγον
3171 2070 3271 2123 ούκ
3326 2070 3497 2141 ἐμὸν,

1812 2152 1929 2206 ἀλλ’
1968 2155 2027 2208 ἐν
2066 2158 2185 2217 ταῖς
2224 2153 2395 2219 θείαις
2440 2154 2691 2225 κείμενον
2734 2156 2774 2209 Γ
2781 2159 3003 2227 ραφαῖς·
3065 2156 3270 2227 Ἱερεύς
3318 2174 3402 2222 τις
3429 2153 3499 2229 ἦν

1814 2240 1967 2313 παρά
1997 2242 2110 2302 τοῖς
2148 2241 2445 2305 Ἰουδαίοις,
2494 2242 2718 2313 μέτριος
2756 2242 3045 2315 ἄνθρωπος
3084 2245 3178 2297 καὶ
3224 2244 3498 2316 ἐπιεικὴς,

1826 2328 1975 2382 Ἠλεὶ
2000 2329 2175 2399 τούτῳ
2204 2330 2372 2400 ὄνομα
2393 2325 2483 2401 ἦν.
2504 2322 2672 2394 Οὗτος
2697 2330 2725 2382 6
2763 2330 2911 2384 Ἠλεὶ
2942 2330 3153 2401 γίνεται
3180 2332 3273 2386 δύο
3293 2333 3501 2387 παίδων

1814 2416 2019 2487 πατήρ·
2056 2417 2149 2468 καὶ
2176 2415 2319 2487 ὀρῶν
2354 2417 2551 2480 αὐτοὺς
2577 2416 2672 2470 ἐπὶ
2709 2418 2909 2470 κακίαν
2945 2416 3260 2486 βαδίζοντας
3281 2420 3339 2472 06
3372 2437 3503 2472 κατ-

1814 2505 1961 2574 εῖχεν
1995 2503 2116 2557 0666
2145 2503 2369 2557 ἐκώλυε·
2399 2503 2600 2575 μᾶλλον
2622 2503 2679 2558 δέ
2700 2506 2920 2575 κατεῖχε
2955 2506 3051 2575 μέν
3074 2506 3166 2557 καὶ
3190 2504 3418 2571 ἐκώλυε,
3438 2508 3500 2560 ού

1818 2591 1954 2663 μετὰ
1986 2591 2167 2661 πάσης
2190 2591 2247 2645 δέ
2283 2590 2441 2645 τοῦτο
2471 2592 2647 2645 ἐποίει
2673 2592 2931 2662 σπουδῆς.
2977 2593 3058 2646 Τὰ
3089 2592 3412 2665 ἐγκλήματα
3441 2595 3500 2648 δέ

1813 2677 1923 2731 τῶν
1952 2677 2159 2731 παίδων
2208 2678 2414 2731 τούτων
2456 2674 2524 2751 ἦν
2562 2678 2787 2751 πορνεία
2825 2695 2885 2732 τε
2926 2679 3021 2732 καὶ
3062 2682 3501 2751 γαστριμαργία.

1819 2763 2045 2818 Ἤσθιον
2060 2763 2189 2837 γὰρ,
2208 2767 2361 2837 φησὶ,
2386 2766 2492 2835 πρὸ
2506 2764 2599 2818 τοῦ
2619 2765 3048 2834 καθαγιασθῆναι
3062 2764 3129 2820 τά
3150 2767 3366 2838 κρέατὰ
3384 2768 3425 2819 ίε
3437 2768 3505 2839 ρὰ

1816 2853 1912 2906 x01
1935 2853 2036 2924 τὴν
2068 2853 2258 2908 θυσίαν
2281 2854 2633 2925 ἀνενεχθῆναι
2658 2853 2736 2926 τῷ
2762 2853 2881 2925 Θεῷ
2900 2895 2912 2908 .
2939 2855 3127 2908 Ταῦτα
3155 2854 3211 2908 δέ
3235 2854 3450 2908 ἀκούων
3476 2857 3506 2908 6

1818 2944 2023 3018 πατὴρ,
2061 2946 2334 3017 τιμωρίαν
2369 2947 2467 3016 μὲν
2492 2946 2595 2998 ούκ
2624 2945 2889 3017 ἐπέθηκε,
2916 2944 3061 3017 λόγῳ
3085 2946 3143 2999 δέ
3169 2946 3265 3000 καὶ
3300 2963 3506 3017 παραι-

1817 3034 1968 3087 νέσει
1998 3035 2258 3106 ἐπειρᾶτο
2272 3033 2372 3104 τῆς
2401 3034 2667 3104 πονηρίας
2688 3034 2896 3104 ταύτης
2921 3034 3156 3103 ἀπάγειν
3177 3034 3396 3098 06106;,
3411 3034 3508 3089 καὶ

1818 3121 2044 3175 τοιαῦτα
2069 3121 2308 3191 συνεχῶς
2341 3120 2479 3191 πρὸς
2506 3121 2704 3182 αὐτοὺς
2718 3119 2871 3190 ἔλεγε
2897 3123 3142 3191 ῥήματα·
3169 3119 3268 3188 Μὴ
3299 3119 3504 3185 τέκνα,

1812 3206 1898 3277 μὴ
1922 3208 2140 3262 ποιεῖτε
2158 3206 2366 3272 οὕτως,
2390 3206 2480 3260 ὅτι
2497 3209 2609 3260 οὐκ
2623 3206 2817 3276 ἀγαθὴ
2834 3208 2871 3276 ἠ
2894 3205 3070 3274 ἀκοὴ,
3088 3204 3292 3276 ἦνέγὼ
3307 3207 3508 3261 ἀκούω

1819 3298 1952 3367 περὶ
1975 3295 2145 3367 ὑμῶν
2160 3296 2267 3352 τοῦ
2288 3294 2483 3350 ποιεῖν
2501 3294 2611 3350 τὸν
2636 3298 2793 3350 λαὸν
2820 3294 2906 3365 μὴ
2943 3296 3257 3365 λατρεύειν
3280 3293 3361 3360 τῷ
3390 3298 3511 3350 Κυ-

1811 3385 1941 3453 ρίῳ.
1961 3386 2103 3438 Ἐὰν
2124 3382 2403 3454 ἁμαρτὼν
2433 3382 2666 3453 ἁμάρτῃ
2695 3380 2852 3451 ἀνὴρ
2895 3384 2983 3450 εὶς
3002 3381 3210 3452 ἄνδρα,
3245 3382 3509 3450 προσεύ-

1822 3471 2028 3537 ξονται
2064 3471 2194 3539 περὶ
2239 3470 2427 3525 αὑτοῦ
2475 3470 2626 3539 πρὸς
2676 3471 2917 3539 Κύριον·
2967 3470 3078 3523 ἐὰν
3105 3468 3174 3523 δὲ
3204 3467 3285 3535 τῷ
3310 3469 3508 3538 Κυρίῳ

1820 3562 2051 3633 ἁμάρτῃ
2078 3563 2408 3632 ἅνθρωπος,
2433 3561 2523 3627 τίς
2546 3560 2944 3630 προσεύξεται
2972 3559 3107 3629 περὶ
3126 3558 3314 3614 αὑτοῦ
3329 3558 3509 3625 {Kal-

1821 3667 1903 3704 τοι
1936 3650 2103 3720 πολλὴ
2131 3650 2165 3720 ἡ
2196 3647 2307 3701 τῶν
2333 3648 2592 3719 ῥημάτων
2623 3646 2887 3719 βαρύτης,
2924 3647 3022 3701 καὶ
3054 3648 3087 3718 ἡ
3115 3646 3373 3717 ἐντροπὴ,
3412 3646 3510 3702 καὶ

1821 3739 1913 3793 16v
1936 3738 2059 3791 νοῦν
2076 3737 2271 3808 ἔχοντα
2287 3736 2445 3806 ἱκανὴ
2467 3734 2903 3807 ἀνακτήσασθαι·
2920 3734 2983 3787 τό
2994 3751 3053 3787 τε
3068 3733 3177 3806 γάρ
3201 3734 3509 3805 ἁμάρτημα

1824 3828 2021 3899 ἐπῆρε,
2061 3826 2157 3880 καὶ
2182 3823 2409 3897 φοϐερὸν
2440 3822 2641 3891 ἔδειξε,
2680 3824 2783 3893 τήν
2838 3839 2897 3875 τε
2951 3821 3311 3892 ἐπικειμένην
3350 3820 3510 3892 δίκην

1825 3916 2094 3988 ἀφόρητον
2110 3914 2356 3985 ἀπέφηνε
2383 3913 2471 3967 καὶ
2491 3915 2745 3987 φρικτὴν·
2768 3911 2883 3965 ἀλλ’
2910 3912 3061 3983 ὅμως
3088 3912 3274 3979 ἐπειίὴ
3308 3910 3382 3982 μὴ
3400 3913 3509 3965 πᾶν

1825 4000 1947 4053 ὅσον
1965 3999 2131 4070 ἐχρῆν
2154 3997 2485 4062 ἐπεδείξατο,
2517 3998 2611 4049 καὶ
2629 3995 2791 4059 0616;
2830 3996 2947 4066 μετ’
2981 3995 3209 4048 ἐκείνων
3235 3992 3505 4050 ἀπώλετο.

1826 4089 1936 4142 Καὶ
1963 4088 2072 4158 γὰρ
2097 4087 2324 4150 ἀπειλὰς
2344 4085 2660 4155 προσθεῖναι
2686 4085 2872 4155 ἐχρῆν,
2892 4085 2985 4137 καὶ
3014 4084 3071 4150 ἐξ
3089 4084 3263 4154 ὄψεως
3286 4085 3512 4155 ποιῆσαι

1826 4175 1926 4246 τῆς
1956 4175 2169 4237 ἐαυτοῦ,
2197 4176 2291 4227 καὶ
2326 4175 2595 4245 μάστιγας
2628 4172 2915 4237 ἐπιθεῖναι,
2941 4171 3035 4225 καὶ
3054 4170 3348 4244 βαρύτερον
3377 4172 3510 4225 πολ-

1826 4262 1904 4333 λῷ
1927 4262 2177 4332 γενέσθαι
2202 4262 2295 4314 καὶ
2324 4259 2727 4332 χαλεπώτερον.
2747 4259 2971 4331 Ἐπειδὴ
3005 4255 3100 4314 οὖν
3128 4257 3333 4312 τούτων
3359 4257 3511 4313 οὐδὲν

1828 4350 2105 4420 ἐποίησεν,
2133 4346 2311 4417 ἐαυτῷ
2325 4364 2385 4400 τε
2410 4346 2686 4410 κάκείνοις
2708 4345 3089 4416 ἐξεπολέμωσε
3113 4344 3205 4398 τὸν
3228 4343 3380 4409 Θεὸν,
3415 4346 3510 4398 καὶ

1829 4436 2157 4507 φεισάμενος
2180 4434 2344 4488 αὐτοῦ
2366 4434 2475 4487 τῶν
2502 4434 2709 4487 παίδων
2728 4434 2993 4506 ἀκαίρως,
3016 4432 3152 4505 μετά
3169 4433 3275 4486 τῶν
3302 4431 3510 4486 παίδων

1830 4526 1924 4577 καὶ
1946 4525 2044 4594 τὴν
2071 4522 2266 4576 ἐαυτοῦ
2286 4521 2679 4594 προσαπώλεσε
2705 4522 2998 4594 σωτηρίαν.
3020 4521 3188 4574 Ἀκου
3199 4538 3287 4574 σον
3308 4520 3440 4590 γοῦν
3457 4520 3512 4575 τί

1830 4628 1963 4682 φησι
1996 4611 2134 4683 πρὸς
2171 4610 2333 4665 αὑτὸν
2352 4612 2380 4663 6
2412 4611 2567 4676 Θεὸς,
2599 4610 2799 4681 μᾶλλον
2824 4611 2881 4663 δέ
2915 4609 3052 4682 πρὸς
3070 4608 3231 4661 αὑτὸν
3254 4608 3352 4680 μὲν
3383 4610 3514 4664 οὐκ·

1831 4698 1931 4753 έτι·
1967 4699 2216 4771 οὐδὲγὰρ
2244 4699 2593 4771 ἀποκρίσεως
2630 4697 2793 4751 αὑτὸν
2816 4698 2968 4764 ἄξιον
2998 4697 3210 4769 ἔκρινεν
3237 4692 3377 4750 εἶναι
3397 4697 3511 4752 λοι-

1834 4788 1954 4853 πὸν,
1974 4787 2087 4840 ἀλλ’
2114 4787 2263 4841 ὥσπε
2272 4805 2303 4859 ρ
2333 4786 2453 4840 τινὰ
2466 4787 2681 4857 οἰκέτην
2700 4787 2769 4840 τὰ
2789 4786 3023 4857 μέγιστα
3058 4801 3164 4853 προ
3174 4785 3509 4857 σκεκρουκόο

1831 4891 1920 4937 τα,
1939 4874 2005 4927 δι’
2033 4875 2221 4947 ἐτέρου
2245 4878 2390 4928 ποιεῖ
2414 4876 2605 4945 μαθεῖν
2621 4876 2688 4928 τά
2706 4873 3135 4945 καταληψόμενα
3156 4873 3315 4927 αὐτὸν
3339 4874 3508 4928 κακά·

1830 4964 2065 5037 τοσαύτη
2093 4960 2161 5036 ἦν
2194 4967 2227 5036 ἡ
2254 4964 2348 5017 τοῦ
2387 4963 2522 5017 Θεοῦ
2536 4963 2660 5016 τότε
2673 4963 2832 5036 ὀργή.
2854 4964 3121 5016 Ἀκουσον
3146 4961 3277 5031 γοῦν
3301 4962 3351 5014 τί
3377 4978 3511 5033 φησι

1834 5053 1970 5123 πρὸς
2000 5052 2092 5106 τὸν
2116 5053 2324 5105 ἐκείνου
2356 5050 2605 5123 μαθητὴν
2626 5052 2756 5122 περὶ
2785 5048 2879 5103 τοῦ
2908 5049 3252 5104 διδασκάλου·
3277 5048 3369 5102 καὶ
3400 5048 3510 5121 γὰρ

1833 5143 1929 5195 καὶ
1964 5140 2042 5212 τῷ
2067 5141 2303 5214 μαθητῇ,
2328 5141 2420 5194 καὶ
2434 5141 2607 5212 ἐτέρῳ
2635 5141 2911 5213 προφήτῃ,
2935 5141 3029 5194 καὶ
3050 5142 3215 5193 πᾶσιν
3235 5139 3373 5210 ὑπὲρ
3402 5137 3511 5193 τῶν

1834 5229 2047 5283 ἐκείνου
2080 5228 2278 5300 μᾶλλον
2300 5228 2570 5297 διελέγετο
2597 5228 2807 5292 κακῶν,
2832 5227 2865 5299 ἢ
2893 5226 3108 5298 ἐκείνῳ·
3141 5225 3313 5289 οὕτως
3348 5225 3511 5280 αὑτὸν

1834 5319 1912 5380 είς
1928 5316 2078 5380 τέλος
2097 5317 2470 5389 ἀπέστραπτο.
2498 5315 2563 5368 Τί
2588 5316 2653 5388 δὴ
2673 5311 2765 5371 οὖν
2782 5314 3003 5388 φησιτῷ
3025 5314 3280 5385 Σαμουὴλ
3300 5314 3513 5381 ;”Εγνω

1833 5404 1915 5458 ὅτι
1946 5403 2371 5474 κακολογοῦντες
2400 5402 2533 5457 Θεὸν
2562 5406 2612 5457 οἱ
2639 5404 2746 5458 υἱοὶ
2773 5403 2961 5465 αὑτοῦ,
2987 5402 3083 5456 καὶ
3103 5401 3203 5454 οὐκ
3236 5398 3511 5453 ἐνουθέτει

1834 5493 2050 5558 αύτούς·
2079 5494 2171 5547 καί
2203 5493 2302 5564 οὐχ
2329 5492 2524 5560 οὕτως,
2548 5494 2642 5547 καὶ
2676 5493 2781 5565 μὴν
2812 5491 3160 5561 ἐνουθέτησεν
3190 5496 3238 5554 ι,
3258 5487 3371 5541 ἀλλ’
3391 5488 3514 5545 0666

1896 5596 1926 5676 εξ
1948 5598 2056 5676 ριξο
2079 5610 2206 5676 0133.!
2222 5597 2427 5674 ιννατον.
2584 5660 2603 5676 ἱ
2692 5658 2707 5676 '

1902 5662 1926 5691 ⁸
1953 5658 2105 5707 Iidem
2123 5658 2295 5723 χρόνον
2314 5659 2489 5721 γίνεται
2520 5658 2866 5722 χαλεπώτερον.

1903 5718 1925 5760 ί
1958 5721 2095 5770 Unus
2112 5721 2220 5769 cod.
2248 5722 2331 5769 καὶ
2351 5720 2441 5785 οὐχ
2461 5722 2624 5777 ἁπλῶς
2645 5717 2812 5769 ταῦτα.
2842 5718 2972 5768 Infra
3003 5729 3127 5765 unus
3149 5716 3337 5763 ἅπαντα
3354 5715 3518 5772 καλῶς

1835 5786 1869 5850 ἦ
1893 5785 2035 5895 ὶκξῗᾶ
2049 5855 2222 5906 omnes
2244 5847 2426 5906 parte:
2461 5843 2633 5895 Morel.
2670 5841 2756 5906 qui
2794 5842 2948 5906 habet
2968 5841 3210 5906 ἐνουθέτει.
3237 5836 3363 5893 Infra
3383 5836 3513 5896 hac,

1840 5911 1904 5974 μὴ
1929 5904 2157 5957 τοσοῦτον
2178 5906 2227 5956 δέ
2249 5904 2364 5955 ὅσον
2390 5907 2499 5969 χρή,
2522 5904 2703 5958 desunt
2721 5908 2771 5959 in
2795 5905 2966 5958 Morel.
2996 5904 3121 5957 solo.
