4032 6420
349 374 462 432 353

346 495 584 561 oportet.
613 499 720 541 non
740 500 806 541 ea
839 493 985 540 certe
1021 482 1352 554 providentia
1391 479 1614 536 dicenda
1657 483 1758 539 est,
1801 475 1939 529 sicut

345 595 454 636 nec
477 579 567 653 illa
601 576 896 634 admonitio
917 575 1054 630 Heli.
1077 575 1212 630 Cum
1243 589 1370 628 vero
1401 573 1603 628 crimen
1647 575 1936 628 narrasset,

344 681 462 728 tum
495 685 708 740 poenam
751 669 949 739 ingenti
993 683 1113 722 cum
1159 666 1429 721 iracundia
1469 664 1692 718 induxit.
1735 659 1936 725 Jul-avi,

341 765 517 830 enim,
541 761 728 832 inquit,
753 759 930 814 domui
955 759 1096 824 Heli,
1121 761 1165 814 si
1193 769 1448 830 peccatum
1477 756 1611 811 istud
1636 755 1810 808 domui
1834 751 1941 806 Ile-

346 858 387 912 li
412 855 720 926 expiabitur,
748 855 850 908 sive
875 853 1204 924 thymiamatc
1243 851 1346 905 sive
1391 849 1658 917 sacriﬁciis
1695 861 1848 916 usque
1885 843 1939 898 in

344 959 593 1004 internum
621 945 696 1018 (1.
730 945 858 1014 Reg.
888 945 942 999 3.
979 943 1364 1015 l4).Vidistine
1395 943 1660 1012 ingentem
1693 938 1938 1006 indigna-

348 1039 570 1099 tionem,
593 1049 914 1106 paanamque
945 1036 1088 1088 omni
1115 1048 1212 1103 Spe
1245 1033 1416 1088 venite
1443 1027 1756 1086 carentem?
1783 1027 1941 1080 Pror-

346 1143 462 1194 sus,
492 1127 683 1196 inquit,
713 1126 859 1180 illum
888 1125 1063 1196 perire
1087 1131 1316 1193 oportet,
1347 1137 1446 1177 nec
1473 1122 1644 1191 ipsum
1684 1117 1844 1174 modo
1886 1125 1941 1170 et

345 1219 467 1291 ejus
498 1218 654 1283 ﬁlios,
678 1217 773 1273 sed
800 1233 919 1272 cum
947 1217 1062 1287 ipso
1091 1217 1308 1271 domum
1349 1215 1674 1277 universam,
1710 1210 1940 1266 nullum-

337 1325 454 1382 que
483 1309 928 1364 medicamentum
975 1308 1096 1372 erit,
1143 1305 1283 1378 quod
1327 1304 1519 1359 vulnus
1564 1301 1704 1356 istud
1750 1315 1940 1355 curare

349 1404 522 1474 possit
552 1421 566 1456 :
597 1403 722 1457 licet
752 1402 866 1456 seni
898 1402 972 1456 illi
1006 1411 1199 1470 prurtcr
1228 1399 1454 1453 filiorum
1484 1397 1780 1466 neglectum
1809 1393 1937 1448 nihil

348 1493 490 1566 quod
517 1493 728 1548 crimini
751 1492 902 1547 daret
931 1491 1171 1546 habuerit
1193 1491 1350 1545 Deus.
1375 1489 1503 1544 Erat
1533 1489 1675 1544 enim
1698 1488 1749 1542 in
1780 1492 1942 1542 caete-

348 1587 425 1641 ris
451 1586 698 1639 omnibus
726 1583 1090 1649 admirandus,
1125 1583 1349 1652 ejusque
1395 1580 1784 1650 philosophiam
1823 1593 1940 1633 om-

351 1691 472 1730 nem
493 1692 596 1730 non
621 1690 684 1730 ex
703 1675 820 1728 aliis
846 1675 1026 1740 modo,
1055 1673 1150 1729 sed
1175 1689 1241 1728 ex
1273 1673 1337 1728 iis
1361 1686 1571 1742 quoque
1597 1686 1716 1740 quae
1759 1671 1810 1724 in
1845 1684 1942 1723 ca-

349 1767 589 1822 lamitate
616 1767 974 1836 contigerunt,
1008 1765 1188 1820 videre
1214 1773 1314 1820 est.
1359 1764 1591 1817 Primum
1633 1763 1775 1815 enim
1817 1776 1937 1815 cum

351 1858 466 1914 inec
493 1858 670 1913 oniiiia
700 1859 957 1924 audisset,
982 1872 1144 1928 seque
1165 1857 1229 1912 ad
1256 1871 1560 1927 supremam
1591 1870 1800 1926 poenam
1821 1869 1938 1923 per-

349 1952 562 2005 venisse
603 1951 956 2020 conspiceret,
1003 1965 1111 2004 non
1155 1950 1408 2019 graviter,
1458 1962 1562 2002 non
1605 1947 1940 2016 indignanter

351 2043 492 2110 tulit,
526 2059 630 2098 non
657 2042 709 2098 id
739 2043 872 2097 dixit
899 2042 1043 2112 quod
1075 2043 1284 2112 plurimi
1321 2041 1581 2096 dixissent
1613 2058 1626 2094 :
1664 2038 1796 2093 Num
1841 2053 1940 2108 ego

349 2135 576 2190 aliorum
603 2135 891 2190 voluntatis
919 2134 1167 2189 dominus
1197 2133 1356 2188 sum?
1397 2133 1739 2188 Peccatorum
1788 2145 1940 2185 meo-

349 2243 467 2283 rum
491 2242 675 2297 poenas
707 2229 852 2283 luere
871 2227 1042 2282 debeo
1073 2245 1088 2282 :
1118 2226 1208 2280 ﬁlii
1235 2235 1446 2280 aetatem
1484 2224 1702 2290 habent,
1734 2223 1941 2293 ipsique

349 2320 451 2374 soli
481 2320 798 2390 supplicium
827 2329 1119 2374 merentur.
1141 2320 1341 2373 llornm
1370 2318 1503 2372 nihil
1534 2316 1669 2372 dixit
1696 2317 1940 2386 γειοοεὶ-

349 2411 518 2474 tavit;
546 2409 640 2464 sed
668 2421 726 2464 ut
748 2425 932 2465 servus
961 2411 1099 2465 bene
1123 2409 1364 2474 allectus,
1394 2410 1478 2462 cui
1506 2409 1557 2462 id
1596 2422 1756 2460 unum
1791 2406 1940 2460 cordi

345 2509 486 2564 erat,
517 2500 868 2554 utadomino
920 2501 1098 2554 omnia
1144 2500 1294 2554 facile
1334 2498 1701 2568 patienterque
1749 2495 1936 2563 ferret,

343 2591 743 2661 quantumlibet
767 2592 853 2646 illa
883 2593 1074 2646 acerba
1108 2599 1305 2656 essent,
1334 2593 1413 2645 sic
1453 2590 1542 2644 ille
1572 2589 1732 2646 verba
1764 2589 1940 2660 plnlo-

345 2681 555 2749 sOphia:
585 2681 740 2752 plena
771 2681 1011 2752 protulit.
1055 2681 1326 2751 Dominus,
1375 2681 1540 2748 enim,
1592 2680 1780 2750 inquit,
1826 2689 1940 2747 est;

343 2771 488 2842 quod
515 2782 716 2842 gratum
745 2784 817 2827 est
843 2773 896 2827 in
916 2783 1185 2844 conspectu
1205 2788 1296 2826 suo
1318 2773 1466 2844 faciet
1489 2771 1566 2842 (1.
1596 2769 1722 2842 Reg.
1753 2771 1936 2840 5.18).

347 2861 468 2918 Non
499 2865 668 2918 solum
697 2873 872 2919 autem
903 2865 1047 2930 hinc,
1073 2864 1164 2919 sed
1195 2858 1410 2918 aliunde
1439 2877 1650 2934 quoque
1683 2862 1798 2932 ejus
1835 2862 1944 2915 vir-

345 2962 441 3010 tus
469 2955 792 3024 deprehendi
827 2964 1020 3026 potest.
1049 2955 1180 3010 Nam
1225 2970 1344 3010 cum
1388 2955 1528 3009 bello
1572 2964 1940 3022 premerentur

347 3045 545 3112 Iudici,
575 3047 938 3118 accedensque
967 3048 1180 3118 quidam
1213 3047 1334 3102 belli
1353 3046 1530 3100 clades
1549 3048 1936 3113 annuntiasset,

347 3147 516 3210 utque
546 3140 770 3211 turpiter
797 3149 849 3194 et
877 3141 1070 3194 misere
1103 3139 1217 3208 ejus
1260 3138 1352 3193 ﬁlii
1395 3137 1446 3192 in
1494 3138 1674 3207 prazlio
1711 3137 1939 3192 cecidis-

349 3241 494 3296 sent,
523 3232 637 3287 lucc
665 3233 841 3301 quiete
865 3233 1094 3296 audivit;
1128 3242 1180 3285 at
1225 3231 1312 3286 ubi
1365 3233 1454 3285 ille
1501 3239 1698 3300 praeter
1736 3231 1937 3286 caedem

346 3324 655 3394 hujusmodi
681 3340 859 3379 arcam
887 3325 954 3380 ab
981 3323 1220 3378 hostibus
1261 3335 1471 3392 captam
1506 3323 1670 3378 fuisse
1707 3323 1938 3393 adjecit--

345 3422 453 3478 set,
480 3426 605 3471 tunc
631 3431 860 3472 mturare
887 3415 1264 3470 obtenebratns
1295 3429 1458 3470 senex
1483 3413 1674 3468 cecidit
1698 3412 1765 3467 dc
1809 3413 1939 3468 sella

347 3517 499 3562 retro
523 3497 668 3577 juxta
713 3508 952 3578 januam,
994 3517 1046 3562 et
1082 3507 1367 3560 contritum
1403 3515 1486 3560 est
1527 3505 1746 3562 dorsum
1776 3507 1892 3573 ejus
1923 3522 1936 3560 :

345 3613 516 3653 senex
538 3601 677 3654 enim
705 3609 840 3664 erat,
867 3608 918 3654 et
939 3599 1112 3669 gravis
1133 3606 1186 3652 et
1215 3597 1560 3664 honorabilis,
1580 3605 1633 3650 et
1667 3597 1779 3666 ipse
1799 3597 1941 3665 judi-

347 3691 493 3746 cavit
537 3691 694 3746 israel
738 3691 919 3762 viginti
947 3693 1120 3746 annis.
1146 3690 1296 3759 Quod
1319 3689 1360 3744 si
1381 3689 1710 3745 sacerdotem
1732 3705 1936 3756 senem,

350 3783 743 3849 honorabilem,
785 3785 872 3854 qui
919 3784 1036 3840 sine
1075 3785 1290 3854 querela
1339 3783 1680 3838 ilebramrum
1726 3794 1940 3853 gentem

351 3874 538 3945 viginti
580 3877 734 3929 annis
782 3885 1018 3954 rexerat,
1065 3877 1152 3946 qui
1184 3874 1250 3928 iis
1276 3873 1603 3944 temporibus
1631 3874 1777 3938 vixit,
1822 3889 1942 3944 qua:

351 3981 462 4022 non
495 3977 693 4022 tantam
725 3968 846 4022 vitae
873 3966 1196 4037 diligentiam
1222 3967 1583 4037 requirebant,
1601 3965 1731 4020 nihil
1751 3965 1938 4020 horum

351 4073 612 4115 excusare
645 4059 960 4130 potuit;sed
985 4059 1030 4112 is
1059 4059 1181 4128 quia
1211 4056 1438 4111 ﬁliorum
1483 4071 1663 4110 curam
1713 4055 1816 4108 non
1861 4063 1944 4108 sat

350 4150 640 4220 diligenter
661 4149 938 4216 habuerat,
964 4151 1159 4204 misere
1180 4159 1232 4203 et
1261 4139 1542 4202 infeliciter
1567 4147 1741 4216 periit,
1769 4161 1943 4202 aene-

350 4240 619 4311 gligentizc
639 4241 779 4296 illius
801 4241 1007 4296 crimen
1041 4241 1206 4293 instar
1231 4237 1424 4292 ﬂuctus
1455 4239 1684 4307 ingentis
1710 4237 1798 4291 illa
1825 4253 1942 4292 om-

353 4331 442 4384 nia
471 4332 816 4398 transcendit,
847 4341 900 4386 et
930 4338 1074 4386 recte
1095 4327 1232 4384 facta
1255 4329 1432 4383 omnia
1459 4329 1633 4383 obruit
1661 4347 1673 4382 :
1698 4345 1816 4398 quae
1844 4344 1942 4384 nos

353 4423 490 4478 ultio
511 4424 760 4495 excipiet,
791 4426 879 4495 qui
907 4423 990 4478 bis
1010 4423 1340 4494 temporibus
1370 4421 1621 4487 vivimus,
1661 4421 1712 4475 in
1753 4421 1945 4491 quibus

353 4515 529 4586 major
552 4515 888 4587 phil050phia
919 4515 1226 4587 requiritur,
1251 4525 1306 4570 et
1327 4524 1502 4570 tamen
1528 4513 1604 4568 illi
1629 4511 1824 4567 virtute
1859 4513 1945 4566 in-

355 4605 582 4663 feriores
606 4623 828 4672 sumus;
851 4623 915 4662 ac
945 4623 1051 4662 non
1081 4606 1242 4663 modo
1268 4606 1391 4662 ﬁliis
1420 4621 1528 4660 non
1569 4604 1942 4675 prOSpicimus,

355 4699 452 4754 sed
477 4699 635 4754 etiam
661 4701 796 4755 alios
823 4700 873 4755 id
912 4699 1088 4755 facere
1117 4701 1346 4755 nitentes
1395 4697 1600 4752 insidiis
1645 4696 1946 4766 appetimus

357 4803 414 4846 et
433 4807 821 4864 Oppugnamus,
857 4807 919 4848 ac
947 4793 1188 4848 barbaris
1235 4792 1579 4846 immanioros
1621 4805 1744 4861 erga
1793 4799 1946 4844 natos

358 4895 575 4942 nostros
604 4887 828 4942 sumus?
856 4885 1072 4941 illorum
1099 4887 1292 4956 quippe
1319 4884 1504 4940 feritas
1532 4899 1699 4953 usque
1724 4882 1790 4937 ad
1830 4898 1946 4938 ser-

357 4980 577 5033 vitutem
607 4987 832 5043 tantum,
861 4987 915 5034 et
939 4978 1238 5032 vastitatem
1263 4993 1326 5032 ac
1348 4978 1708 5048 captivitatem
1741 4976 1945 5046 patriai,

356 5083 722 5139 corporeaque
745 5069 881 5124 mala
911 5071 1100 5136 saevit;
1120 5084 1214 5124 vos
1239 5079 1415 5124 autem
1443 5070 1612 5138 ipsam
1641 5069 1872 5122 animam
1897 5068 1948 5122 in

357 5163 668 5218 servitutem
688 5163 1187 5234 redigitis,eamqne
1211 5162 1350 5216 velut
1370 5159 1634 5230 captivum
1657 5160 1947 5230 alligatam,

360 5253 432 5308 ita
459 5253 701 5324 malignis
723 5253 956 5324 ferisque
989 5251 1320 5308 dazmonibus
1351 5267 1643 5322 eorumque
1673 5249 1951 5304 aﬁ‘ectibus

364 5344 596 5400 traditis.
619 5345 752 5400 Cum
805 5347 950 5403 enim
997 5361 1170 5415 neque
1213 5345 1315 5416 ipsi
1362 5343 1634 5414 quidpiam
1677 5343 1954 5414 spirituale

364 5437 618 5504 monetis,
649 5453 823 5508 neque
862 5438 998 5494 alios
1032 5437 1084 5494 id
1111 5437 1388 5508 cupientes
1415 5435 1590 5492 facere
1623 5433 1950 5505 permittitis,

365 5526 501 5582 nihil
533 5529 768 5599 profecto
795 5529 937 5586 aliud
991 5531 1166 5602 agitis.
1212 5529 1322 5586 Nec
1373 5528 1503 5584 mihi
1547 5527 1692 5583 dicat
1738 5527 1951 5596 aliquis,

368 5620 590 5689 multos,
619 5623 708 5694 qui
731 5623 850 5694 plus
879 5639 1034 5693 quam
1069 5623 1184 5678 lleli
1233 5621 1371 5678 ﬁlios
1412 5621 1792 5693 neglexerant,
1825 5619 1954 5674 nihil

369 5712 549 5770 simile
595 5729 782 5786 passos
809 5729 949 5770 esse.
993 5714 1140 5770 Multi
1179 5715 1322 5770 enim
1359 5729 1503 5784 saepe
1541 5714 1612 5768 ob
1651 5711 1952 5781 ltnjusmodi

371 5805 582 5876 culpam
609 5806 766 5862 etiam
795 5803 859 5860 iis
877 5804 1117 5875 graviora
1147 5805 1289 5877 passi
1317 5812 1460 5862 sunt.
1488 5803 1620 5860 Nam
1651 5801 1791 5859 unde
1818 5817 1954 5874 pra:-

1104 367 1463 425 ADVERSUS
1491 353 2038 421 OPPUCNATORES
2079 331 2259 412 ἨΤᾸΞ
2297 359 2590 416 MONAST.
2630 361 2760 416 LIB.
2803 359 2893 420 Ill.

3538 364 3646 422 35d

2050 479 2276 527 maturae
2305 473 2542 526 mortes?
2569 472 2712 529 unde
2735 473 3034 543 gravissimi
3063 479 3119 528 et
3143 471 3447 544 frequentes
3469 477 3642 534 morbi

2047 571 2100 618 et
2122 563 2277 618 nobis
2299 573 2352 620 et
2375 564 2558 620 liberis
2607 567 2808 621 nostris
2851 565 3193 622 inferuntur?
3229 568 3374 624 unde
3421 567 3639 634 damna,

2048 659 2189 712 unde
2215 657 2565 726 calamitates,
2585 659 2728 715 unde
2766 671 3108 726 nocumenta,
3138 659 3280 716 unde
3309 663 3448 716 mala
3480 662 3641 718 innu-

2046 747 2230 802 mera?
2259 765 2440 804 nonne
2465 750 2607 820 quod
2639 752 2912 820 improbos
2957 752 3096 808 ﬁlios
3138 755 3423 810 emendare
3467 755 3640 822 negli-

2044 839 2448 912 gainus?Quod
2475 842 2588 896 hasc
2612 852 2789 896 autem
2831 858 2936 897 non
2985 845 3290 914 conjectura
3339 845 3438 911 sit,
3494 845 3640 900 senis

2047 929 2188 983 illius
2217 945 2374 984 casus
2403 932 2533 986 satis
2561 932 2814 988 ostendit.
2849 933 2962 1003 Ego
2993 951 3121 988 vero
3155 936 3412 1006 sapientis
3455 937 3637 1008 cujus-

2045 1020 2168 1075 dam
2195 1037 2258 1076 ex
2295 1023 2496 1078 nostris
2524 1023 2624 1078 hac
2651 1025 2717 1080 de
2768 1041 2826 1080 re
2865 1027 3064 1081 dictum
3113 1029 3340 1082 referam
3373 1047 3386 1082 :
3419 1029 3485 1084 de
3516 1029 3638 1082 liliis

2045 1113 2188 1166 enim
2211 1114 2500 1176 disserens.
2524 1117 2592 1169 ita
2621 1117 2858 1186 loquitur
2883 1135 2895 1170 :
2923 1117 3004 1170 Ne
3020 1119 3203 1173 laeteris
3225 1120 3276 1172 in
3300 1119 3420 1186 ﬁliis
3443 1120 3637 1188 impiis;

2045 1205 2145 1258 nisi
2174 1207 2324 1275 fuerit
2351 1207 2404 1260 in
2424 1207 2528 1260 illis
2563 1205 2662 1261 Dei
2703 1211 2872 1274 timor,
2907 1227 2970 1264 ne
3005 1211 3234 1278 conﬁdas
3268 1210 3475 1265 illorum
3523 1213 3637 1264 vita

2045 1297 2228 1366 (Eccli.
2264 1299 2349 1353 16.
2384 1300 2519 1371 1-5).
2551 1299 2870 1372 Ingemisces
2887 1305 3026 1358 enim
3057 1297 3379 1375 przutnnturo
3403 1306 3639 1366 luctu,ct

2044 1387 2332 1458 derepente
2361 1392 2570 1446 illorum
2601 1397 3062 1464 c0n-umptionem
3093 1398 3250 1451 scies.
3283 1396 3502 1450 Plurimi
3535 1397 3636 1467 igi-

2045 1486 2150 1544 tur,
2180 1490 2236 1534 ut
2257 1481 2388 1546 dixi,
2423 1484 2586 1536 multa
2614 1485 2877 1553 ejusmodi
2910 1488 3047 1554 passi
3079 1497 3224 1540 sunt.
3259 1489 3314 1539 Si
3337 1497 3511 1540 autem
3534 1488 3635 1540 aii-

2044 1574 2132 1644 qui
2182 1573 2496 1646 effugerint,
2527 1589 2581 1632 at
2625 1593 2732 1632 non
2783 1580 2832 1633 in
2880 1579 3038 1634 linem
3087 1581 3341 1650 effugient
3373 1583 3410 1642 ί,
3447 1582 3542 1636 sed
3583 1583 3634 1634 in

2043 1668 2232 1736 capitis
2255 1669 2336 1722 sui
2364 1670 2596 1733 malum;
2626 1673 2930 1726 aet-rbiorcs
2955 1675 3120 1738 enim,
3152 1691 3272 1728 cum
3303 1677 3632 1729 excesserint

2043 1775 2074 1815 e
2100 1761 2227 1822 vita,
2257 1777 2444 1833 pmnas
2471 1764 2631 1818 luent.
2665 1763 2772 1821 Cur
2799 1778 2998 1829 autem,
3029 1768 3256 1836 inquies,
3284 1785 3386 1822 non
3417 1770 3498 1822 hic
3522 1787 3635 1822 tunc

2045 1871 2141 1910 nes
2163 1857 2482 1924 puniuntur?
2511 1858 2642 1926 Quia
2679 1860 2815 1913 Deus
2841 1861 2980 1914 diem
3011 1865 3216 1927 Statuit,
3245 1878 3342 1930 qua
3369 1863 3635 1930 judicatu-

2043 1963 2135 2003 rus
2161 1957 2243 2002 est
2268 1950 2451 2004 orbem
2484 1951 2787 2006 universum
2817 1970 2830 2006 :
2865 1951 2980 2005 ha-e
3017 1967 3191 2008 autem
3235 1955 3351 2007 dies
3399 1955 3633 2007 nondum

2044 2039 2216 2094 adest.
2249 2041 2328 2094 Ad
2353 2041 2470 2096 htPC
2495 2057 2619 2095 vero
2653 2044 2697 2095 si
2739 2043 2811 2096 ita
2857 2043 3025 2106 fieret,
3050 2045 3160 2113 jam
3193 2047 3532 2110 absumptum
3583 2055 3636 2099 et

2043 2133 2320 2203 abreptum
2351 2145 2493 2188 esset
2513 2149 2672 2188 omne
2708 2150 2876 2202 genus
2919 2133 3232 2187 humanum.
3277 2135 3380 2189 Sed
3433 2143 3490 2187 nt
3539 2151 3638 2188 nec

2046 2222 2149 2278 hoc
2179 2225 2472 2294 contingat,
2503 2240 2600 2281 nec
2629 2225 2842 2294 plurimi
2875 2227 3151 2295 segniores
3189 2226 3311 2278 fiant
3349 2241 3420 2280 ex
3469 2224 3636 2278 tardi-

2043 2323 2154 2369 tate
2179 2315 2386 2383 judicii,
2412 2315 2669 2386 quosdam
2696 2317 2833 2371 Deus
2858 2318 3091 2386 peceatis
3121 2317 3384 2371 obnoxios
3411 2315 3494 2368 hic
3526 2331 3636 2384 pte-

2044 2406 2129 2462 nis
2157 2407 2416 2470 afﬁciens,
2443 2408 2632 2462 horum
2661 2411 2907 2478 exemplo
2935 2410 3170 2478 reliquos
3191 2409 3368 2474 docet,
3390 2424 3632 2477 qumnam

2044 2497 2115 2551 sit
2137 2493 2518 2566 Suppliciorum
2548 2500 2683 2552 ratio
2709 2515 2772 2554 ac
2798 2515 3066 2564 mensura,
3091 2510 3146 2553 ut
3165 2499 3430 2564 ediscant,
3451 2514 3529 2563 se,
3554 2509 3634 2552 et-

2045 2591 2092 2644 si
2121 2589 2174 2643 in
2205 2591 2302 2644 hac
2331 2591 2434 2644 vita
2461 2607 2644 2660 pinnas
2667 2609 2771 2646 non
2804 2594 2971 2656 luant,
3005 2602 3426 2666 pOSl_eXCt'SSUIII
3457 2604 3632 2646 tamen

2045 2680 2200 2750 longe
2240 2683 2514 2752 graviores
2557 2684 2830 2739 subituros
2873 2699 3014 2740 esse.
3059 2683 3242 2753 Neque
3294 2684 3435 2738 enim
3489 2684 3630 2753 quod
3684 2675 3689 2680 ’

2044 2773 2360 2844 prephetam
2387 2789 2528 2830 nunc
2559 2791 2662 2828 non
2695 2778 2868 2829 mittat
2899 2775 3062 2841 Deus,
3089 2789 3187 2828 nec
3216 2789 3398 2842 pcenas
3421 2774 3632 2828 denun-

2044 2864 2142 2919 tiet
2169 2873 2224 2918 ut
2256 2865 2370 2919 Heli
2401 2875 2662 2934 tempore,
2689 2867 2806 2920 ideo
2827 2866 3038 2920 desides
3059 2881 3178 2920 esse
3205 2865 3460 2918 debemus
3487 2882 3500 2918 :
3527 2879 3634 2918 non

2045 2958 2187 3012 enim
2217 2958 2593 3028 prophetarum
2645 2959 2747 3014 hoc
2790 2968 3000 3029 tempus
3047 2969 3166 3022 est;
3211 2959 3316 3012 imo
3365 2973 3492 3010 vero
3540 2970 3635 3011 eos

2045 3063 2187 3103 nunc
2211 3063 2422 3118 quoque
2451 3049 2632 3104 mittit.
2666 3047 2842 3121 [Unde
2863 3051 2914 3102 id
2952 3049 3104 3103 nobis
3128 3049 3328 3118 liquet?
3355 3046 3552 3100 [iubent
3585 3049 3624 3113 ',

2044 3139 2230 3208 inquit,
2259 3139 2489 3208 Moysem
2509 3151 2557 3192 et
2585 3139 2874 3212 prophetas]
2891 3139 3042 3210 (Luc.
3075 3141 3160 3192 16.
3190 3139 3304 3210 29).
3331 3139 3399 3192 Ea
3431 3139 3627 3205 quippe

2044 3247 2166 3302 qua:
2191 3232 2332 3286 illius
2373 3233 2626 3301 temporis
2671 3233 2798 3285 viris
2840 3231 2981 3284 dicta
3031 3240 3174 3294 sunt,
3223 3229 3375 3282 nobis
3418 3244 3631 3298 qunque

2043 3325 2183 3381 dicta
2210 3333 2353 3389 sunt,
2387 3340 2487 3380 nec
2513 3323 2834 3390 modoileli,
2864 3322 2956 3376 sed
2988 3321 3234 3375 omnibus
3265 3322 3418 3373 siriuil
3443 3319 3629 3377 eadem

2044 3417 2390 3488 peccantibus
2421 3431 2515 3485 per
2544 3415 2690 3470 illum
2717 3430 2916 3484 perque
2945 3412 3083 3466 illius
3106 3412 3434 3466 calamitates
3463 3411 3632 3480 loqui-

2047 3517 2132 3564 tur
2154 3511 2313 3564 Dens.
2337 3508 2448 3564 Nec
2476 3510 2616 3564 enim
2653 3523 2906 3578 personas
2932 3507 3145 3574 accipit,
3176 3520 3274 3559 nec
3299 3505 3386 3575 qui
3425 3507 3626 3559 minora

2045 3611 2356 3676 peccantem
2382 3617 2501 3657 cum
2529 3601 2690 3656 domo
2712 3609 2818 3654 tota
2857 3599 3090 3654 funditus
3134 3597 3346 3664 evertit,
3387 3597 3630 3667 graviora

2045 3710 2328 3768 aggressos
2354 3695 2584 3750 dimittet
2609 3692 2826 3746 inultos.

2115 3789 2172 3844 4.
2217 3786 2372 3859 Leges
2411 3785 2784 3840 educandorum
2814 3783 3084 3836 liberorum
3109 3779 3216 3833 Deo
3244 3779 3395 3832 datm.
3423 3808 3493 3818 —
3513 3776 3626 3832 Non

2045 3881 2187 3936 enim
2213 3879 2394 3934 dicere
2421 3876 2500 3931 fas
2525 3887 2625 3940 est,
2655 3890 2776 3930 eum
2801 3889 2904 3928 non
2937 3871 3154 3926 multam
3182 3870 3338 3936 hujus
3366 3870 3440 3925 rei
3470 3869 3633 3923 ratio-

2045 3987 2168 4026 nem
2217 3969 2432 4035 habere,
2466 3981 2726 4022 summam
2755 3964 2971 4034 quippe,
3005 3961 3398 4016 educandornm
3441 3960 3634 4013 libero-

2045 4077 2164 4118 rum
2191 4059 2598 4116 sollicitudinem
2628 4057 2826 4110 inducit
2859 4073 2871 4108 :
2906 4053 3166 4124 siquidem
3204 4061 3400 4107 tantam
3430 4063 3632 4108 na'ur:e

2047 4153 2528 4222 concupiscentiam
2567 4150 2687 4205 ideo
2727 4149 2934 4214 indidit,
2981 4159 3037 4202 ut
3067 4147 3213 4216 quasi
3259 4144 3630 4200 necessitatem

2047 4247 2328 4319 quamdam
2361 4243 2720 4299 inevitabilem
2741 4257 2880 4296 curae
2909 4241 3134 4294 ﬁliorum
3158 4236 3414 4292 habendae.
3439 4249 3637 4304 part-av

2047 4343 2187 4397 tibus
2225 4339 2574 4396 constitueret
2621 4353 2635 4389 :
2687 4335 2830 4404 leges
2857 4332 2980 4388 item
3005 4330 3340 4402 postmodum
3371 4327 3544 4380 intulit
3567 4325 3635 4379 de

2048 4447 2172 4488 cura
2197 4431 2422 4484 filiorum
2453 4425 2684 4498 gerenda
2712 4441 2809 4480 nos
2838 4423 3116 4493 alloquens
3139 4413 3236 4475 z'el
3273 4435 3394 4474 cum
3417 4417 3531 4472 dies
3554 4415 3636 4471 f’e-

2049 4531 2161 4577 stos
2186 4528 2482 4585 statueret,-
2509 4527 2568 4572 ut
2589 4531 2780 4572 causas
2809 4515 2928 4568 ﬁliis
2949 4514 3060 4568 suis
3083 4511 3378 4564 indicarent
3409 4508 3638 4577 impera-

2050 4615 2144 4668 vit.
2188 4612 2318 4667 Nam
2351 4626 2472 4666 cum
2510 4609 2578 4665 de
2611 4607 2871 4663 Paschate
2901 4605 3228 4674 loqueretur,
3268 4599 3460 4668 adjecit
3503 4614 3516 4650 :
3575 4594 3640 4648 Et

2051 4705 2372 4762 annuntiabis
2424 4703 2532 4774 ﬁlio
2585 4712 2669 4756 tuo
2709 4701 2761 4754 in
2819 4699 2900 4753 die
2946 4697 3036 4751 illa
3085 4693 3256 4747 dicens
3299 4689 3477 4746 :ldeo
3523 4687 3641 4758 fecit

2052 4798 2193 4853 Deus
2221 4797 2344 4850 mihi
2387 4795 2514 4859 Ita'c,
2542 4811 2655 4848 cum
2691 4791 2876 4846 exirem
2897 4788 2960 4841 de
2993 4783 3244 4855 Egypto.
3279 4782 3333 4836 In
3363 4781 3479 4848 lege
3505 4793 3641 4847 quo-

2053 4908 2156 4964 que
2197 4891 2422 4961 idipsum
2481 4885 2649 4941 facit:
2696 4897 2817 4938 nam
2873 4881 2942 4936 de
2979 4875 3343 4948 primogenitts
3394 4873 3644 4964 loquutus

2053 4960 2238 5043 rursus
2277 4960 2480 5052 i‘adjicit
2536 4995 2552 5033 :
2618 4975 2678 5033 Si
2725 4983 2892 5030 autent
2956 4967 3336 5040 interrogaverit
3394 4974 3441 5019 te
3507 4960 3645 5027 ﬁlius

2057 5088 2192 5144 tuus,
2219 5076 2387 5130 dicens
2407 5089 2426 5128 :
2463 5069 2598 5138 Quid
2627 5070 2720 5123 hoc
2748 5067 2862 5121 est?
2885 5064 3019 5119 dices
3045 5063 3114 5115 ad
3139 5077 3270 5121 eum,
3300 5057 3432 5124 Quia
3457 5053 3513 5114 in,
3531 5067 3645 5104 ma-

2057 5186 2125 5224 nu
2151 5167 2318 5223 valida
2345 5165 2518 5220 eduxit
2543 5179 2633 5216 nos
2661 5160 2908 5215 Dominus
2937 5157 2998 5210 de
3035 5153 3266 5226 Aigypto
3297 5166 3362 5204 ea:
3377 5150 3508 5220 jngo
3539 5161 3648 5198 ser-

2058 5258 2248 5314 uitutis.
2273 5254 2399 5312 Cum
2415 5271 2530 5310 vero
2555 5247 3105 5308 obdurareturPharao
3127 5259 3217 5298 nec
3238 5241 3508 5297 dimitteret
3532 5251 3648 5298 nos,

2060 5351 2243 5406 occidit
2259 5365 2406 5404 omne
2421 5345 2806 5418 primogenitum
2823 5343 2875 5396 in
2888 5351 3021 5396 terra
3030 5335 3248 5407 zEgypti
3261 5350 3290 5386 a
3307 5326 3653 5404 primogenitis

2061 5442 2322 5498 hominum
2347 5455 2502 5510 usque
2517 5437 2586 5491 ad
2609 5433 2940 5508 primooenita
2952 5433 3320 5502 jumentorum.
3342 5419 3544 5474 Idcirco
3559 5431 3654 5486 ego

2125 5557 2141 5590 ¹
2179 5565 2288 5607 Haec
2308 5552 2480 5614 verba,
2502 5556 2552 5602 at
2573 5561 2667 5601 non
2687 5548 2738 5600 in
2759 5545 2906 5612 ﬁnem
2937 5543 3186 5608 emtgiatt,
3211 5541 3259 5589 in
3282 5532 3448 5587 Morel.
3470 5539 3656 5584 tantum

2061 5619 2420 5670 desiderantur.
3182 5663 3194 5674 .
3297 5662 3308 5672 .

2125 5683 2146 5712 ⁸
2179 5687 2306 5738 Haec,
2335 5677 2468 5728 unde
2489 5674 2546 5726 id
2568 5671 2702 5725 nobis
2714 5665 2912 5738 iiuna?
2958 5665 3161 5738 Habent,
3174 5665 3344 5738 iamut,
3366 5659 3658 5738 {togaean

2063 5723 2664 5806 υγορῆιᾶἶςξρἰὀιὶὦίὶίἰιε
2683 5723 2877 5806 absunt,
2896 5723 3292 5806 exceptattorcl.
3317 5737 3330 5774 :
3356 5734 3468 5787 qua:
3488 5725 3657 5783 apem

2067 5789 2508 5869 csi'ititerpblatio;
2533 5808 2685 5864 quare
2708 5795 2897 5846 uncinis
2918 5789 3222 5842 seclusimus.
