4032 6454
488 354 594 409 εει

487 466 694 521 immzlo
741 462 962 519 Domino
996 477 1142 516 omne
1170 461 1507 515 masculinum
1544 459 1841 530 adapericns
1885 459 2081 512 vulvam

488 555 684 626 (Esca.
702 552 954 608 13.8.14.
980 552 1068 620 15)
1096 569 1110 606 :
1132 551 1311 606 omnia
1333 559 1391 605 ut
1410 565 1503 605 eos
1520 550 1585 605 ad
1609 551 1701 604 Dei
1722 548 2083 619 cognitionem

487 645 759 702 adducant
786 643 1001 716 prmcipi
1015 658 1132 699 ens.
1149 643 1255 699 Sed
1273 653 1327 698 et
1343 644 1470 713 ipsis
1486 659 1698 714 quoque
1719 642 1840 696 ﬁliis
1857 641 2083 711 plurima

489 736 631 791 circa
674 749 790 801 eos,
836 735 925 806 qui
953 749 1010 790 se
1037 744 1358 806 genuerunt,
1411 735 1656 803 imperat,
1690 733 1826 788 bene
1866 733 2084 788 allectos

493 829 785 897 houorans,
826 828 1064 899 ingratos
1102 827 1366 896 supplicio
1400 825 1682 883 afﬁciens:
1725 824 1968 879 hacitem
2000 840 2086 877 ra-

492 921 637 977 tione
661 919 903 975 cariores
940 918 1061 973 illos
1091 917 1403 988 parentibus
1430 916 1576 971 facit.
1605 915 1736 970 Nam
1766 915 1809 970 si
1840 915 1959 985 quis
1987 928 2085 967 eu—

485 1011 722 1083 juSpiatn
753 1026 853 1067 nos
893 1011 1245 1066 constitueret
1270 1008 1538 1075 dominos,
1579 1009 1784 1063 honore
1815 1008 1917 1062 isto
1940 1021 2085 1061 sum-

490 1118 635 1158 mam
660 1102 816 1158 nobis
844 1102 1218 1158 necessitatem
1246 1101 1546 1169 imponeret
1584 1115 1650 1153 ne
1672 1099 1819 1152 illum
1848 1098 2085 1168 neglige-

491 1208 678 1250 remus
709 1194 945 1249 :etenim
976 1195 1021 1248 si
1048 1193 1175 1248 nihil
1202 1192 1363 1257 aliud,
1396 1191 1526 1246 illud
1555 1200 1700 1246 certe
1739 1207 1836 1245 nos
1863 1205 2086 1245 exorare

494 1294 699 1357 posset,
728 1284 870 1355 quod
909 1285 1052 1339 illius
1094 1284 1275 1338 omnia
1305 1283 1505 1337 nostris
1536 1282 1586 1336 in
1615 1283 1858 1336 manibus
1883 1290 2084 1345 essent,

494 1393 598 1434 nec
634 1378 788 1432 nobis
826 1377 1090 1432 creditum
1134 1386 1193 1431 ut
1219 1376 1569 1447 proderemns
1599 1389 1846 1443 umquam
1896 1371 2088 1426 adduci

500 1482 801 1539 possemus.
824 1467 958 1522 Cum
983 1476 1161 1521 autem
1184 1474 1368 1537 postea
1387 1467 1547 1520 etiam
1580 1465 1860 1529 irascatur,
1896 1463 2091 1533 magis-

495 1574 600 1629 quc
620 1574 777 1626 quam
801 1559 899 1627 ipsi
916 1557 1256 1613 contumeliis
1278 1556 1413 1618 lazsi,
1438 1555 1763 1625 indignetur,
1788 1567 2089 1624 gravesque

500 1663 689 1720 ptettas
714 1648 895 1714 addat,
926 1647 1052 1703 hinc
1078 1661 1289 1717 quoque
1330 1646 1498 1700 multo
1532 1646 1700 1716 magis
1744 1645 1809 1698 ad
1854 1642 2088 1698 ofﬁcium

499 1741 790 1810 pertrahat.
823 1739 976 1805 Quod
1005 1740 1176 1808 ipsum
1210 1739 1350 1792 Deus
1393 1737 1655 1807 praestitit.
1708 1736 1791 1791 Ad
1818 1736 1934 1790 haec
1964 1750 2090 1791 vero

498 1832 711 1885 tertium
759 1840 962 1884 naturm
1014 1830 1285 1883 vinculum
1315 1828 1578 1898 adjunxit,
1612 1827 1695 1883 sin
1736 1828 1910 1881 mavis
1933 1868 1947 1892 ,
1979 1827 2090 1895 pri-

498 1938 643 1976 mmn
680 1941 694 1977 :
736 1938 799 1976 ac
822 1940 887 1977 ne
916 1923 1057 1979 illius
1074 1921 1141 1975 de
1162 1921 1456 1976 educandis
1483 1920 1663 1974 liberis
1688 1920 1889 1974 monita
1910 1928 2090 1990 patres

497 2021 1145 2083 aspernarentur,natur:e
1167 2011 1371 2066 addidit
1400 2013 1791 2067 necessitatem.
1809 2010 1886 2065 Ne
1913 2020 2090 2066 autem

500 2103 589 2157 illa
620 2102 847 2155 ﬁliorum
878 2102 1088 2171 injuriis
1135 2102 1453 2156 imbecillior
1498 2101 1688 2156 eﬂ'ccta
1730 2109 2088 2171 rumperetur,

499 2205 554 2250 et
573 2210 723 2249 suam
750 2206 804 2249 et
823 2203 1100 2266 parentum
1131 2194 1385 2248 ultionem
1410 2193 1635 2249 ﬁrmiter
1662 2194 1956 2258 constituit,
1989 2193 2092 2248 hoc

498 2287 660 2341 modo
700 2296 755 2341 et
800 2287 920 2341 illos
960 2301 1169 2342 summa
1199 2288 1539 2341 accuratione
1564 2286 1805 2341 subditos
1836 2285 2089 2353 reddens,

499 2390 553 2436 et
579 2379 770 2433 horum
818 2394 942 2447 erga
993 2378 1130 2433 ﬁlios
1172 2394 1413 2433 amorem
1464 2378 1728 2433 excitans.
1775 2376 1961 2449 Neque
1990 2377 2092 2434 hoc

500 2480 736 2536 tantum;
765 2472 858 2526 sed
884 2471 988 2526 alio
1014 2487 1225 2542 quoque
1259 2480 1313 2526 et
1336 2481 1527 2542 quarto
1558 2471 1717 2526 modo
1743 2486 1950 2527 summa
1993 2487 2093 2527 nos

499 2562 604 2615 illis
632 2562 903 2631 diligentia
930 2562 1210 2632 conjunxit
1236 2561 1250 2616 ὲ
1279 2578 1384 2618 non
1417 2571 1617 2617 tantum
1636 2564 1780 2620 enim
1803 2564 1942 2618 ﬁlios
1965 2579 2090 2633 erga

498 2662 745 2721 parentes
771 2655 1006 2723 ingratos
1032 2656 1204 2722 poenis
1224 2652 1412 2720 afﬁcit,
1436 2654 1604 2708 bonos
1619 2664 1799 2708 autem
1819 2653 2092 2723 amplexa-

498 2754 613 2810 tur;
657 2760 841 2800 vermn
874 2745 1004 2814 ipsis
1034 2760 1246 2815 quoque
1285 2745 1596 2814 parentibus
1643 2745 1697 2799 id
1727 2745 1898 2814 ipsum
1942 2745 2087 2812 facit,

495 2818 786 2891 liberorum
838 2837 1140 2905 neglectum
1167 2836 1400 2905 graviter
1435 2835 1718 2901 ulciscens,
1751 2851 1935 2890 eorum
1962 2851 2092 2891 vero

496 2942 679 2982 curam
711 2937 765 2982 et
790 2927 1201 2982 sollicitudinem
1240 2928 1444 2982 honore
1471 2939 1525 2984 et
1548 2928 1795 2984 laudibus
1823 2928 2087 2984 afﬁciens.

497 3016 736 3088 Namque
761 3034 945 3073 senem
980 3019 1129 3073 illum
1153 3021 1363 3075 tametsi
1382 3020 1515 3075 alias
1533 3021 1789 3075 illustrem
1818 3037 1883 3077 ex
1910 3022 2094 3092 hujus-

503 3110 645 3164 modi
690 3121 891 3165 tantum
936 3112 1257 3182 negligentia
1300 3114 1527 3183 punivit,
1579 3113 1931 3184 patriarchatn
1963 3130 2092 3170 vero

498 3216 605 3256 non
636 3202 811 3258 minus
837 3217 903 3256 ex
946 3202 1067 3269 hac,
1120 3217 1279 3273 quam
1321 3218 1385 3258 ex
1433 3203 1553 3258 aliis
1579 3205 1742 3270 curis,
1792 3205 2089 3260 honoravit.

498 3291 633 3349 Cum
672 3295 812 3355 enim
845 3294 1007 3348 multa
1039 3310 1336 3366 magnaque
1361 3296 1501 3352 dona
1531 3295 1640 3361 illa,
1671 3312 1790 3366 quae
1811 3311 1868 3350 se
1894 3295 1967 3351 illi
1992 3296 2091 3350 da-

500 3394 674 3439 turum
716 3385 1086 3454 pollicebatur,
1129 3400 1427 3454 enarraret,
1472 3395 1527 3442 et
1569 3403 1783 3442 causam
1813 3388 2087 3458 adjiceret,

499 3477 639 3532 hanc
662 3477 864 3532 addidit
891 3495 905 3530 :
942 3476 1198 3534 Noveram
1239 3480 1407 3547 enim,
1441 3480 1632 3549 inquit,
1663 3481 1799 3550 quod
1825 3481 2093 3534 constituet

499 3569 755 3622 Abraham
802 3569 923 3638 ﬁliis
951 3569 1076 3635 suis,
1125 3581 1169 3623 et
1198 3570 1371 3624 domui
1400 3587 1508 3625 sua:
1532 3581 1644 3641 post
1684 3588 1814 3637 eum,
1847 3581 1892 3624 et
1917 3582 2089 3625 custo-

499 3661 638 3715 dient
663 3662 768 3715 nias
798 3660 1003 3716 Domini
1033 3661 1148 3728 Dei,
1199 3672 1254 3716 ut
1286 3664 1476 3735 faciant
1494 3664 1748 3735 justitiam
1773 3673 1820 3716 et
1839 3664 2091 3734 judicium

501 3750 653 3824 (Gen.
686 3753 772 3807 18.
803 3752 913 3823 19).
949 3753 1073 3809 Haec
1093 3763 1271 3809 autem
1293 3770 1321 3808 a
1346 3769 1431 3808 me
1453 3769 1595 3808 nunc
1619 3754 1740 3809 ideo
1759 3769 2092 3809 commentus

499 3854 705 3911 rantur,
747 3854 803 3898 ut
828 3844 1096 3899 discamus
1135 3845 1301 3900 Deum
1330 3861 1436 3899 non
1464 3860 1619 3915 sequo
1656 3846 1833 3899 animo
1858 3845 2090 3899 laturum

500 3950 618 3990 esse
638 3936 684 3990 si
714 3936 787 3990 illi
815 3937 1172 4007 negligantur,
1196 3938 1284 4007 qui
1309 3946 1466 3991 tanta:
1493 3937 1593 4007 ipsi
1622 3952 1764 3991 cura:
1795 3945 1939 3992 sunt.
1981 3936 2088 3993 Ne-

499 4042 603 4098 que
628 4029 770 4083 eulm
811 4028 952 4083 idem
1000 4030 1115 4099 ipse
1145 4038 1320 4100 potest
1359 4039 1503 4084 tanta
1536 4044 1632 4098 pro
1660 4030 1870 4096 illorum
1916 4031 2090 4086 salute

500 4118 732 4188 operari,
785 4128 945 4190 atque
988 4120 1034 4175 si
1073 4122 1147 4175 illi
1178 4122 1513 4192 negligantur
1545 4121 1678 4175 nihil
1707 4136 1918 4178 curare.
1969 4121 2088 4178 Non

499 4210 678 4280 itaque
721 4212 983 4282 negliget,
1038 4214 1132 4268 sed
1182 4215 1563 4284 indignabitur,
1615 4213 1709 4268 sed
1744 4214 2089 4270 vehementer

498 4301 780 4370 irascetur,
832 4314 885 4358 ut
915 4319 982 4359 ex
1014 4305 1173 4360 rebus
1205 4305 1335 4376 ipsis
1362 4305 1785 4361 demonstratum
1815 4316 1917 4361 est.
1947 4306 2090 4373 Qua-

503 4403 720 4463 propter
747 4394 932 4449 beatus
961 4396 1154 4451 Paulus
1180 4397 1379 4467 iugiter
1420 4397 1672 4453 admonet
1701 4397 1885 4452 dicens
1914 4414 1928 4450 :
1976 4396 2088 4451 Pa-

500 4496 620 4552 tres,
673 4489 881 4542 cducate
921 4489 1057 4558 ﬁlios
1086 4501 1272 4543 vestros
1306 4490 1359 4543 iu
1398 4488 1667 4558 disciplina
1695 4498 1740 4543 et
1777 4491 2091 4561 correptione

500 4574 705 4631 Domini
753 4576 968 4648 ςΕ’μΙιινδ.
1002 4579 1055 4633 6.
1087 4579 1164 4649 4).
1214 4578 1269 4633 Si
1305 4579 1447 4634 enim
1476 4594 1572 4633 nos
1596 4579 1848 4647 jubctnur
1875 4581 2089 4650 vigilare

501 4684 596 4737 pro
634 4670 912 4722 animabus
945 4683 1132 4725 eorum
1174 4677 1443 4737 tamquam
1492 4670 1754 4722 rationem
1807 4670 2086 4737 reddituri,

499 4757 670 4813 multo
694 4757 859 4827 magis
890 4772 1056 4826 pater,
1083 4759 1171 4829 qui
1202 4759 1406 4828 genuit,
1448 4759 1538 4829 qui
1562 4758 1826 4826 educavit,
1857 4761 1943 4830 qui
1967 4775 2088 4815 eum

500 4848 592 4903 illo
615 4847 757 4902 domi
786 4864 1001 4919 semper
1022 4861 1220 4905 manet.
1250 4852 1707 4920 Quemadmodum
1735 4851 1877 4907 enim
1903 4854 1953 4907 in
1980 4855 2090 4908 suis

498 4938 705 4994 delictis
727 4954 831 4993 non
858 4949 1033 5009 potest
1055 4942 1123 4996 ad
1149 4943 1553 4999 excusationem
1581 4953 1635 4997 et
1661 4944 1866 4998 veniam
1898 4944 2084 4998 confu-

498 5046 643 5100 gere,
675 5031 745 5085 ita
774 5046 872 5086 nec
901 5031 951 5085 in
978 5032 1063 5097 iis,
1085 5050 1203 5103 qua:
1232 5034 1322 5089 ﬁlii
1354 5034 1691 5105 deliquerint.
1718 5034 1878 5104 quue
1906 5049 2089 5089 I'ltt'StlS

498 5122 686 5179 beatus
704 5124 899 5179 Paulus
910 5123 1146 5179 declarat
1162 5127 1207 5198 (l
1221 5165 1236 5180 .
1252 5125 1387 5180 Tim.
1404 5128 1457 5182 5.
1476 5127 1550 5198 4).
1568 5127 1699 5182 Cum
1713 5128 1854 5181 enim
1871 5129 1961 5183 ille
1976 5129 2091 5200 lege

497 5215 733 5270 sanciret
751 5216 1050 5284 cuiusmodi
1078 5232 1199 5272 esse
1227 5218 1487 5272 deberent
1520 5219 1552 5273 ii
1579 5219 1669 5290 qui
1695 5220 1919 5274 aliorum
1944 5224 2093 5292 priu-

495 5307 727 5378 cipatum
771 5307 990 5374 adeunt,
1031 5324 1149 5364 cum
1181 5310 1300 5364 aliis
1328 5311 1596 5378 omnibus,
1629 5328 1746 5382 qua:
1772 5312 1874 5366 illis
1906 5329 2093 5369 neces-

497 5401 638 5455 sario
666 5401 841 5456 inesse
870 5402 1157 5465 debebant,
1183 5401 1414 5458 ﬁliorum
1453 5419 1666 5474 quoque
1691 5421 1873 5459 curam
1901 5408 2088 5475 exigit,

471 5494 646 5556 .quasi
674 5493 814 5547 nulla
832 5494 943 5563 jam
972 5495 1171 5563 reliqua
1203 5510 1327 5566 spes
1353 5495 1522 5550 venia:
1548 5497 1638 5562 sit,
1673 5497 1717 5550 si
1743 5497 1820 5551 illi
1851 5500 2091 5568 perversi

497 5575 697 5636 fuerint
723 5599 737 5636 :
760 5593 813 5638 et
829 5584 953 5655 jure
972 5586 1208 5656 quidem.

577 5671 656 5727 Ea:
682 5678 938 5744 proposito
982 5679 1125 5748 probi
1159 5689 1208 5733 et
1240 5678 1457 5747 improbi
1494 5679 1752 5749 ejiciatur.
1780 5710 1849 5721 -—
1879 5680 2010 5737 Nam
2043 5683 2089 5738 si

504 5772 565 5815 ex
594 5774 779 5819 natura
811 5766 934 5822 vitia
967 5770 1274 5828 hominibus
1296 5770 1558 5841 inessent,
1593 5770 1785 5827 merito
1820 5773 2082 5844 quispiam

1234 346 1291 401 S.
1332 346 1611 403 JOANNIS
1647 341 2123 400 ειιῐιῖευδτολιι
2166 343 2485 401 AltClllEP.
2525 344 3064 404 CONSTANTlNOP.

3703 348 3821 407 556

2188 456 2257 511 ad
2286 458 2684 514 excusationem
2704 458 3014 529 confugeret
3044 478 3057 513 :
3087 459 3337 529 quoniam
3358 468 3545 516 autem
3577 475 3653 515 ex
3688 476 3824 530 pro-

2192 548 2366 617 posito
2404 559 2458 603 et
2498 549 2727 619 improbi
2766 560 2820 606 et
2850 550 3000 619 probi
3037 550 3322 617 efﬁcimur,
3366 566 3527 622 quam
3575 550 3820 605 tandem

2191 640 2280 695 ille
2309 641 2706 696 excusationem
2754 642 2947 711 poterit
2985 641 3300 709 obtendere,
3330 644 3420 712 qui
3459 659 3639 713 quem
3689 659 3822 696 om-

2192 732 2339 785 nium
2381 732 2613 787 maxime
2650 733 2841 803 diligit,
2874 734 3105 802 perverti
3147 744 3306 804 atque
3335 734 3664 803 improbum
3695 733 3821 788 ﬁeri

2193 825 2469 894 permisit?
2490 825 2570 879 An
2599 826 2739 895 quod
2768 827 3001 880 noluerit
3025 842 3147 881 eum
3171 828 3393 896 probum
3423 827 3674 882 reddere
3694 828 3721 881 2
3749 830 3821 882 At

2192 931 2372 981 nemo,
2401 918 2492 987 qui
2537 926 2687 987 pater
2715 918 2802 983 sit,
2840 919 2955 973 haec
2992 918 3218 984 dixerit,
3250 933 3373 973 cum
3404 929 3606 973 natura
3644 915 3821 972 instet

2190 1007 2257 1061 ad
2291 1007 2391 1061 hoc
2413 1006 2646 1062 ofﬁcium
2684 1007 2831 1061 illum
2870 1022 3040 1078 usque
3066 1008 3336 1063 excitans.
3368 1008 3474 1063 Sed
3512 1006 3676 1062 forte
3704 1024 3819 1062 non

2191 1098 2405 1167 potuit?
2433 1098 2618 1168 Neque
2646 1098 2749 1153 hoc
2768 1098 3079 1168 dicipotest
3106 1115 3119 1152 :
3153 1114 3276 1153 nam
3303 1098 3448 1168 quod
3478 1114 3615 1154 eum
3654 1106 3818 1152 tene-

2193 1205 2310 1243 rum
2339 1191 2629 1258 acceperit,
2658 1198 2711 1245 et
2737 1190 2881 1260 quod
2918 1190 3122 1259 primus
3151 1199 3203 1245 et
3242 1190 3390 1245 solus
3424 1191 3476 1244 in
3505 1204 3615 1244 sua
3650 1199 3812 1258 pote-

2192 1290 2331 1336 state
2359 1289 2414 1335 et
2453 1282 2553 1336 sibi
2584 1284 2932 1336 commissum
2971 1280 3242 1347 habuerit,
3283 1295 3615 1351 semperque
3661 1279 3820 1335 domi

2192 1384 2519 1437 versantem,
2561 1374 2714 1429 facile
2756 1389 2820 1429 ac
2864 1373 3012 1429 nullo
3054 1373 3268 1443 negotio
3304 1373 3478 1442 ipsum
3516 1371 3817 1427 moderari

2194 1465 2383 1534 potuit.
2424 1463 2607 1534 Itaque
2641 1464 2785 1518 nulla
2826 1464 2929 1518 alia
2967 1463 3037 1519 de
3076 1477 3234 1518 causa
3266 1462 3502 1533 perversi
3555 1461 3819 1516 evadunt

2196 1557 2369 1620 liberi,
2394 1557 2494 1611 nisi
2515 1559 2656 1626 quod
2685 1567 2862 1627 patres
2887 1557 3026 1612 circa
3051 1557 3334 1628 praesentis
3357 1557 3476 1611 vitae
3500 1555 3814 1610 commoda

2196 1648 2482 1702 insaniant.
2511 1646 2642 1700 Cum
2675 1648 2818 1703 enim
2848 1647 2915 1702 ad
2951 1648 3041 1702 illa
3081 1649 3254 1703 solum
3284 1647 3600 1717 respiciant,
3636 1645 3815 1701 nihil-

2196 1752 2300 1806 que
2343 1736 2449 1792 illis
2482 1738 2872 1806 prteferendum
2909 1748 3185 1806 censeant,
3218 1748 3273 1793 et
3311 1753 3464 1793 suam
3508 1739 3731 1808 pariter
3756 1746 3816 1793 et

2196 1828 2484 1883 liberorum
2525 1830 2758 1884 animam
2798 1831 3068 1900 negligere
3104 1840 3385 1901 coguntur.
3419 1830 3526 1885 Hos
3562 1844 3677 1900 ego
3710 1845 3815 1899 pa-

2197 1927 2324 1983 tres,
2367 1918 2507 1988 quod
2556 1934 2716 1974 nemo
2766 1927 2943 1974 tamen
2985 1936 3071 1975 tne
3114 1921 3191 1974 ira
3239 1927 3574 1974 commotum
3618 1919 3816 1974 dicere

2196 2012 2485 2079 existimet,
2505 2012 2736 2066 ﬁliorum
2757 2013 3083 2067 occisor-ibus
3104 2013 3475 2068 sceleratiores
3499 2027 3634 2068 esse
3651 2012 3814 2066 dixe-

2195 2104 2317 2159 rim.
2347 2103 2426 2157 llli
2461 2105 2604 2159 enim
2635 2119 2829 2173 corpus
2858 2106 2925 2160 ab
2949 2104 3129 2159 anima
3165 2114 3434 2175 separant,
3467 2105 3557 2158 isti
3597 2113 3658 2159 et
3687 2102 3814 2157 ani-

2194 2209 2340 2249 mam
2368 2204 2422 2250 et
2459 2210 2655 2264 corpus
2693 2196 2953 2264 gehennae
2992 2195 3128 2265 ignis
3169 2194 3402 2249 tradunt.
3443 2194 3601 2248 illam
3635 2206 3813 2265 porro

2199 2294 2427 2340 mortem
2470 2288 2696 2340 naturali
2730 2287 2847 2357 lege
2894 2286 3076 2342 subire
3104 2300 3326 2342 necesse
3353 2296 3458 2353 est,
3489 2287 3638 2341 hanc
3670 2299 3810 2342 vero

2194 2377 2434 2447 elfugere
2462 2376 2680 2445 licebat,
2711 2378 2810 2432 nisi
2838 2378 3006 2449 ipsam
3048 2389 3258 2448 patrum
3297 2378 3626 2449 negligentia
3660 2378 3809 2432 intu-

2196 2466 2365 2522 lisset.
2394 2467 2472 2522 Ad
2503 2469 2616 2524 haec
2638 2479 2863 2524 mortem
2885 2470 3124 2539 corporis
3151 2468 3441 2524 adveniens
3463 2469 3808 2524 resurrectio

2195 2562 2302 2616 cito
2329 2560 2511 2616 delere
2542 2563 2769 2631 poterit,
2803 2563 2996 2616 anima:
3024 2576 3151 2615 vero
3178 2561 3449 2616 interitum
3478 2560 3618 2616 nihil
3647 2560 3803 2615 sola-

2195 2654 2339 2710 bitur
2371 2671 2385 2709 :
2418 2669 2591 2724 neque
2620 2654 2762 2709 enim
2790 2654 2937 2709 salus
2976 2653 3119 2708 illam
3151 2663 3435 2722 exceptura
3466 2661 3572 2718 est,
3601 2666 3804 2707 verum

2196 2745 2527 2801 immortales
2552 2745 2641 2800 ille
2668 2761 2853 2819 pennas
2880 2745 3186 2801 necessario
3212 2745 3339 2800 luet.
3363 2744 3544 2814 Itaque
3573 2759 3686 2798 non
3718 2742 3802 2796 iu-

2188 2837 2329 2909 juria
2354 2848 2529 2907 patres
2550 2836 2852 2906 huiusmodi
2877 2837 3107 2892 ﬁliorum
3137 2835 3466 2891 occisor-ibus
3486 2834 3802 2891 deteriores

2194 2946 2317 2987 esse
2344 2930 2663 2986 dixerimus.
2696 2929 2811 2985 Non
2838 2933 2909 2984 ila
2938 2930 3156 2985 crudele
3183 2928 3390 2983 facinus
3415 2936 3516 2992 est,
3544 2927 3793 2998 gladium

2194 3035 2387 3076 acuere
2415 3028 2470 3074 et
2507 3035 2717 3075 armare
2755 3020 3050 3084 dexteram,
3079 3021 3238 3090 inque
3275 3018 3451 3089 ipsum
3484 3018 3580 3073 ﬁlii
3606 3025 3796 3089 guttur

2194 3115 2533 3184 immergere,
2567 3124 2625 3168 ut
2647 3114 2881 3169 animam
2914 3114 3178 3185 perimere
3207 3122 3368 3182 atque
3394 3125 3787 3182 corrumpere:

2196 3222 2370 3276 neque
2397 3205 2542 3260 enim
2568 3205 2693 3261 huic
2718 3204 2942 3260 facinori
2967 3220 3066 3275 par
3095 3203 3369 3274 quidpiam
3397 3211 3500 3257 est.

2265 3299 2319 3357 5.
2355 3297 2496 3353 Varii
2537 3298 2718 3353 salutis
2763 3299 2976 3368 gradus.
3006 3327 3078 3337 —
3102 3295 3241 3364 Quid
3283 3294 3481 3365 igitur?
3518 3308 3589 3348 an
3622 3293 3670 3348 is
3696 3292 3788 3363 qui

2193 3393 2465 3448 civitatem
2490 3391 2695 3458 incolit,
2727 3390 2817 3461 qui
2835 3389 3053 3445 domum
3081 3388 3243 3442 habet
3263 3397 3316 3442 et
3340 3401 3582 3450 uxorem,
3604 3386 3787 3441 salvus

2194 3501 2317 3542 esse
2345 3501 2452 3541 non
2493 3484 2726 3555 poterit?
2754 3483 2895 3540 Sane
2937 3498 3043 3537 non
3079 3495 3216 3535 unus
3244 3479 3432 3534 salutis
3461 3477 3653 3533 modus
3678 3485 3782 3541 est,

2196 3592 2385 3632 verum
2417 3576 2572 3631 multi
2600 3590 2664 3629 ac
2690 3575 2842 3629 varii.
2869 3572 3021 3641 Quod
3064 3571 3280 3641 quidem
3318 3569 3563 3625 Christus
3593 3567 3781 3623 indeﬁ-

2194 3670 2306 3725 nite
2329 3670 2491 3731 dicit,
2524 3668 2721 3723 multas
2750 3666 2957 3721 scilicet
2979 3679 3100 3719 esse
3128 3662 3270 3732 apud
3300 3662 3515 3716 Patrem
3539 3658 3778 3714 mansio-

2194 3775 2290 3815 nes
2312 3758 2660 3828 pronuntians
2679 3774 2692 3823 ;
2709 3757 2904 3811 Paulus
2919 3770 3045 3809 vero
3058 3769 3178 3811 cum
3195 3752 3536 3806 distinctione
3550 3749 3774 3820 quadam

2198 3850 2270 3905 ita
2291 3848 2504 3904 scribit:
2523 3849 2640 3901 Alia
2668 3846 2872 3901 claritas
2898 3846 3040 3911 solis,
3072 3844 3175 3898 alia
3199 3843 3405 3896 claritas
3424 3842 3583 3906 lunw,
3612 3850 3661 3894 et
3681 3839 3773 3892 alia

2193 3941 2401 3995 claritas
2428 3938 2682 3994 stellarum
2705 3953 2724 3991 :
2744 3938 2889 3992 stella
2916 3939 3048 3990 enim
3068 3952 3100 3989 a
3118 3935 3261 3989 stella
3283 3931 3455 4000 dilfert
3480 3931 3775 3987 in-claritate
3864 4001 3871 4009 ι

2196 4032 2273 4102 (ι.
2296 4030 2405 4087 Cor.
2446 4032 2526 4087 l5.
2548 4030 2665 4100 4i).
2690 4028 2841 4096 Quod
2859 4038 3035 4082 autem
3061 4027 3191 4081 dicit
3214 4025 3518 4095 hujusmodi
3545 4033 3629 4079 est
3657 4042 3671 4078 :
3691 4021 3775 4075 alii

2192 4121 2406 4194 quidem
2433 4120 2707 4191 fulgebunt
2728 4131 2785 4173 ut
2804 4120 2904 4183 sol,
2928 4118 3015 4171 alii
3040 4128 3096 4171 ut
3112 4118 3253 4181 Itma,
3273 4116 3361 4169 alii
3384 4126 3440 4169 ut
3464 4114 3653 4169 stellzn.
3675 4110 3777 4167 Sed

2194 4229 2302 4269 non
2320 4214 2405 4269 hic
2420 4216 2567 4268 stetit
2582 4212 2901 4275 differentia,
2921 4211 3015 4266 sed
3032 4212 3084 4265 in
3103 4210 3185 4263 his
3202 4210 3329 4278 ipsis
3348 4223 3590 4278 magnam
3609 4216 3777 4261 osten-

2193 4305 2270 4360 dit
2286 4321 2405 4361 esse
2423 4305 2754 4372 varietatem,
2776 4311 3081 4371 tantamque
3096 4308 3344 4372 quantam
3369 4300 3419 4352 in
3441 4307 3586 4352 tanto
3604 4296 3776 4351 stella-

2194 4411 2313 4450 rum
2341 4410 2564 4450 numero
2589 4395 2895 4462 contingere
2923 4408 3017 4462 par
3036 4401 3136 4446 est.
3167 4389 3332 4446 Stella
3356 4390 3509 4453 enim,
3533 4388 3721 4456 inquit,
3745 4400 3774 4435 η

2192 4489 2341 4544 stella
2356 4487 2523 4554 cli/fert
2544 4488 2593 4541 in
2611 4487 2854 4541 claritate.
2872 4484 3145 4554 Perpende
3164 4483 3323 4553 igitur
3337 4498 3366 4536 a
3382 4482 3510 4537 solis
3530 4478 3776 4548 magnitu-

2194 4580 2319 4635 dine
2347 4579 2414 4634 ad
2439 4578 2675 4632 ultimam
2699 4578 2971 4632 stellarum
2996 4576 3307 4641 decurrens,
3333 4575 3387 4627 in
3407 4581 3535 4643 quot
3557 4568 3777 4640 dignita-

2197 4683 2308 4727 tum
2338 4671 2532 4741 gradus
2557 4669 2851 4724 descendas
2877 4676 3138 4739 oporteat.
3158 4665 3437 4735 Quomodo
3465 4680 3569 4718 non
3590 4663 3776 4717 absur-

2196 4762 2319 4816 dum
2353 4761 2403 4815 id
2431 4760 2608 4823 fuerit,
2631 4760 2771 4830 quod
2801 4761 2845 4814 si
2874 4760 2926 4814 in
2952 4760 3149 4830 regiam
3180 4758 3344 4812 ﬁlium
3371 4756 3620 4820 adducas,
3648 4751 3773 4806 nihil

2196 4870 2302 4907 non
2327 4867 2452 4924 agas
2477 4863 2529 4909 et
2557 4853 2796 4924 patiaris,
2821 4854 3101 4923 ipsumque
3128 4852 3193 4906 ad
3216 4852 3354 4906 idem
3378 4849 3675 4905 faciendum
3701 4847 3776 4899 in-

2195 4945 2380 5010 ducas,
2409 4952 2466 4999 ut
2508 4961 2698 5015 nempe
2727 4946 2835 5016 regi
2875 4961 2904 4999 a
2935 4944 3103 5000 latere
3131 4944 3298 5014 possit
3322 4958 3464 5006 esse,
3499 4956 3599 4996 nec
3628 4955 3689 4995 ea
3713 4938 3773 4992 de

2196 5053 2354 5092 causa
2386 5038 2655 5108 quidpiam
2682 5037 3058 5107 subterfugias,
3085 5051 3188 5090 non
3218 5045 3483 5105 smnptus,
3507 5050 3612 5087 non
3642 5029 3769 5102 peri-

2196 5131 2335 5192 cula,
2369 5148 2473 5185 non
2501 5139 2725 5185 mortem
2754 5131 2955 5200 ipsam;
2983 5146 3102 5185 cum
3132 5140 3307 5183 autem
3342 5127 3574 5182 ctelestis
3601 5122 3768 5179 tnilitia

2198 5223 2352 5279 nobis
2395 5222 2782 5277 consideranda
2827 5231 2882 5276 et
2927 5220 3226 5291 expetenda
3267 5228 3618 5289 proponatur,
3648 5210 3777 5269 nihil

2196 5315 2382 5370 doleas
2417 5315 2461 5368 si
2503 5324 2802 5368 extremum
2830 5313 3083 5368 sortiatur
3116 5313 3314 5376 locum,
3346 5312 3521 5381 sitque
3545 5308 3775 5363 omnium

2198 5406 2559 5463 novissimus?
2587 5406 2806 5472 Verum,
2835 5406 2878 5460 si
2907 5405 2998 5461 tibi
3023 5405 3253 5471 videtur,
3284 5415 3338 5460 et
3364 5405 3468 5459 hoc
3496 5404 3666 5473 ipsum
3694 5399 3773 5453 in-

2198 5501 2507 5571 spiciamus,
2554 5516 2678 5554 num
2722 5499 2787 5565 is,
2829 5500 2917 5570 qui
2964 5499 3017 5554 in
3058 5498 3235 5553 medio
3283 5512 3461 5553 rerum
3511 5502 3763 5551 versatur.

2198 5592 2367 5662 possit
2393 5591 2537 5646 illam
2566 5600 2768 5646 sortem
2798 5589 3041 5662 adipisci.
3085 5590 3278 5645 Beatus
3324 5588 3539 5660 quidem
3584 5583 3769 5640 Paulus

2200 5683 2414 5738 brevem
2444 5682 2510 5739 de
2540 5681 2642 5738 hoc
2681 5683 2999 5737 sententiam
3040 5682 3177 5747 tulit,
3210 5695 3411 5751 eosque
3453 5678 3541 5748 qui
3582 5675 3769 5730 habent

2203 5789 2418 5842 uxores,
2453 5790 2558 5831 non
2584 5774 2736 5830 aliter
2760 5772 2935 5829 salvos
2956 5787 3075 5828 esse
3103 5787 3261 5845 posse
3287 5770 3591 5836 declaravit,
3622 5779 3770 5837 quam
