4032 6402
398 297 504 353 357

395 414 438 465 si
466 429 554 467 eas
584 415 653 469 ita
683 415 935 472 haberent
964 429 1229 492 tamquam
1255 442 1358 478 non
1389 427 1665 494 habentes,
1694 403 1976 484 etiiiundo

398 521 502 557 non
534 505 898 563 abuterentur.
931 511 1038 566 Nos
1065 525 1263 580 autem,
1296 517 1339 570 si
1370 519 1558 586 placet.
1589 520 1688 573 hoc
1712 520 1978 590 disquira—

397 611 534 648 nius.
567 598 792 653 Potesne
815 601 1016 670 dicere,
1043 607 1128 658 vel
1154 615 1204 661 te
1225 621 1476 664 monente
1495 611 1762 667 audivisse
1791 612 1976 677 lilium,

397 689 476 741 vel
508 705 535 742 a
567 691 744 760 seipso
771 693 1056 758 didicisse,
1099 713 1222 753 eum
1262 701 1351 770 qui
1383 701 1560 772 jurat,
1609 703 1815 758 etiamsi
1859 719 1978 758 eum

396 781 601 836 ratione
629 782 789 853 juret,
825 787 991 841 Deum
1021 799 1195 845 tamen
1221 792 1532 849 offendere?
1557 795 1640 850 An
1671 796 1796 851 item
1819 812 1940 850 eum
1962 838 1978 862 ,

395 872 483 937 qui
516 873 824 941 injuriarum
855 880 1166 935 recordatur
1186 924 1200 948 ,
1252 884 1461 939 salvum
1493 901 1615 942 esse
1651 903 1757 941 non
1785 887 1981 958 posse?

395 983 516 1020 nam
556 968 692 1034 Vite,
744 971 942 1042 inquit,
984 977 1358 1035 recordantium
1391 979 1630 1050 injurias,
1674 982 1740 1034 ad
1768 992 1981 1035 mortem

397 1057 578 1126 (Prov.
615 1061 697 1115 1‘2.
730 1062 846 1130 28).
881 1068 962 1119 An
985 1108 998 1130 ,
1031 1069 1170 1135 quod
1203 1070 1523 1124 maledicum
1554 1072 1622 1125 ita
1650 1071 1976 1126 dehonesta-

395 1149 528 1201 vcrit
557 1151 713 1214 Deus,
749 1163 805 1206 ut
830 1170 950 1208 cuin
983 1171 1010 1209 a
1035 1157 1230 1212 divina:
1258 1161 1548 1230 Scriptura:
1571 1162 1799 1217 lectione
1823 1178 1979 1217 arce-

393 1238 513 1290 ret?
539 1256 628 1306 an,
662 1244 800 1309 quod
823 1257 1160 1315 arrogantem
1189 1257 1240 1302 ct
1266 1252 1709 1306 contumeliosum
1739 1254 1805 1307 de
1835 1253 1980 1307 cadis

391 1331 750 1386 cnurbaverit
772 1374 788 1400 ,
839 1345 890 1389 ct
917 1338 1175 1406 gelieume
1207 1339 1343 1409 ignis
1370 1341 1686 1396 tradiderit?
1714 1359 1802 1406 an,
1836 1343 1978 1412 quod

391 1437 513 1474 enin
541 1426 629 1491 qui
658 1423 943 1494 impudicis
973 1429 1192 1497 respicit
1219 1431 1409 1496 oculis,
1443 1433 1593 1502 quasi
1621 1448 1746 1488 vere
1767 1433 1978 1488 adulte-

393 1527 510 1564 rum
540 1517 760 1581 puniat?
786 1520 869 1571 An
899 1517 1147 1588 frequens
1180 1521 1304 1574 illtid
1333 1531 1386 1576 et
1410 1525 1656 1578 omnibus
1679 1525 1832 1579 facile
1855 1540 1979 1594 pec-

391 1613 569 1657 catum
593 1647 608 1670 ,
660 1609 930 1676 proximos
973 1627 1163 1680 nempe
1195 1613 1435 1680 judicare
1459 1625 1513 1669 et
1537 1617 1615 1668 sic
1642 1617 1854 1685 gravius
1879 1616 1978 1670 sibi

393 1698 713 1766 supplicium
740 1701 1032 1768 attrahere,
1064 1715 1122 1758 ut
1157 1705 1363 1776 fugeret
1392 1708 1664 1773 monuisti,
1695 1718 1748 1762 et
1780 1709 1922 1779 leges
1947 1725 1979 1764 a

393 1787 608 1842 Christo
639 1791 738 1846 hac
767 1793 835 1846 de
861 1810 920 1848 re
960 1795 1162 1864 positas
1188 1797 1286 1867 ipsi
1316 1797 1526 1868 legisti?
1549 1816 1614 1852 an
1645 1809 1699 1852 tu
1739 1800 1873 1868 ipse,
1911 1815 1981 1855 ne

389 1881 435 1932 si
458 1883 716 1936 exsistant
735 1885 974 1953 quidem,
999 1889 1178 1943 nosti?
1198 1890 1438 1958 Quonam
1461 1907 1589 1962 ergo
1609 1893 1768 1948 modo
1786 1894 1982 1962 poterit

392 1990 452 2025 ea
484 1973 624 2028 filius
652 1977 908 2044 perlicere
927 2008 951 2043 ,-
971 1996 1199 2050 quorum
1230 1997 1328 2038 nec
1355 1993 1504 2054 pater
1533 1984 1646 2054 ipse
1665 2026 1680 2050 ,
1708 1985 1798 2054 qui
1829 1985 1977 2038 illum

391 2065 608 2120 erudire
647 2067 939 2137 debuerat,
994 2071 1139 2141 leges
1184 2074 1368 2127 novit?
1411 2076 1584 2144 Atque
1627 2077 1828 2129 utinam
1877 2075 1981 2130 hoc

391 2155 566 2208 solum
593 2156 773 2211 danini
804 2159 1053 2226 adesset,
1085 2161 1225 2232 quod
1251 2162 1382 2217 nihil
1411 2165 1541 2219 utile
1568 2174 1744 2235 patres
1770 2165 1978 2220 consilii

390 2246 601 2311 darent,
633 2263 739 2302 non
768 2260 971 2305 tantum
1004 2253 1185 2323 utique
1213 2255 1411 2309 malum
1433 2265 1576 2314 esset
1600 2273 1612 2308 :
1636 2271 1776 2310 nunc
1801 2264 1977 2310 autem

390 2353 483 2390 eos
511 2339 576 2392 ad
602 2343 870 2396 contraria
901 2358 1118 2412 prorsus
1147 2346 1437 2415 impellitis.
1465 2346 1646 2418 Neque
1670 2348 1810 2401 enim
1837 2347 1980 2401 aliud

392 2443 570 2501 patres
599 2434 783 2489 audias
826 2450 944 2490 cum
978 2437 1101 2493 ﬁliis
1136 2446 1397 2504 tractare,
1426 2455 1548 2494 cum
1589 2455 1681 2495 eos
1711 2438 1776 2494 ad
1804 2441 1978 2496 studia

392 2523 658 2576 literarum
703 2524 983 2581 hortantur
1005 2571 1018 2593 ,
1055 2529 1153 2583 nisi
1184 2530 1342 2585 verba
1375 2529 1680 2599 hujusmodi
1709 2549 1720 2584 :
1747 2531 1870 2599 llle,
1899 2532 1981 2587 iii-

388 2615 535 2682 quit,
583 2616 830 2684 humilis,
880 2619 1171 2690 humilique
1215 2621 1336 2677 loco
1375 2632 1570 2690 nat-us,
1620 2623 1977 2693 eloquentiam

390 2708 635 2776 adeptus,
663 2726 902 2766 siiiiiiiios
925 2715 1266 2782 magistratus
1288 2716 1538 2783 obtinuit,
1561 2714 1772 2772 divitias
1791 2719 1979 2788 acqui-

389 2803 513 2853 sivit
541 2802 802 2870 ingentes,
848 2820 1068 2858 uxorem
1116 2806 1266 2860 duxit
1298 2808 1626 2878 opulentam,
1670 2808 1979 2879 splendidas

387 2896 681 2947 construxit
704 2897 869 2961 aedes,
899 2898 1146 2952 omnibus
1170 2901 1358 2954 terrori
1385 2910 1486 2968 est,
1516 2912 1571 2957 et
1597 2901 1764 2972 gloria
1792 2901 1972 2972 fulget.

387 2986 539 3040 Alitis
579 3003 786 3041 rursum
813 3007 826 3042 :
851 2987 976 3052 llle,
1029 2992 1230 3062 inquit,
1262 2993 1448 3048 Latina
1490 2993 1666 3065 lingua
1706 2995 1974 3062 eruditus,

388 3078 441 3130 in
468 3080 612 3148 regia
639 3080 970 3135 clarissimus
990 3095 1092 3149 est,
1116 3095 1413 3155 cunctaque
1443 3086 1584 3139 intus
1614 3085 1972 3140 administrat.

389 3170 458 3225 Et
480 3173 615 3225 alius
640 3173 802 3226 alium
828 3190 1013 3230 rursus
1053 3179 1319 3244 ostendit,
1361 3179 1644 3250 cunctique
1683 3195 1776 3234 eos
1802 3181 1892 3250 qui
1920 3181 1971 3234 in

390 3271 531 3318 terra
559 3264 795 3334 insignes
822 3277 945 3320 sunt
975 3280 1292 3335 memorant,
1320 3271 1613 3324 caelestium
1634 3278 1809 3324 autem
1834 3271 1973 3324 nulla

385 3368 609 3424 usquam
643 3357 870 3420 mentio;
903 3358 1008 3410 imo
1029 3359 1073 3412 si
1095 3360 1214 3428 quis
1235 3361 1321 3413 illa
1344 3376 1768 3418 commemorare
1787 3377 1975 3433 aggre-

386 3443 583 3510 diatur,
617 3456 674 3501 iit
702 3448 791 3517 qui
820 3459 1012 3503 cuneta
1041 3461 1331 3519 pervertat,
1362 3453 1592 3521 ejicitur.

457 3540 510 3593 6.
542 3539 675 3594 Cum
707 3541 867 3611 igitur
895 3558 922 3594 a
956 3544 1216 3614 principio
1249 3548 1362 3599 haec
1393 3545 1498 3599 illis
1520 3545 1780 3600 occinatis
1801 3587 1816 3610 ,
1841 3545 1973 3600 nihil

386 3630 527 3684 aliud
552 3648 646 3686 eos
675 3649 832 3703 quam
863 3635 1100 3689 omnium
1132 3637 1395 3690 malorum
1426 3639 1702 3693 materiam
1726 3640 1932 3694 docetis
1952 3677 1970 3705 ,

384 3725 521 3778 diios
550 3725 966 3782 violeiitissimos
993 3743 1206 3784 amores
1232 3729 1594 3797 insinuantes,
1631 3732 1972 3801 pecuniarum

385 3814 527 3882 dico,
560 3826 614 3870 et
641 3818 730 3887 qui
761 3818 918 3888 longe
935 3819 1164 3890 iniquior
1179 3831 1283 3889 est,
1300 3837 1451 3876 vana:
1472 3821 1749 3893 inanisque
1767 3822 1971 3893 glorize.

385 3902 586 3959 Horum
616 3921 744 3961 vero
773 3907 1030 3964 alteruter
1060 3925 1154 3980 per
1178 3926 1237 3966 se
1275 3911 1422 3966 solus
1445 3923 1635 3966 cuneta
1668 3923 1973 3982 pervertere

384 4003 736 4064 potestzcum
765 4010 942 4054 autem
973 4001 1130 4056 ambo
1161 4001 1213 4054 in
1247 4011 1480 4056 teneram
1504 4003 1714 4072 juvenis
1739 4005 1971 4060 animam

385 4084 696 4154 conﬂuunt,
740 4089 892 4158 quasi
941 4091 1157 4160 quidam
1201 4100 1464 4148 torrentes
1515 4095 1782 4164 conjuncti
1832 4095 1970 4151 bona

383 4179 562 4232 omnia
587 4191 968 4250 corrumpunt,
1016 4192 1216 4237 tantam
1251 4186 1356 4239 vim
1398 4186 1672 4255 spinarum
1702 4188 1717 4219 ¹
1755 4197 1810 4242 et
1846 4205 1968 4244 are-

385 4285 485 4336 nte,
520 4281 716 4327 tantam
745 4275 1025 4328 colliiviem
1053 4276 1452 4344 contrahentes,
1484 4287 1540 4333 ut
1568 4281 1798 4334 animam
1827 4282 1969 4335 illam

385 4361 656 4429 sterilem,
703 4363 1122 4432 infructuosam,
1173 4367 1431 4438 bonisque
1469 4370 1716 4425 omnibus
1749 4387 1968 4427 vacuam

383 4452 638 4509 efficiant.
689 4456 888 4511 llorum
932 4466 1100 4512 testes
1135 4463 1261 4514 esse
1289 4472 1511 4529 possunt
1549 4463 1714 4517 exteri
1755 4479 1970 4534 quoque

383 4545 675 4613 scriptores
697 4563 709 4599 :
732 4563 959 4616 quorum
981 4563 1117 4604 unus
1137 4551 1362 4604 alterum
1383 4550 1628 4606 affectum
1646 4593 1661 4616 ,
1704 4568 1808 4606 non
1849 4569 1969 4608 eum

384 4640 489 4694 alio
511 4643 754 4708 junctum
779 4684 795 4708 ,
828 4642 922 4698 sed
949 4659 1044 4713 per
1074 4659 1132 4700 se
1159 4645 1332 4698 solum
1354 4689 1368 4712 ,
1399 4660 1609 4711 arcem,
1638 4647 1771 4700 alius
1799 4663 1928 4700 vero
1950 4687 1966 4712 ,

383 4743 542 4804 eaput
571 4736 828 4789 malorum
859 4737 1110 4806 appellat.
1143 4738 1294 4803 Quod
1340 4739 1383 4792 si
1431 4750 1734 4808 separatum
1766 4755 1860 4793 arx
1889 4748 1972 4794 est

385 4833 438 4878 et
459 4833 636 4894 caput,
669 4839 788 4879 cum
816 4825 952 4880 alius
979 4827 1137 4896 longe
1162 4827 1378 4896 gravior
1405 4837 1459 4883 et
1491 4830 1756 4898 potentior
1781 4844 1966 4884 acces-

384 4916 536 4982 serit,
561 4918 747 4970 insana
771 4931 963 4986 nempe
992 4917 1177 4987 gloria:
1201 4918 1415 4986 cupido,
1439 4929 1632 4974 etcum
1657 4920 1747 4973 illo
1772 4919 1974 4974 violen-

386 5015 468 5061 ter
497 5008 746 5075 irruerit,
782 5007 1094 5078 radicesque
1129 5010 1399 5077 posuerit,
1428 5020 1586 5079 atque
1609 5011 1823 5080 juvenis
1852 5013 1971 5066 ani-

387 5115 530 5154 mum
571 5101 952 5170 occupaverit,
999 5101 1119 5170 quis
1156 5103 1372 5156 demum
1418 5103 1679 5172 ejusmodi
1723 5105 1970 5160 morbum

387 5207 635 5249 amovere
677 5193 882 5263 possit,
913 5207 1035 5246 cum
1079 5195 1310 5248 maxime
1351 5203 1531 5263 patres
1573 5194 1707 5264 ipsi,
1756 5210 1864 5249 non
1915 5203 1972 5249 ut

388 5284 717 5350 avellantur,
762 5285 856 5339 sed
899 5293 958 5339 ut
988 5283 1222 5338 firmiora
1249 5284 1356 5338 sint
1386 5283 1500 5338 haec
1530 5285 1665 5338 mala
1693 5285 1930 5356 germina
1949 5326 1968 5354 ,

390 5376 522 5430 nihil
553 5392 658 5431 non
689 5388 847 5447 agant
878 5385 931 5432 et
960 5377 1176 5432 dicant?
1222 5376 1352 5443 Quis
1399 5377 1556 5447 igitur
1596 5377 1730 5432 adeo
1777 5379 1970 5433 stultus

389 5478 491 5533 est,
522 5478 580 5522 ut
612 5485 716 5521 non
745 5468 994 5536 desperet
1019 5467 1086 5521 de
1114 5467 1287 5522 salute
1313 5469 1460 5538 pueri
1487 5467 1553 5522 ad
1581 5467 1721 5522 hunc
1752 5469 1967 5524 modum

389 5561 653 5616 instituti?
679 5560 978 5631 Optandum
1005 5568 1087 5615 est
1113 5561 1346 5615 animam
1366 5561 1648 5615 contrariis
1673 5560 1836 5616 rebus
1861 5560 1967 5615 im-

454 5699 469 5726 ¹
505 5704 611 5746 Hine
628 5695 798 5753 verba,
819 5699 998 5743 tantam
1021 5691 1114 5741 vim
1133 5691 1399 5754 sp'marum,
1423 5693 1599 5744 desunt
1633 5694 1682 5742 in
1713 5691 1877 5742 Morel.
1919 5705 1969 5748 et

389 5759 547 5822 Savil.,
569 5759 658 5808 sed
682 5758 919 5804 habentur
943 5757 992 5804 in
1013 5754 1202 5803 duobus
1227 5763 1330 5806 Mss.
1906 5760 1913 5768 '

1091 309 1454 368 Αυγηηδυε
1493 315 2036 374 OPPIIGNATOBES
2063 319 2246 375 “TE
2288 323 2579 379 MONAST.
2612 325 2739 381 LIB.
2783 327 2869 382 111.

3568 332 3671 390 358

2085 432 2262 489 bulam
2283 450 2311 487 a
2335 437 2533 493 malitia
2559 455 2618 493 se
2643 441 2938 498 subducere
2957 459 2971 496 :
2990 442 3202 511 quando
3228 451 3402 498 autem
3432 444 3665 515 undique

2083 524 2309 580 illiciunt
2347 531 2698 598 pecuniarum
2751 535 3006 602 praemia,
3056 545 3111 589 et
3164 535 3410 589 scelerati
3456 538 3554 590 viri
3599 538 3667 591 ad

2085 617 2394 672 imitandum
2425 636 2816 690 proponuntur,
2845 641 3084 692 quamam
3120 626 3308 680 salutis
3333 641 3456 696 spes
3477 643 3668 696 super-

2084 707 2204 760 est?
2230 707 2363 762 Nain
2396 725 2524 777 eos,
2555 713 2642 781 qui
2676 715 3014 782 pecuniarum
3043 731 3228 773 amore
3278 726 3526 772 tenentur
3551 760 3566 782 ,
3617 729 3671 773 et

2086 797 2313 866 invidos,
2342 809 2398 854 et.
2424 802 2693 872 improbos
2721 813 2776 858 et
2797 805 3018 858 multum
3041 806 3303 875 jurantes,
3325 815 3378 860 et
3400 808 3665 876 perjuros,

2083 889 2500 946 contumeliosos
2519 893 2666 958 item,
2693 893 2854 957 fures,
2886 895 3285 961 inverecundos,
3310 898 3664 966 impudentes,

2084 979 2352 1050 ingratos,
2379 983 2610 1053 denique
2634 987 2780 1040 omni
2816 988 3048 1056 nequitia
3085 989 3271 1057 plenos
3302 1005 3422 1044 esse
3447 1003 3668 1044 necesse

2082 1079 2185 1124 est.
2227 1071 2428 1127 Horum
2467 1076 2618 1130 testis
2649 1075 2752 1131 fide
2794 1077 2987 1147 dignus
3011 1089 3095 1133 est
3134 1080 3317 1134 beatus
3356 1080 3550 1134 Paulus
3586 1081 3664 1150 (l.

2083 1158 2216 1214 Tim.
2233 1163 2415 1236 6.10},
2443 1172 2532 1234 qui
2565 1168 2795 1222 radicem
2811 1169 3047 1222 omnium
3065 1170 3327 1224 malorum
3348 1185 3466 1224 esse
3491 1171 3666 1224 avari-

2084 1252 2210 1306 tiam
2246 1255 2417 1310 dixit:
2441 1267 2495 1311 et
2519 1267 2646 1313 ante
2672 1259 2842 1328 ipsum
2870 1260 3112 1317 Christus
3141 1259 3193 1314 id
3222 1260 3393 1330 ipsum
3419 1260 3664 1314 declara-

2083 1353 2232 1397 verat
2259 1343 2471 1416 (Matth.
2518 1345 2572 1402 6.
2614 1347 2745 1417 24),
2787 1365 3106 1406 asseverans
3135 1366 3240 1404 non
3271 1365 3391 1406 esse
3419 1350 3668 1420 possibile

2082 1435 2195 1490 Deo
2219 1439 2421 1494 servire
2445 1455 2567 1495 eum
2592 1483 2607 1506 ,
2637 1443 2727 1512 qui
2758 1442 2831 1496 illi
2857 1443 3046 1498 morbo
3069 1445 3331 1499 scrviret.-
3349 1442 3479 1498 Cum
3512 1443 3669 1514 igitur

2083 1526 2235 1580 initio
2255 1527 2468 1598 juvenis
2493 1532 2558 1586 ad
2588 1531 2727 1588 hanc
2762 1537 2940 1590 statim
2980 1535 3276 1590 adducatur
3314 1537 3622 1591 servitutem
3648 1575 3664 1600 ,

2081 1619 2294 1686 quando
2321 1621 2457 1676 liber
2481 1623 2704 1679 evadere
2736 1627 2961 1694 poterit,
3011 1626 3222 1696 quando
3256 1627 3474 1682 ﬂuctum
3506 1627 3669 1683 susti-

2084 1725 2232 1774 nere,
2258 1713 2508 1768 omnibus
2537 1716 2880 1783 pollentibus,
2913 1719 3164 1772 omnibus
3191 1719 3625 1787 immergentibus
3647 1759 3664 1782 ,

2081 1810 2137 1854 et
2163 1803 2214 1854 iii
2245 1812 2500 1859 extrema:
2528 1807 2914 1862 submersiouis
2939 1811 3311 1864 necessitatem
3337 1809 3506 1878 ipsum
3533 1824 3664 1862 eou-

2081 1893 2469 1948 stitnentibus?
2514 1896 2646 1950 Nam
2684 1899 2764 1964 si,
2805 1901 2954 1953 nullo
2982 1901 3325 1968 periui-baiile
3348 1943 3363 1967 ,
3408 1902 3450 1953 si
3487 1901 3667 1954 multis

2081 1997 2298 2036 manum
2323 1986 2737 2057 porrigentibus,
2771 2005 3044 2060 emergere
3079 1993 3248 2060 possit
3280 2007 3342 2046 ac
3366 1993 3665 2061 respicere.

2081 2074 2438 2147 vitiorumque
2457 2079 2779 2150 salsuginem
2798 2083 3039 2148 abluere,
3062 2099 3236 2136 annon
3258 2084 3490 2152 optabile
3510 2083 3664 2135 illud?

2081 2165 2158 2228 si,
2189 2167 2431 2238 inquam,
2464 2169 2622 2240 longo
2645 2179 2886 2244 tempore
2914 2173 3106 2227 divinis
3133 2183 3444 2228 excantatus
3471 2173 3669 2227 carmi-

2081 2256 2276 2323 nibus,
2335 2258 2631 2316 incidentes
2679 2263 2898 2317 morbos
2952 2263 3119 2332 pOssit
3167 2263 3433 2333 alijicere,
3489 2279 3668 2319 nonne

2083 2345 2419 2416 laudandus,
2481 2366 2658 2406 nonne
2713 2353 2910 2407 millies
2959 2353 3298 2408 coronandus
3351 2355 3476 2409 est?
3528 2355 3664 2408 Dura

2079 2436 2277 2505 quippe
2329 2448 2410 2493 est
2467 2442 2840 2507 consuetudo,
2907 2443 3041 2496 dura
3109 2453 3162 2497 et
3225 2443 3292 2496 ad
3350 2444 3665 2498 viiiceiidam

2080 2529 2500 2600 capiendamque
2543 2534 2774 2586 animam
2819 2542 3158 2603 comparata,
3200 2549 3319 2587 cuin
3369 2536 3664 2604 βττιξειινιίιη

2083 2621 2197 2675 Ιιειιο
2235 2625 2558 2694 voluptatem
2598 2625 2915 2694 adjutricem
2948 2627 3157 2689 haheat,
3192 2627 3278 2680 illa
3309 2643 3436 2680 vero
3463 2626 3664 2686 virtus,

2079 2710 2144 2765 ad
2167 2729 2326 2781 quam
2356 2715 2689 2781 festinamus,
2721 2731 2878 2786 quam
2902 2717 3161 2786 attingere
3187 2717 3462 2771 Studemiis
3482 2757 3495 2780 ,
3525 2718 3666 2769 inul-

2082 2814 2165 2859 tos
2190 2805 2343 2860 nobis
2374 2807 2545 2876 pariat
2573 2807 2802 2862 labores.
2827 2808 3029 2862 Idcirco
3053 2809 3213 2873 Deus,
3247 2808 3505 2874 llebrzeis,
3532 2821 3668 2876 quos

2081 2897 2360 2964 Oportebat
2401 2898 2651 2954 vitiorum
2707 2907 2945 2954 veterem
2995 2898 3432 2953 consuetudinem
3497 2898 3666 2967 depo-

2079 3004 2228 3053 nere,
2254 3005 2371 3060 quae
2399 3006 2590 3061 nempe
2620 2992 2672 3045 in
2703 2988 2937 3062 Egypto
2959 2990 3276 3055 didicerant,
3313 2990 3537 3045 scorsim
3567 2989 3668 3042 ab.

2077 3079 2254 3136 ductis
2284 3081 2336 3135 in
2365 3081 2740 3146 solitudinem,
2771 3091 2826 3135 et
2849 3097 2878 3135 a
2920 3080 3323 3150 corruptoribus
3353 3082 3540 3151 procul
3583 3096 3668 3135 se-

2075 3173 2330 3241 gregatis,
2381 3171 2432 3227 iii
2481 3172 2697 3226 deserto
2737 3187 2838 3227 ceu
2889 3173 2940 3225 in
2988 3171 3220 3241 quodam
3269 3173 3594 3226 monasterio
3646 3175 3664 3204 ⁸

2077 3279 2262 3317 eorum
2305 3263 2614 3320 instituebat
2656 3266 2888 3330 animos,
2935 3264 3078 3318 viam
3121 3280 3336 3318 omnem
3383 3265 3666 3319 medicina:

2078 3363 2308 3418 tentaiis,
2355 3366 2466 3410 tum
2513 3357 2858 3424 asperiorem,
2911 3365 3022 3410 tum
3066 3355 3383 3420 dulciorem,
3427 3355 3666 3424 nihilque

2076 3455 2221 3500 retro
2237 3447 2545 3517 relinquens
2566 3463 2772 3514 eorum,
2791 3463 2910 3517 qtue
2930 3447 2996 3502 ad
3013 3447 3370 3503 valetudinem
3390 3447 3661 3516 profutura

2077 3547 2278 3594 essent.
2309 3539 2496 3610 Neque
2535 3541 2614 3596 sic
2642 3549 2818 3596 tamen
2841 3556 2871 3594 a
2901 3541 3133 3612 nequitia
3165 3540 3537 3604 desciverunt,
3569 3541 3663 3594 sed

2075 3646 2198 3686 cum
2237 3647 2430 3687 manna
2470 3647 2650 3702 cepas,
2687 3633 2848 3700 allia,
2879 3643 3183 3702 czeteraque
3224 3635 3404 3689 omnia
3445 3633 3663 3701 Egypti

2075 3724 2216 3778 mala
2245 3725 2606 3793 requirebant.
2639 3725 2869 3780 Tantum
2915 3726 3113 3780 malum
3160 3736 3243 3780 est
3287 3723 3657 3778 consuetudo!

2076 3816 2278 3873 Deinde
2302 3817 2474 3873 Judzei
2503 3826 2648 3873 tanta
2673 3817 2766 3872 Dei
2791 3833 2916 3872 cura
2939 3817 3200 3879 fruentes.
3233 3827 3340 3871 tam
3370 3816 3584 3886 egregio
3611 3823 3666 3867 et

2075 3925 2337 3980 generoso
2358 3911 2611 3980 magistro
2634 3911 2736 3976 usi,
2755 3919 2810 3966 et
2833 3911 3025 3965 timore
3049 3918 3104 3964 et
3130 3910 3303 3974 minis,
3328 3917 3384 3963 et
3405 3908 3665 3962 benefit-io

2075 4013 2128 4056 et
2156 4003 2418 4073 supplicio
2441 4003 2506 4057 ad
2532 4018 2746 4058 omnem
2776 4004 2992 4056 modum
3025 4003 3248 4057 instituti
3274 4044 3290 4068 ,
3332 4012 3408 4056 tot
3431 4017 3662 4069 conspe-

2074 4095 2173 4148 ctis
2190 4095 2472 4165 prodigiis,
2493 4111 2598 4149 non
2617 4097 2684 4150 ad
2704 4097 2974 4150 meliorem
2994 4111 3052 4150 se
3077 4095 3279 4165 frugem
3304 4103 3619 4162 receperunt
3645 4111 3660 4147 ε

2075 4195 2129 4240 tu
2157 4202 2286 4241 vero
2315 4187 2481 4241 filium
2512 4197 2659 4242 tuum
2687 4189 3080 4244 adolescentem
3121 4189 3174 4242 in
3207 4189 3380 4244 media
3410 4188 3660 4259 Egypto,

2075 4278 2182 4330 imo
2205 4280 2253 4331 iii
2281 4279 2472 4332 mediis
2498 4279 2697 4334 diaboli
2742 4282 2933 4336 castris
2961 4290 3288 4342 versantem,
3331 4279 3661 4348 nullumque,

2072 4369 2162 4436 qui
2210 4369 2352 4438 quod
2396 4369 2525 4424 utile
2567 4370 2637 4423 sit
2678 4371 2957 4425 consilium
3005 4371 3115 4434 det,
3170 4370 3495 4434 audientem,
3549 4385 3668 4423 omc

2073 4475 2276 4529 pesque
2299 4475 2360 4514 se
2388 4461 2453 4514 ad
2482 4465 2749 4517 contraria
2769 4463 3028 4518 ducentes
3053 4462 3344 4528 videntem,
3370 4462 3665 4530 imprimis-

2072 4567 2177 4620 que
2206 4561 2454 4621 parentes
2483 4563 2538 4606 et
2566 4553 2851 4608 eductores
2877 4569 3036 4616 suos,
3069 4562 3223 4623 putas
3278 4568 3435 4622 posse
3463 4552 3665 4606 diaboli

2075 4644 2295 4713 laqueos
2321 4645 2592 4714 effugere?
2619 4644 2792 4713 Unde,
2823 4645 3038 4715 qiiarso?
3065 4661 3189 4699 niim
3214 4661 3280 4698 ex
3311 4644 3665 4698 hortamentis

2077 4737 2180 4788 tuis
2204 4735 2227 4786 ?
2252 4736 2410 4805 Atqui
2435 4746 2491 4789 tu
2522 4736 2588 4789 ad
2617 4738 2884 4791 contraria
2928 4751 3148 4798 evocas,
3179 4750 3246 4790 ne
3276 4750 3370 4804 per
3397 4736 3663 4788 somnium

2074 4826 2290 4896 quidem
2321 4842 2441 4881 eum
2470 4826 2821 4897 philosophiae
2857 4827 3168 4881 meminisse
3208 4824 3538 4889 concedens;
3571 4825 3664 4878 sed

2077 4919 2204 4974 dum
2252 4919 2392 4973 hanc
2434 4918 2600 4973 vitam
2646 4918 2868 4988 ejusque
2912 4918 3195 4973 commoda
3241 4917 3384 4970 ultro
3424 4917 3666 4984 citroque

2074 5027 2256 5067 versas
2277 5051 2292 5076 ,
2326 5013 2376 5066 iii
2408 5011 2733 5066 decumanos
2760 5011 2908 5065 illum
2950 5009 3290 5079 majoresque
3317 5007 3511 5062 fluctus
3535 5021 3666 5060 con-

2069 5105 2212 5174 jicis.
2243 5103 2378 5158 Niim
2418 5119 2488 5158 ex
2511 5103 2841 5172 semetipso?
2866 5101 3118 5158 Profecto
3155 5101 3368 5168 juvenis
3413 5114 3520 5153 non
3564 5097 3663 5150 sibi

2074 5197 2173 5267 ipsi
2201 5198 2334 5251 satis
2376 5205 2460 5251 est
2485 5197 2552 5250 ad
2583 5196 2833 5250 virtutem
2871 5194 3226 5250 exercendam
3258 5211 3272 5247 :
3314 5191 3410 5248 sed
3453 5189 3664 5244 etiamsi

2073 5287 2202 5358 quid
2236 5303 2301 5343 ex
2331 5289 2511 5358 seipse
2537 5295 2815 5343 strenuum
2842 5286 3044 5357 pariat,
3073 5295 3356 5354 antequam
3384 5282 3435 5337 id
3463 5281 3664 5352 germi-

2075 5389 2188 5442 net,
2235 5380 2452 5434 assiduo
2494 5379 2778 5435 verborum
2820 5387 3031 5433 tuorum
3077 5377 3250 5432 imbre
3293 5372 3660 5428 sulfocabitur.

2073 5472 2532 5540 Quemadmodum
2559 5473 2701 5528 enim
2743 5486 2965 5542 corpus,
2997 5468 3140 5540 quod
3166 5467 3484 5523 salutaribus
3528 5466 3664 5521 cibis

2076 5579 2184 5619 non
2215 5564 2424 5630 fruitur,
2449 5565 2543 5620 sed
2573 5563 2930 5619 insalubribus
2953 5562 3130 5629 alitur,
3159 5576 3226 5615 ne
3256 5575 3421 5631 parvo
3445 5559 3659 5631 quidem

2140 5764 2158 5799 ί
2193 5765 2366 5826 Verba,
2391 5765 2440 5813 tu
2472 5763 2679 5824 deserto,
2717 5763 2766 5812 in
2797 5758 2961 5810 litorei.
2985 5757 3090 5808 solo
3110 5756 3310 5807 desunt.
