4032 6444
337 350 454 409 359

356 473 598 535 tempore
623 461 916 519 subsistere
948 462 1122 530 valet,
1150 463 1229 518 sie
1253 476 1356 519 nec
1376 463 1553 518 anima
1583 461 1677 521 his
1707 461 1944 516 instituta

352 562 409 608 et
449 553 675 622 imbuta,
703 561 981 608 strenuum
1018 552 1146 623 quid
1175 561 1268 609 aut
1291 567 1543 624 magnum
1582 553 1819 623 cogitare
1847 566 1947 622 po-

355 644 502 711 terit,
535 644 627 699 sed
665 657 886 700 necesse
915 651 999 698 est
1021 658 1140 699 eam
1168 651 1225 700 et
1268 641 1572 714 languidam
1616 650 1673 697 et
1699 640 1946 704 mollem,

358 739 594 807 nequitia
621 751 721 792 ceu
750 736 979 807 quadam
1009 746 1159 807 peste
1184 735 1400 791 assidue
1425 735 1718 801 detentam,
1749 734 1828 790 sic
1855 732 1953 789 de-

360 843 506 882 mum
536 827 588 881 in
613 828 913 898 gehennam
941 828 1071 881 etin
1098 826 1389 898 perniciem
1416 825 1593 895 dejici.

433 919 485 971 7.
513 917 759 973 Parentes
804 933 943 991 erepo
966 918 1276 973 contrariam
1302 916 1604 987 euangelica:
1629 915 1953 985 disciplinam

362 1011 485 1081 filiis
513 1011 742 1066 tradunt.
768 1041 843 1055 -—
868 1011 964 1067 Sin
990 1020 1046 1067 tu
1071 1011 1220 1068 dicas
1236 1052 1252 1078 ,
1275 1027 1382 1067 non
1408 1011 1479 1066 ita
1505 1026 1566 1068 se
1588 1025 1702 1066 rem
1730 1009 1952 1066 habere.

366 1118 633 1175 posseque
664 1103 717 1158 in
747 1104 927 1160 medio
954 1119 1134 1160 rerum
1164 1112 1467 1160 versantem
1505 1103 1759 1173 virtutem
1798 1117 1955 1157 exer—

365 1210 492 1251 cere
519 1211 757 1262 omnem,
789 1211 961 1267 neque
986 1196 1176 1252 ludens
1203 1196 1300 1253 sed
1325 1197 1469 1252 serio
1494 1197 1565 1261 ita
1596 1178 1859 1267 loquaris,
1889 1209 1957 1250 ne

365 1296 442 1352 te,
469 1303 684 1359 quasso,
739 1287 914 1360 pigeat
941 1288 1082 1345 hanc
1105 1304 1298 1344 novam
1342 1304 1442 1344 nos
1479 1300 1638 1359 atque
1665 1287 1954 1343 inauditam

358 1377 566 1434 docere
589 1378 928 1450 disciplinam
955 1397 968 1434 :
994 1395 1166 1451 neque
1181 1381 1327 1436 enim
1354 1379 1512 1435 velim
1530 1388 1735 1433 temere
1753 1386 1959 1433 tantum

370 1471 504 1526 mihi
551 1473 750 1541 negotii
791 1485 1101 1537 assumere,
1131 1487 1306 1543 neque
1332 1480 1410 1527 tot
1435 1470 1593 1526 bonis
1634 1468 1830 1525 frustra
1872 1483 1962 1523 ca-

372 1577 512 1616 rere.
546 1561 740 1617 Verum
767 1562 819 1618 id
843 1562 1086 1619 ediscere
1132 1563 1437 1618 nullatenus
1465 1575 1713 1632 possum;
1737 1560 1789 1615 id
1817 1560 1960 1614 enim

372 1666 478 1707 non
511 1654 818 1725 permittitis
839 1667 936 1709 vos
963 1673 977 1710 :
998 1662 1158 1724 atque
1180 1652 1304 1707 huic
1328 1652 1609 1707 sententiae
1633 1659 1688 1706 et
1705 1650 1888 1706 verbis
1908 1658 1964 1705 et

372 1746 538 1815 gestis
567 1745 905 1816 repugnatis,
933 1753 988 1800 et
1011 1744 1278 1800 contraria
1316 1742 1523 1799 docetis
1550 1758 1567 1800 :
1610 1741 1871 1813 siquidem
1901 1755 1966 1796 ac

373 1837 418 1891 si
448 1835 623 1892 dedita
643 1851 807 1908 opera
828 1834 968 1893 ﬁlios
1019 1835 1246 1908 perdere
1264 1835 1545 1902 studeatis,
1567 1834 1648 1890 sic
1668 1833 1760 1888 illa
1784 1831 1964 1888 omnia

378 1929 660 1998 prtecipitis
687 1930 766 1984 eis
784 1971 800 1994 ,
827 1943 948 2001 quae
989 1929 1080 1998 qui
1110 1938 1481 1999 exsequuntur
1517 1928 1746 1983 salutem
1776 1939 1968 1980 conse-

377 2018 469 2087 qui
497 2033 602 2072 non
635 2025 879 2089 possunt.
927 2018 1061 2074 Rem
1092 2018 1253 2073 altius
1291 2017 1594 2074 considera.
1635 2016 1744 2082 Vw,
1773 2015 1966 2086 inquit.

377 2108 659 2163 ridentibus
698 2107 854 2179 (Luc.
905 2109 959 2164 6.
999 2108 1091 2163 24.
1132 2118 1182 2162 et
1225 2108 1424 2180 seqq.);
1473 2123 1569 2162 vos
1610 2116 1787 2162 autem
1840 2106 1971 2176 ipsis

382 2202 575 2255 multas
623 2201 875 2271 prmbetis
914 2199 1119 2256 ridendi
1157 2202 1471 2255 occasiones
1512 2218 1526 2253 :
1564 2198 1655 2254 Vae
1696 2199 1972 2264 divitibus;

381 2306 478 2347 vos
507 2306 636 2347 vero
665 2301 722 2346 ut
748 2291 1024 2362 pecuniosi
1055 2291 1164 2346 sint
1187 2301 1379 2346 cuncta
1410 2288 1669 2345 molimini
1695 2307 1710 2345 :
1750 2288 1837 2344 νω
1858 2304 1973 2342 cum

382 2382 725 2436 benedixerinl
753 2380 893 2436 vobis
931 2398 1104 2436 omnes
1131 2381 1392 2447 homines;
1419 2394 1517 2435 vos
1544 2390 1722 2436 autem
1753 2394 1851 2449 pro
1878 2393 1976 2448 po-

385 2474 554 2543 pulari
581 2488 708 2528 aura
738 2472 1015 2529 facultates
1038 2488 1181 2544 saepe
1205 2487 1395 2529 omnes
1422 2472 1713 2529 et'funditis.
1741 2473 1972 2529 Rursum

386 2566 454 2631 is,
481 2566 570 2634 qui
602 2564 750 2620 fratri
789 2565 1168 2621 contumeliam
1198 2562 1393 2630 infert,
1430 2580 1556 2620 reus
1582 2572 1666 2620 est
1685 2564 1973 2634 gehenna',

387 2672 588 2727 vosque
628 2665 805 2712 tamen
845 2666 902 2712 et
928 2656 1226 2712 imbecillos
1270 2665 1326 2711 et
1365 2655 1586 2711 timidos
1609 2670 1731 2710 esse
1779 2656 1977 2725 putatis

386 2761 503 2814 eos,
530 2746 619 2816 qui
651 2747 810 2803 tacite
834 2747 1008 2802 illatas
1032 2746 1133 2802 sibi
1159 2747 1229 2801 ab
1256 2746 1374 2802 aliis
1398 2746 1753 2802 contumelias
1780 2744 1976 2800 ferunt.

376 2837 547 2894 Jubet
571 2839 814 2894 Christus
838 2854 1041 2909 pugnas
1068 2848 1125 2894 et
1141 2839 1260 2893 lites
1280 2847 1656 2903 contemnere;
1676 2853 1772 2893 vos
1800 2845 1979 2892 autem

380 2930 510 2984 illos
535 2930 587 2985 in
617 2929 699 2984 his
723 2943 939 3000 semper
959 2929 1114 2983 malis
1140 2929 1340 2984 versari
1372 2929 1590 2984 curatis.
1618 2927 1842 2983 Oculum
1866 2929 1976 2993 ille,

272 3028 303 3048 ί
384 3021 439 3074 si
482 3030 695 3084 noceat,
744 3034 937 3075 eruere
979 3035 1123 3091 saepe
1157 3018 1342 3089 jubet;
1375 3027 1429 3073 at
1471 3032 1568 3073 vos
1611 3031 1707 3073 eos
1748 3018 1981 3073 maxime

400 3112 546 3167 vobis
570 3112 870 3167 conciliatis
905 3113 1138 3177 amicos,
1179 3111 1268 3182 qui
1309 3112 1516 3182 possint
1561 3110 1811 3181 pecunias
1835 3125 1980 3181 prte-

396 3201 558 3269 bere,
593 3202 804 3259 etiamsi
834 3211 1129 3258 extremam
1161 3200 1450 3272 nequitiam
1473 3201 1720 3257 doceant.
1743 3200 1978 3257 Uxorem

395 3300 677 3374 repudium
700 3315 803 3355 non
827 3297 1108 3369 permittit,
1134 3308 1495 3370 praeterquam
1526 3296 1579 3351 in
1602 3297 1712 3351 sola
1734 3295 1979 3351 adulterii

393 3399 808 3458 causa;-at‘vos
850 3391 974 3447 dum
1021 3390 1275 3460 pecunias
1324 3389 1605 3460 acquirere
1647 3389 1831 3454 liceat,
1880 3387 1985 3444 hoc

402 3493 724 3553 mceptum
749 3482 1026 3552 despicere
1046 3482 1271 3537 docetis.
1295 3479 1674 3551 Jusjurandum
1693 3488 1838 3533 vetat
1863 3494 1983 3532 om-

394 3591 630 3641 ne;-.vos
667 3575 713 3629 si
738 3590 897 3645 quem
930 3574 979 3630 id
1007 3589 1224 3630 servare
1265 3574 1544 3639 videritis,
1573 3575 1735 3629 etiam
1776 3573 1983 3630 ridetis.

399 3668 503 3734 Qui
535 3666 926 3738 antat,=inquit,
967 3667 1192 3720 animant
1225 3683 1394 3732 suam,
1441 3666 1616 3736 perdet
1652 3682 1766 3720 eam
1806 3664 1986 3737 (Jonn.

401 3759 491 3815 12.
520 3757 613 3830 25)
638 3774 653 3822 ς
685 3774 778 3813 vos
799 3758 864 3812 ad
897 3759 1040 3814 hunc
1062 3773 1300 3813 amorem
1330 3759 1450 3813 illos
1476 3774 1691 3829 semper
1712 3757 1982 3813 inducitis.

402 3848 465 3901 Si
493 3865 595 3902 non
627 3848 943 3913 remiseritis,
975 3848 1184 3918 inquit,
1224 3849 1510 3903 hominibus
1554 3859 1758 3919 peccata
1778 3890 1793 3915 ,
1831 3865 1990 3912 neque

394 3937 539 3991 nobis
564 3938 781 3992 remitte:
803 3936 960 3991 Pater
985 3947 1145 3992 uester
1170 3938 1384 3993 celestis
1414 3937 1625 4009 (Matth.
1655 3938 1709 3996 6.
1743 3939 1865 4009 li);
1892 3954 1988 3993 vos

403 4028 512 4087 illis
555 4031 919 4101 exprobratis,
946 4045 1070 4086 cum
1121 4045 1239 4094 eos,
1267 4031 1447 4102 quise
1490 4031 1750 4097 lmserint,
1804 4032 1987 4087 ulcisci

404 4122 618 4191 nolunt;
649 4134 812 4194 utque
836 4123 886 4178 id
913 4133 1118 4179 mature
1143 4133 1399 4193 przcsbtre
1440 4124 1644 4195 possint
1687 4125 1806 4180 illos
1833 4125 1989 4180 insti-

399 4216 573 4272 toitis.
624 4215 821 4272 Gloria:
865 4215 1087 4287 cupidos
1130 4217 1311 4271 omnia
1357 4215 1555 4271 frustra
1599 4231 1758 4288 agere
1810 4215 1993 4272 docuit

404 4305 670 4372 Christus,
699 4309 813 4363 sive
844 4308 917 4363 illi
958 4307 1347 4378 jejunaverint,
1380 4309 1499 4363 sive
1538 4309 1808 4363 oraverint
1827 4347 1844 4374 ,
1872 4308 1992 4363 sive

409 4399 610 4454 tniserli
636 4399 864 4463 fuerint;
887 4408 942 4453 at
965 4414 1061 4453 vos
1089 4409 1146 4451 ut
1176 4399 1320 4454 illam
1348 4408 1702 4469 assequuntur
1727 4400 1857 4454 nihil
1886 4416 1991 4455 non

405 4492 580 4560 agitis.
613 4491 815 4561 Ecquid
844 4505 979 4558 opus
1006 4490 1185 4542 omnia
1226 4490 1494 4560 persequi,
1522 4505 1646 4545 cum
1684 4506 1844 4559 supra
1875 4507 1988 4545 me-

406 4591 612 4639 morata
636 4584 946 4636 innumeras
962 4579 1456 4652 gehennasvinferre
1475 4581 1699 4650 possint;
1720 4596 1817 4637 nec
1833 4582 1996 4638 modo

408 4673 588 4728 omnia
627 4672 809 4738 simul,
852 4671 947 4727 sed
986 4684 1232 4727 seorsum
1272 4671 1517 4741 singula?
1559 4674 1629 4725 At
1672 4687 1769 4727 vos
1816 4674 1993 4727 omnia

410 4765 568 4820 simul
592 4774 867 4833 congesta,
898 4773 954 4819 et
979 4761 1321 4841 intolerabile
1349 4771 1692 4832 peccatorum
1725 4779 1862 4817 onus
1890 4765 1994 4816 im-

412 4863 706 4925 ponentes,
726 4854 814 4909 sic
839 4854 890 4908 in
912 4853 1140 4909 ﬂuvium
1189 4853 1403 4924 igneum
1436 4853 1744 4909 immittitis.
1772 4854 1997 4920 Quando

409 4948 636 5003 salutem
669 4945 902 5000 nancisci
941 4953 1192 5015 poterunt
1230 4954 1431 4999 tantam
1473 4943 1704 5000 ferentes
1744 4945 1881 5014 ignis
1905 4959 1997 4999 es-

410 5039 567 5096 cam?
592 5038 777 5106 Neque
819 5038 870 5093 id
896 5036 1232 5093 solummodo
1273 5052 1436 5108 grave
1465 5030 1582 5100 est,
1612 5035 1753 5105 quod
1801 5035 1998 5090 Christi

414 5130 693 5201 prtem-ptis
713 5130 981 5184 contraria
1009 5128 1247 5184 doceatis
1266 5169 1280 5190 ,
1308 5128 1403 5183 sed
1432 5127 1573 5198 quod
1604 5128 1880 5197 prmclaris
1907 5140 2001 5196 ap-

415 5221 794 5290 pellationibus
816 5218 944 5275 vitia
975 5219 1260 5290 ablegatis,
1294 5219 1659 5288 hippodromis
1681 5233 1745 5272 ac
1776 5218 2000 5273 theatris

410 5313 605 5383 jugiter
622 5312 886 5368 interesse
898 5310 1253 5367 urbanitatem
1267 5320 1541 5371 vocantes,
1560 5309 1772 5364 divitias
1786 5308 2003 5363 liberta-

416 5413 546 5469 tem,
563 5405 747 5472 glorise
760 5419 1000 5460 amorem
1023 5403 1534 5474 magnanimitatem,
1552 5402 1913 5472 arrogantium
1934 5402 2002 5454 li-

414 5496 647 5560 duciam,
668 5496 1095 5568 prodigalitatem
1128 5495 1537 5557 humanitatem,
1558 5494 1867 5563 iniustitiam
1889 5492 2001 5548 for-

418 5587 718 5643 titudinem.
744 5588 944 5644 Deinde
966 5630 983 5655 ,
1032 5587 1185 5658 quasi
1217 5586 1332 5640 haec
1356 5584 1567 5639 fallacia
1599 5599 1704 5637 non
1727 5582 1957 5638 sufficiat
1982 5622 2002 5646 ,

420 5681 666 5736 virtutem
693 5696 904 5750 quoque
931 5678 1216 5735 contrariis
1243 5675 1549 5731 nominibus
1576 5674 1781 5729 vocatis
1809 5713 1825 5739 ,
1868 5683 2004 5729 tem-

419 5771 716 5843 perantiam
740 5770 1070 5839 appellantes
1097 5769 1448 5824 rusticitatem
1469 5808 1485 5836 ,
1513 5765 1831 5823 modestiam
1862 5765 2003 5819 timio

1061 346 1118 407 8.
1141 346 1276 407 ..ΙοΑ
1284 345 1438 408 NNIS
1474 347 1948 407 CHRYSOSTOMI

2085 346 2301 425 ειπερ.
2342 347 2884 407 CONSTAN'I‘INOP.

3520 352 3628 410 360

2053 461 2295 528 ditatem,
2317 461 2583 534 justitiam
2611 463 3052 527 imbecillitatem.
3076 473 3441 534 contemptum
3466 465 3631 522 fastus

2051 553 2300 608 servilem
2350 554 2631 621 animum,
2684 555 2994 624 iniuriarum
3037 555 3372 611 tolerantiam
3408 557 3635 612 inﬁrmi-

2054 653 2217 699 tatem
2245 662 2258 697 :
2309 660 2373 700 ac
2399 645 2442 700 si
2474 646 2725 700 metuatis
2771 662 2839 701 ne
2870 687 2886 712 ,
2918 647 2962 701 si
3000 647 3070 701 ab
3098 647 3216 701 aliis
3236 664 3417 702 veram
3448 650 3638 703 hormn

2068 734 2462 803 ippellationem
2489 736 2754 790 audierint
2782 736 2873 791 lilii
2904 737 3065 791 vestri
3088 778 3104 804 ,
3134 738 3424 808 perniciem
3452 739 3641 808 hujus—

2057 824 2201 879 modi
2230 823 2453 895 fugiant.
2479 825 2660 895 Neque
2679 826 2820 881 enim
2845 842 3031 896 parum
3060 826 3271 882 confert
3299 828 3368 882 ad
3389 829 3641 883 vitiorum

2057 917 2391 973 aversionem
2417 959 2432 982 ,
2459 919 2504 972 si
2532 920 2688 975 nudae
2708 929 2761 974 et
2780 921 3009 989 propria;
3043 934 3229 975 eorum
3259 921 3644 990 appellationes

2059 1008 2430 1077 proferantur;
2472 1010 2565 1064 sed
2596 1019 2799 1065 tantum
2828 1011 2878 1065 id
2902 1010 3061 1065 habet
3089 1012 3300 1067 roboris
3322 1012 3389 1068 ad
3416 1027 3652 1083 peccan-

2060 1099 2192 1153 tium
2232 1101 2441 1155 animos
2467 1101 2734 1157 feriendos
2764 1144 2778 1168 ,
2808 1111 2865 1157 ut
2887 1102 3127 1174 plerique
3154 1120 3297 1173 sa-pe
3326 1106 3652 1176 turpissimis

2062 1192 2299 1263 insignes
2322 1193 2462 1250 vitiis
2491 1235 2508 1262 ,
2538 1209 2596 1248 se
2622 1195 2691 1248 ita
2719 1196 2897 1250 vocari
2928 1213 3034 1251 non
3064 1196 3294 1252 libenter
3316 1197 3521 1262 ferant,
3552 1198 3653 1255 sed

2063 1283 2200 1339 adeo
2229 1286 2451 1340 saeviant
2473 1296 2529 1341 et
2552 1285 2894 1357 indignentur
2926 1329 2944 1354 ,
2974 1303 3037 1343 ac
3059 1289 3104 1343 si
3125 1289 3470 1345 acerbissima
3498 1300 3655 1361 pate-

2063 1386 2271 1434 rentur.
2298 1377 2356 1434 Si
2382 1380 2503 1449 quis
2528 1379 2882 1436 adulteratam
2912 1382 3228 1447 mulierem,
3270 1391 3324 1438 et
3351 1391 3655 1452 stupratum

2066 1485 2289 1540 puerum
2317 1486 2384 1527 ex
2411 1472 2718 1542 turpissimo
2737 1482 2858 1528 actu
2886 1475 3177 1542 vocaverit,
3198 1475 3659 1530 irreconciliabilis

2067 1563 2301 1620 efﬁcitur
2328 1564 2575 1620 inimicus
2603 1605 2618 1630 ,
2649 1574 2831 1635 utpote
2852 1567 2939 1637 qui
2963 1581 3154 1638 magna
3179 1566 3417 1623 ati'eeerit
3438 1567 3656 1636 injuria.

2071 1656 2254 1727 Neque
2289 1657 2386 1711 bos
2426 1665 2631 1713 tantum
2657 1698 2673 1724 ,
2726 1657 2821 1712 sed
2863 1662 3022 1712 etiam
3053 1674 3308 1724 avarum,
3339 1659 3614 1714 ebriosum
3641 1699 3661 1725 ,

2071 1759 2411 1821 arrogantem
2442 1790 2457 1815 ,
2508 1750 2830 1820 demumque
2856 1765 3042 1805 omnes
3061 1751 3379 1822 gravissima
3404 1760 3665 1819 operatus

2071 1842 2253 1898 videas
2281 1884 2299 1911 ,
2347 1856 2453 1898 non
2484 1851 2591 1897 tam
2614 1841 2681 1897 de
2710 1842 2826 1911 ipso
2854 1857 3018 1913 opere
3043 1884 3059 1907 ,
3102 1842 3351 1912 vulgique
3397 1843 3658 1913 opinione

2074 1934 2194 2005 angi
2219 1944 2268 1990 et
2295 1933 2500 1999 dolere,
2530 1948 2690 2004 quam
2714 1934 2782 1988 de
2805 1931 3098 1988 facinorum
3126 1932 3448 1988 nominibus.
3466 1932 3670 1987 Multos

2078 2040 2239 2095 porro
2254 2026 2377 2082 novi
2394 2026 2496 2082 hoc
2515 2025 2826 2081 emendatos
2843 2025 3021 2091 modo,
3041 2024 3132 2096 qui
3148 2025 3447 2095 opprobriis
3475 2023 3667 2080 mode-

2077 2118 2303 2173 ratiores
2331 2127 2638 2172 evaserunt.
2663 2121 2731 2172 At
2757 2133 2851 2172 vos
2891 2119 2994 2173 hoc
3022 2116 3271 2173 solatium
3303 2125 3463 2187 atque
3491 2131 3673 2171 reme-

2078 2208 2226 2264 dium
2277 2208 2612 2265 sustulistis:
2665 2210 2914 2280 quodque
2952 2207 3168 2280 gravius
3193 2217 3295 2274 est,
3339 2224 3444 2261 non
3487 2207 3671 2262 verbis

2080 2303 2276 2367 solum,
2301 2303 2394 2358 sed
2422 2302 2670 2373 exemplo
2694 2318 2905 2373 quoque
2926 2311 2979 2357 et
3008 2316 3172 2373 opere
3199 2299 3311 2355 haec
3335 2301 3438 2354 illis
3464 2301 3671 2353 monita

2080 2394 2241 2461 datis,
2268 2394 2396 2451 dum
2426 2394 2570 2448 mdes
2587 2393 2895 2463 splendidas
2920 2393 3231 2447 construitis
3256 2441 3273 2460 ,
3296 2407 3453 2462 agros
3490 2390 3676 2445 emitis

2081 2487 2480 2560 pinguissimos,
2502 2487 2844 2556 reliquosque
2873 2486 3183 2557 magnificos
3206 2493 3493 2555 apparatus
3520 2481 3675 2537 addi-

2084 2581 2151 2637 tis
2183 2623 2200 2648 ,
2251 2595 2580 2652 prorsusque
2599 2581 2761 2636 veluti
2783 2579 3009 2651 quadam
3032 2579 3227 2634 nebula
3249 2579 3458 2632 animos
3483 2590 3676 2631 eorum

2083 2673 2470 2729 obtenehratis.
2525 2672 2676 2728 Unde
2724 2673 2883 2742 igitur
2929 2671 3058 2725 mihi
3113 2669 3421 2740 persuaderi
3471 2668 3678 2738 poterit

2086 2780 2245 2835 posse
2281 2766 2402 2820 illos
2430 2763 2653 2817 salutem
2685 2762 2937 2831 consequi
2963 2804 2979 2829 ,
3010 2777 3131 2816 cum
3162 2761 3229 2816 ad
3254 2776 3318 2816 ea
3347 2759 3557 2815 evocari
3583 2758 3673 2812 vi-

2086 2858 2239 2913 deam
2264 2900 2280 2924 ,
2308 2874 2428 2927 qua:
2451 2858 2539 2926 qui
2588 2856 2790 2911 faciunt
2827 2870 3044 2926 prorsus
3072 2855 3341 2925 perituros
3365 2868 3484 2907 esse
3514 2851 3678 2906 Citri-

2086 2957 2201 3003 stus
2246 2947 2574 3002 declaravit?
2618 2962 2738 3001 cum
2770 2946 2978 3000 videam
3020 2960 3116 2999 vos
3165 2944 3395 2997 animam
3442 2956 3633 2995 eorum
3660 2981 3677 3005 ,

2086 3042 2238 3113 quasi
2270 3042 2494 3096 minoris
2540 3039 2695 3111 pretii
2744 3038 2951 3111 aliquid
2996 3040 3264 3109 negligere
3294 3080 3308 3103 ,
3366 3036 3455 3091 illa
3495 3043 3678 3089 autem

2088 3150 2206 3204 qua:
2236 3148 2362 3189 vere
2386 3131 2654 3203 superﬂua
2680 3142 2804 3184 sunt
2831 3171 2845 3193 ,
2879 3131 3028 3200 quasi
3062 3128 3361 3183 neces>aria
3394 3136 3448 3180 et
3483 3124 3678 3196 praeei-

2090 3243 2196 3298 pua
2218 3227 2447 3282 curare?
2474 3225 2714 3295 Namque
2751 3232 2808 3277 ut
2834 3238 3020 3277 servus
3048 3262 3064 3287 ,
3096 3231 3156 3276 ut
3181 3235 3349 3290 equus
3379 3262 3393 3286 ,
3426 3230 3483 3272 ut
3507 3218 3680 3273 vcsti-
3746 3266 3755 3273 .

2093 3330 2331 3375 mentum
2360 3317 2778 3389 pulcherrimum
2810 3315 2921 3369 lilio
2941 3315 3031 3380 sit,
3064 3314 3245 3367 omnia
3269 3311 3476 3376 facitis;
3505 3322 3558 3364 ut
3580 3326 3681 3363 au-

2092 3425 2198 3468 tem
2220 3412 2334 3481 ipse
2348 3411 2545 3481 probus
2565 3409 2655 3474 sit,
2678 3424 2746 3464 ne
2762 3408 2997 3479 cogitare
3018 3406 3230 3476 quidem
3253 3405 3410 3460 vultis
3429 3422 3442 3458 :
3464 3418 3526 3458 ac
3551 3419 3676 3458 cum

2092 3506 2159 3561 ad
2186 3507 2386 3577 lignum
2409 3546 2425 3571 ,
2454 3502 2519 3557 ad
2563 3502 2792 3572 lapidem
2837 3500 2942 3555 hoc
2984 3499 3216 3554 studium
3268 3498 3285 3530 ί
3322 3495 3622 3552 extendatis
3657 3536 3675 3560 ,

2092 3598 2326 3651 animam
2366 3610 2434 3650 ne
2479 3595 2696 3649 minima
2745 3591 2963 3664 quidem
3006 3588 3382 3647 sollicitudinis
3410 3599 3557 3658 parte
3588 3586 3679 3642 di-

2092 3707 2252 3763 gnam
2281 3688 2554 3760 judicatis.
2583 3686 2688 3743 Sed
2718 3696 2774 3740 ut
2799 3695 2970 3740 statua
2999 3682 3242 3754 quaedam
3276 3682 3327 3737 in
3359 3681 3563 3736 mdibus
3581 3679 3682 3736 ad-

2094 3782 2337 3839 miranda
2358 3779 2613 3851 erigatur,
2630 3786 2824 3834 tectum
2846 3779 2916 3832 sit
2940 3790 3184 3843 aureum,
3207 3774 3440 3830 laborem
3463 3788 3680 3826 omnem

2093 3874 2399 3944 Suscipitis:
2429 3871 2666 3924 omnium
2696 3877 2991 3925 statuarum
3020 3866 3400 3936 pretiosissima
3422 3867 3597 3918 anima
3619 3873 3683 3917 ut

2095 3980 2256 4020 aurea
2277 3963 2570 4027 efficiatur,
2599 3961 2800 4016 nullam
2830 3972 3013 4014 curam
3037 3973 3229 4029 gerere
3258 3956 3440 4011 vultis.

2168 4060 2222 4114 8.
2255 4056 2321 4113 In
2350 4056 2600 4129 nefarium
2640 4053 3010 4110 Sodontiticum
3032 4051 3197 4107 scelus
3232 4049 3481 4104 invehitur
3502 4090 3520 4115 ,
3546 4046 3681 4119 quod

2096 4162 2216 4206 tunc
2235 4152 2454 4205 maxime
2480 4146 2750 4203 obtinebat.
2771 4144 2960 4200 —Scd
2986 4143 3220 4198 nondum
3246 4142 3509 4196 malorum
3530 4139 3677 4194 colo-

2099 4245 2331 4316 phonem
2354 4242 2481 4301 dixi.
2503 4255 2601 4295 nec
2619 4237 2940 4293 calamitatis
2959 4246 3118 4305 caput
3137 4234 3312 4289 detexi
3333 4249 3348 4297 ;
3372 4230 3511 4300 quod
3539 4245 3680 4298 sape

2098 4338 2278 4391 dicere
2303 4348 2586 4405 aggressus
2609 4330 2817 4391 erubui,
2847 4344 2990 4399 saepe
3011 4344 3120 4399 prze
3143 4325 3344 4397 pudore
3358 4325 3559 4380 destiti.
3587 4322 3680 4377 Ec-

2100 4427 2224 4498 quid
2248 4427 2376 4481 illud
2401 4426 2525 4480 est?
2562 4422 2863 4478 audendum
2886 4418 3027 4476 enim
3050 4420 3159 4489 jam
3187 4428 3242 4474 et
3268 4416 3549 4472 dicendum
3574 4426 3672 4469 eet.

2101 4521 2302 4591 Magna:
2330 4519 2523 4591 quippe
2553 4518 2777 4588 ignavia:
2808 4516 2857 4571 id
2881 4523 3045 4579 esset,
3063 4514 3105 4567 si
3137 4512 3261 4582 quid
3292 4511 3416 4567 mali
3440 4523 3676 4565 resecare

2101 4613 2377 4682 cupientes
2404 4651 2421 4677 ,
2453 4626 2521 4665 ne
2550 4609 2743 4663 mutire
2778 4606 2992 4677 quidem
3018 4619 3181 4673 super
3207 4603 3295 4657 illo
3321 4602 3639 4657 auderemus
3661 4639 3678 4663 ,

2102 4722 2165 4763 ac
2193 4707 2237 4763 si
2284 4705 2551 4760 silentium
2596 4700 2964 4770 aegritudinem
2993 4698 3133 4751 ultro
3169 4705 3479 4752 sanaturum
3522 4700 3681 4746 esset.

2104 4798 2181 4853 Ne
2208 4808 2479 4851 taceamus
2509 4793 2686 4863 igitur,
2705 4791 2912 4844 etiamsi
2936 4789 3130 4843 millies
3155 4783 3573 4843 erubescendum
3594 4783 3684 4837 sit.

2104 4892 2287 4960 Neque
2312 4888 2455 4944 enim
2484 4886 2723 4940 medicus
2743 4900 2863 4939 cum
2880 4881 3233 4952 abstergenda
3251 4878 3477 4949 putredo
3504 4875 3684 4942 fuerit,

2106 4985 2305 5043 ferrum
2337 4982 2576 5046 arripere
2599 4976 2865 5033 dubitabit
2890 5016 2906 5042 ,
2936 4984 2988 5030 et
3008 4972 3074 5029 ad
3102 4974 3275 5042 ipsum
3302 4969 3540 5024 vulneris
3564 4966 3686 5021 fun-

2105 5066 2230 5131 dum
2244 5074 2437 5145 digitos
2457 5071 2771 5125 immittere.
2798 5066 2910 5122 Nec
2937 5080 3035 5120 nos
3059 5063 3221 5134 igitur
3249 5061 3317 5117 de
3345 5059 3496 5115 hisce
3524 5056 3684 5114 verba

2108 5167 2283 5222 facere
2324 5163 2690 5220 recnsabimus
2720 5201 2737 5226 ,
2766 5167 3254 5228 quantumcumque
3306 5151 3581 5207 molestior
3619 5150 3688 5202 sit

2107 5259 2356 5333 putredo.
2384 5256 2536 5325 Quod
2567 5270 2696 5325 ergo
2724 5251 2940 5308 tandem
2970 5247 3110 5304 istud
3143 5247 3341 5302 malum
3385 5242 3503 5301 eSt?
3526 5244 3688 5296 Amor

2108 5352 2322 5424 quidam
2352 5364 2524 5403 novus
2552 5361 2615 5401 ac
2644 5344 3006 5416 nequissimus
3057 5341 3108 5396 in
3152 5348 3393 5395 nostrum
3436 5334 3687 5390 saeculum

2109 5445 2304 5516 irrupit
2335 5461 2350 5498 :
2377 5441 2597 5499 morbus
2624 5436 2779 5495 irruit
2798 5434 3146 5507 gravissimus
3165 5428 3565 5491 etincurabtlis,
3596 5440 3689 5494 pe-

2108 5540 2207 5595 stis
2231 5536 2470 5591 omnium
2501 5530 2728 5603 pestium
2753 5526 3046 5583 teterrima.
3076 5523 3281 5579 Novum
3324 5530 3380 5577 et
3405 5517 3691 5574 intoleram

2108 5633 2238 5687 dum
2267 5629 2443 5685 scelus
2467 5625 2822 5696 excogitatum
2844 5630 2945 5677 est.
2960 5618 3076 5677 Non
3107 5616 3248 5673 enim
3276 5615 3489 5684 scriptae
3510 5607 3689 5674 modo,

2175 5770 2193 5802 ι
2230 5767 2402 5825 Verba,
2428 5762 2517 5813 hoc
2538 5757 2772 5819 studium,
2790 5758 2839 5808 ln
2855 5752 3020 5808 Morel.
3038 5749 3142 5804 solo
3160 5750 3358 5807 desunt.
