4032 6432
398 388 502 448 359

390 503 805 578 παιδευομένην,
837 508 1081 575 γενναῖόν
1107 526 1161 562 τι
1183 508 1277 562 καὶ
1302 508 1445 579 μέγα
1471 507 1725 581 ἐννοῆσαί
1756 522 1914 570 ποτε,
1944 504 2065 562 ἀλλ’

392 591 602 660 ἀνάγκη
632 590 730 660 τὴν
756 589 1010 664 τοιαύτην
1062 592 1395 647 ἀσθενοῦσαν
1448 592 1544 646 καὶ
1602 590 2066 664 μαλακιζομένην,

397 672 644 744 καθάπερ
666 675 773 727 τινὶ
800 674 938 747 φθόῃ
967 678 1035 747 τῇ
1065 676 1236 748 κακίᾳ
1270 676 1633 748 συνεχομένην
1659 675 1944 747 διηνεκῶς,
1978 674 2070 728 οῦ-

390 774 497 821 τως
537 756 766 830 ὔστερον
822 762 903 823 εἰς
938 761 1038 832 τὴν
1090 760 1316 829 γέενναν
1369 760 1775 832 καταστρέψαι,
1830 759 1926 814 καὶ
1972 758 2069 830 τὴν

388 842 664 897 ἀπώλειαν
708 843 806 915 τὴν
844 845 978 897 ἐκεῖ.

460 925 529 990 ζ’.
554 928 617 980 El
638 927 696 980 δὲ
722 927 798 998 μὴ
822 927 927 998 φῂς
953 926 1126 981 ταῦτα
1158 927 1332 991 οὑτως
1348 926 1514 998 ἔχειν,
1529 926 1664 980 ἀλλά
1686 926 1913 979 δυνατὸν
1932 920 2073 979 εἶναι

390 1011 486 1067 καὶ
529 1012 589 1065 ὲν
647 1013 798 1083 μέσῳ
839 1012 1206 1083 στρεφόμενον
1259 1010 1437 1065 πάντα
1485 1009 1856 1081 κατορθοῦντα
1902 1021 1929 1050 ι
1971 1008 2072 1079 τῆς

391 1096 615 1167 ἀρετῆς,
650 1096 745 1149 καὶ
773 1094 848 1167 μὴ
873 1095 1106 1159 παίζων,
1143 1095 1281 1149 ἀλλά
1317 1092 1632 1158 σπουδάζων
1653 1092 1872 1164 ἀληθῶς
1896 1092 2071 1146 ταῦτα

390 1178 592 1248 λέγεις,
648 1180 721 1250 μὴ
768 1181 1113 1253 κατοκνήσῃς
1153 1182 1301 1251 ἡμᾶς
1350 1179 1556 1244 διδάξαι
1593 1178 1657 1231 τδ
1698 1177 1885 1233 καινὸν
1915 1176 2074 1230 τοῦτο

391 1264 488 1318 καὶ
519 1262 821 1333 παράδοξον
870 1261 1119 1334 μάθημα·
1151 1263 1270 1316 οὐδὲ
1318 1263 1428 1333 γὰρ
1461 1261 1720 1332 βούλομαι
1770 1260 2074 1332 πράγματα

387 1341 783 1416 είκῆτοσαῦτα
809 1345 972 1415 ἐχειν,
1000 1346 1120 1400 οὐδὲ
1162 1344 1439 1408 τοσούτοις
1457 1345 1484 1385 b
1516 1343 1820 1416 ἀπέχεσθαι
1872 1342 2070 1413 μάτην.

402 1412 567 1481 Ἀλλά
592 1428 701 1498 γάρ
734 1428 793 1481 οὐ
828 1412 1062 1499 δύναμαι
1089 1427 1248 1482 τοῦτο
1276 1427 1486 1499 μαθεῖν·
1516 1428 1577 1481 οὐ
1742 1412 2071 1496 ὲᾶτείὺμεῖς,

388 1513 486 1567 καὶ
520 1513 588 1566 δι’
621 1505 696 1564 ὧν
749 1511 938 1580 λέγετε
978 1513 1073 1566 καὶ
1113 1511 1180 1565 δι’
1222 1505 1300 1566 ὧν
1333 1512 1538 1565 ποιεῖτε
1583 1509 2074 1579 ἀντιφθεγγόμενοι

387 1595 565 1670 ταύτῃ
586 1598 652 1667 τῇ
693 1594 879 1665 ψήφῳ,
915 1595 1010 1649 καὶ
1050 1595 1312 1649 τάναντία
1339 1594 1707 1659 παιδεύοντεςο
1751 1592 1942 1665 ὥσπερ
1965 1592 2075 1665 γὰρ

389 1680 706 1750 ἐξεπίτηδες
753 1678 1047 1733 ἀπολέσθαι
1093 1678 1487 1742 σπουδάζοντες
1533 1677 1660 1740 τοὺς
1693 1677 1864 1738 υίοὺς,
1902 1674 2075 1740 οὑτως

393 1762 613 1818 ἃπαντα
642 1759 895 1814 κελεύετε
943 1762 1139 1824 ποιεῖν,
1169 1759 1205 1814 ἀ
1232 1761 1359 1823 τοὺς
1390 1759 1678 1820 ποιοῦντας
1706 1757 1943 1827 σωθῆναι
1975 1758 2077 1811 οὐκ

392 1844 474 1899 ένι
517 1846 661 1915 ’Ὀρα
686 1844 742 1896 δὲ
779 1842 1007 1898 ἀνωθεν.
1045 1844 1192 1898 Οὐαί
1213 1886 1227 1911 ,
1263 1845 1419 1915 φησὶ,
1453 1843 1577 1910 τοῖς
1603 1840 1883 1913 γελῶσινο
1919 1842 2077 1911 ὑμεῖς

390 1928 452 1985 δὲ
474 1928 675 1992 πολλάς
709 1928 892 1990 αὐτοῖς
922 1926 1189 1997 παρέχετε
1220 1928 1457 1996 γέλωτος
1489 1924 1766 1996 ἀφορμάςο
1784 1923 1933 1978 Οὐαί
1952 1923 2079 1989 τοῖς

393 2011 790 2068 πλουτοῦσιν
809 2011 969 2081 ὑμεῖς
987 2010 1044 2063 δὲ
1063 2011 1213 2074 ὅπως
1232 2028 1339 2083 χρη
1348 2011 1686 2082 ματίσαιντο,
1705 2009 1883 2064 πάντα
1904 2007 2077 2078 πράτ-

393 2112 537 2150 τετε·
561 2094 729 2158 Οὐαί,
772 2094 918 2148 ὅταν
939 2094 1140 2161 καλῶς
1170 2095 1425 2149 εἴπωσιν
1449 2094 1608 2165 ὑμᾶς
1639 2093 1864 2161 πάντες
1893 2096 1948 2147 ol
1973 2092 2075 2146 ἆν-

394 2183 632 2249 θρωποι·
663 2179 821 2249 ὑμεῖς
854 2179 911 2231 δὲ
959 2181 1052 2232 καὶ
1077 2180 1265 2244 οὐσίας
1302 2180 1630 2251 ὁλοκλήρους
1659 2180 1801 2249 ὑπὲρ
1842 2178 1946 2248 τῆς
1967 2176 2076 2231 τῶν

391 2263 581 2334 δήμων
622 2261 899 2331 εὐφημίας
953 2263 1258 2318 έκενώσατε
1297 2263 1578 2326 πολλάκις.
1630 2262 1802 2316 Πάλιν
1832 2261 1889 2314 δὲ
1924 2262 1953 2313 ὁ
1984 2259 2077 2312 τὸν

392 2342 622 2412 ἀδελφὸν
650 2342 887 2412 ὑ6ρίζων
914 2341 1212 2406 ὑπεύθυνός
1236 2344 1354 2395 ἐστι
1373 2346 1440 2414 τῇ
1470 2343 1685 2412 γεέννῃο
1710 2341 1869 2410 ὑμεῖς
1896 2339 1954 2392 δὲ
1985 2340 2078 2392 καὶ

394 2424 644 2494 ἀδρανεῖς
673 2417 813 2474 εἶναι
844 2420 1097 2489 νομίζετε
1123 2421 1217 2473 καὶ
1245 2421 1453 2484 δειλοὺς
1484 2422 1610 2482 τοὺς
1646 2421 1772 2490 σιγῇ
1802 2418 1903 2481 τὰς
1928 2416 2080 2487 παρὰ

392 2506 503 2561 τῶν
536 2506 737 2577 ἐτέρων
769 2504 1033 2576 φέροντας
1058 2503 1265 2576 ῦῦρεις.
1308 2505 1507 2574 Μάχης
1542 2502 1753 2556 κελεύει
1792 2502 1887 2555 καὶ
1921 2501 2080 2571 δίκης

394 2593 755 2664 καταφρονεῖν
800 2590 829 2642 ό
884 2588 1141 2660 Χριστός⁸
1192 2589 1353 2657 ὑμεῖς
1394 2587 1451 2639 δὲ
1502 2586 1701 2649 αὐτοὺς
1757 2587 1812 2639 ὲν
1871 2583 2080 2647 τούτοις

397 2675 661 2747 στρέφετε
723 2675 836 2735 τοῖς
889 2674 1083 2736 κακοῖς
1129 2671 1446 2735 διαπαντός.
1494 2670 1599 2723 Τὸν
1628 2668 1906 2738 ὀφθαλμὸν
1958 2668 2080 2721 πολ-

393 2756 554 2820 λάκις
582 2755 890 2826 έξορύττειν
919 2755 1228 2818 ἐκέλευσεν,
1261 2755 1390 2807 ὅταν
1425 2752 1657 2824 βλάπτῃ⁸
1692 2753 1849 2822 ὑμεῖς
1872 2750 1929 2806 δὲ
1964 2751 2080 2805 τούο

393 2857 522 2905 τους
565 2839 803 2911 μάλιστα
836 2840 1042 2892 ποιεῖτε
1105 2837 1314 2908 φίλους,
1367 2839 1592 2907 ὅσοιπερ
1645 2835 1713 2889 ἂν
1761 2834 2024 2889 δύνωνται
2052 2844 2076 2875 ο

395 2924 656 2996 χρήματα
687 2921 891 2985 δοῦναι,
921 2920 1027 2975 κᾶν
1052 2921 1154 2992 τὴν
1181 2920 1419 2992 ἐσχάτην
1467 2917 1797 2973 παιδεύσωσι
1860 2917 2079 2971 κακίαν.

408 3003 690 3058 Ἐκϐαλεῖν
728 3004 963 3068 γυναῖκα
1011 3002 1112 3056 οὐκ
1161 3002 1367 3072 ἀφῆκε,
1422 3000 1562 3072 πλὴν
1615 2999 1702 3051 ἐπ’
1732 2998 1884 3070 αἰτίᾳ
1946 2997 2081 3068 μόνῃ

396 3084 675 3154 πορνείαςο
733 3083 893 3153 ὑμεῖς
945 3081 1026 3148 δὲ,
1082 3082 1212 3136 ὅταν
1259 3080 1353 3152 ἐξῇ
1412 3081 1671 3152 χρήματα
1719 3078 1925 3143 λαϐεῖν,
1988 3078 2084 3131 καὶ

395 3165 602 3236 ταύτης
645 3167 1009 3235 καταφρονεῖν
1057 3164 1306 3218 κελεύετε
1350 3165 1453 3235 τῆς
1499 3163 1742 3232 ἐντολῆς.
1805 3162 1910 3216 Τδν
1965 3161 2081 3234 [87]

398 3250 560 3322 ὅρκον
605 3245 833 3320 ἀπεῖρξε
868 3246 1169 3311 παντελῶς·
1214 3248 1373 3316 ὑμεῖς
1413 3246 1490 3312 δὲ,
1543 3245 1609 3300 ἂν
1640 3245 1789 3315 ἴδητε
1819 3244 2084 3315 φυλαττό-

401 3350 580 3404 μενον,
608 3331 705 3386 καὶ
743 3329 963 3398 γελᾶτε.
1007 3331 1070 3384 '0
1097 3330 1293 3400 φιλῶν
1322 3330 1438 3397 τὴν
1477 3330 1693 3399 ψυχὴν
1729 3329 1943 3392 αὑτοῦ,
1980 3345 2086 3399 φη-

401 3419 505 3482 σὶν,
558 3415 851 3472 ἀπολέσει
882 3415 1096 3481 αὐτήνο
1153 3415 1312 3485 ὑμεῖς
1363 3415 1421 3468 δὲ
1459 3415 1658 3477 αὐτοὺς
1702 3412 1966 3482 πάντοθεν
2003 3413 2085 3475 είς

397 3500 604 3570 ταύτην
644 3499 946 3569 ἐμϐάλλετε
979 3499 1079 3568 τὴν
1129 3498 1333 3567 φιλίαν.
1376 3496 1514 3551 Ἐὰν
1534 3498 1622 3567 μὴ
1677 3497 1892 3567 ἀφῆτε,
1926 3496 2083 3568 φησὶ,

399 3581 525 3650 τοῖς
566 3579 902 3649 ἀνθρώποις
938 3580 1013 3634 τὰ
1045 3580 1491 3651 παραπτώματα
1517 3579 1736 3644 αὐτῶν,
1764 3579 1909 3634 οὐδὲ
1943 3579 2087 3649 ὑμῖν

401 3666 436 3718 ό
473 3662 677 3730 Πατὴρ
712 3661 881 3731 ὑμῶν
937 3661 1164 3732 ἀφήσει
1216 3666 1249 3718 ό
1292 3663 1595 3731 οὐράνιος-⁸
1662 3664 1822 3733 ὑμεῖς
1879 3663 1937 3715 δὲ
1993 3663 2087 3716 καὶ

399 3745 709 3811 ὀνειδίζετε,
755 3746 885 3799 ὅταν
937 3748 1064 3810 τούς
1120 3747 1453 3818 ἠδικηκότας
1501 3748 1575 3821 μὴ
1625 3745 1856 3800 θέλωσιν
1890 3744 2088 3815 ἀμύνε-

404 3829 528 3883 σθαι
557 3828 620 3891 ά,
661 3829 757 3882 καὶ
800 3831 880 3892 εἰς
930 3827 1028 3900 τήν
1091 3829 1322 3902 δύναμιν
1377 3831 1576 3892 αὐτοὺς
1622 3828 1827 3899 ταύτην
1874 3827 2087 3899 ταχέως

372 3910 688 3985 ζέπείγεσθε
740 3912 990 3981 ἀγαγεῖν.
1041 3913 1181 3977 Τοὺς
1229 3914 1386 3985 δόξης
1434 3914 1677 3985 ἐρῶντας
1729 3912 1908 3965 πάντα
1960 3910 2086 3981 εἰκῆ

372 3982 375 4005 ¹
404 3998 578 4048 ποιεῖν
605 3997 919 4066 ἀπεφήνατο
951 3995 980 4048 ὁ
1011 3997 1268 4067 Χριστὸς,
1285 3982 1388 4051 κάν
1417 3982 1739 4067 νηστεύωσι,
1766 3997 1868 4049 κᾶν
1891 3995 2089 4063 εὔχων-

401 4092 514 4141 ται,
552 4077 656 4131 κᾶν
694 4077 938 4131 ὲλεῶσινο
967 4079 1126 4148 ὑμεῖς
1179 4081 1259 4143 δὲ,
1309 4081 1457 4143 ὅπως
1495 4080 1699 4148 ταύτης
1753 4081 2084 4148 ἔπιτ’χοιεν,

401 4156 618 4213 ἅπαντα
647 4158 1123 4229 πραγματεύεσθε.
1160 4161 1269 4213 Καὶ
1295 4162 1346 4214 τί
1366 4162 1446 4214 δεῖ
1477 4163 1652 4214 πάντα
1677 4161 1887 4214 ἐπιέναι
1913 4177 1927 4225 ;
1961 4161 2088 4213 ὃταν

403 4241 514 4314 γὰρ
528 4243 622 4295 καὶ
639 4242 707 4295 τὰ
729 4241 996 4315 εἰρημένα
1022 4230 1220 4313 μυρίας
1241 4243 1400 4297 ίκανά
1421 4242 1840 4314 παρασκευάσαι
1861 4243 2088 4312 γεέννας

402 4320 464 4395 ᾖ,
495 4325 618 4395 οὐχὶ
668 4325 850 4378 πάντα
889 4323 1026 4393 ὁμοῦ
1060 4325 1386 4380 συνελθόντα
1428 4327 1608 4397 μόνον,
1654 4326 1791 4380 ἀλλά
1821 4326 1914 4380 καὶ
1964 4324 2086 4378 καθ’

403 4410 567 4462 έαυτὸ
591 4408 838 4462 οτούτων
871 4409 1125 4462 ἓκαστοψ
1158 4409 1315 4480 ὑμεῖς
1344 4410 1402 4463 δὲ
1430 4410 1610 4464 πάντα
1635 4409 1771 4480 ὁμοῦ
1801 4411 2087 4481 συμφορή-

404 4508 619 4556 σαντες,
646 4493 740 4547 κα¹ι
785 4491 849 4545 τὸ
876 4492 1149 4563 ἀφόρητον
1190 4493 1299 4545 τῶν
1347 4493 1765 4563 ἁμαρτημάτων
1809 4493 2088 4555 ἐπιθέντες

404 4576 646 4647 φορτίον,
685 4574 860 4639 οὕτως
911 4577 991 4640 εἰς
1037 4577 1129 4630 τὸν
1177 4575 1274 4630 τοῦ
1324 4576 1497 4649 πυρὸς
1531 4577 1779 4647 πέμπετε
1818 4576 2084 4647 ποταμόν.

405 4659 544 4713 Πότε
575 4658 815 4729 σωθῆναι
842 4659 1183 4730 δυνήσονται,
1207 4660 1477 4733 τοσαύτην
1499 4661 1817 4731 κομίζοντες
1847 4659 1926 4731 τῷ
1949 4661 2088 4731 πυρὶ

404 4742 505 4815 τὴν
535 4743 783 4814 τροφήν;
813 4744 921 4795 Καὶ
956 4743 1017 4795 οὐ
1053 4744 1212 4797 τοῦτο
1264 4745 1426 4815 μόνον
1461 4745 1579 4798 ἐστὶ
1636 4746 1698 4799 τὸ
1748 4744 1947 4809 δεινὸν,
2008 4746 2091 4798 ὅτι

405 4827 667 4880 τάναντία
697 4829 811 4889 τοῖς
858 4824 952 4878 τοῦ
993 4826 1232 4898 Χριστοῦ
1271 4831 1590 4898 παραινεῖτε
1633 4828 2088 4902 προστάγμασιν,

407 4910 522 4966 ἀλλ’
564 4912 648 4964 ὄτι
695 4909 792 4963 καὶ
850 4912 1243 4982 προσηγορίαις
1270 4913 1537 4982 εὐφήμοις
1563 4912 1943 4985 περιστέλλετε
1989 4913 2089 4984 τὴν

408 4993 627 5057 κακίαν,
651 4994 710 5048 τὸ
740 4996 836 5064 μὲν
870 4994 1223 5066 ἰπποδρόμοις
1249 4996 1343 5048 καλ⁸
1380 4995 1629 5066 θεάτροις
1667 4996 2024 5067 προσκεῖσθαι
2065 4995 2085 5036 τ

407 5076 698 5139 διαπαντὸς
747 5074 1073 5146 ἀστειότητα
1115 5077 1437 5141 καλοῦντες,
1470 5077 1530 5130 τὸ
1553 5078 1610 5131 δὲ
1648 5078 1898 5134 πλουτεῖν
1940 5081 2091 5134 έλευ-

410 5160 619 5233 θερίαν,
651 5161 714 5214 τὸ
750 5159 806 5213 δὲ
859 5160 1017 5231 δόξης
1065 5162 1195 5231 ὲρᾷν
1244 5160 1668 5232 μεγαλοψυχίαν,
1718 5162 1816 5235 τὴν
1856 5163 1913 5217 δὲ
1962 5166 2092 5219 ἀπό.

407 5260 557 5299 νοιαν
580 5244 912 5315 παρρησίαν,
933 5244 1027 5297 καὶ
1048 5244 1145 5315 τὴν
1165 5244 1264 5315 μὲν
1279 5244 1516 5298 ἀσωτίαν
1532 5245 1964 5317 φιλανθρωπίαν,
1988 5249 2087 5321 τὴν

408 5326 467 5382 δὲ
500 5328 714 5383 ἀδικίαν
741 5328 1015 5400 ἀνδρείαν.
1047 5329 1199 5395 Εἶτα,
1226 5327 1416 5401 ὥσπερ
1444 5329 1545 5384 οὐκ
1575 5330 1857 5404 ἀρκούσης
1883 5333 2088 5406 ταύτης

475 5457 503 5525 ξ
526 5457 611 5525 _S_ic
628 5468 802 5525 omne;
822 5460 1005 5525 przgtgr
1026 5456 1200 5525 Morgl.
1224 5457 1497 5525 qui_hal;el
1518 5455 1670 5525 ταῦτα
1692 5463 1885 5525 κ-ατορθ.

473 5514 505 5584 ξ
527 5519 700 5568 Morel.
723 5514 859 5584 solds
879 5519 999 5584 οὐδὲ
1010 5514 1272 5584 τοσούτων,
1290 5520 1546 5584 _Sayllxel.
1572 5519 1655 5570 alii
1681 5522 1793 5571 οὐδὲ
1817 5514 2087 5584 ’τοσοτῖτοις.

414 5578 541 5631 Infra
561 5593 688 5629 unus
711 5580 869 5630 codex
895 5581 1147 5639 ἀπολέσαι,
1173 5583 1256 5632 alii
1281 5582 1560 5631 ἀπολέσθαι.

475 5645 499 5673 °
524 5643 633 5693 Duo
649 5654 765 5690 mss.
790 5642 1023 5692 δύνανται.
1051 5640 1202 5692 Savil.
1232 5651 1285 5692 el
1308 5642 1479 5691 Morel.
1507 5642 1752 5693 δύνωνται.
1786 5644 1910 5697 Infra
1930 5648 2083 5699 iidem

411 5704 628 5769 mag._&1:’
649 5702 803 5759 αἰτίας
826 5704 984 5769 μόνης.
1011 5703 1162 5769 _Sayil.
1184 5711 1238 5754 et
1258 5704 1429 5769 nggl.
1455 5704 1528 5769 ἐπ’
1550 5705 1679 5769 αἰτίᾳ
1702 5707 1838 5769 μόνῃ.

475 5764 503 5805 «ι
526 5767 631 5815 Duo
664 5763 980 5838 ηιτηιιειτὶριὶ
1001 5765 1283 5829 ἀμύνασθαι.
1307 5765 1433 5814 Infra
1463 5765 1635 5816 Morel.
1657 5763 1978 5831 νηστεῦσωσι,
2003 5772 2089 5822 alii

412 5838 586 5877 omnes
608 5840 893 5883 νηστευωσι.

474 5899 504 5960 ρ
525 5888 635 5960 ριξο
660 5898 775 5960 m§s.
803 5887 906 5960 καθ’
939 5887 1101 5936 ἑαυτά.
1151 5885 1258 5938 llo:
1303 5900 1432 5939 unus
1469 5901 1558 5939 ms.
1596 5891 1991 5954 σνμφορέσαντες,
2035 5902 2090 5945 et

416 5958 528 6003 mox
551 5948 683 5998 idem
712 5948 1002 6003 ἐπιτιθέντες.

474 6000 500 6050 ί
535 6009 646 6062 Duo
665 6021 778 6057 mas.
813 6000 1020 6073 θεάτροις
1042 6010 1294 6073 ἐγκεῖσθαι.

1218 389 1587 450 Αιιγειιευε
1625 386 2080 448 ΟΡΡΠΟΝΑΤΟΕ

2227 389 2412 447 ἮΤΕ
2454 393 2753 450 ΜΟΝΑΞΤ.
2796 388 2926 452 LIB.
2966 387 3058 447 Ill.

3739 397 3850 452 τοο

2170 507 2271 580 τῆς
2300 508 2535 577 ἀπάτης,
2566 510 2662 564 καὶ
2684 508 2783 580 τὴν
2805 498 3005 581 ἀρετὴν
3028 505 3290 571 ἐναντίοις
3322 507 3534 561 καλεῖτε
3569 508 3849 581 ὀνόμασιν,

2172 591 2463 663 ἀγροικίαν
2510 591 2608 662 μὲν
2639 592 2740 662 τὴν
2782 592 3160 663 σωφροσύνην,
3200 590 3402 645 δειλίαν
3444 591 3503 645 δὲ
3540 595 3642 664 τὴν
3676 595 3849 648 επιείο

2173 689 2352 737 κειαν,
2400 673 2688 744 ἀνανδρίαν
2726 671 2782 726 δὲ
2815 673 2914 744 τὴν
2947 672 3293 745 δικαιοσύνην
3331 673 3712 745 ὀνομάζοντες,
3754 676 3853 730 καὶ

2172 756 2233 809 τὸ
2274 756 2374 827 μὲν
2413 757 2615 824 ἄτυφον
2647 755 3034 826 δουλοπρεπὲς,
3067 756 3167 828 τὴν
3198 756 3254 809 δὲ
3297 757 3646 822 ἀνεξικακίαν
3687 759 3852 811 ἀσθέ-

2173 859 2323 896 νειαν
2343 857 2359 875 ο
2392 841 2643 912 καθάπερ
2678 840 2978 903 δεδοικότες
3026 840 3100 910 μὴ
3144 841 3272 911 παρ’
3301 842 3506 912 ἑτέρων
3535 842 3633 911 τὴν
3677 842 3854 912 ἀληθῆ

2172 925 2379 980 τούτων
2412 924 2791 997 προσηγορίαν
2825 923 3159 987 ἀκούσαντες
3203 923 3417 993 φύγωσι
3446 924 3545 996 τὴν
3587 925 3763 997 λύμην
3803 924 3855 978 οί

2176 1008 2383 1073 παῖδες.
2417 1009 2554 1062 Οὐδὲ
2578 1010 2688 1079 γὰρ
2718 1008 2915 1080 μικρὸν
2939 1008 3019 1070 είς
3042 1007 3138 1078 τὴν
3171 1006 3280 1061 τῶν
3311 1007 3499 1061 κακῶν
3532 1008 3854 1079 ἀποτροπὴν

2175 1094 2236 1147 τὸ
2258 1092 2469 1163 γυμνὰς
2490 1092 2659 1155 αὐτάς
2681 1092 2777 1145 καὶ
2798 1090 2998 1161 κυρίας
3018 1091 3126 1143 τῶν
3144 1090 3330 1144 κακῶν
3362 1091 3736 1162 προφέρεσθαι
3755 1091 3856 1155 τὰς

2175 1174 2474 1248 ὀνομαθίας
2502 1179 2548 1218 ⁸·
2582 1175 2719 1230 ἀλλά
2740 1173 3008 1244 τοσαύτην
3039 1173 3152 1244 ἔχει
3171 1175 3269 1244 τὴν
3297 1174 3451 1244 ἰσχὺν
3473 1173 3610 1243 πρὸς
3637 1176 3697 1228 τὸ
3722 1174 3862 1244 πλῆ-

2180 1261 2264 1327 ξαι
2303 1260 2430 1324 τοὺς
2469 1259 2902 1330 ἁμαρτάνοντας,
2937 1258 3013 1322 ὡς
3043 1257 3272 1323 πολλοὺς
3301 1259 3560 1322 πολλάκις
3604 1258 3699 1313 ἐπὶ
3742 1260 3861 1320 τοῖς

2179 1344 2477 1415 αἰσχίστοις
2507 1342 2667 1406 ὄντας
2698 1344 3017 1411 περιφανεῖς
3050 1341 3124 1413 μὴ
3156 1341 3342 1413 φέρειν
3376 1340 3567 1413 πράως
3589 1340 3856 1409 καλουμέ-

2178 1446 2303 1492 νους
2319 1426 2496 1487 τοῦτο,
2521 1426 2657 1497 ὅπερ
2678 1425 2836 1487 εἰσὶν,
2860 1423 2975 1478 ἀλλ’
2997 1425 3305 1495 ἀγριαίνειν
3326 1425 3420 1478 καὶ
3446 1424 3855 1495 ὲκθηριοῦσθαι.

2178 1513 2254 1574 ὼς
2275 1509 2344 1564 τά
2365 1509 2641 1563 δεινότατα
2661 1507 2990 1578 πάσχοντας.
3008 1508 3120 1579 Τὴν
3137 1507 3267 1576 γοῦν
3288 1508 3650 1579 ἡταιρηκυῖαν
3673 1510 3861 1575 γυναῖ-

2178 1610 2273 1656 κα,
2295 1592 2391 1646 καὶ
2416 1593 2509 1645 τὸν
2530 1590 2972 1662 πεπορνευμένον
3006 1590 3171 1644 παῖδα
3203 1590 3269 1643 ἂν
3296 1590 3503 1663 καλέσῃ
3533 1607 3617 1653 τις
3636 1588 3746 1643 ἀπὸ
3764 1590 3862 1655 τῆς

2178 1675 2464 1747 αἰσχίστης
2541 1673 2794 1746 πράξεως
2856 1672 3095 1744 ταύτης,
3164 1673 3573 1737 ἀκατάλλακτος
3641 1673 3863 1740 γέγονεν

2180 1758 2395 1830 ἐχθρὸς,
2412 1759 2508 1812 ἀτε
2530 1758 2599 1811 τὰ
2635 1757 2868 1829 μέγιστα
2893 1755 3192 1826 ὴδικηκώς.
3214 1756 3325 1810 Καὶ
3346 1758 3406 1809 οὐ
3421 1757 3647 1820 τούτους
3679 1757 3860 1824 μόνον,

2178 1841 2315 1894 ἀλλά
2357 1841 2451 1895 καὶ
2502 1840 2594 1894 τὸν
2647 1840 2998 1908 πλεονέκτην,
3034 1839 3127 1893 καὶ
3170 1837 3262 1892 τὸν
3300 1839 3532 1909 μέθυσον
3552 1839 3603 1902 ιι,
3639 1840 3734 1890 καί
3771 1838 3863 1890 τὸν

2179 1924 2438 1990 ἀλαζόνα,
2482 1924 2577 1978 καὶ
2612 1923 2817 1986 πάντας
2846 1923 3035 1987 ἁπλῶς
3062 1922 3188 1987 τοὺς
3220 1922 3291 1975 τά
3321 1923 3598 1993 δεινότερα
3627 1922 3866 1992 ἐργάσαο

2185 2008 2378 2079 μένους
2424 2008 2520 2061 ῖδοι
2549 2025 2638 2070 τις.
2662 2007 2727 2061 ἂν
2757 2008 2857 2077 οὐχ
2885 2006 3057 2070 οὕτως
3088 1998 3288 2077 ἐπὶ⁹τῷ
3321 2008 3580 2078 πράττειν
3601 2005 3741 2059 αὑτά
3771 2005 3868 2058 καὶ

2180 2093 2245 2162 τῇ
2266 2089 2416 2161 παρά
2440 2088 2548 2143 τῶν
2569 2088 2777 2142 πολλῶν
2804 2088 2930 2159 δόξῃ
2946 2087 3310 2158 δακνομένους
3331 2089 3425 2142 καὶ
3447 2087 3765 2157 ἀλγοῦντας,
3789 2088 3865 2152 ὡς

2181 2174 2275 2228 ἐπὶ
2314 2177 2428 2238 τοῖς
2476 2173 2585 2227 τῶν
2624 2171 2842 2226 οἰκείων
2881 2172 3059 2244 ἔργων
3105 2173 3353 2244 ὀνόμασι.
3397 2172 3632 2237 Πολλοὺς
3676 2174 3733 2226 δέ
3774 2173 3869 2227 καὶ

2184 2256 2653 2329 σωφρονισθέντας
2692 2251 2813 2309 οἶδα
2844 2256 3019 2328 τούτῳ
3047 2256 3125 2327 τῷ
3163 2257 3372 2328 τρόπῳ,
3410 2257 3505 2310 καὶ
3539 2257 3866 2327 γενομένους

2179 2344 2294 2406 τοῖς
2331 2341 2591 2394 ὀνείδεσιν
2631 2341 3072 2413 ἐπιεικεστέρους
3132 2341 3272 2394 Ἀλλ’
3308 2343 3466 2414 ὑμεῖς
3519 2342 3612 2395 καὶ
3654 2340 3859 2413 ταύτην

2183 2424 2499 2495 ἀνῃρήκατε
2528 2422 2627 2493 τὴν
2660 2423 3038 2494 παραμυθίαν·
3057 2423 3153 2477 καὶ
3174 2425 3234 2477 τὸ
3262 2423 3325 2495 δὴ
3354 2422 3758 2495 χαλεπώτερον,
3783 2424 3867 2476 ὅτι
3904 2480 3909 2481 ,

2180 2509 2240 2561 οὐ
2270 2508 2359 2561 διά
2392 2506 2501 2559 τῶν
2542 2505 2804 2577 ῥημάτων
2841 2505 3021 2575 μόνον.
3056 2507 3193 2561 ἀλλά
3224 2508 3320 2561 καὶ
3345 2507 3433 2562 διὰ
3468 2507 3577 2560 τῶν
3605 2507 3865 2580 πραγμά-

2182 2609 2293 2645 των
2335 2589 2540 2660 ταύτην
2594 2590 2788 2651 αὐτοῖς
2829 2588 3068 2641 ποιεῖσθε
3122 2589 3220 2661 τὴν
3275 2591 3635 2659 παραίνεσιν,
3689 2589 3868 2651 οἰκίας

2184 2676 2592 2748 οἰκοδομοῦντες
2624 2673 2919 2746 λαμπρὰς,
2962 2674 3168 2746 ἀγροὺς
3199 2674 3500 2747 ὠνούμενοι
3536 2673 3866 2743 πολυτελεῖς,

2182 2761 2283 2833 τὴν
2343 2760 2510 2831 ἄλλην
2553 2759 2971 2831 περιόάλλοντες
3017 2757 3339 2828 φαντασίαν,
3391 2760 3484 2812 καὶ
3519 2759 3607 2812 διὰ
3651 2762 3870 2813 πάντων

2185 2843 2377 2915 πυκνῷ
2405 2860 2510 2897 τινι
2538 2843 2690 2912 νέφει
2723 2841 3109 2904 συσκιάζοντες
3133 2840 3312 2893 αὐτῶν
3337 2841 3435 2910 τὴν
3461 2841 3661 2911 ψυχήν.
3696 2840 3868 2895 Πόθεν

2183 2923 2278 2982 οὖν
2300 2928 2598 2999 δυνήσομαι
2625 2924 2741 2998 [88]
2776 2923 3092 2994 πεισθῆναι,
3116 2924 3199 2977 ὅτι
3231 2922 3473 2993 σωθῆναι
3505 2919 3618 2978 οἷον
3645 2940 3702 2976 τε
3742 2924 3869 2977 τού-

2186 3028 2333 3074 τους,
2374 3010 2503 3063 ὂταν
2549 3008 2643 3062 ῖδω
2685 3007 2823 3078 πρὸς
2863 3005 3039 3061 ταῦτα
3071 3006 3614 3078 παρακαλουμένους,
3653 3008 3690 3061 ἃ.
3739 3008 3868 3071 τούς

2189 3093 2476 3155 ποιοῦντας
2497 3092 2525 3144 ὁ
2551 3090 2782 3163 Χριστὸς
2806 3090 3123 3160 ἀπεφήνατο
3146 3090 3362 3153 πάντως
3391 3090 3719 3156 ἀπολέσθαις
3742 3091 3870 3143 ὅταν

2190 3173 2475 3246 θεάσωμαι
2504 3175 2603 3241 τῆς
2637 3175 2736 3245 μὲν
2759 3172 2938 3243 ψυχῆς
2960 3173 3163 3235 αὑτῶν,
3187 3172 3336 3226 ῶσπε
3346 3191 3376 3244 ρ
3396 3174 3541 3238 τινὸς
3563 3176 3868 3246 παρέργου,

2187 3257 2664 3330 καταφρονοῦντας
2714 3256 2896 3327 ὑμᾶς,
2952 3253 3061 3307 τῶν
3113 3254 3169 3308 δὲ
3215 3254 3387 3318 ὅντως
3447 3257 3737 3326 περιττῶν,
3795 3256 3872 3320 ὡς

2188 3340 2499 3412 ἀναγκαίων
2525 3339 2620 3393 καὶ
2648 3336 3081 3412 προηγουμένων
3110 3336 3528 3408 φροντίζοντας;
3559 3340 3748 3404 Ὅπως
3774 3342 3873 3410 μὲν

2188 3427 2298 3499 γὰρ
2317 3423 2536 3495 οἰκέτης
2556 3422 2729 3486 ἔσται,
2757 3422 2850 3475 καὶ
2878 3422 3024 3486 ὅπως
3053 3420 3241 3484 ἵππος.
3276 3421 3370 3475 καὶ
3389 3421 3536 3485 ὅπως
3563 3422 3776 3492 ἱμάτιον
3797 3425 3872 3494 τῷ

2190 3509 2343 3564 παιδὶ
2370 3507 2678 3571 κάλλιστον,
2718 3504 2898 3558 πάντα
2928 3508 3134 3559 ποιεῖτε
3155 3522 3168 3537 ο
3206 3504 3356 3569 ὅπως
3386 3505 3443 3559 δὲ
3474 3505 3636 3569 αὐτὸς
3663 3506 3875 3574 γένοιτο

2191 3592 2376 3656 καλὸς,
2393 3591 2515 3645 οὐδὲ
2537 3589 2786 3661 ἐννοῆσαί
2809 3606 2940 3642 ποτε
2958 3587 3217 3659 ἀνέχεσθε
3248 3589 3293 3653 ί,
3317 3588 3453 3643 ἀλλά
3474 3589 3568 3644 καὶ
3586 3588 3756 3655 ξύλων
3779 3590 3874 3644 καὶ

2190 3674 2353 3728 λίθων
2373 3671 2386 3724 i
2428 3673 2592 3744 μέχρι
2606 3671 2800 3725 τούτου
2822 3670 3154 3743 προάγοντες
3174 3672 3275 3743 τὴν
3299 3671 3560 3743 σπουδὴν,
3581 3671 3680 3743 τὴν
3696 3672 3873 3744 ψυχὴν

2190 3756 2312 3810 οὐδὲ
2326 3753 2421 3809 τοῦ
2438 3752 2734 3807 πολλοστοῦ
2750 3752 2851 3823 τῆς
2867 3752 3186 3824 ἐπιμελείας
3197 3752 3401 3825 ταύτης
3412 3753 3624 3821 ἀξιοῦτε
3651 3754 3717 3826 μέ
3724 3773 3869 3827 ρους·

2190 3839 2304 3894 ἀλλ’
2332 3840 2419 3893 ἵνα
2456 3837 2555 3909 μὲν
2588 3837 2812 3908 ἄγαλμα
2839 3835 2933 3889 ἐπὶ
2964 3837 3063 3907 τῆς
3089 3836 3266 3901 οἰκίας
3296 3837 3504 3911 ἑστήκῃ
3533 3837 3867 3911 θαυμαστὸν,

2192 3922 2288 3977 καῖ⁹
2316 3925 2350 3994 ή
2388 3922 2554 3992 στέγη
2593 3921 2820 3991 γένηται
2860 3920 3060 3991 χρυσῆ,
3116 3921 3296 3975 πάντα
3333 3921 3633 3992 ὑπομένετε
3655 3939 3668 3953 ·
3704 3923 3766 3976 τὸ
3817 3924 3872 3975 δὲ

2192 4007 2410 4061 πάντων
2427 4004 2752 4076 τιμιώτερον
2774 4003 2999 4074 ἄγαλμα
3017 4006 3050 4076 ἡ
3079 4002 3227 4076 ψυχὴ
3248 4004 3394 4069 ὅπως
3416 4006 3643 4078 γένηται
3672 4007 3868 4079 χρυσῆ,

2190 4091 2313 4145 οὐδὲ
2343 4086 2651 4161 φροντίζειν
2683 4086 2917 4141 ἐθέλετε.

2260 4178 2330 4241 η’.
2351 4171 2488 4224 Ἀλλ’
2519 4169 2579 4223 οὐ
2587 4188 2672 4223 πω
2691 4169 2782 4223 τὸν
2804 4168 3088 4239 κολοφῶνα
3115 4168 3225 4223 τῶν
3245 4170 3432 4224 κακῶν
3463 4164 3638 4233 εἶπον,
3672 4170 3794 4224 οὐδὲ
3813 4172 3875 4226 τὸ

2190 4253 2485 4323 κεφάλαιον
2507 4252 2813 4322 έξεκάλυψα
2834 4252 2934 4322 τῆς
2964 4270 3027 4306 συ
3035 4252 3271 4323 μφορᾶς,
3302 4251 3568 4316 πολλάκις
3587 4254 3685 4325 μὲν
3705 4253 3875 4307 ἐλθὼν

2192 4339 2366 4391 εἰπεῖν
2405 4336 2498 4390 καὶ
2540 4334 2892 4407 ἐρυθριάσας,
2936 4334 3196 4399 πολλάκις
3224 4335 3281 4388 δὲ
3319 4336 3413 4389 καὶ
3441 4337 3771 4408 αἰσχυνθείς.
3806 4336 3874 4389 Τί

2192 4421 2311 4473 ποτ’
2343 4417 2436 4473 οὖν
2489 4420 2609 4472 ὲστι
2658 4418 2850 4484 τοῦτο;
2892 4418 3188 4490 τολμητέον
3231 4418 3341 4490 γὰρ
3389 4418 3617 4490 ἧδηικαὶ
3654 4419 3873 4472 λεκτέον

2192 4501 2346 4555 αὐτό.
2378 4501 2489 4555 Καὶ
2530 4501 2641 4571 γάρ
2691 4500 2983 4571 ἀνανδρίας
3016 4500 3081 4554 ἂν
3112 4500 3198 4572 εἴη
3232 4500 3454 4571 πολλῆς,
3494 4500 3784 4573 μέλλοντάς
3819 4519 3871 4554 τι

2192 4584 2361 4639 κακὸν
2387 4585 2624 4656 ἐξαιρεῖν
2655 4585 2706 4647 ιι,
2745 4585 2884 4656 μηδὲ
2911 4583 3095 4655 φωνὴν
3125 4583 3346 4654 ἀφιέναι
3376 4586 3582 4656 τολμᾷν
3609 4585 3748 4656 ὑπὲρ
3777 4586 3875 4638 αὐ-

2193 4668 2310 4731 τοῦ,
2342 4668 2418 4733 ὼς
2449 4669 2548 4739 τῆς
2583 4668 2742 4738 σιγῆς
2769 4667 3092 4738 αὐτομάτως
3128 4667 3420 4738 ίασομένης
3449 4668 3546 4739 τὴν
3575 4658 3746 4722 νόσον.
3797 4670 3871 4721 Οὐ

2192 4748 2370 4804 τοίνυν
2409 4750 2726 4819 σιγήσομεν,
2774 4748 2877 4802 κᾶν
2916 4748 3174 4819 μυριάκις
3205 4749 3555 4820 αἰσχύνεσθαι
3590 4750 3874 4821 μέλλωμεν

2195 4833 2289 4885 καὶ
2314 4831 2590 4904 ὲρυθριᾷν.
2619 4831 2755 4885 Οὐδὲ
2782 4829 2905 4902 γὰρ·
2929 4830 3112 4901 ἰατρὸς
3147 4831 3355 4901 μέλλων
3384 4832 3650 4903 σηπεδόνα
3678 4832 3872 4885 καθαί-

2198 4933 2337 4985 ρειν,
2360 4916 2760 4986 παραιτήσεται
2788 4913 3270 4986 μεταχειρίσασθαι
3292 4916 3531 4988 σίδηρον,
3567 4918 3662 4970 καὶ
3694 4917 3874 4970 καθεῖ-

2194 5016 2290 5052 ναι·
2315 4998 2607 5061 δακτύλους
2654 5001 2732 5061 εἰς
2776 4996 2939 5050 αὑτὸν
2970 4995 3064 5050 τοῦ
3098 4997 3411 5069 τραύματος
3451 4998 3544 5051 τὸν
3590 4998 3871 5069 πυθμένα’

2194 5079 2389 5134 οὐκοῦν
2405 5080 2524 5133 οὐδὲ
2540 5082 2699 5151 ἡμεῖς
2722 5080 2814 5132 τὸν
2831 5079 2971 5151 ὑπὲρ
2987 5078 3192 5132 τούτων
3216 5079 3373 5149 λόγον
3400 5081 3870 5152 παραιτησόμεθα,

2195 5162 2314 5232 ὅσῳ,
2337 5161 2432 5215 καὶ
2453 5161 2864 5234 χαλεπωτέραή
2893 5161 3161 5233 σηπεδὼν.
3181 5163 3246 5216 Τί
3277 5164 3395 5217 ποτ’
3416 5160 3508 5217 οὖν
3538 5166 3655 5217 ὲστι
3688 5165 3749 5218 τὸ
3778 5183 3876 5219 κα-

2195 5243 2323 5309 κόν;
2364 5244 2545 5316 Ἔρως
2578 5246 2762 5309 καινός
2787 5262 2872 5309 τις
2899 5246 2995 5299 καὶ
3027 5245 3346 5318 παράνομος
3373 5249 3453 5310 εἰς
3483 5246 3576 5301 τὸν
3605 5248 3875 5322 ἡμέτερον

2194 5325 2537 5397 εἰσεκώμασε
2566 5326 2708 5397 βίον·
2745 5328 2959 5399 νόσημα
2986 5329 3224 5382 ἐπέπεσε
3252 5328 3485 5399 χαλεπὸν
3510 5330 3605 5384 καὶ
3624 5329 3864 5384 ἀνίατον⁹

2194 5407 2385 5479 λοιμδς
2423 5409 2738 5481 κατέσκηψε
2771 5410 2990 5465 πάντων
3033 5410 3238 5481 λοιμῶν
3281 5410 3678 5484 χαλεπώτεροςο
3714 5415 3874 5484 καινή

2194 5505 2279 5551 τις
2307 5489 2622 5561 παρανομία
2649 5489 2918 5560 ἐπενοήθη
2950 5489 3046 5544 καὶ
3074 5490 3377 5561 ἀφόρητος⁹
3415 5492 3476 5545 οὐ
3510 5493 3618 5565 γάρ
3650 5495 3699 5546 οί
3730 5495 3875 5548 θετοὶ

2262 5589 2288 5656 _3
2309 5589 2484 5656 ᾗσι-ει.
2508 5595 2564 5639 et
2585 5587 2737 5656 Savil.
2753 5588 3035 5656 ῥνομιειο-ίοιςἶ
3061 5588 3175 5638 Mss.
3201 5593 3535 5656 προσηγορίας.

2260 5649 2287 5714 1}
2312 5650 2422 5714 Duo
2440 5665 2558 5700 mss.
2573 5652 2664 5714 τὸν
2689 5649 2936 5714 μεθύοντα.
2966 5651 3122 5714 Iidem
3147 5649 3260 5700 moi
3295 5649 3559 5703 δεινότατα.

2260 5711 2280 5752 i
2306 5712 2457 5764 Savil.
2482 5718 2537 5762 et
2572 5711 3011 5775 Morélﬁvéxeceg.
3055 5713 3165 5764 Duo
3192 5727 3307 5763 mss.
3332 5715 3422 5763 ἀνά

2196 5774 2504 5839 Μοτε1.εοιο
2527 5775 2673 5839 deest
2715 5773 2802 5831 τήν
2835 5773 3066 5839 σπουδήν.
3107 5774 3262 5827 Paulo
3301 5783 3413 5839 post

2196 5781 2368 5825 Morel.
2395 5781 2504 5824 solo
2527 5781 2673 5824 deest
2715 5781 2802 5831 τὴν
2835 5781 3066 5832 σπουδήν.
3107 5781 3262 5827 Paulo
3301 5783 3413 5839 post
3450 5781 3621 5827 Morel.
3658 5781 3876 5841 έστήκοι,

2195 5837 2347 5887 Savil.
2374 5838 2574 5899 ἑστήκῃ,
2594 5838 2693 5886 duo
2713 5848 2831 5886 mss.
2854 5837 3061 5893 ἑστήκει.
3338 5898 3345 5899 7
3366 5898 3369 5899 ν
3474 5897 3486 5899 Α

2265 5899 2279 5950 j
2313 5900 2395 5960 Sic
2416 5911 2447 5947 ε
2472 5896 2655 5948 διινίιὶο
2678 5902 3001 5948 correximus.
3026 5899 3304 5960 Scripseral
3331 5897 3499 5949 Monlf.
3527 5898 3659 5955 ξύλον
3678 5900 3762 5950 καὶ
3803 5901 3875 5951 λί-
3984 5896 3991 5960 j

2195 5962 2290 6010 θον.
2324 5959 2458 6009 Εωτ.

2259 6025 2283 6062 κ
2312 6020 2462 6072 Savil.
2492 6027 2544 6071 el
2570 6021 2746 6076 more].
2769 6023 2961 6089 έξιριῖν,
2985 6020 3068 6073 alii
3098 6022 3308 6088 ὶξαιρέὶν.

3490 5719 3634 5766 οισθε.
3671 5717 3776 5766 Mox
3825 5718 3875 5769 in
3990 5724 3991 5765 ξ

3988 5774 3991 5829 ἕ

3986 5832 3991 5889 ἐ

3983 5916 3991 5987 i
