4032 6470
179 416 274 474 361

181 528 364 603 μόνον,
386 523 524 582 ἀλλά
548 525 644 581 καὶ
663 523 818 580 αὐτοὶ
833 522 884 576 οί
907 521 1009 593 τῆς
1030 521 1246 594 φύσεως
1259 520 1653 594 ἀνατρέπονται
1674 520 1850 588 νόμοι.

178 624 391 696 Μικρὸν
416 626 497 689 είς
515 621 798 692 ἀσελγείας
817 621 975 691 λόγον
997 620 1223 692 πορνεία
1244 619 1430 673 λοιπόν
1444 636 1456 649 ·
1489 624 1583 671 καὶ
1604 618 1858 687 καθάπερ

180 724 240 778 ἐν
269 725 389 782 ταῖς
419 722 631 784 ὀδύναις
659 720 720 774 τὸ
749 717 1223 791 τυραννικώτερον
1257 717 1428 781 πάθος
1459 716 1552 770 τοῦ
1589 716 1856 788 προτέρου

178 818 280 888 τὴν
316 818 567 889 αἴσθησιν
602 815 838 889 ἔκρυψεν
870 815 1118 879 ἐπελθὸν,
1152 813 1294 868 οῦτω
1327 821 1419 868 καί
1449 816 1482 885 ἡ
1511 814 1608 884 τῆς
1650 808 1860 884 ὕϐρεως

180 913 385 985 ταύτης
418 914 693 987 ὑπερϐολὴ
733 914 919 968 οὐκέτι
963 912 1235 984 ἀφόρητον
1279 913 1424 964 ποιεῖ
1477 909 1763 980 φαίνεσθαι
1800 910 1861 964 τὸ

184 1014 477 1084 ἀφόρητον,
511 1015 613 1087 τὴν
635 1013 766 1085 περὶ
786 1012 885 1084 τὴν
916 1014 1191 1082 γυναῖκαα
1217 1011 1524 1079 ἀσέλγειαν.
1553 1008 1862 1080 ’Δγαπητὸν

182 1111 294 1183 γὰρ
313 1107 449 1166 εἶναι
471 1110 619 1165 δοκεῖ
639 1109 698 1163 τὸ
721 1109 1013 1180 δυνηθῆναι
1038 1107 1106 1161 τὰ
1143 1106 1334 1161 δίκτυα
1356 1106 1530 1161 ταῦτα
1558 1107 1863 1178 διαφυγεῖν,

183 1206 281 1261 καὶ
313 1205 611 1259 κινδυνεύει
642 1205 828 1260 λοιπὸν
867 1204 1121 1278 περιττὸν
1148 1199 1289 1257 εἶναι
1338 1203 1402 1257 τὸ
1436 1204 1547 1258 τῶν
1586 1200 1863 1272 γὺναικῶν

184 1304 366 1372 γένος,
394 1301 504 1356 τῶν
529 1302 664 1357 νέων
686 1302 800 1355 ἀντ’
821 1301 1046 1354 ἐκείνων
1068 1300 1246 1354 πάντα
1268 1300 1337 1354 τὰ
1356 1301 1581 1355 ἐκείνων
1603 1300 1868 1374 πληρούν-

185 1415 319 1454 των.
352 1398 462 1452 Καὶ
488 1399 550 1451 οὐ
576 1397 733 1451 τοῦτό
768 1416 854 1451 πω
878 1397 1068 1464 δεινὸν,
1103 1396 1218 1451 ἀλλ’
1249 1398 1335 1451 ὅτι
1368 1396 1464 1452 καὶ
1493 1396 1631 1469 μετά
1662 1396 1866 1467 πολλῆς

188 1494 456 1565 τολμᾶται
484 1494 582 1566 τῆς
615 1493 799 1559 ἀδείας
832 1494 1002 1566 μύσος
1032 1494 1307 1557 τοσοῦτον,
1338 1494 1433 1549 καὶ
1460 1494 1624 1566 νόμος
1646 1494 1869 1565 γέγονεν

185 1594 224 1665 ἡ
260 1592 601 1664 παρανομία.
631 1591 819 1655 Οὐδεὶς
846 1592 1104 1654 δέδοικεν,
1139 1591 1260 1646 οὐδὲ
1289 1592 1484 1664 τρέμει
1519 1592 1738 1648 λοιπόν·
1775 1592 1869 1646 ού-

187 1689 300 1753 δεὶς
321 1687 656 1759 αἰσχύνεται,
679 1687 799 1742 οὐδὲ
827 1687 1076 1759 ἐρυθριᾷ,
1106 1687 1244 1742 ἀλλά
1275 1691 1370 1743 καὶ
1399 1689 1869 1758 ἐγκαλλωπίζεται

186 1786 267 1859 τῷ
294 1785 492 1857 γέλωτι
514 1785 710 1856 τούτῳ,
738 1785 829 1839 καὶ
865 1783 1153 1856 μαίνεσθαι
1175 1784 1426 1840 δοκοῦσιν
1451 1787 1501 1839 οἱ
1530 1784 1870 1858 σωφρονοῦν-

187 1902 302 1950 τες,
333 1885 429 1939 καὶ
462 1881 798 1954 παραπαίειν
829 1883 880 1937 οἱ
911 1880 1315 1947 νουθετοῦντες·
1349 1883 1455 1937 κᾶν
1503 1882 1603 1955 μὲν
1650 1883 1871 1937 ἀσθενέ-

192 2003 374 2058 στεροι
401 1983 638 2055 τύχωσιν
666 1981 840 2048 ὄντες,
866 1983 1245 2054 συνεκόπησαν
1270 1985 1392 2046 ταῖς
1424 1983 1689 2053 πληγαῖς·
1728 1983 1792 2036 ἂν
1815 1983 1871 2037 δέ

188 2080 571 2152 δυνατώτεροι,
604 2078 979 2151 χλευάζονται,
1012 2078 1301 2148 γελῶνται,
1340 2081 1555 2152 μυρίοις
1584 2080 1872 2133 πλύνονται

193 2177 544 2249 σκώμμασιν.
565 2175 731 2229 Ούδέν
759 2174 951 2245 ὄφελος
973 2173 1357 2246 δικαστηρίων,
1381 2175 1501 2228 οὐδὲ
1523 2176 1724 2248 νόμων,
1753 2177 1874 2230 ούδέ

192 2272 581 2343 παιδαγωγῶν,
614 2273 674 2327 οὐ
704 2272 981 2342 πατέρων,
1012 2273 1112 2325 οὐκ
1142 2271 1472 2336 ἀκολούθων,
1505 2272 1567 2325 ού
1616 2272 1874 2327 διδασκά-

192 2371 333 2427 λων·
363 2370 491 2433 τοὺς
524 2370 623 2441 μὲν
660 2368 770 2440 γάρ
811 2367 1037 2438 ἴσχυσαν
1065 2368 1376 2440 διαφθεῖραι
1410 2370 1709 2442 χρήμασιν,
1750 2371 1799 2424 οι
1831 2371 1875 2424 δ’

190 2471 343 2532 ὅπως
362 2468 545 2532 αὐτοῖς
570 2466 760 2540 μισθὸς
779 2466 991 2536 γένοιτο
1016 2465 1176 2535 μόνον
1196 2465 1365 2538 όρῶσι
1381 2480 1395 2496 ο
1429 2466 1538 2521 τῶν
1557 2467 1613 2521 δέ
1639 2469 1879 2522 ἐπιεικε-

195 2564 424 2637 στέρων,
452 2568 547 2618 καὶ
572 2559 969 2635 φροντιζόντων
1011 2562 1121 2634 [89]
1149 2562 1250 2633 τῆς
1275 2562 1382 2617 τῶν
1407 2564 1878 2636 ὲμπιστευθέντων

192 2664 379 2726 αὐτοῖς
401 2659 759 2732 σωτηρίας,οί
789 2658 886 2732 μὲν
918 2657 1245 2713 κλέπτονται
1272 2658 1473 2731 ῥᾳδίως
1503 2661 1599 2715 καὶ
1627 2661 1880 2715 ἀπατῶν-

194 2775 309 2825 ται,
354 2760 403 2811 οἱ
435 2758 492 2811 δὲ
524 2757 617 2811 καὶ
658 2755 927 2810 δεδοίκασι
971 2756 1080 2810 τῶν
1127 2755 1442 2810 ἀκολάστων
1480 2755 1580 2829 τὴν
1626 2755 1875 2827 δύναμιν.

207 2855 367 2927 Ῥᾷον
390 2852 497 2925 γάρ
525 2854 589 2908 ἀν
617 2870 700 2917 τις
731 2850 1090 2915 ὑποπτευθεὶς
1136 2852 1231 2905 ἐπὶ
1261 2852 1539 2923 τυραννίδι
1567 2851 1879 2923 διασωθείη,

162 3024 169 3029 _
197 2954 232 3025 ἢ
265 2952 375 3007 τῶν
404 2950 618 3025 μιαρῶν
651 2949 876 3003 ἐκείνων
905 2949 1143 3016 ἀπάγειν
1194 2948 1498 3022 πειραθεὶς,
1530 2951 1631 3014 τὰς
1656 2951 1881 3006 ἐκείνων

164 3032 449 3121 ιδιαφύγοι
479 3048 668 3119 χεῖράς
717 3062 880 3100 ποτε·
914 3046 1057 3100 οὕτω
1090 3045 1343 3119 καθάπερ
1367 3048 1455 3115 ἐπ’
1486 3048 1723 3121 ἐρημίας
1754 3048 1882 3102 πολ-

198 3148 319 3217 λῆς,
340 3146 397 3198 ἐν
418 3143 609 3215 μέσαις
629 3142 748 3204 ταῖς
770 3141 990 3195 πόλεσιν
1013 3143 1239 3213 ἄρρενες
1265 3143 1324 3195 ἐν
1347 3142 1568 3214 ἄρσεσιν
1591 3143 1688 3214 τὴν
1708 3145 1882 3215 ἀσχη-

204 3244 441 3315 μοσύνην
477 3237 928 3311 κατεργάζονται.
963 3238 1027 3291 Εἰ
1060 3239 1118 3293 δέ
1158 3255 1303 3303 τινες
1336 3238 1537 3304 ταύτας
1566 3240 1822 3311 διέφυγον
1852 3242 1882 3282 ι)

200 3340 299 3403 τὰς
324 3335 527 3407 παγάς,
554 3334 653 3407 τὴν
682 3333 814 3405 γοῦν
845 3334 1089 3408 πονηράν
1114 3334 1224 3388 τῶν
1244 3335 1313 3390 τά
1341 3335 1566 3390 τοιαῦτα
1594 3337 1885 3410 ὑϐριζομέ-

201 3454 309 3491 νων
331 3435 601 3496 δυσκόλως
624 3432 1002 3503 διαφεύξονται
1021 3434 1177 3500 δόξαν
1191 3450 1204 3464 ·
1232 3433 1448 3507 πρῶτον
1474 3435 1592 3506 μὲν,
1613 3436 1696 3489 ὅτι
1714 3436 1884 3506 ὀλίγοι

205 3535 415 3606 σφόδρα
435 3533 563 3596 είσὶ,
596 3531 887 3604 καὶταύτῃ
915 3532 1113 3604 ῥᾳδίως
1142 3532 1209 3585 ἂν
1233 3531 1314 3605 τῷ
1340 3533 1450 3586 τῶν
1473 3534 1724 3607 πονηρῶν
1745 3534 1883 3608 κρύ-

204 3646 427 3685 πτοιντο
461 3627 694 3698 πλήθει·
735 3627 1009 3699 δεύτερον,
1050 3628 1134 3680 ὅτι
1174 3626 1272 3681 καὶ
1304 3627 1461 3682 αὐτοὶ
1491 3629 1543 3683 οἱ
1574 3631 1759 3703 μιαροὶ
1790 3631 1885 3686 καὶ

203 3725 637 3796 ἐναγεῖς’ὲκεῖνοι
667 3722 938 3795 δαίμονες,
972 3722 1073 3777 οὐκ
1102 3722 1319 3793 ἔχοντες
1348 3724 1551 3796 ἑτέρως
1575 3724 1885 3795 ἀμύνασθαι

202 3823 333 3885 τοὺς
377 3820 730 3892 ὑπεριδόντας
765 3820 971 3885 αὐτῶν,
1016 3819 1189 3892 ταύτῃ
1235 3820 1624 3885 σπουδάζουσιν
1658 3823 1881 3878 ἀδικεῖν.

216 3918 439 3991 Ἐπειδὴ
478 3917 719 3998 γὰρσούκ
767 3916 994 3989 ἴσχυσαν
1024 3916 1245 3989 καιρίαν
1277 3915 1461 3972 δοῦναι
1503 3918 1739 3992 πληγὴν,
1775 3921 1885 3974 οὐδ’

205 4015 380 4085 αὐτῆς
424 4013 748 4069 καθικέσθαι
777 4017 880 4086 τῆς
911 4013 1110 4088 ψυχῆς,
1152 4015 1244 4071 τὸν
1293 4014 1425 4084 γοῦν
1457 4014 1654 4081 ἔξωθεν
1702 4018 1887 4084 αὐτοῖς

208 4110 590 4184 περικείμενον
633 4111 842 4184 τρῶσαι
875 4111 1078 4182 κόσμον
1112 4113 1479 4186 ἐπιχειροῦσι,
1521 4115 1617 4169 καὶ
1659 4116 1760 4189 τὴν
1796 4116 1888 4170 εὕ-

209 4210 395 4265 κλειαν
420 4210 638 4265 ἃπασαν
678 4209 908 4263 ἀνελεῖν.
953 4208 1117 4262 Ὅθεν
1139 4209 1235 4263 καὶ
1264 4207 1474 4262 πολλῶν
1498 4208 1886 4282 θαυμαζόντων

207 4306 438 4376 ἧκουν,
464 4304 580 4368 πῶς
604 4304 813 4359 οὐδέπω
833 4306 927 4360 καὶ
949 4306 1189 4378 τήμερον
1217 4304 1422 4376 ὄμϐρος
1446 4305 1534 4359 ἒτε
1543 4324 1633 4377 ρος
1656 4307 1887 4381 κατηνέ-

211 4402 316 4474 χθη
342 4402 531 4475 πυρὸς,
561 4401 679 4468 πῶς
705 4403 918 4456 οὐδέπω
943 4403 1012 4457 τὰ
1030 4402 1139 4457 τῶν
1171 4389 1419 4474 Σοδόμων
1447 4404 1649 4460 ἔπαθεν
1674 4408 1807 4478 ἡμῖν
1852 4408 1888 4481 ἡ

211 4498 388 4563 πόλις,
419 4499 660 4571 τοσούτῳ
690 4500 1077 4572 χαλεπωτέρας
1111 4500 1239 4567 ἀξία
1272 4500 1549 4565 κολάσεως
1578 4499 1734 4571 οὖσα,
1765 4506 1889 4562 ὅσον

217 4595 355 4669 μηδέ
385 4596 499 4658 τοῖς
527 4594 749 4649 ἐκείνων
777 4596 1151 4669 ἐσωφρονίσθη
1191 4599 1383 4660 κακοῖς
1407 4608 1465 4663 ος
1511 4598 1673 4653 Ἀλλά
1710 4602 1890 4657 καίτοι

214 4694 319 4764 τῆς
343 4691 524 4764 χώρας
550 4693 761 4765 ἐκείνης
775 4695 832 4747 ἐν
847 4693 1128 4764 δισχιλίοις
1148 4694 1337 4747 λοιπὸν
1355 4693 1521 4760 ἔτεσι,
1540 4697 1726 4769 φωνῆς
1750 4698 1890 4770 λαμ.

212 4792 481 4862 πρότερον
504 4789 590 4844 ea
612 4791 708 4861 τῆς
736 4791 913 4862 ὅψεως
941 4791 1078 4863 πρὸς
1104 4792 1322 4845 ἃπασαν
1350 4791 1561 4865 βοὼσης
1583 4794 1682 4868 τὴν
1705 4799 1888 4852 οίκουο

215 4888 386 4960 μένην
420 4888 553 4958 μηδέ
590 4889 830 4943 τοιοῦτον
860 4889 1088 4961 τολμᾷν,
1125 4876 1186 4944 ού
1222 4890 1382 4962 μόνον
1410 4893 1509 4947 οὐκ
1541 4895 1889 4969 όκνηρότεροι

211 4989 345 5061 περὶ
371 4988 469 5060 τὴν
496 4989 768 5061 ἁμαρτίαν
802 4989 1051 5058 ἐγένοντο
1073 4991 1297 5064 ταύτην,
1326 4992 1461 5048 ἀλλά
1490 4995 1585 5049 καὶ
1621 4997 1889 5068 ἰταμώτε-

217 5099 323 5155 ροι,
357 5083 609 5155 καθάπερ
633 5083 1060 5154 φιλονεικοῦντες
1079 5085 1159 5158 τῷ
1178 5087 1318 5159 Θεῷ,
1344 5091 1437 5145 καὶ
1459 5091 1548 5145 διὰ
1579 5093 1688 5149 τῶν
1714 5093 1892 5166 ἔργων

213 5176 386 5242 δεῖξαι
413 5179 827 5245 σπουδάζοντες,
858 5182 943 5235 ὅτι
969 5182 1209 5255 τοσούτῳ
1236 5188 1351 5250 τοῖς
1386 5191 1579 5252 κακοῖς
1607 5190 1894 5262 ἐπιθήσον-

208 5297 303 5335 ται
330 5280 560 5348 τούτοις,
578 5283 758 5355 ὃσῳπε
766 5300 800 5355 ρ
825 5282 893 5337 ἂν
916 5283 1100 5349 αὐτοῖς
1123 5286 1383 5356 μειζόνως
1401 5289 1618 5362 ἀπειλῇ.
1648 5290 1773 5356 Πῶς
1798 5288 1891 5347 οὖν

214 5375 367 5428 οὐδὲν
393 5376 582 5444 γέγονε
610 5377 871 5445 τοιοῦτον,
888 5378 1024 5432 ἀλλά
1049 5379 1116 5433 τὰ
1134 5380 1234 5453 μέν
1250 5382 1498 5454 Σοδόμων
1519 5384 1891 5457 ἁμαρτήματα

214 5472 499 5543 τολμᾶται,
536 5475 606 5528 τὰ
635 5476 692 5531 δέ
731 5477 981 5550 Σοδόμων
1014 5480 1072 5533 ού
1126 5480 1334 5550 γίνεται
1373 5482 1556 5555 «aen;
1598 5485 1723 5540 Ὅτι
1779 5488 1890 5562 πῦρ

216 5567 415 5629 αὐτοὺς
429 5565 515 5619 ἐτε
526 5584 615 5639 ρον
631 5570 1007 5647 χαλεπώτερον
1023 5575 1195 5647 μένει,
1221 5579 1314 5631 καὶ
1334 5578 1557 5642 κόλασις
1574 5580 1672 5634 οὐκ
1693 5580 1892 5653 ἔχουσα

283 5811 569 5891 ιξᾼξσνιιζίιιὶ
584 5817 724 5891 ιοειῑο
749 5819 911 5891 etguo
930 5836 1048 5874 mss.
1070 5826 1179 5891 περὶ
1196 5825 1436 5889 γυναῖκας.
1465 5825 1639 5880 Morel.
1666 5834 1720 5881 et
1739 5830 1889 5883 Savil.

106 5916 109 5927 λ
137 5917 143 5924 .
219 5868 443 5937 Ιυ-ιτιςιτε.
468 5876 575 5937 περὶ
596 5877 683 5932 τήν
704 5868 917 5936 γυναῖκα,

285 5933 312 6027 2
602 5933 1056 6027 ngll.
1076 5950 1132 6018 οι
1151 5946 1326 5997 Μητρὶ.
1351 5949 1581 6027 διέφερον.

331 5997 443 6046 Duo
463 6006 578 6045 mss.
603 5997 704 6061 δτφ
732 6000 849 6060 μηδέ
875 5997 976 6061 τοῖς
1001 6004 1188 6055 ἐκείνων
1214 5997 1589 6073 σωφρονιᾶθῆναι
1613 6015 1795 6073 κακοῖς.

956 408 1015 464 8.
1055 406 1346 464 JOANNIS
1383 403 1875 462 CIIRYSOSTOMI
1916 401 2241 458 ARCIIIEP.
2285 399 2838 458 CONSTANTINOP.

2396 91 2436 123 κ

3569 402 3703 458 362

1966 517 2137 581 τέλος.
2169 517 2280 572 Καὶ
2305 517 2416 590 γὰρ
2434 516 2544 570 τῶν
2572 516 2676 570 ὑπὸ
2703 515 2796 570 τοῦ
2826 514 3211 587 κατακλυσμοῦ
3237 516 3704 590 διαφθαρέντων

1964 604 2145 675 ποκλῴ
2202 605 2519 676 μιαρώτερα
2571 603 2962 676 τολμησάντων
3010 603 3230 659 ἐκείνων
3263 603 3316 667 ἀ,
3350 606 3463 659 τῶν
3533 618 3704 677 μετα

1964 694 2136 746 ταῦτα
2166 693 2331 761 λέγω,
2365 693 2541 757 οὐδεὶς
2571 691 2629 759 ἐξ
2658 691 2869 745 ἐκείνου
2902 690 3125 760 γέγονεν
3154 690 3361 763 ὄμϐρος
3386 692 3701 755 τοιοῦτος.

1969 780 2260 834 Κάνταῦθα
2294 779 2352 834 δέ
2384 780 2544 833 πάλιν
2574 780 2608 850 ὴ
2654 777 2801 831 αἰτία
2838 780 2871 850 ὴ
2904 778 3075 849 αὐτή·
3110 778 3237 831 ἐπεὶ
3278 779 3419 842 τίνος
3471 779 3704 833 ἕνεκεν

1966 871 2016 923 οἱ
2057 870 2155 940 μέν
2183 868 2335 940 παρὰ
2367 866 2465 939 τὴν
2495 866 2668 938 ἀρχὴν
2703 864 3007 937 γενόμενοι,
3043 866 3131 919 ὅτε
3158 864 3285 919 οὔτε
3322 865 3704 939 δικαστήρια

1966 956 2056 1030 ἦν,
2098 958 2218 1013 οὐδὲ
2270 958 2549 1031 ἀρχόντων
2596 956 2850 1011 ἐπέκειτο
2899 955 3099 1026 φόϐος,
3135 955 3197 1009 ού
3249 956 3414 1028 νόμος
3476 957 3703 1028 παρῆν

1970 1049 2228 1113 ἀπειλῶν,
2269 1049 2329 1102 ού
2379 1046 2676 1119 προφητῶν
2719 1043 2879 1116 χορὸς
2916 1043 3215 1115 ῥυθμίζων.
3250 1044 3311 1098 οὐ
3352 1046 3703 1117 προσδοκία

1971 1140 2217 1209 γεέννης,
2245 1137 2306 1190 ού
2342 1134 2620 1207 βασιλείας
2650 1135 2827 1200 ἐλπὶς,
2857 1134 2958 1187 οὐκ
2990 1132 3124 1204 άλλη
3154 1133 3463 1203 φιλοσοφία,
3506 1135 3585 1188 οὐ
3618 1133 3705 1188 τὰ

1974 1227 2228 1298 θαύματα
2260 1225 2328 1280 τά
2356 1228 2451 1280 καὶ
2483 1225 2665 1289 λίθους
2696 1223 3004 1293 ἀναστῆσαι
3032 1223 3324 1294 δυνάμενα,
3358 1224 3484 1288 πῶς
3522 1217 3705 1278 οὗτοι

1977 1313 2074 1385 μὲν
2102 1314 2153 1366 οί
2198 1313 2427 1385 μηδενὸς
2462 1313 2667 1367 τούτων
2691 1310 3100 1374 ἀπολαύσαντες
3132 1312 3271 1383 ὑπὲρ
3301 1302 3375 1365 ὧν
3405 1313 3704 1386 ἥμαρτον

1973 1400 2241 1473 τοσαύτην
2269 1400 2478 1455 ἔδωκαν
2512 1400 2691 1472 δίκην,
2731 1399 2781 1453 οἱ
2809 1398 2868 1452 δὲ
2896 1399 3114 1452 πάντων
3145 1398 3353 1453 τούτων
3385 1414 3701 1471 μετεσχη-

1974 1495 2133 1547 κότες
2154 1532 2170 1556 ,
2228 1489 2324 1544 καὶ
2362 1488 2566 1561 μεταξὺ
2619 1487 2878 1542 τοσούτου
2929 1486 3131 1552 ζῶντες
3177 1488 3341 1557 φόϐου
3371 1488 3466 1540 καὶ
3508 1486 3701 1542 θείων

1974 1573 2343 1645 δικαστηρίων
2376 1572 2471 1628 καὶ
2504 1571 2887 1643 ἀνθρωπίνων,
2919 1568 3134 1623 οὐδέπω
3181 1568 3277 1622 καὶ
3304 1571 3566 1641 τήμερον
3617 1569 3698 1623 τὰ

1975 1661 2116 1715 αὐτὰ
2137 1661 2338 1715 ἔπαθον
2357 1660 2607 1723 ἐκείνοις,
2624 1657 3014 1729 χαλεπωτέρας
3030 1656 3181 1720 ὄντες
3197 1656 3335 1720 ἄξιοι
3350 1656 3661 1720 κολάσεως
3676 1672 3693 1722 ;

1976 1745 2104 1822 τΔρ⁹
2128 1750 2249 1820 οὐχὶ
2275 1751 2370 1802 καὶ
2394 1748 2549 1802 παιδὶ
2577 1746 2736 1817 δῆλόν
2761 1748 2932 1808 ἐστιν,
2962 1745 3045 1798 ὅτι
3067 1744 3401 1816 σφοδροτέρᾳ
3426 1742 3694 1815 τηροῦν-

1976 1852 2070 1890 ται
2099 1835 2256 1906 δίκῃ;
2296 1836 2360 1889 El
2420 1833 2529 1906 γὰρ
2568 1835 2731 1904 ἡμεῖς
2762 1830 3099 1905 ὀργιζόμεθα
3131 1830 3303 1893 οὕτως
3334 1833 3431 1884 καί
3456 1831 3695 1900 ἀγανα-

1978 1921 2237 1994 κτοῦμεν,
2271 1923 2301 1976 ὁ
2340 1921 2471 1984 Θεὸς
2504 1922 2534 1974 ό
2563 1921 2782 1975 πάντων
2825 1917 3057 1991 μάλιστα
3080 1917 3176 1971 τοῦ
3207 1917 3315 1971 τῶν
3355 1917 3694 1991 ἀνθρώπων

1979 2009 2170 2078 γένους
2195 2007 2513 2080 κηδόμενος,
2539 2008 2634 2062 καὶ
2658 2007 2754 2078 τὴν
2784 2006 2981 2060 κακίαν
3014 2005 3220 2077 σφόδρα
3249 2004 3693 2077 ἀποστρεφόμε-

1979 2111 2068 2158 νος
2095 2095 2192 2149 καὶ
2230 2094 2425 2161 μισῶν,
2461 2094 2579 2159 πῶς
2611 2095 2899 2164 ἀνάσχοιτο
2925 2093 3097 2146 ταῦτα
3123 2091 3424 2163 τολμᾶσθαι
3452 2093 3691 2163 ἀτιμω-

1986 2181 2138 2252 ρητί;
2175 2181 2288 2234 Οὐκ
2321 2181 2437 2234 ἔστι
2463 2182 2658 2248 ταῦτα,
2689 2182 2790 2235 οὐκ
2833 2180 3009 2235 ἐστιν·
3050 2181 3166 2234 ἀλλ’
3204 2181 3412 2235 ἐποίσει
3444 2181 3694 2244 πάντως

1983 2271 2166 2335 αὐτοῖς
2187 2270 2283 2342 τὴν
2307 2273 2465 2342 χεῖρα
2488 2272 2588 2343 τὴν
2609 2269 2898 2343 κραταιὰν,
2925 2270 3020 2323 καὶ
3045 2269 3145 2341 τὴν
3166 2268 3379 2340 πληγὴν
3406 2268 3514 2340 τὴν
3535 2268 3693 2338 ἀφό-

1985 2376 2168 2432 ρητον,
2196 2361 2291 2413 καὶ
2321 2359 2432 2433 [90]
2465 2360 2574 2414 τῶν
2609 2358 3043 2431 βασανιστηρίων
3071 2360 3171 2430 τὴν
3204 2358 3393 2430 ὀδύνην
3417 2357 3688 2422 ἐκείνων,

1983 2445 2154 2507 οὕτως
2167 2443 2331 2499 οὖσαν
2353 2448 2616 2518 χαλεπὴν.
2635 2447 2711 2511 ὼς
2725 2445 2796 2500 τά
2817 2447 2876 2500 ἐν
2896 2447 3151 2517 Σοδόμοις
3176 2445 3320 2517 πάθη
3338 2446 3477 2518 πρὸς
3493 2446 3692 2499 ταῦτα

1984 2534 2443 2608 παραϐαλλόμενα
2474 2536 2703 2604 παίγνια
2732 2530 2871 2590 εἶναι
2907 2534 3242 2606 νομίζεσθαι.
3277 2535 3439 2598 Τίνας
3469 2533 3592 2605 γὰρ
3619 2534 3689 2586 ού

1985 2623 2312 2696 παρήλασαν
2335 2618 2480 2680 οὗτοι
2511 2624 2841 2697 βαρϐάρους,
2862 2624 3034 2677 ποίων
3055 2622 3260 2695 θηρίων
3280 2624 3434 2693 γένος
3455 2623 3550 2676 διὰ
3578 2622 3690 2693 τῆς

1987 2710 2343 2781 ἀναισχύντου
2392 2712 2590 2785 μίξεως
2614 2710 2850 2783 ταύτης;
2881 2711 3069 2764 Ἔστιν
3097 2709 3155 2764 ἐν
3185 2729 3293 2764 τισι
3320 2708 3426 2763 τῶν
3452 2709 3685 2777 ἀλόγων

1987 2795 2202 2871 οἶστρος
2236 2802 2431 2865 πολὺς,
2477 2801 2571 2855 καὶ
2612 2799 2881 2872 ἐπιθυμία
2918 2799 3222 2870 ἀφόρητος,
3280 2800 3477 2870 μανίας
3515 2799 3688 2853 οὐδὲν

1986 2887 2344 2961 διαφέρουσα·
2377 2891 2495 2945 ἀλλ’
2528 2892 2680 2961 ὅμως
2707 2890 2895 2944 τοῦτον
2921 2891 3021 2944 οὐκ
3049 2886 3157 2943 οἶδε
3188 2890 3279 2942 τὸν
3305 2890 3506 2962 ἔρωτα,
3557 2889 3683 2943 ἀλλ’

1988 2977 2218 3048 ἕστηκεν
2251 2980 2383 3033 εἵσω
2411 2980 2520 3032 τῶν
2549 2980 2648 3050 τῆς
2678 2979 2891 3049 φύσεως
2938 2981 3100 3051 ὅρων·
3134 2977 3238 3032 κᾶν
3270 2979 3534 3051 μυριάκις
3573 2994 3682 3030 κα-

1989 3064 2184 3136 χλάζῃ,
2220 3067 2348 3129 τοὺς
2388 3067 2486 3136 τῆς
2534 3065 2748 3134 φύσεως
2782 3067 2883 3120 ούκ
2926 3064 3221 3137 ἀνατρέπει
3255 3066 3470 3136 νόμους.
3510 3066 3582 3117 Οί
3621 3064 3681 3117 δὲ

1989 3152 2199 3222 λογικοὶ
2223 3152 2407 3224 δῆθεν,
2433 3154 2529 3208 καὶ
2554 3153 2703 3218 θείας
2738 3152 3146 3216 ἀπολαύσαντες
3175 3151 3550 3215 διδασκαλίας,
3581 3150 3684 3203 καὶ

1990 3238 2050 3291 τὸ
2089 3240 2356 3311 πρακτέον
2384 3242 2478 3294 καὶ
2508 3240 2571 3295 τὸ
2603 3245 2678 3315 μὴ
2710 3241 2956 3296 τοιοῦτον
2986 3242 3195 3313 ἐτέροις
3237 3239 3676 3310 διαγορεύοντες.

1991 3325 2085 3379 καὶ
2109 3327 2455 3399 γραμμάτων
2479 3328 2539 3393 ἐξ
2563 3329 2791 3401 ούρανοῦ
2816 3328 3171 3383 καταϐάντων
3188 3326 3544 3389 ἀκούσαντες,
3574 3323 3678 3393 οὐχ

1989 3412 2164 3476 οὕτως
2185 3414 2357 3488 ἀδεῶς
2378 3419 2498 3481 ταῖς
2522 3417 2773 3488 πόρναις,
2797 3417 2985 3488 ὥσπερ
3006 3417 3119 3478 τοῖς
3139 3416 3280 3477 νέοις
3302 3413 3673 3481 συγγίνονται.

1991 3498 2220 3553 Καθάπε
2228 3516 2259 3573 ρ
2275 3484 2384 3573 γάρ
2405 3503 2542 3573 μήτε
2558 3484 2657 3556 ἀνθ
2667 3501 2865 3574 ρώπων
2881 3484 3071 3565 ὄντων,
3099 3502 3235 3572 μήτε
3261 3499 3517 3571 προνοίας
3534 3496 3675 3551 Θεοῦ

1991 3587 2328 3660 ἐφεστώσης,
2359 3592 2454 3644 καὶ
2481 3591 2813 3661 δικαζούσης
2845 3594 2959 3654 τοῖς
2988 3589 3311 3659 γινομένοις,
3341 3587 3454 3641 ἀλλ’
3479 3586 3677 3659 ῶσπερ

1993 3675 2186 3729 σκότου
2221 3676 2401 3730 πάντα
2427 3678 2848 3741 καταλαϐόντος,
2885 3678 2980 3732 καὶ
3010 3676 3234 3749 μηδενὸς
3269 3678 3405 3747 μήτε
3433 3674 3678 3744 ὁρῶντος

1990 3765 2182 3830 ταῦτα,
2219 3767 2356 3838 μήτε
2385 3766 2698 3832 ἀκούοντος,
2727 3768 2871 3821 οὕτω
2909 3769 3089 3823 πάντα
3117 3766 3377 3838 τολμῶσι,
3409 3765 3505 3817 καλ⁸
3532 3761 3679 3836 μετά

1991 3852 2259 3926 τοσαύτης
2285 3854 2500 3924 μανίας.
2524 3856 2587 3909 UE
2607 3855 2665 3908 δὲ
2685 3855 2795 3908 τῶν
2816 3853 3189 3927 ὑϐριζομένων
3209 3854 3411 3907 παίδων
3434 3850 3677 3923 πατέρες

1993 3940 2220 4012 φέρουσι
2243 3941 2419 3996 ταῦτα
2449 3945 2597 4014 σιγῇ,
2625 3943 2721 3997 καὶ
2741 3944 2802 3997 οὐ
2829 3943 3222 4014 κατορύττουσι
3250 3941 3386 4013 μετά
3408 3940 3518 3994 τῶν
3544 3936 3677 3992 παί-

1991 4027 2099 4080 δων
2124 4027 2373 4093 ἐαυτοῦς,
2399 4028 2521 4083 οὐδὲ
2549 4030 2827 4084 ἐπινοοῦσί
2852 4048 2974 4085 τινα
2999 4029 3354 4103 παραμυθίαν
3381 4026 3459 4099 τῷ
3490 4023 3669 4097 κακῷ.

1994 4114 2060 4171 El
2106 4117 2216 4189 γὰρ
2250 4119 2331 4182 εἰς
2374 4120 2673 4192 ὑπερορίαν
2721 4122 2828 4176 ἀπὸ
2854 4121 3062 4193 ταύτης
3110 4120 3336 4175 ἑλκύσαι
3370 4121 3470 4190 τῆς
3512 4118 3672 4173 νόσου

1992 4205 2120 4270 τοὺς
2144 4208 2282 4271 υἱεῖς
2308 4207 2435 4274 ἔδει,
2471 4209 2520 4262 εἰ
2547 4208 2656 4281 γὰρ
2690 4211 2769 4273 εἰς
2797 4210 3094 4275 θάλασσαν,
3124 4210 3174 4263 εί
3203 4208 3311 4281 γὰρ
3341 4209 3421 4271 είς
3450 4208 3667 4275 νήσους,

1994 4295 2045 4347 εί
2069 4294 2182 4368 γὰρ
2204 4296 2284 4359 είς
2310 4296 2511 4350 ἄϐατον
2540 4298 2645 4368 γῆν
2662 4339 2678 4365 ,
2711 4299 2761 4351 εἰ
2798 4298 2908 4369 γὰρ
2929 4300 3008 4363 είς
3031 4298 3129 4370 τὴν
3157 4296 3298 4366 ὑπὲρ
3319 4296 3467 4367 ἡμᾶς
3490 4296 3667 4348 οίκουο

1999 4380 2186 4453 μένην,
2210 4383 2310 4436 οὐκ
2328 4382 2435 4436 ἔδει
2457 4386 2636 4438 πάντα
2655 4385 2876 4456 ποιῆσαι
2900 4385 2996 4440 καὶ
3022 4385 3212 4439 παθεῖν
3232 4384 3376 4437 ὥστε
3401 4385 3474 4455 μὴ
3498 4381 3667 4434 ταῦτα

1994 4468 2250 4538 γενέσθαι
2284 4469 2354 4523 τὰ
2399 4471 2713 4544 μιάσματα;
2758 4472 2898 4526 Ἀλλ’
2925 4474 2975 4526 εί
3015 4472 3118 4545 μὲν
3154 4471 3402 4525 ἐπίνοσὸν
3432 4487 3534 4523 που
3574 4466 3667 4521 καὶ

1995 4555 2076 4608 λοι
2085 4555 2245 4626 μικόν
2274 4557 2390 4611 ἐστι
2415 4559 2638 4631 χωρίον,
2668 4561 2768 4614 ούκ
2797 4559 3078 4631 ἀπάξομεν
3096 4560 3212 4613 ἐκεῖ
3233 4560 3360 4621 τοὺς
3383 4558 3540 4620 υίεῐς,
3565 4554 3667 4608 κᾶν

2000 4643 2212 4715 μεγάλα
2234 4645 2540 4717 κερδαίνειν
2565 4647 2823 4718 μέλλωσι,
2851 4649 2956 4701 κᾶν
2987 4648 3192 4719 σφόδρα
3218 4645 3443 4716 ὑγιεινοὶ
3469 4643 3670 4714 τυγχά-

1995 4748 2161 4784 νωσιν
2203 4732 2390 4800 6ντες;
2432 4734 2551 4787 νυνὶ
2593 4734 2651 4788 δὲ
2691 4734 2960 4807 τοσαύτης
3009 4736 3079 4789 τὰ
3127 4735 3304 4788 πάντα
3337 4730 3669 4802 κατεχούσης

1995 4816 2195 4888 λύμης,
2224 4821 2285 4873 οὐ
2315 4819 2476 4889 μόνον
2501 4822 2657 4875 αὐτοὶ
2689 4822 2827 4894 πρὸς
2858 4822 3030 4877 ταῦτα
3057 4822 3285 4893 ἕλκομεν
3316 4820 3388 4874 τά
3421 4818 3669 4891 βάραθρα

1997 4906 2216 4969 αὐτοὺς,
2234 4906 2370 4961 ἀλλά
2389 4907 2486 4961 καὶ
2506 4908 2634 4973 τοὺς
2654 4909 2960 4978 ἀπαλλάξαι
2983 4908 3336 4980 βουλομένους
3358 4908 3434 4969 ὡς
3455 4902 3666 4976 λυμεῶ⁹

1996 5008 2094 5055 νας
2135 4993 2532 5065 ἀπελαύνομεν.
2581 4997 2694 5051 Καὶ
2737 4996 2911 5069 πόσης
2955 4998 3057 5050 οὐκ
3095 4994 3225 5060 ἀξια
3260 4993 3432 5048 ταῦτα
3478 4991 3663 5064 ὀργῆς,

1997 5080 2181 5133 πόσων
2211 5082 2494 5151 σκηπτῶν,
2525 5084 2653 5137 ὅταν
2680 5084 2780 5156 τὴν
2809 5086 2906 5155 μέν
2924 5084 3173 5153 γλῶτταν
3199 5084 3381 5144 αὐτοῖς
3409 5078 3665 5132 ἐκκαθαί-

2000 5183 2114 5238 ρειν
2141 5167 2232 5222 διά
2260 5169 2361 5239 τῆς
2389 5168 2588 5234 ἔξωθεν
2624 5174 2815 5242 σοφίας
2843 5172 3254 5242 σπουδάζωμεν.
3288 5170 3385 5241 τὴν
3414 5168 3471 5221 δὲ
3492 5166 3665 5237 ψυχὴν

1997 5257 2056 5309 ἐν
2089 5255 2238 5328 αὐτῷ
2264 5258 2366 5327 τῆς
2395 5258 2685 5328 ἀσελγείας
2712 5259 2790 5331 τῷ
2820 5260 3065 5332 βορϐόρῳ
3093 5259 3349 5331 κειμένην
3377 5257 3469 5309 καὶ
3503 5270 3667 5325 σηποο

2001 5342 2170 5413 μένην
2195 5343 2485 5410 διαπαντὸς
2515 5344 2590 5417 μὴ
2616 5346 2776 5417 μόνον
2800 5348 3149 5420 περιορῶμεν
3166 5355 3210 5412 θ,
3234 5345 3370 5399 ἀλλά
3396 5344 3489 5397 καὶ
3512 5346 3665 5413 ἐγερ-

1999 5430 2158 5500 θῆναι
2187 5430 2517 5504 βουλομένην
2545 5433 2873 5504 κωλύωμενς
2919 5435 3041 5489 Ἔτι
3076 5429 3169 5489 οῦν
3193 5435 3455 5504 τολμήσει
3475 5449 3556 5494 τις
3588 5431 3664 5483 είο

1999 5519 2235 5585 πεῖν,ὂτι
2254 5519 2477 5574 δυνατὸν
2501 5521 2744 5592 σωθῆναι
2761 5525 2887 5588 τοὺς
2909 5524 2966 5576 ἐν
2986 5522 3248 5585 τοιούτοις
3268 5522 3424 5582 ὄντας
3448 5520 3658 5580 κακοῖςς

2000 5606 2203 5671 Πόθεν;
2232 5609 2295 5661 Οί
2324 5609 2424 5679 μὲν
2448 5609 2558 5680 γὰρ
2580 5609 2680 5682 τὴν
2708 5610 2818 5664 τῶν
2842 5612 3155 5666 ἀκολάστων
3179 5610 3527 5678 διαφυγόντες
3566 5620 3662 5676 μα-

1998 5691 2117 5745 νίαν
2159 5693 2352 5765 (ὀλίγοι
2383 5695 2440 5749 δέ
2475 5698 2612 5750 είσιν
2653 5691 2841 5767 οὗτοι),
2888 5700 3014 5763 τοὺς
3050 5698 3400 5771 τυραννικοὺς
3430 5693 3661 5753 ἐκείνους

1998 5779 2228 5849 ἔρωτας,
2244 5782 2340 5836 καὶ
2363 5784 2431 5837 τά
2452 5783 2628 5839 πάντα
2644 5785 3078 5858 διαφθείροντας,
3098 5786 3222 5849 τοὺς
3242 5784 3347 5837 τῶν
3373 5780 3659 5854 χρημάτων

2066 5882 2092 5921 ά
2118 5883 2270 5954 δονη.
2292 5887 2340 5936 iu
2360 5890 2504 5954 gestu
2529 5890 2580 5954 ξι
2602 5886 2699 5954 d_no
2721 5900 2836 5939 mss.
2867 5890 3211 5954 τολμησάντων
3226 5889 3412 5952 ἐτέρων.
3440 5883 3588 5936 Sa?"-
3610 5878 3654 5931 ίο

1999 5947 2744 6055 ωετξξέῖέιισινῑιςιξιιίῖτξς

2160 6019 2187 6056 c
2209 6020 2322 6058 mss.
2350 6017 2403 6060 et
2434 6011 2501 6059 ita
2523 6010 2643 6074 legit
2672 6018 2917 6076 mterpres
2965 6013 3095 6066 Edili
3132 6027 3248 6064 vero
3271 6015 3468 6069 ὁρῶμεν.
