4032 6396
326 345 428 401 361

325 455 426 514 sed
468 456 743 513 naturales
777 457 908 527 ipsa:
953 455 1097 526 leges
1125 463 1458 510 evertuntur.
1483 454 1652 509 Parva
1690 468 1777 509 res
1800 453 1911 523 jam

327 558 415 603 est
445 548 513 602 ad
541 547 886 617 impudicitiae
913 547 1172 601 rationem
1201 544 1480 600 l'ornicatio
1513 561 1527 599 :
1567 559 1631 599 ac
1658 543 1914 615 quemad-

329 637 551 693 modum
575 637 628 691 in
655 637 949 701 doloribus,
971 635 1060 706 qui
1087 635 1367 689 violentior
1395 634 1706 704 supervenit
1723 634 1916 703 prioris

328 745 549 787 sensum
576 730 758 785 obruit
787 770 803 796 ,
834 730 912 783 sic
953 738 1005 783 et
1037 728 1196 797 hujus
1237 728 1576 781 Contumelia:
1603 724 1916 795 magnitudo

333 838 441 876 non
480 821 760 892 permittit,
790 829 848 874 ut
886 819 1028 889 quod
1055 834 1180 874 vere
1202 817 1533 873 intolerabile
1577 824 1680 882 est,
1699 816 1808 885 jam
1836 815 1918 868 in.

334 911 616 968 tolerabile
657 910 905 966 videatur
930 949 948 976 ,
986 909 1241 965 obsco’na
1293 923 1485 976 nempe
1525 922 1646 962 cum
1680 904 1918 960 mulieri-

332 1002 436 1057 bus
460 1004 475 1033 ί
494 1001 681 1056 libido.
707 999 1006 1069 Optandum
1031 999 1173 1053 enim
1202 998 1410 1053 videtur
1431 1012 1588 1066 posse
1612 995 1915 1064 hujusmodi

332 1094 467 1150 retia
494 1092 728 1164 ell‘ugere
765 1109 779 1145 :
808 1091 1209 1160 periculumque
1247 1099 1331 1144 est
1363 1105 1429 1143 ne
1455 1102 1616 1142 sexus
1642 1085 1919 1141 muliebris

330 1186 442 1258 jam
488 1184 790 1254 superﬂuus
825 1182 1086 1238 efﬁciatur
1112 1223 1128 1248 ,
1156 1181 1584 1236 adolescentibus
1614 1179 1762 1233 vices
1801 1178 1921 1248 ejus

333 1292 526 1332 omnes
555 1275 916 1345 implentibus.
944 1273 1096 1341 Quod
1121 1272 1494 1344 gravissimum
1522 1286 1653 1326 sane
1678 1279 1759 1324 est
1786 1309 1803 1334 ,
1824 1267 1919 1324 sed

335 1370 497 1439 longe
519 1367 758 1422 atrocius
787 1366 929 1437 quod
959 1382 1045 1419 res
1073 1376 1177 1419 tam
1206 1360 1534 1418 exsecranda
1567 1360 1768 1430 ingenti
1793 1375 1917 1413 cum

334 1457 554 1512 audacia
585 1466 919 1527 perpetretur
947 1497 962 1519 ,
993 1456 1063 1509 ita
1099 1465 1156 1509 ut
1202 1453 1410 1508 facinus
1427 1452 1564 1508 adeo
1590 1451 1919 1521 illegitimnm

336 1550 391 1604 in
421 1550 593 1620 legent
620 1546 910 1602 transierit.
936 1546 1107 1600 Nemo
1124 1545 1236 1616 jam
1266 1544 1474 1605 metuit,
1504 1557 1663 1598 nemo
1690 1541 1924 1610 perhor-

339 1643 502 1697 rescit
525 1682 542 1707 ,
581 1655 739 1695 nemo
765 1650 977 1693 veretur
1002 1647 1091 1692 ant
1117 1638 1387 1692 erubescit
1417 1677 1432 1699 ,
1476 1635 1570 1691 sed
1594 1635 1746 1704 quasi
1773 1635 1840 1688 de
1865 1647 1923 1688 re

339 1732 479 1789 bene
503 1739 655 1801 gesta
682 1730 920 1794 ridetur;
946 1729 1045 1799 ipsi
1085 1736 1448 1797 temperantes
1467 1727 1706 1781 insanire
1727 1725 1919 1780 viden-

340 1832 448 1886 tur,
470 1829 527 1876 et
548 1820 842 1874 munitores
870 1819 1081 1883 furere;
1112 1819 1202 1887 qui
1228 1818 1273 1872 si
1301 1816 1679 1871 imbecilliores
1705 1814 1922 1878 fuerint,

337 1911 655 1966 verberibus
680 1909 1019 1975 afﬁciuntur;
1068 1909 1150 1964 sin
1180 1908 1507 1978 potentiores
1531 1948 1547 1972 ,
1578 1905 1877 1962 irridentur
1905 1945 1922 1969 ,

340 2002 655 2067 illuduutnr,
685 2016 747 2055 ac
777 2001 988 2071 probris
1013 2009 1399 2070 resperguntur
1430 1997 1746 2052 innumeris.
1779 1995 1925 2050 Nihil

333 2095 450 2166 jam
476 2093 780 2158 tribunalia,
808 2092 940 2147 nihil
963 2093 1109 2163 leges
1132 2091 1346 2146 valent:
1370 2104 1476 2144 non
1498 2086 1795 2159 paedagogi,
1821 2101 1925 2140 non

341 2195 544 2256 patres,
572 2201 678 2241 non
707 2185 949 2248 asseclae,
974 2199 1080 2237 non
1108 2182 1373 2253 magistri:
1402 2180 1490 2235 alii
1518 2181 1661 2235 enim
1685 2178 1929 2249 pecuniis

341 2278 580 2348 corrupti
599 2276 852 2345 sunt,alii
882 2276 933 2329 id
955 2276 1128 2329 solum
1149 2281 1407 2328 curautut
1428 2285 1638 2327 merces
1664 2269 1925 2324 solvatur:

341 2386 409 2427 ex
460 2370 525 2424 iis
560 2383 687 2423 vero
719 2367 812 2438 qui
859 2367 998 2436 frugi
1046 2375 1214 2431 sunt,
1253 2372 1307 2418 et
1359 2362 1460 2417 sibi
1490 2358 1926 2415 concreditorum

341 2462 503 2518 saluti
578 2460 973 2530 prospiciunt,
1045 2458 1141 2511 alii
1208 2456 1368 2510 facile
1440 2453 1931 2509 circumveniuntur

342 2567 407 2607 ac
450 2550 785 2620 decipiuntur
812 2590 827 2613 ,
869 2548 961 2602 alii
998 2547 1386 2617 impudicorum
1425 2543 1712 2614 potentiam
1754 2540 1933 2597 refor-

345 2640 569 2695 midant.
621 2639 855 2695 Facilius
912 2639 1055 2694 enim
1109 2638 1354 2692 elabatur
1398 2636 1489 2706 qui
1553 2636 1607 2690 in
1670 2632 1932 2689 aﬁ‘ectatte

348 2731 639 2803 tyrannidis
712 2729 1072 2801 suspicionem
1134 2729 1392 2793 venerit,
1455 2741 1615 2797 quam
1694 2725 1931 2793 ipsorum

346 2837 540 2877 manus
588 2820 809 2890 cll'ugiat
875 2820 964 2890 qui
1031 2834 1227 2888 pueros
1287 2816 1356 2872 ab
1424 2816 1767 2871 exsecrandis
1824 2814 1934 2869 illis

349 2911 655 2967 hominibus
692 2910 960 2966 abducere
986 2908 1288 2965 tentaverit.
1332 2908 1421 2963 Sic
1464 2906 1656 2962 mediis
1707 2905 1759 2960 iu
1792 2904 1934 2959 urbi-

346 3006 471 3072 bus,
500 3004 652 3076 quasi
698 3005 751 3058 in
795 3011 946 3057 vasta
974 3002 1281 3069 solitudine,
1325 3000 1546 3054 masculi
1581 3000 1634 3054 in
1668 2997 1934 3054 masculos

348 3096 729 3169 turpitudinem
755 3101 1026 3150 exercent.
1051 3093 1203 3163 Quod
1229 3094 1273 3147 si
1300 3093 1389 3163 qui
1416 3091 1518 3146 hos
1547 3091 1768 3160 laqueos
1796 3088 1932 3143 ellu-

342 3200 544 3271 gerint,
576 3197 776 3251 malam
812 3202 996 3247 tamen
1026 3193 1422 3247 sceleratorum
1459 3186 1659 3240 famam
1704 3182 1922 3240 diliicile

342 3290 595 3345 vitabunt
622 3304 634 3340 :
670 3286 845 3355 primo
865 3282 1110 3353 quidem,
1137 3280 1266 3350 quia
1290 3277 1582 3333 admodum
1610 3274 1769 3345 pauci
1797 3288 1922 3328 cum

344 3381 479 3446 sint,
508 3377 882 3448 improborum
909 3369 1263 3426 multitudine
1284 3367 1446 3423 facile
1463 3363 1807 3421 obruuntur?
1835 3377 1922 3418 se-

342 3470 548 3533 cundo,
573 3468 703 3540 quia
726 3465 1035 3523 detestandi
1059 3464 1135 3519 illi
1159 3479 1223 3517 ac
1241 3461 1460 3518 scelesti
1477 3460 1776 3523 daemones,
1800 3468 1925 3509 cum

344 3567 754 3630 contemptores
787 3572 920 3614 suos
944 3556 1053 3610 alio
1080 3554 1245 3609 modo
1273 3551 1471 3607 ulcisci
1504 3556 1802 3619 nequeant.
1827 3546 1929 3599 hac

343 3651 435 3705 via
448 3649 640 3704 laedere
654 3655 941 3703 conantur.
961 3644 1100 3711 Quia
1115 3644 1259 3699 enim
1279 3643 1439 3699 letale
1453 3640 1565 3695 illis
1580 3637 1779 3693 vulnus
1798 3634 1932 3690 inlli-

343 3757 475 3813 gere
487 3757 593 3796 non
608 3747 861 3811 possunt,
881 3753 1060 3808 neque
1073 3751 1246 3807 usque
1260 3736 1327 3790 ad
1342 3733 1581 3789 animam
1597 3729 1929 3801 pertingere,

350 3835 684 3891 exteriorem
719 3834 914 3889 saltem
963 3838 1217 3887 ornatum
1261 3829 1476 3892 laedere,
1512 3827 1820 3893 bonamque
1854 3821 1934 3876 fa-

346 3944 491 3987 mam
526 3944 747 3995 ,omnem
793 3924 1004 3982 auferre
1050 3923 1314 3977 nituntur.
1355 3913 1714 3982 Quamobrem
1744 3914 1943 3969 multos

345 4021 545 4087 audivi,
587 4021 678 4091 qui
720 4033 780 4074 se
810 4016 990 4073 mirari
1020 4014 1282 4077 dicerent,
1319 4007 1460 4077 quod
1484 4004 1720 4061 nondum
1750 4004 1941 4059 hodie-

346 4129 455 4184 que
494 4113 667 4168 imber
715 4110 854 4165 alius
896 4110 1083 4179 igneus
1111 4105 1362 4174 delapsus
1407 4099 1497 4165 sit,
1542 4097 1794 4168 quodque
1834 4112 1939 4151 non

348 4204 496 4274 paria
543 4218 665 4259 cum
708 4201 958 4258 Sodomis
998 4196 1127 4251 urbs
1174 4205 1356 4249 nostra
1385 4202 1543 4262 passa
1583 4188 1674 4253 sit,
1716 4203 1838 4258 qua:
1877 4204 1943 4243 eo

348 4295 598 4365 graviore
642 4291 903 4362 supplicio
948 4288 1107 4359 digna
1150 4294 1255 4351 est,
1287 4298 1394 4354 quo
1437 4297 1509 4337 ne
1538 4278 1684 4336 illius
1727 4278 1941 4349 quidem

348 4384 520 4445 cladis
547 4387 795 4457 exemplo
823 4382 1160 4442 emendatur.
1203 4380 1404 4435 Verum
1433 4373 1647 4432 etiamsi
1679 4373 1764 4427 illa
1794 4370 1944 4441 regio

351 4483 425 4539 ab
448 4482 605 4538 annis
632 4481 715 4536 bis
755 4478 903 4534 mille
941 4490 1076 4531 voce
1102 4472 1343 4545 qualibet
1384 4469 1673 4525 clariorem
1712 4480 1943 4532 conspe-

351 4585 499 4630 ctum
525 4570 788 4643 prmferat,
821 4583 927 4640 quo
947 4566 1065 4623 orbi
1096 4564 1345 4619 universo
1367 4561 1565 4617 clamat
1593 4574 1661 4613 ne
1683 4556 1810 4628 quid
1841 4554 1943 4610 bu-

348 4664 584 4737 justnodi
609 4662 822 4726 audeat,
848 4675 955 4715 non
999 4657 1159 4713 modo
1188 4655 1466 4726 segniores
1494 4651 1560 4707 ad
1590 4651 1695 4706 hoc
1740 4649 1945 4705 facinus

355 4756 484 4812 facti
512 4771 619 4811 non
667 4761 814 4818 sunt,
842 4751 937 4807 sed
966 4750 1128 4807 etiam
1156 4758 1283 4802 sunt
1316 4743 1768 4816 impudentiores:
1800 4755 1864 4794 ac
1897 4740 1944 4794 si

356 4864 482 4905 cum
527 4848 638 4902 Deo
661 4842 1012 4905 contendant,
1054 4850 1216 4909 atque
1245 4837 1497 4907 operibus
1526 4834 1803 4890 declarare
1830 4840 1946 4886 stu-

357 4944 522 4999 deant
566 4953 688 4996 sese
736 4947 885 4992 tanto
927 4934 1099 5004 magis
1147 4932 1232 4985 his
1281 4930 1435 4984 malis
1477 4928 1759 4983 dedituros
1801 4940 1942 4986 esse,

358 5042 561 5104 quanto
590 5030 822 5100 majores
865 5028 958 5082 ille
1001 5040 1187 5095 poenas
1213 5021 1570 5076 conuninatus
1616 5018 1794 5074 fuerit.
1840 5018 1948 5071 Cur

358 5140 489 5194 ergo
522 5122 654 5179 nihil
682 5120 879 5176 factum
906 5125 990 5173 est
1033 5111 1370 5184 bujusmodi:
1402 5109 1498 5165 sed
1538 5125 1658 5164 cum
1686 5108 1948 5163 Sodomo-

358 5233 479 5277 rum
505 5217 711 5273 scelera
750 5212 1123 5273 admittantur,
1155 5205 1510 5262 Sodomorum
1556 5210 1733 5257 tamen
1766 5199 1949 5256 clades

361 5326 472 5366 non
497 5306 846 5378 contingunt?
874 5303 1008 5373 Quia
1039 5309 1221 5357 manet
1248 5310 1342 5354 eos
1371 5297 1506 5368 ignis
1532 5296 1690 5364 longe
1713 5293 1946 5364 gravior,

359 5413 420 5456 et
442 5400 763 5470 supplicium
794 5397 955 5453 ﬁnem
973 5409 1091 5449 .non
1121 5391 1447 5446 habiturum.
1477 5386 1609 5442 Nam
1636 5400 1756 5439 cum
1780 5383 1950 5437 multo

363 5491 608 5565 graviora
637 5490 864 5552 scelera,
894 5500 1052 5557 quam
1083 5484 1118 5538 ii
1142 5482 1233 5553 qui
1260 5480 1414 5551 aquis
1437 5476 1625 5532 diluvii
1653 5475 1944 5545 perierunt,

362 5564 580 5656 plurimi
614 5590 798 5657 postea
821 5576 1158 5641 admiserint,
1187 5573 1360 5629 nullus
1390 5581 1568 5627 tamen
1594 5564 1785 5626 Imber
1808 5565 1950 5635 ejus-

428 5739 444 5770 ί
480 5733 705 5787 SiCSavil.
732 5734 782 5782 in
801 5737 940 5783 textu
965 5736 1017 5781 et
1038 5728 1135 5780 duo
1156 5735 1285 5789 Mss;
1304 5724 1464 5777 Morel.
1481 5731 1531 5775 et
1545 5719 1685 5775 Savil.
1710 5716 1759 5771 in
1777 5732 1953 5782 marg“

364 5815 476 5854 cum
499 5798 716 5850 muliere.

1041 339 1403 399 ADVERSUS
1435 336 1986 399 OPPUGNATORES
2024 338 2212 396 Ἡτῶ
2250 339 2534 398 ιιοΝΑετ.
2581 341 2706 398 LIB.
2751 342 2840 399 lli.

3485 344 3590 400 362

2017 453 2161 547 modi
2207 459 2543 525 postmodum
2584 458 2797 513 accidit.
2825 458 3022 513 Eadem
3052 459 3136 513 hic
3177 472 3388 529 quoque
3434 473 3592 513 causa

2016 547 2288 604 afferenda
2307 558 2408 603 est.
2453 549 2563 603 Cur
2586 550 2730 604 enim
2757 552 2812 617 ii,
2839 553 2928 620 qui
2964 554 3122 622 paqu
3150 561 3271 622 post
3300 552 3480 607 mundi
3507 551 3592 605 in-

2018 638 2170 694 itium
2218 637 2453 702 ﬁlerunt,
2482 655 2603 694 cum
2647 655 2820 709 neque
2846 642 3130 695 tribunalia
3173 649 3375 706 essent,
3421 654 3596 709 neque

2018 731 2418 800 magistratuum
2440 739 2614 787 metus
2650 731 2969 797 immineret,
3001 747 3106 787 non
3137 733 3270 801 legis
3297 732 3592 787 commina-

2020 821 2114 883 tio,
2137 836 2243 875 non
2276 820 2654 890 prophetarum
2702 822 2918 885 chorus,
2949 824 3039 892 qui
3071 822 3459 887 moderaretur,
3493 836 3596 875 non

2018 913 2347 982 exspectatio
2372 913 2650 982 gehennae,
2684 928 2789 968 non
2818 915 2967 984 regni
2996 928 3143 983 spes,
3176 929 3283 968 non
3322 914 3431 967 alia.
3469 913 3590 981 plli-

2019 1003 2284 1073 losophia,
2315 1018 2418 1058 non
2450 1004 2720 1068 miracula,
2752 1019 2871 1075 quae
2900 1013 3120 1074 possent
3148 1004 3236 1059 vel
3265 1004 3468 1073 lapides
3496 1019 3591 1058 ex-

2019 1094 2219 1149 citare:
2248 1108 2365 1159 cur,
2393 1093 2625 1164 inquam,
2647 1094 2721 1148 illi
2746 1094 2835 1163 qui
2864 1095 3009 1150 nullo
3030 1092 3223 1148 horum
3247 1094 3395 1163 potiti
3412 1101 3587 1156 erant,

2025 1199 2199 1246 tantas
2226 1191 2493 1246 scelerum
2532 1204 2718 1260 poenas
2745 1188 3043 1254 dederunt;
3084 1186 3175 1257 qui
3205 1194 3383 1241 autem
3412 1186 3600 1237 ltnrnm

2023 1282 2261 1336 omnium
2289 1280 2575 1350 participes
2606 1278 2837 1345 luerunt,
2869 1289 2924 1333 et
2965 1278 3104 1333 inter
3131 1285 3307 1332 tantos
3332 1285 3441 1330 tum
3467 1274 3605 1328 divi-

2026 1388 2216 1428 norum
2248 1383 2357 1427 tum
2389 1373 2741 1427 humanorum
2773 1369 3120 1425 tribunalium
3166 1376 3343 1423 metus
3385 1381 3606 1422 versan-

2025 1472 2133 1529 tur,
2179 1462 2414 1517 nondum
2458 1462 2601 1531 paria
2632 1461 2737 1515 illis
2784 1460 2923 1529 passi
2965 1468 3107 1522 sunt,
3135 1473 3256 1513 cum
3301 1456 3409 1511 sint
3452 1458 3608 1524 longe

2022 1552 2251 1623 graviori
2281 1552 2542 1621 supplicio
2566 1550 2754 1621 digiti?
2783 1549 2971 1604 Nonne
2998 1548 3081 1603 vel
3111 1562 3276 1617 puero
3303 1546 3469 1617 liquet
3487 1545 3608 1600 illos

2025 1643 2272 1699 atrociori
2313 1642 2501 1697 ultioni
2542 1639 2999 1696 reservari?Nam
3041 1640 3087 1693 si
3114 1653 3214 1693 nos
3239 1652 3403 1707 super
3427 1636 3510 1691 his
3536 1636 3607 1691 ita

2026 1735 2309 1789 irascimur
2337 1743 2392 1789 et
2420 1732 2778 1803 indignamur,
2810 1730 2954 1786 Deus
2995 1730 3085 1800 qui
3121 1742 3288 1800 genus
3317 1726 3607 1783 humanum

2026 1826 2147 1896 plus
2172 1841 2331 1895 quam
2372 1825 2477 1879 alia
2500 1824 2679 1879 omnia
2704 1831 2876 1889 curat,
2915 1832 2971 1877 et
3007 1821 3296 1890 nequitiam
3322 1818 3608 1874 admodum

2026 1910 2325 1981 aversatur,
2362 1914 2634 1985 quomodo
2659 1914 2775 1970 hmo
2804 1913 3020 1984 impune
3052 1912 3168 1968 ﬁeri
3197 1912 3464 1982 patiatur?
3495 1909 3609 1962 Non

2030 2009 2101 2064 ita
2126 2018 2293 2074 certe,
2340 2023 2448 2063 non
2476 2008 2546 2060 ita
2584 2021 2643 2062 se
2682 2020 2769 2061 res
2799 2005 2981 2070 habet,
3010 2003 3105 2059 sed
3140 2003 3389 2058 immittet
3414 2000 3467 2056 in
3496 2001 3614 2054 illos

2030 2098 2188 2169 plane
2231 2113 2447 2152 manum
2489 2096 2634 2151 illam
2661 2094 2912 2158 validam,
2957 2093 3274 2164 plagamque
3317 2090 3609 2146 intoleran-

2029 2191 2175 2255 dam,
2205 2199 2365 2260 atque
2394 2188 2727 2243 cruciatuum
2755 2186 2970 2241 illorum
2996 2185 3239 2240 dolorem
3268 2183 3338 2238 ita
3374 2196 3613 2254 gravem,

1990 2339 1996 2347 ,
2032 2292 2091 2338 ιιι
2133 2281 2488 2337 Sodomorum
2516 2278 2697 2333 clades
2740 2276 2815 2331 illi
2846 2282 3153 2347 comparata
3181 2274 3338 2330 ludus
3374 2273 3618 2327 videatur

2030 2385 2172 2427 esse.
2204 2370 2351 2439 Quos
2379 2370 2523 2425 enim
2554 2368 2629 2423 illi
2661 2367 2918 2422 barbaros
2955 2380 3060 2420 non
3088 2364 3445 2436 superarunt?
3472 2363 3615 2435 quod

2033 2464 2264 2520 ferarum
2308 2477 2478 2533 genus
2530 2477 2624 2529 per
2681 2458 3204 2529 impudentissimum
3262 2472 3608 2528 congressum

2033 2571 2138 2611 non
2163 2565 2307 2610 retro
2330 2551 2674 2623 relinquunt?
2698 2551 2793 2605 Est
2817 2551 2871 2604 in
2893 2547 3210 2619 quibusdam
3231 2547 3402 2603 brutis
3422 2546 3618 2603 ardens

2034 2646 2219 2713 libido,
2247 2644 2549 2714 cupidoque
2575 2640 2951 2705 intolerabilis,
2980 2639 3116 2694 nihil
3144 2638 3212 2693 ab
3239 2638 3444 2693 insania
3473 2636 3620 2691 dili'e-

2036 2754 2197 2794 rens:
2229 2753 2349 2807 qua:
2392 2743 2568 2790 tamen
2599 2735 2740 2789 hunc
2767 2747 3007 2788 amorem
3036 2744 3146 2786 non
3174 2738 3389 2793 norunt,
3420 2727 3512 2782 sed
3542 2729 3619 2780 in-

2038 2841 2119 2885 tra
2164 2837 2368 2884 naturae
2417 2825 2679 2881 terminos
2720 2833 2972 2890 manent;
3021 2821 3124 2878 etsi
3170 2820 3365 2877 millies
3405 2818 3622 2873 libidine

2036 2930 2282 2987 urantur,
2311 2930 2516 2975 naturae
2554 2932 2844 2987 numquam
2873 2915 3022 2987 leges
3046 2921 3313 2969 evertunt.
3358 2913 3426 2965 At
3456 2910 3619 2963 ratio-

2037 3014 2246 3070 nabiles
2288 3012 2388 3077 illi,
2434 3009 2615 3066 divina
2656 3010 2810 3081 potiti
2839 3009 3106 3072 doctrina,
3147 3007 3382 3077 quique:
3419 3003 3621 3075 agenda

2037 3106 2121 3162 vel
2165 3119 2273 3159 non
2303 3103 2508 3171 agenda
2537 3103 2645 3157 sint
2684 3102 2806 3156 aliis
2846 3100 3156 3171 praedicant,
3212 3097 3625 3166 Scripturasque

2037 3213 2104 3252 ex
2134 3195 2266 3251 caelo
2294 3194 2539 3264 delapsas
2567 3192 2869 3258 audierunt,
2896 3206 2998 3243 non
3027 3189 3097 3243 ita
3128 3187 3466 3258 impudenter
3494 3201 3616 3240 cum

2038 3286 2413 3343 meretricibus
2456 3292 2515 3340 ut
2559 3299 2680 3339 cum
2707 3280 3138 3337 adolescentibus
3176 3276 3618 3349 congrediuntur.

2038 3380 2171 3435 Nam
2196 3376 2348 3449 quasi
2373 3375 2617 3431 homines
2643 3388 2749 3428 non
2776 3372 2906 3439 sint,
2936 3385 3106 3439 neque
3132 3367 3459 3437 providentia
3487 3380 3625 3435 pra:-

2038 3471 2110 3526 sit
2148 3470 2311 3525 rebus
2336 3467 2583 3523 humanis
2611 3465 2783 3535 deque
2809 3463 2961 3518 tactis
2983 3461 3206 3532 judicet,
3234 3459 3329 3514 sed
3358 3457 3509 3528 quasi
3541 3466 3619 3511 te-

2040 3562 2223 3617 nebris
2266 3569 2457 3615 cuncta
2501 3554 2908 3627 occupantibus,
2951 3552 3207 3623 nulloque
3248 3550 3363 3606 haec
3409 3548 3624 3604 vidente

2039 3655 2126 3710 vel
2147 3652 2420 3715 audiente,
2452 3650 2532 3705 sic
2556 3648 2735 3702 omnia
2754 3655 2954 3701 etcum
2992 3654 3137 3699 tanta
3167 3641 3373 3697 insania
3400 3640 3622 3695 audent.

2041 3746 2359 3801 Vitiatorum
2385 3750 2563 3796 autem
2585 3752 2871 3809 puerorum
2900 3744 3079 3807 patres
3101 3734 3217 3788 haec
3236 3732 3397 3786 tacite
3424 3730 3624 3796 ierunt,

2044 3845 2147 3886 nec
2173 3846 2358 3887 secum
2382 3830 2523 3886 ﬁlios
2542 3837 2688 3884 terra
2709 3829 2974 3893 obruunt,
2995 3843 3097 3883 nec
3116 3826 3264 3898 quod
3285 3839 3449 3894 quam
3469 3832 3625 3878 tanto

2044 3921 2189 3977 malo
2214 3921 2513 3979 remedium
2539 3928 2812 3991 quaerunt.
2842 3922 2913 3974 At
2937 3919 3083 3975 enim
3105 3917 3151 3973 si
3176 3917 3230 3971 in
3251 3915 3507 3972 exsilium
3530 3914 3625 3969 ab-

2044 4012 2280 4068 ducendi
2303 4019 2489 4067 essent
2518 4012 2636 4075 lilii,
2662 4021 2720 4066 ut
2739 4012 2808 4065 ab
2830 4013 2934 4066 hac
2955 4017 3108 4080 peste
3144 4008 3537 4073 liberarentur,
3572 4006 3618 4060 si

2045 4109 2102 4163 in
2119 4119 2290 4170 mare,
2308 4103 2355 4159 si
2372 4103 2427 4157 in
2449 4104 2682 4166 insulas,
2698 4103 2744 4157 si
2764 4103 2818 4157 in
2832 4110 3033 4157 terram
3047 4101 3347 4163 desertam,
3366 4098 3411 4155 si
3432 4098 3487 4152 in
3502 4113 3623 4153 eam

2045 4211 2167 4269 qua:
2206 4197 2348 4251 ultra
2388 4210 2492 4251 nos
2529 4202 2615 4250 est
2654 4193 2808 4250 orbis
2839 4201 3083 4262 partem,
3116 4205 3300 4245 nonne
3343 4195 3625 4259 Oporteret

2045 4290 2230 4347 omnia
2251 4288 2431 4345 facere
2450 4295 2504 4344 et
2522 4288 2752 4358 perpeti,
2773 4302 2842 4342 ne
2864 4283 3181 4356 huiusmodi
3200 4282 3402 4353 ﬂagitia
3424 4281 3623 4336 admit-

2047 4379 2328 4435 terentur?
2364 4378 2528 4434 Certe
2569 4378 2617 4433 si
2662 4376 2962 4432 insalubris
3008 4385 3158 4431 esset
3194 4374 3351 4430 locns
3383 4373 3582 4443 aliquis
3605 4411 3623 4436 ,

2049 4485 2232 4524 nonne
2249 4467 2376 4524 inde
2391 4467 2529 4523 lilios
2542 4475 2978 4537 asportaremus,
2993 4464 3210 4520 etiamsi
3222 4465 3373 4519 lucra
3386 4462 3625 4533 ingentia
3664 4480 3679 4496 ν

2050 4563 2123 4618 ibi
2152 4561 2549 4632 consequuturi
2586 4568 2777 4617 essent
2798 4600 2813 4626 ,
2836 4559 3052 4615 etiamsi
3081 4556 3286 4629 Optima
3318 4553 3629 4611 valetudine

2054 4653 2394 4726 potirentur?
2415 4653 2768 4708 Nttncantem
2791 4667 2918 4706 cum
2943 4658 3094 4705 tanta
3112 4651 3232 4704 lues
3257 4648 3441 4703 omnia
3464 4661 3629 4702 occu-

2055 4754 2145 4818 pet
2175 4762 2282 4802 non
2313 4747 2473 4802 modo
2500 4760 2597 4800 eos
2631 4743 2699 4799 ad
2727 4744 2989 4799 barathra
3025 4742 3318 4811 trahimus,
3345 4741 3441 4796 sed
3465 4739 3509 4795 si
3534 4739 3627 4809 qui

2056 4845 2178 4898 illos
2199 4842 2412 4910 eripere
2456 4840 2661 4903 velint,
2717 4854 2814 4893 eos
2850 4846 2914 4891 ut
2951 4843 3305 4907 corruptores
3350 4833 3628 4905 pellimus.

2058 4935 2271 4999 Quanta
2290 4935 2368 4987 ira
2387 4931 2597 4995 istltmc,
2610 4930 2832 5001 quantis
2848 4928 3466 4999 l'ulminibusdignanon
3483 4924 3635 4980 situt?

2056 5023 2496 5097 quandoquidem
2510 5026 2748 5096 linguam
2762 5024 2898 5095 ipsis
2913 5032 3297 5093 perexternam
3310 5018 3638 5097 sapientiam

2055 5123 2324 5195 perpolire
2353 5119 2648 5181 studemus,
2689 5113 2922 5169 animam
2967 5123 3097 5165 vero
3142 5106 3196 5160 in
3228 5105 3343 5175 ipso
3367 5096 3638 5171 spurcitia:

2053 5231 2210 5272 emno
2234 5215 2526 5284 jacentem,
2549 5207 2876 5276 omninoque
2901 5205 3321 5274 putrescentem,
3350 5208 3455 5249 non
3479 5188 3640 5245 modo

2058 5280 2400 5378 tleSpicimus,
2445 5301 2541 5357 sed
2568 5300 2731 5356 etiam
2768 5307 3061 5365 exsurgere
3087 5290 3355 5347 volentem
3379 5280 3637 5355 prohibe-

2057 5377 2196 5456 mus.
2245 5397 2382 5453 Num
2433 5395 2551 5465 quis
2602 5391 2778 5446 adhuc
2816 5388 2996 5444 dicere
3033 5385 3175 5439 ausit
3214 5393 3375 5452 posse
3412 5377 3638 5431 salutem

2057 5489 2312 5559 consequi
2366 5502 2482 5551 eos,
2512 5483 2601 5554 qui
2652 5482 2706 5537 in
2753 5480 2917 5536 tantis
2963 5476 3119 5531 malis
3161 5466 3480 5526 versantur?
3529 5469 3642 5529 una

2059 5556 2304 5640 ratione?
2333 5579 2573 5648 Namque
2603 5576 2661 5640 ii,
2692 5571 2783 5643 qui
2820 5570 3153 5627 exoletorum
3196 5564 3469 5619 vesaniam
3514 5556 3647 5612 ειτη-

2060 5682 2271 5745 gerunt,
2319 5670 2411 5744 qui
2458 5647 2611 5741 pauci
2642 5679 2773 5721 sane
2809 5673 3036 5717 numero
3065 5665 3209 5721 sunt,
3260 5666 3477 5709 amores
3524 5647 3646 5702 illos

2064 5739 2352 5833 violentos,
2393 5739 2481 5833 qui
2531 5759 2709 5816 omnia
2756 5760 3128 5823 corrumpunt,
3158 5745 3397 5821 pecunia:
3439 5739 3649 5797 scilicet
