4032 6402
491 335 594 400 ωδ

490 459 540 510 οι
569 449 775 518 gloriae,
805 464 912 503 non
941 449 1229 520 effugiunt:
1252 451 1430 520 plures
1457 462 1635 505 autem
1651 459 1706 506 et
1731 450 1816 506 his
1840 452 1990 521 ipsis,
2017 459 2074 506 et

491 554 592 596 uua
608 538 887 606 impudicis
903 540 1176 602 amoribus
1194 543 1562 596 vehementius
1584 543 1822 612 oppressi
1836 541 2057 597 detinen

496 639 595 684 tur.
621 629 818 684 Deinde
830 646 948 684 cum
965 632 1083 686 illos
1101 632 1370 688 literarum
1385 634 1574 689 studiis
1587 636 1796 690 tradere
1811 635 2072 697 volumus,

500 735 602 779 non
634 731 835 775 tantum
867 739 930 777 ea
967 741 1084 793 qua:
1111 725 1233 780 huic
1266 727 1583 782 institutioni
1611 729 1826 782 ofﬁcere
1852 737 2074 798 possunt

490 810 804 876 auferimus,
832 815 925 869 sed
947 832 1064 884 qua:
1085 818 1453 888 ipsamjuvare
1469 830 1694 890 possunt
1714 835 2032 888 apparamus
2054 835 2070 883 ;

492 901 807 972 pedagogos
847 917 900 960 et
934 907 1214 977 magistros
1257 911 1386 980 ipsis
1418 928 1795 980 procuramus,
1825 913 2074 980 pecunias

489 995 864 1062 expendimus,
895 1009 1053 1070 atque
1083 1017 1113 1052 a
1139 1003 1347 1060 exteris
1371 1005 1531 1057 rebus
1552 1005 1718 1057 otium
1737 1014 2071 1072 praestamus,

493 1100 554 1138 ac
583 1086 929 1155 frequentius,
965 1108 1124 1160 quam
1161 1093 1467 1161 paulotribae
1503 1094 1553 1147 in
1581 1094 1872 1164 Olympicis
1897 1101 2070 1149 ecrta-

491 1176 724 1232 tninibus
755 1180 1108 1238 vociferantes
1138 1224 1152 1245 .
1184 1193 1548 1252 paupertatem
1580 1201 1738 1254 quam
1783 1185 2070 1254 imperitia,

489 1267 702 1324 divitias
720 1287 848 1338 quas
864 1274 1094 1327 eruditio
1110 1275 1263 1328 affert
1280 1275 1613 1340 exhibemus,
1636 1276 1770 1330 nihil
1787 1291 1892 1329 non
1913 1290 2074 1345 agen-

493 1369 571 1413 tes
593 1378 651 1415 ac
670 1363 926 1429 dicentes,
965 1378 1020 1420 et
1057 1379 1239 1420 nostro
1267 1378 1322 1422 et
1342 1370 1570 1423 aliorum
1592 1384 1864 1434 sermone,
1894 1378 1950 1421 ut
1977 1383 2072 1421 eos

490 1451 558 1508 ad
597 1453 754 1508 ﬁnem
801 1466 960 1512 tanta:
990 1459 1364 1514 sollicitudinis
1393 1462 1767 1530 perducamus,
1798 1478 1971 1530 neque
1995 1463 2074 1516 sic

489 1545 678 1599 crebro
697 1548 803 1600 voti
821 1561 1094 1617 compotes
1115 1552 1380 1605 efﬁcimur
1407 1569 1421 1606 :
1447 1569 1655 1606 morum
1681 1569 1808 1607 vero
1832 1554 2072 1622 probita-

492 1646 622 1702 tem,
655 1649 710 1691 et
738 1637 976 1693 honesta:
1007 1643 1128 1695 vitm
1168 1659 1350 1696 curam
1393 1645 1532 1698 ultro
1562 1645 1692 1713 ipsis
1722 1645 2072 1700 obventuram

488 1727 812 1794 putabimus,
845 1744 966 1783 cum
1009 1732 1239 1787 maxime
1287 1743 1364 1786 tot
1413 1744 1665 1804 tantaque
1703 1737 1829 1800 sint,
1860 1751 1978 1804 qua:
2006 1737 2073 1790 il-

487 1819 592 1872 lam
625 1822 959 1890 impediant?
987 1823 1188 1893 Ecquid
1215 1827 1312 1880 hac
1341 1827 1670 1882 absurditate
1697 1829 1936 1882 deterius
1957 1828 2072 1882 fue-

485 1912 575 1972 rit,
603 1911 651 1964 id
683 1914 818 1980 quod
849 1914 1058 1969 facilius
1079 1927 1161 1970 cst
1189 1921 1238 1970 in
1268 1934 1459 1988 magno
1487 1921 1659 1988 pretio
1687 1905 1884 1976 habere
1911 1963 1925 1983 ,
1962 1930 2067 1974 tam

487 2002 715 2057 sollicite
750 2008 1017 2075 persequi,
1059 2009 1208 2077 quasi
1260 2026 1362 2063 non
1390 2011 1548 2064 liceat
1580 2011 1725 2064 aliud
1767 2011 1924 2065 aliter
1947 2012 2071 2065 adi-

490 2093 645 2160 pisci,
678 2097 816 2162 quod
845 2109 1022 2151 autem
1047 2098 1202 2169 longe
1225 2099 1496 2154 difﬁcilius
1525 2110 1625 2165 est,
1649 2103 1749 2155 hoc
1777 2103 1928 2157 nobis
1949 2102 2074 2155 dor-

490 2183 783 2244 mientibus
815 2187 1165 2242 obventurmn
1193 2205 1311 2243 esse
1351 2200 1557 2258 putare,
1591 2193 1738 2260 quasi
1767 2192 1960 2261 aliquid
1991 2195 2072 2245 vi-

488 2272 558 2328 lis
587 2278 741 2344 pretii
770 2286 820 2330 ct
850 2279 996 2346 parvi
1023 2282 1327 2334 momenti?
1353 2281 1693 2350 Philosophia
1722 2284 1916 2352 quippe
1951 2283 2071 2336 ani-

487 2379 588 2425 ma:
612 2365 882 2419 literarum
910 2368 1238 2424 institutione
1261 2380 1407 2424 tanto
1434 2373 1702 2426 difficilior
1721 2383 1773 2426 et
1794 2374 2074 2442 operosior

485 2465 589 2520 est,
637 2467 836 2526 quanto
880 2459 1150 2514 dil‘licilius
1195 2471 1279 2516 est
1321 2461 1516 2524 facere,
1563 2480 1721 2532 quam
1764 2464 1963 2527 dicere,
2018 2473 2074 2518 et

486 2559 685 2616 quanto
710 2563 870 2617 opera
897 2559 1021 2604 sunt
1045 2553 1384 2607 sermonibus
1413 2554 1784 2609 laboriosiora.

560 2643 612 2692 9.
653 2638 992 2710 Philosophia
1013 2643 1116 2696 sive
1143 2657 1341 2698 morum
1360 2647 1609 2698 institutio
1627 2663 1776 2713 quam
1789 2647 2072 2700 necessaria

490 2729 882 2800 sia—Ecquid,
910 2732 1118 2803 inquies
1145 2734 1480 2805 philosophia
1499 2747 1552 2790 et
1580 2739 1893 2795 accuratiori
1914 2739 2071 2792 insti-

489 2821 692 2876 tutione
723 2823 844 2876 ﬁliis
864 2824 1062 2878 nostris
1090 2841 1224 2894 opus
1244 2827 1270 2879 ll
1294 2827 1425 2880 Illud
1469 2829 1610 2882 enim
1635 2869 1650 2893 ,
1681 2829 1810 2882 illud
1846 2831 2070 2886 omnino

487 2920 570 2963 est
594 2911 733 2980 quod
759 2915 934 2966 omnia
963 2915 1215 2984 perdidit,
1238 2919 1376 2986 quod
1403 2934 1488 2970 res
1511 2922 1579 2972 ita
1609 2922 1932 2987 necessaria,
1951 2938 2070 2992 qua:

484 3002 652 3057 vitam
672 3005 943 3060 contineat
972 3015 1232 3074 nostra-n,
1263 3009 1534 3078 superﬂua
1561 3019 1614 3064 et
1639 3011 1810 3065 otiosa
1837 3027 1956 3066 esse
1981 3013 2066 3067 vi-

484 3091 693 3148 deatur.
725 3093 882 3149 Certe
911 3097 954 3149 si
981 3098 1100 3166 quis
1128 3099 1295 3153 ﬁlium
1324 3101 1459 3155 mala
1489 3103 1730 3170 corporis
1764 3103 2067 3160 valetudine

485 3181 812 3238 laborantem
863 3187 1074 3252 viderit,
1118 3207 1404 3260 numquam
1431 3193 1572 3247 dicet
1613 3211 1626 3248 :
1659 3193 1796 3261 Quid
1831 3195 1903 3248 illi
1933 3212 2068 3268 opus

487 3273 624 3329 bona
668 3285 721 3329 et
760 3275 914 3332 ﬁrma
965 3279 1309 3336 valetudine?
1347 3284 1440 3338 sed
1487 3286 1666 3339 omnia
1708 3288 1978 3354 molietur,
2012 3298 2069 3342 ut

483 3363 624 3419 bona
651 3368 899 3424 valetudo
937 3370 1007 3424 ita
1056 3373 1154 3440 ipsi
1186 3375 1519 3442 restituatur,
1553 3388 1609 3430 ut
1636 3378 1856 3432 morbus
1883 3389 2064 3449 postea

483 3477 588 3514 non
621 3463 822 3518 redeat.
853 3467 1045 3523 Anima
1071 3483 1196 3522 vero
1227 3479 1540 3538 aegrotante,
1572 3473 1703 3525 nihil
1727 3473 1876 3526 aiunt
1906 3489 2062 3528 cura-

483 3552 626 3607 tione
648 3571 782 3623 opus
810 3572 950 3620 esse,
987 3559 1180 3630 hisque
1205 3564 1428 3632 prolatis
1453 3565 1630 3620 verbis
1673 3576 1850 3636 patres
1877 3583 1936 3622 se
1964 3584 2060 3622 vo-

480 3660 605 3699 care
629 3647 845 3702 audent.
874 3651 1018 3716 Quid
1043 3654 1200 3720 igitur
1219 3655 1248 3707 ?~
1275 3656 1422 3710 aiunt
1448 3674 1462 3720 ;
1493 3656 2061 3728 phil050phabimurne

481 3750 685 3802 omnes,
717 3748 770 3792 et
813 3742 991 3794 omnia
1023 3759 1149 3812 quae.
1178 3746 1241 3798 ad
1272 3747 1525 3801 arculum
1568 3759 1812 3817 spectant
1849 3765 2059 3819 pessum

483 3825 669 3880 ilmnt?
695 3828 811 3883 Non
842 3832 909 3884 ita
945 3849 1189 3901 prorsus,
1218 3837 1682 3907 virormn-omime
1705 3881 1722 3903 ,
1753 3857 1859 3896 non
1889 3841 2060 3912 philo-

481 3915 691 3984 sophia,
719 3920 811 3973 sed
839 3921 1195 3992 philosophiae
1216 3927 1396 3994 inopia
1413 3929 1590 3982 omnia
1617 3930 1850 4000 perdidit
1876 3941 1932 3987 et
1949 3947 2064 3987 cor-

480 4007 643 4074 rupit.
694 4010 944 4077 Quinam,
998 4031 1201 4085 qureso,
1258 4029 1575 4088 prmsentem
1630 4037 1807 4077 rerum
1860 4032 2058 4080 statum

479 4105 871 4170 corrumpunt?
899 4107 1045 4161 illine
1070 4111 1158 4178 qui
1191 4111 1464 4167 moderate
1494 4122 1553 4168 et
1572 4114 1737 4186 probe
1763 4116 1962 4183 vivunt,
1991 4132 2061 4173 an

475 4191 562 4257 qui
607 4209 774 4250 novos
817 4208 870 4253 et
913 4200 1127 4271 iniquos
1157 4207 1453 4275 excogitant
1485 4206 1797 4263 delicia-rum
1822 4210 2058 4265 modos?

477 4283 566 4350 qui
596 4301 682 4340 res
711 4291 949 4345 omnimn
978 4293 1077 4347 sibi
1107 4309 1382 4351 assumere
1411 4299 1654 4355 nituntur
1675 4341 1690 4363 ,
1733 4316 1800 4354 an
1827 4304 1916 4371 qui
1943 4305 2058 4358 suis

475 4379 708 4430 contenti
743 4383 912 4436 sunt?
939 4385 1029 4452 qui
1069 4385 1484 4442 domesticorum
1515 4391 1803 4461 phalangas
1835 4393 2058 4463 habent,

472 4472 525 4516 et
549 4477 940 4526 assentatorum
971 4476 986 4504 ³
1016 4489 1218 4528 cuneos
1247 4478 1652 4534 circumducunt
1680 4523 1696 4548 ,
1725 4497 1791 4536 an
1819 4485 1906 4552 qui
1935 4502 2054 4536 ser-

472 4569 596 4608 vum
623 4573 781 4611 unnm
811 4562 910 4614 sibi
942 4565 1071 4617 satis
1091 4580 1209 4620 esse
1235 4569 1602 4624 arbitrantur?
1627 4573 1886 4641 (nondum
1909 4577 2056 4630 enim

471 4645 538 4699 dc
580 4662 828 4715 suprema
873 4653 1206 4724 philosophia
1255 4659 1461 4727 loquor,
1507 4661 1600 4714 sed
1638 4663 1705 4716 de
1750 4665 1858 4726 illa,
1892 4683 2053 4735 quam

471 4735 680 4813 plurimi
711 4738 860 4798 adire
891 4755 1144 4812 possunt:
1174 4746 1200 4819 )
1228 4749 1382 4805 illine
1414 4753 1501 4819 qui
1547 4751 1762 4808 humani
1791 4771 1854 4810 ac
1897 4775 2051 4810 man-

469 4827 604 4888 sueti
635 4838 780 4896 sunt,
813 4833 1275 4908 multitudinisque
1304 4840 1563 4897 honorem
1595 4860 1700 4898 non
1727 4855 1952 4914 curant,
1984 4867 2050 4903 an

467 4917 526 4984 ii,
556 4921 646 4989 qui
677 4920 935 4980 honorem
971 4927 1085 4995 plus
1127 4947 1285 4999 quam
1327 4949 1488 4990 omne
1526 4935 1764 4991 debitum
1807 4941 2048 5009 exigunt,

467 5011 867 5083 innumerisque
895 5018 1280 5077 calamitatibus
1305 5024 1542 5080 alliciunt
1561 5044 1683 5083 eum
1711 5029 1799 5098 qui
1831 5046 1934 5084 non
1961 5048 2048 5083 as-

464 5115 664 5173 surgat,
696 5122 801 5160 non
849 5109 1054 5178 primus
1079 5113 1296 5177 salutet,
1331 5134 1434 5170 non
1465 5135 1528 5174 se
1555 5123 1793 5187 inclinet,
1827 5133 2045 5178 cuncta-

462 5210 565 5261 que
594 5212 872 5252 servorum
904 5200 1160 5270 obsequia
1195 5222 1305 5274 pra)
1331 5223 1389 5262 se
1435 5209 1603 5264 ferat?
1632 5213 1720 5282 qui
1747 5214 1922 5267 alieno
1948 5216 2049 5268 im-

460 5288 608 5354 perio
630 5303 823 5358 parere
843 5304 1054 5356 curant,
1087 5312 1153 5349 an
1185 5299 1272 5369 qui
1299 5301 1640 5370 magistratus
1669 5303 2043 5372 praefecturas-

460 5394 561 5444 que
605 5390 811 5448 amant,
853 5394 908 5440 et
940 5385 1039 5441 hac
1083 5387 1150 5443 de
1189 5405 1247 5443 re
1284 5392 1460 5446 omnia
1497 5393 1724 5451 libenter
1756 5395 1953 5451 faciunt
1983 5413 2046 5453 ac

459 5469 777 5531 patiuntur?
802 5476 891 5542 qui
920 5490 982 5532 se
1005 5479 1244 5534 omnium
1268 5483 1496 5552 optimos
1524 5499 1645 5539 esse
1671 5485 1874 5554 dicunt,
1906 5490 2044 5543 ideo-

455 5569 562 5622 que
591 5563 770 5615 omnia
797 5564 976 5622 dicere
1002 5569 1253 5625 etfacere
1277 5573 1380 5627 sibi
1409 5574 1572 5630 licere
1596 5575 1940 5643 arbitrantur,
1971 5597 2040 5634 an

521 5691 1050 5774 :ztilngscodeibabet,
1076 5706 1423 5766 assentatorum
1459 5710 1504 5763 et
1529 5705 1873 5774 parasitorum,
1896 5717 1946 5760 et
1970 5713 2038 5761 sic

451 5743 599 5814 Statil.
623 5753 676 5809 in,
696 5743 1050 5818 mgtnivn'
1076 5743 1324 5763 ’Ἴτ’-*ψ’
1344 5743 1423 5766 ’Ψ
1459 5743 1502 5763 ψ
1529 5743 1544 5777 ⁸

1198 333 1254 388 S.
1294 333 1572 393 JOANNIS
1606 332 2080 391 CHRYSOSTOMI
2107 331 2423 390 ARCHIEP.
2455 336 2986 398 CONSTANTINOP.

3647 350 3733 406 3'6!

2182 451 2272 522 qui
2317 466 2378 506 se
2421 453 2623 509 ultimis
2651 467 3038 526 annumerant,
3070 469 3125 513 et
3163 459 3242 514 sic
3266 460 3476 516 brutam
3507 465 3741 521 vitiorum

2180 545 2469 610 potentiam
2491 545 2752 615 castigant
2771 548 2794 601 ἲ
2812 551 2901 617 qui
2925 549 3232 617 splendidas
3252 561 3396 606 eonsl
3407 564 3565 607 ruunt
3589 559 3735 621 mdes,

2180 640 2235 686 et
2258 633 2428 688 lautas
2471 645 2745 703 apponunt
2786 654 3017 701 mensas,
3051 655 3116 692 an
3143 627 3231 710 qui
3270 649 3324 695 et
3348 643 3467 696 cibo
3494 653 3546 697 et
3573 646 3738 699 domi-

2178 724 2303 779 cilio
2341 726 2569 796 simplici
2602 729 2840 784 contenti
2867 729 2999 782 nihil
3045 732 3276 799 amplius
3305 735 3624 802 requirunt?
3661 739 3740 806 qui

2180 813 2456 869 innumera
2481 824 2638 871 terra:
2663 817 3070 887 sulcantjugera
3096 861 3110 883 ,
3141 835 3205 872 an
3231 821 3319 890 qui
3347 838 3412 876 ne
3439 824 3604 892 gleba:
3628 830 3740 893 qui-

2179 901 2300 956 dem
2339 904 2493 958 unius
2513 907 2905 974 possessionem
2930 907 3028 960 sibi
3049 909 3405 963 necessariam
3429 912 3746 968 existimant?

2178 993 2267 1061 qui
2293 991 2499 1049 ftenora
2529 995 2824 1051 faenoribus
2852 997 3167 1066 adjicientes
3202 1000 3434 1070 iniquam
3478 1005 3744 1071 cujuslibet

2179 1085 2488 1139 commercii
2521 1086 2660 1140 viam
2701 1088 2923 1153 adeunt,
2955 1105 3022 1142 an
3073 1090 3162 1159 qui
3203 1091 3410 1160 iniquas
3460 1092 3748 1162 huiusmodi

2179 1177 2515 1246 syngraphas
2555 1178 2881 1249 discerpunt,
2914 1197 3085 1252 exque
3121 1181 3462 1238 facultatibus
3497 1187 3604 1240 suis
3629 1203 3748 1256 ege-

2180 1279 2282 1319 nos
2311 1265 2536 1322 fovent?
2559 1270 2647 1338 qui
2677 1271 2920 1326 mortalis
2953 1283 3159 1326 natura:
3201 1274 3458 1328 vilitatem
3509 1279 3747 1329 conside-

2180 1370 2301 1414 rant
2325 1401 2338 1422 ,
2369 1377 2437 1415 an
2467 1364 2556 1432 qui
2589 1363 2640 1417 id
2683 1379 2751 1419 ne
2793 1366 2930 1420 seire
2959 1365 3175 1434 quidem
3203 1367 3405 1430 volunt,
3437 1367 3529 1421 sed
3561 1369 3744 1438 ingenti

2179 1465 2271 1502 sua
2299 1453 2622 1522 arrogantia,
2651 1469 2709 1509 se
2738 1454 2983 1510 homines
3002 1457 3308 1512 existimare
3339 1458 3647 1512 desierunt?
3669 1461 3748 1530 qui

2179 1541 2490 1597 meretrices
2525 1545 2694 1610 alunt,
2724 1545 3034 1616 alienasque
3059 1549 3270 1617 nuptias
3301 1549 3562 1618 polluunt,
3588 1566 3649 1604 an
3666 1553 3747 1621 qui

2178 1646 2205 1683 a
2241 1634 2454 1701 prepria
2500 1635 2660 1689 etiam
2693 1653 2858 1695 uxore
2888 1639 3203 1694 abstinent?
3230 1641 3419 1696 Nonne
3446 1642 3517 1696 illi
3547 1643 3747 1710 quidem

2179 1724 2339 1776 veluti
2374 1733 2610 1780 tumores
2639 1729 2852 1796 corpori
2878 1730 3128 1798 ventique
3156 1729 3394 1786 furentes
3417 1732 3546 1786 mari
3575 1733 3748 1786 adver.

2179 1829 2272 1868 sus
2329 1824 2528 1870 rectam
2581 1818 2728 1873 orbis
2775 1821 3163 1876 institutionem
3213 1824 3512 1893 insurgunt,
3561 1841 3748 1895 perque

2186 1923 2339 1962 suam
2372 1908 2834 1979 intemperantiam
2867 1927 2964 1967 eos
2993 1955 3009 1980 ,
3035 1915 3124 1983 qui
3155 1915 3379 1970 salutem
3410 1917 3635 1971 nancisci
3659 1932 3744 1986 po-

2179 2007 2370 2064 terant,
2400 1999 2451 2052 in
2483 1999 2675 2055 ﬂuctus
2704 2002 2997 2071 conjiciunt
3023 2021 3038 2070 ;
3065 2004 3117 2058 hi
3150 2021 3278 2060 vero
3308 2016 3572 2078 tamquam
3603 2007 3747 2061 lumi~

2179 2090 2324 2143 naria
2374 2091 2424 2145 in
2458 2093 2732 2162 profundis
2778 2095 3012 2150 tenebris
3059 2098 3327 2163 micantia,
3361 2113 3476 2164 eos,
3505 2101 3589 2168 qui
3622 2115 3746 2153 nau-

2179 2182 2346 2252 fragio
2387 2185 2613 2253 proximi
2654 2185 2703 2239 in
2737 2187 2914 2241 medio
2941 2200 3260 2255 versantur,
3307 2191 3374 2243 ad
3425 2193 3745 2246 securitatem

2177 2284 2422 2340 evocant,
2455 2285 2508 2330 ct
2541 2277 2892 2348 philosophia:
2922 2279 3063 2334 faces
3105 2283 3156 2335 in
3187 2283 3407 2338 sublimi
3435 2285 3549 2337 loco
3577 2285 3744 2354 procul

2177 2380 2427 2421 accensas
2458 2377 2747 2436 ponentes.
2777 2371 2854 2424 sic
2879 2386 2973 2426 eos
2999 2373 3087 2441 qui
3116 2374 3385 2428 voluerint
3411 2377 3474 2430 ad
3503 2378 3744 2444 tranquil.

2178 2455 2282 2508 lum
2329 2466 2537 2526 portum
2568 2459 2884 2514 deducunt?
2927 2461 3117 2517 Nonne
3146 2475 3369 2532 propter
3394 2467 3512 2519 illos
3537 2467 3742 2520 seditio-

2178 2561 2292 2609 nes,
2327 2547 2481 2612 bella,
2520 2565 2727 2618 pugna),
2761 2551 2971 2606 urbium
3012 2555 3239 2619 excidia,
3273 2557 3508 2620 vincula,
3537 2558 3746 2610 servitu-

2179 2646 2277 2700 tes,
2308 2639 2638 2706 i-aptivitates
2659 2681 2673 2706 ,
2702 2641 2877 2696 caules
2917 2653 2973 2696 et
3017 2643 3292 2699 innumera
3337 2648 3521 2700 sarcnli
3544 2647 3671 2700 mala
3700 2645 3753 2698 ιι

2176 2745 2279 2782 non
2305 2740 2506 2784 tantum
2532 2746 2615 2796 ea,
2649 2749 2766 2802 qua:
2797 2748 2892 2802 per
2920 2733 3166 2790 homines
3185 2736 3504 2791 hominibus
3531 2739 3748 2792 interim.

2177 2831 2282 2885 tur,
2311 2823 2404 2876 sed
2431 2824 2590 2878 etiam
2628 2840 2710 2878 ea.
2743 2841 2861 2894 quae
2885 2825 2952 2880 de
2976 2828 3108 2880 caelo
3129 2830 3366 2893 veniunt,
3392 2841 3462 2883 ιιι
3484 2832 3750 2893 siccitates,

2176 2912 2422 2966 imbrium
2471 2914 2830 2978 exundantize,
2865 2925 3024 2970 terrae
3061 2928 3257 2983 motus,
3314 2921 3516 2982 ruinae,
3559 2922 3747 2973 urbium

2174 3004 2560 3073 demersiones,
2585 3005 2774 3073 fames,
2797 3019 2973 3078 pestes
2999 3009 3210 3082 aliaque
3225 3013 3438 3078 omnia,
3467 3029 3578 3083 quze
3607 3013 3742 3067 nobis

2171 3099 2376 3156 coalitus
2400 3100 2796 3157 immittuntur?

2247 3194 2333 3249 10.
2378 3195 2533 3266 Leges
2576 3205 2624 3250 et
2667 3197 2920 3267 supplicia
2943 3197 3234 3268 reipublirat
3260 3199 3570 3253 necessaria.
3597 3226 3662 3239 ——
3686 3197 3740 3251 lli

2173 3285 2352 3354 itaque
2378 3296 2532 3354 sunt,
2556 3287 2646 3358 qui
2682 3288 3064 3356 rempublicam
3090 3299 3356 3356 evertunt,
3385 3292 3578 3362 reique
3619 3305 3748 3344 Com-

2172 3378 2316 3430 muni
2365 3387 2566 3447 pestem
2601 3377 2836 3433 inferunt
2875 3397 2888 3433 :
2928 3379 2980 3433 hi
3001 3381 3117 3434 aliis
3161 3381 3569 3436 innumerarum
3617 3383 3746 3437 cala-

2171 3470 2414 3523 mitatum
2457 3485 2614 3525 causa
2665 3480 2822 3537 sunt,
2873 3473 2964 3542 qui
3019 3473 3141 3526 vitae
3191 3473 3451 3543 quietiori
3497 3473 3746 3530 studentes

2171 3562 2508 3632 perturbant,
2559 3564 2792 3633 undique
2837 3564 3168 3634 pertrahunt,
3215 3575 3271 3621 et
3311 3567 3577 3622 dilaniant
3613 3585 3624 3620 :
3665 3566 3748 3621 lio-

2170 3668 2286 3706 rum
2317 3668 2475 3708 causa
2522 3655 2799 3710 tribunalia
2829 3665 2954 3711 sunt
2976 3698 2991 3723 ,
3025 3657 3190 3727 leges,
3239 3659 3496 3723 mulctze,
3546 3669 3596 3714 et
3633 3659 3747 3714 varii

2167 3744 2547 3814 suppliciorum
2597 3746 2739 3800 modi
2797 3763 2812 3800 :
2861 3761 2924 3802 ac
2964 3748 3408 3818 quemadmodum
3471 3751 3520 3805 in
3563 3751 3743 3814 domo.

2169 3834 2256 3888 ubi
2321 3835 2467 3888 multi
2505 3835 2688 3905 jacent
2748 3836 2979 3904 inﬁrmi,
3038 3839 3334 3894 incolumes
3385 3855 3526 3896 vero
3570 3841 3742 3911 pauci,

2166 3934 2222 3979 et
2267 3925 2618 3981 medicamina
2663 3935 2719 3982 et
2778 3927 3014 3983 medicos
3053 3930 3358 3999 complures
3397 3933 3581 3986 videas
3612 3973 3626 3997 ,
3675 3947 3743 3984 sic

2167 4025 2219 4072 et
2276 4017 2327 4071 in
2354 4016 2487 4072 orbe
2527 4026 2640 4072 toto
2683 4018 2824 4072 nulla
2863 4035 2994 4090 gens
3033 4029 3114 4074 est
3151 4062 3165 4086 ,
3211 4021 3355 4075 nulla
3411 4023 3621 4088 civitas,
3661 4021 3741 4074 ubi

2168 4123 2271 4163 non
2313 4110 2493 4164 multa:
2548 4110 2691 4180 leges
2727 4110 2831 4165 sint
2865 4153 2880 4177 ,
2945 4113 3095 4167 multi
3147 4115 3487 4184 magistratus
3526 4157 3540 4182 ,
3592 4117 3740 4169 multa

2165 4201 2441 4270 supplicia.
2464 4201 2647 4272 Neque
2666 4203 2809 4257 enim
2835 4204 2948 4273 ipsa
2971 4221 3063 4274 per
3084 4221 3144 4259 se
3163 4206 3514 4262 medicamina
3537 4218 3739 4278 possunt

2164 4309 2362 4363 :egrum
2393 4295 2619 4364 erigere,
2647 4297 2743 4349 nisi
2770 4297 2946 4350 adsint
2967 4298 3053 4365 qui
3085 4300 3358 4366 imponant
3387 4302 3472 4354 illa
3499 4325 3513 4356 ς
3549 4302 3595 4353 hi
3625 4312 3740 4352 vero

2163 4396 2286 4440 sunt
2311 4387 2539 4455 judices,
2563 4387 2653 4458 qui
2681 4403 2870 4458 aegros,
2905 4391 3070 4442 velint
3101 4391 3272 4443 nolint
3293 4433 3308 4454 ,
3333 4392 3398 4445 ad
3438 4393 3740 4445 tnedieinam

2161 4477 2524 4545 accipiendam
2551 4489 2763 4548 cogunt.
2791 4481 3039 4535 Attamen
3067 4481 3135 4533 ita
3166 4481 3384 4536 morbus
3410 4483 3650 4545 obtinuit,
3683 4489 3735 4531 ut

2163 4565 2328 4634 ips-un
2361 4568 2688 4644 medicorum
2715 4579 2883 4623 artem
2909 4580 3144 4638 superet,
3171 4571 3419 4639 ipSOSqtle
3445 4571 3646 4640 juilices
3665 4570 3731 4622 in-

2162 4659 2356 4711 vaserit
2378 4675 2391 4710 :
2417 4659 2748 4729 idipsnmque
2771 4662 3048 4730 contingit,
3074 4678 3139 4716 ac
3164 4665 3206 4716 si
3230 4664 3348 4732 quis
3373 4664 3526 4728 febri,
3560 4663 3741 4716 morbo

2161 4749 2405 4802 interemi
2435 4791 2448 4813 ,
2494 4750 2892 4821 innumerisque
2933 4753 3051 4806 aliis
3091 4754 3426 4822 gravioribus
3470 4763 3738 4820 correptus

2160 4841 2571 4901 iniirmitatilms.
2603 4843 2739 4897 mala
2771 4843 2984 4914 quidem
3029 4847 3244 4916 propria
3285 4862 3389 4900 non
3432 4855 3740 4915 superaret,

2158 4929 2257 4983 sed
2278 4930 2409 4984 alios
2430 4973 2443 4996 ,
2476 4932 2565 5001 qui
2597 4932 2785 4988 iisdem
2817 4933 3169 4989 incommodis
3209 4935 3552 5001 laborarent,
3584 4935 3648 4988 ab
3675 4933 3739 4987 iis

2157 5021 2371 5089 eripere
2393 5022 2650 5076 studeret.
2685 5023 2957 5092 Siquidem
2990 5025 3242 5093 nequitia:
3273 5026 3481 5090 ﬂuctus,
3510 5040 3606 5079 ceu
3633 5034 3734 5077 tor-

2157 5127 2283 5166 rens
2307 5154 2320 5177 ,
2349 5114 2592 5168 obicibus
2621 5115 2847 5169 sublatis
2875 5117 3124 5170 omnibus
3155 5118 3205 5171 in
3239 5119 3497 5172 humanos
3536 5117 3734 5170 animos

2156 5207 2504 5262 vehementer
2529 5207 2725 5262 ell‘nsns
2746 5219 2846 5262 est.
2883 5209 3083 5279 Ecquid
3103 5210 3292 5280 loquor
3315 5210 3382 5265 de
3403 5219 3561 5264 rectm
3591 5209 3730 5262 iusti.-

2156 5298 2378 5351 tutionis
2393 5298 2672 5354 eversione
2692 5299 2715 5353 ?
2739 5299 3039 5355 Periculum
3069 5303 3210 5356 enim
3239 5312 3342 5368 est,
3373 5317 3438 5356 ne
3463 5303 3545 5354 illa
3576 5300 3734 5368 pestis

2151 5388 2218 5442 ab
2242 5389 2495 5457 improbis
2522 5389 2830 5445 hominibus
2848 5392 3075 5456 invecta,
3099 5407 3159 5447 ea
3184 5393 3368 5458 etiam,
3393 5409 3507 5461 qum
3529 5392 3595 5444 de
3617 5406 3734 5460 prm

2151 5480 2382 5535 videntia
2415 5481 2505 5535 Dei
2535 5495 2564 5534 a
2595 5482 2836 5551 plurimis
2860 5483 3123 5552 disputata
3164 5493 3291 5537 sunt
3310 5525 3326 5550 ,
3373 5484 3578 5537 refellat
3607 5499 3618 5533 :
3647 5496 3706 5532 us

2149 5588 2250 5640 que
2269 5571 2405 5626 adeo
2437 5573 2792 5644 progreditur,
2823 5561 3064 5644 augetur,
3097 5577 3274 5630 omnia
3303 5576 3591 5646 pervadere
3621 5582 3726 5624 sate

2149 5665 2290 5733 agit,
2333 5664 2510 5718 omnia
2543 5664 2811 5734 susdeque
2848 5668 3075 5729 evertit,
3101 5666 3424 5734 demumth
3453 5665 3714 5728 advers"!

2214 5779 2228 5808 ί
2267 5782 2334 5826 sie
2370 5775 2505 5826 Fat-il.
2550 5783 2601 5826 et
2636 5783 2740 5829 Mss.
2769 5783 2819 5828 tn
2843 5778 3007 5829 Morel.
3033 5779 3590 5842 quadamemitttmmxo.
