4032 6402
184 373 291 438 563

180 478 275 529 καὶ
300 466 432 536 τοῦς
470 464 569 543 τῆς
616 463 773 544 δόξης
805 465 866 527 οὑ
901 465 1303 542 διαφεύγουσιν·
1344 475 1393 527 οἰ
1422 474 1479 527 δέ
1509 473 1726 537 πλείους
1762 475 1855 527 καὶ

178 561 392 626 τούτοις
411 562 614 624 αὐτοῖς,
635 564 728 615 καὶ
745 565 855 625 τοῖς
872 563 970 631 τῆς
982 560 1274 629 ἀσελγείας
1293 560 1435 632 μετά
1458 561 1702 625 πλείονος
1736 578 1862 615 κατ-

177 653 395 721 έχονται
425 651 522 721 τῆς
550 652 652 703 ὐπε
663 650 879 721 ρὸολῆς.
910 645 1044 703 Εἶτα
1062 649 1254 718 λόγους
1291 649 1389 720 μὲν
1413 651 1594 714 αὑτοῖς
1628 650 1860 704 ἐνθεῖναι

180 739 519 811 βουλόμενοι,
544 740 669 809 οὑχὶ
693 740 760 793 τὰ
784 739 1143 792 διακόπτοντα
1171 738 1271 809 τὴν
1297 738 1578 793 παίδευσιν
1602 737 1860 809 ἀναιροῦο

182 844 285 899 μεν
309 828 495 898 μόνον,
522 827 657 880 ἀλλὰ
682 829 776 881 καὶ
800 826 870 879 τὰ
891 825 1222 880 συνιστῶντα
1238 828 1739 898 κατασκευάζομεν,
1762 829 1863 881 καὶ

178 916 567 985 παιδαγωγοὺς
590 916 686 967 καὶ
712 913 1064 977 διδασκάλους
1096 913 1446 983 ἐφιστῶντες,
1479 915 1574 967 καὶ
1601 916 1862 986 χρήματα

177 1003 583 1066 ἀναλίσκοντες,
615 1002 708 1055 καὶ
729 1001 831 1073 τὴν
861 1001 971 1055 ἀπὸ
1017 1000 1127 1055 τῶν
1151 1000 1326 1056 ἀλλων
1353 1002 1695 1072 πραγμάτων
1721 1018 1861 1070 παρ·

178 1091 397 1163 ἔχοντες
426 1090 642 1161 σχολὴν,
663 1090 759 1143 καὶ
779 1090 890 1143 τῶν
920 1091 981 1143 ἐν
994 1092 1109 1153 τοῖς
1135 1089 1525 1159 Ὀλυμπιακοῖς
1546 1089 1722 1157 ἀγῶσι
1743 1106 1862 1143 παι-

175 1176 444 1250 δοτριϐῶν
477 1177 865 1248 συνεχέστερον
897 1175 1301 1247 ἐπιφωνοῦντες
1344 1177 1530 1240 αὑτοῖς
1570 1178 1669 1248 τήν
1694 1194 1754 1230 τε
1794 1181 1859 1232 ἐκ

174 1268 277 1339 τῆς
303 1265 662 1329 ἀπαιδευσίας
691 1266 906 1330 πενίαν,
934 1267 1029 1318 καὶ
1055 1266 1147 1319 τὸν
1206 1265 1316 1318 ἀπὸ
1370 1265 1472 1336 τῆς
1518 1265 1859 1331 παιδεύσεως

175 1354 434 1418 πλοῦτον,
456 1355 553 1407 καὶ
580 1353 760 1409 πάντα
791 1352 1074 1417 ποιοῦντες
1101 1354 1196 1407 καὶ
1220 1352 1491 1422 λέγοντες,
1517 1355 1612 1407 καὶ
1637 1354 1707 1408 δι’
1727 1356 1858 1409 ἐαυ-

174 1444 308 1509 τῶν,
344 1443 441 1499 καὶ
465 1443 534 1496 δι’
559 1442 757 1505 ἄλλων,
810 1442 952 1496 ὥστε
986 1442 1186 1505 αὑτοὺς
1236 1443 1317 1505 εἰς
1353 1441 1416 1495 τὸ
1441 1442 1597 1506 τέλος
1629 1444 1860 1511 ἀγαγεῖν

174 1532 279 1603 τῆς
297 1529 671 1601 προκειμένης
698 1528 956 1600 σπουδῆς,
975 1529 1072 1582 καὶ
1092 1528 1214 1583 οὑδὲ
1238 1527 1382 1582 οὕτω
1412 1529 1675 1592 πολλάκις
1703 1546 1860 1601 περι-

174 1616 445 1689 γινόμεθα
463 1632 477 1647 ·
511 1614 731 1688 τρόπων
759 1614 816 1668 δὲ
845 1615 1168 1678 ἐπιείκειαν,
1199 1612 1294 1667 καὶ
1321 1612 1596 1676 πολιτείας
1627 1612 1860 1684 ἀρίστης

174 1705 465 1778 ἀκρίϐειαν
524 1703 832 1774 αὐτόματον
900 1701 1201 1773 οἰησόμεθα
1263 1700 1698 1773 παραγενέσθαι,
1763 1701 1858 1755 καὶ

174 1794 354 1850 ταῦτα
398 1791 669 1847 τοσούτων
698 1791 868 1845 ὄντων
902 1789 1020 1863 [91]
1051 1789 1163 1844 τῶν
1208 1788 1610 1844 διακοπτόντων
1651 1788 1855 1858 αὑτήν;

175 1885 292 1941 Καὶ
324 1884 378 1938 τί
409 1882 615 1955 ταύτης
656 1882 760 1954 τῆς
787 1880 1006 1949 ἀλογίας
1032 1882 1214 1952 χεῖρον
1256 1878 1456 1948 γένοιτ’
1510 1876 1598 1940 ἂν,
1658 1877 1721 1930 τὸ
1757 1876 1858 1948 μὲν

179 1976 384 2046 ῥᾷστον
429 1971 574 2027 οὕτω
622 1972 865 2045 μεγάλης
892 1970 1079 2038 ἀξιοῦν
1122 1970 1289 2041 τιμῆς
1336 1967 1433 2023 καὶ
1477 1967 1750 2038 σπουδῆς·
1782 1966 1858 2030 ὡς

175 2062 279 2115 οὑκ
309 2061 430 2115 ἐνὸν
474 2059 682 2131 ταύτης
730 2059 860 2114 ἀνευ
894 2057 1027 2112 αὑτὸ
1072 2053 1484 2128 κατορθωθῆναί
1526 2068 1692 2107 ποτε·
1732 2053 1760 2107 ὃ
1800 2053 1858 2107 δέ

176 2146 361 2218 πολλῷ
400 2144 823 2217 δυσχερέστερόν
847 2147 985 2211 ἐστι,
1013 2144 1172 2197 τοῦτο
1205 2140 1565 2197 καθεύδουσιν
1597 2141 1731 2211 ἡμῖν
1762 2140 1859 2209 ἐφ-

177 2232 439 2287 ίστασθαι
465 2231 727 2303 νομίζειν,
751 2229 1005 2302 καθάπερ
1036 2247 1090 2284 τι
1124 2230 1232 2283 τῶν
1258 2228 1479 2300 φαύλων
1512 2229 1608 2282 καὶ
1628 2226 1857 2297 οὑδαμιυ

172 2321 284 2375 νῶν
317 2332 380 2385 ις
412 2318 704 2389 Φιλοσοφία
738 2320 850 2391 γάρ
874 2318 1055 2390 ψυχῆς
1083 2318 1259 2386 λόγων
1302 2315 1643 2379 παιδεύσεως
1680 2314 1858 2385 τούτῳ

172 2406 580 2488 δυσκολώτερόν
599 2407 660 2460 τέ
693 2408 809 2460 ἐστι
838 2408 932 2460 καὶ
961 2406 1380 2488 ἐργωδέστερον,
1414 2404 1525 2475 ὅσῳ
1548 2403 1645 2456 τοῦ
1677 2402 1859 2470 λέγειν

173 2498 239 2553 τὸ
268 2484 556 2567 πράττεινξ
573 2496 668 2551 καὶ
693 2495 805 2565 ὅσῳ
827 2494 1088 2568 ῥημάτων
1120 2484 1255 2564 ἔργα
1287 2491 1434 2545 ἐστὶν
1456 2488 1854 2558 ἐπιπονώτερα.

251 2585 318 2641 θ’.
347 2586 464 2641 Καὶ
491 2585 546 2638 τί
569 2583 1004 2653 δεῖφιλοσοφίας.
1023 2581 1175 2652 φησὶ,
1198 2580 1292 2634 καὶ
1306 2578 1580 2642 πολιτείας
1598 2577 1859 2648 ἀκριϐοῦς

174 2676 292 2736 τοῖς
311 2672 603 2744 ἡμετέροις
629 2669 819 2735 παισίς
853 2669 1025 2724 Τοῦτο
1051 2670 1161 2739 γάρ
1186 2671 1323 2733 ἐστι,
1339 2665 1500 2719 τοῦτο
1513 2666 1652 2737 ὅπερ
1679 2665 1859 2719 πάντα

176 2760 546 2824 ἀπολώλεκεν,
594 2761 679 2814 ὃτι
739 2760 973 2830 πρᾶγμα
1018 2756 1192 2819 οὑτως
1237 2756 1558 2823 ἀναγκαῖον,
1604 2754 1702 2808 καὶ
1756 2754 1858 2826 τὴν

179 2850 460 2922 ἡμετέραν
511 2848 732 2919 συνέχον
769 2844 935 2918 ζωὴν,
988 2844 1240 2916 περιττὸν
1278 2840 1416 2897 εἶναι
1449 2843 1544 2896 καὶ
1578 2843 1859 2915 πάρεργον

176 2937 345 2991 δοκεῖ.
380 2934 489 2989 Καὶ
519 2934 649 3006 περὶ
683 2933 846 3003 σῶμα
889 2933 988 3005 μὲν
1022 2933 1299 3003 κάμνοντα
1328 2931 1421 2986 τὸν
1451 2930 1568 2984 υίόν
1612 2947 1696 2994 τις
1734 2929 1859 2984 ἰδὼν

177 3026 280 3077 οὑκ
330 3023 400 3078 ἂν
436 3022 609 3076 εἴποι·
668 3022 734 3077 Τί
786 3020 843 3074 δὲ
885 3019 1037 3089 αὐτῷ
1080 3019 1331 3090 καθαρᾶς
1377 3018 1591 3087 ὑγιείας
1638 3017 1720 3072 δεῖ
1762 3018 1859 3071 καὶ

178 3109 479 3181 ἀκριϐοῦςς
528 3108 665 3164 ἀλλά
709 3108 887 3163 πάντα
937 3107 1003 3161 ἂν
1043 3104 1536 3178 πραγματεύσαιτο
1588 3104 1730 3174 ὑπὲρ
1758 3102 1855 3156 τοῦ

177 3199 448 3267 τοσαύτην
477 3195 794 3266 ἐγγενέσθαι
817 3195 916 3264 τὴν
942 3192 1177 3259 εὐεξίαν,
1209 3192 1285 3256 ὡς
1330 3190 1528 3263 μηκέτι
1567 3191 1667 3262 τὴν
1700 3189 1858 3243 νόσον

182 3285 496 3341 ἐπανελθεῖν
514 3303 525 3315 ·
545 3284 644 3354 τῆς
663 3284 720 3339 δέ
743 3282 920 3351 ψυχῆς
946 3279 1355 3352 ἀρρωστούσης,
1374 3278 1528 3331 οὐδὲν
1547 3278 1654 3333 δεῖν
1674 3278 1858 3341 αὐτοῖς

182 3374 481 3441 θεραπείας
510 3373 665 3442 φασὶ,
692 3372 786 3425 καὶ
807 3368 1046 3441 τολμῶσι
1071 3367 1210 3439 μετά
1227 3367 1294 3421 τά
1316 3369 1535 3439 ῥήματα
1558 3365 1732 3420 ταῦτα
1754 3382 1861 3419 πα-

178 3463 347 3535 τέρας
373 3461 556 3516 καλεῖν
580 3459 826 3523 ἐαυτούς.
869 3460 935 3510 Τί
966 3453 1092 3524 οὗν;
1143 3457 1591 3528 φιλοσοφήσομεν⁹
1628 3453 1854 3517 πάντες,

182 3551 459 3623 φησὶ,καὶ
479 3551 546 3604 τά
564 3549 660 3606 τοῦ
698 3549 815 3620 βίου
844 3548 1167 3618 οἰχήσεταις
1210 3546 1286 3600 Οὑ
1329 3545 1391 3599 τὸ
1437 3544 1766 3613 φιλοσοφεῖν,
1812 3537 1859 3597 ὦ

185 3639 451 3711 βέλτιστε,
486 3636 624 3692 ἀλλά
664 3637 726 3691 τὸ
767 3636 843 3708 μὴ
877 3634 1039 3688 τοῦτο
1068 3636 1243 3687 ποιεῖν
1279 3631 1457 3686 πάντα
1483 3628 1733 3685 ἀπώλεσε
1765 3631 1859 3684 καὶ

182 3724 476 3795 διέφθειρε.
531 3723 690 3786 Τίνες
718 3722 849 3793 γάρ,
868 3719 990 3774 εἰπέ
1022 3736 1134 3791 μοι,
1155 3721 1223 3791 τῇ
1251 3717 1500 3789 παρούσῃ
1527 3716 1859 3770 καταστάσει

182 3813 557 3886 λυμαίνονται,
594 3812 655 3883 ὀί
689 3810 927 3882 μετρίως
981 3807 1184 3874 ζῶντες
1240 3806 1336 3862 καὶ
1395 3803 1674 3869 ἐπιεικῶς,
1732 3804 1766 3876 ἤ
1808 3805 1859 3859 οἱ

183 3901 408 3964 καινοὺς
460 3900 555 3953 καὶ
585 3897 936 3971 παρανόμους
982 3894 1325 3958 ἐπινοοῦντες
1350 3891 1557 3965 τροφῆς
1583 3891 1854 3963 τρόπους;

180 3990 232 4042 οί
260 3988 330 4041 τὰ
364 3986 582 4044 πάντων
611 3982 1002 4057 περιϐαλέσθαι
1033 3981 1445 4046 σπουδάζοντες,
1485 3980 1519 4050 ἧ
1554 3980 1604 4031 οἱ
1628 3981 1742 4043 τοῖς
1765 3973 1857 4032 οὗ·

183 4093 272 4128 σιν
296 4074 655 4145 ἀρκούμενοι;
681 4074 730 4129 οἰ
752 4070 1035 4142 φάλαγγας
1065 4069 1291 4125 οἰκετῶν
1314 4068 1546 4139 ἔχοντες,
1566 4068 1659 4119 καὶ
1678 4068 1854 4137 σμήνη

184 4162 432 4217 κολάκων
456 4162 484 4202 ιι
517 4160 894 4233 περιάγοντες,
920 4157 954 4229 ἦ
982 4159 1033 4210 οἰ
1068 4156 1226 4229 μόνον
1246 4156 1464 4224 οἰκέτην
1484 4154 1580 4207 ἕνα
1607 4154 1856 4224 ἀποχρῇν

182 4252 368 4315 αὐτοῖς
395 4250 708 4322 νομίζοντες
738 4249 910 4317 (οὑπω
932 4246 1042 4319 γὰρ
1062 4245 1162 4317 τὴν
1192 4246 1369 4317 ἀκραν
1417 4242 1606 4312 τίθημι
1641 4246 1858 4310 φιλοσο-

184 4341 335 4406 φίαν,
365 4339 501 4394 ἀλλά
536 4340 637 4411 τὴν
685 4338 896 4411 πολλοῖς
928 4334 1214 4407 ἐφικτήν);
1246 4336 1295 4387 οἰ
1349 4330 1720 4400 φιλάνθρωποι
1763 4332 1855 4384 καὶ

180 4428 383 4498 ἥμεροι
415 4428 512 4483 καὶ
543 4428 618 4499 μὴ
658 4426 900 4495 δεόμενοι
946 4424 1049 4494 τῆς
1101 4420 1254 4494 παρὰ
1287 4419 1398 4474 τῶν
1426 4417 1637 4474 πολλῶν
1665 4418 1850 4489 τιμῆς,

180 4517 215 4586 ἢ
240 4517 291 4574 οἰ
317 4514 518 4578 παντὸς
538 4514 848 4584 ὀφλήματος
880 4512 1079 4584 μᾶλλον
1104 4509 1311 4581 ταύτην
1338 4507 1489 4580 παρά
1521 4505 1628 4559 τῶν
1650 4506 1855 4576 ὁμοφύ-

181 4603 293 4661 λων
334 4600 711 4666 ἀπαιτοῦντες,
749 4603 845 4659 καὶ
889 4599 1089 4672 μυρίας
1130 4596 1487 4669 ἐργαζόμενοι
1544 4593 1853 4665 συμφορὰς,

184 4689 372 4759 ἐπειδὴ
404 4688 477 4760 μὴ
508 4688 805 4759 ὑπανέστη,
857 4688 992 4760 μηδὲ
1018 4689 1309 4759 προσεῖπεν
1339 4695 1361 4723 ο
1395 4684 1425 4737 6
1462 4682 1611 4739 δεῖνα
1660 4681 1856 4751 πρότε-

184 4793 300 4848 ρος.
320 4776 453 4847 μηδὲ
467 4774 735 4848 ὑπέκυψε,
755 4775 892 4847 μηδὲ
915 4774 984 4829 τά
1003 4773 1112 4827 τῶν
1132 4771 1479 4843 ἀνδραπόδων
1502 4768 1817 4836 ἐπεδείξατο
1839 4784 1852 4833 ;

178 4865 231 4917 οἱ
271 4863 604 4934 μελετῶντες
635 4862 920 4934 ἄρχεσθαι,
954 4861 987 4931 ἦ
1020 4863 1069 4913 οί
1116 4859 1446 4912 δυναστειῶν
1487 4857 1721 4928 ἐρῶντες
1759 4857 1857 4912 καί

178 4951 389 5026 ἀρχῶν,
428 4951 525 5009 καὶ
557 4950 736 5005 πάντα
768 4949 911 5021 ὑπὲρ
936 4946 1126 5003 τούτου
1152 4947 1245 5003 καὶ
1283 4946 1506 5016 ποιῆσαι
1536 4943 1632 4998 καὶ
1662 4943 1855 4998 παθεῖν

178 5040 529 5115 ἀνεχόμενοι;
559 5039 609 5097 οἰ
633 5038 850 5095 πάντων
888 5032 1129 5106 βελτίους
1157 5028 1297 5085 εἶναι
1329 5030 1601 5099 λέγοντες,
1629 5028 1724 5082 καὶ
1765 5029 1855 5082 διά

173 5114 341 5181 τοῦτο
397 5126 575 5183 πάντα
608 5127 704 5182 καὶ
748 5124 927 5191 λέγειν
960 5120 1056 5175 καὶ
1095 5118 1357 5193 πράττειν
1402 5118 1613 5182 ἐαυτοῖς
1655 5114 1855 5183 ἐξεῖναι

172 5212 518 5285 νομίζοντες,
561 5214 595 5285 ἢ
628 5214 679 5269 οἱ
716 5212 854 5291 μετά
880 5208 988 5271 τῶν
1024 5208 1268 5277 ἐσχάτων
1321 5202 1680 5291 ἀριθμοῦντες
1713 5205 1856 5291 ἐαυ-

173 5305 333 5369 τοὺς,
360 5303 455 5365 καὶ
477 5301 650 5383 ταύτῃ
671 5301 698 5342 δ
725 5290 821 5373 τὴν
846 5299 1038 5367 ἄλογον
1060 5293 1305 5367 ἐξουσίαν
1335 5292 1442 5345 τῶν
1477 5290 1663 5344 παθῶν
1690 5290 1853 5345 κολά-

175 5390 403 5458 ζοντεςς
426 5393 477 5446 οἰ
514 5392 614 5456 τὰς
644 5381 903 5461 λαμπράς
924 5382 1363 5455 οἰκοδομούμενοι
1400 5381 1597 5442 οἰκίας.
1636 5381 1730 5433 καὶ
1756 5382 1856 5444 τάς

176 5480 499 5546 πολυτελεῖς
529 5477 953 5551 παρατιθέμενοι
981 5472 1257 5545 τραπέζας
1278 5509 1292 5534 ,
1348 5469 1382 5539 ἦ
1420 5470 1468 5521 οἱ
1501 5467 1667 5539 μηδὲν
1694 5467 1854 5522 πλέον

246 5655 271 5723 f'
301 5653 412 5723 Ωυο
434 5668 552 5723 "'55.-
578 5651 990 5723 M’~9"°"F‘°".’E‘“
1014 5650 1184 5723 οὖδαμ·
1348 5708 1361 5723 ,
1529 5711 1571 5723 -.

246 5713 281 5759 ll
301 5715 439 5765 Unus
462 5705 616 5766 code'x
653 5714 804 5765 habet
824 5713 1044 5763 κολάκων
1073 5705 1154 5760 καὶ
1182 5708 1478 5772 παρασίτων,
1524 5711 1577 5755 et
1601 5706 1673 5756 sic
1697 5705 1850 5756 Savil.

176 5776 231 5828 ίιι
253 5779 492 5839 margine.

246 5842 267 5868 θ
294 5842 400 5888 Dno
421 5853 536 5889 mss.
564 5838 711 5887 εἶπεν.

243 5900 269 5939 d
295 5900 451 5951 Iidem
470 5900 644 5955 ταύτην
688 5902 742 5947 εἰ
763 5895 834 5949 sic
857 5896 1006 5953 Savil.
1049 5894 1100 5946 in
1124 5908 1275 5961 marg.
1302 5894 1449 5951 Savtl.
1490 5903 1609 5944 vero
1634 5894 1684 5943 In
1711 5893 1854 5943 textu

179 5967 230 6015 ει
258 5963 429 6013 Mora.
456 5962 618 6024 ταύτῃ.

957 370 1331 434 ADVERSUS
1365 378 1927 437 OPPUGNATORES
1966 380 2152 438 νιτΑε
2195 382 2496 440 MONAST.
2538 384 2668 439 LIB.
2706 383 2798 439 Ill.

3529 386 3635 441 366

1966 477 2061 529 καὶ
2090 479 2296 548 τροφῆς
2325 479 2418 531 καὶ
2444 478 2709 549 οἰκήσεως
2752 477 2854 548 τῆς
2884 478 3189 547 ἀναγκαίας
3229 477 3551 551 ζητοῦντες;
3586 480 3635 532 οἰ

1965 564 2135 635 μυρία
2169 564 2379 636 πλέθρα
2398 566 2825 636 ἀποτεμνόμενοι
2854 564 2978 634 γῆς,
3009 565 3043 638 ἢ
3069 569 3118 620 οί
3145 566 3279 638 μηδέ
3312 565 3481 637 βῶλον
3506 568 3637 636 μίαν

1962 651 2267 720 ἀναγκαίαν
2293 653 2478 715 αὑτοῖς
2517 652 2654 723 πρὸς
2702 652 2897 723 κτῆσιν
2920 649 3058 708 εἶναι
3081 655 3422 726 νομίζοντεςς
3465 657 3514 707 οἰ
3549 656 3639 708 τό-

1961 754 2093 803 κους
2121 741 2214 793 ἐπὶ
2251 740 2445 804 τόκους
2469 750 2494 779 ο
2515 739 2887 808 συλλέγοντες,
2920 741 3016 795 καὶ
3043 743 3225 812 πάσης
3247 742 3521 815 ἐμπορίας
3552 761 3639 796 κι-

1961 825 2177 889 νοῦντες
2204 826 2320 879 ὁδὸν
2352 825 2556 890 ἄδικον,
2589 825 2622 897 ἢ
2662 828 2710 880 οἰ
2735 826 2835 889 τάς
2868 826 3087 891 ἀδίκους
3123 828 3325 894 ταύτας
3363 828 3637 883 διασπῶν-

1959 930 2053 976 τες
2105 914 2449 984 συγγραφάς,
2498 914 2592 967 καὶ
2646 916 2712 967 ἐκ
2769 913 2881 967 τῶν
2929 914 3157 970 ἐνόντων
3203 919 3317 981 τοῖς
3363 916 3639 988 δεομένοις

1962 1004 2378 1078 ἐπικουροῦντες
2395 1025 2409 1073 ;
2428 1008 2478 1060 οί
2492 1006 2553 1061 τὸ
2570 1006 2786 1072 εὐτελὲς
2802 1006 2902 1077 τῆς
2916 1006 3264 1077 ἀνθρωπίνης
3291 1008 3488 1062 ἐπεσκε
3499 1010 3640 1080 μμέ-

1962 1116 2042 1153 νοι
2071 1100 2306 1169 φύσεως.
2339 1102 2373 1174 ἥ
2409 1103 2459 1156 οἰ
2490 1102 2629 1173 μηδέ
2657 1101 2816 1155 τοῦτο
2847 1099 2980 1154 αὑτὸ
3002 1099 3199 1153 εἰδέναι
3223 1100 3487 1164 θέλοντες,
3523 1102 3640 1155 ἀλλ’

1962 1192 2069 1246 ὑπὸ
2096 1195 2195 1264 τῆς
2226 1190 2368 1263 ἀγαν
2400 1194 2716 1261 ἀλαζονείας
2744 1194 2838 1248 καὶ
2864 1193 2925 1246 τὸ
2962 1191 3283 1265 ἀνθρώπους
3310 1193 3427 1266 [92]
3444 1195 3643 1258 αὑτοὺς

1960 1287 2202 1356 νομίζειν
2234 1288 2669 1357 ἀπολωλεκότες;
2706 1290 2756 1342 οἰ
2790 1287 2997 1357 πόρνας
3032 1287 3348 1359 τρέφοντες,
3391 1287 3486 1341 καὶ
3526 1289 3644 1351 τοῖς

1960 1380 2261 1451 ἀλλοτρίοις
2292 1381 2678 1452 λυμαινόμενοι
2716 1381 3004 1454 γάμοις,ἥ
3045 1381 3096 1436 οἰ
3143 1383 3240 1436 καὶ
3284 1382 3387 1454 τῆς
3431 1381 3645 1435 ἑαυτῶν

1959 1470 2291 1543 ἀπεχόμενοι
2316 1474 2610 1541 γυναικός;
2638 1476 2751 1546 Ούχ
2774 1476 2822 1528 οἰ
2856 1474 2977 1543 μὲν,
3008 1472 3199 1544 ὥσπερ
3232 1476 3504 1546 οἰδήματα
3541 1474 3643 1529 σὼο

1962 1582 2095 1636 ματι
2132 1565 2227 1618 καὶ
2271 1565 2560 1638 πνεύματα
2607 1569 2775 1640 ἄγρια
2821 1567 3084 1641 θαλάττῃ,
3133 1570 3199 1639 τῇ
3255 1569 3504 1639 πολιτεία
3544 1569 3646 1639 τῆς

1958 1662 2288 1736 οἰκουμένης
2307 1664 2651 1734 ἐπιφύονται,
2679 1666 2773 1719 καὶ
2796 1666 2922 1729 τοὺς
2944 1666 3069 1719 καθ’
3097 1666 3326 1730 ἑαυτοὺς
3377 1665 3643 1733 σώζεσθαι

1957 1755 2287 1828 δυναμένους
2332 1758 2689 1829 χειμάζοντες
2732 1759 2821 1813 διά
2852 1757 2953 1830 τὴν
2988 1758 3261 1828 ἀκρασίαν
3293 1758 3395 1829 τὴν
3426 1759 3642 1813 αὑτῶν·

1957 1852 2008 1904 οἰ
2056 1850 2114 1904 δέ
2143 1851 2334 1922 ῶσπερ
2382 1852 2440 1905 ἐν
2484 1852 2663 1922 σκότῳ
2705 1851 2859 1922 βαθεῖ
2903 1851 3227 1922 λαμπτῆρες
3263 1850 3482 1923 φαιδροὶ
3515 1852 3645 1917 τοῦς

1958 1943 2019 1997 ἐν
2047 1943 2199 2015 μέσῳ
2231 1943 2606 2013 ναυαγοῦντας
2634 1943 2774 2016 πρὸς
2810 1943 2908 2015 τὴν
2947 1945 3156 1997 οἰκείαν
3184 1942 3443 1997 καλοῦσιν
3467 1944 3647 2014 ἀσφά-

1961 2031 2133 2097 λειαν,
2168 2034 2262 2087 καὶ
2306 2032 2414 2098 ,τάς
2463 2034 2563 2104 τῆς
2612 2033 2934 2103 φιλοσοφίας
2966 2032 3259 2103 λαμπάδας
3305 2033 3399 2102 ἀφ’
3438 2033 3645 2104 ὑψηλοῦ

1961 2127 2248 2200 πόρῥωθεν
2275 2127 2532 2198 ἅψαντες,
2555 2124 2699 2181 οὕτω
2734 2127 2862 2189 τοὺς
2905 2125 3262 2196 βουλομένους
3288 2125 3383 2178 ἐπὶ
3409 2126 3503 2178 τὸν
3544 2126 3646 2196 τῆς

1962 2223 2399 2296 ἀπραγμοσύνης
2444 2223 2848 2296 χειραγωγοῦσι
2895 2221 3126 2294 λιμένας
3174 2221 3247 2275 Ού
3281 2219 3352 2273 δι’
3404 2221 3645 2286 ἐκείνους

1963 2321 2183 2383 στάσεις
2222 2321 2318 2374 καὶ
2363 2321 2591 2390 πόλεμοι
2621 2320 2715 2374 καὶ
2758 2319 2950 2390 μάχαι,
3002 2318 3098 2372 καὶ
3130 2318 3337 2372 πόλεων
3368 2335 3648 2372 κατασκα-

1959 2413 2083 2481 φαὶ,
2132 2412 2227 2467 καὶ
2251 2413 2702 2484 ἀνδραποδισμοὶ.
2740 2414 2836 2466 καὶ
2872 2412 3133 2473 δουλεῖαι,
3174 2411 3194 2452 τ
3238 2412 3333 2467 καὶ
3360 2412 3647 2484 αἰχμαλω-

1960 2503 2094 2567 σίαι,
2140 2503 2235 2558 καὶ
2270 2505 2441 2573 φόνοι,
2470 2506 2566 2559 καὶ
2605 2506 2674 2558 τὰ
2709 2502 2877 2575 μυρία
2919 2505 2976 2557 ἐν
3003 2503 3081 2573 τῷ
3112 2504 3210 2574 βίῳ
3246 2506 3423 2569 κακάς
3470 2506 3530 2558 οὐ
3575 2506 3648 2559 τὰ

1959 2596 2112 2666 παρά
2140 2595 2444 2666 ἀνθρώπων
2478 2596 2787 2666 ἀνθρώποις
2816 2593 3132 2666 ἐπαγόμενα
3166 2596 3348 2666 μόνον,
3384 2596 3520 2650 ἀλλά
3549 2600 3646 2652 καὶ

1958 2686 2027 2742 τά
2050 2689 2115 2742 ἐκ
2146 2689 2242 2743 τοῦ
2276 2687 2508 2760 ούρανοῦ
2542 2688 2743 2753 πάντα,
2780 2686 2893 2742 οἷον
2933 2687 3157 2757 αὐχμοὶ,
3206 2688 3298 2740 καὶ
3322 2687 3643 2758 ἐπομϐρίαι,

1958 2782 2055 2837 καὶ⁸
2096 2784 2330 2854 σεισμοὶ,
2368 2782 2463 2836 καὶ
2511 2779 2914 2843 καταπτώσεις,
2961 2781 3055 2834 καὶ
3108 2780 3315 2835 πόλεων
3368 2798 3646 2833 καταπον-

1958 2876 2169 2948 τισμοὶ.
2211 2878 2307 2930 καὶ
2342 2876 2512 2947 λιμοὶ,
2544 2877 2642 2929 καὶ
2671 2876 2871 2947 λοιμοὶ,
2902 2875 2997 2929 καὶ
3026 2874 3094 2928 τά
3129 2874 3264 2929 ἄλλα
3312 2876 3510 2939 πάντα,
3544 2877 3642 2932 ὅσα

1960 2971 2093 3043 ἡμῖν
2112 2970 2323 3024 ἐκεῖθεν
2353 2970 2621 3039 ἐπάγεται
2643 2987 2657 3036 ;

2032 3061 2300 3118 ι’.οὑκοῦν
2314 3053 2460 3115 οὑτοι
2489 3060 2539 3113 οἰ
2552 3061 2653 3132 τὴν
2673 3062 2947 3115 πολιτείαν
2974 3061 3395 3133 ἀνατρέποντες,
3423 3064 3647 3131 καὶτοῖς

1961 3157 2159 3218 κοινοῖς
2184 3152 2599 3223 λυμαινόμενοι·
2620 3144 2767 3206 οὗτοι
2789 3152 2837 3205 οἰ
2864 3153 2960 3205 καὶ
2984 3152 3195 3223 ἑτέροις
3237 3153 3448 3224 μυρίων
3482 3156 3647 3211 αἴτιοι

1962 3243 2260 3317 συμφορῶν
2281 3284 2295 3307 ,
2330 3245 2379 3296 οἰ
2410 3246 2522 3307 τοῖς
2554 3242 2901 3314 βουλομένοις
2940 3243 3236 3313 ἡσυχάζειν
3274 3244 3643 3316 ἐνοχλοῦντες,

1959 3339 2059 3393 καὶ
2091 3336 2428 3408 πανταχόθεν
2457 3336 2709 3399 ἕλκοντες
2751 3336 2847 3390 καὶ
2901 3335 3335 3407 σπαράττοντες·
3383 3337 3472 3390 διά
3521 3340 3645 3393 τού.

1956 3449 2087 3496 τους
2120 3431 2467 3503 δικαστήρια,
2501 3431 2594 3484 καὶ
2621 3430 2798 3499 νόμοι,
2829 3429 2924 3483 καὶ
2952 3428 3238 3500 τιμωρίαι,
3277 3429 3369 3482 καὶ
3400 3429 3645 3503 διάφοροι

1960 3529 2238 3586 κολάσεων
2293 3527 2507 3600 τρόποι.
2559 3525 2672 3580 Καὶ
2714 3525 2966 3598 καθάπερ
2993 3526 3051 3579 ἐν
3092 3525 3263 3597 οἰκίᾳ,
3294 3526 3422 3581 ἔνθα
3459 3528 3646 3585 πολλοὶ

1963 3628 2063 3700 μὲν
2093 3630 2142 3681 οἱ
2173 3627 2493 3697 κάμνοντες,
2537 3624 2587 3677 οἱ
2621 3623 2679 3676 δὲ
2725 3623 3066 3692 ὑγιαίνοντες
3110 3624 3301 3693 ὀλίγοι.
3355 3626 3453 3679 καὶ
3506 3627 3648 3699 φάρ-

1963 3740 2116 3794 μακα
2171 3722 2269 3777 καὶ
2312 3720 2533 3793 ἰατροὺς
2578 3718 2811 3783 πολλοὺς
2859 3718 3204 3783 εἰσελθόντας
3246 3720 3394 3773 ἔστιν
3425 3722 3642 3794 εὑρεῖν·

1957 3821 2099 3878 οὑτω
2127 3820 2224 3875 καὶ
2260 3820 2318 3873 ἐν
2346 3822 2414 3891 τῇ
2445 3816 2741 3888 οἰκουμένῃ
2767 3815 2868 3869 οὑκ
2897 3814 3045 3868 ἔστιν
3071 3815 3245 3880 ἔθνος,
3280 3817 3381 3871 οὐκ
3412 3817 3527 3873 ἔστι
3557 3822 3648 3874 πό-

1957 3919 2063 3983 λις,
2112 3918 2241 3972 ἔνθα
2269 3917 2343 3987 μὴ
2378 3915 2563 3970 πολλοὶ
2595 3914 2695 3984 μὲν
2740 3914 2790 3966 οἱ
2833 3912 3010 3984 νόμοι,
3067 3912 3254 3966 πολλοὶ
3284 3912 3341 3966 δέ
3379 3916 3427 3968 οἱ
3455 3914 3645 3988 ἄρχον-

1959 4031 2075 4077 τες,
2104 4012 2296 4067 πολλαὶ
2338 4010 2394 4064 δέ
2438 4012 2493 4064 αἰ
2518 4008 2799 4081 τιμωρίαι.
2838 4009 2912 4062 Οὑ
2949 4005 3057 4079 γάρ
3085 4008 3249 4082 ἀρκεῖ
3273 4010 3342 4063 τά
3372 4010 3644 4082 φάρμακα

1958 4110 2099 4165 αὑτά
2145 4110 2269 4163 καθ’
2301 4108 2471 4162 ἐαυτά
2492 4106 2800 4177 ἀναστῆσαι
2835 4106 2929 4160 τὸν
2948 4106 3249 4177 κάμνοντα,
3271 4107 3410 4163 ἀλλά
3435 4110 3518 4164 δεῖ
3544 4114 3643 4167 καὶ

1957 4205 2067 4259 τῶν
2092 4204 2441 4260 ἐπιτιθέντων
2486 4202 2649 4266 αὐτὰ,
2680 4202 2843 4274 οἵπερ
2886 4200 3026 4257 εἰσὶν
3076 4205 3126 4257 οἰ
3170 4203 3508 4271 δικάζοντες,
3547 4210 3643 4262 καὶ

1958 4302 2183 4364 ἑκόντας
2226 4301 2320 4354 καὶ
2368 4299 2600 4362 ἄκοντας
2652 4298 3057 4367 ἀναγκάζοντες
3109 4298 3361 4369 δέχεσθαι
3412 4300 3510 4371 τὴν
3563 4305 3643 4357 ia-

1956 4396 2145 4468 τρείαν
2174 4395 2393 4459 αὑτούς.
2442 4392 2583 4448 Ἀλλ’
2630 4394 2781 4465 ὅμως
2813 4392 2987 4452 οὕτως
3020 4392 3323 4464 ὑπερέσχεν
3378 4396 3412 4467 ἠ
3465 4395 3640 4459 νόσος,

1956 4495 2033 4560 ὼς
2067 4495 2161 4548 καὶ
2189 4492 2361 4563 αὑτῆς
2387 4490 2488 4562 τῆς
2516 4490 2625 4545 τῶν
2657 4489 2858 4563 ἰατρῶν
2885 4491 3158 4562 κρατῆσαι
3179 4491 3394 4562 τέχνης,
3426 4493 3522 4546 καὶ
3545 4495 3637 4547 αὑ-

1956 4592 2083 4655 τοὺς
2123 4589 2374 4644 ἐπελθεῖν
2412 4589 2537 4653 τοὺς
2578 4587 2933 4653 δικάζοντας·
2979 4588 3076 4641 καὶ
3118 4588 3403 4659 συμϐαίνει
3455 4590 3639 4653 ταὺτὸ,

1954 4681 2068 4740 οἷον
2104 4685 2170 4738 ἂν
2206 4683 2260 4738 εί
2289 4701 2373 4748 τις
2413 4683 2634 4756 πυρετῷ
2672 4684 2766 4738 καὶ
2798 4683 2972 4753 ὑδέρῳ
3000 4683 3376 4753 συνεχόμενος.
3414 4684 3511 4737 καὶ
3537 4703 3640 4757 μυ⁴

1959 4783 2096 4857 ρίοις
2128 4782 2338 4854 ἐτέροις
2366 4779 2563 4835 πάθεσι
2589 4779 3010 4851 χαλεπωτέροις,
3045 4779 3154 4833 τῶν
3186 4779 3287 4850 μέν
3316 4780 3533 4833 οἰκείων
3564 4781 3638 4854 μὴ

1959 4879 2293 4952 περιγίνοιτο
2323 4874 2535 4939 κακῶν,
2572 4875 2793 4947 ἐτέρους
2819 4875 2876 4929 δέ
2923 4877 3040 4940 τοῖς
3072 4874 3257 4940 αὑτοῖς
3285 4874 3640 4947 ἐνεχομένους

1954 4977 2150 5038 δεινοῖς
2204 4971 2572 5026 ἀπαλλάττειν
2622 4969 2977 5043 φιλονεικοίη.
3039 4970 3106 5025 Ἦ
3148 4970 3259 5041 γὰρ
3311 4974 3409 5044 τῆς
3441 4973 3640 5039 κακίας

1958 5069 2192 5141 ἐπιρροὴ
2213 5068 2466 5138 καθάπερ
2491 5083 2576 5130 τις
2598 5065 2960 5138 χειμάρρους,
2993 5066 3211 5122 ἀπαντα
3241 5068 3309 5123 τά
3337 5067 3641 5140 κωλύματα

1957 5165 2335 5239 ἁναῤῥήξασα,
2386 5163 2631 5235 σφοδρῶς
2665 5164 2760 5218 ἐπὶ
2793 5163 2894 5229 τὰς
2934 5163 3046 5218 τῶν
3076 5162 3380 5236 ἀνθρώπων
3405 5163 3636 5239 ἐξεχύθη

2180 5262 2293 5316 Καὶ
2331 5261 2385 5314 τί
2432 5260 2578 5331 λέγω
2633 5259 2912 5325 πολιτείας
2948 5261 3298 5333 ἀνατροπήν;
3339 5257 3638 5318 κινδυνεύει

1956 5359 2067 5431 γὰρ
2111 5353 2266 5425 οὗτος
2313 5361 2342 5413 6
2390 5359 2598 5431 λοιμὸς,
2627 5360 2657 5413 ό
2691 5358 2843 5431 παρά
2874 5357 2984 5413 τῶν
3020 5360 3273 5430 πονηρῶν
3301 5356 3507 5410 τούτων
3533 5357 3638 5428 ἀρ·-

1957 5456 2091 5521 θεὶς,
2128 5456 2376 5519 καὶτοὺς
2408 5455 2663 5527 περὶτῆς
2688 5453 2945 5527 προνοίας
2979 5452 3071 5507 τοῦ
3104 5450 3238 5505 Θεοῦ
3271 5449 3377 5503 τῶν
3425 5449 3639 5503 πολλῶν

1955 5552 2231 5607 ἀπελάσαι
2264 5550 2486 5619 λόγους·
2529 5551 2673 5605 οὑτω
2705 5551 2919 5624 πρόεισι
2954 5548 3049 5603 καὶ
3081 5548 3307 5621 νέμεται
3337 5546 3432 5599 καὶ
3457 5544 3642 5600 πάντα

1956 5648 2238 5717 ἐπείγεται
2271 5649 2587 5717 κατασχεῖν,
2619 5645 2714 5699 καὶ
2745 5646 2815 5699 τά
2855 5645 2969 5699 ἀνω
3018 5642 3172 5697 κάτω
3213 5639 3506 5710 πεποίηκε,
3542 5639 3643 5695 καὶ

1955 5743 2108 5816 αὑτῷ
2130 5744 2317 5799 λοιπὸν
2346 5741 2735 5815 ἐπιστρατεύει
2770 5740 2850 5813 τῷ
2877 5741 3113 5813 οὑρανιῖι,
3146 5740 3246 5805 τάς
3273 5739 3384 5792 τῶν
3421 5734 3635 5807 ἀνθρώ-

2023 5888 2044 5912 ⁶
2071 5890 2165 5939 Mii
2189 5890 2265 5939 ἐπὶ
2292 5890 2464 5938 τόκοις.

2031 5949 2048 5989 ί
2080 5952 2159 6001 Sic
2188 5950 2335 6003 Savil.
2366 5959 2417 5999 εἰ
2441 5962 2553 5999 mss.
2584 5948 2639 5999 In
2671 5947 2839 6000 Morel.
2873 5947 3094 6008 quandam
3117 5946 3425 5995 omittuntur~
