4032 6428
136 460 233 518 365

136 571 299 640 ipsum
317 563 504 621 calum
523 558 745 630 suscipit
769 557 964 613 bellum
980 597 996 621 ,
1018 554 1142 608 dum
1163 552 1436 607 hominum
1459 550 1686 618 linguas,

133 674 230 714 non
255 656 361 727 jam
390 663 577 709 contra
596 663 906 712 conservos,
930 646 1025 702 sed
1049 654 1234 702 contra
1259 641 1504 699 omnibus
1529 642 1694 710 impe-

131 759 324 805 rautem
352 744 632 801 Dominum
659 752 849 796 armat.
878 738 1152 796 Uudeuam
1179 777 1194 802 ,
1229 750 1411 806 quaeso
1434 775 1448 797 ,
1491 741 1569 787 tot
1608 733 1694 787 illa

129 842 315 910 ubique
339 838 407 893 de.
436 836 543 890 lato
565 833 865 904 colloquia?
889 831 1155 887 undenam
1177 828 1525 884 irrationabili
1547 825 1694 880 side-

128 945 243 985 rum
268 928 430 982 motui
458 925 633 981 omnia
663 938 782 993 quae
812 922 963 987 liunt,
986 920 1296 975 adscribunt
1323 917 1573 988 plurimi?
1601 931 1697 972 cur

129 1021 408 1079 fortunam,
435 1030 529 1069 cur
555 1028 737 1069 casum
766 1012 981 1082 quidam
1010 1008 1344 1080 praedicant?
1374 1023 1469 1062 cur
1495 1017 1697 1060 temere

127 1120 180 1164 et
218 1107 332 1163 sine
367 1106 572 1161 ratione
611 1103 738 1158 ferri
766 1102 941 1157 omnia
983 1100 1209 1170 putant?
1250 1107 1471 1168 propter
1494 1110 1693 1154 eosne.

127 1201 211 1272 qui
234 1198 395 1270 probe
406 1206 460 1252 et
474 1195 746 1251 moderate
757 1195 960 1256 vivunt,
976 1208 1041 1244 an
1062 1200 1276 1261 prepter
1295 1189 1393 1244 eos
1406 1202 1540 1258 quos
1556 1194 1610 1239 tu
1625 1185 1700 1240 di-

125 1296 283 1351 cebas
303 1289 682 1360 rempublicam
707 1286 1000 1349 continere,
1016 1298 1116 1354 ego
1128 1297 1255 1337 vero
1269 1293 1698 1360 communemor-

128 1356 554 1454 bispestem-esse
564 1378 853 1434 monstravi
868 1376 1127 1444 ?Propter
1146 1373 1244 1429 hos
1268 1386 1417 1437 sane,
1432 1379 1490 1425 ut
1513 1356 1697 1441 liquet.

127 1474 291 1530 Nemo
312 1473 453 1528 enim
480 1470 814 1539 indignatur,
839 1464 979 1537 quod
1002 1465 1089 1520 hic
1108 1474 1253 1519 recte
1277 1461 1698 1534 philosOphetur,

125 1574 217 1620 aut
237 1561 372 1634 quod
402 1561 492 1616 ille
513 1574 697 1627 aequus
726 1559 881 1628 plane
911 1555 1323 1623 moderatusque
1346 1554 1436 1619 sit,
1458 1560 1552 1607 aut
1577 1560 1703 1605 tem-

129 1668 336 1723 perans,
363 1650 611 1721 quodque
630 1662 717 1704 res
742 1648 900 1716 hujus
926 1645 1106 1700 saeculi
1129 1643 1420 1714 despiciat;
1447 1641 1541 1698 sed
1562 1640 1701 1712 quod

128 1745 218 1799 ille
240 1744 308 1797 sit
326 1741 609 1810 cpulentus
632 1755 648 1805 ;
675 1737 815 1808 quod
842 1736 894 1790 in
925 1736 1130 1790 deliciis
1154 1742 1275 1806 agat
1299 1775 1315 1800 ,
1347 1732 1488 1804 quod
1513 1745 1704 1786 avarus

128 1835 217 1899 sit,
246 1832 384 1904 quod
414 1831 603 1901 rapiat,
634 1830 775 1899 quod
803 1829 873 1882 sit
902 1827 1206 1896 improbus,
1240 1826 1487 1895 vitiisque
1518 1825 1704 1894 plenus

128 1921 436 1986 innumeris,
463 1920 604 1989 quod
633 1917 943 1989 splendidus
968 1917 1037 1970 sit
1063 1925 1118 1971 et
1142 1930 1394 1985 prospere
1415 1924 1554 1985 agat.
1581 1915 1705 1969 llaec

128 2023 406 2085 querentes
423 2022 479 2068 et
492 2013 794 2066 incusantes
809 2010 1072 2079 jactitant,
1094 2007 1184 2077 qui
1208 2007 1316 2061 Deo
1334 2020 1439 2060 non
1459 2005 1701 2060 credunt.

127 2104 222 2159 llis
239 2101 574 2157 oli'enduntur
589 2100 820 2170 plurimi,
835 2102 903 2153 ita
924 2110 980 2151 ut
998 2098 1205 2152 illorum
1227 2097 1413 2166 gratia,
1430 2097 1519 2166 qui
1543 2095 1706 2166 probe

129 2196 287 2249 vitam
306 2201 484 2262 agunt,
504 2206 610 2247 non
635 2191 795 2245 modo
818 2188 1119 2259 hujusmodi
1142 2186 1271 2241 nihil
1292 2187 1556 2256 loquuturi
1577 2187 1703 2251 sint,

128 2287 222 2343 sed
241 2287 442 2355 seipsos
462 2284 781 2350 damnaturi,
797 2283 842 2337 si
857 2282 924 2336 ad
943 2280 1325 2351 providentiam
1345 2279 1440 2334 Dei
1460 2279 1708 2334 incusati-

129 2379 248 2433 dam
270 2377 463 2432 inducti
482 2377 692 2431 fuerint.
711 2374 860 2443 Quod
875 2375 919 2429 si
937 2387 1125 2429 omnes
1138 2383 1228 2427 aut
1246 2380 1390 2428 certe
1411 2373 1582 2439 major
1604 2371 1702 2425 hu-

130 2471 326 2525 minum
347 2483 466 2538 pars
487 2468 555 2521 ita
576 2468 757 2521 vivere
774 2464 1170 2530 vellent,nullus
1183 2477 1431 2533 umquam
1445 2462 1705 2533 ejusmodi

133 2561 287 2616 verba
301 2561 602 2631 Cogitassct,
617 2574 788 2629 neque
808 2558 893 2612 ille
908 2558 1167 2612 malorum
1183 2555 1444 2626 colophon
1462 2556 1708 2609 inductus

131 2654 312 2708 fuisset
335 2692 352 2717 ,
388 2661 448 2706 ut
484 2660 813 2720 quaereretur
847 2649 987 2703 unde
1013 2649 1120 2702 sint
1143 2647 1302 2702 mala.
1330 2646 1466 2701 Nam
1493 2646 1538 2699 si
1568 2647 1707 2700 mala

134 2760 232 2802 uec
250 2752 446 2810 essent,
470 2759 567 2814 qec
587 2751 906 2812 apparerent
921 2780 935 2803 ,
955 2741 1074 2810 quis
1096 2739 1350 2810 potuisset
1376 2752 1618 2809 quaenam
1640 2737 1709 2790 sit

131 2839 389 2892 malorum
415 2849 574 2889 causa
604 2847 863 2902 quaerere,
894 2840 948 2885 et
975 2846 1068 2901 per
1094 2831 1229 2884 hanc
1253 2828 1599 2901 quaestionem
1631 2829 1710 2880 in-

134 2943 376 2983 numeras
403 2928 634 2981 haereses
655 2924 953 2981 suscitare?
978 2925 1185 2979 Etenim
1211 2922 1479 2989 Marcion,
1507 2922 1709 2987 Manes,

135 3019 461 3077 Valentinus.
477 3029 530 3072 et
548 3017 756 3087 plurimi
779 3015 1084 3071 Graecorum
1108 3015 1232 3069 hinc
1254 3013 1713 3081 initiumsumpse-

133 3121 277 3166 runt.
305 3111 358 3165 Si
384 3121 560 3164 autem
588 3124 775 3163 omnes
795 3106 1292 3178 philosopharentur
1315 3145 1331 3170 ,
1362 3105 1541 3158 nullus
1569 3111 1711 3158 esset

134 3201 256 3256 huic
270 3199 545 3271 quaestioni
570 3200 736 3263 locus;
760 3199 853 3253 sed
880 3199 926 3253 si
941 3212 1045 3251 non
1060 3196 1292 3260 aliunde,
1314 3196 1382 3250 ab
1407 3194 1505 3248 hac
1522 3194 1716 3246 saltem-

132 3293 328 3362 Optima
352 3290 558 3346 vivendi
584 3294 787 3344 ratiooe
805 3288 1116 3344 didicissent
1141 3301 1348 3350 omnes,
1368 3298 1466 3338 nos
1488 3286 1588 3339 sub
1606 3284 1713 3336 Deo

132 3400 259 3455 rege
280 3383 475 3445 vivere,
494 3382 745 3448 illumque
764 3395 849 3434 res
865 3388 1071 3433 nostras
1091 3377 1381 3432 secundum
1399 3376 1711 3444 sapientiam

133 3474 570 3544 prudentiamque
596 3485 746 3525 suam
774 3469 1147 3523 administrare
1169 3476 1223 3521 et
1247 3466 1530 3521 moderari.
1562 3461 1711 3530 Quod

130 3579 277 3620 nunc
295 3580 501 3633 quoque
517 3562 595 3627 lit,
609 3562 702 3616 sed
725 3576 828 3614 non
853 3559 1008 3613 facile
1030 3557 1344 3628 perspicitur
1359 3555 1430 3609 ob
1448 3557 1711 3624 ingentem

134 3660 280 3713 illam
303 3656 570 3720 nebulam,
598 3669 755 3724 quam
780 3669 874 3722 per
899 3662 1065 3705 totum
1090 3661 1347 3704 terrarum
1374 3649 1555 3702 urbem
1583 3647 1714 3701 etin-

131 3748 352 3801 derunt.
383 3745 535 3812 Quod
563 3744 609 3800 si
635 3760 722 3799 res
748 3759 853 3797 non
879 3742 952 3796 ita
979 3757 1038 3796 se
1065 3740 1317 3805 haberet,
1343 3739 1495 3809 quasi
1525 3738 1575 3792 in
1603 3752 1716 3791 me-

130 3839 343 3893 ridiana
367 3838 485 3892 luce
513 3844 569 3891 et
604 3851 793 3890 sereno
821 3850 945 3889 aere
975 3833 1065 3888 Dei
1099 3833 1430 3903 providentia
1465 3832 1716 3884 onmibus

130 3938 437 4000 appareret.
465 3929 598 3984 Nam
628 3929 672 3981 si
700 3943 802 3982 non
826 3927 1108 3981 tribunalia
1136 3934 1337 3992 essent,
1361 3940 1466 3978 non
1497 3939 1715 3979 accusa-

84 4050 91 4055 -
133 4031 320 4085 tores,
351 4035 455 4074 non
484 4016 860 4090 sycophantae,
890 4034 995 4071 non
1024 4018 1312 4081 cruciatus,
1345 4032 1449 4070 non
1478 4016 1711 4078 mulctae,

132 4128 247 4165 non
276 4124 523 4165 carceres
547 4149 563 4175 ,
594 4125 701 4164 non
730 4108 1018 4178 supplicia,
1049 4123 1155 4162 non
1185 4108 1445 4162 honorum
1474 4105 1713 4177 publica-

132 4204 333 4266 tiones,
365 4218 469 4256 non
501 4202 718 4265 damna,
751 4216 855 4255 non
883 4200 1104 4253 timores
1128 4207 1183 4252 et
1208 4199 1459 4267 pericula,
1488 4211 1591 4250 non
1618 4196 1717 4248 ini-

129 4294 374 4359 micitiae,
399 4311 502 4349 non
523 4294 748 4360 insidiae,
773 4307 878 4347 non
898 4291 1136 4346 convicia
1157 4300 1211 4345 et
1236 4291 1378 4355 odia,
1401 4306 1506 4344 non
1527 4289 1715 4353 fames,

129 4404 243 4441 non
271 4398 450 4456 pestes
471 4426 494 4453 ,
520 4402 626 4441 non
652 4386 795 4440 aliud
824 4384 1095 4455 quidpiam
1121 4399 1327 4447 eorum,
1356 4398 1474 4452 quae
1501 4382 1551 4436 in
1580 4398 1720 4435 aeru-

127 4480 281 4535 mnis
316 4488 693 4542 numerantur,
735 4478 828 4532 sed
862 4492 1050 4531 onmes
1089 4486 1413 4547 congruente
1443 4490 1563 4530 cum
1599 4492 1722 4543 pro-

130 4569 305 4624 bitate
338 4570 607 4632 viverent,
639 4568 757 4638 quis
786 4583 1035 4638 umquam
1067 4567 1302 4621 vivorum
1332 4566 1400 4622 de
1433 4565 1719 4638 providen-

128 4662 204 4715 tia
255 4662 436 4716 divina
473 4661 788 4715 dubitaret?
826 4660 1071 4715 Profecto
1109 4660 1307 4714 nullus.
1349 4658 1501 4714 Nunc
1543 4667 1719 4714 autem

129 4754 372 4822 ldipsum
414 4752 691 4821 contingit,
717 4767 780 4805 ac
807 4752 852 4805 si
880 4752 1155 4820 ingruente
1180 4757 1511 4819 tempestate,
1531 4749 1724 4820 guber-

126 4855 296 4899 nator
323 4860 448 4898 suas
477 4844 721 4913 impleret
746 4851 943 4913 partes,
970 4851 1024 4898 et
1043 4843 1293 4912 scapham
1324 4851 1583 4909 servaret,
1606 4843 1723 4912 ejus

126 4949 323 4992 tamen
352 4937 536 5005 peritia
562 4936 938 5006 diligentiaque
962 4951 992 4989 a
1022 4934 1322 4989 vectoribus
1347 4951 1451 4988 non
1478 4935 1727 4990 adverte-

125 5036 311 5089 retur,
343 5028 411 5081 ob
442 5025 916 5095 perturbationem,
948 5024 1170 5084 metum.
1202 5023 1725 5093 impendentiumque

122 5116 409 5171 malorum
438 5116 875 5171 sollicitudinem.
906 5109 1046 5169 Deus
1069 5114 1263 5183 quippe
1293 5114 1393 5168 hoc
1418 5112 1723 5167 universum

121 5208 303 5262 etiam
344 5222 484 5263 nunc
520 5206 812 5278 gubernat,
854 5206 1034 5260 multis
1068 5212 1245 5259 autem
1284 5204 1336 5258 id
1376 5219 1481 5259 non
1516 5204 1726 5259 videtur

121 5302 202 5358 oh
235 5315 423 5356 rerum
458 5301 907 5370 perturbationem
940 5313 1005 5354 ac
1033 5305 1593 5368 tempesmtem,quam
1670 5296 1724 5351 hi

120 5392 380 5446 maxime
404 5392 639 5446 omnium
667 5392 920 5446 excitant.
945 5389 1128 5459 Itaque
1157 5406 1261 5443 non
1290 5399 1492 5443 tantum
1517 5388 1725 5442 institu-

120 5483 349 5537 tionem
380 5498 588 5538 morum
615 5493 890 5551 evertunt,
923 5482 1017 5538 sed
1051 5492 1106 5538 et
1140 5463 1288 5552 piam.
1310 5483 1617 5551 religionem
1649 5481 1725 5536 la-

119 5572 420 5631 befactant
444 5592 457 5628 :
493 5589 593 5629 nec
615 5589 745 5629 sane
779 5574 1020 5644 peccabit
1045 5574 1135 5644 qui
1162 5590 1258 5629 eos
1276 5587 1589 5629 communes
1618 5571 1719 5626 iiii-

255 5737 365 5780 Duo
398 5738 507 5782 uss.
532 5740 638 5791 pro,
657 5741 834 5794 quam,
874 5730 1072 5789 habent,
1100 5731 1501 5794 perturbationem
1536 5743 1647 5794 tero
1676 5735 1723 5794 et

340 5799 486 5852 atem,
512 5790 608 5841 etc.
626 5790 858 5843 Sicotiam
880 5794 927 5840 in
951 5800 997 5840 .
1024 5790 1331 5844 uestituimus
1347 5794 1481 5845 savii.
1510 5801 1555 5844 et
1570 5790 1736 5842 Morel.

111 5852 421 5918 lectionem,
447 5860 619 5920 utpote
637 5865 746 5918 quae
768 5854 1038 5918 expeditior
1062 5854 1271 5906 videtur.

824 443 1182 503 ADVERSUS
1217 438 1762 498 OPPUGNATORES
1800 436 1979 492 VITrE
2016 437 2307 493 MONAST.
2350 439 2481 493 LIB.
2509 439 2596 493 ill.

3268 442 3371 502 366

1806 547 1977 605 mices
2005 550 2366 620 appellaverit,
2397 553 2487 622 qui
2514 552 2634 608 ideo
2660 554 2841 611 vivunt
2867 561 2926 610 ut
2951 561 3264 613 caeterorum
3290 575 3370 614 sa-

1804 640 1897 695 luti
1926 641 2296 707 adversentur,
2325 644 2755 713 exsecrandaque
2783 662 2875 700 sua
2909 648 3146 702 doctrina
3172 689 3185 713 ,
3216 659 3375 718 atque

1803 730 2164 799 impurissima
2182 732 2286 787 vita
2306 747 2420 795 eos,
2440 733 2531 803 qui
2550 748 2731 789 secum
2756 736 3019 805 navigant,
3040 738 3374 810 demergunt.

1875 822 1964 877 ll.
1992 820 2361 877 Manacharum
2379 825 2479 878 vita
2499 826 2740 895 angelicae
2768 837 3109 894 comparatur.
3226 831 3294 883 At
3325 831 3376 885 in

1805 913 2146 969 monasteriis
2190 913 2320 968 nihil
2361 914 2662 985 hujusmodi
2700 917 2880 971 videre
2905 927 3019 982 est;
3048 920 3141 973 sed
3169 920 3375 978 etiamsi

1804 1012 1951 1058 tanta
1989 1013 2275 1075 tempestas
2315 1006 2666 1071 intumescat,
2699 1007 2798 1062 soli
2844 1008 2894 1061 in
2936 1016 3117 1077 portu,
3149 1013 3201 1065 in
3233 1023 3378 1065 tran-

1805 1096 2065 1166 quillitate
2093 1105 2148 1152 et
2183 1098 2467 1154 securitate
2505 1112 2695 1169 magna
2733 1100 3007 1167 resident,
3047 1116 3109 1155 ac
3134 1104 3283 1170 quasi
3316 1119 3379 1157 cx

1805 1186 1942 1241 caelo
1979 1187 2096 1255 ipso
2122 1199 2438 1242 caeterorum
2480 1187 2754 1260 naufragia
2788 1189 3099 1259 respiciunt.
3144 1191 3381 1262 Namque

1805 1281 1928 1335 vitae
1955 1296 2123 1351 genus
2145 1283 2278 1337 cmlo
2297 1282 2514 1354 dignum
2533 1284 2864 1356 delegerunt,
2890 1300 2989 1340 nec
3008 1287 3265 1341 minorem
3288 1305 3383 1340 an-

1805 1373 1978 1444 gelico
2021 1386 2219 1430 statum
2260 1377 2522 1432 obtinent.
2563 1377 3021 1444 Quemadmodum
3058 1378 3198 1433 enim
3244 1372 3387 1447 apud

1805 1466 2024 1535 angelos
2049 1466 2189 1521 nulla
2217 1475 2300 1521 est
2320 1467 2671 1538 inaequalitas,
2690 1484 2862 1539 neque
2885 1469 2971 1524 alii
2999 1485 3268 1539 prospere,
3295 1470 3381 1524 alii

1808 1556 1861 1610 in
1892 1557 2147 1611 extremis
2175 1558 2328 1612 malis
2355 1568 2654 1625 versantur,
2682 1558 2777 1614 sed
2803 1574 2988 1615 omnes
3017 1559 3068 1614 in
3101 1576 3201 1614 una
3230 1575 3380 1630 pace,

1808 1646 1987 1702 laetitia
2018 1657 2075 1704 et
2100 1649 2266 1716 gloria
2285 1690 2301 1714 ,
2329 1650 2408 1705 sic
2436 1658 2492 1705 et
2518 1651 2602 1704 bis
2632 1650 2683 1705 in
2714 1651 2881 1717 locis;
2916 1667 3073 1706 nemo
3101 1662 3383 1722 pauperta-

1810 1749 1917 1794 tem
1946 1743 2247 1810 exprobrat,
2276 1757 2432 1796 nemo
2459 1743 2527 1798 de
2556 1743 2752 1798 divitiis
2792 1744 3049 1814 gloriatur
3077 1761 3089 1797 :
3121 1760 3297 1799 meum
3327 1753 3382 1799 et

1810 1841 1955 1886 tuum
1985 1831 2107 1886 illud
2127 1873 2143 1898 ,
2176 1832 2313 1901 quod
2338 1833 2516 1889 omnia
2547 1835 2804 1889 subvertit
2826 1844 2880 1889 et
2905 1836 3206 1903 perturbat,
3233 1835 3383 1904 peni-

1810 1928 1894 1975 tus
1919 1922 2115 1976 exulat.
2147 1923 2335 1977 Omnia
2376 1923 2504 1992 ipsis
2533 1925 2833 1979 communia
2858 1933 2982 1979 sunt
3002 1964 3017 1988 ,
3046 1940 3227 1979 tnensa
3247 1966 3261 1990 ,
3288 1924 3384 1978 do-

1809 2012 2064 2066 micilium
2092 2054 2107 2076 ,
2138 2013 2475 2069 vestimenta.
2516 2012 2718 2083 Ecquid
2749 2014 2940 2068 mirum
2961 2054 2976 2074 ,
3013 2016 3223 2084 quando
3271 2018 3383 2083 ipsa

1809 2103 1986 2158 anima
2032 2117 2133 2157 una
2178 2103 2472 2173 eademque
2511 2104 2757 2158 omnibus
2792 2104 2919 2158 est?
2960 2103 3157 2158 Oman
3201 2105 3385 2159 eadem

1810 2206 1935 2251 sunt
1965 2195 2241 2251 nobilitate
2262 2196 2490 2262 nobiles,
2518 2196 2703 2252 eadem
2730 2196 2981 2251 servitute
3011 2197 3171 2263 servi,
3200 2195 3387 2250 eadem

1811 2286 2059 2341 libertate
2082 2287 2256 2343 liberi.
2285 2286 2413 2342 Una:
2444 2287 2551 2342 illic
2573 2287 2818 2341 omnibus
2851 2286 3046 2340 divitiae
3070 2329 3085 2352 ,
3116 2302 3234 2357 quae
3263 2303 3389 2343 vere

1810 2376 2008 2431 divitiae
2032 2384 2193 2430 sunt:
2223 2392 2325 2430 una
2350 2376 2516 2445 gloria
2538 2418 2554 2444 ,
2581 2391 2700 2446 quae
2728 2391 2853 2431 vere
2876 2377 3041 2447 gloria
3067 2395 3080 2430 :
3113 2393 3216 2431 non
3245 2379 3386 2433 enim

1811 2468 2049 2533 nomine,
2076 2466 2172 2521 sed
2193 2481 2254 2522 re
2283 2466 2419 2521 bona
2448 2476 2667 2530 tenent;
2692 2482 2796 2520 una
2817 2466 3080 2535 voluptas,
3112 2482 3271 2521 unum
3296 2467 3390 2522 de-

1811 2557 2086 2622 siderimn,
2113 2572 2217 2611 una
2240 2570 2363 2627 spes
2383 2555 2667 2610 omnibus:
2693 2571 2756 2609 ac
2775 2556 2923 2625 quasi
2949 2556 3175 2624 quadam
3202 2571 3388 2610 norma

1811 2656 1866 2701 et
1888 2647 2017 2701 libra
2044 2647 2218 2700 omnia
2240 2651 2487 2701 accurate
2510 2644 2842 2699 ordinantur.
2867 2645 3017 2699 Nulla
3042 2645 3388 2715 inaequalitas,

1812 2738 1907 2793 sed
1938 2737 2088 2802 ordo,
2115 2738 2467 2802 concinnitas,
2497 2737 2793 2802 harmonia,
2823 2745 2877 2791 et
2903 2738 3063 2790 multa
3091 2737 3391 2792 concordia:

1812 2830 2089 2884 servandae
2131 2831 2444 2899 diligentia.
2493 2839 2854 2899 Perpetuaque
2906 2828 3100 2883 laetitiae
3151 2830 3388 2884 materia.

1813 2922 2169 2991 Quamobrem
2219 2937 2406 2978 omnes
2447 2923 2626 2978 omnia
2669 2922 2868 2978 faciunt
2899 2932 2953 2978 et
2993 2923 3293 2989 patiuntur.
3337 2932 3394 2977 ut

1816 3016 2061 3071 larlcutur
2098 3026 2151 3070 et
2190 3014 2477 3085 gaudeant.
2524 3015 2638 3070 lllic
2666 3016 2809 3069 enim
2851 3016 3024 3069 solum
3069 3017 3252 3072 videas
3280 3016 3393 3071 haec

1817 3109 2048 3177 perfecte
2074 3110 2413 3178 contingere,
2438 3122 2695 3176 nusquam
2726 3107 2849 3160 alibi
2875 3124 2889 3160 :
2921 3121 3026 3160 non
3058 3108 3214 3161 modo
3251 3109 3393 3177 quod

1818 3201 2096 3268 praesentia
2127 3200 2301 3253 omnia
2332 3205 2709 3261 eontemnant,
2746 3205 2904 3265 atque
2933 3212 3144 3249 onmem
3177 3198 3303 3250 rixae
3332 3212 3395 3252 ac

1817 3290 2095 3344 discordiae
2129 3290 2402 3343 materiam
2438 3286 2793 3353 absciderint,
2835 3286 3215 3356 splendidaque
3259 3289 3395 3341 l'utu-

1819 3397 1999 3437 rerum
2030 3397 2124 3450 spe
2154 3381 2264 3434 fulti
2294 3381 2427 3442 ..
2448 3380 2543 3435 sed
2573 3380 2732 3434 etiam
2764 3378 2905 3448 quod
2945 3394 3005 3431 ea
3032 3394 3148 3448 quae
3175 3378 3395 3448 singulis

1818 3471 2107 3535 accidunt,
2144 3487 2235 3526 seu
2284 3471 2452 3523 tristia
2494 3484 2587 3523 seu
2627 3469 2796 3532 bona,
2824 3469 3069 3522 omnibus
3095 3469 3395 3523 communia

1819 3578 1939 3617 esse
1978 3572 2247 3632 putentur.
2290 3561 2484 3615 Mter-or
2523 3560 2718 3631 quippe
2760 3559 2966 3614 facilius
2999 3560 3229 3623 tollitur,
3272 3578 3394 3617 cum

1821 3656 2163 3723 preportione
2195 3652 2421 3722 quadam
2463 3666 2650 3705 omnes
2696 3652 3018 3721 singulorum
3063 3663 3398 3723 conipurtent

1818 3760 1982 3800 onera
2007 3763 2021 3799 :
2049 3745 2243 3799 laetitiae
2274 3758 2403 3799 vero
2441 3743 2631 3797 multas
2661 3742 2858 3798 habent
2895 3745 3205 3798 occasiones
3231 3786 3247 3811 ,
3290 3761 3395 3800 non

1818 3838 1887 3892 de
1906 3837 2017 3890 suis
2043 3835 2203 3890 modo
2229 3834 2548 3899 commodis,
2568 3834 2661 3889 sed
2688 3836 2755 3889 de
2782 3834 3005 3888 aliorum
3031 3851 3259 3905 quoque,
3291 3852 3394 3890 non

1821 3929 2015 3991 minus,
2048 3942 2205 3997 quam
2235 3925 2303 3981 de
2328 3926 2457 3989 suis,
2486 3925 2799 3996 gaudentes.
2822 3924 2989 3989 Quem
3022 3926 3180 3996 igitur
3199 3927 3396 3980 exitum

1822 4018 2092 4073 habebunt
2134 4033 2221 4073 res
2262 4024 2494 4080 nostrae,
2524 4017 2570 4070 si
2596 4030 2769 4072 cuncti
2796 4031 2894 4071 nos
2925 4017 3229 4073 imitemur?
3252 4017 3402 4073 Nunc

1821 4115 1962 4166 enim
2008 4120 2223 4180 propter
2260 4126 2352 4164 eos
2393 4112 2664 4180 perierunt
2699 4125 2763 4164 ac
2799 4120 3045 4179 corrupta
3094 4120 3259 4178 sunt,
3301 4113 3390 4180 qui

1824 4203 1982 4272 longe
2015 4204 2082 4258 ab
2122 4202 2224 4257 hoc
2254 4203 2380 4256 vitae
2413 4204 2653 4257 instituto
2677 4212 2974 4256 versantur.
3004 4203 3082 4257 Tu
3115 4220 3241 4258 vero
3270 4205 3396 4257 dum

1820 4292 2089 4347 contraria
2118 4292 2397 4358 decernis,
2430 4293 2658 4361 idipsum
2697 4292 2857 4358 facis,
2895 4309 2958 4348 ac
2994 4295 3037 4349 si
3072 4295 3190 4363 quis
3235 4295 3401 4366 lyram

1822 4385 2083 4440 concinne
2118 4394 2348 4454 aptatam
2379 4387 2529 4454 quasi
2568 4386 2813 4439 inutilem
2845 4387 3152 4457 reprobaret
3182 4428 3197 4452 ,
3248 4404 3402 4444 secus

1822 4476 2172 4544 dispositam,
2205 4475 2288 4528 vel
2325 4476 2617 4532 intentione
2641 4518 2656 4541 ,
2680 4477 2764 4530 vel
2796 4479 3105 4531 remissione
3133 4478 3291 4531 nimia
3323 4479 3402 4532 la-

1824 4566 2138 4623 befactatam
2164 4606 2179 4633 ,
2216 4566 2459 4622 idoneam
2499 4567 2701 4622 diceret
2746 4567 2810 4621 ad
2857 4568 3208 4637 pulsationem
3245 4578 3299 4623 et
3335 4570 3402 4623 ad

1823 4668 2181 4729 spectatorum
2204 4659 2548 4728 voluptatem.
2578 4661 2643 4712 At
2665 4674 2835 4727 neque
2860 4659 2926 4714 ad
2954 4660 3167 4713 musicae
3190 4660 3404 4729 imperi-

1825 4751 1951 4806 tiam
1978 4751 2093 4804 haec
2120 4749 2347 4804 dicentis
2369 4749 2511 4804 aliud
2543 4749 2712 4818 majus
2738 4761 3107 4819 argumentum
3135 4766 3405 4819 quaerere-

1826 4857 1963 4907 nius,
1991 4857 2165 4911 neque
2185 4841 2250 4895 ad
2280 4842 2499 4896 livorem
2523 4850 2577 4897 et
2598 4842 3036 4897 inlunnauitatem
3059 4843 3293 4904 illorum,
3311 4847 3402 4913 qui

1828 4934 1899 4988 ita
1924 4934 2236 4997 decernunt,
2259 4932 2780 4987 commonstrandam
2802 4932 3008 5002 signant
3036 4934 3177 4988 aliud
3206 4935 3404 4989 clarius

1829 5026 2208 5096 proferremus.
2228 5026 2420 5080 Verum
2443 5026 2568 5095 quid
2590 5027 2772 5080 dicunt
2798 5036 2976 5096 patres
3002 5027 3075 5083 illi
3104 5029 3193 5098 qui
3223 5028 3406 5084 mode-

1828 5116 2026 5172 ratiore
2054 5116 2233 5170 anitno
2258 5117 2415 5170 sunt?
2448 5117 2693 5182 Discant,
2721 5118 2901 5182 aiunt,
2934 5119 3161 5187 primum
3193 5120 3403 5184 literas,

1790 5194 1987 5276 'atque
2026 5223 2147 5263 cum
2184 5208 2289 5262 illis
2328 5208 2493 5276 probe
2528 5209 2711 5262 imbuti
2756 5207 2983 5277 fuerint,
3020 5222 3141 5265 tunc
3172 5211 3406 5281 philoso-

1830 5299 2006 5368 phiam
2050 5298 2186 5352 liauc
2225 5310 2507 5353 exerceant
2550 5318 2563 5354 :
2602 5310 2726 5355 tunc
2768 5318 2924 5355 [tertio
2976 5304 3293 5371 prohibebit.
3340 5305 3407 5358 Et

1830 5390 1967 5444 unde
1992 5400 2197 5444 certum
2229 5392 2331 5444 erit
2353 5391 2471 5445 illos
2494 5391 2562 5446 ad
2585 5393 2789 5447 virilem
2820 5404 3029 5448 aetatem
3056 5406 3406 5465 perventuros

1827 5486 1985 5541 esse?
2015 5486 2164 5539 multi
2186 5486 2675 5556 enim-praematura
2707 5500 2879 5544 morte
2905 5490 3096 5543 sublati
3125 5501 3267 5544 sunt.
3299 5490 3403 5545 Sed

1826 5578 2150 5631 concedatur
2177 5578 2228 5632 id
2258 5589 2632 5645 certumesse,
2668 5596 3027 5650 ponamusqne
3056 5582 3172 5636 illos
3200 5581 3406 5636 Futurus

1827 5685 1946 5724 esse
1979 5671 2158 5735 virus;
2199 5671 2318 5739 quis
2353 5687 2580 5739 sponsor
2611 5673 2713 5726 erit
2749 5688 2843 5741 pro
2881 5673 2965 5726 illa
3005 5674 3168 5743 priori
3201 5674 3406 5730 aetate?

1826 5761 2448 5818 Nihildumcontentiose
2470 5763 2610 5829 dico,
2631 5778 2750 5817 nam
2778 5764 2822 5818 si
2843 5765 2963 5833 quis
2984 5764 3121 5820 hanc
3144 5765 3406 5835 praeberet

1833 5853 2096 5923 iiduc-iant,
2113 5870 2179 5911 ne
2202 5863 2309 5911 tum
2334 5856 2544 5928 quidem
2573 5857 2858 5912 educerem
2878 5873 3000 5919 cum
3025 5860 3190 5917 literis
3216 5860 3401 5917 imbuti
