4032 6428
643 419 745 476 367

642 539 845 589 essent.
875 526 968 580 sed
1000 536 1125 580 tunc
1155 521 1423 595 prmcipne
1452 519 1558 573 illie
1586 528 1804 570 manere
1827 512 2106 582 iuberem;
2136 524 2236 564 nec

650 620 922 678 laudarem
953 628 1047 673 eos
1070 656 1087 682 ,
1128 614 1216 686 qui
1254 612 1320 668 ad
1362 611 1535 681 fugam
1579 607 2021 663 cohortarentur,
2052 600 2147 656 sed
2180 608 2240 653 ut

644 722 956 772 communes
998 707 1304 780 reip'ubliea:
1342 704 1524 760 hostes
1553 713 1833 755 aversarer
1860 713 1874 750 :
1907 695 2028 766 qttia
2060 694 2237 747 lucer-

646 820 742 860 nas
764 802 1115 863 occultantes,
1140 809 1192 853 et
1220 794 1500 851 luminaria
1522 807 1588 847 ex
1611 790 1745 845 urbe
1766 787 1819 842 in
1845 786 2115 840 desertum
2141 781 2239 836 du-

647 906 852 956 centes,
871 894 1141 947 civitatein
1169 885 1415 943 maximis
1435 885 1705 955 privarant
1725 877 2121 935 emolumentis.
2144 874 2238 930 Sin

649 998 826 1043 autettt
854 1000 1012 1039 nemo
1041 981 1221 1045 fuerit,
1250 981 1337 1051 qui
1366 980 1479 1033 huic
1500 975 1738 1047 polliceri
1765 972 1952 1043 possit,
1982 985 2102 1040 qua:
2132 968 2238 1022 uti-

652 1079 772 1132 litas
800 1078 843 1131 si
872 1075 936 1130 ad
971 1075 1250 1144 magistros
1277 1071 1572 1134 mittantur,
1600 1068 1688 1122 ubi
1720 1066 1866 1136 prius
1900 1064 2054 1127 vitia,
2080 1076 2239 1131 quam

652 1172 833 1225 literas
863 1169 1102 1224 ediscent
1126 1210 1138 1222 .
1170 1165 1404 1234 dumque
1436 1162 1486 1216 id
1513 1160 1656 1231 quod
1698 1159 1870 1213 minus
1908 1165 1992 1212 est
2029 1155 2242 1225 assequi

652 1261 945 1315 sttnlebunt
966 1300 979 1322 ,
1013 1256 1170 1328 quod-
1188 1254 1357 1325 majus
1381 1262 1463 1308 est
1496 1251 1721 1322 perdent
1738 1290 1753 1314 ,
1777 1249 1920 1302 vires
1943 1246 2107 1302 animi
2135 1245 2244 1299 sci-

562 1344 569 1397 ἶ
654 1352 799 1416 licet,
832 1363 1155 1418 omnemque
1186 1345 1463 1416 probitatis
1501 1339 1777 1397 indolem?
1804 1338 1939 1407 Quid
1965 1337 2137 1408 ergo?
2165 1336 2247 1390 lu-

653 1444 825 1500 dasne
851 1457 1039 1497 omnes
1069 1440 1334 1496 literarios
1360 1437 1658 1503 diruemus,
1688 1435 1878 1490 aiunt?
1907 1432 2122 1488 Minime
2144 1429 2247 1485 hoc

656 1534 779 1590 dico
809 1550 824 1588 :
857 1533 951 1590 sed
983 1541 1035 1587 ut
1067 1546 1137 1587 ne
1166 1530 1379 1585 virtutis
1418 1527 1757 1583 destruamus
1798 1524 2112 1585 aedilicium,
2144 1536 2247 1577 neu

656 1626 831 1681 vivam
853 1624 1142 1679 obruamus
1172 1621 1427 1675 animam.
1457 1618 1586 1687 Qua:
1624 1619 1667 1672 si
1696 1626 2004 1687 temperans
2031 1614 2248 1685 quidem

657 1716 840 1781 fuerit,
870 1713 1071 1769 nullum
1103 1728 1167 1767 ex
1199 1712 1471 1765 literartun
1500 1708 1764 1778 imperitia
1795 1716 2052 1775 sequetur
2078 1704 2249 1759 detri-

657 1818 928 1869 mentum;
953 1808 1033 1859 sin
1056 1816 1306 1873 corrupta
1329 1801 1508 1865 fuerit,
1533 1800 1824 1855 maximum
1844 1797 2099 1854 damnum
2124 1796 2247 1863 erit,

657 1900 868 1973 etiamsi
913 1899 1090 1968 lingua
1122 1896 1469 1951 vehementer
1503 1904 1658 1948 acuta
1703 1893 1862 1948 fuerit
1890 1901 1943 1946 et
1980 1889 2248 1961 expolita,

659 2001 919 2060 tantoque
957 1988 1126 2060 nutjus
1152 1988 1404 2044 damnum
1429 2028 1442 2051 ,
1470 1995 1671 2055 quanto
1719 1983 1890 2055 major
1932 1982 2146 2038 dicendi
2173 1982 2253 2037 vis

660 2082 967 2137 accesserit.

737 2172 976 2243 Nequitia
1018 2187 1132 2225 cum
1172 2170 1458 2241 eloquentia
1485 2168 1757 2239 conjuncta
1786 2169 1921 2238 quod
1950 2167 2162 2221 malum.
2183 2193 2256 2206 —

663 2265 903 2336 Nequitia
932 2265 1073 2319 enim
1100 2279 1222 2319 cum
1248 2262 1458 2318 dicendi
1486 2260 1738 2317 facultate
1767 2261 2052 2330 conjuncta
2085 2259 2255 2313 multo

661 2357 949 2421 deteriora,
975 2371 1134 2426 quam
1173 2354 1459 2424 imperitia,
1482 2353 1621 2407 mala
1649 2368 1836 2422 parere
1859 2351 2018 2405 solet.
2042 2350 2181 2416 Quid
2208 2350 2254 2404 si

665 2450 787 2505 illuc
824 2451 1103 2510 abeuntes,
1143 2448 1380 2517 inquiet,
1418 2457 1769 2516 prmterquam
1799 2444 1940 2517 quod
1969 2446 2253 2499 tardiorem

665 2540 895 2610 linguam
919 2537 1169 2600 habeant.
1192 2537 1260 2591 ab
1285 2537 1372 2591 illa
1394 2537 1555 2593 etiam
1584 2538 1780 2592 virtute
1804 2535 2089 2591 excidant?
2117 2534 2256 2603 Quid

667 2647 797 2688 vero
825 2632 869 2687 si
906 2640 1219 2696 manentes,
1255 2629 1344 2685 dic
1372 2630 1524 2696 tnihi,
1566 2640 1918 2700 prmterquam
1960 2627 2102 2699 quod
2142 2628 2253 2682 ani-

663 2743 804 2781 mam
841 2726 1099 2796 perdant,
1137 2724 1267 2778 nihil
1296 2724 1365 2778 ad
1400 2723 1759 2793 eloquentiam
1792 2724 1844 2777 in
1872 2724 2057 2778 schola
2090 2723 2256 2793 proli-

662 2817 838 2871 ciant"
881 2815 1005 2869 Mihi
1030 2815 1225 2883 quippe
1250 2813 1418 2882 magis
1444 2812 1561 2868 Inec
1593 2813 1775 2867 dicere
1799 2814 2070 2880 convenit,
2095 2829 2256 2882 quam

665 2907 751 2961 illa
776 2907 890 2960 tibi.
917 2905 1127 2973 Quare?
1155 2904 1288 2973 Quia
1317 2904 1418 2958 etsi
1446 2905 1715 2974 utrimque
1735 2903 1972 2959 futurum
1994 2904 2256 2960 incertum

664 3008 768 3064 est,
791 3014 856 3053 ex
884 3009 967 3053 tua
1010 3008 1158 3066 parte
1188 2996 1445 3051 incertius
1480 3006 1584 3052 est.
1628 2995 1910 3062 Quomodo
1950 3007 2004 3051 et
2043 3012 2148 3068 qua
2187 2996 2257 3053 de

663 3088 862 3143 causa?
911 3088 1046 3155 Quia
1104 3087 1403 3143 litterarum
1451 3087 1686 3142 studium
1736 3102 1947 3141 morum
1994 3089 2258 3156 probitate

663 3193 799 3247 opus
829 3178 1023 3245 habet,
1057 3193 1266 3232 morum
1294 3189 1472 3233 autem
1509 3179 1747 3248 probitas
1773 3192 1879 3233 non
1909 3180 2036 3233 item
2065 3179 2255 3234 literis.

662 3270 1093 3339 Temperantiam
1138 3284 1333 3341 nempe
1366 3270 1484 3325 sine
1521 3269 1623 3324 hac
1663 3270 1972 3325 eruditione
1999 3285 2256 3327 exemere

665 3375 967 3434 possumus.
994 3360 1350 3417 eruditionem
1380 3375 1510 3417 vero
1532 3361 1736 3433 absque
1756 3376 1966 3416 morum
1990 3362 2258 3431 probitate

663 3469 824 3508 nemo
851 3463 1168 3523 assequatur
1195 3468 1469 3523 umquam,
1496 3468 1620 3508 eum
1648 3469 1809 3508 omne
1840 3464 2053 3521 tempus
2078 3455 2131 3509 in
2157 3470 2256 3510 ne-

665 3544 831 3614 quitia
872 3554 924 3596 et
968 3542 1181 3598 lascivia
1225 3543 1559 3597 absumatur.
1603 3543 1785 3613 Itaque
1820 3544 1963 3613 quod
2002 3545 2111 3599 illic
2145 3561 2259 3600 tne-

667 3635 876 3699 tuebas,
903 3633 992 3689 hic
1022 3649 1235 3705 quoque
1273 3633 1568 3689 timendum
1596 3644 1709 3699 est;
1757 3635 1867 3689 imo
1901 3645 2050 3690 tanto
2086 3638 2259 3706 magis

665 3728 774 3791 hic,
795 3735 996 3796 quanto
1020 3724 1351 3796 frequentius
1382 3741 1413 3776 ει
1448 3739 1615 3794 scopo
1650 3724 1952 3789 alienatur,
1974 3737 2029 3782 et
2053 3737 2259 3797 quanto

663 3820 955 3891 majoribus
977 3819 1047 3874 de
1071 3819 1234 3875 rebus
1260 3819 1552 3889 perieulum
1576 3828 1679 3873 est.
1707 3821 1882 3889 Atque
1912 3820 2018 3873 illic
2036 3819 2256 3889 quidem

665 3912 822 3968 unius
861 3921 1069 3966 tantum
1110 3910 1186 3965 rei
1225 3910 1538 3965 exercitatio
1566 3910 1866 3964 necessaria
1898 3922 1977 3964 est
1998 3953 2016 3976 ,
2047 3912 2134 3965 hie
2155 3927 2255 3964 att-

665 4013 773 4059 tetn
805 4018 895 4057 res
913 4002 1034 4056 dua:
1062 4002 1403 4072 acquirendze
1428 4009 1822 4072 proponuntur,
1847 4004 1920 4056 ita
1949 4011 2007 4056 ut
2030 4004 2256 4056 alteram

662 4095 782 4150 sine
797 4095 967 4151 altera
988 4095 1223 4149 nancisci
1250 4108 1509 4165 nequeas,
1532 4094 1720 4149 literas
1754 4110 1950 4164 nempe
1976 4096 2094 4150 siue
2122 4106 2259 4150 tem-

665 4186 925 4256 perantia.
968 4185 1061 4241 Sin
1089 4195 1270 4241 autem
1293 4190 1394 4250 ris,
1423 4185 1567 4256 quod
1594 4200 1721 4241 rere
1761 4201 1869 4239 non
1911 4196 2087 4255 potest
2112 4203 2252 4251 esse,

661 4278 1021 4333 erucedatntts
1048 4292 1171 4334 esse
1199 4293 1392 4349 posse;
1432 4278 1561 4348 quid
1595 4279 1809 4333 laudent
1844 4279 1969 4333 boni
2004 4279 2161 4334 nobis
2187 4280 2258 4334 ab

664 4369 763 4424 bac
802 4371 987 4438 peritia
1007 4372 1298 4440 contingat,
1328 4371 1375 4426 si
1412 4372 1555 4427 letali
1592 4374 1817 4427 vulnere
1848 4372 2257 4428 eonl’odiamur?

660 4459 786 4528 quid
814 4476 943 4514 vero
964 4461 1089 4514 mali
1118 4461 1187 4516 ab
1206 4460 1495 4530 imperitia.
1518 4462 1566 4516 si
1593 4478 1713 4530 qua:
1742 4464 1972 4518 maxima
2002 4474 2129 4518 sunt
2160 4480 2255 4519 as-

660 4553 982 4620 sequamur?
1011 4552 1138 4607 lla-e
1164 4569 1294 4606 vero
1319 4568 1424 4606 non
1446 4554 1619 4607 solum
1644 4555 1785 4624 apud
1808 4571 1931 4618 nos,
1959 4557 2051 4626 qui
2072 4568 2259 4612 exter-

661 4659 784 4696 nam
808 4644 951 4697 illam
980 4644 1296 4713 sapientiam
1318 4645 1576 4705 ridemus.
1594 4661 1823 4717 eamque
1840 4648 2119 4703 stultitiam
2134 4665 2259 4705 esse

660 4736 1005 4801 arbitramur,
1027 4736 1122 4790 sed
1147 4737 1309 4790 etiam
1326 4737 1467 4806 apud
1497 4738 1642 4807 ipsos
1664 4750 1881 4793 extems
1908 4740 2258 4810 philosophos

662 4825 716 4878 in
751 4824 999 4878 Ct\lll¢S\0
1024 4825 1309 4881 habentur.
1353 4826 1479 4881 Ideo
1506 4844 1573 4881 ex
1602 4828 1707 4882 illis
1733 4830 1945 4899 plurimi
1978 4846 2086 4884 non
2121 4832 2259 4885 ntul—

663 4926 773 4968 tmn
789 4915 974 4969 literas
985 4928 1272 4983 curarunt;
1296 4920 1390 4972 alii
1410 4934 1539 4972 vero
1558 4922 1772 4989 penitus
1791 4930 2255 4990 contempserunt,

659 5019 715 5063 et
749 5008 981 5075 imperiti
1011 5024 1445 5077 ιιεηιιιιιεοωιιι,
1468 5022 1742 5083 totamque
1764 5016 1929 5068 vitam
1955 5015 2011 5068 in
2035 5030 2103 5069 ea
2131 5016 2255 5084 phi-

958 5111 1130 5168 μακε,
1158 5117 1278 5171 quae
1307 5118 1487 5158 tuom
1514 5104 1753 5171 respicit,
1786 5117 2029 5173 agentes,
2062 5107 2255 5161 claris-

658 5190 783 5244 simi
824 5202 989 5259 atque
1018 5191 1354 5245 celeberrimi
1379 5206 1687 5249 evaserunt.
1730 5197 1940 5250 [Etenim
1969 5200 2253 5252 Anachar-

657 5284 768 5347 sis,
796 5279 986 5337 Cntes
1009 5295 1063 5337 et
1089 5283 1351 5353 Diogenes
1372 5285 1491 5355 ejus
1517 5288 1719 5342 nullam
1756 5287 1993 5343 habuere
2030 5306 2252 5357 curam;

658 5374 770 5427 imo
796 5389 866 5428 ne
892 5371 1145 5430 Socrates
1170 5375 1385 5444 quidem
1408 5417 1425 5439 .
1462 5387 1523 5431 ut
1546 5380 1786 5432 nonnulli
1811 5379 1999 5433 dicunt
2018 5421 2035 5441 ,
2068 5380 2253 5451 hius-

656 5465 2254 5541 querdtausudusesseposithquihcharte

660 5551 817 5621 longe.
839 5566 1066 5612 metu:
1092 5560 1400 5621 antemrtil,
1435 5570 1491 5613 et
1526 5559 1619 5628 qui
1656 5576 1743 5623 ea,
1776 5579 1900 5631 qu:
1940 5564 2092 5618 illum
2128 5581 2254 5635 spe-

660 5654 714 5696 et
732 5647 895 5707 baut,
914 5648 1072 5719 longe
1096 5650 1401 5705 accuratius
1417 5668 1577 5719 quam
1595 5657 1801 5717 exteri,
1828 5666 2068 5711 nova-at.

742 5733 904 5789 ι’σι.
941 5737 1173 5792 Socratis
1217 5740 1363 5809 ,με
1402 5739 2252 5818 mammam—

664 5817 1789 5902 Cmauiruilluualiqaandoaduih-nl
1824 5817 2246 5911 introduxerat,

3826 184 3865 213 δ

1355 407 1413 464 8.
1450 403 1730 463 JOANNIS
1764 396 2241 458 CllllYSOSTOMl
2281 394 2605 451 AlllllllEP.
2646 391 3180 450 CONSTANTINOP.
3777 404 3857 460 ωδ

2350 524 2404 561 ιιι
2431 523 2647 562 catt-am
2683 523 2833 561 suam
2878 506 3208 571 defenderet,
3238 508 3289 563 in
3328 508 3564 581 apologia
3602 512 3663 567 ad
3698 514 3861 583 iudices

2345 603 2413 656 ita
2447 604 2753 672 loquentem
2782 602 2983 657 inducit
3008 620 3019 654 :
3063 601 3162 656 Vos
3187 613 3352 656 autem
3381 619 3444 658 ea:
3467 621 3541 658 me
3562 607 3762 663 audituri
3776 616 3864 669 estis

2345 709 2543 747 onmem
2566 693 2858 759 ueritatem;
2886 703 3196 760 nontamen,
3218 711 3295 747 me
3323 693 3520 758 Hercle,
3542 698 3628 750 viri
3647 699 3865 756 Athenien-

2345 802 2444 850 ses,
2476 787 2703 840 aratione
2728 786 2964 857 eleganti,
2997 796 3049 838 ut
3075 787 3158 839 isti
3179 828 3194 851 ,
3220 788 3377 840 verbis
3404 805 3462 840 ac
3484 791 3866 848 nominibusea'or-

2346 887 2469 928 nata
2492 892 2511 929 :
2537 875 2626 929 sed
2661 876 2888 929 audituri
2911 877 3029 931 estis
3057 878 3342 947 vulgaribus
3368 878 3613 946 obviisque
3639 884 3865 941 nominibus

2347 969 2652 1039 loquentem.
2697 967 2859 1023 Credo
2896 969 3030 1022 enim
3057 969 3203 1037 justo
3227 986 3331 1024 esse
3357 987 3471 1040 qua:
3489 971 3629 1036 dico,
3658 975 3868 1049 nullusque

2350 1071 2568 1114 vestrum
2593 1059 2739 1113 aliud
2778 1069 3046 1129 exspectet.
3082 1059 3261 1129 Neque
3286 1062 3415 1115 enim
3440 1068 3676 1133 profecto,
3696 1069 3862 1138 judices,

2349 1150 2466 1204 huic
2480 1152 2617 1204 tutati
2627 1152 2872 1213 convenit,
2892 1152 3021 1205 velut
3032 1152 3421 1217 adolescentulo,
3439 1157 3729 1211 concinnatis
3746 1160 3800 1211 ad
3809 1172 3861 1215 tot

2348 1242 2545 1311 ingredi
2567 1241 2745 1297 verbis.
2777 1241 2890 1297 Hoc
2908 1253 3084 1297 autem
3104 1257 3224 1297 cum
3243 1243 3391 1310 dicit,
3407 1246 3632 1300 ostendit
3653 1263 3706 1302 se
3723 1266 3807 1303 non
3821 1268 3865 1306 ex

2351 1335 2691 1405 negligentia,
2709 1335 2803 1390 sed
2830 1334 2971 1404 quod
2993 1350 3112 1390 eam
3139 1349 3249 1389 rem
3277 1352 3383 1390 non
3403 1338 3572 1408 tuagni
3593 1337 3783 1405 laceret,
3801 1357 3870 1396 nec

2351 1426 2624 1493 didicisse,
2651 1443 2751 1482 nec
2778 1427 2869 1482 illa
2892 1442 3045 1482 usum
3068 1427 3249 1482 fuisse.
3273 1428 3450 1498 Itaque
3470 1444 3570 1484 non
3594 1430 3873 1501 philosopho-

2351 1535 2472 1574 rum
2494 1528 2577 1575 est
2606 1520 2930 1589 eloquentia,
2954 1521 3062 1574 imo
3086 1534 3153 1575 ne
3176 1520 3411 1574 virorum
3430 1522 3655 1590 quidem,
3677 1524 3757 1577 sed
3781 1525 3876 1578 ado-

2354 1610 2769 1667 lescentulorum
2792 1621 2996 1666 tantum
3027 1611 3318 1667 ludentium
3340 1615 3619 1679 aemulatio,
3642 1623 3696 1670 ut
3715 1626 3761 1671 et
3783 1618 3875 1684 ipsis

2353 1715 2568 1771 quoque
2602 1700 2940 1772 philosophis
2962 1702 3204 1768 videtur;
3247 1719 3346 1758 nec
3372 1704 3493 1757 aliis
3516 1706 3665 1760 modo
3685 1706 3864 1776 pbiloso

2357 1791 2498 1862 phis,
2533 1792 2630 1847 sed
2667 1793 2829 1846 etiam
2866 1793 2937 1855 ei,
2965 1794 3057 1863 qui
3094 1809 3285 1849 omnes
3331 1795 3485 1850 facile
3528 1798 3868 1864 superavitzet

2356 1883 2499 1937 enim
2522 1882 2833 1952 magistrum
2861 1899 2922 1938 ea
2952 1900 3009 1938 re
3029 1884 3211 1938 ornari
3242 1901 3348 1941 non
3381 1887 3645 1955 permittit,
3664 1902 3768 1941 cum
3786 1904 3875 1943 eum

2356 1984 2605 2029 ornatum
2646 1984 2852 2046 turpem
2891 1976 3314 2047 philoSOphoque
3356 1978 3615 2049 indignum
3645 1980 3876 2033 existimet.

2359 2066 2557 2122 Verum
2582 2068 2698 2123 hare
2724 2069 2790 2123 ad
2813 2068 3081 2125 inlldelem
3105 2071 3411 2141 quempiam
3438 2073 3620 2126 merito
3644 2073 3749 2143 quis
3763 2073 3876 2126 dixe.-

2360 2162 2461 2226 rit;
2507 2162 2617 2218 imo
2643 2178 2772 2217 vero
2797 2162 2864 2217 ad
2893 2164 3103 2217 lidelem
3136 2166 3323 2235 magis.
3366 2165 3635 2233 Quomodo
3655 2168 3777 2221 enim
3801 2182 3876 2221 non

2358 2256 2650 2311 absurdum
2677 2255 2837 2315 fuerit
2855 2299 2871 2323 ,
2910 2273 3034 2311 cum
3067 2258 3101 2311 ii
3129 2258 3326 2322 etiam,
3353 2258 3440 2329 qui
3472 2258 3789 2312 multitudinis
3813 2274 3877 2310 au-

2359 2367 2475 2406 ram
2498 2361 2852 2423 aucupantur.
2875 2368 2975 2408 nec
3000 2353 3107 2408 alio
3132 2353 3290 2408 modo
3319 2370 3476 2425 quam
3501 2365 3699 2410 externa
3719 2356 3877 2423 sapien-

2364 2443 2433 2499 tia
2467 2444 2597 2498 clari
2626 2459 2747 2499 esse
2777 2454 3035 2513 possunt,
3079 2460 3198 2500 eam
3252 2446 3384 2501 nihil
3435 2463 3552 2502 esse
3598 2447 3875 2511 arbitrentur,

2369 2550 2470 2589 nos
2494 2535 2639 2590 illam
2662 2551 2832 2605 usque
2851 2537 2987 2591 adeo
3008 2537 3189 2591 mirari
3210 2539 3447 2608 tantique
3463 2537 3645 2598 facere.
3664 2550 3713 2592 ut
3729 2554 3780 2592 ea
3797 2554 3876 2607 qua

2363 2629 2597 2683 maxime
2617 2630 2920 2684 necessaria
2955 2640 3080 2683 sunt
3102 2641 3320 2700 propter
3342 2632 3485 2685 illam
3513 2630 3878 2685 contemnamus?

2435 2719 2521 2772 12.
2547 2717 2724 2774 Sancti
2748 2720 2842 2773 viri
2858 2730 3050 2790 quanta
3073 2722 3182 2774 sine
3204 2722 3490 2791 eloquentia
3515 2723 3815 2791 pra-stiterint.
3830 2748 3876 2760 —

2362 2809 2444 2864 Ad
2476 2809 2744 2866 inﬁdelem
2773 2811 2990 2881 quidem
3018 2812 3134 2867 hate
3157 2812 3288 2867 satis
3316 2823 3443 2867 sunt
3468 2833 3483 2869 :
3506 2814 3568 2866 ad
3590 2814 3775 2866 ﬁdelem
3790 2826 3878 2865 vero

2362 2912 2415 2956 et
2446 2901 2561 2955 lucc
2597 2912 2651 2955 et
2675 2901 2779 2955 alia
2810 2917 2874 2957 ex
2905 2904 3106 2957 nostris
3131 2904 3456 2959 documenta
3495 2904 3739 2959 all‘erenda
3772 2912 3876 2958 sunt.

2361 2991 2619 3060 Quaenam
2649 2993 2774 3045 illa?
2804 2993 2975 3063 Magni
3008 2995 3085 3047 illi
3106 3005 3156 3049 et
3179 2996 3353 3049 Sancti
3383 2996 3517 3059 viri,
3544 2998 3626 3063 qui
3650 2993 3877 3061 ['rimilue-

2363 3093 2509 3148 runt,
2535 3099 2658 3138 cum
2686 3084 2857 3138 literae
2886 3086 3122 3139 nondum
3150 3097 3369 3149 essent;
3401 3098 3508 3140 tum
3536 3088 3665 3156 iiqni
3682 3085 3877 3156 pastillos

2361 3173 2598 3240 luerunt,
2623 3191 2745 3229 cum
2769 3177 2938 3231 litera'
2966 3178 3182 3247 quidem
3207 3188 3415 3245 essent,
3436 3180 3637 3234 dicendi
3652 3194 3763 3234 vero
3780 3178 3876 3247 peri.

2363 3269 2433 3322 tia
2462 3269 2731 3333 nondum;
2762 3281 2819 3324 et
2836 3272 2926 3341 qui
2950 3272 3050 3325 hos
3070 3273 3281 3341 sequuti
3305 3284 3454 3336 sunt,
3476 3289 3592 3327 eum
3618 3282 3669 3327 et
3693 3273 3825 3326 liter:
3842 3278 3877 3321 et

2360 3360 2572 3416 dicendi
2619 3363 2806 3430 peritia
2851 3372 3055 3418 essent.
3105 3364 3184 3418 Illi
3216 3381 3351 3420 vero
3382 3364 3578 3436 (primi)
3605 3374 3877 3430 utrorumque

2361 3464 2613 3523 expertes
2653 3465 2838 3518 erant;
2880 3472 2988 3509 non
3018 3456 3181 3510 modo
3215 3457 3365 3510 enim
3398 3452 3877 3527 eliquealiaainﬂitu-

2362 3548 2529 3608 tione,
2569 3547 2664 3601 sed
2708 3549 2871 3601 etiam
2912 3548 3188 3602 literarum
3228 3550 3424 3616 peritia
3456 3549 3602 3603 vacui
3630 3540 3875 3609 erant:qu

2362 3649 2543 3692 tamen
2574 3638 2659 3692 vel
2701 3639 2767 3692 iis
2795 3642 2847 3692 in
2883 3640 3068 3703 rebus,
3097 3640 3151 3693 in
3176 3641 3377 3709 quibus
3399 3640 3704 3711 eloquentia:
3724 3637 3787 3688 ris
3806 3649 3874 3687 tte-

2360 3730 2597 3783 cessaria
2623 3745 2747 3783 esse
2774 3730 3007 3796 videtur,
3032 3746 3203 3802 usque
3224 3731 3367 3786 adeo
3386 3734 3474 3798 iis,
3494 3733 3582 3803 qui
3601 3733 3682 3786 illa
3698 3723 3872 3783 inStrttcli

2359 3832 2538 3887 erant,
2567 3824 3011 3884 antecelluerunt.
3041 3834 3099 3878 ut
3127 3825 3181 3878 hi
3207 3825 3581 3894 insipientibus
3601 3819 3866 3893 puerisittt‘

2362 3914 2534 3967 riores
2563 3928 2688 3967 esse
2716 3913 3045 3968 viderentur.
3091 3913 3227 3970 Cum
3252 3918 3400 3971 eui
3425 3909 3868 3986 persuaaletulirisin

2360 4005 2660 4075 eloquentia
2689 4006 2923 4061 maxime
2960 4008 3064 4061 sita
3100 4009 3171 4062 sit
3194 4050 3211 4069 .
3244 4017 3301 4062 et
3341 4019 3519 4063 tamen
3557 4002 3808 4078 philosophi
3829 4011 3873 4050 ne

2362 4115 2526 4152 unum
2553 4113 2804 4168 umquam
2839 4109 3126 4171 tyrannum
3159 4101 3562 4169 superarerint;
3593 4099 3661 4153 illi
3684 4110 3786 4149 vero
3805 4092 3874 4143 im-

2362 4192 2517 4260 periti
2556 4202 2612 4245 et
2649 4192 2831 4245 idiota:
2876 4201 3048 4246 totum
3089 4193 3278 4246 orbem
3318 4192 3693 4251 mverterint,
3722 4187 3876 4255 thum"

2359 4293 2441 4337 e~t
2467 4283 2609 4347 apud
2635 4297 2753 4347 eos,
2776 4283 2983 4337 scilicet
3022 4285 3293 4337 literarum
3338 4284 3610 4354 imperitos
3632 4290 3683 4334 et
3706 4278 3874 4331 idiotas.

2360 4376 2640 4443 sapientia
2668 4375 2901 4444 palmam
2935 4390 3077 4437 esse,
3118 4390 3225 4428 non
3269 4386 3450 4429 autem
3496 4373 3631 4444 apud
3672 4371 3787 4430 ill-ts,
3817 4360 3879 4431 qui

2362 4478 2589 4537 utraque
2619 4467 2873 4522 facultate
2907 4468 3198 4536 pollebant.
3245 4467 3399 4522 Adeo
3434 4477 3490 4521 ut
3518 4482 3639 4519 Vera
3662 4459 3881 4529 sitientia.

2361 4576 2597 4630 Ver-tque
2636 4561 2866 4613 eruditio
2902 4561 3037 4614 nihil
3062 4560 3205 4614 aliud
3229 4560 3301 4613 sit
3320 4603 3335 4621 ,
3366 4577 3526 4631 quam
3556 4559 3643 4613 Dei
3668 4559 3814 4610 timor.
3836 4549 3883 4599 Αῑ

2362 4669 2523 4707 anno
2551 4662 2699 4720 potet
2726 4670 2815 4707 me
2838 4653 2978 4709 bane
3003 4654 3176 4722 legem
3202 4664 3460 4717 statuere,
3486 4653 3624 4723 quod
3648 4647 3778 4720 pueri
3800 4654 3883 4695 θέε

2359 4745 2593 4800 debeant
2622 4746 2876 4813 imperiti.
2901 4745 3008 4800 Sed
3036 4747 3084 4799 si
3104 4747 3225 4816 quis
3245 4762 3332 4800 me
3358 4746 3428 4800 de
3453 4742 3747 4800 necessariis
3767 4748 3881 4789 secu-

2360 4853 2479 4890 rum
2506 4848 2809 4905 pra-staret,
2842 4839 3041 4892 nollem
3069 4838 3329 4907 impedire
3364 4839 3495 4907 quin
3534 4838 3631 4889 hoc
3664 4849 3722 4886 ex
3755 4829 3882 4881 abun-

2359 4928 2538 4980 dantia
2570 4929 2741 4982 tier-et.
2776 4928 3237 4994 Quemadmodum
3254 4930 3398 4983 enim
3414 4927 3680 4981 antiss‘s
3694 4934 3797 4974 eam
3817 4915 3885 4965 do'

2360 5037 2452 5075 Ino
2480 5031 2589 5073 tota
2617 5020 2981 5075 fundamentis
2998 5064 3017 5085 ,
3060 5032 3276 5089 totaque.
3313 5018 3514 5074 fabrica
3552 5018 3742 5070 ruinam
3765 5004 3883 5061 mini-

2360 5124 2531 5177 tante,
2561 5125 2822 5170 exuunt
2867 5118 3156 5170 dementiae
3204 5131 3271 5171 ac
3680 5115 3803 5164 essu
3837 5097 3882 5149 θίῙ

2360 5206 2608 5265 illitores,
2641 5220 2749 5258 non
2774 5204 2842 5258 ad
2872 5216 3171 5260 Str-actoris
3192 5222 3415 5259 currere
3438 5225 3454 5256 :
3476 5207 3553 5257 sic
3580 5204 3699 5256 item
3730 5199 3884 5260 initio"

2360 5307 2505 5349 tuna:
2531 5297 2893 5349 cunctationis
2915 5309 3082 5357 eset,
3102 5297 3395 5363 parietibus
3418 5294 3641 5349 imiter
3656 5285 3881 5344 suam

2356 5403 2476 5449 eos,
2505 5389 2595 5454 qui
2616 5389 2787 5455 ipsar-
2808 5390 3015 5441 illinere
3034 5390 3252 5451 rdient,
3284 5388 3589 5455 prohibent.

2435 5477 2665 5530 Historia
2703 5480 3038 5532 dum;
3078 5497 3113 5531 ι
3150 5482 3399 5533 umbo
3441 5477 3669 5531 instituti.
3688 5457 3880 5534 -οηηι

2356 5552 3879 5641 ,ωε-ωαωὴιοιοςυτ,παιβίςοραίιιιςοειεοιιίο

2357 5660 2477 5716 ια
2498 5663 2609 5730 jam
2630 5663 3052 5717 vobisnarrabo.
3076 5650 3879 5734 Adnitar-squillade

2358 5751 3881 5819 animmummnweumr

2363 5834 3878 5914 tau-amatam
