4032 6402
62 326 157 383 367

57 445 173 508 τοὺς
192 441 612 514 φυγαδεύοντας
641 440 837 505 αὐτοὺς
863 442 963 495 οὐκ
992 441 1058 496 ἂν
1082 440 1343 512 ἐπῄνεσα,
1371 437 1488 491 ἀλλ’
1519 434 1596 499 ώς
1629 452 1743 489 κοι-

57 532 290 603 νοὺςτῆς
320 530 597 595 πολιτείας
625 531 852 603 ἐχθροὺς
882 530 1241 601 ἀπεστράφην
1278 528 1366 592 ἀν,
1394 529 1475 582 ὅτι
1496 529 1623 592 τοὺς
1649 526 1743 580 λύ-

59 632 210 688 χνους
240 616 604 688 κρύπτοντες,
646 618 741 670 καὶ
773 618 900 681 τοὺς
940 616 1235 687 φωστῆρας
1272 615 1378 668 ἀπδ
1407 614 1508 683 τῆς
1533 613 1743 677 πόλεως·

58 706 139 758 ἐπὶ
169 705 276 775 τὴν
310 706 550 777 ἐρημίαν
570 707 818 775 ἄγοντες,
847 705 915 758 τά
952 706 1187 775 μέγιστα
1210 704 1337 768 τοὺς
1364 702 1511 758 ἔνδον
1530 701 1729 756 οἰκοῦν-

55 814 145 860 τας
164 798 438 867 ἐζημίουν
457 797 658 866 ἀγαθά.
686 799 746 851 El
775 798 832 852 δὲ
857 798 1070 863 ούδεῖςό
1089 797 1260 851 ταῦτα
1274 796 1741 867 ὑποσχησὸμενος,

56 886 98 938 τί
125 884 194 939 τὸ
228 886 428 956 ὄφελος
456 887 698 957 πέμπειν
724 888 804 951 εἰς
829 887 1209 951 διδασκάλους,
1239 886 1368 941 ἔνθα
1392 887 1500 958 πρὸ
1528 885 1641 939 τῶν
1655 885 1744 939 λό-

56 991 162 1041 γων
199 976 405 1027 κακίαν
421 974 685 1037 εἴσονται,
717 976 814 1028 καὶ
841 976 902 1028 τὸ
931 975 1154 1029 ἔλαττον
1185 974 1500 1046 βουλόμενοι
1533 974 1742 1038 λαϐεῖν,

63 1063 115 1115 τδ
154 1064 349 1132 μεῖζον
372 1063 721 1126 ἀπολέσουσι,
753 1066 852 1134 τῆς
882 1064 1061 1137 ψυχῆς
1092 1065 1191 1136 τὴν
1215 1066 1368 1135 ἰσχὺν
1389 1065 1483 1117 καὶ⁸
1511 1063 1611 1135 τὴν
1651 1065 1744 1116 εύ-

59 1150 206 1217 εξίαν
251 1152 515 1217 ἀπασαν;
564 1152 629 1206 Τί
667 1149 790 1218 οὗν;
819 1153 1245 1224 κατασκάψομιν
1276 1152 1347 1206 τὰ
1370 1153 1737 1218 διδασκαλεῖα,

60 1240 259 1312 φησίνς
293 1242 371 1295 Ού
407 1239 568 1294 τοῦτο
608 1239 774 1309 λέγω,
810 1239 926 1295 ἀλλ’
958 1241 1107 1305 ὅπως
1148 1242 1224 1312 μὴ
1264 1240 1365 1311 τὴν
1398 1242 1499 1310 τῆς
1537 1239 1743 1310 ἀρετῆς

57 1330 382 1399 καθέλωμεν
414 1330 724 1402 οίκοδομὴν,
761 1332 857 1386 καὶ
888 1331 1072 1394 ζῶσαν
1094 1331 1489 1402 κατορύξωμεν
1511 1332 1612 1402 τὴν
1634 1332 1741 1401 ψυ-

59 1421 157 1490 χήν
181 1436 196 1450 ο
238 1417 628 1490 σωφρονούσης
649 1419 749 1489 μὲν
767 1419 877 1492 γὰρ
900 1419 1105 1491 ταύτης
1124 1421 1349 1490 οὐδεμία
1379 1421 1488 1475 ἀπὸ
1507 1422 1613 1492 τῆς·
1633 1421 1742 1475 τῶν

60 1507 233 1575 λόγων
257 1506 516 1578 ἀπειρίας
551 1506 704 1561 ἔσται
733 1506 922 1578 ζημία,
946 1507 1349 1580 διεφθαρμένης
1370 1508 1427 1562 δὲ
1460 1510 1739 1582 μεγίστηὴ

63 1595 256 1666 βλάϐη,
289 1595 392 1649 κᾶν
420 1595 629 1667 σφόδρα
668 1598 701 1666 ἡ
740 1594 957 1663 γλῶττα
994 1597 1307 1669 ἠκονημένη
1343 1598 1611 1671 τυγχάνῃ,
1642 1600 1738 1653 καὶ

60 1684 301 1752 τοσούτῳ
357 1684 579 1753 μείζων,
605 1685 825 1755 ὅσῳπερ
869 1684 937 1738 ἂν
966 1684 1150 1755 ἐκείνη
1179 1687 1356 1756 προσῇ
1392 1688 1425 1755 ἡ
1475 1687 1730 1756 δύναμις.

131 1771 380 1842 Πονηρία
434 1771 559 1842 γὰρ’
590 1772 688 1842 τὴν
744 1770 840 1824 τοῦ
903 1771 1082 1840 λέγειν
1130 1772 1511 1840 προσλαϐοῦσα
1551 1775 1746 1843 ἐμπει-

63 1861 207 1935 ρίαν.
254 1858 438 1929 πολλῷ
475 1858 737 1930 χείροναι
782 1858 885 1929 τῆς
901 1859 1141 1930 ἀμαθίας
1171 1859 1550 1930 ἐργάζεταιτά
1572 1862 1741 1918 δεινά.

66 1953 231 2006 Ἀνδὲ
264 1950 593 2015 ἀπελθόντες
619 1951 754 2012 ἐκεῖ,
790 1952 942 2021 φησὶ,
974 1951 1111 2023 πρὸς
1132 1950 1211 2022 τῷ
1242 1953 1339 2024 τὴν
1370 1952 1621 2022 γλῶσσαν
1647 1954 1747 2022 ἀρ-

63 2047 300 2118 γοτέραν
349 2046 517 2115 ἔχειν.
548 2045 763 2115 καὶτῆς
797 2045 997 2117 ἀρετῆς
1031 2046 1336 2101 ἐκπέσωσιν
1369 2047 1584 2116 ἐκείνης
1609 2064 1624 2107 :
1647 2049 1746 2103 “Av

64 2142 119 2195 δέ
171 2141 449 2209 μένοντες,
484 2139 602 2193 είπέ
653 2156 766 2207 μοι,
813 2139 947 2208 πρὸς
977 2139 1055 2210 τῷ
1080 2140 1180 2211 τὴν
1207 2139 1384 2211 ψυχὴν
1411 2141 1743 2215 διαφθεῖραι,

72 2232 234 2304 μηδὲν
260 2235 342 2296 είς
363 2232 696 2299 εὐγλωττίαν
725 2231 1033 2285 ἀπόνωνται
1059 2232 1084 2272 δ
1105 2232 1204 2301 τῆς
1228 2232 1425 2301 σχολῆς
1448 2250 1463 2299 ;
1494 2234 1618 2304 ἐμοὶ
1636 2235 1746 2307 γὰρ

70 2326 299 2395 ἁρμόσει
325 2324 501 2377 ταῦτα
548 2322 725 2392 λέγειν
758 2324 1035 2397 μᾶλλον,ἢ
1066 2326 1249 2380 ἐκεῖνα
1271 2326 1372 2380 σοί.
1400 2327 1465 2379 Τί
1511 2326 1743 2398 δήποτε;

70 2424 190 2476 Ὀτι
217 2425 263 2476 εἰ
284 2422 379 2476 καὶ
399 2420 564 2475 τὸτοῦ
592 2420 879 2492 μέλλοντος
903 2421 1096 2492 ἄδηλον
1115 2423 1397 2496 ἐκατέρου,
1428 2423 1488 2476 τὸ
1514 2423 1602 2476 σὸν
1619 2424 1747 2494 ἀδη-

69 2520 304 2590 λότερον.
336 2517 481 2583 Πῶς,
513 2520 606 2573 καὶ
634 2518 721 2572 διὰ
741 2517 795 2571 τί
819 2535 834 2583 ;
867 2518 988 2572 Ὅτι
1013 2519 1045 2589 ἠ
1072 2519 1169 2589 μὲν
1198 2518 1306 2573 τῶν
1337 2519 1512 2589 λόγων
1544 2522 1747 2592 σπουδὴ

32 2670 35 2673 ,
71 2618 164 2689 τῆς
187 2617 297 2671 ἀπὸ
315 2615 425 2670 τῶν
456 2617 674 2685 τρόπων
696 2613 997 2679 ἐπιεικείας
1030 2615 1225 2681 δεῖται,
1254 2618 1286 2686 ἠ
1325 2616 1382 2670 δέ
1402 2617 1510 2671 τῶν
1530 2618 1750 2689 τρόπων

32 2694 35 2697 Ι
75 2713 339 2767 ἐπιείκεια
371 2711 673 2781 ούκέτιτῆς
695 2710 803 2765 ἀπὸ
822 2710 931 2764 τῶν
957 2711 1132 2779 λόγων
1161 2712 1498 2784 προσθήκης.
1530 2714 1751 2785 Σωφρο-

32 2854 35 2857 ,
78 2811 235 2881 σύνην
262 2810 363 2881 μέν
386 2809 497 2882 γάρ
518 2809 613 2863 καὶ
634 2809 806 2878 χωρὶς
833 2808 934 2877 τῆς
960 2807 1296 2873 παιδεύσεως
1322 2809 1528 2879 ταύτης
1554 2828 1755 2883 κατορ-

32 2944 35 2969 ι
75 2906 241 2961 θῶσαι
272 2906 373 2971 ἔνι,
403 2905 579 2974 λόγων
612 2905 668 2959 δὲ
697 2905 926 2976 δύναμιν
955 2906 1123 2978 χωρὶς
1134 2906 1363 2981 τρόπων
1387 2907 1639 2977 χρηστῶν
1669 2911 1755 2963 οὐ-

73 3003 180 3064 δεῖς
205 3001 270 3057 ἀν
302 3001 602 3073 προσλάϐοι
639 3002 791 3059 ποτὲ.
826 3002 1027 3066 παντὸς
1056 3002 1151 3055 τοῦ
1190 3003 1382 3073 χρόνου
1421 3006 1502 3067 είς
1553 3005 1752 3059 κακίαν

76 3099 168 3152 καὶ
201 3098 491 3166 ἀσέλγειαν
506 3096 958 3168 ἀναλισκομένου.
978 3098 1145 3151 Ὥστε
1181 3098 1320 3171 ὅπερ
1346 3100 1462 3152 ἐκεῖ
1486 3099 1750 3162 δέδοικας,

30 3222 31 3233 ι
74 3189 230 3243 τοῦτο
256 3190 352 3243 καὶ
382 3187 617 3242 ἐνταῦθα
638 3186 925 3257 φοϐεῖσθαι
942 3189 1044 3259 χρή
1065 3205 1080 3219 ·
1118 3189 1213 3241 καὶ
1246 3187 1425 3259 πολλῷ
1446 3188 1643 3259 μᾶλλον
1670 3190 1755 3241 ἐν-

30 3318 31 3325 η
77 3284 271 3348 ταῦθα,
294 3285 405 3353 ὅσῳ
429 3284 524 3336 καὶ
556 3282 888 3352 πυκνότεραι
923 3283 979 3336 αἱ
1019 3282 1342 3353 ἀποτυχίαι,
1372 3283 1466 3336 καὶ⁵
1499 3284 1626 3353 τερὶ
1648 3282 1754 3335 τῶν

30 3410 31 3433 γ
78 3381 339 3452 μειζόνων
373 3381 400 3432 ὀ
455 3378 721 3443 κίνδυνος.
774 3378 956 3431 Κάκεῖ
1002 3378 1100 3447 μὲν
1157 3378 1292 3448 πρὸς
1322 3377 1380 3429 ἓν
1422 3376 1754 3448 ἡσχολῆσθαι

79 3478 237 3543 μόνον
264 3476 500 3547 ἀνάγκη.
538 3474 774 3530 ἐνταῦθα
809 3473 865 3527 δὲ
896 3472 1004 3526 τῶν
1034 3473 1127 3526 δύο
1147 3473 1419 3546 κρατῆσαι
1443 3475 1752 3545 πρόκειται,

74 3575 263 3638 ὡςούκ
289 3572 410 3626 ἐνὸν
434 3571 662 3642 θάτερον
679 3572 849 3642 χωρὶς
871 3570 1102 3639 θατέρου
1129 3569 1334 3628 λαϐεῖν,
1366 3570 1485 3623 οὐδὲ
1544 3587 1756 3643 σωφρο-

78 3672 243 3741 σύνης
291 3670 460 3741 χωρὶς
490 3669 617 3731 τοὺς
651 3667 845 3736 λόγους
888 3666 1109 3722 εἰδέναι.
1146 3667 1208 3720 El
1232 3667 1287 3720 δὲ
1323 3666 1524 3738 βούλει,
1563 3669 1659 3723 καὶ
1694 3670 1757 3724 τὺ

75 3769 341 3824 ἀδύνατον
393 3766 551 3819 τοῦτο
584 3765 767 3836 θῶμεν
798 3762 939 3819 εἶναι
967 3765 1206 3820 δυνατὸν.
1240 3765 1294 3819 τί
1320 3766 1517 3836 γένοιτ’
1543 3767 1610 3822 ἂν
1627 3770 1757 3839 ἡμῖν

72 3862 280 3932 ἀγαθὸν
295 3861 405 3914 ἀπὸ
423 3861 520 3931 τῆς
544 3859 751 3913 τούτων
781 3861 1094 3932 ἐμπειρίας,
1117 3864 1245 3930 περὶ
1265 3861 1332 3916 τὰ
1348 3865 1536 3935 καίρια
1546 3863 1759 3936 λαμϐά-

72 3977 227 4015 νουσι
252 3959 351 4030 τὴν
376 3958 592 4029 πληγήν
618 3974 633 4020 ;
672 3956 724 4010 τί
750 3957 806 4010 δὲ
840 3958 1011 4011 κακὸν
1043 3958 1152 4011 ἀπὸ
1191 3960 1291 4029 τῆς
1337 3960 1614 4032 ἀπειρίας,
1649 3963 1759 4016 τῶν

77 4054 356 4127 μεγίστων
370 4054 504 4124 ἡμῖν
520 4051 1007 4123 κατορθουμένωνς
1046 4054 1156 4105 Καὶ
1184 4053 1357 4107 ταῦτα
1383 4055 1445 4107 ού
1473 4057 1603 4125 παρ’
1627 4057 1759 4125 ἡμῖν

80 4150 240 4220 μόνον
276 4149 391 4210 τοῖς
421 4146 765 4215 καταγελῶσι
799 4146 900 4217 τῆς
935 4146 1136 4213 ἔξωθεν
1176 4147 1389 4217 σοφίας,
1428 4150 1522 4202 καὶ
1550 4150 1760 4220 μωρίαν

78 4245 247 4315 αὐτὴν
277 4241 419 4296 εῖναι
441 4241 774 4315 νομίζουσιν,
805 4241 940 4295 ἀλλά
969 4242 1063 4295 καὶ
1120 4244 1247 4315 παρ’
1273 4244 1456 4305 αὐτοῖς
1487 4246 1597 4306 τοῖς
1625 4244 1759 4311 ἔξω·

76 4339 170 4394 θεν
210 4338 526 4410 φιλοσόφοις
567 4338 712 4392 οὕτω
745 4338 1214 4411 συνωμολόγηται.
1256 4338 1367 4393 Καὶ
1409 4337 1496 4392 διά
1521 4338 1678 4394 τοῦτο
1709 4341 1760 4393 οί

76 4438 179 4506 μὲν
208 4435 397 4490 πολλοὶ
434 4435 493 4489 οὐ
536 4434 743 4506 σφόδρα
773 4433 1193 4505 ἐπεμελήθησαν
1213 4434 1307 4488 τοῦ
1330 4435 1653 4506 πράγματος
1677 4452 1691 4467 ·
1709 4437 1759 4489 οί

71 4534 131 4586 δὲ
149 4534 250 4590 καὶ
268 4534 451 4587 τέλεον
464 4532 883 4603 κατεφρόνησαν
909 4532 1005 4585 καὶ
1020 4530 1325 4584 διετέλεσαν
1344 4530 1757 4600 δντεςὰμαθεῖς,

74 4631 171 4682 καὶ
196 4630 292 4682 τὸν
337 4631 554 4685 ἅπαντα
593 4628 704 4698 βίον
739 4629 796 4680 ἐν
846 4626 924 4698 τῷ
956 4628 1058 4698 τῆς
1089 4627 1408 4696 φιλοσοφίας
1436 4628 1760 4700 ἡθικωτέρῳ

75 4727 460 4798 διατρίψαντες
486 4724 660 4796 μέρει,
691 4724 894 4793 σφόδρα
912 4722 1182 4792 ἔλαμψαν,
1204 4724 1301 4776 καὶ⁵
1328 4723 1583 4791 γεγόνασι
1603 4740 1762 4793 περι-

72 4824 287 4888 φανεῖς.
315 4822 426 4875 Καὶ
454 4820 563 4892 γὰρ
596 4820 924 4891 Ἀνάχαρσις
977 4820 1073 4873 καὶ
1108 4820 1333 4891 Κράτης
1364 4821 1460 4874 καὶ
1504 4820 1761 4893 Διογένης

66 4918 336 4988 οὐδεμίαν
378 4918 706 4989 ἐποιήσαντο
765 4914 1001 4986 σπουδὴν
1044 4915 1237 4968 τούτου
1260 4932 1274 4945 ·
1310 4916 1444 4984 φασὶ
1494 4916 1551 4970 δέ
1591 4935 1758 4985 τινες,

66 5015 197 5068 οὐδὲ
246 5015 565 5087 Σωκράτης,
612 5015 710 5069 καὶ
756 5012 1159 5085 μαρτυρήσειεν
1202 5011 1269 5066 ἀν
1298 5013 1430 5083 ἡμῖν
1458 5014 1488 5066 ὁ
1523 5013 1760 5084 μάλιστα

68 5112 298 5166 πάντων
319 5113 377 5166 ἐν
396 5115 462 5185 τῇ
491 5113 660 5187 τέχνῃ
682 5105 1180 5183 ταύτῃδιενεγκὼν,
1197 5108 1291 5161 καὶ
1310 5106 1377 5161 τά
1408 5108 1619 5163 ἐκείνου
1642 5107 1759 5183 [96]

65 5206 183 5259 τῶν
212 5208 393 5263 ἀλλων
430 5209 587 5274 εἰδὼς
639 5206 1052 5278 ἀκριϐέστερον.
1086 5201 1413 5273 Εἰσαγαγὼν
1453 5203 1563 5276 γὰρ
1595 5207 1762 5261 αὐτόν

66 5321 208 5357 ποτε
233 5306 317 5370 είς
340 5305 695 5377 δικαστήριον
728 5301 1206 5373 ἀπολογησόμενον
1226 5312 1273 5367 σε,
1291 5304 1350 5355 ἐν
1377 5304 1445 5373 τῇ
1474 5302 1613 5373 πρὸς
1634 5303 1763 5367 τοὺς

62 5398 335 5464 δικαστάς
370 5400 639 5472 ἀπολογία
685 5398 941 5471 ἐποίησεν
979 5396 1123 5452 οὕτω
1156 5396 1384 5467 λέγοντα
1405 5415 1421 5430 ⁸
1472 5398 1657 5467 Ὑμεῖς
1690 5398 1764 5454 δὲ

62 5491 225 5561 ἐμοῦ
250 5492 594 5548 ἀκούσεσθε
625 5490 834 5547 πᾶσαν
864 5490 979 5559 τὴν
1020 5489 1332 5558 ἀλήθειαν,
1360 5492 1434 5545 οὐ
1454 5491 1660 5561 μέντοι
1676 5492 1762 5562 μὰ

130 5630 261 5711 :ij
278 5634 729 5711 duoln‘anqsfripti
773 5639 828 5683 et
849 5631 1001 5682 Savil.
1027 5630 1202 5681 Morel.
1229 5637 1398 5682 autem
1435 5638 1489 5682 et
1528 5629 1681 5681 Savil.
1709 5633 1760 5681 in

63 5697 298 5771 ωσι-εξῃο
318 5699 484 5757 πολλῷ
506 5696 718 5745 πλείονα.

131 5754 161 5796 Β
193 5760 281 5808 Nc
322 5772 415 5807 nos
456 5771 567 5807 cum
612 5757 767 5805 Savil.
811 5761 862 5805 et
903 5754 1096 5804 duobus
1140 5768 1257 5804 mss.
1302 5754 1591 5817 legebatur
1655 5755 1751 5803 am-

66 5817 275 5871 6ναιντο.
306 5819 440 5869 Eon.

130 5885 153 5911 ⁶
182 5879 339 5932 Savll.
366 5879 416 5930 in
443 5893 597 5934 mam.
625 5884 676 5926 el
696 5877 793 5925 duo
813 5892 924 5926 mss.
963 5879 1027 5933 ὡς
1059 5878 1321 5938 ἀπολογησ.

884 319 1253 379 ADVERSUS
1289 314 1741 377 OPPUGNATOF

1908 318 2074 377 {HAS
2114 321 2417 383 MONAST.
2459 325 2591 385 LIB.
2635 324 2724 383 III.

3421 332 3530 388 568

1854 430 1956 502 Δί’,
1999 432 2046 492 ὧ
2087 437 2302 509 ἄνδρες
2343 441 2662 509 Ἀθηναῖοι,
2698 443 3288 515 κεκαλλιεπημένους
3332 462 3399 518 γε
3428 446 3531 502 λό-

1843 525 2010 602 γους,
2072 534 2278 607 ὥσπερ
2318 536 2373 593 οι
2431 540 2681 599 τούτων,
2721 540 2955 610 ῥήμασί
2982 558 3046 596 τε
3073 542 3174 596 καὶ
3212 541 3530 611 ὀνόμασιν,

1843 630 1988 686 οὐδὲ
2029 635 2541 704 κεκοσμημένους.
2598 635 2737 689 ἀλλ’
2788 636 3131 692 ἀκούσεσθε
3167 635 3377 704 ἁπλῶς
3431 639 3528 691 καί

1841 724 1977 796 είκῆ
2008 729 2304 799 λεγόμενα
2351 729 2470 796 τοῖς
2506 730 2900 799 ἐπιτυχοῦσιν
2936 733 3213 801 ὀνόμασι.
3262 735 3534 787 Πιστεύω

1842 822 1954 892 γὰρ
1979 823 2180 879 δίκαια
2208 820 2362 880 εἶναι
2390 825 2430 881 d
2454 826 2633 895 λέγω,
2682 827 2780 881 καί
2809 827 3025 896 μηδείς
3072 829 3243 898 ὑμῶν
3281 830 3533 898 προσδο-

1843 920 2093 989 κησὰτω
2128 922 2350 991 ἄλλως.
2396 923 2551 977 Οὐδὲ
2581 926 2691 995 γὰρ
2715 924 2792 978 ἂν
2811 924 3011 989 δήπου
3046 925 3261 993 πρέποι
3284 925 3359 995 τῇ
3393 927 3531 993 ἡλι-

1842 1017 1947 1084 κίᾳ
1996 1017 2160 1087 τῇδε,
2203 1016 2406 1087 ὥσπερ
2444 1020 2732 1089 μειρακίῳ
2778 1018 3104 1074 πλάττοντι
3161 1024 3406 1091 λόγους,
3445 1025 3532 1090 εις

1841 1113 1999 1184 ὑμᾶς
2046 1115 2316 1169 εἰσιέναι.
2355 1115 2541 1169 Ταῦτα
2559 1115 2615 1169 δέ
2636 1115 2789 1185 ἔλεγε
2811 1116 3047 1181 δεικνὺς,
3066 1116 3148 1170 ὅτι
3172 1117 3233 1169 ού
3263 1117 3350 1171 διὰ
3375 1117 3534 1189 ρᾳθυ-

1847 1212 1977 1282 μίαν
1989 1212 2130 1272 τινά,
2150 1210 2285 1265 ἀλλά
2313 1210 2401 1264 διὰ
2425 1211 2486 1264 τὸ
2507 1211 2579 1282 μὴ
2609 1211 2752 1283 μέγα
2771 1210 2830 1265 τὸ
2851 1211 3084 1283 πρᾶγμα
3110 1212 3384 1284 ἡγεῖσθαι,
3409 1212 3532 1267 οὗτε

1843 1306 2069 1378 ἔμαθεν,
2094 1306 2218 1360 οὔτε
2241 1307 2533 1378 ἐχρήσατο.
2555 1308 2669 1360 Ούκ
2692 1302 2784 1360 οὖν
2798 1307 3101 1378 φιλοσόφων
3128 1309 3275 1379 μὲνὴ
3304 1307 3532 1377 εὐγλωτο

1840 1404 1933 1458 τία
1954 1403 2007 1469 δ,
2042 1404 2136 1457 καὶ
2160 1403 2369 1471 ἀνδρῶν
2399 1403 2457 1456 δέ
2494 1403 2705 1468 ἁπλῶς,
2739 1405 3041 1477 μειρακίων
3076 1405 3133 1459 δὲ
3163 1404 3469 1471 παιζόντων
3497 1406 3529 1476 ἠ

1844 1501 2148 1572 φιλοτιμία,
2177 1501 2253 1564 ὡς
2281 1500 2375 1555 καὶ
2409 1500 2597 1563 αὐτοῖς
2632 1503 2746 1564 τοῖς
2789 1501 3105 1571 φιλοσόφοις
3132 1502 3302 1569 δοκεῖ,
3331 1502 3390 1555 οὐ
3418 1503 3533 1564 τοῖς

1842 1595 2025 1660 ἀλλοις
2059 1594 2238 1666 μόνον,
2272 1593 2408 1647 ἀλλά
2426 1593 2521 1648 καὶ
2550 1592 2629 1663 τῷ
2650 1594 2871 1649 πάντων
2904 1596 3137 1668 μάλιστα
3167 1598 3225 1648 ἐν
3243 1596 3421 1667 τούτῳ
3444 1613 3536 1650 κε-

1843 1690 2143 1762 κρατηκότι
2157 1706 2170 1720 ·
2200 1689 2290 1743 τὸν
2307 1689 2417 1760 γάρ
2435 1688 2753 1743 διδάσκαλον
2774 1691 2874 1745 ούκ
2899 1691 3092 1761 ἀφίησι
3115 1692 3439 1764 κοσμεῖσθαι
3456 1692 3534 1764 τῷ

1844 1786 2154 1858 πράγματι,
2174 1785 2397 1856 αἰσχρὸν
2430 1785 2508 1855 τῷ
2536 1785 2810 1857 φιλοσόφῳ
2839 1786 2930 1840 τὸν
2960 1787 3168 1859 κόσμον
3200 1788 3393 1844 τοῦτον
3455 1784 3535 1842 εἴι-

1844 1897 1933 1935 ναι
1968 1883 2225 1952 νομίζων.
2269 1882 2431 1936 ’Δλλά
2452 1882 2625 1935 ταῦτα
2649 1882 2749 1952 μὲν
2779 1883 2855 1947 ώς
2889 1881 3026 1955 πρὸς
3056 1882 3288 1938 ἄπιστον
3308 1884 3534 1949 δικαίως

1844 1977 1911 2032 ἀν
1962 1995 2049 2042 τις
2094 1978 2259 2040 εἴποι,
2294 1979 2493 2047 μᾶλλον
2518 1979 2578 2032 δὲ
2610 1978 2863 2049 καὶπρὸς
2895 1981 3111 2035 πιστόν.
3140 1982 3267 2045 Πῶς
3295 1981 3406 2052 γὰρ
3432 1983 3535 2037 οὐκ

1846 2074 2070 2140 ἄτοπον,
2102 2076 2232 2130 ὅταν
2257 2077 2305 2130 οι
2339 2076 2438 2145 μὲν
2468 2076 2568 2145 τὴν
2592 2073 2744 2147 παρὰ
2772 2076 2883 2128 τῶν
2909 2076 3123 2130 πολλῶν
3157 2077 3317 2143 δόξαν
3359 2078 3536 2149 θηρώα

1851 2189 2023 2243 μενοι,
2063 2172 2157 2226 καὶ
2185 2172 2307 2225 οὐδὲ
2351 2170 2576 2225 ἄλλοθεν
2607 2171 2845 2241 φανῆναι
2877 2170 3188 2242 δυνάμενοι,
3223 2171 3336 2224 ἀλλ’
3366 2172 3399 2243 ἢ
3429 2174 3537 2227 ἀπὸ

1846 2268 1947 2338 τῆς
1966 2268 2167 2335 ἔξωθεν
2200 2268 2414 2337 σοφίας,
2444 2268 2610 2339 μηδὲν
2646 2268 2816 2338 αὐτὴν
2851 2263 2990 2321 εἶναι
3033 2269 3351 2337 νομίζωσιν.
3377 2269 3538 2338 ἡμεῖς

1846 2363 1902 2416 δὲ
1931 2362 2074 2416 οὓτω
2135 2362 2509 2433 θαυμάζωμεν
2539 2363 2635 2415 καὶ
2675 2361 3134 2433 ἐκπληττώμεθα,
3182 2361 3257 2426 ώς
3306 2362 3537 2416 καὶτῶν

1848 2458 2292 2532 ἀναγκαιοτάτων
2322 2458 2410 2512 διὰ
2433 2457 2639 2528 ταύτην
2664 2460 3063 2529 καταφρονεῖν;

1922 2558 2008 2610 ιϐ’.
2044 2556 2188 2628 Πρὸς
2224 2555 2321 2626 μὲν
2344 2550 2436 2609 οὖν
2454 2555 2544 2609 τὸν
2574 2555 2804 2609 ἄπιστον
2823 2554 2993 2608 ταῦτα
3012 2555 3193 2626 ἀρκεῖ,
3228 2556 3361 2626 πρὸς
3374 2554 3430 2608 δὲ
3446 2555 3539 2610 τὸν

1852 2654 2039 2707 πιστὸν
2075 2654 2170 2705 καὶ
2213 2650 2386 2705 ταῦτα
2429 2651 2522 2704 καὶ
2553 2649 2621 2704 τά
2652 2651 2782 2722 παρ’
2806 2650 2936 2719 ἡμῖν
2965 2648 3336 2718 ὑποδείγματα
3370 2650 3538 2718 ἀναγ-

1851 2754 2004 2804 καῖον
2030 2749 2319 2819 παράγειν.
2357 2748 2493 2800 Ποῖα
2520 2746 2585 2817 δὴ
2612 2746 2816 2809 ταύτας
2852 2745 2992 2808 Τοὺς
3025 2743 3295 2814 μεγάλους
3338 2743 3538 2814 ἄνδρας

1852 2848 1945 2899 καὶ
1964 2847 2151 2916 ἁγίους
2175 2845 2440 2909 ἐκείνους,
2456 2845 2582 2907 τοὺς
2601 2840 2873 2915 πρώτους,
2897 2842 2985 2893 ὅτε
3002 2840 3307 2911 γράμματα
3327 2841 3428 2894 οὒκ
3448 2836 3538 2911 ἦν,

1852 2947 1978 3009 τοὺς
2013 2947 2131 3017 μετ’
2161 2944 2423 3007 ἐκείνους,
2456 2942 2546 2996 ὅτε
2590 2942 2896 3012 γράμματα
2931 2939 3029 3009 μὲν
3049 2934 3138 3009 ἦν,
3190 2937 3455 3009 ἐμπειρία
3483 2937 3540 2989 δὲ

1853 3042 2026 3108 λόγων
2051 3041 2263 3095 οὐδέπω
2306 3040 2431 3102 τοὺς
2468 3037 2606 3109 μετὰ
2628 3037 2874 3099 τούτους,
2905 3037 2992 3088 ὅτε
3020 3035 3114 3088 καὶ
3141 3036 3447 3106 γράμματα
3472 3031 3541 3106 ἦν

1854 3140 1948 3192 καὶ
1971 3136 2234 3208 ἐμπειρία
2254 3135 2447 3203 λόγων.
2501 3134 2853 3204 Ἀμφοτέρων
2886 3130 2943 3183 δὲ
2980 3126 3121 3200 ἦσαν
3154 3130 3273 3182 τότε
3318 3133 3540 3204 ἄπειροι

1855 3237 2082 3289 ἐκεῖνοι·
2120 3233 2181 3286 ού
2212 3232 2370 3300 μόνον
2400 3231 2508 3300 γὰρ
2537 3233 2636 3299 τῆς
2677 3227 2786 3280 τῶν
2815 3227 2989 3294 λόγων
3027 3225 3384 3289 παιδεύσεως,
3403 3226 3541 3280 ἀλλὰ

1855 3330 1951 3384 καὶ
1970 3330 2140 3399 αὐτῆς
2168 3328 2264 3399 τῆς
2291 3327 2400 3380 τῶν
2422 3324 2767 3397 γραμμάτων
2824 3320 3118 3391 ἐμπειρίας
3171 3320 3330 3384 ἐκτὸς
3361 3317 3500 3393 ἦσαν
3523 3340 3537 3353 ο

1856 3424 1971 3480 ἀλλ’
2002 3424 2153 3495 ὅμως
2200 3424 2257 3476 ἐν
2287 3422 2471 3483 αὐτοῖς
2499 3417 2732 3480 τούτοις.
2760 3410 2841 3479 οἷς
2866 3416 3103 3487 μάλιστα
3138 3418 3171 3488 ἡ
3207 3416 3317 3469 τῶν
3366 3417 3542 3487 λόγων

1861 3521 2017 3592 ἰσχὺς
2055 3518 2329 3588 ἀναγκαία
2347 3513 2483 3571 εἶναι
2515 3516 2682 3578 δοκεῖ,
2723 3512 2863 3583 μετὰ
2912 3512 3183 3585 τοσαύτης
3222 3516 3542 3588 περιουσίας

1854 3619 1983 3682 τοὺς
2003 3620 2060 3671 ἐν
2093 3617 2232 3688 αὐτῇ
2250 3613 2587 3688 κρατοῦντας
2608 3611 2951 3683 παρήλασαν,
2969 3613 3044 3676 ώς
3066 3613 3269 3667 παίδων
3300 3615 3543 3685 ἀνοήτων

1858 3713 2054 3777 αὐτοὺς
2083 3708 2758 3783 φανῆναιχείρους.⁹ὐταν
2774 3706 2883 3779 γάρ
2903 3708 2964 3761 τὸ
2993 3707 3200 3761 πείθειν
3230 3709 3288 3760 ἐν
3319 3712 3427 3772 τοῖς
3451 3709 3543 3763 λό-

1857 3833 1976 3885 γοις
2097 3813 2192 3866 καὶ
2206 3814 2256 3866 οί
2288 3811 2386 3883 μὲν
2417 3809 2695 3879 φιλόσοφοι
2738 3806 2873 3879 μηδέ
2909 3807 3030 3871 ἐνὸς
3058 3796 3427 3875 περιγίνονται
3451 3826 3544 3860 τυ-

1864 3912 2091 3983 ράννου,
2108 3910 2153 3962 οἱ
2204 3908 2261 3961 δέ
2306 3907 2663 3977 ἀγράμματοι
2711 3904 2807 3957 καὶ
2836 3901 3041 3957 ἰδιῶται
3074 3903 3173 3972 τὴν
3217 3902 3542 3974 οἰκουμένην

1860 4004 2265 4077 ἐπιστρέφωσιν
2303 4001 2548 4065 ἅπασαν,
2579 3999 2803 4069 εὔδηλον
2832 3999 2913 4051 ὅτι
2944 3997 3097 4069 παρά
3129 3996 3343 4059 τούτοις
3370 3996 3439 4050 τά
3465 4015 3545 4049 νι-

1861 4101 2000 4173 κητή
2011 4118 2100 4172 ρια
2131 4098 2231 4162 τῆς
2257 4096 2599 4165 σοφίαςέστὶ,
2627 4096 2739 4157 τοῖς
2756 4094 3141 4165 ἀγραμμάτοις
3165 4093 3261 4147 κα).
3281 4090 3540 4155 ἰδιώταις,

1860 4200 1920 4252 ού
1946 4197 2076 4267 παρ’
2092 4193 2321 4255 ἐκείνοις
2335 4193 2450 4253 τοῖς
2468 4191 2535 4244 τὰ
2562 4191 2799 4260 ἑκάτερα
2820 4187 3266 4260 διηκριϐωκόσιν.
3299 4186 3486 4248 οὕτως
3507 4186 3541 4255 ὴ

1860 4291 2030 4352 ὅντως
2068 4286 2228 4356 σοφία
2273 4286 2366 4340 καὶ
2391 4286 2423 4356 ἠ
2452 4284 2621 4348 ὅντως
2653 4283 2938 4346 παίδευσις
2963 4283 3116 4336 οὐδὲν
3153 4280 3341 4350 ἔτερόν
3370 4282 3538 4343 ἐστιν,

1862 4386 1978 4440 ἀλλ’
2008 4386 2040 4458 ἦ
2070 4389 2098 4441 ὁ
2126 4385 2220 4439 τοῦ
2248 4384 2381 4437 Θεοῦ
2415 4382 2594 4453 φόϐος,
2622 4381 2730 4435 Καὶ
2755 4381 2829 4452 μή
2865 4381 2931 4451 μέ
2949 4398 3034 4443 τις
3071 4379 3345 4448 νομιζέτω
3377 4394 3541 4447 νομο-

1862 4481 2039 4535 θετεῖν
2083 4479 2315 4550 ἀμαθεῖς
2347 4478 2476 4541 τοὺς
2516 4476 2710 4539 παῖδας
2748 4475 2993 4545 γίνεσθαι
3016 4491 3030 4505 °
3064 4473 3179 4527 ἀλλ’
3215 4473 3268 4526 εῖ
3286 4490 3366 4534 τις
3401 4472 3539 4543 ὑπὲρ

1860 4579 1968 4632 τῶν
1981 4578 2294 4646 ἀναγκαίων
2326 4575 2554 4646 παρέχοι
2583 4573 2826 4643 θαρρεῖν.
2854 4571 2954 4623 οὐκ
2969 4570 3033 4623 ἂν
3055 4568 3279 4640 ἑλοίμην
3300 4567 3542 4622 κωλῦσαι

1862 4675 1956 4729 καὶ
1976 4674 2136 4728 τοῦτο
2155 4675 2218 4726 ἐκ
2232 4671 2547 4743 περιουσίας
2564 4667 2837 4737 γενέσθαι.
2861 4668 3073 4735 Ὥσπερ
3092 4664 3223 4736 γὰρ,
3252 4663 3360 4717 τῶν
3381 4663 3542 4734 θεμε-

1861 4771 1992 4824 λίων
2026 4767 2423 4839 σαλευομένων,
2458 4766 2552 4820 καὶ
2581 4765 2761 4832 πάσης
2776 4762 2875 4833 τῆς
2895 4761 3072 4822 οἰκίας
3101 4760 3196 4813 καὶ
3222 4760 3319 4829 τῆς
3338 4758 3539 4812 οἰκοδο-ι

1867 4868 1973 4939 μῆς
2006 4863 2422 4933 κινδυνευούσης
2483 4861 2847 4920 καταπεσεῖν,
2897 4856 3133 4926 ἐσχάτης
3198 4854 3383 4917 ἀνοίας
3444 4854 3540 4906 καὶ

1864 4960 2251 5032 παραπληξίας
2287 4957 2405 5011 ἐστὶ
2438 4955 2574 5028 πρὸς
2611 4954 2736 5017 τοὺς
2776 4952 3092 5018 κονιῶντας,
3125 4950 3258 5004 ἀλλά
3294 4949 3368 5021 μὴ
3401 4947 3540 5020 πρὸς

1860 5059 1987 5120 τοὺς
2008 5054 2422 5127 οίκοδομοῦντας
2449 5052 2683 5122 τρέχεινσ
2715 5048 2860 5103 οὕτω
2880 5048 3042 5104 πάλιν
3065 5047 3291 5117 ἀκαίρου
3314 5044 3540 5116 φιλονει-

1863 5146 2008 5207 κίας,
2026 5144 2136 5198 τῶν
2152 5143 2346 5213 τοίχων
2370 5138 2618 5194 ἑστώτων
2635 5136 2891 5207 ἀσφαλῶς
2918 5136 3010 5190 καὶ
3027 5134 3276 5207 βεϐαίως,
3302 5132 3537 5187 κωλύειν

1860 5230 1954 5285 τὸν
1984 5228 2303 5299 βουλόμενον
2334 5227 2541 5296 κονιᾷν.

1937 5314 2054 5388 [97]
2111 5314 2222 5369 Καὶ
2277 5314 2360 5367 ὅτι
2410 5312 2582 5367 ταῦτα
2642 5312 2752 5366 ἀπὸ
2787 5309 2966 5382 ψυχῆς
3009 5310 3180 5379 λέγω,
3241 5308 3385 5380 ἅπερ
3441 5307 3535 5361 ἐπὶ

1860 5403 1974 5458 τῶν
2014 5402 2192 5474 ἔργων
2231 5400 2613 5472 ἐπεδειξάμην,
2670 5399 2842 5454 ταῦτα
2885 5400 3012 5469 ὑμῖν
3051 5398 3381 5469 διηγήσομαι
3441 5396 3537 5450 καὶ

1864 5489 1982 5546 νῦν.
2020 5490 2161 5553 Νέος
2225 5505 2309 5552 τις
2348 5488 2544 5559 κομιδῇ
2588 5486 2840 5551 πλούσιος
2906 5485 2982 5540 ὢν
3038 5484 3353 5555 ἐπεδήμησέ
3406 5500 3538 5538 ποτε

1862 5582 1930 5650 τῇ
1988 5576 2141 5631 πόλει
2172 5578 2241 5647 τῇ
2272 5576 2522 5648 ἡμετέρα
2573 5576 2715 5630 κατά
2776 5574 2951 5643 λόγων
3007 5573 3291 5628 παίδευσιν
3343 5573 3537 5628 ἐκατέ-

1866 5683 1990 5738 ραν,
2046 5665 2148 5735 τήν
2194 5680 2257 5717 τε
2323 5663 2541 5717 Ἰταλῶν
2584 5664 2683 5735 τήν
2731 5680 2792 5716 τε
2823 5662 3113 5733 Ἑλλήνων.
3146 5657 3313 5727 Οὗτος
3361 5665 3390 5715 ὁ
3419 5662 3538 5727 νέος

1866 5751 2010 5825 εἶχεν
2038 5752 2438 5807 ἀκολουθοῦντα
2474 5750 2842 5820 παιδαγωγὸν,
2872 5750 2932 5803 ἒν
2968 5749 3128 5820 ἔργον
3150 5751 3342 5824 ἔχοντα
3371 5751 3540 5823 μόνον

1928 5876 1957 5916 ι
1982 5875 2089 5926 Duo
2113 5890 2226 5925 mss.
2257 5877 2499 5942 φιλοσόφῳ
2525 5878 2607 5938 μὲν
2628 5877 2756 5931 ἄξιον
2776 5879 2808 5936 ἡ
2827 5876 3105 5938 εὐγλωττία.
