4032 6416
456 286 562 346 569

455 402 801 459 διαπλάττειν
838 402 1002 457 αὑτοῦ
1059 402 1156 475 τὴν
1202 402 1401 474 ψυχήν.
1454 404 1643 473 Τούτῳ
1679 399 1992 473 προσελθὼν
2034 399 2145 468 ἐγὼ

459 486 539 560 τῷ
571 487 907 559 παιδαγωγῷ
942 487 1190 559 (καὶγὰρ
1214 486 1324 541 τῶν
1355 488 1413 539 ἐν
1450 487 1604 558 δρεσι
1637 482 1965 555 καθημένων
1988 481 2148 549 ἐτύγ-

464 590 629 643 χανεν
673 572 795 638 ῶν),
833 571 933 644 τήν
985 571 1257 643 πρόφασιν
1302 572 1623 644 ἐπεχείρουν
1665 568 1956 641 μανθάνειν
1981 567 2049 621 δι’
2078 567 2148 638 ἢν

461 655 718 727 τοιαύτης
752 656 1157 727 ἐπειλημμένος
1196 654 1386 723 σοφίας
1420 655 1500 718 εἰς
1526 653 1617 708 τὸν
1649 652 1757 706 τῶν
1779 651 2147 721 παιδαγωγῶν

465 738 579 810 βίον
603 740 841 810 καθῆκεν
862 739 1072 793 ἑαυτόν.
1114 740 1177 791 '0
1207 738 1263 791 δέ
1299 735 1495 809 μικρὸν
1530 735 1733 806 ἔφησεν
1765 733 1943 805 ἐαυτῷ
1964 734 2148 788 λείπε-

464 822 592 876 σθαι
638 824 827 894 χρόνον
861 824 920 875 ἐν
947 822 1140 889 τούτῳ,
1180 822 1276 875 καὶ
1307 821 1369 874 τὸ
1405 821 1514 874 πᾶν
1542 820 1675 891 ἡμῖν
1706 817 1914 873 ἀνωθεν
1952 817 2147 889 διηγή-

466 923 616 961 σατο.
641 906 732 977 Τῷ
760 909 870 979 γὰρ
894 907 1091 976 παιδίῳ
1114 905 1311 976 τούτῳ,
1340 904 1497 975 φησι,
1519 902 1704 974 πατὴρ
1729 902 1828 973 μέν
1847 903 1965 955 ἐστι
1987 902 2150 973 σκλη-

467 990 560 1062 ρὸς
601 992 699 1045 καὶ
726 992 958 1065 τραχὺς,
994 991 1087 1044 καὶ
1110 990 1245 1064 πρὸς
1270 990 1341 1044 τὰ
1365 988 1596 1057 βιωτικά
1622 990 1929 1061 πράγματα
1949 987 2150 1057 ἐπτοη-

468 1075 654 1145 μένος,
705 1081 890 1148 μήτηρ
933 1076 989 1128 δὲ
1026 1074 1222 1146 μετρία
1251 1075 1348 1128 zeal
1377 1073 1610 1146 σώφρων
1636 1075 1733 1126 zcal
1761 1070 2030 1141 ἐπιεικὴς,
2051 1068 2149 1122 καὶ⁸

461 1159 600 1232 πρὸς
616 1160 707 1214 τὸν
732 1158 960 1231 οὐρανὸν
992 1158 1263 1229 βλέπουσα
1296 1157 1476 1230 μόνον.
1506 1157 1746 1220 Ἐκεῖνος
1768 1154 1870 1227 μὲν
1905 1149 2021 1215 οῦν,
2051 1153 2147 1207 ἅτε

461 1248 557 1304 καὶ
586 1247 643 1297 ἐν
672 1242 931 1314 πολέμοις
963 1241 1136 1296 πολλά
1164 1239 1571 1313 κατωρθωκὼς,
1604 1239 1854 1310 βούλεται
1901 1238 1994 1291 τὸν
2031 1238 2148 1291 υἱὸν

460 1335 555 1388 ἐπὶ
593 1330 692 1402 τήν
723 1327 985 1400 πατρῴαν
1008 1327 1164 1392 τάξιν
1193 1327 1444 1395 ἀγαγεῖν,
1469 1326 1502 1397 ή
1533 1325 1593 1379 δὲ
1624 1326 1808 1397 μήτηρ
1839 1323 2011 1376 ταῦτα
2049 1322 2147 1393 μέν

1238 283 1297 341 S.
1336 284 1625 342 JOANNIS
1661 282 2123 340 CHRYSOSTUM

2267 283 2524 342 [{ClllEP.
2558 284 3110 345 CONSTANTINOP.

3829 293 3938 349 370

2252 400 2356 472 τὴν
2389 401 2490 472 μὲν
2524 402 2821 473 ἐπιθυμίαν
2862 403 2961 474 τῆς
2989 404 3305 475 φιλοσοφίας
3341 404 3547 478 ταύτης
3581 407 3611 448 1³
3653 406 3815 462 εἴασα
3840 409 3939 480 μέ-

2254 490 2392 548 νειν,
2424 484 2520 539 καὶ
2549 484 2802 538 ἐπέτεινα
2840 485 2896 538 δὲ
2928 486 3110 551 πλέον,
3131 489 3229 558 τὴν
3258 489 3315 541 δὲ
3345 489 3500 543 πόλιν
3529 493 3705 544 οἰκεῖν
3727 491 3939 561 ἠξίουν,

2252 569 2351 623 καὶ
2378 568 2482 639 τῆς
2505 569 2614 623 τῶν
2641 568 2817 638 λόγων
2839 569 3059 640 ἔχεσθαι
3094 572 3328 642 σπουδῆς
3345 591 3358 603 ·
3391 573 3534 626 οὕτω
3563 574 3674 644 γὰρ
3696 574 3793 628 καὶ
3815 574 3941 638 τοὺς

2252 652 2547 724 ἡλικιώτας
2569 654 2870 725 ὠφελήσειν
2888 653 2958 706 τά
2980 656 3235 725 μέγιστα,
3259 657 3465 710 καὶτὸν
3489 657 3705 726 πατέρα
3725 656 3939 727 λήσειν.

2262 738 2588 806 Ἀναγκαῖον
2641 737 2699 791 δέ
2742 737 2901 791 τοῦτο
2952 734 3090 791 εἶναι
3148 737 3420 809 ἐνόμιζον,
3484 739 3548 793 ού
3592 739 3703 793 τῶν
3764 740 3941 809 ἁγίων

2254 820 2413 891 μόνον
2460 820 2645 874 ἕνεκεν
2673 821 2917 882 ἐκείνων,
2943 822 3064 874 ούδέ
3090 822 3189 891 τῆς
3224 822 3451 894 μητρὸς,
3487 824 3612 878 οὐδὲ
3644 823 3746 878 τοῦ
3777 825 3944 879 παιδ-

2251 904 2473 973 αγωγοῦ
2503 948 2514 969 ,
2571 904 2707 958 ἀλλά
2757 905 2853 958 καὶ
2903 904 3069 960 αὐτοῦ
3125 904 3219 959 τοῦ
3270 905 3479 970 παιδός.
3534 907 3625 960 Ἐν
3654 909 3800 979 ἀρχῇ
3841 910 3942 979 μὲν

2250 988 2362 1061 γὰρ
2390 985 2718 1058 ἐπιθέμενον
2768 987 2917 1057 αὐτῷ
2962 999 2986 1028 ο
3025 986 3121 1042 τὸν
3167 988 3399 1060 πατέρα,
3455 989 3551 1043 καὶ
3595 989 3937 1044 διασαλεύειν

2251 1069 2399 1133 είκδς
2426 1066 2495 1140 ἦν
2520 1070 2592 1123 τά
2618 1070 2718 1141 τῆς
2749 1070 3068 1139 φιλοσοφίας
3113 1071 3277 1141 φυτὰ,
3324 1071 3512 1125 ἁπαλά
3556 1090 3618 1126 τε
3664 1071 3797 1127 ὄντα
3842 1075 3931 1128 καὶ

2249 1154 2376 1226 ἄρτι
2408 1153 2667 1208 τεθέντα*
2696 1156 2746 1208 εί
2777 1153 2833 1207 δέ
2861 1155 3054 1226 χρόνος
3078 1155 3372 1224 ἐγγένηται
3409 1155 3598 1219 πολὺς,
3644 1157 3747 1210 καὶ
3774 1155 3925 1229 ῥιζωο

2251 1239 2373 1309 θείη
2426 1240 2631 1303 καλῶς,
2674 1240 2885 1313 σφόδρα
2920 1239 3190 1311 ἐθάρρουν
3231 1240 3316 1294 ὅτι
3353 1240 3457 1293 οὐκ
3494 1239 3561 1294 ἂν
3602 1240 3717 1294 οὐδ’
3758 1241 3928 1294 ὁτιοῦν

2249 1323 2474 1393 γένηται
2508 1323 2800 1394 δυνήσεται
2843 1323 3200 1395 παραϐλὰψαι
3251 1323 3346 1377 τὸν
3388 1324 3505 1376 υἱὸν
3538 1325 3785 1388 ἐκεῖνος’
3817 1323 3850 1377 ὃ
3872 1325 3937 1396 δὴ

455 1418 585 1472 οὔτε
603 1409 1307 1504 βούλεται,οῠτεΑέπιθυμεῖ,
1324 1407 1464 1504 ἀλλὰ
1477 1408 1573 1504 καλ
1601 1407 1806 1504 σφόδρα
1821 1406 2206 1504 ἀπεύχετοιν(
2248 1408 2341 1460 καὶ
2363 1408 2582 1504 γέγοῖεο
2614 1408 2725 1502 ,καὶ
2755 1408 3165 1504 οὺΑδξήιμαίζτον
3206 1408 3311 1477 τῆς
3364 1407 3604 1504 έξπίδοςο
3655 1408 3937 1504 Ὂςεὶτάρ

459 1500 679 1572 εὔχεται
704 1497 762 1551 δέ
795 1496 889 1551 καὶ
913 1494 1174 1565 ἐπιθυμεῖ
1205 1494 1460 1566 λαμπρὸν
1502 1493 1664 1547 αὑτὸν
1695 1493 1825 1546 ἰδεῖν
1844 1494 1904 1545 ἐν
1937 1494 2006 1562 τῇ
2035 1490 2187 1543 τιῖιν““

462 1582 716 1655 μοναχῶν
742 1579 1008 1652 πολιτείᾳ.
1037 1578 1199 1633 Ἀλλά
1219 1578 1390 1633 ταῦτα
1410 1578 1511 1648 μὲν
1540 1577 1680 1649 πρὸς
1706 1576 1798 1630 τὸν
1831 1576 2044 1645 πατέρα
2067 1576 2147 1627 εί-

457 1672 582 1723 πεῖν
605 1670 706 1723 οὐκ
739 1666 1037 1736 ἐτόλμησεν
1058 1681 1071 1694 ο
1102 1662 1358 1717 ἐδεδοίκει
1387 1661 1498 1733 γὰρ
1538 1662 1613 1733 μή
1653 1677 1785 1713 ποτε
1824 1658 1957 1712 αὐτὸ
1984 1657 2145 1712 τοῦτο

456 1751 810 1822 ὑφορώμενος
831 1750 1058 1811 ἐκεῖνος,
1091 1744 1201 1817 πρὸ
1227 1745 1376 1816 ὥρας
1402 1744 1563 1798 αὐτὸν
1589 1744 1689 1816 ’ήδη
1720 1742 2001 1814 καταδήσῃ
2030 1745 2144 1805 τοῖς

454 1835 548 1888 τοῦ
602 1834 719 1906 βίον
775 1832 1051 1904 σχοινίοις,
1097 1830 1195 1884 καὶ
1241 1828 1447 1900 ταύτης
1492 1829 1656 1882 αὑτὸν
1692 1827 2011 1897 ἀποστήσας
2043 1827 2143 1900 τῆς

455 1919 715 1990 σπουδῆς,
750 1918 843 1971 ἐπὶ
876 1916 976 1986 τὴν
1007 1913 1186 1984 ζώνην
1213 1912 1435 1983 ἀγάγοι,
1467 1913 1563 1966 καὶ
1595 1913 1694 1982 τὴν
1722 1911 1780 1978 ἐξ
1807 1911 2024 1981 ἐκείνης
2053 1912 2145 1983 ρᾳ-

457 2001 660 2072 θυμίαν
686 2001 930 2060 ἃπασαν,
954 2000 1051 2051 καὶ
1078 1996 1336 2051 ἀδύνατον
1363 1994 1514 2065 αὐτῴ
1537 1995 1638 2064 τήν
1676 1994 1813 2064 μετὰ
1841 1994 2017 2057 ταῦτα
2040 2012 2142 2047 κα-

453 2081 1109 2154 τασκευάσῃοδιόρθωσιν.
1149 2079 1375 2150 Ἑτέραν
1402 2077 1462 2132 δέ
1490 2094 1612 2131 τινα
1643 2077 1926 2149 συντίθησι
1960 2094 2141 2149 μηχα-

455 2168 592 2238 νήν’
647 2165 929 2219 καλέσασα
982 2162 1093 2233 γάρ
1141 2179 1211 2232 με
1263 2161 1423 2225 οἴκοι,
1460 2161 1558 2214 καὶ
1594 2159 1769 2213 ταῦτα
1810 2160 1988 2214 πάντα
2022 2176 2141 2213 κοι-

455 2247 772 2319 νωσαμένη.
807 2246 904 2300 καὶ
945 2246 1042 2300 τοῦ
1084 2244 1302 2300 παιδίου
1351 2243 1596 2298 λαϐοῦσα
1634 2242 1732 2313 τὴν
1776 2240 1979 2309 δεξιὰν,
2019 2244 2142 2307 ταῖς

455 2334 616 2404 ἐμαῖς
645 2330 890 2402 ἐντίθησι
914 2329 1120 2402 χερσίν.
1164 2329 1255 2392 Ὠς
1279 2327 1336 2383 δὲ
1373 2326 1603 2400 ἠρώτων
1625 2326 1770 2389 τίνος
1799 2326 1985 2381 ἐνεκεν
2008 2324 2142 2380 ταῦ-

454 2436 525 2472 τα
563 2418 724 2480 ποιεῖ,
776 2416 904 2485 μίαν
951 2413 1155 2486 ταύτην
1210 2413 1396 2483 ἔλεγεν
1452 2408 1838 2464 ὑπολείπεσθαι
1891 2411 2141 2481 μηχανὴν

454 2504 588 2573 ἡμῖν
630 2500 768 2571 πρὸς
795 2500 895 2571 τὴν
927 2497 1020 2552 τοῦ
1048 2497 1240 2562 παιδὸς
1270 2496 1568 2568 σωτηρίαν,
1620 2496 1669 2549 εἰ
1711 2493 2032 2566 βουληθείην
2079 2511 2140 2548 τε

454 2586 550 2639 καὶ
584 2583 921 2657 ἀνασχοίμην
942 2585 1001 2635 ἐν
1043 2579 1196 2647 τάξει
1229 2578 1582 2650 παιδαγωγοῦ
1610 2580 1672 2633 τὸ
1711 2579 1926 2633 παιδίον
1956 2578 2139 2633 λαϐὼν

394 2674 403 2687 ‘
453 2668 628 2722 ἐλθεῖν
656 2666 870 2721 ἐνθάδεσ
902 2667 1113 2719 πείσειν
1141 2663 1253 2737 γάρ
1294 2664 1466 2735 αὐτὴν
1505 2663 1600 2717 τὸν
1652 2663 1889 2734 πατέρα,
1934 2662 2011 2726 ώς
2044 2662 2140 2716 καὶ

452 2752 545 2805 τὸν
595 2748 986 2820 στρατιωτικὸν
1029 2747 1270 2818 ἑλομένῳ
1297 2746 1411 2817 βίον
1435 2746 1705 2817 χρήσιμος
1736 2744 1888 2815 αύτῷ
1915 2745 2026 2798 τῶν
2047 2744 2139 2798 λό-

452 2850 568 2903 γων
602 2834 636 2904 ή
673 2832 977 2897 παίδευσις.
1014 2831 1112 2882 Ἂν
1143 2826 1237 2884 οῦν
1274 2828 1434 2883 τοῦτο
1466 2828 1681 2899 ἰσχῦσαι
1712 2827 1947 2897 δυνηθῶ,
1980 2826 2137 2899 φησι,

454 2915 771 2986 καταμόνας
809 2913 973 2966 αὐτὸν
1005 2912 1146 2984 ἔχων
1175 2913 1363 2967 λοιπὸν
1407 2911 1501 2966 ἐπὶ
1532 2912 1636 2981 τῆς
1671 2911 1979 2984 ἀλλοτρίας,
2011 2910 2138 2966 οὔτε

455 2997 554 3051 τοῦ
585 2996 793 3070 πατρὸς
827 2994 1191 3067 ἐνοχλοῦντος,
1243 2994 1368 3049 οὔτε
1403 2994 1513 3049 τῶν
1554 2995 1773 3049 οἰκείων
1801 2997 1967 3060 τινὸς,
1999 2997 2141 3068 μετά

456 3080 660 3152 πολλῆς
720 3079 879 3134 αὑτὸν
917 3082 1017 3153 τῆς
1077 3079 1325 3145 ἐξουσίας
1391 3079 1687 3135 διαπλάσαι
1745 3080 1946 3153 δυνήσῃ
1972 3122 1986 3147 ,
2042 3081 2138 3136 καὶ

457 3165 713 3236 καθάπερ
748 3167 805 3218 ἐν
850 3164 1202 3236 μοναστηρίῳ
1232 3164 1524 3234 διάγοντα,
1569 3163 1712 3219 οὕτω
1743 3167 1969 3238 ποιῆσαι
2014 3165 2135 3237 ζῇν.

468 3250 607 3303 Ἀλλ’
637 3250 921 3303 ἐπίνευσον
940 3248 1036 3303 καὶ
1063 3249 1301 3319 ὑπόσχου
1329 3248 1394 3302 τὸ
1425 3251 1923 3322 συνυποκρίνασθαί
1951 3268 2042 3323 μοι
2075 3251 2139 3306 τὸ

454 3334 652 3404 δρᾶμα,
682 3333 799 3386 Οὐκ
816 3332 963 3385 ἐστιν
991 3331 1131 3404 ὑπὲρ
1152 3331 1258 3384 τῶν
1282 3332 1556 3403 τυχόντων
1578 3334 1607 3387 6
1635 3333 1792 3403 λόγος
1814 3335 1936 3405 ἐμοί
1952 3350 1967 3363 ·
1995 3335 2139 3407 ὑπὲρ

454 3418 553 3489 τῆς
584 3416 677 3470 τοῦ
717 3416 930 3469 παιδίου
969 3432 1071 3485 μου
1102 3415 1280 3487 ψυχῆς
1309 3416 1338 3469 6
1365 3415 1516 3485 ἀγὼν
1551 3416 1646 3470 zcal
1680 3419 1709 3471 6
1748 3419 2013 3483 κίνδυνος.
2044 3421 2136 3494 Μὴ

455 3503 520 3573 δὴ
565 3499 814 3571 περιίδῃς
866 3498 957 3553 τὸν
1000 3497 1218 3553 πάντων
1265 3501 1390 3571 ἐμοὶ
1433 3500 1688 3570 φίλτατον
1735 3502 2133 3571 κινδυνεύοντα,

454 3585 569 3639 ἀλλ’
597 3584 904 3657 ἐξάρπασον
945 3581 1108 3637 αὑτὸν
1143 3582 1246 3654 ήδη
1277 3582 1387 3638 τῶν
1429 3584 1695 3639 πάντοθεν
1737 3587 2138 3658 περικειμένων

456 3668 605 3740 αὐτῷ
631 3667 845 3736 παγῶν,
874 3667 975 3737 τῆς
1015 3665 1204 3737 ζάλης,
1240 3665 1336 3719 τοῦ
1378 3666 1693 3722 κλυδωνίου.
1738 3670 1801 3721 Εἰ
1835 3668 1891 3722 δέ
1932 3672 1995 3724 οὐ
2043 3670 2135 3723 θέ-

454 3754 566 3819 λεις
611 3753 795 3807 δοῦναι
818 3751 918 3824 τὴν
947 3752 1128 3823 χάριν,
1168 3750 1259 3804 τὸν
1291 3749 1424 3803 Θεόν
1450 3751 1552 3821 ἤδη
1580 3751 1734 3804 καλῶ
1765 3754 1930 3822 μέσον
1953 3753 2133 3825 ήμῶν,

454 3839 550 3893 καὶ
592 3834 942 3909 μαρτύρομαι
967 3835 1048 3887 ὅτι
1082 3831 1195 3902 ἐγὼ
1228 3832 1326 3902 μὲν
1355 3832 1506 3888 ούδέν
1527 3833 1773 3889 ἐνέλιπον
1791 3836 1899 3890 τῶν
1929 3840 2009 3902 εἰς
2034 3838 2137 3908 τὴν

458 3920 731 3992 σωτηρίαν
767 3919 867 3990 τῆς
897 3917 1089 3970 τούτου
1130 3916 1311 3987 ψυχῆς
1336 3915 1600 3987 ἡκόντων.
1629 3917 1742 3972 ἀλλ’
1773 3919 1891 3990 εἰμὶ
1916 3920 2136 3992 καθαρά

455 4004 565 4057 ἀπὸ
599 4002 693 4056 τοῦ
728 4002 960 4071 αἵματος
990 3998 1086 4052 τοῦ
1119 3998 1330 4054 παιδίου
1357 3998 1579 4052 τούτουο
1629 4001 1679 4053 εί
1716 4000 1774 4054 δέ
1802 4004 2041 4074 συμϐαίη
2080 4022 2133 4058 τι

456 4088 646 4143 παθεῖν
674 4086 855 4152 αὐτὸν,
880 4081 992 4139 οἷον
1019 4083 1167 4148 εἰκὸς
1184 4084 1302 4138 νέον
1322 4083 1451 4138 ίὂντα
1479 4085 1572 4138 καὶ
1602 4086 1660 4140 ἐν
1684 4085 1922 4161 τοσαύτῃ
1953 4087 2134 4151 ζῶντα

453 4174 635 4244 τρυφῇ
661 4164 1046 4241 καῖρᾳθυμίᾳ,
1071 4167 1181 4222 ἀπὸ
1213 4166 1307 4221 σοῦ
1345 4167 1439 4221 καὶ
1473 4167 1582 4221 τῶν
1616 4167 1725 4221 σῶν
1755 4171 1955 4242 χειρῶν
1989 4173 2132 4228 κατά

454 4257 553 4328 τὴν
580 4256 795 4328 ἡμέραν
835 4253 1051 4323 ἐκείνην
1094 4250 1386 4323 ἐκζητήσει
1420 4252 1513 4306 τοῦ
1552 4252 1767 4307 παιδίου
1812 4254 2003 4309 τούτου
2033 4257 2132 4329 τὴν

452 4342 631 4411 ψυχὴν
659 4341 687 4392 6
721 4339 874 4402 Θεός.
909 4336 1094 4391 Ταῦτα
1127 4336 1222 4391 καὶ
1244 4335 1315 4388 τὰ
1343 4335 1546 4390 τούτων
1583 4336 1807 4393 πλείονα
1832 4340 2134 4412 προσθεῖσα

455 4428 693 4496 ῥήματα,
727 4423 820 4474 καὶ
844 4419 1160 4491 δακρύσασα
1202 4418 1447 4490 σφοδρῶς
1478 4419 1573 4472 καὶ
1606 4421 1875 4486 ἐλεεινῶς,
1914 4422 2132 4478 ἔπεισεν

453 4503 810 4570 ἀναδέξασθαί
874 4521 941 4574 με
999 4502 1204 4573 ταύτην
1248 4502 1346 4571 τὴν
1396 4504 1799 4574 πραγματείαν,
1843 4507 1939 4558 καὶ
1990 4507 2129 4578 μετὰ

451 4590 659 4645 τούτων
709 4585 985 4656 ἐξέπεμψε
1047 4584 1156 4637 τῶν
1210 4583 1456 4639 ἐντολῶν.
1489 4587 1601 4639 Καὶ
1640 4586 1702 4639 οὐ
1735 4589 1960 4657 γέγονεν
1989 4592 2125 4664 αὐτῇ

457 4671 746 4745 μάταιοςή
783 4669 1030 4739 μηχανή”
1075 4666 1188 4719 ἀλλ’
1245 4664 1418 4730 οὕτως
1474 4670 1533 4721 ἐν
1588 4668 1783 4741 βραχεῖ
1827 4671 2004 4743 χρόνῳ
2032 4673 2129 4725 τὸν

453 4757 572 4829 [98]
627 4755 792 4808 παῖδα
837 4752 1026 4806 τοῦτον
1073 4751 1102 4803 ὁ
1159 4752 1407 4819 γενναῖος
1463 4753 1671 4818 ἐκεῖνος
1736 4755 1967 4825 ήσκησε,
2033 4757 2129 4810 καὶ

450 4838 702 4894 τοσοῦτον
724 4834 874 4906 αὐτῷ
899 4834 998 4902 τῆς
1028 4833 1321 4905 ἐπιθυμίας
1349 4833 1553 4905 ταύτης
1593 4835 1765 4907 ἀνῆψε
1793 4836 1853 4890 τὸ
1892 4838 2022 4910 πῦρ,
2052 4838 2130 4901 ὡς

450 4924 647 4994 ἀθρόον
669 4921 885 4976 ἅπαντα
910 4919 1080 4989 ῥῖψαι,
1107 4919 1200 4972 καὶ
1230 4919 1322 4972 ἐπὶ
1356 4917 1454 4989 τὴν
1489 4918 1695 4990 ἔρημον
1737 4920 1988 4992 δραμεῖν,
2031 4922 2128 4975 καί⁷

451 5010 639 5079 ἐτέρου
673 5002 877 5058 δεῖσθαι
902 5000 1115 5072 χαλινοῦ
1140 5002 1301 5056 πάλιν
1339 5002 1433 5056 τοῦ
1463 5002 1829 5074 δυνησομένου
1868 5005 2004 5077 πρὸς
2027 5006 2126 5078 τὴν

452 5092 764 5161 σύμμετρον
795 5085 956 5140 αὑτὸν
995 5085 1226 5155 ἄσκησιν
1270 5086 1377 5139 ἀπὸ
1405 5087 1505 5158 τῆς
1535 5088 1932 5160 ἐπιτεταμένης
1960 5107 2127 5159 μετα-

452 5174 685 5247 στρέψαι
717 5184 743 5211 a
785 5170 1020 5237 ἐκείνης.
1063 5169 1174 5222 Καὶ
1215 5168 1324 5239 γὰρ
1368 5166 1437 5242 ῆν
1492 5169 1631 5235 δέος,
1688 5171 1762 5242 μὴ
1813 5174 1879 5242 τῇ
1920 5174 2122 5245 σπουδῇ

447 5260 623 5332 ταύτῃ
658 5255 763 5328 πρὸ
791 5252 982 5325 καιροῦ
1018 5254 1077 5305 τὸ
1108 5253 1291 5323 δρᾶμα
1326 5253 1703 5323 ἀποκαλύψας,
1731 5255 1824 5308 καὶ
1855 5258 1921 5328 τῇ
1956 5259 2126 5328 μητρί

450 5347 546 5401 καὶ
576 5342 655 5413 τῷ
680 5335 1034 5406 παιδαγωγῷ,
1077 5336 1172 5390 καὶ
1206 5339 1317 5398 τοῖς
1354 5337 1628 5408 πανταχοῦ
1671 5342 1923 5410 μοναχοῐς
1970 5341 2127 5394 πόλε-

456 5444 554 5499 μον
584 5423 774 5496 ἐγείρῃ
810 5420 1062 5492 χαλεπόν.
1102 5419 1166 5472 Εἰ
1197 5418 1308 5489 γὰρ
1342 5419 1539 5490 ⁴ᾔσθετο
1569 5420 1775 5491 ταύτης
1818 5422 1918 5492 τῆς
1947 5426 2125 5495 φυγῆς

451 5510 479 5560 6
517 5507 721 5577 πατὴρ,
762 5506 864 5557 οὐκ
903 5504 969 5558 ἂν
1001 5502 1212 5574 ἀπέστη
1253 5502 1433 5555 πάντα
1466 5503 1654 5566 κινῶν,
1680 5502 1821 5558 ὥστε
1851 5505 2123 5562 ἀπελάσαι

448 5590 576 5651 τοὺς
614 5589 806 5654 ἁγίους
836 5587 1100 5652 ἐκείνους,
1142 5586 1263 5658 οὐχὶ
1293 5586 1421 5652 τοὺς
1460 5586 1897 5659 ὑποδεξαμένους
1930 5591 2119 5662 μόνον,

451 5668 587 5723 ἀλλὰ
615 5670 708 5723 καὶ
737 5671 863 5733 τοὺς
902 5670 1097 5733 ἀλλους
1122 5669 1391 5733 ἅπαντας.
1428 5668 1631 5723 Τοῦτον
1659 5671 1840 5726 τοίνυν
1878 5672 1990 5741 ἐγὼ
2030 5675 2121 5731 τὸν

451 5754 617 5807 παῖδα
660 5752 861 5818 λαϐὼν,
894 5755 991 5807 καὶ
1012 5754 1185 5807 ταῦτα
1218 5754 1314 5808 καὶ
1346 5754 1417 5809 τά
1439 5753 1645 5809 τούτων
1670 5753 1892 5809 πλείονα
1920 5757 2113 5823 είπὼν,

512 5877 539 5909 ⁸
562 5875 643 5924 Sic
663 5875 759 5924 duo
781 5889 891 5923 mss.
920 5877 1047 5926 Ealili
1075 5891 1193 5927 vero
1225 5879 1539 5944 ἀποστρέψαι,
1564 5878 1723 5928 minus
1745 5882 2017 5931 commode.

2246 1490 2428 1561 πατὴρ
2476 1491 2643 1544 αὑτοῦ
2679 1490 3004 1561 προσϐαλὼν
3050 1490 3280 1565 ὕστερον
3323 1491 3521 1563 χρόνον
3572 1490 3938 1563 παρελθόντος

2245 1573 2466 1638 πολλοῦ,
2508 1575 2603 1629 καὶ
2630 1574 2772 1646 μετά
2810 1577 3047 1647 σφοδρᾶς
3085 1575 3335 1638 ἐνσείσας
3376 1575 3478 1645 τῆς
3508 1574 3712 1647 ῥύμης,
3743 1576 3807 1628 ού
3843 1575 3940 1644 μό·

2243 1674 2333 1710 νον
2364 1658 2464 1711 οὐκ
2490 1657 2666 1711 ἐκλινέ
2704 1675 2759 1712 τι
2790 1660 2890 1730 τῆς
2929 1659 3237 1730 οἰκοδομῆς,
3279 1657 3415 1712 ἀλλά
3446 1659 3540 1712 καὶ
3574 1658 3939 1729 ἰσχυροτέραν

2243 1741 2497 1811 ἀπέφηνε
2516 1758 2530 1772 ο
2569 1741 2676 1796 τῶν
2714 1760 2772 1796 τε
2799 1743 3224 1814 συμφοιτῶντων
3252 1742 3279 1783 ἀ
3307 1742 3459 1813 αὐτῷ
3487 1743 3671 1796 πολλοὶ⁵
3690 1742 3938 1797 τοσαῦτα

2241 1822 2342 1891 τῆς
2376 1823 2594 1894 ὁμιλίας
2623 1824 2909 1879 ἀπώναντο
2937 1825 3037 1896 τῆς
3079 1825 3312 1889 ἐκείνου,
3347 1823 3424 1888 ὡς
3461 1824 3599 1893 πρὸς
3631 1823 3724 1875 τὸν
3768 1824 3938 1879 αὑτὸν

2242 1901 2396 1973 αύτῷ
2463 1896 2637 1974 ζῆλον
2679 1904 2876 1958 ἐλθεῖν.
2928 1906 3109 1975 Ἔχων
3157 1902 3266 1975 γὰρ
3305 1906 3446 1958 οίκοι
3499 1902 3796 1967 διαπαντὸς
3839 1904 3935 1959 τδν

2247 1982 2604 2054 ῥυθμίζοντα,
2662 1983 2914 2056 καθάπερ
2957 1983 3180 2055 ἄγαλμα
3210 1983 3453 2053 συνεχῶς
3504 1983 3783 2037 ἀπολαῦον
3830 1984 3934 2054 τῆς

2240 2061 2335 2114 τοῦ
2406 2063 2652 2132 τεχνίτου
2711 2063 2925 2137 χειρὸς,
2968 2062 3114 2117 οῦτω
3159 2063 3480 2135 προσθήκην
3533 2063 3657 2117 καθ’
3686 2062 3935 2135 ἑκάστην

2241 2139 2456 2212 ἡμέραν
2497 2141 2770 2212 ἐλάμϐανε
2816 2141 2912 2196 τοῦ
2946 2142 3091 2197 κατὰ
3119 2142 3299 2215 ψυχὴν
3333 2142 3587 2207 κάλλους.
3631 2144 3745 2197 Καὶ
3771 2143 3836 2197 τὸ
3867 2144 3932 2217 δή

2241 2219 2574 2290 θαυμαστὸν,
2608 2221 2714 2287 ἔξω
2754 2220 2854 2292 μὲν
2883 2222 3231 2292 φαινόμενος,
3265 2221 3416 2276 οὐδὲν
3441 2222 3722 2295 διαφέρειν
3750 2222 3932 2278 ἐδόκει

2241 2299 2352 2354 τῶν
2382 2300 2591 2353 πολλῶν
2616 2317 2629 2331 ·
2667 2299 2792 2353 οὔτε
2821 2300 2931 2373 γὰρ
2957 2297 3090 2373 ἦθος
3121 2295 3268 2372 εἶχεν
3302 2302 3646 2373 ἠγριωμένον
3673 2304 3771 2357 καὶ
3796 2320 3932 2357 κατ-

2238 2380 2541 2450 εσκληκδς,
2592 2378 2716 2433 οῦτε
2756 2380 3165 2453 ἐξηλλαγμένην
3235 2381 3446 2452 στολὴν,
3488 2381 3603 2435 ἀλλ’
3646 2378 3715 2453 ἦν
3749 2383 3929 2445 κοινὸς

2239 2460 2338 2513 καὶ
2361 2459 2440 2530 τῷ
2464 2459 2704 2530 σχήματι
2739 2461 2833 2513 καὶ
2864 2460 2942 2531 τῷ
2978 2460 3252 2531 βλέμματι
3283 2461 3381 2515 καὶ
3406 2464 3473 2533 τῇ
3510 2464 3662 2533 φωνῇ
3697 2463 3794 2515 καὶ
3811 2466 3927 2525 τοῖς

2237 2539 2421 2602 ἄλλοις
2447 2539 2671 2593 ἅπασιν.
2708 2539 2872 2593 Ὅθεν
2908 2541 3005 2594 καὶ
3038 2539 3270 2605 πολλοὺς
3307 2540 3417 2593 τῶν
3455 2541 3792 2611 ὁμιλούντων
3827 2543 3926 2596 a6—

2236 2619 2318 2689 τῷ
2346 2620 2480 2673 εἵσω
2524 2618 2639 2673 τῶν
2688 2620 2857 2674 αὑτοῦ
2899 2620 3134 2675 δικτύων
3178 2621 3420 2693 ἠδυνήθη
3466 2621 3675 2682 λαϐεῖν.
3721 2622 3924 2693 πολλὴν

2238 2698 2388 2752 ἔνδον
2425 2698 2565 2768 ἔχων
2602 2700 3060 2772 ἐγκεκρυμμένην
3086 2700 3187 2771 τὴν
3215 2701 3556 2770 φιλοσοφίαν.
3599 2702 3753 2756 Οίκοι
3789 2701 3847 2757 δέ
3874 2705 3926 2757 εί

2237 2794 2324 2841 τις
2345 2777 2512 2831 αὑτὸν
2543 2773 2705 2840 εἶδεν.
2737 2779 2990 2849 ἐνόμισεν
3017 2780 3083 2834 ἄν
3109 2797 3232 2834 τινα
3254 2777 3396 2835 εἶναι
3415 2780 3524 2834 τῶν
3553 2782 3613 2834 ἐν
3636 2785 3748 2847 τοῖς
3771 2782 3921 2853 δρεσι

2237 2856 2598 2928 καθημένων·
2644 2860 2739 2912 καὶ⁵
2780 2859 2891 2931 γὰρ
2942 2861 2976 2931 ή
3023 2858 3172 2913 οίκεα
3227 2858 3381 2930 αύτῷ
3427 2859 3567 2933 πρὸς
3630 2861 3918 2933 ἀκρίϐειαν

2241 2937 2608 3007 μοναστηρίου
2647 2938 2849 3002 παντὸς
2889 2938 3155 3001 διέκειτο,
3198 2939 3350 2994 ούδέν
3380 2937 3581 3011 ἔχουσα
3606 2940 3717 2994 τῶν
3749 2942 3917 3010 ἀναγ-

2237 3018 2410 3072 καίων
2439 3017 2622 3074 πλέον.
2666 3019 2778 3072 Kal
2804 3021 2832 3074 6
2860 3019 3052 3091 καιρὸς
3076 3019 3132 3074 δὲ
3160 3018 3313 3090 αὐτῷ
3356 3020 3502 3086 ἄπας
3532 3022 3616 3086 είς
3646 3020 3747 3091 τὴν
3791 3022 3917 3076 ἀνά-

2234 3115 2443 3166 γνωσιν.
2477 3097 2589 3153 τῶν
2628 3097 2800 3167 ἁγίων
2826 3098 3150 3170 ἀνηλίσκετο
3184 3097 3406 3166 βιϐλίων
3452 3111 3477 3140 ο
3498 3114 3515 3130 °
3556 3100 3653 3154 καὶ
3695 3100 3805 3170 γὰρ
3840 3100 3914 3154 ὣν

2235 3177 2364 3245 ὀξὺς
2406 3178 2706 3250 μαθήματα
2746 3177 3099 3249 προσλαϐεῖν,
3148 3180 3216 3250 τῇ
3260 3179 3361 3249 μὲν
3396 3178 3599 3246 ἔξωθεν
3635 3179 3914 3235 παιδεύσει

2238 3257 2414 3329 βραχὺ
2446 3259 2547 3328 τῆς
2573 3257 2788 3330 ἡμέρας
2820 3257 3085 3328 ἀπένειμε
3129 3258 3325 3330 μέρος,
3356 3259 3417 3313 τὸ
3440 3259 3503 3312 δὲ
3538 3259 3729 3313 λοιπὸν
3771 3260 3914 3315 ἅπαν

2235 3338 2420 3409 εὐχαῖς
2441 3338 2686 3408 συνεχέσι
2712 3337 2807 3390 καὶ
2832 3336 3058 3407 βιϐλίοις
3095 3337 3344 3394 ἀνέκειτο
3379 3338 3561 3402 θείοις,
3597 3341 3693 3393 καὶ
3734 3340 3913 3405 ἄσιτος

2236 3417 2456 3471 ἃπασαν
2479 3417 2708 3471 διετέλει
2738 3418 2838 3488 τήν
2866 3417 3104 3489 ἡμέραν,
3132 3417 3332 3489 μᾶλλον
3364 3419 3422 3474 δὲ
3454 3418 3574 3473 οὐδὲ
3603 3419 3759 3489 μίαν,
3795 3420 3911 3475 οὐδὲ

2234 3497 2328 3553 δύο
2376 3497 2555 3568 μόνον,
2596 3496 2732 3552 ἀλλά
2753 3496 2849 3551 καὶ
2872 3496 3112 3562 πλείους.
3140 3496 3246 3553 Kal
3273 3497 3470 3564 νύκτες
3487 3499 3543 3554 δέ
3568 3500 3719 3572 αὐτῷ
3742 3500 3914 3555 ταῦτα

2237 3576 2556 3649 συνῄδεσαν,
2587 3576 2820 3647 δάκρυα,
2847 3577 2940 3629 καὶ
2972 3576 3160 3648 εὐχὰς,
3195 3578 3291 3632 καὶ
3335 3579 3436 3651 τὴν
3472 3579 3738 3651 τοιαύτην
3786 3580 3915 3634 ἀνά-

2233 3671 2458 3723 γνωσιν.
2489 3657 2670 3728 Ἀπερ
2689 3659 2823 3727 ἡμῖν
2849 3656 3065 3733 ἀπαντα
3096 3657 3115 3695 ί
3139 3660 3169 3712 6
3203 3656 3323 3730 [99]
3353 3658 3701 3728 παιδαγωγὸς
3739 3660 3913 3733 λάθρα

2233 3735 2571 3806 ἀπήγγειλεο
2599 3736 2692 3789 καὶ
2725 3735 2834 3806 γὰρ
2866 3731 2936 3807 ἦν
2966 3736 3241 3808 ἀφόρητος
3277 3739 3307 3791 ὁ
3333 3741 3487 3801 παῖς,
3527 3738 3582 3792 εί
3614 3757 3666 3793 τι
3705 3731 3909 3793 τούτων

2233 3813 2431 3886 ᾔσθετό
2457 3830 2588 3868 ποτε
2612 3812 2911 3886 ἐξενεχθέν.
2940 3814 3136 3885 Ἔλεγε
3160 3816 3344 3869 τοίνυν
3362 3812 3538 3882 οὗτος,
3565 3818 3645 3873 ὅτι
3669 3819 3758 3872 καὶ
3783 3820 3899 3890 ιμά-

2232 3909 2348 3947 τιον
2387 3892 2536 3966 αὐτῷ
2573 3893 2682 3946 ἀπὸ
2725 3893 2931 3964 τριχῶν
2973 3894 3400 3958 κατεσκεύαστο,
3451 3897 3547 3951 καὶ
3599 3895 3763 3967 τούτῳ
3801 3897 3902 3962 τὰς

2231 3970 2436 4036 νύκτας
2463 3970 2804 4041 ἐγκαθεύδοι,
2826 3973 2996 4045 σοφήν
3017 3991 3139 4027 τινα
3165 3975 3417 4047 μηχανὴν
3438 3976 3535 4029 τοῦ
3574 3976 3777 4046 ταχέως
3826 3977 3908 4044 ἐξ·

2232 4051 2553 4107 ἀνίστασθαι
2579 4050 2784 4123 ταύτην
2809 4051 3004 4123 εύρὼν.
3022 4053 3132 4108 Καὶ
3155 4054 3222 4107 τὰ
3245 4054 3380 4109 ἀλλα
3407 4055 3464 4109 δέ
3479 4055 3629 4127 αὐτῷ
3653 4056 3788 4125 πρὸς
3810 4057 3907 4128 τήν

2231 4129 2520 4201 ἀκρίϐειαν
2557 4129 2668 4184 τῶν
2703 4132 2955 4202 μοναχῶν
2994 4133 3324 4204 ἀπήρτιστο,
3360 4135 3458 4189 καὶ
3501 4135 3594 4189 τὸν
3632 4134 3764 4190 Θεὸν
3794 4138 3909 4191 ἐδό·

2233 4209 2361 4273 ξαζε
2387 4210 2629 4281 συνεχῶς
2660 4210 2888 4275 ἐκεῖνος,
2924 4210 3018 4264 τὸν
3055 4210 3202 4266 οῦτω
3237 4212 3420 4283 κοῦφα
3454 4214 3555 4285 τῆς
3591 4214 3909 4285 φιλοσοφίας

2229 4287 2435 4368 ταύτης
2467 4290 2693 4343 ἐνθέντα
2729 4288 2879 4363 αὐτῷ
2907 4290 2976 4346 τά
3007 4292 3205 4363 πτερά.
3238 4293 3401 4347 Ὥστε
3432 4293 3488 4347 εί
3503 4294 3587 4357 τίς
3614 4311 3703 4365 μοι
3726 4296 3909 4368 ψυχὴν

2230 4366 2326 4421 καὶ
2373 4368 2469 4423 νῦν
2513 4368 2724 4423 ἐδείκνυ
2761 4378 2788 4417 σ
2816 4369 3097 4442 τοιαύτην,
3137 4371 3233 4426 καί
3280 4373 3627 4442 παιδαγωγὸν
3672 4366 3905 4447 παρεῖχε

2228 4447 2490 4512 τοιοῦτον,
2541 4447 2638 4501 καὶ
2681 4447 2753 4502 τά
2800 4449 2934 4503 ἄλλα
2990 4451 3170 4505 πάντα
3222 4452 3426 4522 ὁμοίως
3479 4451 3907 4526 Ιέπιμελεῖσθαιι

2230 4526 2617 4598 ἐπηγγείλατο,
2643 4529 2903 4598 μυριάκις
2931 4529 2998 4583 ἂν
3018 4530 3276 4602 ηὐξάμην
3302 4532 3462 4586 τοῦτο
3483 4531 3739 4601 γενέσθαι
3767 4535 3905 4604 μᾶλα-

2228 4604 2320 4686 λον
2342 4606 2460 4686 τῶν
2504 4608 2922 4686 γεννησαμένων
2959 4610 3160 4664 αὐτῶν.
3184 4607 3263 4666 Ἦ
3301 4611 3407 4682 γὰρ
3435 4611 3502 4666 ἂν
3537 4614 3671 4683 ήμῖν
3703 4613 3907 4686 ήθήρα

2227 4683 2429 4738 πλείων
2476 4685 2713 4752 ἐγένετο,
2749 4687 2843 4739 καὶ
2861 4687 2949 4742 διά
2978 4689 3072 4742 τὸν
3102 4689 3235 4760 βίον,
3263 4690 3358 4744 καὶ
3393 4691 3481 4745 διὰ
3528 4691 3625 4763 τὴν
3660 4683 3900 4763 ἠλικίαν,

2227 4764 2322 4843 καὶ
2350 4763 2438 4843 διά
2462 4763 2559 4843 τήν
2592 4766 2792 4836 συνεχῆ
2816 4766 3120 4840 διατριϐὴν,
3153 4769 3264 4822 τῶν
3296 4770 3554 4824 τοιούτων
3590 4771 3904 4843 δυναμένων

2225 4842 2354 4920 τοὺς
2379 4842 2676 4914 ἡλικιώτας
2702 4844 2897 4918 θηρᾷν.
2941 4847 3102 4901 Ἀλλά
3125 4849 3234 4920 γὰρ
3271 4850 3447 4914 οὐδείς
3484 4851 3635 4904 ἐστιν
3662 4851 3692 4904 ό
3727 4842 3904 4906 ταῦτα

2226 4919 2666 4994 ύποστησόμενος
2693 4921 2743 4991 Ιι,
2772 4926 2897 4979 οὐδὲ
2942 4919 3214 4999 ποιήσωνέ
3246 4930 3349 4981 οὐκ
3386 4928 3539 4993 ὄντος
3575 4929 3653 4993 δὲ,
3699 4930 3902 5002 μυρίας

2289 5023 2318 5064 1³
2346 5024 2454 5075 Duo
2478 5038 2594 5075 mss.
2665 5029 2909 5092 ιλοσοφίας
2928 5029 3119 5088 ταύτης.
3150 5031 3275 5082 Εὸἰιί
3309 5033 3587 5097 φιλοσοφίας
3599 5034 3778 5093 πάσης.

2291 5088 2611 5164 ξερυνοληεε.
2630 5044 3092 5164 ἷπιθέμενον-αὐτρν,
3119 5093 3271 5164 ξανξι.
3295 5102 3353 5164 ει
3375 5095 3736 5164 Μοτειεμύτῷ.
3770 5095 3899 5164 ΔΙῃῆνξ

2224 5145 2378 5216 Savgl.
2405 5148 2660 5216 éﬂéééwv,_
2684 5145 2960 5216 anfoagazy
2988 5145 3090 5202 οὐδέ
3111 5151 3271 5216 ὁτιοῦν
3299 5157 3506 5216 γένηται.
3540 5145 3713 5206 Μοτθί.
3735 5156 3836 5208 οὐδ’
3855 5145 3899 5207 ει

2221 5224 2267 5256 τι
2291 5209 2391 5273 οὖν,
2421 5209 2548 5258 ιιηιίς
2571 5212 2728 5262 codex
2754 5214 2828 5261 ὅτι
2858 5214 2916 5261 ἀν
2934 5214 2981 5273 ὂ,
2999 5232 3046 5263 τι
3064 5216 3164 5270 οὖν.
3188 5209 3320 5266 οιὶιιέ
3344 5209 3417 5266 ἅιὶ
3434 5219 3516 5267 ἐὰν
3538 5217 3713 5268 ὁτιοῦν.

2270 5269 2313 5345 ,ά
2343 5272 2493 5322 Savil.
2519 5280 2573 5322 el.
2595 5288 2723 5325 unus
2742 5276 2850 5324 eod.
2877 5269 3230 5340 συμφοιτητῶν.
3254 5279 3427 5330 Morel.
3457 5285 3512 5329 θι
3531 5282 3658 5331 allus
3692 5297 3897 5347 συμφοι-

2221 5348 2414 5380 τωντων
2420 5371 2430 5381 .

2285 5395 2305 5415 ⁸
2323 5394 2439 5467 Puq
2460 5408 2576 5467 m_s_s.
2613 5396 2919 5467 ἀναλίσκεται
2946 5399 3139 5467 βίϐλων.
3170 5401 3281 5452 Mox
3314 5401 3466 5452 iidem
3486 5404 3728 5467 ἀπένειμε,
3755 5411 3808 5455 et
3826 5405 3897 5455 sic

2223 5453 2396 5522 εαξη..
2420 5457 2473 5505 lu
2499 5456 2673 5522 Morel.
2695 5467 2865 5522 autem
2891 5453 3111 5522 ἀπένεμε.

2293 5515 2313 5555 ί
2344 5518 2448 5586 Qui:
2471 5531 2587 5586 ngas.
2621 5519 2903 5581 ἀνάγνωσιν.
2944 5515 3089 5586 Ἡμῖν
3128 5523 3180 5573 δὲ
3218 5525 3424 5574 ἅπαντα.
3450 5524 3602 5578 Savil.
3634 5531 3687 5576 et
3716 5527 3890 5578 Morel.

2219 5577 2340 5642 ἅπερ
2356 5578 2471 5642 ᾐμῖν
2488 5581 2690 5630 ἅπαντα.

2285 5641 2324 5713 δέ
2347 5641 2497 5691 δενιι.
2522 5658 2602 5703 μοι
2635 5644 2790 5713 ψυχὴν
2808 5644 2889 5692 καὶ
2909 5643 2990 5713 νῦν
3015 5644 3228 5713 ἐδείκνυ,
3252 5646 3426 5697 Morel.
3453 5664 3533 5711 μοι
3552 5650 3709 5713 ψυχὴν
3729 5652 3894 5709 καινὴν

2225 5700 2423 5771 ἐδείκχυ,
2448 5700 2575 5751 ιιηίιδ
2601 5700 2759 5771 qddé'x’
2782 5719 2861 5771 μοι
2886 5707 2967 5754 καὶ
2988 5704 3071 5771 νῦν
3084 5700 3256 5771 φχὴν.

2288 5725 2423 5762 “xw,
2449 5725 2575 5751 unus
2601 5725 2754 5752 cuuex
2782 5725 2861 5767 μοι
2886 5725 2967 5754 και
2988 5725 3149 5771 Vl)qu
3181 5725 3256 5767 ην.

2288 5764 2316 5835 ξι
2343 5763 2452 5835 D_qo
2470 5777 2592 5835 τηερε.
2611 5766 3020 5835 ύποσχησρμενος,
3050 5725 3469 5835 Βρνῆζθιμκονξει.
3486 5773 3889 5835 ι’νκοσι-ησὸμενος.

2228 5823 2545 5893 ynquprgl.
2570 5831 2629 5893 ει
2650 5823 2880 5893 ιιΙίιὶἐςτὸν
2907 5823 3040 5879 οὐδέν
3072 5833 3242 5893 ἐαυτῷ.
3271 5833 3419 5884 Savil.
3446 5839 3498 5883 et
3520 5835 3649 5883 alius
3664 5823 3751 5884 τις
3784 5823 3891 5886 οὐᾶ

2220 5888 2374 5950 ἐαυτῷ
2424 5886 2547 5937 Infra
2570 5887 2739 5938 Morel.
2766 5890 2987 5949 ἐκόλασε,
3009 5892 3089 5943 alii
3113 5886 3345 5945 κολᾶσειι.
