4032 6424
482 307 578 364 571

482 420 831 483 vulneribus,
881 417 1120 487 aliosque
1170 413 1492 469 inﬁrmiores
1535 410 1753 472 reddat,
1802 409 1854 461 in
1890 405 2065 460 medio

483 510 690 566 concidi
722 509 1050 578 permittere,
1083 519 1204 560 cum
1227 512 1500 574 oporteret
1523 515 1647 554 eum
1671 514 1700 553 e
1723 512 1896 568 pugna
1917 510 2065 550 sum-

484 616 720 656 movere.
749 599 988 668 Namque
1020 595 1266 650 similiter
1293 593 1404 648 dux
1447 589 1741 662 puniendus
1778 595 1948 652 esset,
1975 583 2068 654 qui

485 706 719 762 pugnare
750 689 986 745 valentes
1012 685 1212 742 milites
1233 701 1298 740 ex
1325 682 1508 754 prazlio
1531 680 1840 741 abduceret,
1860 677 2068 731 saucios

483 795 660 838 autem
687 795 736 836 et
770 789 1086 852 prostratos,
1117 780 1207 850 qui
1232 778 1353 832 aliis
1382 773 1763 846 impedimento
1788 778 1989 834 essent,
2013 768 2066 822 in

483 873 659 929 medio
685 886 897 943 semper
916 871 1095 941 jacere
1119 869 1350 940 juberet.

555 968 643 1022 15.
689 965 882 1020 Verum
921 962 1042 1034 quia
1082 968 1358 1031 parentum
1403 953 1616 1026 plurimi
1663 952 1900 1014 instant,
1934 949 2068 1004 libe-

487 1072 684 1127 rosque
707 1071 834 1111 suos
865 1056 917 1110 in
943 1055 1113 1109 literis
1140 1053 1304 1107 vitain
1332 1065 1490 1118 agere
1518 1048 1738 1116 cupiunt
1764 1086 1778 1110 ,
1809 1059 1872 1097 ac
1901 1044 1942 1098 si
1974 1057 2069 1110 pro

490 1159 641 1202 certo
668 1147 900 1201 habeant
925 1145 1068 1214 ipsos
1096 1142 1170 1204 ad
1194 1143 1405 1198 culmen
1437 1137 1751 1208 eloquentia:
1782 1141 2069 1205 perventu-

485 1255 576 1293 ros
613 1257 627 1294 :
655 1237 754 1291 hac
784 1237 998 1308 quidem
1029 1235 1097 1288 de
1133 1249 1194 1288 re
1235 1247 1304 1286 ne
1335 1229 1720 1284 contendamus
1741 1265 1757 1292 ,
1788 1241 1890 1279 neu
1918 1225 2068 1278 dica-

485 1347 603 1384 mus
634 1329 805 1400 ipsum
837 1345 864 1380 a
907 1341 1070 1396 scopo
1111 1327 1520 1385 aberraturum;
1572 1320 1664 1375 sed
1711 1315 2071 1374 concedamus

484 1436 608 1474 eum
646 1419 805 1474 studii
851 1419 932 1473 sui
965 1417 1196 1473 fructum
1235 1412 1536 1484 hujusmodi
1575 1420 2064 1480 consequuturum,

486 1521 543 1566 et
569 1510 634 1563 ad
666 1511 874 1564 culmen
903 1519 1186 1562 venturum
1208 1521 1349 1561 esse.
1367 1505 1446 1560 Sit
1464 1513 1642 1556 autem
1667 1499 1819 1554 nobis
1846 1500 2070 1551 duarum

487 1618 667 1656 rerum
697 1601 843 1671 optio
869 1616 884 1664 ;
913 1599 998 1653 vel
1027 1599 1092 1652 ad
1116 1595 1508 1666 ludimagistros
1533 1592 1874 1663 proﬁciscens
1894 1587 2072 1642 erudi-

485 1695 680 1747 tionem
733 1692 944 1760 assequi
989 1688 1316 1753 contendat,
1368 1686 1451 1740 vel
1496 1683 1838 1739 solitudinem
1885 1689 2071 1750 petens

483 1784 676 1837 animae
704 1782 1026 1852 prospiciat;
1056 1790 1174 1834 utro
1203 1779 1255 1832 in
1287 1777 1464 1832 studio
1507 1791 1620 1830 rem
1663 1773 1904 1828 obtinere
1933 1786 2070 1839 pra:-

484 1875 631 1928 stat?
659 1874 790 1928 Nam
830 1873 876 1927 si
919 1875 971 1926 in
1018 1882 1244 1940 utroque
1280 1871 1584 1936 contingat,
1635 1864 1684 1918 id
1725 1879 1825 1933 ego
1862 1877 2074 1931 quoque

485 1965 644 2028 volo;
674 1964 756 2017 sin
784 1963 1099 2016 alterutrum
1125 1957 1529 2028 relinquendum
1550 1956 1620 2010 sit
1642 1996 1658 2020 ,
1686 1953 1828 2023 quod
1856 1962 2074 2021 pra-sta-

485 2057 644 2112 bilius
664 2054 964 2124 eligendnm
987 2061 1088 2107 est.
1113 2052 1325 2120 Etiam,
1349 2049 1598 2117 inquiunt
1620 2088 1634 2109 ,
1662 2043 1756 2099 scd
1780 2048 1881 2097 hoc
1902 2043 2072 2112 ipsum

485 2145 626 2200 unde
652 2144 804 2198 nobis
837 2152 1086 2198 constare
1116 2139 1346 2210 poterit,
1380 2153 1501 2190 eum
1532 2142 1992 2204 perseveraturum
2021 2145 2075 2188 et

484 2251 792 2292 mansurum
818 2274 834 2300 ,
864 2248 963 2288 nec
991 2233 1262 2302 lapsurum
1290 2229 1452 2284 esse?
1481 2226 1633 2281 multi
1666 2239 1893 2294 namque
1923 2223 2073 2277 deci-

493 2329 705 2386 derunt.
732 2330 800 2383 At
822 2326 963 2382 unde
986 2335 1236 2380 constare
1262 2329 1438 2393 potest
1464 2321 1606 2390 ipsos
1632 2335 1736 2372 non
1770 2331 2076 2385 persevera-

493 2433 642 2477 turos
670 2432 724 2476 et
753 2433 1035 2475 mansuros
1060 2416 1222 2472 esse?
1254 2415 1399 2470 Multi
1429 2427 1658 2482 namque
1689 2417 2072 2479 perseverant,

485 2525 540 2568 et
579 2511 790 2582 quidem
833 2510 1009 2580 plures
1055 2509 1118 2561 iis
1145 2549 1159 2573 ,
1195 2506 1284 2577 qui
1327 2504 1620 2560 decidunt:
1668 2504 1739 2556 ita
1784 2510 1841 2554 ut
1885 2499 2074 2553 horum

487 2617 648 2656 causa
679 2599 845 2669 magis
875 2597 1248 2654 conﬁdendum
1277 2598 1383 2660 sit,
1424 2609 1581 2664 quam
1628 2593 1838 2648 illorum
1885 2591 2076 2644 timen-

484 2693 632 2746 dtttn.
664 2689 772 2745 Cur
798 2698 972 2742 autem
1002 2704 1105 2741 non
1136 2687 1363 2755 idipsum
1399 2685 1540 2739 circa
1584 2684 1856 2736 literarum
1902 2679 2075 2733 studia

487 2783 720 2846 metuis,
766 2780 854 2834 ubi
896 2779 1123 2834 maxime
1165 2775 1457 2830 timendum
1493 2773 1610 2828 est?
1653 2771 1891 2840 Namque
1937 2769 2077 2840 apud

491 2871 784 2926 monachos
823 2869 1038 2938 quidem
1092 2883 1158 2920 ex
1204 2865 1381 2919 multis
1430 2863 1582 2933 pauci
1628 2862 1758 2932 lapsi
1801 2871 1966 2925 sunt,
2022 2860 2075 2914 in

492 2965 692 3018 scholis
746 2971 922 3014 autem
971 2959 1267 3013 liberalium
1315 2958 1716 3026 disciplinarum
1773 2971 1838 3008 ex
1895 2954 2077 3008 multis

491 3055 642 3124 panei
676 3053 915 3122 peritiam
938 3059 1314 3119 aSsequnutur.
1345 3047 1528 3116 Neque
1559 3047 1680 3100 inde
1708 3055 1909 3100 tantum
1941 3091 1956 3110 ,
1979 3045 2076 3099 sed

487 3146 645 3199 etiatn
677 3143 857 3197 multis
885 3141 1002 3196 aliis
1023 3141 1090 3196 de
1116 3140 1292 3195 causis
1317 3139 1371 3193 in
1398 3139 1498 3193 hac
1526 3148 1676 3207 parte
1698 3139 1864 3207 magis
1887 3137 2080 3190 timen-

489 3235 615 3290 dum
652 3243 753 3289 est.
791 3233 1060 3303 Siquidem
1107 3241 1160 3285 et
1200 3231 1347 3300 pueri
1392 3229 1642 3284 obtusum
1681 3229 1992 3298 ingenium,
2024 3236 2080 3282 et

493 3327 865 3395 magistrorum
887 3321 1147 3392 imperitia
1169 3364 1184 3387 ,
1222 3330 1276 3375 et
1311 3319 1714 3390 paedagogorum
1735 3318 2076 3388 negligentia,

492 3426 548 3473 et
576 3417 741 3488 patris
769 3417 990 3481 incuria,
1015 3430 1076 3468 ac
1099 3426 1403 3484 smnptuum
1427 3412 1792 3482 mercedisque
1813 3411 2076 3475 defectus,

493 3519 548 3563 et
569 3524 774 3562 morum
796 3505 1173 3561 dissimilitudo
1191 3547 1205 3572 ,
1231 3515 1284 3560 et
1307 3503 1790 3570 condiscipulorum
1814 3503 2076 3572 nequitia,

492 3609 548 3654 et
587 3599 720 3653 livor
761 3598 1093 3666 invidiaque,
1132 3597 1340 3666 aliaque
1380 3597 1604 3666 plurima
1643 3595 1711 3649 ab
1749 3593 2080 3664 assequendo

495 3689 601 3746 ﬁne
628 3689 928 3745 deturbant.
961 3688 1143 3758 Neque
1175 3688 1290 3742 hate
1329 3695 1528 3741 tantum
1555 3728 1569 3751 ,
1613 3686 1706 3741 sed
1747 3693 1870 3756 post
1908 3685 2080 3755 ipsum

493 3784 652 3838 etiam
681 3783 970 3837 studiorum
999 3781 1158 3836 ﬁnem
1203 3780 1305 3834 alia
1345 3790 1398 3834 et
1428 3780 1580 3850 plura
1613 3779 1826 3849 quidem
1858 3779 2082 3848 impedi-

495 3885 670 3929 menta
702 3883 1009 3928 occurrunt.
1053 3871 1338 3940 Postquam
1365 3871 1508 3925 enim
1539 3869 1802 3938 superatis
1831 3868 2081 3921 onmibus

497 3965 816 4034 elapsusqne
842 3962 1081 4017 obicibus
1106 3961 1170 4014 ad
1197 3962 1368 4030 ipsum
1392 3959 1704 4013 eruditionis
1725 3959 1934 4012 culmen
1963 3973 2081 4026 per-

496 4058 739 4122 venerit,
781 4056 898 4109 alia:
937 4069 1146 4109 rursum
1187 4052 1391 4107 insidiae
1427 4063 1550 4106 sunt
1589 4051 1796 4121 positae.
1839 4051 2076 4120 Namque

498 4147 750 4217 principis
779 4145 958 4200 odium
985 4186 999 4209 ,
1029 4143 1356 4199 consortium
1388 4142 1587 4196 invidia
1613 4183 1626 4206 ,
1657 4151 1954 4210 temporum
1981 4142 2083 4196 dif-

500 4239 705 4294 licullas
727 4279 742 4303 ,
772 4238 1065 4291 amicorum
1094 4235 1268 4306 inopia
1294 4277 1308 4299 ,
1339 4244 1625 4304 paupertas
1651 4276 1664 4299 ,
1710 4238 1777 4287 ab
1824 4235 1940 4304 ipso
1978 4233 2084 4288 ﬁne

497 4345 868 4400 szrpentttnero
897 4327 1206 4382 excludunt.
1245 4327 1402 4395 Atqui
1442 4324 1581 4395 apud
1626 4325 1916 4379 monachos
1953 4323 2082 4378 nihil

497 4421 710 4480 simile;
739 4419 831 4474 sed
863 4434 966 4474 uua
999 4425 1201 4470 tantum
1247 4433 1303 4469 re
1345 4431 1478 4484 opus
1515 4425 1636 4481 est,
1681 4416 1840 4469 nobili
1881 4416 2080 4470 scilicet

501 4520 658 4578 atque
685 4508 878 4562 eximia
907 4507 1218 4570 alacritate;
1251 4521 1369 4574 qua:
1397 4506 1440 4558 si
1467 4505 1732 4567 adfuerit,
1759 4506 1887 4559 nihil
1919 4507 2086 4575 impe-

511 4601 588 4654 dit
618 4599 904 4668 quominus
933 4597 996 4649 ad
1031 4597 1187 4649 fluctu
1220 4595 1428 4648 virtutis
1456 4594 1812 4661 perveniatur.

577 4689 740 4754 Quam
776 4686 1110 4756 prwstabilior
1145 4685 1243 4737 vita
1286 4685 1646 4737 monac/torum
1687 4688 1787 4738 vita
1827 4686 2081 4742 saeculari.

501 4811 570 4823 -——
595 4779 873 4847 Quomodo
904 4779 1062 4846 igitur
1100 4793 1204 4830 non
1239 4777 1472 4845 iniqtttnn
1513 4774 1708 4840 fuerit,
1752 4778 1838 4832 ubi
1884 4779 2082 4847 Optima

502 4888 624 4944 spes
651 4881 729 4926 est
751 4870 1030 4924 manifesta
1055 4881 1107 4924 et
1126 4871 1362 4937 proxima
1390 4911 1403 4933 ,
1428 4869 1714 4939 desperare
1736 4887 1796 4924 ae
1823 4881 2080 4937 tremere;

503 4965 590 5018 ubi
627 4977 753 5016 vero
791 4961 890 5014 alia
940 4977 1064 5029 spes
1103 4961 1366 5014 contraria
1395 5001 1407 5024 ,
1455 4961 1806 5014 remotissima
1855 4971 1975 5026 est,
2023 4979 2086 5015 ac

501 5054 682 5106 multis
712 5051 954 5104 obicibus
982 5050 1312 5118 intercipitur
1335 5089 1350 5113 ,
1381 5066 1484 5102 nou
1515 5050 1800 5118 desperare
1825 5092 1838 5115 ,
1869 5052 1976 5105 imo
2009 5053 2084 5106 rei

503 5145 656 5213 longe
703 5141 1027 5196 difﬁcillima:
1075 5140 1356 5193 maximam
1401 5139 1503 5192 sibi
1549 5156 1696 5209 spem
1736 5157 2081 5210 proponere:

500 5246 660 5307 atque
697 5235 748 5288 iu
789 5235 1057 5288 litt-rarum
1079 5232 1286 5296 studiis,
1306 5247 1408 5287 non
1434 5233 1598 5286 tristia
1622 5249 1737 5302 quae
1757 5232 2086 5302 frequentius

502 5329 749 5381 accidunt
773 5369 785 5390 ,
820 5326 912 5380 sed
935 5327 1068 5380 bona
1090 5341 1208 5395 qua:
1230 5339 1350 5378 raro
1371 5325 1682 5394 contingunt
1707 5327 2080 5391 considerare;

505 5432 644 5470 eirea
673 5427 868 5470 statum
900 5431 1030 5470 vero
1071 5415 1450 5468 monachorum
1493 5413 1822 5468 contrarium
1867 5415 2040 5470 facere
2064 5459 2080 5482 ,

502 5516 556 5557 et
582 5507 667 5558 ubi
698 5521 819 5572 Spes
849 5507 1107 5560 bonorum
1137 5505 1316 5557 multae
1341 5511 1504 5568 sunt,
1533 5503 1597 5556 ad
1626 5503 1794 5557 tristia
1816 5506 2086 5574 respicere

506 5605 708 5648 tantum
733 5612 748 5657 ς
779 5598 864 5651 ubi
893 5613 1020 5651 vero
1042 5597 1109 5650 de
1137 5595 1404 5648 contraria
1425 5609 1521 5662 Spe
1546 5594 1719 5662 agitur
1742 5635 1758 5659 ,
1805 5611 1923 5664 qua:
1943 5597 2081 5652 bona

506 5693 628 5737 sunt
657 5694 856 5740 tantum
885 5686 1226 5742 considerare
1247 5685 1270 5739 ?
1289 5685 1618 5756 Quamquam
1643 5683 1750 5740 illic
1776 5684 2081 5757 frequenter

1214 301 1271 357 S.
1311 295 1588 357 JOANNIS
1623 290 2094 352 CIIRYSOSTOMI
2134 289 2448 348 ARCIIIEP.
2490 287 3026 349 CONSTANTINOP.

3647 285 3754 344 ιη

2174 405 2469 476 contingit,
2504 415 2561 461 ut
2587 421 2707 460 eum
2737 407 2914 460 omnia
2944 419 3062 474 qua:
3086 417 3406 459 concurrere
3433 401 3633 459 debent
3659 419 3756 474 pro

2173 506 2298 551 voto
2323 496 2679 565 contigerint,
2714 505 3031 566 praematura
3060 508 3203 547 mors
3227 492 3477 548 athletam
3518 503 3642 560 post
3684 495 3755 546 iu-

2173 587 2350 642 ﬁnitos
2379 588 2602 642 sudores
2629 587 2863 641 nondum
2893 596 3203 640 coronatum
3229 583 3485 654 abripiat;
3519 585 3608 639 hic
3628 600 3758 639 vero

2171 679 2380 733 etiamsi
2422 680 2474 732 in
2521 678 2711 732 mediis
2753 677 3133 732 certaminibus
3173 673 3300 730 illud
3342 676 3587 741 accidat,
3634 687 3758 733 tunc

2173 770 2407 824 maxime
2436 769 2747 839 splendidus
2775 778 2830 824 et
2851 775 3138 823 coronatus
3160 767 3544 836 proﬁciscatur.
3577 767 3763 837 itaque

2171 861 2217 916 si
2260 862 2494 914 futurum
2538 861 2770 926 metuis,
2811 860 2952 914 circa
2997 857 3268 914 literarum
3311 857 3485 913 studia
3526 861 3761 915 maxime

2173 950 2465 1006 timendum
2495 961 2577 1005 est
2604 993 2618 1015 ,
2649 951 2735 1004 ubi
2767 966 2836 1004 ne
2865 947 2928 1004 ad
2957 951 3240 1004 terminum
3267 950 3605 1018 perveniatur
3635 949 3757 1020 pitt-

2177 1043 2308 1096 rima
2335 1051 2459 1096 sunt
2485 1041 2882 1110 impedimento.
2913 1041 2992 1095 Tu
3014 1055 3140 1094 vero
3171 1039 3275 1094 illic
3295 1040 3507 1110 quidem
3530 1041 3760 1107 resides,

2173 1133 2560 1204 diuturnasque
2589 1151 2767 1190 moras
2791 1135 3025 1188 sustines
3047 1175 3062 1200 ,
3093 1148 3197 1187 non
3225 1149 3286 1188 ea
3330 1149 3448 1202 qute
3488 1135 3538 1188 in
3583 1130 3764 1188 medio

2177 1228 2346 1296 posita
2394 1237 2548 1292 sunt,
2593 1237 2836 1294 sumptus
2876 1238 3088 1295 nempe,
3143 1240 3444 1289 aerumnas,
3499 1226 3763 1282 incertum

2174 1329 2423 1372 eventum
2449 1359 2466 1383 ,
2495 1316 2590 1372 sed
2638 1317 2794 1371 ﬁnem
2839 1323 3044 1370 tantum
3092 1315 3420 1385 respiciens:
3465 1315 3550 1370 hic
3585 1326 3762 1371 autem

2174 1425 2294 1464 cum
2327 1410 2558 1464 nondum
2581 1409 2646 1463 ad
2672 1409 2990 1464 vestibulum
3012 1423 3145 1479 puer
3163 1409 3432 1477 ingressus
3459 1407 3559 1470 sit,
3591 1421 3764 1479 neque

2178 1500 2315 1554 hanc
2357 1500 2764 1568 pulcherrimam
2832 1499 3219 1568 philosophiam
3261 1497 3527 1568 attigerit,
3583 1507 3762 1554 statim

2177 1591 2332 1645 times
2357 1601 2412 1645 et
2439 1591 2670 1661 trepidas
2695 1630 2708 1656 ,
2735 1590 2842 1657 jam
2867 1587 3178 1658 desperatas
3199 1587 3546 1658 cogitationes
3569 1587 3764 1643 admit-

2178 1682 2286 1736 tis?
2314 1683 2472 1749 Atqui
2507 1682 2620 1751 ipse
2643 1683 2798 1751 paulo
2820 1692 2944 1736 ante
2964 1680 3181 1736 dicebas
3207 1699 3219 1734 :
3243 1678 3377 1746 Quid
3399 1682 3539 1735 enim
3561 1682 3587 1736 2
3610 1683 3724 1736 isne
3744 1721 3762 1750 ,

2176 1773 2266 1843 qui
2297 1775 2480 1828 urbem
2511 1774 2692 1828 incolit
2717 1784 2768 1828 et
2799 1773 3014 1827 domum
3041 1815 3056 1838 ,
3087 1773 3309 1827 salutem
3359 1774 3616 1843 consequi
3661 1790 3764 1828 non

2179 1867 2395 1934 potest?
2428 1866 2564 1934 Ergo
2599 1865 2642 1918 si
2681 1882 2800 1919 eum
2832 1865 2962 1918 urbe
2988 1906 3002 1927 ,
3052 1865 3213 1917 domo
3243 1872 3296 1918 et
3335 1877 3500 1918 uxore
3537 1866 3765 1919 salutem

2178 1955 2437 2023 consequi
2466 1966 2616 2023 poles
2641 1996 2656 2019 ,
2689 1956 2854 2009 multo
2886 1955 3054 2023 magis
3080 1956 3196 2008 sine
3225 1971 3389 2008 UXUI‘C
3416 1963 3469 2010 et
3509 1955 3636 2008 allis
3671 1957 3767 2008 hu-

2173 2048 2429 2117 jusmodi.
2460 2047 2640 2118 Neque
2667 2049 2807 2102 enim
2837 2058 2917 2102 est
2945 2047 3181 2117 ejusdem
3212 2047 3445 2101 hominis
3475 2063 3621 2102 nunc
3648 2049 3768 2118 qui.

2179 2139 2300 2193 dem
2328 2138 2600 2193 conﬁdere
2625 2180 2638 2199 ,
2671 2139 2878 2192 etiamsi
2907 2137 3254 2192 sa-cnlaribus
3285 2139 3509 2208 negotiis
3535 2139 3768 2208 illigatus

2181 2233 2376 2295 fuerit,
2404 2248 2465 2286 ac
2487 2233 2529 2286 si
2565 2233 2664 2286 hoc
2689 2247 2900 2300 quoque
2944 2231 3104 2284 modo
3141 2231 3284 2286 salus
3311 2231 3508 2301 acquiri
3553 2232 3766 2302 possit:

2181 2342 2322 2382 nunc
2349 2342 2477 2380 vero
2506 2368 2520 2392 ,
2563 2326 2660 2379 etsi
2691 2326 2758 2378 ab
2781 2325 3028 2378 omnibus
3059 2325 3193 2380 liber
3218 2325 3448 2379 evaserit
3475 2367 3490 2390 ,
3535 2335 3770 2381 tremere

2179 2433 2242 2472 ac
2268 2426 2506 2471 metuere
2531 2456 2546 2482 ,
2577 2417 2724 2485 quasi
2753 2417 2871 2471 sine
2897 2417 2999 2469 illis
3029 2415 3192 2484 probe
3221 2416 3403 2472 vivere
3439 2431 3542 2470 non
3577 2419 3768 2486 possit.

2178 2509 2309 2565 Nam
2339 2509 2382 2563 si
2415 2509 2478 2570 is,
2507 2509 2594 2578 qui
2628 2508 2812 2562 urbem
2845 2509 3048 2573 ineolit,
3084 2516 3264 2576 posset
3308 2508 3532 2562 salutent
3585 2509 3766 2563 nanci-

2179 2600 2254 2653 sei
2284 2642 2297 2663 ,
2327 2609 2383 2651 ut
2418 2599 2553 2654 dicis
2578 2639 2593 2664 ,
2639 2599 2806 2652 multo
2844 2597 3010 2665 magis
3041 2597 3130 2666 qui
3175 2597 3226 2650 in
3271 2597 3561 2652 solitudine
3607 2599 3765 2668 degit.

2180 2691 2315 2757 Quid
2340 2691 2606 2759 igiturhic
2630 2705 2733 2742 non
2758 2704 2913 2759 posse
2937 2690 3092 2743 times
3113 2730 3128 2755 ,
3155 2703 3276 2744 cum
3296 2687 3406 2743 illic
3427 2702 3529 2742 non
3556 2691 3763 2751 timeas,

2183 2782 2269 2834 ubi
2303 2783 2480 2852 potius
2511 2781 2802 2835 timendum
2834 2781 3026 2834 esset?

2254 2876 2341 2929 Η.
2373 2873 2634 2936 Praecepta
2655 2873 2827 2926 eadem
2857 2872 3116 2926 monachis
3136 2881 3182 2924 et
3211 2871 3554 2924 strcnlaribus.
3590 2901 3664 2911 -—
3685 2875 3768 2936 At,

2182 2965 2408 3035 inquies,
2441 2979 2544 3018 non
2573 2979 2669 3033 par
2713 2963 2916 3017 crimen
2963 2973 3046 3016 est
3097 2963 3406 3016 sweularem
3440 2976 3689 3030 peccare,
3719 2973 3767 3012 t'l

2181 3074 2301 3113 eum
2324 3058 2411 3126 qui
2443 3055 2605 3111 semel
2634 3070 2692 3108 se
2711 3055 2820 3108 Deo
2843 3053 3266 3108 consecraverit:
3289 3067 3459 3120 neque
3483 3053 3630 3105 enim
3659 3069 3770 3104 avu-

2183 3149 2250 3204 bo
2276 3149 2343 3202 ab
2369 3147 2553 3202 eadem
2587 3145 2864 3200 altitudine
2890 3143 3086 3198 cadunt
3114 3159 3128 3209 ;
3155 3159 3317 3213 quare
3335 3158 3516 3197 eormn
3547 3145 3764 3196 vultu-ra

2184 3256 2288 3292 non
2316 3239 2537 3304 atqualia
2568 3245 2712 3292 sunt.
2747 3236 2994 3305 Teipsum
3026 3248 3241 3303 prorsus
3271 3232 3428 3295 fallis,
3454 3234 3496 3286 si
3527 3234 3635 3286 alia
3669 3251 3764 3300 pu-

2186 3337 2264 3383 tas
2290 3345 2318 3383 a
2341 3328 2603 3389 saeculari,
2637 3327 2736 3380 alia
2769 3342 2798 3380 a
2822 3324 3257 3394 monachoexigi.
3294 3324 3584 3377 Discrimen
3619 3324 3766 3392 quip-

2186 3435 2250 3490 pe
2281 3420 2418 3473 inter
2439 3419 2559 3473 illos
2587 3419 2686 3471 hoc
2711 3426 2811 3480 est,
2835 3416 2974 3485 quod
3003 3418 3137 3470 alius
3180 3415 3336 3470 ducat
3362 3431 3607 3477 uxorem,
3637 3417 3766 3468 alius

2185 3529 2290 3566 non
2321 3511 2498 3572 ducat,
2533 3527 2627 3580 pro
2657 3511 2772 3564 aliis
2803 3525 2931 3564 vero
2969 3510 3219 3562 omnibus
3246 3524 3582 3563 communem
3614 3511 3766 3562 ambo

2184 3603 2445 3658 rationem
2469 3601 2728 3656 reddituri
2752 3608 2894 3655 sunt.
2941 3600 3072 3654 Nam
3095 3601 3184 3670 qui
3230 3600 3475 3653 irascitur
3497 3598 3650 3653 fratri
3675 3613 3764 3652 suo

2183 3694 2300 3749 sine
2328 3709 2511 3758 causa,
2543 3694 2655 3747 sive
2708 3691 2978 3745 srecularis
3027 3691 3140 3743 sive
3169 3690 3462 3743 monachus
3481 3691 3570 3752 sit,
3605 3690 3762 3744 Demn

2185 3783 2430 3838 similiter
2473 3781 2692 3836 offendit
2722 3799 2734 3834 :
2766 3790 2821 3835 et
2847 3781 2934 3849 qui
2987 3781 3202 3850 respicit
3244 3781 3520 3834 mulierem
3547 3782 3619 3833 ad
3647 3796 3763 3833 con-

2184 3871 2565 3942 cupiscendum
2593 3886 2731 3937 eam,
2765 3871 3017 3924 utrolibet
3045 3871 3096 3924 in
3123 3878 3260 3923 statu
3283 3870 3372 3934 sit,
3402 3870 3590 3924 eadem
3623 3869 3756 3925 adul-

2187 3965 2301 4018 terii
2327 3964 2583 4034 plectetur
2609 3979 2793 4032 paena;
2837 3964 2944 4014 imo
2963 3977 3093 4016 vero
3128 3960 3171 4014 si
3221 3961 3346 4030 quid
3396 3959 3755 4014 ratiocinando

2185 4057 2383 4111 addere
2408 4057 2483 4110 fas
2512 4057 2601 4120 sit,
2631 4055 2902 4108 smcularis
2934 4055 3034 4108 hoc
3078 4069 3240 4123 agens
3267 4054 3444 4107 minus
3495 4054 3651 4107 venia
3689 4052 3763 4104 di-

2185 4165 2322 4218 gnus
2341 4157 2440 4202 est.
2465 4147 2578 4201 Non
2608 4146 2750 4200 enim
2782 4161 2874 4214 par
2897 4145 3099 4199 facinus
3130 4151 3212 4198 est
3239 4158 3387 4208 eum,
3417 4143 3505 4211 qui
3545 4156 3765 4196 uxorem

2189 4241 2365 4303 habet,
2395 4250 2450 4294 et
2493 4239 2592 4292 hac
2619 4238 2982 4292 consolatione
3033 4236 3246 4301 fruitur,
3275 4236 3510 4290 mulieris
3535 4235 3766 4302 pulchri-

2189 4330 2371 4384 tudine
2392 4329 2598 4393 abduci,
2624 4329 2704 4383 vel
2728 4344 2848 4385 eum
2875 4328 2965 4397 qui
2985 4329 3086 4381 hoc
3111 4343 3324 4396 prorsus
3346 4327 3653 4382 destituitur
3679 4342 3772 4377 au-

2189 4421 2334 4486 xilio,
2359 4421 2538 4474 abillo
2564 4419 2698 4473 vinci
2719 4420 2876 4473 malo.
2912 4419 3114 4473 Rursus
3139 4419 3228 4489 qui
3256 4420 3418 4488 jurat,
3437 4419 3488 4472 in
3517 4434 3769 4488 quocum-

2187 4530 2292 4584 que
2329 4523 2465 4568 statu
2489 4523 2747 4574 versetur,
2779 4513 2889 4580 pari
2914 4511 3070 4564 modo
3091 4511 3390 4565 damnatur.
3423 4510 3606 4582 Neque
3627 4511 3768 4563 enim

2188 4605 2431 4659 Christus
2461 4621 2581 4658 cum
2606 4605 2703 4658 hac
2740 4605 2807 4657 de
2852 4620 2909 4658 re
2939 4612 3195 4659 statueret
3222 4604 3496 4674 legemque
3523 4613 3766 4673 poneret,

2191 4695 2326 4749 hanc
2346 4695 2742 4748 distinctionem
2774 4692 2920 4759 fecit,
2959 4709 3130 4763 neque
3160 4694 3311 4759 dixit,
3348 4696 3403 4749 Si
3436 4697 3479 4749 is
3505 4697 3591 4764 qui
3630 4695 3772 4764 jnrat

2190 4785 2481 4839 monachus
2501 4785 2588 4850 sit,
2612 4799 2675 4837 ex
2697 4785 2925 4854 maligno
2943 4797 3019 4838 est
3035 4785 3404 4855 jusjurandum
3431 4803 3446 4850 ;
3479 4789 3519 4839 si
3545 4803 3648 4840 non
3665 4802 3771 4838 ιιιοο

2191 4877 2412 4939 nachus,
2464 4891 2568 4928 non
2610 4877 2731 4928 item
2767 4894 2778 4929 :
2809 4876 2901 4929 sed
2932 4877 3250 4944 simpliciter
3294 4879 3568 4946 semelque
3593 4880 3765 4928 oumi-

2193 4967 2287 5018 Ims
2308 4965 2438 5018 dixit
2465 4983 2476 5017 :
2503 4965 2610 5034 Ego
2633 4976 2801 5016 autem
2847 4967 2958 5018 dico
3001 4965 3156 5029 vobis,
3213 4983 3312 5020 non
3342 4967 3522 5035 jnrare
3567 4967 3769 5018 omnino

2191 5053 2424 5122 (Matth.
2447 5056 2501 5108 5.
2534 5055 2603 5109 54
2633 5054 2672 5124 ).
2713 5054 3014 5123 lterumquc
3059 5071 3180 5110 cum
3232 5057 3324 5122 ait,
3366 5055 3454 5110 ινω
3496 5056 3769 5109 ridentibus

2191 5144 2337 5216 (Luc.
2371 5148 2422 5198 6.
2448 5146 2520 5200 9.5
2551 5144 2594 5214 ),
2623 5163 2726 5198 non
2759 5145 2981 5212 addidit,
3014 5147 3310 5214 monachis,
3328 5147 3421 5202 sed
3461 5148 3768 5216 simpliciter

2191 5237 2267 5288 sic
2292 5236 2538 5288 omnibus
2565 5234 2733 5302 legem
2765 5235 2898 5288 tulit.
2925 5234 3120 5306 Sicque
3165 5235 3291 5291 fecit
3336 5238 3495 5290 etiam
3546 5237 3598 5290 in
3652 5235 3769 5287 aliis

2189 5327 2434 5380 otnnibns
2450 5326 2654 5395 magnis
2676 5326 3110 5397 mirabilibusque
3135 5329 3434 5396 praeceptis.
3463 5327 3595 5382 Cum
3622 5327 3761 5383 enim

2190 5423 2260 5471 ait
2291 5419 2308 5487 (
2341 5418 2522 5471 Matth.
2552 5419 2604 5473 5.
2631 5419 2763 5472 5-12
2789 5419 2828 5487 ),
2876 5418 3021 5474 Beati
3055 5435 3313 5492 pauperes
3357 5423 3567 5490 spiritu,
3597 5422 3768 5487 lugen-

2195 5521 2300 5576 tes,
2331 5511 2506 5569 mites,
2537 5510 2836 5563 esuricntes
2862 5518 2915 5564 et
2963 5511 3204 5566 sitientes
3249 5511 3528 5578 justitiam,
3559 5510 3763 5564 miseri-

2191 5599 2400 5661 eordes,
2437 5599 2618 5651 mundi
2649 5598 2830 5658 corde,
2881 5599 3104 5666 paciﬁci,
3161 5602 3248 5670 qui
3305 5603 3758 5669 persequutioitem

2192 5689 2466 5758 patiuntur
2495 5696 2710 5758 propter
2751 5687 3031 5757 justitiam,
3059 5699 3110 5744 et
3135 5690 3222 5760 qtti
3274 5689 3427 5744 fanda
3455 5701 3512 5744 et
3558 5687 3758 5743 infanda
