  <div class='ocr_page' id='page_1' title='image "/cluster/home/n/w/nwhite01/storage/ocr_20150623/47:no.1:pt.1/coo.31924054869460/334.png"; bbox 0 0 4032 6406; ppageno 0'>
   <div class='ocr_carea' id='block_1_1' title="bbox 238 374 340 430">
    <p class='ocr_par' dir='ltr' id='par_1_1' title="bbox 238 374 340 430">
     <span class='ocr_line' id='line_1_1' title="bbox 238 374 340 430; baseline -0.01 -1"><span class='ocrx_word' id='word_1_1' title='bbox 238 374 340 430; x_wconf 70' lang='grc'>371</span> 
     </span>
    </p>
   </div>
   <div class='ocr_carea' id='block_1_2' title="bbox 229 481 1914 562">
    <p class='ocr_par' dir='ltr' id='par_1_2' title="bbox 229 481 1914 562">
     <span class='ocr_line' id='line_1_2' title="bbox 229 481 1914 562; baseline -0.005 -17"><span class='ocrx_word' id='word_1_2' title='bbox 229 489 518 562; x_wconf 78' lang='grc' dir='ltr'>ὠμότητος</span> <span class='ocrx_word' id='word_1_3' title='bbox 543 489 608 545; x_wconf 79' lang='grc' dir='ltr'>ἂν</span> <span class='ocrx_word' id='word_1_4' title='bbox 633 491 715 561; x_wconf 82' lang='grc' dir='ltr'>είη</span> <span class='ocrx_word' id='word_1_5' title='bbox 739 488 829 543; x_wconf 80' lang='grc' dir='ltr'>τὸν</span> <span class='ocrx_word' id='word_1_6' title='bbox 855 489 975 542; x_wconf 74' lang='grc' dir='ltr'>οὐδὲ</span> <span class='ocrx_word' id='word_1_7' title='bbox 997 485 1175 558; x_wconf 79' lang='grc' dir='ltr'>ἐαυτῷ</span> <span class='ocrx_word' id='word_1_8' title='bbox 1196 485 1494 558; x_wconf 75' lang='grc' dir='ltr'>δυνάμενον</span> <span class='ocrx_word' id='word_1_9' title='bbox 1518 484 1741 557; x_wconf 87' lang='grc' dir='ltr'>ἀμῦναι,</span> <span class='ocrx_word' id='word_1_10' title='bbox 1778 481 1914 536; x_wconf 87' lang='grc' dir='ltr'>ἀλλά</span> 
     </span>
    </p>
   </div>
   <div class='ocr_carea' id='block_1_3' title="bbox 231 570 1915 650">
    <p class='ocr_par' dir='ltr' id='par_1_3' title="bbox 231 570 1915 650">
     <span class='ocr_line' id='line_1_3' title="bbox 231 570 1915 650; baseline -0.006 -16"><span class='ocrx_word' id='word_1_11' title='bbox 231 579 510 650; x_wconf 81' lang='grc' dir='ltr'>κείμενον,</span> <span class='ocrx_word' id='word_1_12' title='bbox 555 579 650 632; x_wconf 76' lang='grc' dir='ltr'>καὶ</span> <span class='ocrx_word' id='word_1_13' title='bbox 699 577 870 649; x_wconf 86' lang='grc' dir='ltr'>μυρία</span> <span class='ocrx_word' id='word_1_14' title='bbox 922 576 1212 648; x_wconf 82' lang='grc' dir='ltr'>δεχόμενον</span> <span class='ocrx_word' id='word_1_15' title='bbox 1260 574 1577 647; x_wconf 89' lang='grc' dir='ltr'>τραύματα,</span> <span class='ocrx_word' id='word_1_16' title='bbox 1633 573 1728 627; x_wconf 77' lang='grc' dir='ltr'>καὶ</span> <span class='ocrx_word' id='word_1_17' title='bbox 1787 570 1915 634; x_wconf 78' lang='grc' dir='ltr'>τοὺς</span> 
     </span>
    </p>
   </div>
   <div class='ocr_carea' id='block_1_4' title="bbox 229 650 1916 736">
    <p class='ocr_par' dir='ltr' id='par_1_4' title="bbox 229 650 1916 736">
     <span class='ocr_line' id='line_1_4' title="bbox 229 650 1916 736; baseline -0.006 -14"><span class='ocrx_word' id='word_1_18' title='bbox 229 667 428 730; x_wconf 65' lang='grc' dir='ltr'>ἄλλους</span> <span class='ocrx_word' id='word_1_19' title='bbox 477 665 900 736; x_wconf 79' lang='grc' dir='ltr'>ἀσθενεστέρους</span> <span class='ocrx_word' id='word_1_20' title='bbox 963 663 1241 728; x_wconf 88' lang='grc' dir='ltr'>ποιοῦντα,</span> <span class='ocrx_word' id='word_1_21' title='bbox 1287 650 1478 716; x_wconf 80' lang='grc' dir='ltr'>τοῦτον</span> <span class='ocrx_word' id='word_1_22' title='bbox 1531 662 1592 714; x_wconf 92' lang='grc' dir='ltr'>ἐν</span> <span class='ocrx_word' id='word_1_23' title='bbox 1631 659 1709 731; x_wconf 83' lang='grc' dir='ltr'>τῷ</span> <span class='ocrx_word' id='word_1_24' title='bbox 1763 657 1916 730; x_wconf 84' lang='grc' dir='ltr'><strong>μέσῳ</strong></span> 
     </span>
    </p>
   </div>
   <div class='ocr_carea' id='block_1_5' title="bbox 232 747 1916 826">
    <p class='ocr_par' dir='ltr' id='par_1_5' title="bbox 232 747 1916 826">
     <span class='ocr_line' id='line_1_5' title="bbox 232 747 1916 826; baseline -0.006 -16"><span class='ocrx_word' id='word_1_25' title='bbox 232 755 678 811; x_wconf 83' lang='grc' dir='ltr'>κατακόπτεσθαι</span> <span class='ocrx_word' id='word_1_26' title='bbox 719 757 835 826; x_wconf 79' lang='grc' dir='ltr'>ὲᾷν,</span> <span class='ocrx_word' id='word_1_27' title='bbox 867 754 986 808; x_wconf 87' lang='grc' dir='ltr'>δέον</span> <span class='ocrx_word' id='word_1_28' title='bbox 1014 753 1259 820; x_wconf 78' lang='grc' dir='ltr'>ἐξέλκειν</span> <span class='ocrx_word' id='word_1_29' title='bbox 1293 752 1405 806; x_wconf 69' lang='grc' dir='ltr'>ἀπὸ</span> <span class='ocrx_word' id='word_1_30' title='bbox 1430 751 1533 820; x_wconf 74' lang='grc' dir='ltr'>τῆς</span> <span class='ocrx_word' id='word_1_31' title='bbox 1567 749 1769 822; x_wconf 83' lang='grc' dir='ltr'>μάχης.</span> <span class='ocrx_word' id='word_1_32' title='bbox 1807 747 1916 800; x_wconf 71' lang='grc' dir='ltr'>Καὶ</span> 
     </span>
    </p>
   </div>
   <div class='ocr_carea' id='block_1_6' title="bbox 233 833 1917 914">
    <p class='ocr_par' dir='ltr' id='par_1_6' title="bbox 233 833 1917 914">
     <span class='ocr_line' id='line_1_6' title="bbox 233 833 1917 914; baseline -0.006 -16"><span class='ocrx_word' id='word_1_33' title='bbox 233 843 345 914; x_wconf 82' lang='grc' dir='ltr'>γὰρ</span> <span class='ocrx_word' id='word_1_34' title='bbox 374 843 471 898; x_wconf 75' lang='grc' dir='ltr'>καὶ</span> <span class='ocrx_word' id='word_1_35' title='bbox 515 841 824 913; x_wconf 81' lang='grc' dir='ltr'>στρατηγὸν</span> <span class='ocrx_word' id='word_1_36' title='bbox 869 841 1072 912; x_wconf 84' lang='grc' dir='ltr'>ὁμοίως</span> <span class='ocrx_word' id='word_1_37' title='bbox 1111 841 1179 895; x_wconf 84' lang='grc' dir='ltr'>ἀν</span> <span class='ocrx_word' id='word_1_38' title='bbox 1218 857 1304 904; x_wconf 89' lang='grc' dir='ltr'>τις</span> <span class='ocrx_word' id='word_1_39' title='bbox 1345 839 1618 900; x_wconf 87' lang='grc' dir='ltr'>κολάσειε,</span> <span class='ocrx_word' id='word_1_40' title='bbox 1655 835 1749 890; x_wconf 83' lang='grc' dir='ltr'>τὸν</span> <span class='ocrx_word' id='word_1_41' title='bbox 1789 833 1917 897; x_wconf 82' lang='grc' dir='ltr'>τούς</span> 
     </span>
    </p>
   </div>
   <div class='ocr_carea' id='block_1_7' title="bbox 231 921 1918 1003">
    <p class='ocr_par' dir='ltr' id='par_1_7' title="bbox 231 921 1918 1003">
     <span class='ocr_line' id='line_1_7' title="bbox 231 921 1918 1003; baseline -0.007 -17"><span class='ocrx_word' id='word_1_42' title='bbox 231 950 293 986; x_wconf 86' lang='grc' dir='ltr'>τε</span> <span class='ocrx_word' id='word_1_43' title='bbox 315 931 650 1003; x_wconf 81' lang='grc' dir='ltr'>δυναμένους</span> <span class='ocrx_word' id='word_1_44' title='bbox 680 931 938 1001; x_wconf 75' lang='grc' dir='ltr'>πολεμεῖν</span> <span class='ocrx_word' id='word_1_45' title='bbox 961 929 1248 998; x_wconf 78' lang='grc' dir='ltr'>ἀπάγοντα</span> <span class='ocrx_word' id='word_1_46' title='bbox 1263 927 1362 998; x_wconf 79' lang='grc' dir='ltr'>τῆς</span> <span class='ocrx_word' id='word_1_47' title='bbox 1386 924 1762 999; x_wconf 77' lang='grc' dir='ltr'>παρατάξεως,</span> <span class='ocrx_word' id='word_1_48' title='bbox 1791 921 1918 986; x_wconf 91' lang='grc' dir='ltr'>τούς</span> 
     </span>
    </p>
   </div>
   <div class='ocr_carea' id='block_1_8' title="bbox 230 1013 1918 1093">
    <p class='ocr_par' dir='ltr' id='par_1_8' title="bbox 230 1013 1918 1093">
     <span class='ocr_line' id='line_1_8' title="bbox 230 1013 1918 1093; baseline -0.006 -20"><span class='ocrx_word' id='word_1_49' title='bbox 230 1037 293 1074; x_wconf 91' lang='grc' dir='ltr'>τε</span> <span class='ocrx_word' id='word_1_50' title='bbox 321 1019 632 1093; x_wconf 80' lang='grc' dir='ltr'>τρωθέντας</span> <span class='ocrx_word' id='word_1_51' title='bbox 664 1019 760 1074; x_wconf 70' lang='lat' dir='ltr'>xa&#39;t.</span> <span class='ocrx_word' id='word_1_52' title='bbox 795 1017 1105 1090; x_wconf 78' lang='grc' dir='ltr'>κειμένους,</span> <span class='ocrx_word' id='word_1_53' title='bbox 1159 1017 1254 1072; x_wconf 71' lang='grc' dir='ltr'>καὶ</span> <span class='ocrx_word' id='word_1_54' title='bbox 1301 1016 1432 1079; x_wconf 78' lang='grc' dir='ltr'>τοὺς</span> <span class='ocrx_word' id='word_1_55' title='bbox 1479 1013 1673 1078; x_wconf 79' lang='grc' dir='ltr'>ἄλλους</span> <span class='ocrx_word' id='word_1_56' title='bbox 1721 1028 1918 1065; x_wconf 90' lang='grc' dir='ltr'>συντα-</span> 
     </span>
    </p>
   </div>
   <div class='ocr_carea' id='block_1_9' title="bbox 233 1100 1914 1180">
    <p class='ocr_par' dir='ltr' id='par_1_9' title="bbox 233 1100 1914 1180">
     <span class='ocr_line' id='line_1_9' title="bbox 233 1100 1914 1180; baseline -0.007 -16"><span class='ocrx_word' id='word_1_57' title='bbox 233 1110 541 1180; x_wconf 67' lang='grc' dir='ltr'>ράσσοντας</span> <span class='ocrx_word' id='word_1_58' title='bbox 579 1105 870 1161; x_wconf 83' lang='grc' dir='ltr'>κελεύοντα</span> <span class='ocrx_word' id='word_1_59' title='bbox 925 1106 1142 1160; x_wconf 89' lang='grc' dir='ltr'>κεῖσθαι</span> <span class='ocrx_word' id='word_1_60' title='bbox 1194 1103 1488 1168; x_wconf 79' lang='grc' dir='ltr'>διαπαντὸς</span> <span class='ocrx_word' id='word_1_61' title='bbox 1537 1104 1594 1156; x_wconf 85' lang='grc' dir='ltr'>ἐν</span> <span class='ocrx_word' id='word_1_62' title='bbox 1629 1100 1712 1173; x_wconf 81' lang='grc' dir='ltr'>τῷ</span> <span class='ocrx_word' id='word_1_63' title='bbox 1743 1100 1914 1171; x_wconf 87' lang='grc' dir='ltr'>μέσῳ.</span> 
     </span>
    </p>
   </div>
   <div class='ocr_carea' id='block_1_10' title="bbox 308 1189 1918 1266">
    <p class='ocr_par' dir='ltr' id='par_1_10' title="bbox 308 1189 1918 1266">
     <span class='ocr_line' id='line_1_10' title="bbox 308 1189 1918 1266; baseline -0.004 -17"><span class='ocrx_word' id='word_1_64' title='bbox 308 1203 399 1265; x_wconf 79' lang='grc' dir='ltr'>ιγ’.</span> <span class='ocrx_word' id='word_1_65' title='bbox 420 1197 574 1250; x_wconf 71' lang='grc' dir='ltr'>Ἐπεὶ</span> <span class='ocrx_word' id='word_1_66' title='bbox 593 1196 651 1250; x_wconf 82' lang='grc' dir='ltr'>δὲ</span> <span class='ocrx_word' id='word_1_67' title='bbox 677 1194 862 1256; x_wconf 83' lang='grc' dir='ltr'>πολλοὶ</span> <span class='ocrx_word' id='word_1_68' title='bbox 884 1194 994 1248; x_wconf 91' lang='grc' dir='ltr'>τῶν</span> <span class='ocrx_word' id='word_1_69' title='bbox 1013 1195 1289 1266; x_wconf 79' lang='grc' dir='ltr'>πατέρων,</span> <span class='ocrx_word' id='word_1_70' title='bbox 1311 1194 1542 1256; x_wconf 72' lang='grc' dir='ltr'>ἕκαστος</span> <span class='ocrx_word' id='word_1_71' title='bbox 1569 1191 1814 1260; x_wconf 75' lang='grc' dir='ltr'>ἔγκειται</span> <span class='ocrx_word' id='word_1_72' title='bbox 1828 1189 1918 1243; x_wconf 82' lang='grc' dir='ltr'>τὸν</span> 
     </span>
    </p>
   </div>
   <div class='ocr_carea' id='block_1_11' title="bbox 231 1277 1921 1354">
    <p class='ocr_par' dir='ltr' id='par_1_11' title="bbox 231 1277 1921 1354">
     <span class='ocr_line' id='line_1_11' title="bbox 231 1277 1921 1354; baseline -0.005 -15"><span class='ocrx_word' id='word_1_73' title='bbox 231 1287 349 1340; x_wconf 75' lang='grc' dir='ltr'>υἱὸν</span> <span class='ocrx_word' id='word_1_74' title='bbox 379 1283 666 1354; x_wconf 77' lang='grc' dir='ltr'>ἐπιθυμῶν</span> <span class='ocrx_word' id='word_1_75' title='bbox 698 1285 757 1337; x_wconf 82' lang='grc' dir='ltr'>ὲν</span> <span class='ocrx_word' id='word_1_76' title='bbox 780 1283 962 1352; x_wconf 81' lang='grc' dir='ltr'>λόγοις</span> <span class='ocrx_word' id='word_1_77' title='bbox 991 1281 1172 1348; x_wconf 86' lang='grc' dir='ltr'>ζῶντα</span> <span class='ocrx_word' id='word_1_78' title='bbox 1194 1283 1348 1353; x_wconf 80' lang='grc' dir='ltr'>ὀρᾷν,</span> <span class='ocrx_word' id='word_1_79' title='bbox 1383 1281 1460 1344; x_wconf 86' lang='grc' dir='ltr'>ὡς</span> <span class='ocrx_word' id='word_1_80' title='bbox 1486 1278 1732 1351; x_wconf 89' lang='grc' dir='ltr'>ἀκριϐῶς</span> <span class='ocrx_word' id='word_1_81' title='bbox 1765 1277 1921 1341; x_wconf 77' lang='grc' dir='ltr'>εἰδὼς</span> 
     </span>
    </p>
   </div>
   <div class='ocr_carea' id='block_1_12' title="bbox 231 1368 1918 1446">
    <p class='ocr_par' dir='ltr' id='par_1_12' title="bbox 231 1368 1918 1446">
     <span class='ocr_line' id='line_1_12' title="bbox 231 1368 1918 1446; baseline -0.005 -17"><span class='ocrx_word' id='word_1_82' title='bbox 231 1377 315 1430; x_wconf 79' lang='grc' dir='ltr'>ὅτι</span> <span class='ocrx_word' id='word_1_83' title='bbox 355 1371 492 1446; x_wconf 74' lang='grc' dir='ltr'>πρὸς</span> <span class='ocrx_word' id='word_1_84' title='bbox 521 1371 580 1425; x_wconf 89' lang='lat' dir='ltr'>1b</span> <span class='ocrx_word' id='word_1_85' title='bbox 613 1371 767 1434; x_wconf 91' lang='grc' dir='ltr'>τέλος</span> <span class='ocrx_word' id='word_1_86' title='bbox 809 1370 1026 1435; x_wconf 84' lang='grc' dir='ltr'>πάντως</span> <span class='ocrx_word' id='word_1_87' title='bbox 1069 1370 1188 1441; x_wconf 77' lang='grc' dir='ltr'>ἥξει</span> <span class='ocrx_word' id='word_1_88' title='bbox 1219 1370 1326 1424; x_wconf 86' lang='grc' dir='ltr'>τῶν</span> <span class='ocrx_word' id='word_1_89' title='bbox 1355 1369 1698 1440; x_wconf 84' lang='grc' dir='ltr'>λόγων,ύπὲρ</span> <span class='ocrx_word' id='word_1_90' title='bbox 1725 1368 1918 1420; x_wconf 81' lang='grc' dir='ltr'>τούτου</span> 
     </span>
    </p>
   </div>
   <div class='ocr_carea' id='block_1_13' title="bbox 216 1456 1921 1534">
    <p class='ocr_par' dir='ltr' id='par_1_13' title="bbox 216 1456 1921 1534">
     <span class='ocr_line' id='line_1_13' title="bbox 216 1456 1921 1534; baseline -0.004 -17"><span class='ocrx_word' id='word_1_91' title='bbox 216 1463 338 1534; x_wconf 73' lang='grc' dir='ltr'>,μὲν</span> <span class='ocrx_word' id='word_1_92' title='bbox 365 1463 442 1533; x_wconf 85' lang='grc' dir='ltr'>μὴ</span> <span class='ocrx_word' id='word_1_93' title='bbox 473 1460 887 1532; x_wconf 79' lang='grc' dir='ltr'>φιλονεικῶμεν,</span> <span class='ocrx_word' id='word_1_94' title='bbox 925 1459 1061 1530; x_wconf 74' lang='grc' dir='ltr'>μηδὲ</span> <span class='ocrx_word' id='word_1_95' title='bbox 1093 1460 1176 1514; x_wconf 85' lang='grc' dir='ltr'>ὅτι</span> <span class='ocrx_word' id='word_1_96' title='bbox 1215 1459 1649 1530; x_wconf 82' lang='grc' dir='ltr'>διαμαρτήσεται</span> <span class='ocrx_word' id='word_1_97' title='bbox 1685 1469 1712 1499; x_wconf 72' lang='grc' dir='ltr'>ι</span> <span class='ocrx_word' id='word_1_98' title='bbox 1749 1456 1921 1525; x_wconf 85' lang='grc' dir='ltr'>λέγω·</span> 
     </span>
    </p>
   </div>
   <div class='ocr_carea' id='block_1_14' title="bbox 236 1545 1920 1622">
    <p class='ocr_par' dir='ltr' id='par_1_14' title="bbox 236 1545 1920 1622">
     <span class='ocr_line' id='line_1_14' title="bbox 236 1545 1920 1622; baseline -0.005 -18"><span class='ocrx_word' id='word_1_99' title='bbox 236 1567 360 1622; x_wconf 88' lang='grc' dir='ltr'>μεν,</span> <span class='ocrx_word' id='word_1_100' title='bbox 390 1549 528 1602; x_wconf 87' lang='grc' dir='ltr'>ἀλλά</span> <span class='ocrx_word' id='word_1_101' title='bbox 556 1547 738 1618; x_wconf 83' lang='grc' dir='ltr'>δῶμεν</span> <span class='ocrx_word' id='word_1_102' title='bbox 765 1547 840 1618; x_wconf 80' lang='grc' dir='ltr'>τῷ</span> <span class='ocrx_word' id='word_1_103' title='bbox 880 1547 1025 1618; x_wconf 83' lang='grc' dir='ltr'>λόγῳ</span> <span class='ocrx_word' id='word_1_104' title='bbox 1064 1548 1159 1601; x_wconf 74' lang='grc' dir='ltr'>καὶ</span> <span class='ocrx_word' id='word_1_105' title='bbox 1188 1545 1541 1619; x_wconf 88' lang='grc' dir='ltr'>περιέσεσθαι</span> <span class='ocrx_word' id='word_1_106' title='bbox 1581 1545 1799 1608; x_wconf 88' lang='grc' dir='ltr'>πάντως</span> <span class='ocrx_word' id='word_1_107' title='bbox 1823 1545 1920 1597; x_wconf 78' lang='grc' dir='ltr'>αύ-</span> 
     </span>
    </p>
   </div>
   <div class='ocr_carea' id='block_1_15' title="bbox 241 1633 1920 1708">
    <p class='ocr_par' dir='ltr' id='par_1_15' title="bbox 241 1633 1920 1708">
     <span class='ocr_line' id='line_1_15' title="bbox 241 1633 1920 1708; baseline -0.002 -18"><span class='ocrx_word' id='word_1_108' title='bbox 241 1641 327 1692; x_wconf 82' lang='lat' dir='ltr'>cbv</span> <span class='ocrx_word' id='word_1_109' title='bbox 357 1637 458 1707; x_wconf 75' lang='grc' dir='ltr'>τῆς</span> <span class='ocrx_word' id='word_1_110' title='bbox 494 1637 753 1706; x_wconf 84' lang='grc' dir='ltr'>σπουδῆς,</span> <span class='ocrx_word' id='word_1_111' title='bbox 789 1637 886 1690; x_wconf 57' lang='grc' dir='ltr'>καὶ⁵</span> <span class='ocrx_word' id='word_1_112' title='bbox 922 1637 1058 1708; x_wconf 77' lang='grc' dir='ltr'>πρὸς</span> <span class='ocrx_word' id='word_1_113' title='bbox 1093 1636 1262 1706; x_wconf 85' lang='grc' dir='ltr'>ἀκρον</span> <span class='ocrx_word' id='word_1_114' title='bbox 1295 1634 1608 1704; x_wconf 81' lang='grc' dir='ltr'>ἀφίξεσθαι.</span> <span class='ocrx_word' id='word_1_115' title='bbox 1643 1635 1832 1687; x_wconf 85' lang='grc' dir='ltr'>Ἔστω</span> <span class='ocrx_word' id='word_1_116' title='bbox 1859 1633 1920 1687; x_wconf 82' lang='grc' dir='ltr'>δὲ</span> 
     </span>
    </p>
   </div>
   <div class='ocr_carea' id='block_1_16' title="bbox 235 1721 1920 1798">
    <p class='ocr_par' dir='ltr' id='par_1_16' title="bbox 235 1721 1920 1798">
     <span class='ocr_line' id='line_1_16' title="bbox 235 1721 1920 1798; baseline -0.005 -16"><span class='ocrx_word' id='word_1_117' title='bbox 235 1727 448 1798; x_wconf 74' lang='grc' dir='ltr'>αἵρεσις</span> <span class='ocrx_word' id='word_1_118' title='bbox 475 1727 607 1796; x_wconf 79' lang='grc' dir='ltr'>ἡμῖν</span> <span class='ocrx_word' id='word_1_119' title='bbox 632 1725 968 1796; x_wconf 81' lang='grc' dir='ltr'>προκειμένη</span> <span class='ocrx_word' id='word_1_120' title='bbox 991 1723 1175 1795; x_wconf 81' lang='grc' dir='ltr'>διπλῆ,</span> <span class='ocrx_word' id='word_1_121' title='bbox 1207 1723 1300 1777; x_wconf 76' lang='grc' dir='ltr'>καὶ</span> <span class='ocrx_word' id='word_1_122' title='bbox 1331 1726 1410 1787; x_wconf 87' lang='grc' dir='ltr'>είς</span> <span class='ocrx_word' id='word_1_123' title='bbox 1439 1721 1790 1776; x_wconf 80' lang='grc' dir='ltr'>διδασκαλεῖα</span> <span class='ocrx_word' id='word_1_124' title='bbox 1823 1721 1920 1792; x_wconf 89' lang='grc' dir='ltr'>μὲν</span> 
     </span>
    </p>
   </div>
   <div class='ocr_carea' id='block_1_17' title="bbox 235 1811 1921 1886">
    <p class='ocr_par' dir='ltr' id='par_1_17' title="bbox 235 1811 1921 1886">
     <span class='ocr_line' id='line_1_17' title="bbox 235 1811 1921 1886; baseline -0.002 -18"><span class='ocrx_word' id='word_1_125' title='bbox 235 1815 460 1884; x_wconf 73' lang='grc' dir='ltr'>φοιτῶν,</span> <span class='ocrx_word' id='word_1_126' title='bbox 499 1813 640 1886; x_wconf 84' lang='grc' dir='ltr'>ὑπὲρ</span> <span class='ocrx_word' id='word_1_127' title='bbox 691 1813 791 1884; x_wconf 82' lang='grc' dir='ltr'>τῆς</span> <span class='ocrx_word' id='word_1_128' title='bbox 833 1813 1124 1884; x_wconf 83' lang='grc' dir='ltr'>μαθήσεως</span> <span class='ocrx_word' id='word_1_129' title='bbox 1164 1814 1336 1884; x_wconf 77' lang='grc' dir='ltr'>ἐχέτω</span> <span class='ocrx_word' id='word_1_130' title='bbox 1373 1813 1464 1866; x_wconf 85' lang='grc' dir='ltr'>τὸν</span> <span class='ocrx_word' id='word_1_131' title='bbox 1505 1812 1715 1881; x_wconf 89' lang='grc' dir='ltr'>ἀγῶνα,</span> <span class='ocrx_word' id='word_1_132' title='bbox 1748 1813 1828 1874; x_wconf 82' lang='grc' dir='ltr'>είς</span> <span class='ocrx_word' id='word_1_133' title='bbox 1863 1811 1921 1864; x_wconf 82' lang='grc' dir='ltr'>δὲ</span> 
     </span>
    </p>
   </div>
   <div class='ocr_carea' id='block_1_18' title="bbox 233 1901 1922 1976">
    <p class='ocr_par' dir='ltr' id='par_1_18' title="bbox 233 1901 1922 1976">
     <span class='ocr_line' id='line_1_18' title="bbox 233 1901 1922 1976; baseline -0.004 -18"><span class='ocrx_word' id='word_1_134' title='bbox 233 1903 475 1976; x_wconf 77' lang='grc' dir='ltr'>ἐρημίας</span> <span class='ocrx_word' id='word_1_135' title='bbox 522 1903 666 1975; x_wconf 79' lang='grc' dir='ltr'>ὑπὲρ</span> <span class='ocrx_word' id='word_1_136' title='bbox 697 1904 797 1972; x_wconf 79' lang='grc' dir='ltr'>τῆς</span> <span class='ocrx_word' id='word_1_137' title='bbox 829 1903 1041 1974; x_wconf 74' lang='grc' dir='ltr'>ψυχῆς·</span> <span class='ocrx_word' id='word_1_138' title='bbox 1087 1902 1191 1956; x_wconf 89' lang='grc' dir='ltr'>ποῦ</span> <span class='ocrx_word' id='word_1_139' title='bbox 1225 1903 1452 1973; x_wconf 77' lang='grc' dir='ltr'>βέλτιον,</span> <span class='ocrx_word' id='word_1_140' title='bbox 1486 1901 1608 1954; x_wconf 86' lang='grc' dir='ltr'>εἰπέ</span> <span class='ocrx_word' id='word_1_141' title='bbox 1641 1918 1750 1972; x_wconf 89' lang='grc' dir='ltr'>μοι,</span> <span class='ocrx_word' id='word_1_142' title='bbox 1782 1916 1922 1971; x_wconf 86' lang='grc' dir='ltr'>κρα-</span> 
     </span>
    </p>
   </div>
   <div class='ocr_carea' id='block_1_19' title="bbox 235 1987 1924 2062">
    <p class='ocr_par' dir='ltr' id='par_1_19' title="bbox 235 1987 1924 2062">
     <span class='ocr_line' id='line_1_19' title="bbox 235 1987 1924 2062; baseline -0.004 -15"><span class='ocrx_word' id='word_1_143' title='bbox 235 1996 387 2059; x_wconf 84' lang='grc' dir='ltr'>τεῖν;</span> <span class='ocrx_word' id='word_1_144' title='bbox 423 1993 522 2046; x_wconf 76' lang='grc' dir='ltr'>Ἂν</span> <span class='ocrx_word' id='word_1_145' title='bbox 555 1991 653 2062; x_wconf 79' lang='grc' dir='ltr'>μὲν</span> <span class='ocrx_word' id='word_1_146' title='bbox 685 1991 795 2062; x_wconf 86' lang='grc' dir='ltr'>γὰρ</span> <span class='ocrx_word' id='word_1_147' title='bbox 833 1990 1176 2061; x_wconf 76' lang='grc' dir='ltr'>ἑκατέρωθεν</span> <span class='ocrx_word' id='word_1_148' title='bbox 1216 1989 1514 2061; x_wconf 82' lang='grc' dir='ltr'>συμϐαίνῃ,</span> <span class='ocrx_word' id='word_1_149' title='bbox 1547 1987 1704 2057; x_wconf 86' lang='grc' dir='ltr'>κάγὼ</span> <span class='ocrx_word' id='word_1_150' title='bbox 1735 1987 1924 2058; x_wconf 88' lang='grc' dir='ltr'>βούλο-</span> 
     </span>
    </p>
   </div>
   <div class='ocr_carea' id='block_1_20' title="bbox 239 2077 1921 2154">
    <p class='ocr_par' dir='ltr' id='par_1_20' title="bbox 239 2077 1921 2154">
     <span class='ocr_line' id='line_1_20' title="bbox 239 2077 1921 2154; baseline -0.003 -19"><span class='ocrx_word' id='word_1_151' title='bbox 239 2100 369 2154; x_wconf 87' lang='grc' dir='ltr'>μαι·</span> <span class='ocrx_word' id='word_1_152' title='bbox 403 2081 469 2134; x_wconf 84' lang='grc' dir='ltr'>ἂν</span> <span class='ocrx_word' id='word_1_153' title='bbox 491 2079 549 2134; x_wconf 85' lang='grc' dir='ltr'>δὲ</span> <span class='ocrx_word' id='word_1_154' title='bbox 577 2079 804 2154; x_wconf 85' lang='grc' dir='ltr'>θάτερον</span> <span class='ocrx_word' id='word_1_155' title='bbox 832 2079 1112 2150; x_wconf 79' lang='grc' dir='ltr'>λείπηται,</span> <span class='ocrx_word' id='word_1_156' title='bbox 1155 2079 1364 2152; x_wconf 84' lang='grc' dir='ltr'>βέλτιον</span> <span class='ocrx_word' id='word_1_157' title='bbox 1407 2078 1624 2131; x_wconf 81' lang='grc' dir='ltr'>ἑλέσθαι</span> <span class='ocrx_word' id='word_1_158' title='bbox 1652 2077 1711 2130; x_wconf 85' lang='grc' dir='ltr'>τὸ</span> <span class='ocrx_word' id='word_1_159' title='bbox 1740 2078 1921 2147; x_wconf 77' lang='grc' dir='ltr'>κρεῖτο</span> 
     </span>
    </p>
   </div>
   <div class='ocr_carea' id='block_1_21' title="bbox 245 2165 1920 2239">
    <p class='ocr_par' dir='ltr' id='par_1_21' title="bbox 245 2165 1920 2239">
     <span class='ocr_line' id='line_1_21' title="bbox 245 2165 1920 2239; baseline -0.003 -14"><span class='ocrx_word' id='word_1_160' title='bbox 245 2187 349 2225; x_wconf 78' lang='grc' dir='ltr'>σον.</span> <span class='ocrx_word' id='word_1_161' title='bbox 376 2169 507 2233; x_wconf 77' lang='grc' dir='ltr'>Ναὶ,</span> <span class='ocrx_word' id='word_1_162' title='bbox 537 2169 722 2239; x_wconf 76' lang='grc' dir='ltr'>φησὶν,</span> <span class='ocrx_word' id='word_1_163' title='bbox 753 2168 885 2223; x_wconf 77' lang='grc' dir='ltr'>αὐτὸ</span> <span class='ocrx_word' id='word_1_164' title='bbox 907 2169 964 2220; x_wconf 84' lang='grc' dir='ltr'>δὲ</span> <span class='ocrx_word' id='word_1_165' title='bbox 995 2167 1154 2220; x_wconf 89' lang='grc' dir='ltr'>τοῦτο</span> <span class='ocrx_word' id='word_1_166' title='bbox 1197 2167 1360 2220; x_wconf 89' lang='grc' dir='ltr'>πόθεν</span> <span class='ocrx_word' id='word_1_167' title='bbox 1398 2169 1529 2238; x_wconf 83' lang='grc' dir='ltr'>ἡμῖν</span> <span class='ocrx_word' id='word_1_168' title='bbox 1557 2166 1712 2221; x_wconf 75' lang='grc' dir='ltr'>ἔσται</span> <span class='ocrx_word' id='word_1_169' title='bbox 1743 2165 1920 2236; x_wconf 82' lang='grc' dir='ltr'>δῆλον,</span> 
     </span>
    </p>
   </div>
   <div class='ocr_carea' id='block_1_22' title="bbox 236 2254 1926 2328">
    <p class='ocr_par' dir='ltr' id='par_1_22' title="bbox 236 2254 1926 2328">
     <span class='ocr_line' id='line_1_22' title="bbox 236 2254 1926 2328; baseline -0.001 -17"><span class='ocrx_word' id='word_1_170' title='bbox 236 2258 322 2328; x_wconf 69' lang='grc' dir='ltr'>ὅτι</span> <span class='ocrx_word' id='word_1_171' title='bbox 371 2258 630 2328; x_wconf 85' lang='grc' dir='ltr'>στήσεται</span> <span class='ocrx_word' id='word_1_172' title='bbox 677 2257 772 2311; x_wconf 71' lang='grc' dir='ltr'>καὶ</span> <span class='ocrx_word' id='word_1_173' title='bbox 805 2259 974 2328; x_wconf 85' lang='grc' dir='ltr'>μενεῖ,</span> <span class='ocrx_word' id='word_1_174' title='bbox 1019 2256 1114 2310; x_wconf 83' lang='grc' dir='ltr'>καὶ</span> <span class='ocrx_word' id='word_1_175' title='bbox 1153 2256 1214 2310; x_wconf 85' lang='grc' dir='ltr'>ού</span> <span class='ocrx_word' id='word_1_176' title='bbox 1264 2258 1688 2328; x_wconf 83' lang='grc' dir='ltr'>μεταπεσεῖται;</span> <span class='ocrx_word' id='word_1_177' title='bbox 1737 2254 1926 2309; x_wconf 74' lang='grc' dir='ltr'>πολλοὶ</span> 
     </span>
    </p>
   </div>
   <div class='ocr_carea' id='block_1_23' title="bbox 249 2345 1924 2420">
    <p class='ocr_par' dir='ltr' id='par_1_23' title="bbox 249 2345 1924 2420">
     <span class='ocr_line' id='line_1_23' title="bbox 249 2345 1924 2420; baseline -0.001 -19"><span class='ocrx_word' id='word_1_178' title='bbox 249 2347 352 2420; x_wconf 77' lang='grc' dir='ltr'>γὰρ</span> <span class='ocrx_word' id='word_1_179' title='bbox 373 2349 424 2401; x_wconf 84' lang='grc' dir='ltr'>οί</span> <span class='ocrx_word' id='word_1_180' title='bbox 457 2347 736 2411; x_wconf 84' lang='grc' dir='ltr'>πεσόντες.</span> <span class='ocrx_word' id='word_1_181' title='bbox 770 2348 942 2402; x_wconf 90' lang='grc' dir='ltr'>Πόθεν</span> <span class='ocrx_word' id='word_1_182' title='bbox 965 2348 1126 2418; x_wconf 79' lang='grc' dir='ltr'>δῆλον</span> <span class='ocrx_word' id='word_1_183' title='bbox 1158 2349 1240 2402; x_wconf 82' lang='grc' dir='ltr'>ὅτι</span> <span class='ocrx_word' id='word_1_184' title='bbox 1267 2347 1328 2400; x_wconf 78' lang='grc' dir='ltr'>οὐ</span> <span class='ocrx_word' id='word_1_185' title='bbox 1358 2348 1638 2418; x_wconf 85' lang='grc' dir='ltr'>στήσεται,</span> <span class='ocrx_word' id='word_1_186' title='bbox 1670 2345 1792 2400; x_wconf 84' lang='grc' dir='ltr'>ούδέ</span> <span class='ocrx_word' id='word_1_187' title='bbox 1825 2363 1924 2418; x_wconf 89' lang='grc' dir='ltr'>με-</span> 
     </span>
    </p>
   </div>
   <div class='ocr_carea' id='block_1_24' title="bbox 243 2434 1924 2510">
    <p class='ocr_par' dir='ltr' id='par_1_24' title="bbox 243 2434 1924 2510">
     <span class='ocr_line' id='line_1_24' title="bbox 243 2434 1924 2510; baseline 0 -22"><span class='ocrx_word' id='word_1_188' title='bbox 243 2437 358 2501; x_wconf 73' lang='grc' dir='ltr'>νεῖς</span> <span class='ocrx_word' id='word_1_189' title='bbox 415 2435 601 2490; x_wconf 76' lang='grc' dir='ltr'>πολλοὶ</span> <span class='ocrx_word' id='word_1_190' title='bbox 659 2434 768 2509; x_wconf 82' lang='grc' dir='ltr'>γὰρ</span> <span class='ocrx_word' id='word_1_191' title='bbox 823 2437 872 2489; x_wconf 91' lang='grc' dir='ltr'>οί</span> <span class='ocrx_word' id='word_1_192' title='bbox 932 2437 1176 2500; x_wconf 85' lang='grc' dir='ltr'>στάντες,</span> <span class='ocrx_word' id='word_1_193' title='bbox 1233 2435 1330 2488; x_wconf 67' lang='grc' dir='ltr'>καὶ</span> <span class='ocrx_word' id='word_1_194' title='bbox 1379 2434 1489 2489; x_wconf 90' lang='grc' dir='ltr'>τῶν</span> <span class='ocrx_word' id='word_1_195' title='bbox 1555 2434 1924 2510; x_wconf 86' lang='grc' dir='ltr'>πεπτωκότων</span> 
     </span>
    </p>
   </div>
   <div class='ocr_carea' id='block_1_25' title="bbox 241 2523 1923 2596">
    <p class='ocr_par' dir='ltr' id='par_1_25' title="bbox 241 2523 1923 2596">
     <span class='ocr_line' id='line_1_25' title="bbox 241 2523 1923 2596; baseline -0.001 -18"><span class='ocrx_word' id='word_1_196' title='bbox 241 2523 495 2588; x_wconf 71' lang='grc' dir='ltr'>πλείους*</span> <span class='ocrx_word' id='word_1_197' title='bbox 525 2525 668 2580; x_wconf 83' lang='grc' dir='ltr'>ὥστε</span> <span class='ocrx_word' id='word_1_198' title='bbox 715 2525 805 2580; x_wconf 86' lang='grc' dir='ltr'>διὰ</span> <span class='ocrx_word' id='word_1_199' title='bbox 839 2525 1063 2590; x_wconf 82' lang='grc' dir='ltr'>τούτους</span> <span class='ocrx_word' id='word_1_200' title='bbox 1118 2525 1320 2596; x_wconf 79' lang='grc' dir='ltr'>μᾶλλον</span> <span class='ocrx_word' id='word_1_201' title='bbox 1364 2525 1588 2596; x_wconf 75' lang='grc' dir='ltr'>θαρρεῖν</span> <span class='ocrx_word' id='word_1_202' title='bbox 1635 2523 1762 2596; x_wconf 82' lang='grc' dir='ltr'>χρὴ,</span> <span class='ocrx_word' id='word_1_203' title='bbox 1794 2523 1826 2593; x_wconf 80' lang='grc' dir='ltr'><strong>ἢ</strong></span> <span class='ocrx_word' id='word_1_204' title='bbox 1857 2524 1923 2578; x_wconf 80' lang='grc' dir='ltr'>δι’</span> 
     </span>
    </p>
   </div>
   <div class='ocr_carea' id='block_1_26' title="bbox 241 2611 1925 2683">
    <p class='ocr_par' dir='ltr' id='par_1_26' title="bbox 241 2611 1925 2683">
     <span class='ocr_line' id='line_1_26' title="bbox 241 2611 1925 2683; baseline -0.001 -15"><span class='ocrx_word' id='word_1_205' title='bbox 241 2613 488 2678; x_wconf 77' lang='grc' dir='ltr'>ἐκείνους</span> <span class='ocrx_word' id='word_1_206' title='bbox 525 2613 830 2683; x_wconf 86' lang='grc' dir='ltr'>φοϐεῖσθαι.</span> <span class='ocrx_word' id='word_1_207' title='bbox 873 2615 1031 2678; x_wconf 82' lang='grc' dir='ltr'>Τίνος</span> <span class='ocrx_word' id='word_1_208' title='bbox 1061 2614 1121 2667; x_wconf 89' lang='grc' dir='ltr'>δέ</span> <span class='ocrx_word' id='word_1_209' title='bbox 1150 2613 1337 2667; x_wconf 77' lang='grc' dir='ltr'>ἕνεκεν</span> <span class='ocrx_word' id='word_1_210' title='bbox 1365 2613 1460 2667; x_wconf 70' lang='grc' dir='ltr'>καὶ</span> <span class='ocrx_word' id='word_1_211' title='bbox 1489 2612 1584 2666; x_wconf 70' lang='grc' dir='ltr'>ἐπὶ</span> <span class='ocrx_word' id='word_1_212' title='bbox 1617 2613 1724 2666; x_wconf 91' lang='grc' dir='ltr'>τῶν</span> <span class='ocrx_word' id='word_1_213' title='bbox 1751 2611 1925 2680; x_wconf 89' lang='grc' dir='ltr'>λόγων</span> 
     </span>
    </p>
   </div>
   <div class='ocr_carea' id='block_1_27' title="bbox 241 2701 1924 2774">
    <p class='ocr_par' dir='ltr' id='par_1_27' title="bbox 241 2701 1924 2774">
     <span class='ocr_line' id='line_1_27' title="bbox 241 2701 1924 2774; baseline 0 -20"><span class='ocrx_word' id='word_1_214' title='bbox 241 2701 379 2755; x_wconf 77' lang='grc' dir='ltr'>αύτδ</span> <span class='ocrx_word' id='word_1_215' title='bbox 400 2702 560 2756; x_wconf 89' lang='grc' dir='ltr'>τοῦτο</span> <span class='ocrx_word' id='word_1_216' title='bbox 593 2702 654 2756; x_wconf 86' lang='grc' dir='ltr'>οὑ</span> <span class='ocrx_word' id='word_1_217' title='bbox 679 2702 946 2768; x_wconf 84' lang='grc' dir='ltr'>δέδοικας,</span> <span class='ocrx_word' id='word_1_218' title='bbox 982 2701 1110 2756; x_wconf 78' lang='grc' dir='ltr'>ἔνθα</span> <span class='ocrx_word' id='word_1_219' title='bbox 1144 2701 1380 2774; x_wconf 85' lang='grc' dir='ltr'>μάλιστα</span> <span class='ocrx_word' id='word_1_220' title='bbox 1409 2701 1704 2756; x_wconf 83' lang='grc' dir='ltr'>δεδοικέναι</span> <span class='ocrx_word' id='word_1_221' title='bbox 1726 2701 1924 2772; x_wconf 83' lang='grc' dir='ltr'>ἐχρῆν;</span> 
     </span>
    </p>
   </div>
   <div class='ocr_carea' id='block_1_28' title="bbox 243 2772 1928 2863">
    <p class='ocr_par' dir='ltr' id='par_1_28' title="bbox 243 2772 1928 2863">
     <span class='ocr_line' id='line_1_28' title="bbox 243 2772 1928 2863; baseline -0.001 -18"><span class='ocrx_word' id='word_1_222' title='bbox 243 2790 408 2863; x_wconf 85' lang='grc' dir='ltr'>Παρά</span> <span class='ocrx_word' id='word_1_223' title='bbox 437 2791 538 2861; x_wconf 80' lang='grc' dir='ltr'>μὲν</span> <span class='ocrx_word' id='word_1_224' title='bbox 569 2791 678 2862; x_wconf 89' lang='grc' dir='ltr'>γάρ</span> <span class='ocrx_word' id='word_1_225' title='bbox 711 2794 825 2856; x_wconf 90' lang='grc' dir='ltr'>τοῖς</span> <span class='ocrx_word' id='word_1_226' title='bbox 866 2793 1121 2862; x_wconf 90' lang='grc' dir='ltr'>μοναχοῖς</span> <span class='ocrx_word' id='word_1_227' title='bbox 1148 2772 1230 2844; x_wconf 58' lang='grc' dir='ltr'>ἐκ</span> <span class='ocrx_word' id='word_1_228' title='bbox 1246 2791 1456 2844; x_wconf 89' lang='grc' dir='ltr'>πολλῶν</span> <span class='ocrx_word' id='word_1_229' title='bbox 1489 2790 1662 2860; x_wconf 83' lang='grc' dir='ltr'>ὀλίγοι</span> <span class='ocrx_word' id='word_1_230' title='bbox 1692 2790 1928 2862; x_wconf 87' lang='grc' dir='ltr'>διήμαρ-</span> 
     </span>
    </p>
   </div>
   <div class='ocr_carea' id='block_1_29' title="bbox 242 2879 1926 2953">
    <p class='ocr_par' dir='ltr' id='par_1_29' title="bbox 242 2879 1926 2953">
     <span class='ocr_line' id='line_1_29' title="bbox 242 2879 1926 2953; baseline 0.001 -20"><span class='ocrx_word' id='word_1_231' title='bbox 242 2896 369 2934; x_wconf 71' lang='grc' dir='ltr'>τοψ</span> <span class='ocrx_word' id='word_1_232' title='bbox 398 2881 455 2934; x_wconf 82' lang='grc' dir='ltr'>ἐν</span> <span class='ocrx_word' id='word_1_233' title='bbox 487 2881 544 2933; x_wconf 81' lang='grc' dir='ltr'>δὲ</span> <span class='ocrx_word' id='word_1_234' title='bbox 568 2884 688 2945; x_wconf 87' lang='grc' dir='ltr'>ταῖς</span> <span class='ocrx_word' id='word_1_235' title='bbox 717 2881 828 2934; x_wconf 88' lang='grc' dir='ltr'>τῶν</span> <span class='ocrx_word' id='word_1_236' title='bbox 857 2881 1033 2950; x_wconf 84' lang='grc' dir='ltr'>λόγων</span> <span class='ocrx_word' id='word_1_237' title='bbox 1063 2879 1365 2953; x_wconf 86' lang='grc' dir='ltr'>διατριϐαῖς</span> <span class='ocrx_word' id='word_1_238' title='bbox 1393 2881 1502 2934; x_wconf 80' lang='grc' dir='ltr'>ἀπὸ</span> <span class='ocrx_word' id='word_1_239' title='bbox 1527 2879 1737 2936; x_wconf 84' lang='grc' dir='ltr'>πολλῶν</span> <span class='ocrx_word' id='word_1_240' title='bbox 1755 2881 1926 2950; x_wconf 82' lang='grc' dir='ltr'>ὀλίγοι</span> 
     </span>
    </p>
   </div>
   <div class='ocr_carea' id='block_1_30' title="bbox 241 2971 1926 3045">
    <p class='ocr_par' dir='ltr' id='par_1_30' title="bbox 241 2971 1926 3045">
     <span class='ocr_line' id='line_1_30' title="bbox 241 2971 1926 3045; baseline 0.004 -22"><span class='ocrx_word' id='word_1_241' title='bbox 241 2971 641 3043; x_wconf 80' lang='grc' dir='ltr'>κατώρθωσαν.</span> <span class='ocrx_word' id='word_1_242' title='bbox 679 2974 792 3026; x_wconf 72' lang='grc' dir='ltr'>Καὶ</span> <span class='ocrx_word' id='word_1_243' title='bbox 819 2974 921 3026; x_wconf 82' lang='grc' dir='ltr'>οὐκ</span> <span class='ocrx_word' id='word_1_244' title='bbox 952 2972 1063 3026; x_wconf 84' lang='grc' dir='ltr'>ἀπὸ</span> <span class='ocrx_word' id='word_1_245' title='bbox 1086 2971 1294 3027; x_wconf 89' lang='grc' dir='ltr'>τούτων</span> <span class='ocrx_word' id='word_1_246' title='bbox 1329 2973 1512 3044; x_wconf 89' lang='grc' dir='ltr'>μόνον,</span> <span class='ocrx_word' id='word_1_247' title='bbox 1541 2972 1678 3027; x_wconf 91' lang='grc' dir='ltr'>ἀλλά</span> <span class='ocrx_word' id='word_1_248' title='bbox 1705 2975 1800 3027; x_wconf 77' lang='grc' dir='ltr'>καὶ</span> <span class='ocrx_word' id='word_1_249' title='bbox 1833 2975 1926 3045; x_wconf 80' lang='grc' dir='ltr'>ἀφ’</span> 
     </span>
    </p>
   </div>
   <div class='ocr_carea' id='block_1_31' title="bbox 245 3065 1924 3139">
    <p class='ocr_par' dir='ltr' id='par_1_31' title="bbox 245 3065 1924 3139">
     <span class='ocr_line' id='line_1_31' title="bbox 245 3065 1924 3139; baseline 0.003 -19"><span class='ocrx_word' id='word_1_250' title='bbox 245 3065 456 3137; x_wconf 76' lang='grc' dir='ltr'>ἑτέρων</span> <span class='ocrx_word' id='word_1_251' title='bbox 491 3065 754 3123; x_wconf 82' lang='grc' dir='ltr'>πλειόνων</span> <span class='ocrx_word' id='word_1_252' title='bbox 785 3066 1010 3130; x_wconf 81' lang='grc' dir='ltr'>εἰκότως</span> <span class='ocrx_word' id='word_1_253' title='bbox 1047 3067 1112 3121; x_wconf 82' lang='grc' dir='ltr'>ἄν</span> <span class='ocrx_word' id='word_1_254' title='bbox 1145 3085 1229 3130; x_wconf 89' lang='grc' dir='ltr'>τις</span> <span class='ocrx_word' id='word_1_255' title='bbox 1251 3068 1436 3122; x_wconf 83' lang='grc' dir='ltr'>ἐκεῖνα</span> <span class='ocrx_word' id='word_1_256' title='bbox 1459 3068 1659 3139; x_wconf 83' lang='grc' dir='ltr'>μᾶλλον</span> <span class='ocrx_word' id='word_1_257' title='bbox 1683 3069 1924 3139; x_wconf 81' lang='grc' dir='ltr'>φοϐοῖτο.</span> 
     </span>
    </p>
   </div>
   <div class='ocr_carea' id='block_1_32' title="bbox 247 3157 1930 3232">
    <p class='ocr_par' dir='ltr' id='par_1_32' title="bbox 247 3157 1930 3232">
     <span class='ocr_line' id='line_1_32' title="bbox 247 3157 1930 3232; baseline 0.002 -19"><span class='ocrx_word' id='word_1_258' title='bbox 247 3161 362 3214; x_wconf 70' lang='grc' dir='ltr'>Καὶ</span> <span class='ocrx_word' id='word_1_259' title='bbox 408 3160 518 3231; x_wconf 71' lang='grc' dir='ltr'>γὰρ</span> <span class='ocrx_word' id='word_1_260' title='bbox 559 3157 750 3222; x_wconf 79' lang='grc' dir='ltr'>παιδὸς</span> <span class='ocrx_word' id='word_1_261' title='bbox 801 3159 994 3228; x_wconf 75' lang='grc' dir='ltr'>ἀφυῖα,</span> <span class='ocrx_word' id='word_1_262' title='bbox 1043 3159 1138 3212; x_wconf 73' lang='grc' dir='ltr'>καὶ</span> <span class='ocrx_word' id='word_1_263' title='bbox 1184 3159 1521 3214; x_wconf 82' lang='grc' dir='ltr'>διδασκάλων</span> <span class='ocrx_word' id='word_1_264' title='bbox 1561 3161 1789 3232; x_wconf 77' lang='grc' dir='ltr'>ἀμαθία,</span> <span class='ocrx_word' id='word_1_265' title='bbox 1835 3164 1930 3216; x_wconf 75' lang='grc' dir='ltr'>καὶ</span> 
     </span>
    </p>
   </div>
   <div class='ocr_carea' id='block_1_33' title="bbox 249 3249 1930 3322">
    <p class='ocr_par' dir='ltr' id='par_1_33' title="bbox 249 3249 1930 3322">
     <span class='ocr_line' id='line_1_33' title="bbox 249 3249 1930 3322; baseline 0.001 -16"><span class='ocrx_word' id='word_1_266' title='bbox 249 3251 622 3320; x_wconf 81' lang='grc' dir='ltr'>παιδαγωγῶν</span> <span class='ocrx_word' id='word_1_267' title='bbox 655 3249 918 3322; x_wconf 62' lang='grc' dir='ltr'>ῥᾳθυμία,</span> <span class='ocrx_word' id='word_1_268' title='bbox 965 3249 1060 3304; x_wconf 74' lang='grc' dir='ltr'>καὶ</span> <span class='ocrx_word' id='word_1_269' title='bbox 1103 3251 1310 3322; x_wconf 84' lang='grc' dir='ltr'>πατρὸς</span> <span class='ocrx_word' id='word_1_270' title='bbox 1345 3251 1589 3322; x_wconf 79' lang='grc' dir='ltr'>ἀσχολία,</span> <span class='ocrx_word' id='word_1_271' title='bbox 1626 3253 1721 3307; x_wconf 75' lang='grc' dir='ltr'>καὶ</span> <span class='ocrx_word' id='word_1_272' title='bbox 1749 3253 1930 3308; x_wconf 81' lang='grc' dir='ltr'>δαπα⁸</span> 
     </span>
    </p>
   </div>
   <div class='ocr_carea' id='block_1_34' title="bbox 243 3343 1930 3419">
    <p class='ocr_par' dir='ltr' id='par_1_34' title="bbox 243 3343 1930 3419">
     <span class='ocr_line' id='line_1_34' title="bbox 243 3343 1930 3419; baseline 0 -17"><span class='ocrx_word' id='word_1_273' title='bbox 243 3347 356 3402; x_wconf 85' lang='grc' dir='ltr'>νῶν</span> <span class='ocrx_word' id='word_1_274' title='bbox 409 3347 504 3402; x_wconf 74' lang='grc' dir='ltr'>καὶ</span> <span class='ocrx_word' id='word_1_275' title='bbox 553 3345 763 3418; x_wconf 89' lang='grc' dir='ltr'>μισθῶν</span> <span class='ocrx_word' id='word_1_276' title='bbox 819 3343 1091 3414; x_wconf 73' lang='grc' dir='ltr'>ἔλλειψις,</span> <span class='ocrx_word' id='word_1_277' title='bbox 1141 3346 1236 3399; x_wconf 72' lang='grc' dir='ltr'>καὶ</span> <span class='ocrx_word' id='word_1_278' title='bbox 1271 3346 1490 3418; x_wconf 87' lang='grc' dir='ltr'>τρόπων</span> <span class='ocrx_word' id='word_1_279' title='bbox 1536 3346 1790 3419; x_wconf 77' lang='grc' dir='ltr'>διαφορὰ,</span> <span class='ocrx_word' id='word_1_280' title='bbox 1835 3349 1930 3402; x_wconf 77' lang='grc' dir='ltr'>καὶ</span> 
     </span>
    </p>
   </div>
   <div class='ocr_carea' id='block_1_35' title="bbox 249 3439 1930 3515">
    <p class='ocr_par' dir='ltr' id='par_1_35' title="bbox 249 3439 1930 3515">
     <span class='ocr_line' id='line_1_35' title="bbox 249 3439 1930 3515; baseline 0.001 -18"><span class='ocrx_word' id='word_1_281' title='bbox 249 3441 638 3514; x_wconf 81' lang='grc' dir='ltr'>συμφοιτητῶν</span> <span class='ocrx_word' id='word_1_282' title='bbox 666 3439 831 3496; x_wconf 89' lang='grc' dir='ltr'>κακία</span> <span class='ocrx_word' id='word_1_283' title='bbox 853 3441 954 3494; x_wconf 68' lang='grc' dir='ltr'>καῖ</span> <span class='ocrx_word' id='word_1_284' title='bbox 980 3439 1172 3508; x_wconf 86' lang='grc' dir='ltr'>φθόνος</span> <span class='ocrx_word' id='word_1_285' title='bbox 1207 3442 1303 3494; x_wconf 70' lang='grc' dir='ltr'>καὶ</span> <span class='ocrx_word' id='word_1_286' title='bbox 1332 3441 1620 3511; x_wconf 87' lang='grc' dir='ltr'>βασκανία,</span> <span class='ocrx_word' id='word_1_287' title='bbox 1647 3441 1798 3515; x_wconf 79' lang='grc'>[100]</span> <span class='ocrx_word' id='word_1_288' title='bbox 1835 3445 1930 3498; x_wconf 71' lang='grc' dir='ltr'>καὶ</span> 
     </span>
    </p>
   </div>
   <div class='ocr_carea' id='block_1_36' title="bbox 248 3533 1927 3610">
    <p class='ocr_par' dir='ltr' id='par_1_36' title="bbox 248 3533 1927 3610">
     <span class='ocr_line' id='line_1_36' title="bbox 248 3533 1927 3610; baseline 0.001 -22"><span class='ocrx_word' id='word_1_289' title='bbox 248 3535 426 3589; x_wconf 76' lang='grc' dir='ltr'>πολλά</span> <span class='ocrx_word' id='word_1_290' title='bbox 463 3534 626 3610; x_wconf 67' lang='grc' dir='ltr'>ἕτερα</span> <span class='ocrx_word' id='word_1_291' title='bbox 649 3534 726 3606; x_wconf 81' lang='grc' dir='ltr'>τῷ</span> <span class='ocrx_word' id='word_1_292' title='bbox 755 3533 900 3588; x_wconf 85' lang='grc' dir='ltr'>τέλει</span> <span class='ocrx_word' id='word_1_293' title='bbox 929 3533 1272 3604; x_wconf 86' lang='grc' dir='ltr'>λυμαίνεται.</span> <span class='ocrx_word' id='word_1_294' title='bbox 1305 3534 1417 3605; x_wconf 51' lang='grc' dir='ltr'>Καὶ</span> <span class='ocrx_word' id='word_1_295' title='bbox 1453 3533 1512 3586; x_wconf 76' lang='grc' dir='ltr'>οὐ</span> <span class='ocrx_word' id='word_1_296' title='bbox 1543 3533 1715 3586; x_wconf 87' lang='grc' dir='ltr'>ταῦτα</span> <span class='ocrx_word' id='word_1_297' title='bbox 1750 3534 1927 3605; x_wconf 82' lang='grc' dir='ltr'>μόνον,</span> 
     </span>
    </p>
   </div>
   <div class='ocr_carea' id='block_1_37' title="bbox 245 3630 1932 3705">
    <p class='ocr_par' dir='ltr' id='par_1_37' title="bbox 245 3630 1932 3705">
     <span class='ocr_line' id='line_1_37' title="bbox 245 3630 1932 3705; baseline 0.001 -20"><span class='ocrx_word' id='word_1_298' title='bbox 245 3631 391 3685; x_wconf 81' lang='grc' dir='ltr'>ἀλλά</span> <span class='ocrx_word' id='word_1_299' title='bbox 417 3633 509 3686; x_wconf 70' lang='grc' dir='ltr'>καὶ</span> <span class='ocrx_word' id='word_1_300' title='bbox 535 3631 674 3703; x_wconf 85' lang='grc' dir='ltr'>μετά</span> <span class='ocrx_word' id='word_1_301' title='bbox 695 3631 758 3685; x_wconf 82' lang='lat' dir='ltr'>1b</span> <span class='ocrx_word' id='word_1_302' title='bbox 775 3631 928 3694; x_wconf 84' lang='grc' dir='ltr'>τέλος</span> <span class='ocrx_word' id='word_1_303' title='bbox 955 3630 1160 3684; x_wconf 89' lang='grc' dir='ltr'>τούτων</span> <span class='ocrx_word' id='word_1_304' title='bbox 1183 3630 1345 3703; x_wconf 74' lang='grc' dir='ltr'>ἕτερα</span> <span class='ocrx_word' id='word_1_305' title='bbox 1377 3631 1597 3685; x_wconf 89' lang='grc' dir='ltr'>πλείονα</span> <span class='ocrx_word' id='word_1_306' title='bbox 1615 3647 1628 3662; x_wconf 77' lang='grc'><strong><em>⁸</em></strong></span> <span class='ocrx_word' id='word_1_307' title='bbox 1663 3633 1792 3686; x_wconf 82' lang='grc' dir='ltr'>ὅταν</span> <span class='ocrx_word' id='word_1_308' title='bbox 1823 3633 1932 3705; x_wconf 90' lang='grc' dir='ltr'>γάρ</span> 
     </span>
    </p>
   </div>
   <div class='ocr_carea' id='block_1_38' title="bbox 247 3727 1933 3801">
    <p class='ocr_par' dir='ltr' id='par_1_38' title="bbox 247 3727 1933 3801">
     <span class='ocr_line' id='line_1_38' title="bbox 247 3727 1933 3801; baseline 0.001 -18"><span class='ocrx_word' id='word_1_309' title='bbox 247 3727 467 3784; x_wconf 70' lang='grc' dir='ltr'>ἅπαντα</span> <span class='ocrx_word' id='word_1_310' title='bbox 499 3727 744 3800; x_wconf 76' lang='grc' dir='ltr'>ὑπερϐὰς</span> <span class='ocrx_word' id='word_1_311' title='bbox 773 3727 910 3798; x_wconf 70' lang='grc' dir='ltr'>πρὸς</span> <span class='ocrx_word' id='word_1_312' title='bbox 935 3727 1068 3780; x_wconf 86' lang='grc' dir='ltr'>αύτὺ</span> <span class='ocrx_word' id='word_1_313' title='bbox 1105 3727 1205 3797; x_wconf 83' lang='grc' dir='ltr'>τῆς</span> <span class='ocrx_word' id='word_1_314' title='bbox 1229 3727 1476 3793; x_wconf 86' lang='grc' dir='ltr'>παιδείας</span> <span class='ocrx_word' id='word_1_315' title='bbox 1532 3728 1592 3781; x_wconf 87' lang='grc' dir='ltr'>τὸ</span> <span class='ocrx_word' id='word_1_316' title='bbox 1623 3729 1791 3801; x_wconf 84' lang='grc' dir='ltr'>ἄκρον</span> <span class='ocrx_word' id='word_1_317' title='bbox 1828 3730 1933 3800; x_wconf 81' lang='grc' dir='ltr'>ἀφ-</span> 
     </span>
    </p>
   </div>
   <div class='ocr_carea' id='block_1_39' title="bbox 254 3823 1930 3895">
    <p class='ocr_par' dir='ltr' id='par_1_39' title="bbox 254 3823 1930 3895">
     <span class='ocr_line' id='line_1_39' title="bbox 254 3823 1930 3895; baseline 0.001 -17"><span class='ocrx_word' id='word_1_318' title='bbox 254 3827 460 3894; x_wconf 89' lang='grc' dir='ltr'>ίκηται,</span> <span class='ocrx_word' id='word_1_319' title='bbox 481 3825 673 3895; x_wconf 69' lang='grc' dir='ltr'>μηδενὶ</span> <span class='ocrx_word' id='word_1_320' title='bbox 687 3823 891 3878; x_wconf 90' lang='grc' dir='ltr'>τούτων</span> <span class='ocrx_word' id='word_1_321' title='bbox 916 3823 1350 3888; x_wconf 79' lang='grc' dir='ltr'>ύποσκελισθεὶς,</span> <span class='ocrx_word' id='word_1_322' title='bbox 1379 3823 1543 3895; x_wconf 87' lang='grc' dir='ltr'>ἐτέρα</span> <span class='ocrx_word' id='word_1_323' title='bbox 1565 3823 1727 3878; x_wconf 84' lang='grc' dir='ltr'>πάλιν</span> <span class='ocrx_word' id='word_1_324' title='bbox 1753 3828 1930 3880; x_wconf 89' lang='grc' dir='ltr'>κεῖται</span> 
     </span>
    </p>
   </div>
   <div class='ocr_carea' id='block_1_40' title="bbox 251 3919 1932 3994">
    <p class='ocr_par' dir='ltr' id='par_1_40' title="bbox 251 3919 1932 3994">
     <span class='ocr_line' id='line_1_40' title="bbox 251 3919 1932 3994; baseline 0.002 -20"><span class='ocrx_word' id='word_1_325' title='bbox 251 3919 446 3991; x_wconf 79' lang='grc' dir='ltr'>ἐνέδρα</span> <span class='ocrx_word' id='word_1_326' title='bbox 481 3922 615 3974; x_wconf 82' lang='grc' dir='ltr'>ἐκεῖ.</span> <span class='ocrx_word' id='word_1_327' title='bbox 646 3921 757 3974; x_wconf 76' lang='grc' dir='ltr'>Καὶ</span> <span class='ocrx_word' id='word_1_328' title='bbox 789 3919 897 3992; x_wconf 84' lang='grc' dir='ltr'>γὰρ</span> <span class='ocrx_word' id='word_1_329' title='bbox 943 3920 1204 3994; x_wconf 78' lang='grc' dir='ltr'>ἄρχοντος</span> <span class='ocrx_word' id='word_1_330' title='bbox 1249 3922 1565 3994; x_wconf 88' lang='grc' dir='ltr'>δυσμένεια,</span> <span class='ocrx_word' id='word_1_331' title='bbox 1607 3923 1704 3978; x_wconf 73' lang='grc' dir='ltr'>καὶ</span> <span class='ocrx_word' id='word_1_332' title='bbox 1739 3923 1932 3992; x_wconf 77' lang='grc' dir='ltr'>φθόνος</span> 
     </span>
    </p>
   </div>
   <div class='ocr_carea' id='block_1_41' title="bbox 249 4017 1932 4092">
    <p class='ocr_par' dir='ltr' id='par_1_41' title="bbox 249 4017 1932 4092">
     <span class='ocr_line' id='line_1_41' title="bbox 249 4017 1932 4092; baseline 0.001 -21"><span class='ocrx_word' id='word_1_333' title='bbox 249 4018 364 4072; x_wconf 83' lang='grc' dir='ltr'>τῶν</span> <span class='ocrx_word' id='word_1_334' title='bbox 391 4017 719 4089; x_wconf 87' lang='grc' dir='ltr'>ὁμοτέχνων,</span> <span class='ocrx_word' id='word_1_335' title='bbox 755 4017 850 4072; x_wconf 75' lang='grc' dir='ltr'>καὶ</span> <span class='ocrx_word' id='word_1_336' title='bbox 886 4020 1094 4091; x_wconf 88' lang='grc' dir='ltr'>καιρῶν</span> <span class='ocrx_word' id='word_1_337' title='bbox 1135 4019 1414 4086; x_wconf 79' lang='grc' dir='ltr'>δυσκολία,</span> <span class='ocrx_word' id='word_1_338' title='bbox 1451 4021 1545 4074; x_wconf 73' lang='grc' dir='ltr'>καὶ</span> <span class='ocrx_word' id='word_1_339' title='bbox 1589 4021 1758 4089; x_wconf 81' lang='grc' dir='ltr'>φίλων</span> <span class='ocrx_word' id='word_1_340' title='bbox 1799 4022 1932 4092; x_wconf 85' lang='grc' dir='ltr'>ἐρη-</span> 
     </span>
    </p>
   </div>
   <div class='ocr_carea' id='block_1_42' title="bbox 254 4115 1932 4188">
    <p class='ocr_par' dir='ltr' id='par_1_42' title="bbox 254 4115 1932 4188">
     <span class='ocr_line' id='line_1_42' title="bbox 254 4115 1932 4188; baseline -0.001 -18"><span class='ocrx_word' id='word_1_341' title='bbox 254 4116 380 4188; x_wconf 84' lang='grc' dir='ltr'>μία,</span> <span class='ocrx_word' id='word_1_342' title='bbox 411 4117 502 4170; x_wconf 69' lang='grc' dir='ltr'>καὶ</span> <span class='ocrx_word' id='word_1_343' title='bbox 531 4117 694 4170; x_wconf 83' lang='grc' dir='ltr'>πενία</span> <span class='ocrx_word' id='word_1_344' title='bbox 735 4115 1000 4180; x_wconf 86' lang='grc' dir='ltr'>πολλάκις</span> <span class='ocrx_word' id='word_1_345' title='bbox 1039 4116 1134 4188; x_wconf 78' lang='grc' dir='ltr'>τοῦ</span> <span class='ocrx_word' id='word_1_346' title='bbox 1175 4117 1365 4182; x_wconf 89' lang='grc' dir='ltr'>τέλους</span> <span class='ocrx_word' id='word_1_347' title='bbox 1402 4117 1745 4188; x_wconf 81' lang='grc' dir='ltr'>ἐξέκρουσεν.</span> <span class='ocrx_word' id='word_1_348' title='bbox 1791 4117 1932 4169; x_wconf 81' lang='grc' dir='ltr'>Ἀλλ’</span> 
     </span>
    </p>
   </div>
   <div class='ocr_carea' id='block_1_43' title="bbox 251 4213 1935 4286">
    <p class='ocr_par' dir='ltr' id='par_1_43' title="bbox 251 4213 1935 4286">
     <span class='ocr_line' id='line_1_43' title="bbox 251 4213 1935 4286; baseline 0.001 -19"><span class='ocrx_word' id='word_1_349' title='bbox 251 4215 359 4267; x_wconf 81' lang='grc' dir='ltr'>οὑκ</span> <span class='ocrx_word' id='word_1_350' title='bbox 383 4213 477 4266; x_wconf 55' lang='grc' dir='ltr'>ἐπὶ⁷</span> <span class='ocrx_word' id='word_1_351' title='bbox 491 4213 599 4268; x_wconf 90' lang='grc' dir='ltr'>τῶν</span> <span class='ocrx_word' id='word_1_352' title='bbox 621 4213 872 4286; x_wconf 86' lang='grc' dir='ltr'>μοναχῶν</span> <span class='ocrx_word' id='word_1_353' title='bbox 895 4213 1088 4278; x_wconf 75' lang='grc' dir='ltr'>οὕτως,</span> <span class='ocrx_word' id='word_1_354' title='bbox 1121 4213 1236 4268; x_wconf 83' lang='grc' dir='ltr'>ἀλλ’</span> <span class='ocrx_word' id='word_1_355' title='bbox 1262 4214 1379 4278; x_wconf 82' lang='grc' dir='ltr'>ἐνὸς</span> <span class='ocrx_word' id='word_1_356' title='bbox 1407 4215 1488 4268; x_wconf 88' lang='grc' dir='ltr'>δεῖ</span> <span class='ocrx_word' id='word_1_357' title='bbox 1517 4214 1700 4284; x_wconf 89' lang='grc' dir='ltr'>μόνου,</span> <span class='ocrx_word' id='word_1_358' title='bbox 1735 4213 1935 4285; x_wconf 85' lang='grc' dir='ltr'>προθυ-</span> 
     </span>
    </p>
   </div>
   <div class='ocr_carea' id='block_1_44' title="bbox 261 4312 1936 4384">
    <p class='ocr_par' dir='ltr' id='par_1_44' title="bbox 261 4312 1936 4384">
     <span class='ocr_line' id='line_1_44' title="bbox 261 4312 1936 4384; baseline 0.001 -18"><span class='ocrx_word' id='word_1_359' title='bbox 261 4313 393 4384; x_wconf 80' lang='grc' dir='ltr'>μίας</span> <span class='ocrx_word' id='word_1_360' title='bbox 419 4313 674 4381; x_wconf 88' lang='grc' dir='ltr'>γενναίας</span> <span class='ocrx_word' id='word_1_361' title='bbox 703 4314 799 4367; x_wconf 65' lang='grc' dir='ltr'>καλ⁵</span> <span class='ocrx_word' id='word_1_362' title='bbox 826 4312 1040 4382; x_wconf 84' lang='grc' dir='ltr'>ἀγαθῆς</span> <span class='ocrx_word' id='word_1_363' title='bbox 1061 4327 1074 4340; x_wconf 85' lang='lat'><strong>&#39;</strong></span> <span class='ocrx_word' id='word_1_364' title='bbox 1111 4312 1215 4366; x_wconf 82' lang='grc' dir='ltr'>κᾶν</span> <span class='ocrx_word' id='word_1_365' title='bbox 1260 4312 1418 4366; x_wconf 88' lang='grc' dir='ltr'>τοῦτο</span> <span class='ocrx_word' id='word_1_366' title='bbox 1457 4314 1656 4384; x_wconf 79' lang='grc' dir='ltr'>προσῇ,</span> <span class='ocrx_word' id='word_1_367' title='bbox 1693 4312 1846 4366; x_wconf 82' lang='grc' dir='ltr'>οὐδὲν</span> <span class='ocrx_word' id='word_1_368' title='bbox 1873 4313 1936 4367; x_wconf 86' lang='lat' dir='ltr'>1b</span> 
     </span>
    </p>
   </div>
   <div class='ocr_carea' id='block_1_45' title="bbox 256 4410 1510 4484">
    <p class='ocr_par' dir='ltr' id='par_1_45' title="bbox 256 4410 1510 4484">
     <span class='ocr_line' id='line_1_45' title="bbox 256 4410 1510 4484; baseline -0.001 -19"><span class='ocrx_word' id='word_1_369' title='bbox 256 4410 468 4466; x_wconf 82' lang='grc' dir='ltr'>κωλύον</span> <span class='ocrx_word' id='word_1_370' title='bbox 495 4411 631 4483; x_wconf 80' lang='grc' dir='ltr'>πρὸς</span> <span class='ocrx_word' id='word_1_371' title='bbox 659 4411 719 4465; x_wconf 88' lang='lat' dir='ltr'>1b</span> <span class='ocrx_word' id='word_1_372' title='bbox 747 4410 902 4474; x_wconf 86' lang='grc' dir='ltr'>τέλος</span> <span class='ocrx_word' id='word_1_373' title='bbox 941 4410 1116 4464; x_wconf 84' lang='grc' dir='ltr'>ἐλθεῖν</span> <span class='ocrx_word' id='word_1_374' title='bbox 1156 4411 1255 4482; x_wconf 85' lang='grc' dir='ltr'>τῆς</span> <span class='ocrx_word' id='word_1_375' title='bbox 1290 4411 1510 4484; x_wconf 81' lang='grc' dir='ltr'>ἀρετῆς.</span> 
     </span>
    </p>
   </div>
   <div class='ocr_carea' id='block_1_46' title="bbox 331 4523 1934 4599">
    <p class='ocr_par' dir='ltr' id='par_1_46' title="bbox 331 4523 1934 4599">
     <span class='ocr_line' id='line_1_46' title="bbox 331 4523 1934 4599; baseline -0.001 -17"><span class='ocrx_word' id='word_1_376' title='bbox 331 4528 458 4592; x_wconf 87' lang='grc' dir='ltr'>Πῶς</span> <span class='ocrx_word' id='word_1_377' title='bbox 492 4523 588 4581; x_wconf 73' lang='grc' dir='ltr'>οῦν</span> <span class='ocrx_word' id='word_1_378' title='bbox 609 4528 707 4580; x_wconf 87' lang='grc' dir='ltr'>ούκ</span> <span class='ocrx_word' id='word_1_379' title='bbox 729 4527 934 4592; x_wconf 74' lang='grc' dir='ltr'>ἄδικον,</span> <span class='ocrx_word' id='word_1_380' title='bbox 963 4527 1092 4581; x_wconf 78' lang='grc' dir='ltr'>ἔνθα</span> <span class='ocrx_word' id='word_1_381' title='bbox 1134 4527 1232 4598; x_wconf 81' lang='grc' dir='ltr'>μὲν</span> <span class='ocrx_word' id='word_1_382' title='bbox 1253 4527 1320 4581; x_wconf 84' lang='grc' dir='ltr'>τὰ</span> <span class='ocrx_word' id='word_1_383' title='bbox 1351 4527 1462 4580; x_wconf 85' lang='grc' dir='ltr'>τῶν</span> <span class='ocrx_word' id='word_1_384' title='bbox 1497 4525 1748 4599; x_wconf 84' lang='grc' dir='ltr'>χρηστῶν</span> <span class='ocrx_word' id='word_1_385' title='bbox 1780 4526 1934 4580; x_wconf 78' lang='grc' dir='ltr'>ἑλπί-</span> 
     </span>
    </p>
   </div>
   <div class='ocr_carea' id='block_1_47' title="bbox 254 4623 1936 4698">
    <p class='ocr_par' dir='ltr' id='par_1_47' title="bbox 254 4623 1936 4698">
     <span class='ocr_line' id='line_1_47' title="bbox 254 4623 1936 4698; baseline -0.001 -19"><span class='ocrx_word' id='word_1_386' title='bbox 254 4625 364 4679; x_wconf 78' lang='grc' dir='ltr'>δων</span> <span class='ocrx_word' id='word_1_387' title='bbox 395 4625 534 4696; x_wconf 80' lang='grc' dir='ltr'>δῆλά</span> <span class='ocrx_word' id='word_1_388' title='bbox 567 4625 626 4679; x_wconf 91' lang='grc' dir='ltr'>τέ</span> <span class='ocrx_word' id='word_1_389' title='bbox 653 4628 770 4679; x_wconf 87' lang='grc' dir='ltr'>ἐστι</span> <span class='ocrx_word' id='word_1_390' title='bbox 800 4625 894 4679; x_wconf 77' lang='grc' dir='ltr'>καὶ</span> <span class='ocrx_word' id='word_1_391' title='bbox 924 4625 1198 4698; x_wconf 85' lang='grc' dir='ltr'>ἐγγύτερα</span> <span class='ocrx_word' id='word_1_392' title='bbox 1244 4623 1643 4691; x_wconf 79' lang='grc' dir='ltr'>ἀπογινώσκειν</span> <span class='ocrx_word' id='word_1_393' title='bbox 1694 4624 1787 4677; x_wconf 78' lang='grc' dir='ltr'>καὶ</span> <span class='ocrx_word' id='word_1_394' title='bbox 1811 4625 1936 4695; x_wconf 85' lang='grc' dir='ltr'>τρέ-</span> 
     </span>
    </p>
   </div>
   <div class='ocr_carea' id='block_1_48' title="bbox 261 4721 1934 4794">
    <p class='ocr_par' dir='ltr' id='par_1_48' title="bbox 261 4721 1934 4794">
     <span class='ocr_line' id='line_1_48' title="bbox 261 4721 1934 4794; baseline 0.001 -20"><span class='ocrx_word' id='word_1_395' title='bbox 261 4738 406 4792; x_wconf 90' lang='grc' dir='ltr'>μειν,</span> <span class='ocrx_word' id='word_1_396' title='bbox 427 4721 557 4776; x_wconf 78' lang='grc' dir='ltr'>ἔνθα</span> <span class='ocrx_word' id='word_1_397' title='bbox 569 4723 629 4776; x_wconf 87' lang='grc' dir='ltr'>δὲ</span> <span class='ocrx_word' id='word_1_398' title='bbox 643 4722 712 4775; x_wconf 90' lang='grc' dir='ltr'>τά</span> <span class='ocrx_word' id='word_1_399' title='bbox 732 4721 840 4776; x_wconf 86' lang='grc' dir='ltr'>τῶν</span> <span class='ocrx_word' id='word_1_400' title='bbox 856 4723 1114 4776; x_wconf 86' lang='grc' dir='ltr'>ἐναντίων</span> <span class='ocrx_word' id='word_1_401' title='bbox 1134 4722 1466 4794; x_wconf 86' lang='grc' dir='ltr'>μακρότερα,</span> <span class='ocrx_word' id='word_1_402' title='bbox 1487 4723 1582 4776; x_wconf 75' lang='grc' dir='ltr'>καὶ</span> <span class='ocrx_word' id='word_1_403' title='bbox 1599 4721 1704 4775; x_wconf 80' lang='grc' dir='ltr'>ὑπὸ</span> <span class='ocrx_word' id='word_1_404' title='bbox 1721 4721 1934 4776; x_wconf 89' lang='grc' dir='ltr'>πολλῶν</span> 
     </span>
    </p>
   </div>
   <div class='ocr_carea' id='block_1_49' title="bbox 257 4817 1938 4891">
    <p class='ocr_par' dir='ltr' id='par_1_49' title="bbox 257 4817 1938 4891">
     <span class='ocr_line' id='line_1_49' title="bbox 257 4817 1938 4891; baseline 0.002 -21"><span class='ocrx_word' id='word_1_405' title='bbox 257 4817 600 4888; x_wconf 84' lang='grc' dir='ltr'>κωλυμάτων</span> <span class='ocrx_word' id='word_1_406' title='bbox 634 4818 1067 4890; x_wconf 88' lang='grc' dir='ltr'>ἀνακοπτόμενα,</span> <span class='ocrx_word' id='word_1_407' title='bbox 1109 4820 1182 4891; x_wconf 79' lang='grc' dir='ltr'>μὴ</span> <span class='ocrx_word' id='word_1_408' title='bbox 1215 4819 1645 4888; x_wconf 85' lang='grc' dir='ltr'>ἀπογινώσκειν,</span> <span class='ocrx_word' id='word_1_409' title='bbox 1676 4821 1757 4884; x_wconf 89' lang='grc' dir='ltr'>είς</span> <span class='ocrx_word' id='word_1_410' title='bbox 1784 4821 1840 4874; x_wconf 86' lang='grc' dir='ltr'>δὲ</span> <span class='ocrx_word' id='word_1_411' title='bbox 1869 4820 1938 4874; x_wconf 89' lang='grc' dir='ltr'>τά</span> 
     </span>
    </p>
   </div>
   <div class='ocr_carea' id='block_1_50' title="bbox 257 4914 1934 4990">
    <p class='ocr_par' dir='ltr' id='par_1_50' title="bbox 257 4914 1934 4990">
     <span class='ocr_line' id='line_1_50' title="bbox 257 4914 1934 4990; baseline 0.002 -23"><span class='ocrx_word' id='word_1_412' title='bbox 257 4914 370 4968; x_wconf 86' lang='grc' dir='ltr'>τῶν</span> <span class='ocrx_word' id='word_1_413' title='bbox 383 4915 663 4987; x_wconf 86' lang='grc' dir='ltr'>δυσχερῶν</span> <span class='ocrx_word' id='word_1_414' title='bbox 687 4915 997 4988; x_wconf 82' lang='grc' dir='ltr'>σαφέστερα</span> <span class='ocrx_word' id='word_1_415' title='bbox 1018 4917 1048 4957; x_wconf 76' lang='grc' dir='ltr'>ι)</span> <span class='ocrx_word' id='word_1_416' title='bbox 1065 4917 1158 4970; x_wconf 75' lang='grc' dir='ltr'>καὶ</span> <span class='ocrx_word' id='word_1_417' title='bbox 1197 4915 1394 4988; x_wconf 82' lang='grc' dir='ltr'>μᾶλλον</span> <span class='ocrx_word' id='word_1_418' title='bbox 1427 4917 1647 4971; x_wconf 87' lang='grc' dir='ltr'>πλείονα</span> <span class='ocrx_word' id='word_1_419' title='bbox 1687 4917 1905 4990; x_wconf 86' lang='grc' dir='ltr'>θαρσεῖν</span> <span class='ocrx_word' id='word_1_420' title='bbox 1920 4935 1934 4948; x_wconf 76' lang='grc' dir='ltr'>ο</span> 
     </span>
    </p>
   </div>
   <div class='ocr_carea' id='block_1_51' title="bbox 261 5013 1939 5088">
    <p class='ocr_par' dir='ltr' id='par_1_51' title="bbox 261 5013 1939 5088">
     <span class='ocr_line' id='line_1_51' title="bbox 261 5013 1939 5088; baseline 0.002 -22"><span class='ocrx_word' id='word_1_421' title='bbox 261 5014 358 5068; x_wconf 69' lang='grc' dir='ltr'>καὶ</span> <span class='ocrx_word' id='word_1_422' title='bbox 379 5013 472 5067; x_wconf 71' lang='grc' dir='ltr'>ἐπὶ</span> <span class='ocrx_word' id='word_1_423' title='bbox 489 5013 588 5083; x_wconf 84' lang='grc' dir='ltr'>μὲν</span> <span class='ocrx_word' id='word_1_424' title='bbox 602 5013 710 5069; x_wconf 90' lang='grc' dir='ltr'>τῶν</span> <span class='ocrx_word' id='word_1_425' title='bbox 731 5014 924 5084; x_wconf 90' lang='grc' dir='ltr'>λόγων,</span> <span class='ocrx_word' id='word_1_426' title='bbox 947 5015 1020 5086; x_wconf 82' lang='grc' dir='ltr'>μὴ</span> <span class='ocrx_word' id='word_1_427' title='bbox 1052 5014 1185 5088; x_wconf 82' lang='grc' dir='ltr'>πρὸς</span> <span class='ocrx_word' id='word_1_428' title='bbox 1203 5013 1272 5068; x_wconf 77' lang='grc' dir='ltr'>τὰ</span> <span class='ocrx_word' id='word_1_429' title='bbox 1291 5014 1548 5078; x_wconf 83' lang='grc' dir='ltr'>πολλάκις</span> <span class='ocrx_word' id='word_1_430' title='bbox 1573 5015 1939 5086; x_wconf 87' lang='grc' dir='ltr'>συμϐαίνοντα</span> 
     </span>
    </p>
   </div>
   <div class='ocr_carea' id='block_1_52' title="bbox 258 5109 1940 5184">
    <p class='ocr_par' dir='ltr' id='par_1_52' title="bbox 258 5109 1940 5184">
     <span class='ocr_line' id='line_1_52' title="bbox 258 5109 1940 5184; baseline 0.001 -22"><span class='ocrx_word' id='word_1_431' title='bbox 258 5109 502 5182; x_wconf 88' lang='grc' dir='ltr'>λυπηρά,</span> <span class='ocrx_word' id='word_1_432' title='bbox 528 5111 664 5164; x_wconf 87' lang='grc' dir='ltr'>ἀλλά</span> <span class='ocrx_word' id='word_1_433' title='bbox 694 5112 830 5184; x_wconf 81' lang='grc' dir='ltr'>πρὸς</span> <span class='ocrx_word' id='word_1_434' title='bbox 862 5110 929 5165; x_wconf 76' lang='grc' dir='ltr'>τά</span> <span class='ocrx_word' id='word_1_435' title='bbox 954 5111 1196 5175; x_wconf 85' lang='grc' dir='ltr'>σπανίως</span> <span class='ocrx_word' id='word_1_436' title='bbox 1223 5109 1542 5164; x_wconf 85' lang='grc' dir='ltr'>ἐκϐαίνοντα</span> <span class='ocrx_word' id='word_1_437' title='bbox 1578 5110 1792 5180; x_wconf 88' lang='grc' dir='ltr'>χρηστά</span> <span class='ocrx_word' id='word_1_438' title='bbox 1836 5113 1940 5180; x_wconf 68' lang='grc' dir='ltr'>ἀφ-</span> 
     </span>
    </p>
   </div>
   <div class='ocr_carea' id='block_1_53' title="bbox 260 5205 1940 5280">
    <p class='ocr_par' dir='ltr' id='par_1_53' title="bbox 260 5205 1940 5280">
     <span class='ocr_line' id='line_1_53' title="bbox 260 5205 1940 5280; baseline 0.001 -21"><span class='ocrx_word' id='word_1_439' title='bbox 260 5209 430 5278; x_wconf 77' lang='grc' dir='ltr'>ορᾷν,</span> <span class='ocrx_word' id='word_1_440' title='bbox 461 5208 554 5261; x_wconf 78' lang='grc' dir='ltr'>ἐπὶ</span> <span class='ocrx_word' id='word_1_441' title='bbox 585 5208 643 5262; x_wconf 84' lang='grc' dir='ltr'>δὲ</span> <span class='ocrx_word' id='word_1_442' title='bbox 677 5207 787 5262; x_wconf 91' lang='grc' dir='ltr'>τῶν</span> <span class='ocrx_word' id='word_1_443' title='bbox 823 5209 1069 5280; x_wconf 87' lang='grc' dir='ltr'>μοναχῶν</span> <span class='ocrx_word' id='word_1_444' title='bbox 1106 5206 1416 5261; x_wconf 80' lang='grc' dir='ltr'>τούναντίον</span> <span class='ocrx_word' id='word_1_445' title='bbox 1447 5207 1640 5270; x_wconf 85' lang='grc' dir='ltr'>ποιεῖν,</span> <span class='ocrx_word' id='word_1_446' title='bbox 1680 5207 1772 5258; x_wconf 71' lang='grc' dir='ltr'>καὶ</span> <span class='ocrx_word' id='word_1_447' title='bbox 1813 5205 1940 5260; x_wconf 76' lang='grc' dir='ltr'>ἔνθα</span> 
     </span>
    </p>
   </div>
   <div class='ocr_carea' id='block_1_54' title="bbox 267 5298 1942 5372">
    <p class='ocr_par' dir='ltr' id='par_1_54' title="bbox 267 5298 1942 5372">
     <span class='ocr_line' id='line_1_54' title="bbox 267 5298 1942 5372; baseline 0.002 -22"><span class='ocrx_word' id='word_1_448' title='bbox 267 5299 366 5368; x_wconf 85' lang='grc' dir='ltr'>μὲν</span> <span class='ocrx_word' id='word_1_449' title='bbox 395 5301 451 5352; x_wconf 88' lang='grc' dir='ltr'>αἱ</span> <span class='ocrx_word' id='word_1_450' title='bbox 487 5299 595 5353; x_wconf 89' lang='grc' dir='ltr'>τῶν</span> <span class='ocrx_word' id='word_1_451' title='bbox 635 5299 859 5370; x_wconf 86' lang='grc' dir='ltr'>ἀγαθῶν</span> <span class='ocrx_word' id='word_1_452' title='bbox 904 5300 1116 5362; x_wconf 88' lang='grc' dir='ltr'>ἐλπίδες</span> <span class='ocrx_word' id='word_1_453' title='bbox 1167 5298 1382 5362; x_wconf 79' lang='grc' dir='ltr'>πολλαὶ,</span> <span class='ocrx_word' id='word_1_454' title='bbox 1423 5299 1560 5370; x_wconf 81' lang='grc' dir='ltr'>πρὸς</span> <span class='ocrx_word' id='word_1_455' title='bbox 1601 5299 1672 5354; x_wconf 91' lang='grc' dir='ltr'>τά</span> <span class='ocrx_word' id='word_1_456' title='bbox 1721 5300 1942 5372; x_wconf 81' lang='grc' dir='ltr'>λυπηρά</span> 
     </span>
    </p>
   </div>
   <div class='ocr_carea' id='block_1_55' title="bbox 263 5394 1942 5469">
    <p class='ocr_par' dir='ltr' id='par_1_55' title="bbox 263 5394 1942 5469">
     <span class='ocr_line' id='line_1_55' title="bbox 263 5394 1942 5469; baseline 0.001 -21"><span class='ocrx_word' id='word_1_457' title='bbox 263 5394 578 5450; x_wconf 78' lang='grc' dir='ltr'>ἀποκλίνειν</span> <span class='ocrx_word' id='word_1_458' title='bbox 605 5398 784 5469; x_wconf 87' lang='grc' dir='ltr'>μόνον,</span> <span class='ocrx_word' id='word_1_459' title='bbox 821 5396 952 5454; x_wconf 77' lang='grc' dir='ltr'>ἔνθα</span> <span class='ocrx_word' id='word_1_460' title='bbox 970 5396 1026 5450; x_wconf 81' lang='grc' dir='ltr'>δὲ</span> <span class='ocrx_word' id='word_1_461' title='bbox 1051 5397 1110 5452; x_wconf 81' lang='grc' dir='ltr'>αἱ</span> <span class='ocrx_word' id='word_1_462' title='bbox 1137 5395 1245 5451; x_wconf 91' lang='grc' dir='ltr'>τῶν</span> <span class='ocrx_word' id='word_1_463' title='bbox 1267 5395 1544 5460; x_wconf 86' lang='grc' dir='ltr'>ἐναντίων,</span> <span class='ocrx_word' id='word_1_464' title='bbox 1575 5395 1675 5461; x_wconf 86' lang='grc' dir='ltr'>τάς</span> <span class='ocrx_word' id='word_1_465' title='bbox 1698 5397 1942 5468; x_wconf 78' lang='grc' dir='ltr'>χρηστὰς</span> 
     </span>
    </p>
   </div>
   <div class='ocr_carea' id='block_1_56' title="bbox 330 5602 1938 5712">
    <p class='ocr_par' dir='ltr' id='par_1_56' title="bbox 330 5602 1938 5712">
     <span class='ocr_line' id='line_1_56' title="bbox 330 5602 1938 5712; baseline 0 -63"><span class='ocrx_word' id='word_1_466' title='bbox 330 5602 357 5632; x_wconf 78' lang='grc'>⁸</span> <span class='ocrx_word' id='word_1_467' title='bbox 380 5602 527 5653; x_wconf 72' lang='lat' dir='ltr'>Savil.</span> <span class='ocrx_word' id='word_1_468' title='bbox 543 5607 596 5652; x_wconf 78' lang='lat' dir='ltr'>et.</span> <span class='ocrx_word' id='word_1_469' title='bbox 615 5617 740 5654; x_wconf 83' lang='lat' dir='ltr'>unus</span> <span class='ocrx_word' id='word_1_470' title='bbox 762 5604 1340 5679; x_wconf 69' lang='grc' dir='ltr'>διαμαρτήσεται.λίοτο1.</span> <span class='ocrx_word' id='word_1_471' title='bbox 1355 5606 1407 5652; x_wconf 71' lang='lat' dir='ltr'>et</span> <span class='ocrx_word' id='word_1_472' title='bbox 1426 5604 1552 5652; x_wconf 82' lang='lat' dir='ltr'><strong>alius</strong></span> <span class='ocrx_word' id='word_1_473' title='bbox 1577 5603 1938 5712; x_wconf 59' lang='grc' dir='ltr'>δωμαέτῆσετε.</span> 
     </span>
     <span class='ocr_line' id='line_1_57' title="bbox 330 5665 1938 5712; baseline 0 0"><span class='ocrx_word' id='word_1_474' title='bbox 330 5665 424 5712; x_wconf 82' lang='lat' dir='ltr'>Iulo</span> <span class='ocrx_word' id='word_1_475' title='bbox 445 5674 555 5712; x_wconf 75' lang='lat' dir='ltr'><strong>post</strong></span> <span class='ocrx_word' id='word_1_476' title='bbox 572 5667 899 5712; x_wconf 82' lang='grc' dir='ltr'>διδασκαλεια.</span> <span class='ocrx_word' id='word_1_477' title='bbox 913 5669 995 5712; x_wconf 82' lang='lat' dir='ltr'><strong>alii</strong></span> <span class='ocrx_word' id='word_1_478' title='bbox 1013 5668 1342 5712; x_wconf 72' lang='grc' dir='ltr'>διδασκάλους.</span> <span class='ocrx_word' id='word_1_479' title='bbox 1367 5665 1488 5712; x_wconf 79' lang='lat' dir='ltr'><strong>Infra</strong></span> <span class='ocrx_word' id='word_1_480' title='bbox 1507 5679 1634 5712; x_wconf 88' lang='lat' dir='ltr'>unus</span> <span class='ocrx_word' id='word_1_481' title='bbox 1655 5678 1712 5712; x_wconf 88' lang='lat' dir='ltr'>co</span> <span class='ocrx_word' id='word_1_482' title='bbox 1751 5679 1811 5712; x_wconf 79' lang='lat' dir='ltr'>ex</span> <span class='ocrx_word' id='word_1_483' title='bbox 1839 5683 1938 5712; x_wconf 77' lang='grc' dir='ltr'>ωοι-</span> 
     </span>
    </p>
   </div>
   <div class='ocr_carea' id='block_1_57' title="bbox 263 5663 1938 5740">
    <p class='ocr_par' dir='ltr' id='par_1_57' title="bbox 263 5663 1938 5740">
     <span class='ocr_line' id='line_1_58' title="bbox 263 5663 1938 5740; baseline -0.002 -25"><span class='ocrx_word' id='word_1_484' title='bbox 263 5663 424 5740; x_wconf 58' lang='grc' dir='ltr'>Ρὲιιιρ</span> <span class='ocrx_word' id='word_1_485' title='bbox 445 5663 900 5740; x_wconf 53' lang='grc' dir='ltr'>ροειδιδρισκριλεξία,</span> <span class='ocrx_word' id='word_1_486' title='bbox 913 5663 995 5716; x_wconf 65' lang='lat' dir='ltr'>hlii</span> <span class='ocrx_word' id='word_1_487' title='bbox 1013 5665 1634 5740; x_wconf 41' lang='lat' dir='ltr'>QIMﬂélOVQJDEa‘UDUIS</span> <span class='ocrx_word' id='word_1_488' title='bbox 1655 5663 1811 5740; x_wconf 40' lang='lat' dir='ltr'>éo&#39;de‘x</span> <span class='ocrx_word' id='word_1_489' title='bbox 1839 5683 1938 5740; x_wconf 63' lang='grc' dir='ltr'>φοι-</span> 
     </span>
    </p>
   </div>
   <div class='ocr_carea' id='block_1_58' title="bbox 263 5727 1944 5803">
    <p class='ocr_par' dir='ltr' id='par_1_58' title="bbox 263 5727 1944 5803">
     <span class='ocr_line' id='line_1_59' title="bbox 263 5727 1944 5803; baseline 0.001 -29"><span class='ocrx_word' id='word_1_490' title='bbox 263 5727 502 5803; x_wconf 37' lang='grc' dir='ltr'>τῶντύπέρ</span> <span class='ocrx_word' id='word_1_491' title='bbox 527 5733 611 5786; x_wconf 87' lang='grc' dir='ltr'>τῆς</span> <span class='ocrx_word' id='word_1_492' title='bbox 631 5730 786 5792; x_wconf 77' lang='grc' dir='ltr'>ψυχῆς</span> <span class='ocrx_word' id='word_1_493' title='bbox 820 5729 969 5791; x_wconf 83' lang='grc' dir='ltr'>ἐχέτω</span> <span class='ocrx_word' id='word_1_494' title='bbox 993 5730 1076 5778; x_wconf 84' lang='grc' dir='ltr'>τὸν</span> <span class='ocrx_word' id='word_1_495' title='bbox 1115 5731 1294 5791; x_wconf 88' lang='grc' dir='ltr'>ἀγῶνα·</span> <span class='ocrx_word' id='word_1_496' title='bbox 1326 5729 1392 5784; x_wconf 82' lang='grc' dir='ltr'>εἰς</span> <span class='ocrx_word' id='word_1_497' title='bbox 1415 5728 1467 5776; x_wconf 81' lang='grc' dir='ltr'>δὲ</span> <span class='ocrx_word' id='word_1_498' title='bbox 1485 5727 1680 5792; x_wconf 81' lang='grc' dir='ltr'>ἐρημίας</span> <span class='ocrx_word' id='word_1_499' title='bbox 1701 5727 1820 5790; x_wconf 80' lang='grc' dir='ltr'>ὑπὲρ</span> <span class='ocrx_word' id='word_1_500' title='bbox 1850 5727 1944 5786; x_wconf 79' lang='grc' dir='ltr'>τῆς</span> 
     </span>
    </p>
   </div>
   <div class='ocr_carea' id='block_1_59' title="bbox 265 5789 1944 5917">
    <p class='ocr_par' dir='ltr' id='par_1_59' title="bbox 265 5789 1944 5917">
     <span class='ocr_line' id='line_1_60' title="bbox 265 5789 1944 5917; baseline -0.004 -15"><span class='ocrx_word' id='word_1_501' title='bbox 265 5789 628 5917; x_wconf 50' lang='grc' dir='ltr'>ὅιῗέςίηεε.</span> <span class='ocrx_word' id='word_1_502' title='bbox 656 5851 763 5917; x_wconf 80' lang='grc' dir='ltr'>ἔνθα</span> <span class='ocrx_word' id='word_1_503' title='bbox 798 5851 850 5899; x_wconf 83' lang='grc' dir='ltr'>δὲ</span> <span class='ocrx_word' id='word_1_504' title='bbox 868 5850 1217 5917; x_wconf 36' lang='grc' dir='ltr'>’τὰ-μακρότερα</span> <span class='ocrx_word' id='word_1_505' title='bbox 1237 5852 1336 5917; x_wconf 37' lang='grc' dir='ltr'>ῦπό-</span> <span class='ocrx_word' id='word_1_506' title='bbox 1363 5849 1607 5917; x_wconf 75' lang='grc' dir='ltr'>τοσούτων</span> <span class='ocrx_word' id='word_1_507' title='bbox 1630 5850 1681 5898; x_wconf 83' lang='grc' dir='ltr'>δὲ</span> <span class='ocrx_word' id='word_1_508' title='bbox 1703 5851 1807 5917; x_wconf 61' lang='grc' dir='ltr'>τῶν</span> <span class='ocrx_word' id='word_1_509' title='bbox 1828 5851 1944 5917; x_wconf 77' lang='grc' dir='ltr'>δυσ-</span> 
     </span>
    </p>
   </div>
   <div class='ocr_carea' id='block_1_60' title="bbox 265 5913 1946 5977">
    <p class='ocr_par' dir='ltr' id='par_1_60' title="bbox 265 5913 1946 5977">
     <span class='ocr_line' id='line_1_61' title="bbox 265 5913 1946 5977; baseline 0.001 -17"><span class='ocrx_word' id='word_1_510' title='bbox 265 5913 421 5974; x_wconf 80' lang='grc' dir='ltr'>χερῶν</span> <span class='ocrx_word' id='word_1_511' title='bbox 458 5913 820 5962; x_wconf 73' lang='grc' dir='ltr'>ἀνακοπτόαενα</span> <span class='ocrx_word' id='word_1_512' title='bbox 857 5913 1170 5977; x_wconf 65' lang='grc' dir='ltr'>κωλυμᾶτωνδ</span> <span class='ocrx_word' id='word_1_513' title='bbox 1211 5915 1272 5962; x_wconf 87' lang='grc' dir='ltr'>τὰ</span> <span class='ocrx_word' id='word_1_514' title='bbox 1297 5915 1350 5962; x_wconf 83' lang='grc' dir='ltr'>δέ</span> <span class='ocrx_word' id='word_1_515' title='bbox 1388 5915 1485 5962; x_wconf 86' lang='grc' dir='ltr'>τῶν</span> <span class='ocrx_word' id='word_1_516' title='bbox 1518 5914 1760 5975; x_wconf 84' lang='grc' dir='ltr'>δυσχερῶν</span> <span class='ocrx_word' id='word_1_517' title='bbox 1797 5913 1946 5976; x_wconf 63' lang='grc' dir='ltr'>σαφέ-</span> 
     </span>
    </p>
   </div>
   <div class='ocr_carea' id='block_1_61' title="bbox 267 5990 431 6038">
    <p class='ocr_par' dir='ltr' id='par_1_61' title="bbox 267 5990 431 6038">
     <span class='ocr_line' id='line_1_62' title="bbox 267 5990 431 6038; baseline 0.012 -16"><span class='ocrx_word' id='word_1_518' title='bbox 267 5992 298 6022; x_wconf 80' lang='grc' dir='ltr'>σ</span> <span class='ocrx_word' id='word_1_519' title='bbox 305 5990 431 6038; x_wconf 73' lang='grc' dir='ltr'>τερα.</span> 
     </span>
    </p>
   </div>
   <div class='ocr_carea' id='block_1_62' title="bbox 643 6059 1382 6122">
    <p class='ocr_par' dir='ltr' id='par_1_62' title="bbox 643 6059 1382 6122">
     <span class='ocr_line' id='line_1_63' title="bbox 643 6059 1382 6122; baseline -0.001 -1"><span class='ocrx_word' id='word_1_520' title='bbox 643 6059 918 6121; x_wconf 68' lang='grc' dir='ltr'>Ρλτιιοι.</span> <span class='ocrx_word' id='word_1_521' title='bbox 965 6060 1081 6122; x_wconf 76' lang='lat' dir='ltr'>Gn.</span> <span class='ocrx_word' id='word_1_522' title='bbox 1130 6061 1382 6122; x_wconf 74' lang='lat' dir='ltr'>XLVII.</span> 
     </span>
    </p>
   </div>
   <div class='ocr_carea' id='block_1_63' title="bbox 1051 367 2876 430">
    <p class='ocr_par' dir='ltr' id='par_1_63' title="bbox 1051 367 2876 430">
     <span class='ocr_line' id='line_1_64' title="bbox 1051 367 2876 430; baseline 0.001 -4"><span class='ocrx_word' id='word_1_523' title='bbox 1051 368 1419 428; x_wconf 76' lang='lat' dir='ltr'>ADVERSUS</span> <span class='ocrx_word' id='word_1_524' title='bbox 1459 367 2014 426; x_wconf 75' lang='lat' dir='ltr'>OPPUGNATORES</span> <span class='ocrx_word' id='word_1_525' title='bbox 2054 367 2238 424; x_wconf 74' lang='lat' dir='ltr'><strong>Vle</strong></span> <span class='ocrx_word' id='word_1_526' title='bbox 2277 368 2580 428; x_wconf 72' lang='lat' dir='ltr'>MONAST.</span> <span class='ocrx_word' id='word_1_527' title='bbox 2618 373 2747 429; x_wconf 76' lang='lat' dir='ltr'>LIB.</span> <span class='ocrx_word' id='word_1_528' title='bbox 2789 371 2876 430; x_wconf 81' lang='grc'><strong>111.</strong></span> 
     </span>
    </p>
   </div>
   <div class='ocr_carea' id='block_1_64' title="bbox 3586 379 3693 434">
    <p class='ocr_par' dir='ltr' id='par_1_64' title="bbox 3586 379 3693 434">
     <span class='ocr_line' id='line_1_65' title="bbox 3586 379 3693 434; baseline -0.037 0"><span class='ocrx_word' id='word_1_529' title='bbox 3586 379 3693 434; x_wconf 75' lang='grc' dir='ltr'>3Ἱῖ</span> 
     </span>
    </p>
   </div>
   <div class='ocr_carea' id='block_1_65' title="bbox 2023 483 3694 564">
    <p class='ocr_par' dir='ltr' id='par_1_65' title="bbox 2023 483 3694 564">
     <span class='ocr_line' id='line_1_66' title="bbox 2023 483 3694 564; baseline 0.006 -28"><span class='ocrx_word' id='word_1_530' title='bbox 2023 483 2438 552; x_wconf 79' lang='grc' dir='ltr'>ἀναλογίζεσθαι</span> <span class='ocrx_word' id='word_1_531' title='bbox 2485 487 2685 557; x_wconf 88' lang='grc' dir='ltr'>μόνας;</span> <span class='ocrx_word' id='word_1_532' title='bbox 2721 490 2914 542; x_wconf 80' lang='grc' dir='ltr'>Καίτοι</span> <span class='ocrx_word' id='word_1_533' title='bbox 2943 507 3004 556; x_wconf 88' lang='grc' dir='ltr'>γε</span> <span class='ocrx_word' id='word_1_534' title='bbox 3040 489 3158 544; x_wconf 84' lang='grc' dir='ltr'>ἐκεῖ</span> <span class='ocrx_word' id='word_1_535' title='bbox 3197 491 3297 564; x_wconf 67' lang='grc' dir='ltr'>μὲν</span> <span class='ocrx_word' id='word_1_536' title='bbox 3323 491 3460 545; x_wconf 60' lang='grc' dir='ltr'>ὅταν</span> <span class='ocrx_word' id='word_1_537' title='bbox 3478 490 3694 546; x_wconf 76' lang='grc' dir='ltr'>ἅπαντα</span> 
     </span>
    </p>
   </div>
   <div class='ocr_carea' id='block_1_66' title="bbox 2025 572 3693 651">
    <p class='ocr_par' dir='ltr' id='par_1_66' title="bbox 2025 572 3693 651">
     <span class='ocr_line' id='line_1_67' title="bbox 2025 572 3693 651; baseline 0.005 -27"><span class='ocrx_word' id='word_1_538' title='bbox 2025 572 2256 646; x_wconf 79' lang='grc' dir='ltr'>συνέλθῃ</span> <span class='ocrx_word' id='word_1_539' title='bbox 2283 575 2350 626; x_wconf 83' lang='grc' dir='ltr'>τά</span> <span class='ocrx_word' id='word_1_540' title='bbox 2379 575 2662 644; x_wconf 79' lang='grc' dir='ltr'>ὀφείλοντα</span> <span class='ocrx_word' id='word_1_541' title='bbox 2698 577 3044 648; x_wconf 81' lang='grc' dir='ltr'>συνδραμεῖν,</span> <span class='ocrx_word' id='word_1_542' title='bbox 3091 583 3226 650; x_wconf 78' lang='grc' dir='ltr'>πρὸς</span> <span class='ocrx_word' id='word_1_543' title='bbox 3259 579 3408 650; x_wconf 79' lang='grc' dir='ltr'>αὐτῷ</span> <span class='ocrx_word' id='word_1_544' title='bbox 3431 580 3510 651; x_wconf 86' lang='grc' dir='ltr'>τῷ</span> <span class='ocrx_word' id='word_1_545' title='bbox 3546 581 3693 634; x_wconf 85' lang='grc' dir='ltr'>τέλει</span> 
     </span>
    </p>
   </div>
   <div class='ocr_carea' id='block_1_67' title="bbox 2023 659 3689 738">
    <p class='ocr_par' dir='ltr' id='par_1_67' title="bbox 2023 659 3689 738">
     <span class='ocr_line' id='line_1_68' title="bbox 2023 659 3689 738; baseline 0.007 -28"><span class='ocrx_word' id='word_1_546' title='bbox 2023 659 2284 722; x_wconf 87' lang='grc' dir='ltr'>πολλάκις</span> <span class='ocrx_word' id='word_1_547' title='bbox 2307 659 2536 724; x_wconf 82' lang='grc' dir='ltr'>θάνατος</span> <span class='ocrx_word' id='word_1_548' title='bbox 2556 661 2732 732; x_wconf 79' lang='grc' dir='ltr'>ἄωρος</span> <span class='ocrx_word' id='word_1_549' title='bbox 2765 663 3088 733; x_wconf 80' lang='grc' dir='ltr'>προσπεσὼν</span> <span class='ocrx_word' id='word_1_550' title='bbox 3113 665 3421 735; x_wconf 85' lang='grc' dir='ltr'>ἀπήνεγκεν</span> <span class='ocrx_word' id='word_1_551' title='bbox 3454 667 3689 738; x_wconf 88' lang='grc' dir='ltr'>ἀστεφά-</span> 
     </span>
    </p>
   </div>
   <div class='ocr_carea' id='block_1_68' title="bbox 2024 749 3699 824">
    <p class='ocr_par' dir='ltr' id='par_1_68' title="bbox 2024 749 3699 824">
     <span class='ocr_line' id='line_1_69' title="bbox 2024 749 3699 824; baseline 0.005 -22"><span class='ocrx_word' id='word_1_552' title='bbox 2024 767 2192 803; x_wconf 88' lang='grc' dir='ltr'>νωτον</span> <span class='ocrx_word' id='word_1_553' title='bbox 2214 749 2306 802; x_wconf 80' lang='grc' dir='ltr'>τὸν</span> <span class='ocrx_word' id='word_1_554' title='bbox 2337 749 2576 820; x_wconf 80' lang='grc' dir='ltr'>ἀθλητὴν</span> <span class='ocrx_word' id='word_1_555' title='bbox 2604 749 2742 820; x_wconf 86' lang='grc' dir='ltr'>μετὰ</span> <span class='ocrx_word' id='word_1_556' title='bbox 2760 751 2888 813; x_wconf 77' lang='grc' dir='ltr'>τοὺς</span> <span class='ocrx_word' id='word_1_557' title='bbox 2915 754 3140 822; x_wconf 84' lang='grc' dir='ltr'>μυρίους</span> <span class='ocrx_word' id='word_1_558' title='bbox 3173 754 3404 824; x_wconf 79' lang='grc' dir='ltr'>ἱδρῶτας</span> <span class='ocrx_word' id='word_1_559' title='bbox 3421 773 3435 785; x_wconf 75' lang='grc'><strong><em>⁸</em></strong></span> <span class='ocrx_word' id='word_1_560' title='bbox 3464 755 3699 810; x_wconf 84' lang='grc' dir='ltr'>ἐνταῦθα</span> 
     </span>
    </p>
   </div>
   <div class='ocr_carea' id='block_1_69' title="bbox 2027 836 3701 914">
    <p class='ocr_par' dir='ltr' id='par_1_69' title="bbox 2027 836 3701 914">
     <span class='ocr_line' id='line_1_70' title="bbox 2027 836 3701 914; baseline 0.005 -24"><span class='ocrx_word' id='word_1_561' title='bbox 2027 836 2084 892; x_wconf 83' lang='grc' dir='ltr'>δὲ</span> <span class='ocrx_word' id='word_1_562' title='bbox 2113 837 2216 891; x_wconf 84' lang='grc' dir='ltr'>κᾶν</span> <span class='ocrx_word' id='word_1_563' title='bbox 2241 839 2299 890; x_wconf 89' lang='grc' dir='ltr'>ἐν</span> <span class='ocrx_word' id='word_1_564' title='bbox 2336 837 2520 909; x_wconf 83' lang='grc' dir='ltr'>μέσοις</span> <span class='ocrx_word' id='word_1_565' title='bbox 2545 837 2661 901; x_wconf 84' lang='grc' dir='ltr'>τοῖς</span> <span class='ocrx_word' id='word_1_566' title='bbox 2687 836 2862 906; x_wconf 89' lang='grc' dir='ltr'>ἀγῶσι</span> <span class='ocrx_word' id='word_1_567' title='bbox 2891 836 3048 891; x_wconf 89' lang='grc' dir='ltr'>τοῦτο</span> <span class='ocrx_word' id='word_1_568' title='bbox 3075 839 3324 910; x_wconf 87' lang='grc' dir='ltr'>γένηται,</span> <span class='ocrx_word' id='word_1_569' title='bbox 3357 841 3479 894; x_wconf 89' lang='grc' dir='ltr'>τότε</span> <span class='ocrx_word' id='word_1_570' title='bbox 3499 841 3564 914; x_wconf 80' lang='grc' dir='ltr'>δὴ</span> <span class='ocrx_word' id='word_1_571' title='bbox 3601 844 3701 912; x_wconf 85' lang='grc' dir='ltr'>μά-</span> 
     </span>
    </p>
   </div>
   <div class='ocr_carea' id='block_1_70' title="bbox 2022 921 3785 1001">
    <p class='ocr_par' dir='ltr' id='par_1_70' title="bbox 2022 921 3785 1001">
     <span class='ocr_line' id='line_1_71' title="bbox 2022 921 3785 1001; baseline 0.003 -25"><span class='ocrx_word' id='word_1_572' title='bbox 2022 926 2180 977; x_wconf 88' lang='grc' dir='ltr'>λιστα</span> <span class='ocrx_word' id='word_1_573' title='bbox 2197 923 2448 994; x_wconf 78' lang='grc' dir='ltr'>λαμπρὸς</span> <span class='ocrx_word' id='word_1_574' title='bbox 2474 925 2570 978; x_wconf 71' lang='grc' dir='ltr'>καὶ</span> <span class='ocrx_word' id='word_1_575' title='bbox 2605 924 3046 994; x_wconf 80' lang='grc' dir='ltr'>ἐστεφανωμένος</span> <span class='ocrx_word' id='word_1_576' title='bbox 3072 925 3288 980; x_wconf 83' lang='grc' dir='ltr'>ἄπεισιν</span> <span class='ocrx_word' id='word_1_577' title='bbox 3319 921 3493 992; x_wconf 72' lang='grc' dir='ltr'>οὗτος.</span> <span class='ocrx_word' id='word_1_578' title='bbox 3535 930 3699 982; x_wconf 83' lang='grc' dir='ltr'>Ὥστε</span> <span class='ocrx_word' id='word_1_579' title='bbox 3781 997 3785 1001; x_wconf 26' lang='grc' dir='ltr'>η</span> 
     </span>
    </p>
   </div>
   <div class='ocr_carea' id='block_1_71' title="bbox 2025 1002 3700 1085">
    <p class='ocr_par' dir='ltr' id='par_1_71' title="bbox 2025 1002 3700 1085">
     <span class='ocr_line' id='line_1_72' title="bbox 2025 1002 3700 1085; baseline 0.004 -23"><span class='ocrx_word' id='word_1_580' title='bbox 2025 1011 2158 1063; x_wconf 78' lang='grc' dir='ltr'>εἰτὸ</span> <span class='ocrx_word' id='word_1_581' title='bbox 2179 1011 2373 1082; x_wconf 83' lang='grc' dir='ltr'>μέλλον</span> <span class='ocrx_word' id='word_1_582' title='bbox 2403 1011 2667 1077; x_wconf 85' lang='grc' dir='ltr'>δέδοικας,</span> <span class='ocrx_word' id='word_1_583' title='bbox 2699 1013 2795 1065; x_wconf 76' lang='grc' dir='ltr'>ἐπὶ</span> <span class='ocrx_word' id='word_1_584' title='bbox 2825 1011 2935 1064; x_wconf 90' lang='grc' dir='ltr'>τῶν</span> <span class='ocrx_word' id='word_1_585' title='bbox 2963 1011 3138 1080; x_wconf 88' lang='grc' dir='ltr'>λόγων</span> <span class='ocrx_word' id='word_1_586' title='bbox 3165 1002 3462 1068; x_wconf 81' lang='grc' dir='ltr'>δεδοικέναι</span> <span class='ocrx_word' id='word_1_587' title='bbox 3497 1015 3700 1085; x_wconf 80' lang='grc' dir='ltr'>μᾶλλον</span> 
     </span>
    </p>
   </div>
   <div class='ocr_carea' id='block_1_72' title="bbox 2024 1095 3700 1171">
    <p class='ocr_par' dir='ltr' id='par_1_72' title="bbox 2024 1095 3700 1171">
     <span class='ocr_line' id='line_1_73' title="bbox 2024 1095 3700 1171; baseline 0.005 -22"><span class='ocrx_word' id='word_1_588' title='bbox 2024 1095 2151 1163; x_wconf 67' lang='grc' dir='ltr'>ἔδει,</span> <span class='ocrx_word' id='word_1_589' title='bbox 2181 1096 2312 1152; x_wconf 79' lang='grc' dir='ltr'>ἔνθα</span> <span class='ocrx_word' id='word_1_590' title='bbox 2336 1098 2506 1152; x_wconf 90' lang='grc' dir='ltr'>πολλά</span> <span class='ocrx_word' id='word_1_591' title='bbox 2529 1098 2600 1152; x_wconf 83' lang='grc' dir='ltr'>τὰ</span> <span class='ocrx_word' id='word_1_592' title='bbox 2633 1099 2931 1171; x_wconf 84' lang='grc' dir='ltr'>κωλύματα</span> <span class='ocrx_word' id='word_1_593' title='bbox 2959 1100 3096 1170; x_wconf 76' lang='grc' dir='ltr'>πρὸς</span> <span class='ocrx_word' id='word_1_594' title='bbox 3113 1100 3174 1153; x_wconf 86' lang='grc' dir='ltr'>τὸ</span> <span class='ocrx_word' id='word_1_595' title='bbox 3203 1101 3377 1170; x_wconf 87' lang='grc' dir='ltr'>πέρας</span> <span class='ocrx_word' id='word_1_596' title='bbox 3399 1101 3592 1159; x_wconf 79' lang='grc' dir='ltr'>ἐλθεῖν.</span> <span class='ocrx_word' id='word_1_597' title='bbox 3628 1105 3700 1157; x_wconf 80' lang='grc' dir='ltr'><strong>Σὺ</strong></span> 
     </span>
    </p>
   </div>
   <div class='ocr_carea' id='block_1_73' title="bbox 2023 1188 3704 1264">
    <p class='ocr_par' dir='ltr' id='par_1_73' title="bbox 2023 1188 3704 1264">
     <span class='ocr_line' id='line_1_74' title="bbox 2023 1188 3704 1264; baseline 0.001 -22"><span class='ocrx_word' id='word_1_598' title='bbox 2023 1188 2080 1242; x_wconf 87' lang='grc' dir='ltr'>δέ</span> <span class='ocrx_word' id='word_1_599' title='bbox 2108 1191 2226 1242; x_wconf 84' lang='grc' dir='ltr'>ἐκεῖ</span> <span class='ocrx_word' id='word_1_600' title='bbox 2267 1189 2366 1259; x_wconf 83' lang='grc' dir='ltr'>μὲν</span> <span class='ocrx_word' id='word_1_601' title='bbox 2396 1188 2538 1262; x_wconf 84' lang='grc' dir='ltr'>κάθῃ</span> <span class='ocrx_word' id='word_1_602' title='bbox 2575 1189 2764 1260; x_wconf 86' lang='grc' dir='ltr'>χρόνον</span> <span class='ocrx_word' id='word_1_603' title='bbox 2815 1189 3100 1259; x_wconf 88' lang='grc' dir='ltr'>ἀναμένων</span> <span class='ocrx_word' id='word_1_604' title='bbox 3153 1189 3380 1260; x_wconf 82' lang='grc' dir='ltr'>μακρὸν,</span> <span class='ocrx_word' id='word_1_605' title='bbox 3422 1189 3520 1244; x_wconf 68' lang='grc' dir='ltr'>καὶ</span> <span class='ocrx_word' id='word_1_606' title='bbox 3566 1190 3704 1264; x_wconf 79' lang='grc' dir='ltr'>πρὸς</span> 
     </span>
    </p>
   </div>
   <div class='ocr_carea' id='block_1_74' title="bbox 2025 1276 3704 1349">
    <p class='ocr_par' dir='ltr' id='par_1_74' title="bbox 2025 1276 3704 1349">
     <span class='ocr_line' id='line_1_75' title="bbox 2025 1276 3704 1349; baseline -0.001 -19"><span class='ocrx_word' id='word_1_607' title='bbox 2025 1276 2175 1330; x_wconf 83' lang='grc' dir='ltr'>οὐδὲν</span> <span class='ocrx_word' id='word_1_608' title='bbox 2201 1277 2308 1332; x_wconf 90' lang='grc' dir='ltr'>τῶν</span> <span class='ocrx_word' id='word_1_609' title='bbox 2331 1279 2389 1332; x_wconf 86' lang='grc' dir='ltr'>ἐν</span> <span class='ocrx_word' id='word_1_610' title='bbox 2421 1277 2592 1349; x_wconf 87' lang='grc' dir='ltr'>μέσῳ,</span> <span class='ocrx_word' id='word_1_611' title='bbox 2622 1277 2867 1348; x_wconf 85' lang='grc' dir='ltr'>δαπάνην</span> <span class='ocrx_word' id='word_1_612' title='bbox 2907 1277 3050 1345; x_wconf 87' lang='grc' dir='ltr'>λέγω</span> <span class='ocrx_word' id='word_1_613' title='bbox 3079 1277 3174 1330; x_wconf 74' lang='grc' dir='ltr'>καὶ</span> <span class='ocrx_word' id='word_1_614' title='bbox 3201 1276 3575 1348; x_wconf 88' lang='grc' dir='ltr'>ταλαιπωρίαν</span> <span class='ocrx_word' id='word_1_615' title='bbox 3610 1279 3704 1332; x_wconf 73' lang='grc' dir='ltr'>καὶ</span> 
     </span>
    </p>
   </div>
   <div class='ocr_carea' id='block_1_75' title="bbox 2023 1363 3705 1438">
    <p class='ocr_par' dir='ltr' id='par_1_75' title="bbox 2023 1363 3705 1438">
     <span class='ocr_line' id='line_1_76' title="bbox 2023 1363 3705 1438; baseline -0.001 -20"><span class='ocrx_word' id='word_1_616' title='bbox 2023 1365 2087 1418; x_wconf 89' lang='lat' dir='ltr'>1b</span> <span class='ocrx_word' id='word_1_617' title='bbox 2115 1365 2330 1436; x_wconf 80' lang='grc' dir='ltr'>ἄδηλον,</span> <span class='ocrx_word' id='word_1_618' title='bbox 2364 1365 2502 1421; x_wconf 90' lang='grc' dir='ltr'>ἀλλά</span> <span class='ocrx_word' id='word_1_619' title='bbox 2523 1365 2661 1438; x_wconf 82' lang='grc' dir='ltr'>πρὸς</span> <span class='ocrx_word' id='word_1_620' title='bbox 2689 1365 2752 1419; x_wconf 90' lang='lat' dir='ltr'>1b</span> <span class='ocrx_word' id='word_1_621' title='bbox 2793 1365 2946 1429; x_wconf 89' lang='grc' dir='ltr'>τέλος</span> <span class='ocrx_word' id='word_1_622' title='bbox 2982 1365 3143 1436; x_wconf 88' lang='grc' dir='ltr'>μόνον</span> <span class='ocrx_word' id='word_1_623' title='bbox 3175 1365 3349 1437; x_wconf 78' lang='grc' dir='ltr'>ὀρῶνο</span> <span class='ocrx_word' id='word_1_624' title='bbox 3387 1363 3620 1418; x_wconf 84' lang='grc' dir='ltr'>ἐνταῦθα</span> <span class='ocrx_word' id='word_1_625' title='bbox 3649 1365 3705 1417; x_wconf 83' lang='grc' dir='ltr'>δέ</span> 
     </span>
    </p>
   </div>
   <div class='ocr_carea' id='block_1_76' title="bbox 2025 1451 3707 1526">
    <p class='ocr_par' dir='ltr' id='par_1_76' title="bbox 2025 1451 3707 1526">
     <span class='ocr_line' id='line_1_77' title="bbox 2025 1451 3707 1526; baseline 0.001 -21"><span class='ocrx_word' id='word_1_626' title='bbox 2025 1451 2178 1506; x_wconf 76' lang='grc' dir='ltr'>οὔπω</span> <span class='ocrx_word' id='word_1_627' title='bbox 2204 1455 2314 1507; x_wconf 89' lang='grc' dir='ltr'>τῶν</span> <span class='ocrx_word' id='word_1_628' title='bbox 2339 1453 2630 1526; x_wconf 89' lang='grc' dir='ltr'>προθύρων</span> <span class='ocrx_word' id='word_1_629' title='bbox 2676 1453 2770 1506; x_wconf 88' lang='grc' dir='ltr'>τοῦ</span> <span class='ocrx_word' id='word_1_630' title='bbox 2833 1453 3022 1516; x_wconf 73' lang='grc' dir='ltr'>παιδὸς</span> <span class='ocrx_word' id='word_1_631' title='bbox 3067 1453 3374 1516; x_wconf 80' lang='grc' dir='ltr'>ἐπιϐάντος,</span> <span class='ocrx_word' id='word_1_632' title='bbox 3418 1451 3540 1505; x_wconf 84' lang='grc' dir='ltr'>οὐδὲ</span> <span class='ocrx_word' id='word_1_633' title='bbox 3573 1451 3707 1522; x_wconf 72' lang='grc' dir='ltr'>ἀψα-</span> 
     </span>
    </p>
   </div>
   <div class='ocr_carea' id='block_1_77' title="bbox 2029 1541 3706 1613">
    <p class='ocr_par' dir='ltr' id='par_1_77' title="bbox 2029 1541 3706 1613">
     <span class='ocr_line' id='line_1_78' title="bbox 2029 1541 3706 1613; baseline -0.001 -19"><span class='ocrx_word' id='word_1_634' title='bbox 2029 1542 2193 1612; x_wconf 87' lang='grc' dir='ltr'>μένου</span> <span class='ocrx_word' id='word_1_635' title='bbox 2237 1541 2338 1612; x_wconf 81' lang='grc' dir='ltr'>τῆς</span> <span class='ocrx_word' id='word_1_636' title='bbox 2400 1541 2570 1613; x_wconf 80' lang='grc' dir='ltr'>καλῆς</span> <span class='ocrx_word' id='word_1_637' title='bbox 2633 1542 2840 1613; x_wconf 87' lang='grc' dir='ltr'>ταύτης</span> <span class='ocrx_word' id='word_1_638' title='bbox 2897 1541 3249 1610; x_wconf 76' lang='grc' dir='ltr'>φιλοσοφίας,</span> <span class='ocrx_word' id='word_1_639' title='bbox 3313 1541 3562 1604; x_wconf 85' lang='grc' dir='ltr'>δέδοικας</span> <span class='ocrx_word' id='word_1_640' title='bbox 3611 1541 3706 1593; x_wconf 75' lang='grc' dir='ltr'>καὶ</span> 
     </span>
    </p>
   </div>
   <div class='ocr_carea' id='block_1_78' title="bbox 2026 1623 3706 1696">
    <p class='ocr_par' dir='ltr' id='par_1_78' title="bbox 2026 1623 3706 1696">
     <span class='ocr_line' id='line_1_79' title="bbox 2026 1623 3706 1696; baseline -0.001 -19"><span class='ocrx_word' id='word_1_641' title='bbox 2026 1625 2250 1696; x_wconf 86' lang='grc' dir='ltr'>τρέμεις</span> <span class='ocrx_word' id='word_1_642' title='bbox 2289 1625 2512 1690; x_wconf 79' lang='grc' dir='ltr'>εὐθέως,</span> <span class='ocrx_word' id='word_1_643' title='bbox 2553 1625 2648 1680; x_wconf 75' lang='grc' dir='ltr'>καὶ</span> <span class='ocrx_word' id='word_1_644' title='bbox 2675 1628 2756 1689; x_wconf 83' lang='grc' dir='ltr'>είς</span> <span class='ocrx_word' id='word_1_645' title='bbox 2787 1626 3097 1694; x_wconf 77' lang='grc' dir='ltr'>ἀπόγνωσιν</span> <span class='ocrx_word' id='word_1_646' title='bbox 3143 1624 3436 1696; x_wconf 84' lang='grc' dir='ltr'>ἐμϐάλλεις</span> <span class='ocrx_word' id='word_1_647' title='bbox 3485 1623 3576 1677; x_wconf 74' lang='grc' dir='ltr'>τὸν</span> <span class='ocrx_word' id='word_1_648' title='bbox 3613 1623 3706 1676; x_wconf 88' lang='grc' dir='ltr'>λο-</span> 
     </span>
    </p>
   </div>
   <div class='ocr_carea' id='block_1_79' title="bbox 2026 1705 3704 1786">
    <p class='ocr_par' dir='ltr' id='par_1_79' title="bbox 2026 1705 3704 1786">
     <span class='ocr_line' id='line_1_80' title="bbox 2026 1705 3704 1786; baseline 0 -20"><span class='ocrx_word' id='word_1_649' title='bbox 2026 1713 2259 1784; x_wconf 89' lang='grc' dir='ltr'>γισμόν;</span> <span class='ocrx_word' id='word_1_650' title='bbox 2314 1715 2426 1768; x_wconf 72' lang='grc' dir='ltr'>Καὶ</span> <span class='ocrx_word' id='word_1_651' title='bbox 2481 1705 2586 1785; x_wconf 78' lang='grc' dir='ltr'>μὴν</span> <span class='ocrx_word' id='word_1_652' title='bbox 2647 1713 2812 1778; x_wconf 83' lang='grc' dir='ltr'>αὐτὸς</span> <span class='ocrx_word' id='word_1_653' title='bbox 2857 1713 3167 1786; x_wconf 81' lang='grc' dir='ltr'>ἔμπροσθεν</span> <span class='ocrx_word' id='word_1_654' title='bbox 3203 1713 3419 1782; x_wconf 80' lang='grc' dir='ltr'>ἔλεγες·</span> <span class='ocrx_word' id='word_1_655' title='bbox 3453 1713 3519 1765; x_wconf 91' lang='grc' dir='ltr'>Τί</span> <span class='ocrx_word' id='word_1_656' title='bbox 3565 1713 3704 1784; x_wconf 87' lang='grc' dir='ltr'>γάρ;</span> 
     </span>
    </p>
   </div>
   <div class='ocr_carea' id='block_1_80' title="bbox 2028 1796 3704 1869">
    <p class='ocr_par' dir='ltr' id='par_1_80' title="bbox 2028 1796 3704 1869">
     <span class='ocr_line' id='line_1_81' title="bbox 2028 1796 3704 1869; baseline 0.001 -20"><span class='ocrx_word' id='word_1_657' title='bbox 2028 1796 2183 1850; x_wconf 86' lang='grc' dir='ltr'>πόλιν</span> <span class='ocrx_word' id='word_1_658' title='bbox 2229 1807 2251 1836; x_wconf 75' lang='grc' dir='ltr'>ε</span> <span class='ocrx_word' id='word_1_659' title='bbox 2291 1797 2544 1852; x_wconf 76' lang='grc' dir='ltr'>οἰκοῦντα</span> <span class='ocrx_word' id='word_1_660' title='bbox 2589 1799 2685 1852; x_wconf 75' lang='grc' dir='ltr'>καὶ</span> <span class='ocrx_word' id='word_1_661' title='bbox 2715 1799 2891 1853; x_wconf 82' lang='grc' dir='ltr'>οἰκίαν</span> <span class='ocrx_word' id='word_1_662' title='bbox 2924 1798 3116 1869; x_wconf 70' lang='grc' dir='ltr'>ἔχοντα</span> <span class='ocrx_word' id='word_1_663' title='bbox 3164 1797 3403 1864; x_wconf 80' lang='grc' dir='ltr'>σωθῆναι</span> <span class='ocrx_word' id='word_1_664' title='bbox 3448 1797 3548 1850; x_wconf 85' lang='grc' dir='ltr'>οὐκ</span> <span class='ocrx_word' id='word_1_665' title='bbox 3593 1796 3704 1863; x_wconf 74' lang='grc' dir='ltr'>ένις</span> 
     </span>
    </p>
   </div>
   <div class='ocr_carea' id='block_1_81' title="bbox 2029 1879 3708 1954">
    <p class='ocr_par' dir='ltr' id='par_1_81' title="bbox 2029 1879 3708 1954">
     <span class='ocr_line' id='line_1_82' title="bbox 2029 1879 3708 1954; baseline 0.001 -21"><span class='ocrx_word' id='word_1_666' title='bbox 2029 1880 2239 1934; x_wconf 79' lang='grc' dir='ltr'>Οὐκοῦν</span> <span class='ocrx_word' id='word_1_667' title='bbox 2263 1883 2310 1935; x_wconf 87' lang='grc' dir='ltr'>εί</span> <span class='ocrx_word' id='word_1_668' title='bbox 2337 1881 2476 1953; x_wconf 84' lang='grc' dir='ltr'>μετὰ</span> <span class='ocrx_word' id='word_1_669' title='bbox 2519 1883 2617 1954; x_wconf 82' lang='grc' dir='ltr'>τῆς</span> <span class='ocrx_word' id='word_1_670' title='bbox 2667 1882 2894 1947; x_wconf 87' lang='grc' dir='ltr'>πόλεως,</span> <span class='ocrx_word' id='word_1_671' title='bbox 2945 1883 3040 1936; x_wconf 73' lang='grc' dir='ltr'>καὶ</span> <span class='ocrx_word' id='word_1_672' title='bbox 3081 1882 3180 1951; x_wconf 85' lang='grc' dir='ltr'>τῆς</span> <span class='ocrx_word' id='word_1_673' title='bbox 3225 1880 3423 1945; x_wconf 87' lang='grc' dir='ltr'>οἰκίας,</span> <span class='ocrx_word' id='word_1_674' title='bbox 3467 1879 3562 1934; x_wconf 70' lang='grc' dir='ltr'>καὶ</span> <span class='ocrx_word' id='word_1_675' title='bbox 3607 1880 3708 1950; x_wconf 85' lang='grc' dir='ltr'>τῆς</span> 
     </span>
    </p>
   </div>
   <div class='ocr_carea' id='block_1_82' title="bbox 2029 1970 3710 2041">
    <p class='ocr_par' dir='ltr' id='par_1_82' title="bbox 2029 1970 3710 2041">
     <span class='ocr_line' id='line_1_83' title="bbox 2029 1970 3710 2041; baseline 0 -19"><span class='ocrx_word' id='word_1_676' title='bbox 2029 1971 2286 2036; x_wconf 77' lang='grc' dir='ltr'>γυναικὸς</span> <span class='ocrx_word' id='word_1_677' title='bbox 2318 1971 2558 2041; x_wconf 81' lang='grc' dir='ltr'>σωθῆναι</span> <span class='ocrx_word' id='word_1_678' title='bbox 2585 1971 2832 2036; x_wconf 82' lang='grc' dir='ltr'>δυνατὸν,</span> <span class='ocrx_word' id='word_1_679' title='bbox 2877 1970 3058 2041; x_wconf 86' lang='grc' dir='ltr'>πολλῷ</span> <span class='ocrx_word' id='word_1_680' title='bbox 3095 1970 3294 2040; x_wconf 81' lang='grc' dir='ltr'>μᾶλλον</span> <span class='ocrx_word' id='word_1_681' title='bbox 3323 1971 3494 2040; x_wconf 71' lang='grc' dir='ltr'>χωρὶς</span> <span class='ocrx_word' id='word_1_682' title='bbox 3517 1985 3710 2038; x_wconf 88' lang='grc' dir='ltr'>γυναι-</span> 
     </span>
    </p>
   </div>
   <div class='ocr_carea' id='block_1_83' title="bbox 2030 2055 3707 2130">
    <p class='ocr_par' dir='ltr' id='par_1_83' title="bbox 2030 2055 3707 2130">
     <span class='ocr_line' id='line_1_84' title="bbox 2030 2055 3707 2130; baseline -0.001 -21"><span class='ocrx_word' id='word_1_683' title='bbox 2030 2056 2124 2120; x_wconf 79' lang='grc' dir='ltr'>κὸς</span> <span class='ocrx_word' id='word_1_684' title='bbox 2163 2057 2258 2110; x_wconf 75' lang='grc' dir='ltr'>καὶ</span> <span class='ocrx_word' id='word_1_685' title='bbox 2298 2058 2409 2112; x_wconf 80' lang='grc' dir='ltr'>τῶν</span> <span class='ocrx_word' id='word_1_686' title='bbox 2452 2059 2626 2113; x_wconf 79' lang='grc' dir='ltr'>ἄλλων</span> <span class='ocrx_word' id='word_1_687' title='bbox 2670 2057 2896 2113; x_wconf 90' lang='grc' dir='ltr'>τούτων.</span> <span class='ocrx_word' id='word_1_688' title='bbox 2937 2059 3012 2112; x_wconf 79' lang='grc' dir='ltr'>Οὐ</span> <span class='ocrx_word' id='word_1_689' title='bbox 3055 2059 3166 2130; x_wconf 84' lang='grc' dir='ltr'>γάρ</span> <span class='ocrx_word' id='word_1_690' title='bbox 3223 2060 3340 2111; x_wconf 90' lang='grc' dir='ltr'>ἐστι</span> <span class='ocrx_word' id='word_1_691' title='bbox 3398 2057 3492 2110; x_wconf 86' lang='grc' dir='ltr'>τοῦ</span> <span class='ocrx_word' id='word_1_692' title='bbox 3541 2055 3707 2109; x_wconf 84' lang='grc' dir='ltr'>αὐτοῦ</span> 
     </span>
    </p>
   </div>
   <div class='ocr_carea' id='block_1_84' title="bbox 2031 2141 3710 2219">
    <p class='ocr_par' dir='ltr' id='par_1_84' title="bbox 2031 2141 3710 2219">
     <span class='ocr_line' id='line_1_85' title="bbox 2031 2141 3710 2219; baseline -0.001 -22"><span class='ocrx_word' id='word_1_693' title='bbox 2031 2143 2126 2200; x_wconf 90' lang='grc' dir='ltr'>νῦν</span> <span class='ocrx_word' id='word_1_694' title='bbox 2157 2146 2257 2216; x_wconf 83' lang='grc' dir='ltr'>μὲν</span> <span class='ocrx_word' id='word_1_695' title='bbox 2286 2145 2538 2218; x_wconf 74' lang='grc' dir='ltr'>θαρρεῖν,</span> <span class='ocrx_word' id='word_1_696' title='bbox 2575 2147 2670 2201; x_wconf 68' lang='grc' dir='ltr'>καὶ</span> <span class='ocrx_word' id='word_1_697' title='bbox 2709 2150 2758 2201; x_wconf 89' lang='grc' dir='ltr'>εί</span> <span class='ocrx_word' id='word_1_698' title='bbox 2801 2149 2860 2202; x_wconf 81' lang='grc' dir='ltr'>έν</span> <span class='ocrx_word' id='word_1_699' title='bbox 2904 2149 3014 2210; x_wconf 86' lang='grc' dir='ltr'>τοῖς</span> <span class='ocrx_word' id='word_1_700' title='bbox 3055 2146 3328 2218; x_wconf 81' lang='grc' dir='ltr'>βιωτικοῖς</span> <span class='ocrx_word' id='word_1_701' title='bbox 3448 2143 3710 2215; x_wconf 85' lang='grc' dir='ltr'>πράγμα-</span> 
     </span>
    </p>
   </div>
   <div class='ocr_carea' id='block_1_85' title="bbox 2031 2233 3711 2306">
    <p class='ocr_par' dir='ltr' id='par_1_85' title="bbox 2031 2233 3711 2306">
     <span class='ocr_line' id='line_1_86' title="bbox 2031 2233 3711 2306; baseline 0 -20"><span class='ocrx_word' id='word_1_702' title='bbox 2031 2249 2118 2288; x_wconf 89' lang='grc' dir='ltr'>σιν</span> <span class='ocrx_word' id='word_1_703' title='bbox 2159 2235 2523 2306; x_wconf 87' lang='grc' dir='ltr'>ἐνδεδεμένος,</span> <span class='ocrx_word' id='word_1_704' title='bbox 2564 2235 2641 2299; x_wconf 86' lang='grc' dir='ltr'>ὠς</span> <span class='ocrx_word' id='word_1_705' title='bbox 2669 2236 2897 2306; x_wconf 78' lang='grc' dir='ltr'>δυνατῆς</span> <span class='ocrx_word' id='word_1_706' title='bbox 2917 2234 2944 2275; x_wconf 73' lang='grc' dir='ltr'>τι</span> <span class='ocrx_word' id='word_1_707' title='bbox 2973 2234 3067 2290; x_wconf 74' lang='grc' dir='ltr'>καὶ</span> <span class='ocrx_word' id='word_1_708' title='bbox 3099 2233 3242 2288; x_wconf 76' lang='grc' dir='ltr'>οὕτω</span> <span class='ocrx_word' id='word_1_709' title='bbox 3281 2233 3382 2302; x_wconf 79' lang='grc' dir='ltr'>τῆς</span> <span class='ocrx_word' id='word_1_710' title='bbox 3437 2233 3711 2303; x_wconf 81' lang='grc' dir='ltr'>σωτηρίας</span> 
     </span>
    </p>
   </div>
   <div class='ocr_carea' id='block_1_86' title="bbox 2031 2315 3709 2394">
    <p class='ocr_par' dir='ltr' id='par_1_86' title="bbox 2031 2315 3709 2394">
     <span class='ocr_line' id='line_1_87' title="bbox 2031 2315 3709 2394; baseline -0.001 -20"><span class='ocrx_word' id='word_1_711' title='bbox 2031 2320 2227 2393; x_wconf 76' lang='grc' dir='ltr'>οὔσης·</span> <span class='ocrx_word' id='word_1_712' title='bbox 2259 2323 2354 2377; x_wconf 88' lang='grc' dir='ltr'>νῦν</span> <span class='ocrx_word' id='word_1_713' title='bbox 2396 2323 2474 2388; x_wconf 80' lang='grc' dir='ltr'>δὲ,</span> <span class='ocrx_word' id='word_1_714' title='bbox 2515 2323 2620 2378; x_wconf 80' lang='grc' dir='ltr'>κᾶν</span> <span class='ocrx_word' id='word_1_715' title='bbox 2663 2324 2880 2378; x_wconf 88' lang='grc' dir='ltr'>πάντων</span> <span class='ocrx_word' id='word_1_716' title='bbox 2935 2321 3357 2393; x_wconf 84' lang='grc' dir='ltr'>ἀπηλλαγμένος</span> <span class='ocrx_word' id='word_1_717' title='bbox 3384 2315 3441 2394; x_wconf 85' lang='grc' dir='ltr'>ᾗ,</span> <span class='ocrx_word' id='word_1_718' title='bbox 3481 2320 3709 2392; x_wconf 84' lang='grc' dir='ltr'>τρέμειν</span> 
     </span>
    </p>
   </div>
   <div class='ocr_carea' id='block_1_87' title="bbox 2033 2409 3708 2482">
    <p class='ocr_par' dir='ltr' id='par_1_87' title="bbox 2033 2409 3708 2482">
     <span class='ocr_line' id='line_1_88' title="bbox 2033 2409 3708 2482; baseline 0 -18"><span class='ocrx_word' id='word_1_719' title='bbox 2033 2410 2128 2464; x_wconf 71' lang='grc' dir='ltr'>καὶ</span> <span class='ocrx_word' id='word_1_720' title='bbox 2155 2409 2474 2478; x_wconf 86' lang='grc' dir='ltr'>δεδοικέναι,</span> <span class='ocrx_word' id='word_1_721' title='bbox 2498 2411 2574 2474; x_wconf 84' lang='grc' dir='ltr'>ὡς</span> <span class='ocrx_word' id='word_1_722' title='bbox 2601 2411 2721 2465; x_wconf 82' lang='grc' dir='ltr'>οὐδὲ</span> <span class='ocrx_word' id='word_1_723' title='bbox 2749 2411 2954 2466; x_wconf 84' lang='grc' dir='ltr'>τούτων</span> <span class='ocrx_word' id='word_1_724' title='bbox 2982 2411 3154 2482; x_wconf 74' lang='grc' dir='ltr'>χωρὶς</span> <span class='ocrx_word' id='word_1_725' title='bbox 3175 2409 3532 2480; x_wconf 80' lang='grc' dir='ltr'>εὐδοκιμῆσαι</span> <span class='ocrx_word' id='word_1_726' title='bbox 3565 2409 3708 2464; x_wconf 83' lang='grc' dir='ltr'>ὲνόν.</span> 
     </span>
    </p>
   </div>
   <div class='ocr_carea' id='block_1_88' title="bbox 2032 2495 3712 2570">
    <p class='ocr_par' dir='ltr' id='par_1_88' title="bbox 2032 2495 3712 2570">
     <span class='ocr_line' id='line_1_89' title="bbox 2032 2495 3712 2570; baseline -0.002 -18"><span class='ocrx_word' id='word_1_727' title='bbox 2032 2499 2096 2552; x_wconf 88' lang='grc' dir='ltr'><strong>Εἰ</strong></span> <span class='ocrx_word' id='word_1_728' title='bbox 2127 2497 2236 2570; x_wconf 85' lang='grc' dir='ltr'>γάρ</span> <span class='ocrx_word' id='word_1_729' title='bbox 2265 2499 2418 2553; x_wconf 92' lang='grc' dir='ltr'>πόλιν</span> <span class='ocrx_word' id='word_1_730' title='bbox 2451 2497 2616 2552; x_wconf 78' lang='grc' dir='ltr'>οἰκῶν</span> <span class='ocrx_word' id='word_1_731' title='bbox 2641 2499 2872 2570; x_wconf 67' lang='grc' dir='ltr'>ἠδύνατο</span> <span class='ocrx_word' id='word_1_732' title='bbox 2907 2497 3198 2564; x_wconf 77' lang='grc' dir='ltr'>σώζεσθαι,</span> <span class='ocrx_word' id='word_1_733' title='bbox 3233 2497 3307 2561; x_wconf 86' lang='grc' dir='ltr'>ὡς</span> <span class='ocrx_word' id='word_1_734' title='bbox 3340 2497 3495 2567; x_wconf 72' lang='grc' dir='ltr'>ἔφης,</span> <span class='ocrx_word' id='word_1_735' title='bbox 3529 2495 3712 2566; x_wconf 88' lang='grc' dir='ltr'>πολλῷ</span> 
     </span>
    </p>
   </div>
   <div class='ocr_carea' id='block_1_89' title="bbox 2037 2581 3710 2657">
    <p class='ocr_par' dir='ltr' id='par_1_89' title="bbox 2037 2581 3710 2657">
     <span class='ocr_line' id='line_1_90' title="bbox 2037 2581 3710 2657; baseline -0.002 -16"><span class='ocrx_word' id='word_1_736' title='bbox 2037 2586 2236 2657; x_wconf 81' lang='grc' dir='ltr'>μᾶλλον</span> <span class='ocrx_word' id='word_1_737' title='bbox 2277 2585 2377 2657; x_wconf 82' lang='grc' dir='ltr'>τὴν</span> <span class='ocrx_word' id='word_1_738' title='bbox 2423 2587 2659 2657; x_wconf 84' lang='grc' dir='ltr'>ἐρημίαν</span> <span class='ocrx_word' id='word_1_739' title='bbox 2706 2585 3052 2642; x_wconf 83' lang='grc' dir='ltr'>καταλαϐών.</span> <span class='ocrx_word' id='word_1_740' title='bbox 3092 2585 3219 2650; x_wconf 87' lang='grc' dir='ltr'>Πῶς</span> <span class='ocrx_word' id='word_1_741' title='bbox 3257 2581 3349 2640; x_wconf 79' lang='grc' dir='ltr'>οὖν</span> <span class='ocrx_word' id='word_1_742' title='bbox 3393 2585 3456 2639; x_wconf 85' lang='grc' dir='ltr'>τὸ</span> <span class='ocrx_word' id='word_1_743' title='bbox 3511 2585 3710 2640; x_wconf 85' lang='grc' dir='ltr'>ἀδύνα-</span> 
     </span>
    </p>
   </div>
   <div class='ocr_carea' id='block_1_90' title="bbox 2033 2673 3711 2748">
    <p class='ocr_par' dir='ltr' id='par_1_90' title="bbox 2033 2673 3711 2748">
     <span class='ocr_line' id='line_1_91' title="bbox 2033 2673 3711 2748; baseline -0.003 -15"><span class='ocrx_word' id='word_1_744' title='bbox 2033 2697 2125 2734; x_wconf 88' lang='grc' dir='ltr'>τον</span> <span class='ocrx_word' id='word_1_745' title='bbox 2167 2678 2402 2734; x_wconf 88' lang='grc' dir='ltr'>ἐνταῦθα</span> <span class='ocrx_word' id='word_1_746' title='bbox 2444 2677 2711 2742; x_wconf 86' lang='grc' dir='ltr'>δέδοικας,</span> <span class='ocrx_word' id='word_1_747' title='bbox 2754 2679 2872 2732; x_wconf 84' lang='grc' dir='ltr'>ἐκεῖ</span> <span class='ocrx_word' id='word_1_748' title='bbox 2921 2677 2996 2748; x_wconf 85' lang='grc' dir='ltr'>μὴ</span> <span class='ocrx_word' id='word_1_749' title='bbox 3029 2675 3290 2746; x_wconf 73' lang='grc' dir='ltr'>φοϐηθεὶς</span> <span class='ocrx_word' id='word_1_750' title='bbox 3339 2673 3469 2729; x_wconf 77' lang='grc' dir='ltr'>ἔνθα</span> <span class='ocrx_word' id='word_1_751' title='bbox 3505 2674 3711 2746; x_wconf 80' lang='grc' dir='ltr'>μᾶλλον</span> 
     </span>
    </p>
   </div>
   <div class='ocr_carea' id='block_1_91' title="bbox 2035 2769 2240 2842">
    <p class='ocr_par' dir='ltr' id='par_1_91' title="bbox 2035 2769 2240 2842">
     <span class='ocr_line' id='line_1_92' title="bbox 2035 2769 2240 2842; baseline -0.024 -1"><span class='ocrx_word' id='word_1_752' title='bbox 2035 2769 2240 2842; x_wconf 77' lang='grc' dir='ltr'>ἐχρῆν;</span> 
     </span>
    </p>
   </div>
   <div class='ocr_carea' id='block_1_92' title="bbox 2110 2889 3713 2964">
    <p class='ocr_par' dir='ltr' id='par_1_92' title="bbox 2110 2889 3713 2964">
     <span class='ocr_line' id='line_1_93' title="bbox 2110 2889 3713 2964; baseline -0.003 -17"><span class='ocrx_word' id='word_1_753' title='bbox 2110 2893 2272 2950; x_wconf 81' lang='grc' dir='ltr'>ιε’.ού</span> <span class='ocrx_word' id='word_1_754' title='bbox 2287 2891 2395 2962; x_wconf 88' lang='grc' dir='ltr'>γάρ</span> <span class='ocrx_word' id='word_1_755' title='bbox 2407 2891 2854 2964; x_wconf 71' lang='grc' dir='ltr'>ἐστι,φησὶν.ί¹σον</span> <span class='ocrx_word' id='word_1_756' title='bbox 2868 2889 3117 2961; x_wconf 84' lang='grc' dir='ltr'>βιωτικὸν</span> <span class='ocrx_word' id='word_1_757' title='bbox 3131 2890 3262 2944; x_wconf 79' lang='grc' dir='ltr'>ὄντα</span> <span class='ocrx_word' id='word_1_758' title='bbox 3274 2891 3362 2945; x_wconf 89' lang='grc' dir='ltr'>δια</span> <span class='ocrx_word' id='word_1_759' title='bbox 3369 2907 3444 2960; x_wconf 89' lang='grc' dir='ltr'>μα</span> <span class='ocrx_word' id='word_1_760' title='bbox 3452 2889 3713 2963; x_wconf 75' lang='grc' dir='ltr'>ρτεῖν,καὶ</span> 
     </span>
    </p>
   </div>
   <div class='ocr_carea' id='block_1_93' title="bbox 2036 2978 3716 3052">
    <p class='ocr_par' dir='ltr' id='par_1_93' title="bbox 2036 2978 3716 3052">
     <span class='ocr_line' id='line_1_94' title="bbox 2036 2978 3716 3052; baseline -0.004 -15"><span class='ocrx_word' id='word_1_761' title='bbox 2036 2981 2290 3047; x_wconf 78' lang='grc' dir='ltr'>καθάπαξ</span> <span class='ocrx_word' id='word_1_762' title='bbox 2317 2980 2584 3034; x_wconf 90' lang='grc' dir='ltr'>ἀναθέντα</span> <span class='ocrx_word' id='word_1_763' title='bbox 2617 2980 2808 3034; x_wconf 80' lang='grc' dir='ltr'>ἑαυτὸν</span> <span class='ocrx_word' id='word_1_764' title='bbox 2838 2979 2917 3052; x_wconf 80' lang='grc' dir='ltr'>τῷ</span> <span class='ocrx_word' id='word_1_765' title='bbox 2945 2978 3064 3050; x_wconf 86' lang='grc' dir='ltr'>Θεῷ</span> <span class='ocrx_word' id='word_1_766' title='bbox 3083 2996 3096 3010; x_wconf 83' lang='lat'>&#39;</span> <span class='ocrx_word' id='word_1_767' title='bbox 3127 2979 3188 3034; x_wconf 87' lang='grc' dir='ltr'>ού</span> <span class='ocrx_word' id='word_1_768' title='bbox 3215 2979 3324 3052; x_wconf 86' lang='grc' dir='ltr'>γὰρ</span> <span class='ocrx_word' id='word_1_769' title='bbox 3353 2979 3460 3032; x_wconf 84' lang='grc' dir='ltr'>ἀπὸ</span> <span class='ocrx_word' id='word_1_770' title='bbox 3497 2979 3592 3033; x_wconf 86' lang='grc' dir='ltr'>τοῦ</span> <span class='ocrx_word' id='word_1_771' title='bbox 3619 2979 3716 3031; x_wconf 85' lang='grc' dir='ltr'>αύ-</span> 
     </span>
    </p>
   </div>
   <div class='ocr_carea' id='block_1_94' title="bbox 2035 3065 3716 3140">
    <p class='ocr_par' dir='ltr' id='par_1_94' title="bbox 2035 3065 3716 3140">
     <span class='ocr_line' id='line_1_95' title="bbox 2035 3065 3716 3140; baseline -0.002 -15"><span class='ocrx_word' id='word_1_772' title='bbox 2035 3071 2128 3125; x_wconf 90' lang='grc' dir='ltr'>τοῦ</span> <span class='ocrx_word' id='word_1_773' title='bbox 2159 3070 2325 3140; x_wconf 67' lang='grc' dir='ltr'>ὕψους</span> <span class='ocrx_word' id='word_1_774' title='bbox 2355 3069 2653 3140; x_wconf 79' lang='grc' dir='ltr'>ἀμφότεροι</span> <span class='ocrx_word' id='word_1_775' title='bbox 2677 3068 3134 3134; x_wconf 85' lang='grc' dir='ltr'>καταπίπτουσιν,</span> <span class='ocrx_word' id='word_1_776' title='bbox 3159 3068 3281 3122; x_wconf 84' lang='grc' dir='ltr'>ὅθεν</span> <span class='ocrx_word' id='word_1_777' title='bbox 3307 3068 3428 3122; x_wconf 86' lang='grc' dir='ltr'>ούδέ</span> <span class='ocrx_word' id='word_1_778' title='bbox 3455 3067 3526 3122; x_wconf 87' lang='grc' dir='ltr'>τά</span> <span class='ocrx_word' id='word_1_779' title='bbox 3545 3065 3716 3139; x_wconf 82' lang='grc' dir='ltr'>τραύ-</span> 
     </span>
    </p>
   </div>
   <div class='ocr_carea' id='block_1_95' title="bbox 2041 3155 3718 3230">
    <p class='ocr_par' dir='ltr' id='par_1_95' title="bbox 2041 3155 3718 3230">
     <span class='ocr_line' id='line_1_96' title="bbox 2041 3155 3718 3230; baseline -0.001 -18"><span class='ocrx_word' id='word_1_780' title='bbox 2041 3177 2186 3230; x_wconf 90' lang='grc' dir='ltr'>ματα</span> <span class='ocrx_word' id='word_1_781' title='bbox 2206 3156 2360 3230; x_wconf 85' lang='grc'>[101]</span> <span class='ocrx_word' id='word_1_782' title='bbox 2387 3157 2570 3219; x_wconf 84' lang='grc' dir='ltr'>αὐτοῖς</span> <span class='ocrx_word' id='word_1_783' title='bbox 2594 3156 2703 3210; x_wconf 84' lang='grc' dir='ltr'>ἴσα.</span> <span class='ocrx_word' id='word_1_784' title='bbox 2726 3155 2940 3227; x_wconf 86' lang='grc' dir='ltr'>Σφόδρα</span> <span class='ocrx_word' id='word_1_785' title='bbox 2961 3157 3176 3228; x_wconf 76' lang='grc' dir='ltr'>ἀπατᾷς</span> <span class='ocrx_word' id='word_1_786' title='bbox 3198 3157 3392 3210; x_wconf 80' lang='grc' dir='ltr'>σαυτὸν</span> <span class='ocrx_word' id='word_1_787' title='bbox 3419 3157 3514 3210; x_wconf 73' lang='grc' dir='ltr'>καὶ</span> <span class='ocrx_word' id='word_1_788' title='bbox 3547 3155 3718 3225; x_wconf 79' lang='grc' dir='ltr'>σφάλ-</span> 
     </span>
    </p>
   </div>
   <div class='ocr_carea' id='block_1_96' title="bbox 2035 3239 3713 3316">
    <p class='ocr_par' dir='ltr' id='par_1_96' title="bbox 2035 3239 3713 3316">
     <span class='ocr_line' id='line_1_97' title="bbox 2035 3239 3713 3316; baseline -0.001 -17"><span class='ocrx_word' id='word_1_789' title='bbox 2035 3245 2168 3310; x_wconf 86' lang='grc' dir='ltr'>λεις,</span> <span class='ocrx_word' id='word_1_790' title='bbox 2193 3249 2241 3299; x_wconf 88' lang='grc' dir='ltr'>εί</span> <span class='ocrx_word' id='word_1_791' title='bbox 2267 3245 2401 3300; x_wconf 82' lang='grc' dir='ltr'>ἄλλα</span> <span class='ocrx_word' id='word_1_792' title='bbox 2434 3245 2529 3316; x_wconf 83' lang='grc' dir='ltr'>μὲν</span> <span class='ocrx_word' id='word_1_793' title='bbox 2549 3244 2648 3297; x_wconf 78' lang='grc' dir='ltr'>οἴει</span> <span class='ocrx_word' id='word_1_794' title='bbox 2677 3243 2766 3296; x_wconf 77' lang='grc' dir='ltr'>τὸν</span> <span class='ocrx_word' id='word_1_795' title='bbox 2785 3239 3064 3312; x_wconf 83' lang='grc' dir='ltr'>βιωτικὸν,</span> <span class='ocrx_word' id='word_1_796' title='bbox 3091 3243 3254 3316; x_wconf 72' lang='grc' dir='ltr'>ἔτερα</span> <span class='ocrx_word' id='word_1_797' title='bbox 3281 3243 3337 3296; x_wconf 83' lang='grc' dir='ltr'>δὲ</span> <span class='ocrx_word' id='word_1_798' title='bbox 3363 3243 3713 3297; x_wconf 78' lang='grc' dir='ltr'>ἀπαιτεῖσθαι</span> 
     </span>
    </p>
   </div>
   <div class='ocr_carea' id='block_1_97' title="bbox 2035 3329 3716 3404">
    <p class='ocr_par' dir='ltr' id='par_1_97' title="bbox 2035 3329 3716 3404">
     <span class='ocr_line' id='line_1_98' title="bbox 2035 3329 3716 3404; baseline -0.002 -17"><span class='ocrx_word' id='word_1_799' title='bbox 2035 3335 2127 3388; x_wconf 72' lang='grc' dir='ltr'>τὸν</span> <span class='ocrx_word' id='word_1_800' title='bbox 2171 3333 2403 3404; x_wconf 79' lang='grc' dir='ltr'>μοναχὸν</span> <span class='ocrx_word' id='word_1_801' title='bbox 2425 3349 2439 3364; x_wconf 87' lang='grc'><strong>·</strong></span> <span class='ocrx_word' id='word_1_802' title='bbox 2472 3333 2504 3403; x_wconf 89' lang='grc' dir='ltr'><strong>ή</strong></span> <span class='ocrx_word' id='word_1_803' title='bbox 2533 3331 2640 3403; x_wconf 81' lang='grc' dir='ltr'>γὰρ</span> <span class='ocrx_word' id='word_1_804' title='bbox 2666 3329 2899 3401; x_wconf 80' lang='grc' dir='ltr'>διαφορά</span> <span class='ocrx_word' id='word_1_805' title='bbox 2927 3329 3136 3394; x_wconf 87' lang='grc' dir='ltr'>τούτοις</span> <span class='ocrx_word' id='word_1_806' title='bbox 3168 3332 3224 3385; x_wconf 91' lang='grc' dir='ltr'>ἐν</span> <span class='ocrx_word' id='word_1_807' title='bbox 3251 3330 3330 3401; x_wconf 83' lang='grc' dir='ltr'>τῷ</span> <span class='ocrx_word' id='word_1_808' title='bbox 3353 3332 3601 3403; x_wconf 77' lang='grc' dir='ltr'>γαμῆσαι</span> <span class='ocrx_word' id='word_1_809' title='bbox 3621 3334 3716 3386; x_wconf 79' lang='grc' dir='ltr'>καὶ</span> 
     </span>
    </p>
   </div>
   <div class='ocr_carea' id='block_1_98' title="bbox 2041 3418 3716 3495">
    <p class='ocr_par' dir='ltr' id='par_1_98' title="bbox 2041 3418 3716 3495">
     <span class='ocr_line' id='line_1_99' title="bbox 2041 3418 3716 3495; baseline 0 -21"><span class='ocrx_word' id='word_1_810' title='bbox 2041 3423 2139 3495; x_wconf 85' lang='grc' dir='ltr'>μὴ,</span> <span class='ocrx_word' id='word_1_811' title='bbox 2159 3422 2269 3474; x_wconf 89' lang='grc' dir='ltr'>τῶν</span> <span class='ocrx_word' id='word_1_812' title='bbox 2297 3422 2355 3474; x_wconf 80' lang='grc' dir='ltr'>δὲ</span> <span class='ocrx_word' id='word_1_813' title='bbox 2385 3420 2559 3476; x_wconf 86' lang='grc' dir='ltr'>ἄλλων</span> <span class='ocrx_word' id='word_1_814' title='bbox 2594 3419 2779 3472; x_wconf 69' lang='grc' dir='ltr'>ἕνεκεν</span> <span class='ocrx_word' id='word_1_815' title='bbox 2812 3418 3070 3472; x_wconf 82' lang='grc' dir='ltr'>ἁπάντων</span> <span class='ocrx_word' id='word_1_816' title='bbox 3108 3418 3298 3482; x_wconf 86' lang='grc' dir='ltr'>κοινάς</span> <span class='ocrx_word' id='word_1_817' title='bbox 3330 3419 3590 3491; x_wconf 84' lang='grc' dir='ltr'>ὑπέχουσι</span> <span class='ocrx_word' id='word_1_818' title='bbox 3615 3419 3716 3484; x_wconf 83' lang='grc' dir='ltr'>τὰς</span> 
     </span>
    </p>
   </div>
   <div class='ocr_carea' id='block_1_99' title="bbox 2037 3505 3714 3581">
    <p class='ocr_par' dir='ltr' id='par_1_99' title="bbox 2037 3505 3714 3581">
     <span class='ocr_line' id='line_1_100' title="bbox 2037 3505 3714 3581; baseline -0.001 -17"><span class='ocrx_word' id='word_1_819' title='bbox 2037 3511 2286 3574; x_wconf 80' lang='grc' dir='ltr'>εὐθύνας.</span> <span class='ocrx_word' id='word_1_820' title='bbox 2309 3511 2420 3564; x_wconf 69' lang='grc' dir='ltr'>Καὶ</span> <span class='ocrx_word' id='word_1_821' title='bbox 2445 3509 2554 3580; x_wconf 78' lang='grc' dir='ltr'>γὰρ</span> <span class='ocrx_word' id='word_1_822' title='bbox 2579 3511 2607 3562; x_wconf 93' lang='lat'>6</span> <span class='ocrx_word' id='word_1_823' title='bbox 2630 3507 2979 3580; x_wconf 80' lang='grc' dir='ltr'>ὀργιζόμενος</span> <span class='ocrx_word' id='word_1_824' title='bbox 3010 3505 3089 3577; x_wconf 85' lang='grc' dir='ltr'>τῷ</span> <span class='ocrx_word' id='word_1_825' title='bbox 3121 3506 3334 3578; x_wconf 70' lang='grc' dir='ltr'>ἀδελφῷ</span> <span class='ocrx_word' id='word_1_826' title='bbox 3374 3507 3538 3562; x_wconf 79' lang='grc' dir='ltr'>αὑτοῦ</span> <span class='ocrx_word' id='word_1_827' title='bbox 3569 3508 3714 3581; x_wconf 73' lang='grc' dir='ltr'>εἰκῆ,</span> 
     </span>
    </p>
   </div>
   <div class='ocr_carea' id='block_1_100' title="bbox 2037 3589 3720 3668">
    <p class='ocr_par' dir='ltr' id='par_1_100' title="bbox 2037 3589 3720 3668">
     <span class='ocr_line' id='line_1_101' title="bbox 2037 3589 3720 3668; baseline -0.002 -16"><span class='ocrx_word' id='word_1_828' title='bbox 2037 3597 2140 3652; x_wconf 85' lang='grc' dir='ltr'>κάν</span> <span class='ocrx_word' id='word_1_829' title='bbox 2167 3613 2225 3650; x_wconf 90' lang='grc' dir='ltr'>τε</span> <span class='ocrx_word' id='word_1_830' title='bbox 2251 3596 2523 3667; x_wconf 81' lang='grc' dir='ltr'>βιωτικὸς,</span> <span class='ocrx_word' id='word_1_831' title='bbox 2551 3594 2653 3648; x_wconf 84' lang='grc' dir='ltr'>κάν</span> <span class='ocrx_word' id='word_1_832' title='bbox 2687 3612 2746 3647; x_wconf 89' lang='grc' dir='ltr'>τε</span> <span class='ocrx_word' id='word_1_833' title='bbox 2779 3593 3010 3665; x_wconf 81' lang='grc' dir='ltr'>μοναχὸς</span> <span class='ocrx_word' id='word_1_834' title='bbox 3041 3589 3097 3668; x_wconf 81' lang='grc' dir='ltr'>ᾗ,</span> <span class='ocrx_word' id='word_1_835' title='bbox 3127 3593 3206 3664; x_wconf 82' lang='grc' dir='ltr'>τῷ</span> <span class='ocrx_word' id='word_1_836' title='bbox 3239 3593 3358 3665; x_wconf 82' lang='grc' dir='ltr'>Θεῷ</span> <span class='ocrx_word' id='word_1_837' title='bbox 3385 3593 3720 3666; x_wconf 85' lang='grc' dir='ltr'>προσέκρου-</span> 
     </span>
    </p>
   </div>
   <div class='ocr_carea' id='block_1_101' title="bbox 2041 3681 3718 3755">
    <p class='ocr_par' dir='ltr' id='par_1_101' title="bbox 2041 3681 3718 3755">
     <span class='ocr_line' id='line_1_102' title="bbox 2041 3681 3718 3755; baseline -0.001 -17"><span class='ocrx_word' id='word_1_838' title='bbox 2041 3703 2131 3738; x_wconf 88' lang='grc' dir='ltr'>σεν</span> <span class='ocrx_word' id='word_1_839' title='bbox 2151 3687 2380 3755; x_wconf 83' lang='grc' dir='ltr'>ὁμοίως·</span> <span class='ocrx_word' id='word_1_840' title='bbox 2416 3684 2509 3737; x_wconf 72' lang='grc' dir='ltr'>καὶ</span> <span class='ocrx_word' id='word_1_841' title='bbox 2535 3685 2564 3737; x_wconf 89' lang='lat'>6</span> <span class='ocrx_word' id='word_1_842' title='bbox 2591 3683 2804 3754; x_wconf 81' lang='grc' dir='ltr'>βλέπων</span> <span class='ocrx_word' id='word_1_843' title='bbox 2837 3684 3074 3750; x_wconf 89' lang='grc' dir='ltr'>γυναῖκα</span> <span class='ocrx_word' id='word_1_844' title='bbox 3107 3681 3244 3754; x_wconf 82' lang='grc' dir='ltr'>πρὸς</span> <span class='ocrx_word' id='word_1_845' title='bbox 3280 3681 3342 3736; x_wconf 87' lang='lat' dir='ltr'>1b</span> <span class='ocrx_word' id='word_1_846' title='bbox 3383 3681 3718 3754; x_wconf 85' lang='grc' dir='ltr'>ἐπιθυμῆσαι</span> 
     </span>
    </p>
   </div>
   <div class='ocr_carea' id='block_1_102' title="bbox 2039 3769 3720 3844">
    <p class='ocr_par' dir='ltr' id='par_1_102' title="bbox 2039 3769 3720 3844">
     <span class='ocr_line' id='line_1_103' title="bbox 2039 3769 3720 3844; baseline -0.002 -18"><span class='ocrx_word' id='word_1_847' title='bbox 2039 3773 2230 3844; x_wconf 82' lang='grc' dir='ltr'>αὐτῆς,</span> <span class='ocrx_word' id='word_1_848' title='bbox 2261 3771 2327 3826; x_wconf 80' lang='grc' dir='ltr'>ἄν</span> <span class='ocrx_word' id='word_1_849' title='bbox 2364 3789 2422 3825; x_wconf 90' lang='grc' dir='ltr'>τε</span> <span class='ocrx_word' id='word_1_850' title='bbox 2461 3770 2618 3824; x_wconf 88' lang='grc' dir='ltr'>τοῦτο</span> <span class='ocrx_word' id='word_1_851' title='bbox 2647 3769 2712 3824; x_wconf 84' lang='grc' dir='ltr'>ἀν</span> <span class='ocrx_word' id='word_1_852' title='bbox 2740 3787 2802 3822; x_wconf 90' lang='grc' dir='ltr'>τε</span> <span class='ocrx_word' id='word_1_853' title='bbox 2840 3771 3018 3823; x_wconf 85' lang='grc' dir='ltr'>ἐκεῖνο</span> <span class='ocrx_word' id='word_1_854' title='bbox 3047 3769 3312 3843; x_wconf 83' lang='grc' dir='ltr'>τυγχάνῃ.</span> <span class='ocrx_word' id='word_1_855' title='bbox 3342 3769 3543 3840; x_wconf 85' lang='grc' dir='ltr'>ὁμοίως</span> <span class='ocrx_word' id='word_1_856' title='bbox 3578 3771 3720 3842; x_wconf 83' lang='grc' dir='ltr'>ὑπὲρ</span> 
     </span>
    </p>
   </div>
   <div class='ocr_carea' id='block_1_103' title="bbox 2038 3855 3721 3930">
    <p class='ocr_par' dir='ltr' id='par_1_103' title="bbox 2038 3855 3721 3930">
     <span class='ocr_line' id='line_1_104' title="bbox 2038 3855 3721 3930; baseline 0 -18"><span class='ocrx_word' id='word_1_857' title='bbox 2038 3859 2140 3930; x_wconf 82' lang='grc' dir='ltr'>τῆς</span> <span class='ocrx_word' id='word_1_858' title='bbox 2173 3858 2414 3930; x_wconf 86' lang='grc' dir='ltr'>μοιχείας</span> <span class='ocrx_word' id='word_1_859' title='bbox 2440 3857 2886 3930; x_wconf 77' lang='grc' dir='ltr'>τιμωρηθήσεται</span> <span class='ocrx_word' id='word_1_860' title='bbox 2909 3855 3130 3926; x_wconf 83' lang='grc' dir='ltr'>ταύτης.</span> <span class='ocrx_word' id='word_1_861' title='bbox 3161 3856 3222 3910; x_wconf 68' lang='lat' dir='ltr'>Et</span> <span class='ocrx_word' id='word_1_862' title='bbox 3259 3857 3317 3910; x_wconf 84' lang='grc' dir='ltr'>δέ</span> <span class='ocrx_word' id='word_1_863' title='bbox 3352 3857 3457 3930; x_wconf 85' lang='grc' dir='ltr'>χρὴ</span> <span class='ocrx_word' id='word_1_864' title='bbox 3487 3857 3584 3911; x_wconf 76' lang='grc' dir='ltr'>καὶ</span> <span class='ocrx_word' id='word_1_865' title='bbox 3609 3857 3721 3912; x_wconf 64' lang='grc' dir='ltr'>ἀπὸ</span> 
     </span>
    </p>
   </div>
   <div class='ocr_carea' id='block_1_104' title="bbox 2038 3943 3720 4018">
    <p class='ocr_par' dir='ltr' id='par_1_104' title="bbox 2038 3943 3720 4018">
     <span class='ocr_line' id='line_1_105' title="bbox 2038 3943 3720 4018; baseline -0.001 -18"><span class='ocrx_word' id='word_1_866' title='bbox 2038 3946 2298 4018; x_wconf 79' lang='grc' dir='ltr'>λογισμοῦ</span> <span class='ocrx_word' id='word_1_867' title='bbox 2329 3946 2665 4018; x_wconf 86' lang='grc' dir='ltr'>προσθεῖναι,</span> <span class='ocrx_word' id='word_1_868' title='bbox 2692 3947 2720 3998; x_wconf 97' lang='lat'>6</span> <span class='ocrx_word' id='word_1_869' title='bbox 2746 3944 2998 4015; x_wconf 82' lang='grc' dir='ltr'>βιωτικὺς</span> <span class='ocrx_word' id='word_1_870' title='bbox 3021 3945 3431 4013; x_wconf 83' lang='grc' dir='ltr'>ἀσυγγνωστότε</span> <span class='ocrx_word' id='word_1_871' title='bbox 3443 3962 3531 4016; x_wconf 89' lang='grc' dir='ltr'>ρος</span> <span class='ocrx_word' id='word_1_872' title='bbox 3560 3943 3720 3998; x_wconf 87' lang='grc' dir='ltr'>τοῦτο</span> 
     </span>
    </p>
   </div>
   <div class='ocr_carea' id='block_1_105' title="bbox 2041 4031 3715 4104">
    <p class='ocr_par' dir='ltr' id='par_1_105' title="bbox 2041 4031 3715 4104">
     <span class='ocr_line' id='line_1_106' title="bbox 2041 4031 3715 4104; baseline -0.002 -16"><span class='ocrx_word' id='word_1_873' title='bbox 2041 4033 2262 4088; x_wconf 75' lang='grc' dir='ltr'>παθώνο</span> <span class='ocrx_word' id='word_1_874' title='bbox 2306 4034 2368 4087; x_wconf 87' lang='grc' dir='ltr'>ού</span> <span class='ocrx_word' id='word_1_875' title='bbox 2393 4033 2502 4104; x_wconf 81' lang='grc' dir='ltr'>γάρ</span> <span class='ocrx_word' id='word_1_876' title='bbox 2534 4031 2680 4086; x_wconf 88' lang='grc' dir='ltr'>ἐστιν</span> <span class='ocrx_word' id='word_1_877' title='bbox 2717 4031 2830 4086; x_wconf 86' lang='grc' dir='ltr'>ίσον</span> <span class='ocrx_word' id='word_1_878' title='bbox 2857 4036 3090 4101; x_wconf 85' lang='grc' dir='ltr'>γυναῖκα</span> <span class='ocrx_word' id='word_1_879' title='bbox 3129 4033 3341 4104; x_wconf 78' lang='grc' dir='ltr'>ἔχοντα,</span> <span class='ocrx_word' id='word_1_880' title='bbox 3389 4034 3486 4086; x_wconf 76' lang='grc' dir='ltr'>καὶ</span> <span class='ocrx_word' id='word_1_881' title='bbox 3526 4031 3715 4086; x_wconf 81' lang='grc' dir='ltr'>τοσαύ-</span> 
     </span>
    </p>
   </div>
   <div class='ocr_carea' id='block_1_106' title="bbox 2040 4118 3712 4192">
    <p class='ocr_par' dir='ltr' id='par_1_106' title="bbox 2040 4118 3712 4192">
     <span class='ocr_line' id='line_1_107' title="bbox 2040 4118 3712 4192; baseline -0.001 -18"><span class='ocrx_word' id='word_1_882' title='bbox 2040 4138 2140 4192; x_wconf 90' lang='grc' dir='ltr'>της</span> <span class='ocrx_word' id='word_1_883' title='bbox 2181 4120 2525 4174; x_wconf 90' lang='grc' dir='ltr'>ἀπολαύοντα</span> <span class='ocrx_word' id='word_1_884' title='bbox 2565 4118 2936 4190; x_wconf 87' lang='grc' dir='ltr'>παραμυθίας,</span> <span class='ocrx_word' id='word_1_885' title='bbox 2971 4119 3158 4173; x_wconf 87' lang='grc' dir='ltr'>κάλλει</span> <span class='ocrx_word' id='word_1_886' title='bbox 3210 4123 3578 4190; x_wconf 87' lang='grc' dir='ltr'>προσπταῖσαι</span> <span class='ocrx_word' id='word_1_887' title='bbox 3617 4136 3712 4188; x_wconf 79' lang='grc' dir='ltr'>γυο</span> 
     </span>
    </p>
   </div>
   <div class='ocr_carea' id='block_1_107' title="bbox 2041 4205 3720 4277">
    <p class='ocr_par' dir='ltr' id='par_1_107' title="bbox 2041 4205 3720 4277">
     <span class='ocr_line' id='line_1_108' title="bbox 2041 4205 3720 4277; baseline -0.002 -15"><span class='ocrx_word' id='word_1_888' title='bbox 2041 4208 2244 4272; x_wconf 80' lang='grc' dir='ltr'>ναικὸς,</span> <span class='ocrx_word' id='word_1_889' title='bbox 2283 4208 2377 4260; x_wconf 72' lang='grc' dir='ltr'>καὶ</span> <span class='ocrx_word' id='word_1_890' title='bbox 2399 4207 2617 4276; x_wconf 83' lang='grc' dir='ltr'>ἀπάσης</span> <span class='ocrx_word' id='word_1_891' title='bbox 2635 4205 2840 4277; x_wconf 84' lang='grc' dir='ltr'>ταύτης</span> <span class='ocrx_word' id='word_1_892' title='bbox 2862 4206 3308 4276; x_wconf 87' lang='grc' dir='ltr'>ἀπεστερημένον</span> <span class='ocrx_word' id='word_1_893' title='bbox 3341 4206 3442 4274; x_wconf 78' lang='grc' dir='ltr'>τῆς</span> <span class='ocrx_word' id='word_1_894' title='bbox 3470 4205 3720 4276; x_wconf 87' lang='grc' dir='ltr'>βοηθείας</span> 
     </span>
    </p>
   </div>
   <div class='ocr_carea' id='block_1_108' title="bbox 2042 4290 3720 4363">
    <p class='ocr_par' dir='ltr' id='par_1_108' title="bbox 2042 4290 3720 4363">
     <span class='ocr_line' id='line_1_109' title="bbox 2042 4290 3720 4363; baseline -0.001 -15"><span class='ocrx_word' id='word_1_895' title='bbox 2042 4295 2244 4348; x_wconf 84' lang='grc' dir='ltr'>ἁλῶναι</span> <span class='ocrx_word' id='word_1_896' title='bbox 2267 4293 2344 4363; x_wconf 84' lang='grc' dir='ltr'>τῷ</span> <span class='ocrx_word' id='word_1_897' title='bbox 2370 4290 2547 4362; x_wconf 84' lang='grc' dir='ltr'>δεινῷ.</span> <span class='ocrx_word' id='word_1_898' title='bbox 2571 4292 2738 4346; x_wconf 88' lang='grc' dir='ltr'>Πάλιν</span> <span class='ocrx_word' id='word_1_899' title='bbox 2759 4295 2787 4346; x_wconf 90' lang='lat'>6</span> <span class='ocrx_word' id='word_1_900' title='bbox 2807 4293 2998 4362; x_wconf 87' lang='grc' dir='ltr'>ὀμνὺς,</span> <span class='ocrx_word' id='word_1_901' title='bbox 3023 4293 3086 4346; x_wconf 81' lang='grc' dir='ltr'>ἄν</span> <span class='ocrx_word' id='word_1_902' title='bbox 3109 4310 3168 4345; x_wconf 89' lang='grc' dir='ltr'>τε</span> <span class='ocrx_word' id='word_1_903' title='bbox 3194 4292 3350 4344; x_wconf 86' lang='grc' dir='ltr'>τοῦτο</span> <span class='ocrx_word' id='word_1_904' title='bbox 3370 4291 3434 4345; x_wconf 86' lang='grc' dir='ltr'>ἀν</span> <span class='ocrx_word' id='word_1_905' title='bbox 3456 4309 3516 4344; x_wconf 90' lang='grc' dir='ltr'>τε</span> <span class='ocrx_word' id='word_1_906' title='bbox 3543 4295 3720 4346; x_wconf 81' lang='grc' dir='ltr'>ἐκεῖνο</span> 
     </span>
    </p>
   </div>
   <div class='ocr_carea' id='block_1_109' title="bbox 2039 4378 3720 4457">
    <p class='ocr_par' dir='ltr' id='par_1_109' title="bbox 2039 4378 3720 4457">
     <span class='ocr_line' id='line_1_110' title="bbox 2039 4378 3720 4457; baseline -0.001 -21"><span class='ocrx_word' id='word_1_907' title='bbox 2039 4378 2097 4457; x_wconf 78' lang='grc' dir='ltr'>ᾖ,</span> <span class='ocrx_word' id='word_1_908' title='bbox 2125 4381 2324 4452; x_wconf 82' lang='grc' dir='ltr'>ὁμοίως</span> <span class='ocrx_word' id='word_1_909' title='bbox 2351 4379 2787 4444; x_wconf 79' lang='grc' dir='ltr'>καταδικάζεται.</span> <span class='ocrx_word' id='word_1_910' title='bbox 2821 4380 2955 4434; x_wconf 79' lang='grc' dir='ltr'>Οὐδὲ</span> <span class='ocrx_word' id='word_1_911' title='bbox 3003 4379 3112 4450; x_wconf 84' lang='grc' dir='ltr'>γὰρ</span> <span class='ocrx_word' id='word_1_912' title='bbox 3134 4381 3161 4432; x_wconf 92' lang='lat'>6</span> <span class='ocrx_word' id='word_1_913' title='bbox 3180 4378 3434 4450; x_wconf 85' lang='grc' dir='ltr'>Χριστὸς,</span> <span class='ocrx_word' id='word_1_914' title='bbox 3468 4379 3557 4433; x_wconf 87' lang='grc' dir='ltr'>ὅτε</span> <span class='ocrx_word' id='word_1_915' title='bbox 3590 4383 3720 4452; x_wconf 79' lang='grc' dir='ltr'>περὶ</span> 
     </span>
    </p>
   </div>
   <div class='ocr_carea' id='block_1_110' title="bbox 2040 4465 3720 4539">
    <p class='ocr_par' dir='ltr' id='par_1_110' title="bbox 2040 4465 3720 4539">
     <span class='ocr_line' id='line_1_111' title="bbox 2040 4465 3720 4539; baseline 0 -17"><span class='ocrx_word' id='word_1_916' title='bbox 2040 4469 2244 4522; x_wconf 89' lang='grc' dir='ltr'>τούτων</span> <span class='ocrx_word' id='word_1_917' title='bbox 2270 4467 2581 4522; x_wconf 87' lang='grc' dir='ltr'>διετάσσετο</span> <span class='ocrx_word' id='word_1_918' title='bbox 2608 4467 2700 4522; x_wconf 73' lang='grc' dir='ltr'>καὶ</span> <span class='ocrx_word' id='word_1_919' title='bbox 2729 4467 3054 4538; x_wconf 85' lang='grc' dir='ltr'>ἐνομοθέτει,</span> <span class='ocrx_word' id='word_1_920' title='bbox 3073 4465 3264 4520; x_wconf 83' lang='grc' dir='ltr'>τοῦτον</span> <span class='ocrx_word' id='word_1_921' title='bbox 3291 4469 3583 4539; x_wconf 78' lang='grc' dir='ltr'>ἐποιήσατο</span> <span class='ocrx_word' id='word_1_922' title='bbox 3627 4467 3720 4522; x_wconf 81' lang='grc' dir='ltr'>τὸν</span> 
     </span>
    </p>
   </div>
   <div class='ocr_carea' id='block_1_111' title="bbox 2041 4553 3722 4630">
    <p class='ocr_par' dir='ltr' id='par_1_111' title="bbox 2041 4553 3722 4630">
     <span class='ocr_line' id='line_1_112' title="bbox 2041 4553 3722 4630; baseline 0.001 -20"><span class='ocrx_word' id='word_1_923' title='bbox 2041 4557 2338 4629; x_wconf 81' lang='grc' dir='ltr'>διορισμὸν,</span> <span class='ocrx_word' id='word_1_924' title='bbox 2367 4556 2487 4610; x_wconf 79' lang='grc' dir='ltr'>οὐδὲ</span> <span class='ocrx_word' id='word_1_925' title='bbox 2509 4553 2686 4610; x_wconf 71' lang='grc' dir='ltr'>εἶπεν·</span> <span class='ocrx_word' id='word_1_926' title='bbox 2725 4555 2851 4610; x_wconf 83' lang='grc' dir='ltr'>Ἐὰν</span> <span class='ocrx_word' id='word_1_927' title='bbox 2890 4556 2986 4626; x_wconf 85' lang='grc' dir='ltr'>μὲν</span> <span class='ocrx_word' id='word_1_928' title='bbox 3021 4554 3252 4626; x_wconf 79' lang='grc' dir='ltr'>μοναχός</span> <span class='ocrx_word' id='word_1_929' title='bbox 3273 4557 3300 4610; x_wconf 90' lang='lat'>6</span> <span class='ocrx_word' id='word_1_930' title='bbox 3331 4555 3545 4627; x_wconf 88' lang='grc' dir='ltr'>ὀμνύων</span> <span class='ocrx_word' id='word_1_931' title='bbox 3568 4553 3625 4630; x_wconf 81' lang='grc' dir='ltr'>ᾖ,</span> <span class='ocrx_word' id='word_1_932' title='bbox 3655 4559 3722 4613; x_wconf 83' lang='grc' dir='ltr'>ὲκ</span> 
     </span>
    </p>
   </div>
   <div class='ocr_carea' id='block_1_112' title="bbox 2041 4643 3718 4718">
    <p class='ocr_par' dir='ltr' id='par_1_112' title="bbox 2041 4643 3718 4718">
     <span class='ocr_line' id='line_1_113' title="bbox 2041 4643 3718 4718; baseline 0 -18"><span class='ocrx_word' id='word_1_933' title='bbox 2041 4647 2137 4701; x_wconf 88' lang='grc' dir='ltr'>τοῦ</span> <span class='ocrx_word' id='word_1_934' title='bbox 2167 4645 2406 4718; x_wconf 87' lang='grc' dir='ltr'>πονηροῦ</span> <span class='ocrx_word' id='word_1_935' title='bbox 2431 4647 2460 4698; x_wconf 91' lang='lat'>6</span> <span class='ocrx_word' id='word_1_936' title='bbox 2494 4646 2687 4716; x_wconf 85' lang='grc' dir='ltr'>ὅρκος·</span> <span class='ocrx_word' id='word_1_937' title='bbox 2736 4643 2831 4698; x_wconf 90' lang='grc' dir='ltr'>ἐάν</span> <span class='ocrx_word' id='word_1_938' title='bbox 2873 4643 2930 4696; x_wconf 89' lang='grc' dir='ltr'>δὲ</span> <span class='ocrx_word' id='word_1_939' title='bbox 2967 4644 3040 4714; x_wconf 85' lang='grc' dir='ltr'>μὴ</span> <span class='ocrx_word' id='word_1_940' title='bbox 3077 4644 3328 4714; x_wconf 78' lang='grc' dir='ltr'>μοναχὸς,</span> <span class='ocrx_word' id='word_1_941' title='bbox 3357 4646 3572 4700; x_wconf 80' lang='grc' dir='ltr'>οὐκέτι·</span> <span class='ocrx_word' id='word_1_942' title='bbox 3603 4646 3718 4700; x_wconf 81' lang='grc' dir='ltr'>ἀλλ’</span> 
     </span>
    </p>
   </div>
   <div class='ocr_carea' id='block_1_113' title="bbox 2045 4731 3720 4808">
    <p class='ocr_par' dir='ltr' id='par_1_113' title="bbox 2045 4731 3720 4808">
     <span class='ocr_line' id='line_1_114' title="bbox 2045 4731 3720 4808; baseline 0.001 -18"><span class='ocrx_word' id='word_1_943' title='bbox 2045 4735 2233 4798; x_wconf 89' lang='grc' dir='ltr'>ἁπλῶς</span> <span class='ocrx_word' id='word_1_944' title='bbox 2295 4735 2389 4787; x_wconf 77' lang='grc' dir='ltr'>καὶ</span> <span class='ocrx_word' id='word_1_945' title='bbox 2427 4731 2684 4797; x_wconf 81' lang='grc' dir='ltr'>καθάπαξ</span> <span class='ocrx_word' id='word_1_946' title='bbox 2727 4733 2930 4786; x_wconf 76' lang='grc' dir='ltr'>ἅπασιν</span> <span class='ocrx_word' id='word_1_947' title='bbox 2981 4733 3197 4802; x_wconf 80' lang='grc' dir='ltr'>ἔλεγεν·</span> <span class='ocrx_word' id='word_1_948' title='bbox 3266 4733 3408 4805; x_wconf 77' lang='grc' dir='ltr'>Ἐγὼ</span> <span class='ocrx_word' id='word_1_949' title='bbox 3455 4735 3523 4788; x_wconf 79' lang='grc' dir='ltr'>δὲ</span> <span class='ocrx_word' id='word_1_950' title='bbox 3561 4736 3720 4808; x_wconf 67' lang='grc' dir='ltr'>λέγω</span> 
     </span>
    </p>
   </div>
   <div class='ocr_carea' id='block_1_114' title="bbox 2045 4821 3721 4894">
    <p class='ocr_par' dir='ltr' id='par_1_114' title="bbox 2045 4821 3721 4894">
     <span class='ocr_line' id='line_1_115' title="bbox 2045 4821 3721 4894; baseline -0.001 -15"><span class='ocrx_word' id='word_1_951' title='bbox 2045 4825 2207 4894; x_wconf 75' lang='grc' dir='ltr'>ὑμῖν,</span> <span class='ocrx_word' id='word_1_952' title='bbox 2236 4821 2323 4893; x_wconf 78' lang='grc' dir='ltr'>μὴ</span> <span class='ocrx_word' id='word_1_953' title='bbox 2359 4823 2574 4892; x_wconf 82' lang='grc' dir='ltr'>ὀμόσαι</span> <span class='ocrx_word' id='word_1_954' title='bbox 2627 4821 2800 4887; x_wconf 75' lang='grc' dir='ltr'>ὅλως.</span> <span class='ocrx_word' id='word_1_955' title='bbox 2840 4822 2951 4874; x_wconf 72' lang='grc' dir='ltr'>Καὶ</span> <span class='ocrx_word' id='word_1_956' title='bbox 2998 4823 3159 4878; x_wconf 83' lang='grc' dir='ltr'>πάλιν</span> <span class='ocrx_word' id='word_1_957' title='bbox 3187 4821 3378 4883; x_wconf 87' lang='grc' dir='ltr'>είπὼν.</span> <span class='ocrx_word' id='word_1_958' title='bbox 3409 4825 3552 4878; x_wconf 73' lang='grc' dir='ltr'>Οὐαὶ</span> <span class='ocrx_word' id='word_1_959' title='bbox 3595 4825 3721 4891; x_wconf 81' lang='grc' dir='ltr'>τοῖς</span> 
     </span>
    </p>
   </div>
   <div class='ocr_carea' id='block_1_115' title="bbox 2043 4908 3722 4984">
    <p class='ocr_par' dir='ltr' id='par_1_115' title="bbox 2043 4908 3722 4984">
     <span class='ocr_line' id='line_1_116' title="bbox 2043 4908 3722 4984; baseline -0.001 -18"><span class='ocrx_word' id='word_1_960' title='bbox 2043 4911 2324 4984; x_wconf 73' lang='grc' dir='ltr'>γελῶσιν,</span> <span class='ocrx_word' id='word_1_961' title='bbox 2357 4912 2418 4964; x_wconf 86' lang='grc' dir='ltr'>ού</span> <span class='ocrx_word' id='word_1_962' title='bbox 2463 4908 2770 4981; x_wconf 85' lang='grc' dir='ltr'>προσέθηκε</span> <span class='ocrx_word' id='word_1_963' title='bbox 2791 4910 2917 4972; x_wconf 87' lang='grc' dir='ltr'>τοὺς</span> <span class='ocrx_word' id='word_1_964' title='bbox 2945 4913 3230 4982; x_wconf 72' lang='grc' dir='ltr'>μοναχοὺς,</span> <span class='ocrx_word' id='word_1_965' title='bbox 3261 4911 3375 4964; x_wconf 78' lang='grc' dir='ltr'>ἀλλ’</span> <span class='ocrx_word' id='word_1_966' title='bbox 3400 4910 3584 4975; x_wconf 84' lang='grc' dir='ltr'>ἁπλῶς</span> <span class='ocrx_word' id='word_1_967' title='bbox 3607 4915 3722 4966; x_wconf 83' lang='grc' dir='ltr'>ἐνο-</span> 
     </span>
    </p>
   </div>
   <div class='ocr_carea' id='block_1_116' title="bbox 2049 4995 3721 5073">
    <p class='ocr_par' dir='ltr' id='par_1_116' title="bbox 2049 4995 3721 5073">
     <span class='ocr_line' id='line_1_117' title="bbox 2049 4995 3721 5073; baseline -0.001 -19"><span class='ocrx_word' id='word_1_968' title='bbox 2049 5001 2344 5073; x_wconf 87' lang='grc' dir='ltr'>μοθέτησεν</span> <span class='ocrx_word' id='word_1_969' title='bbox 2387 4998 2590 5052; x_wconf 79' lang='grc' dir='ltr'>ἅπασιν</span> <span class='ocrx_word' id='word_1_970' title='bbox 2631 4995 2774 5050; x_wconf 71' lang='grc' dir='ltr'>οὕτω</span> <span class='ocrx_word' id='word_1_971' title='bbox 2795 5015 2808 5028; x_wconf 87' lang='grc'><strong>·</strong></span> <span class='ocrx_word' id='word_1_972' title='bbox 2863 4998 2956 5051; x_wconf 73' lang='grc' dir='ltr'>καὶ</span> <span class='ocrx_word' id='word_1_973' title='bbox 2985 4999 3042 5050; x_wconf 83' lang='grc' dir='ltr'>ἐν</span> <span class='ocrx_word' id='word_1_974' title='bbox 3073 5001 3186 5062; x_wconf 90' lang='grc' dir='ltr'>τοῖς</span> <span class='ocrx_word' id='word_1_975' title='bbox 3213 4997 3393 5060; x_wconf 78' lang='grc' dir='ltr'>ἄλλοις</span> <span class='ocrx_word' id='word_1_976' title='bbox 3424 4999 3480 5051; x_wconf 83' lang='grc' dir='ltr'>δὲ</span> <span class='ocrx_word' id='word_1_977' title='bbox 3516 4999 3721 5052; x_wconf 75' lang='grc' dir='ltr'>ἅπασιν</span> 
     </span>
    </p>
   </div>
   <div class='ocr_carea' id='block_1_117' title="bbox 2044 5084 3722 5157">
    <p class='ocr_par' dir='ltr' id='par_1_117' title="bbox 2044 5084 3722 5157">
     <span class='ocr_line' id='line_1_118' title="bbox 2044 5084 3722 5157; baseline -0.003 -15"><span class='ocrx_word' id='word_1_978' title='bbox 2044 5089 2218 5152; x_wconf 72' lang='grc' dir='ltr'>οὕτως</span> <span class='ocrx_word' id='word_1_979' title='bbox 2245 5087 2469 5153; x_wconf 82' lang='grc' dir='ltr'>ἐποίησε</span> <span class='ocrx_word' id='word_1_980' title='bbox 2498 5088 2611 5148; x_wconf 85' lang='grc' dir='ltr'>τοῖς</span> <span class='ocrx_word' id='word_1_981' title='bbox 2637 5084 2892 5156; x_wconf 87' lang='grc' dir='ltr'>μεγάλοις</span> <span class='ocrx_word' id='word_1_982' title='bbox 2920 5087 3014 5138; x_wconf 73' lang='grc' dir='ltr'>καὶ</span> <span class='ocrx_word' id='word_1_983' title='bbox 3039 5085 3370 5156; x_wconf 78' lang='grc' dir='ltr'>θαυμαστοῖς</span> <span class='ocrx_word' id='word_1_984' title='bbox 3404 5085 3722 5157; x_wconf 87' lang='grc' dir='ltr'>παραγγέλ-</span> 
     </span>
    </p>
   </div>
   <div class='ocr_carea' id='block_1_118' title="bbox 2047 5172 3725 5249">
    <p class='ocr_par' dir='ltr' id='par_1_118' title="bbox 2047 5172 3725 5249">
     <span class='ocr_line' id='line_1_119' title="bbox 2047 5172 3725 5249; baseline -0.001 -21"><span class='ocrx_word' id='word_1_985' title='bbox 2047 5193 2201 5249; x_wconf 80' lang='grc' dir='ltr'>μασι.</span> <span class='ocrx_word' id='word_1_986' title='bbox 2225 5175 2336 5227; x_wconf 76' lang='grc' dir='ltr'>Καὶ</span> <span class='ocrx_word' id='word_1_987' title='bbox 2367 5173 2478 5244; x_wconf 89' lang='grc' dir='ltr'>γάρ</span> <span class='ocrx_word' id='word_1_988' title='bbox 2509 5173 2599 5226; x_wconf 80' lang='grc' dir='ltr'>ὅτε</span> <span class='ocrx_word' id='word_1_989' title='bbox 2625 5172 2772 5242; x_wconf 88' lang='grc' dir='ltr'>λέγει</span> <span class='ocrx_word' id='word_1_990' title='bbox 2791 5186 2804 5200; x_wconf 87' lang='lat'><strong>&#39;</strong></span> <span class='ocrx_word' id='word_1_991' title='bbox 2837 5174 3114 5245; x_wconf 88' lang='grc' dir='ltr'>Μακάριοι</span> <span class='ocrx_word' id='word_1_992' title='bbox 3141 5176 3191 5226; x_wconf 87' lang='grc' dir='ltr'>οἱ</span> <span class='ocrx_word' id='word_1_993' title='bbox 3223 5173 3428 5242; x_wconf 61' lang='grc' dir='ltr'>πτωχολ¹</span> <span class='ocrx_word' id='word_1_994' title='bbox 3456 5173 3532 5244; x_wconf 84' lang='grc' dir='ltr'>τῷ</span> <span class='ocrx_word' id='word_1_995' title='bbox 3560 5173 3725 5228; x_wconf 82' lang='grc' dir='ltr'>πνεύ-</span> 
     </span>
    </p>
   </div>
   <div class='ocr_carea' id='block_1_119' title="bbox 2049 5265 3720 5340">
    <p class='ocr_par' dir='ltr' id='par_1_119' title="bbox 2049 5265 3720 5340">
     <span class='ocr_line' id='line_1_120' title="bbox 2049 5265 3720 5340; baseline -0.001 -18"><span class='ocrx_word' id='word_1_996' title='bbox 2049 5285 2198 5340; x_wconf 72' lang='grc' dir='ltr'>ματι,</span> <span class='ocrx_word' id='word_1_997' title='bbox 2229 5269 2278 5321; x_wconf 87' lang='grc' dir='ltr'>οί</span> <span class='ocrx_word' id='word_1_998' title='bbox 2299 5265 2642 5331; x_wconf 80' lang='grc' dir='ltr'>πενθοῦντες,</span> <span class='ocrx_word' id='word_1_999' title='bbox 2673 5269 2721 5320; x_wconf 91' lang='grc' dir='ltr'>οί</span> <span class='ocrx_word' id='word_1_1000' title='bbox 2750 5269 2962 5338; x_wconf 89' lang='grc' dir='ltr'>πραεῖς,</span> <span class='ocrx_word' id='word_1_1001' title='bbox 2992 5267 3043 5320; x_wconf 86' lang='grc' dir='ltr'>οἱ</span> <span class='ocrx_word' id='word_1_1002' title='bbox 3083 5265 3373 5329; x_wconf 87' lang='grc' dir='ltr'>πεινῶντες</span> <span class='ocrx_word' id='word_1_1003' title='bbox 3401 5267 3493 5320; x_wconf 74' lang='grc' dir='ltr'>καὶ</span> <span class='ocrx_word' id='word_1_1004' title='bbox 3523 5265 3720 5335; x_wconf 76' lang='grc' dir='ltr'>διψῶν-</span> 
     </span>
    </p>
   </div>
   <div class='ocr_carea' id='block_1_120' title="bbox 2044 5355 3720 5430">
    <p class='ocr_par' dir='ltr' id='par_1_120' title="bbox 2044 5355 3720 5430">
     <span class='ocr_line' id='line_1_121' title="bbox 2044 5355 3720 5430; baseline 0.008 -20"><span class='ocrx_word' id='word_1_1005' title='bbox 2044 5377 2136 5422; x_wconf 84' lang='grc' dir='ltr'>τες</span> <span class='ocrx_word' id='word_1_1006' title='bbox 2163 5358 2260 5430; x_wconf 82' lang='grc' dir='ltr'>τὴν</span> <span class='ocrx_word' id='word_1_1007' title='bbox 2285 5357 2652 5429; x_wconf 85' lang='grc' dir='ltr'>δικαιοσύνην,</span> <span class='ocrx_word' id='word_1_1008' title='bbox 2674 5358 2724 5410; x_wconf 79' lang='grc' dir='ltr'>οἱ</span> <span class='ocrx_word' id='word_1_1009' title='bbox 2750 5357 3059 5430; x_wconf 75' lang='grc' dir='ltr'>ἐλεήμονες,</span> <span class='ocrx_word' id='word_1_1010' title='bbox 3084 5358 3133 5410; x_wconf 70' lang='grc' dir='ltr'>οἱ</span> <span class='ocrx_word' id='word_1_1011' title='bbox 3155 5355 3385 5428; x_wconf 77' lang='grc' dir='ltr'>καθαροὶ</span> <span class='ocrx_word' id='word_1_1012' title='bbox 3404 5359 3472 5428; x_wconf 72' lang='grc' dir='ltr'>τῇ</span> <span class='ocrx_word' id='word_1_1013' title='bbox 3499 5355 3720 5430; x_wconf 68' lang='grc' dir='ltr'>καρδίᾳ.</span> 
     </span>
    </p>
   </div>
   <div class='ocr_carea' id='block_1_121' title="bbox 2045 5447 3723 5523">
    <p class='ocr_par' dir='ltr' id='par_1_121' title="bbox 2045 5447 3723 5523">
     <span class='ocr_line' id='line_1_122' title="bbox 2045 5447 3723 5523; baseline 0 -19"><span class='ocrx_word' id='word_1_1014' title='bbox 2045 5451 2095 5504; x_wconf 87' lang='grc' dir='ltr'>οἱ</span> <span class='ocrx_word' id='word_1_1015' title='bbox 2118 5451 2468 5523; x_wconf 65' lang='grc' dir='ltr'>εἰρηνοποιοί,</span> <span class='ocrx_word' id='word_1_1016' title='bbox 2491 5452 2540 5504; x_wconf 81' lang='grc' dir='ltr'>οἱ</span> <span class='ocrx_word' id='word_1_1017' title='bbox 2568 5451 2916 5522; x_wconf 84' lang='grc' dir='ltr'>δεδιωγμένοι</span> <span class='ocrx_word' id='word_1_1018' title='bbox 2944 5451 3128 5506; x_wconf 73' lang='grc' dir='ltr'>ἕνεκεν</span> <span class='ocrx_word' id='word_1_1019' title='bbox 3151 5447 3515 5518; x_wconf 85' lang='grc' dir='ltr'>δικαιοσύνης,</span> <span class='ocrx_word' id='word_1_1020' title='bbox 3541 5450 3592 5502; x_wconf 87' lang='grc' dir='ltr'>οί</span> <span class='ocrx_word' id='word_1_1021' title='bbox 3625 5453 3723 5505; x_wconf 69' lang='grc' dir='ltr'>καὶ</span> 
     </span>
    </p>
   </div>
   <div class='ocr_carea' id='block_1_122' title="bbox 2048 5543 3722 5620">
    <p class='ocr_par' dir='ltr' id='par_1_122' title="bbox 2048 5543 3722 5620">
     <span class='ocr_line' id='line_1_123' title="bbox 2048 5543 3722 5620; baseline -0.001 -21"><span class='ocrx_word' id='word_1_1022' title='bbox 2048 5545 2188 5617; x_wconf 75' lang='grc' dir='ltr'>ῥητὰ</span> <span class='ocrx_word' id='word_1_1023' title='bbox 2223 5547 2316 5600; x_wconf 78' lang='grc' dir='ltr'>καὶ</span> <span class='ocrx_word' id='word_1_1024' title='bbox 2341 5547 2559 5620; x_wconf 76' lang='grc' dir='ltr'>ἄρρητα</span> <span class='ocrx_word' id='word_1_1025' title='bbox 2597 5547 2838 5601; x_wconf 79' lang='grc' dir='ltr'>διἀύτδν</span> <span class='ocrx_word' id='word_1_1026' title='bbox 2878 5544 3029 5617; x_wconf 87' lang='grc' dir='ltr'>παρά</span> <span class='ocrx_word' id='word_1_1027' title='bbox 3065 5545 3173 5599; x_wconf 90' lang='grc' dir='ltr'>τῶν</span> <span class='ocrx_word' id='word_1_1028' title='bbox 3212 5543 3410 5608; x_wconf 77' lang='grc' dir='ltr'>ἔξωθεν</span> <span class='ocrx_word' id='word_1_1029' title='bbox 3431 5544 3722 5610; x_wconf 85' lang='grc' dir='ltr'>ἀκούοντες</span> 
     </span>
    </p>
   </div>
   <div class='ocr_carea' id='block_1_123' title="bbox 2111 5723 3722 5802">
    <p class='ocr_par' dir='ltr' id='par_1_123' title="bbox 2111 5723 3722 5802">
     <span class='ocr_line' id='line_1_124' title="bbox 2111 5723 3722 5802; baseline 0.001 -31"><span class='ocrx_word' id='word_1_1030' title='bbox 2111 5723 2310 5802; x_wconf 55' lang='grc' dir='ltr'>οίίίιεειι</span> <span class='ocrx_word' id='word_1_1031' title='bbox 2333 5724 2415 5802; x_wconf 65' lang='grc' dir='ltr'>τὸν</span> <span class='ocrx_word' id='word_1_1032' title='bbox 2441 5727 2532 5791; x_wconf 79' lang='grc' dir='ltr'>γὰρ</span> <span class='ocrx_word' id='word_1_1033' title='bbox 2555 5726 2706 5775; x_wconf 83' lang='grc' dir='ltr'>πόλιν.</span> <span class='ocrx_word' id='word_1_1034' title='bbox 2750 5724 2877 5774; x_wconf 75' lang='lat' dir='ltr'><strong>Infra</strong></span> <span class='ocrx_word' id='word_1_1035' title='bbox 2918 5725 3069 5775; x_wconf 86' lang='lat' dir='ltr'><strong>iidem</strong></span> <span class='ocrx_word' id='word_1_1036' title='bbox 3115 5727 3284 5788; x_wconf 87' lang='grc' dir='ltr'>πολλῷ</span> <span class='ocrx_word' id='word_1_1037' title='bbox 3330 5729 3509 5793; x_wconf 84' lang='grc' dir='ltr'>μᾶλλον</span> <span class='ocrx_word' id='word_1_1038' title='bbox 3537 5725 3722 5775; x_wconf 81' lang='grc' dir='ltr'>τούτων</span> 
     </span>
    </p>
   </div>
   <div class='ocr_carea' id='block_1_124' title="bbox 2047 5802 3721 5908">
    <p class='ocr_par' dir='ltr' id='par_1_124' title="bbox 2047 5802 3721 5908">
     <span class='ocr_line' id='line_1_125' title="bbox 2047 5802 3372 5888; baseline 0.012 -56"><span class='ocrx_word' id='word_1_1039' title='bbox 2047 5802 2216 5888; x_wconf 42' lang='grc' dir='ltr'>χωσρις,</span> <span class='ocrx_word' id='word_1_1040' title='bbox 2234 5803 2289 5858; x_wconf 66' lang='grc' dir='ltr'>ομ</span> <span class='ocrx_word' id='word_1_1041' title='bbox 2311 5803 2416 5852; x_wconf 86' lang='grc' dir='ltr'>γαρ.</span> <span class='ocrx_word' id='word_1_1042' title='bbox 2795 5854 2820 5865; x_wconf 35' lang='grc' dir='ltr'>η</span> <span class='ocrx_word' id='word_1_1043' title='bbox 3229 5855 3238 5866; x_wconf 45' lang='grc'><strong><em>.</em></strong></span> <span class='ocrx_word' id='word_1_1044' title='bbox 3358 5853 3372 5869; x_wconf 53' lang='lat'><strong><em>‘</em></strong></span> 
     </span>
     <span class='ocr_line' id='line_1_126' title="bbox 2062 5845 3721 5908; baseline 0.005 -12"><span class='ocrx_word' id='word_1_1045' title='bbox 2062 5907 2066 5908; x_wconf 21' lang='grc' dir='ltr'><em>ν</em></span> <span class='ocrx_word' id='word_1_1046' title='bbox 2163 5851 2313 5897; x_wconf 69' lang='lat' dir='ltr'>bam.</span> <span class='ocrx_word' id='word_1_1047' title='bbox 2337 5858 2391 5896; x_wconf 77' lang='grc' dir='ltr'>ρι</span> <span class='ocrx_word' id='word_1_1048' title='bbox 2415 5862 2540 5898; x_wconf 88' lang='lat' dir='ltr'>unus</span> <span class='ocrx_word' id='word_1_1049' title='bbox 2561 5851 2626 5904; x_wconf 79' lang='grc' dir='ltr'>ὡς</span> <span class='ocrx_word' id='word_1_1050' title='bbox 2649 5850 2865 5908; x_wconf 85' lang='grc' dir='ltr'>δυνατης,</span> <span class='ocrx_word' id='word_1_1051' title='bbox 2894 5848 3070 5900; x_wconf 84' lang='lat' dir='ltr'>Morel.</span> <span class='ocrx_word' id='word_1_1052' title='bbox 3099 5857 3154 5902; x_wconf 79' lang='lat' dir='ltr'>et</span> <span class='ocrx_word' id='word_1_1053' title='bbox 3175 5853 3301 5902; x_wconf 80' lang='lat' dir='ltr'>allus</span> <span class='ocrx_word' id='word_1_1054' title='bbox 3324 5869 3379 5902; x_wconf 83' lang='lat' dir='ltr'><strong>ou</strong></span> <span class='ocrx_word' id='word_1_1055' title='bbox 3399 5853 3614 5906; x_wconf 64' lang='grc' dir='ltr'>δυνατῆς.</span> <span class='ocrx_word' id='word_1_1056' title='bbox 3637 5845 3721 5908; x_wconf 74' lang='grc' dir='ltr'>1η-</span> 
     </span>
    </p>
   </div>
   <div class='ocr_carea' id='block_1_125' title="bbox 2047 5907 3717 5978">
    <p class='ocr_par' dir='ltr' id='par_1_125' title="bbox 2047 5907 3717 5978">
     <span class='ocr_line' id='line_1_127' title="bbox 2047 5907 3717 5978; baseline -0.002 -20"><span class='ocrx_word' id='word_1_1057' title='bbox 2047 5907 2121 5978; x_wconf 62' lang='lat' dir='ltr'>frg:</span> <span class='ocrx_word' id='word_1_1058' title='bbox 2146 5912 2297 5978; x_wconf 65' lang='lat' dir='ltr'>iidem</span> <span class='ocrx_word' id='word_1_1059' title='bbox 2323 5910 2650 5978; x_wconf 54' lang='grc' dir='ltr'>κάν-πάντων,</span> <span class='ocrx_word' id='word_1_1060' title='bbox 2677 5919 2730 5958; x_wconf 87' lang='lat' dir='ltr'>el.</span> <span class='ocrx_word' id='word_1_1061' title='bbox 2762 5913 2831 5959; x_wconf 79' lang='lat' dir='ltr'>sic</span> <span class='ocrx_word' id='word_1_1062' title='bbox 2856 5907 2982 5978; x_wconf 56' lang='lat' dir='ltr'>legi}</span> <span class='ocrx_word' id='word_1_1063' title='bbox 3004 5912 3271 5978; x_wconf 62' lang='lat' dir='ltr'>inici-pres.</span> <span class='ocrx_word' id='word_1_1064' title='bbox 3294 5915 3442 5964; x_wconf 77' lang='lat' dir='ltr'>Savil.</span> <span class='ocrx_word' id='word_1_1065' title='bbox 3459 5919 3519 5978; x_wconf 60' lang='grc' dir='ltr'>εει</span> <span class='ocrx_word' id='word_1_1066' title='bbox 3543 5907 3717 5978; x_wconf 50' lang='lat' dir='ltr'>Morel.</span> 
     </span>
    </p>
   </div>
   <div class='ocr_carea' id='block_1_126' title="bbox 2052 5971 3716 6038">
    <p class='ocr_par' dir='ltr' id='par_1_126' title="bbox 2052 5971 3716 6038">
     <span class='ocr_line' id='line_1_128' title="bbox 2052 5971 3716 6038; baseline -0.002 -18"><span class='ocrx_word' id='word_1_1067' title='bbox 2052 5975 2140 6020; x_wconf 82' lang='grc' dir='ltr'>κᾶν</span> <span class='ocrx_word' id='word_1_1068' title='bbox 2178 5971 2378 6021; x_wconf 88' lang='grc' dir='ltr'>τούτων.</span> <span class='ocrx_word' id='word_1_1069' title='bbox 2412 5971 2565 6020; x_wconf 85' lang='lat' dir='ltr'><strong>Paulo</strong></span> <span class='ocrx_word' id='word_1_1070' title='bbox 2596 5978 2708 6034; x_wconf 78' lang='lat' dir='ltr'>post</span> <span class='ocrx_word' id='word_1_1071' title='bbox 2730 5985 2855 6022; x_wconf 88' lang='lat' dir='ltr'>unus</span> <span class='ocrx_word' id='word_1_1072' title='bbox 2877 5971 3030 6024; x_wconf 66' lang='lat' dir='ltr'>codex</span> <span class='ocrx_word' id='word_1_1073' title='bbox 3069 5971 3430 6038; x_wconf 68' lang='grc' dir='ltr'>εὐδοκιμήσαιεν</span> <span class='ocrx_word' id='word_1_1074' title='bbox 3449 5973 3522 6018; x_wconf 74' lang='grc' dir='ltr'>ἀν’</span> <span class='ocrx_word' id='word_1_1075' title='bbox 3545 5971 3588 6018; x_wconf 79' lang='grc' dir='ltr'>εἰ</span> <span class='ocrx_word' id='word_1_1076' title='bbox 3608 5971 3716 6031; x_wconf 58' lang='grc' dir='ltr'>γάρ.</span> 
     </span>
    </p>
   </div>
   <div class='ocr_carea' id='block_1_127' title="bbox 3169 6065 3245 6122">
    <p class='ocr_par' dir='ltr' id='par_1_127' title="bbox 3169 6065 3245 6122">
     <span class='ocr_line' id='line_1_129' title="bbox 3169 6065 3245 6122; baseline 0 0"><span class='ocrx_word' id='word_1_1077' title='bbox 3169 6065 3245 6122; x_wconf 75' lang='lat'>‘21</span> 
     </span>
    </p>
   </div>
  </div>
