4032 6402
383 372 488 427 373

385 498 480 554 pro
509 483 627 552 ipso
652 479 721 535 ab
744 477 829 542 iis,
857 475 947 546 qui
972 472 1103 528 foris
1130 477 1277 533 sunt,
1306 465 1557 521 audiunt:
1592 476 1766 530 neque
1782 474 1952 514 sarcu-

386 551 538 637 laris,’
558 584 730 638 neque
758 564 1004 622 monachi
1026 575 1218 617 nomen
1239 558 1491 627 apponit;
1521 554 1614 608 sed
1641 555 1754 606 haec
1768 551 1957 605 distin-

384 664 488 718 ctio
514 661 582 715 ab
609 659 882 714 hominum
910 663 1087 709 mente
1116 651 1328 706 inducta
1359 654 1460 703 est.
1496 645 1781 713 Scripturae
1827 653 1958 696 vero

387 753 516 807 nihil
547 757 741 804 norunt
770 745 1091 816 hujusmodi,
1118 742 1210 797 sed
1239 740 1624 796 voluntomnes
1650 737 1809 790 vitam
1837 748 1958 787 mo-

344 892 349 897 .
386 843 677 896 naehorum
695 853 871 909 agere,
901 837 1062 891 etiam
1091 834 1137 888 si
1163 846 1356 887 uxores
1377 829 1624 884 habeant.
1650 825 1789 881 Audi
1814 824 1958 879 enim

384 932 511 1002 quid
540 930 684 985 dicat
725 927 952 991 Paulus;
981 940 1101 979 eum
1157 922 1380 976 Paulum
1429 917 1663 988 profero,
1690 915 1959 971 Christum

386 1025 506 1078 dico
528 1037 732 1077 rursus.
762 1019 860 1074 llic
876 1018 1032 1089 igitur
1048 1032 1168 1071 cum
1194 1013 1490 1084 conjugatis
1514 1008 1817 1065 hominibus
1836 1007 1962 1062 seri-

389 1119 559 1183 heret,
591 1115 834 1183 filiosque
880 1108 1254 1172 nutrientibus,
1296 1119 1509 1160 omnem
1552 1102 1621 1157 ab
1648 1101 1752 1155 illis
1779 1113 1961 1153 mona-

387 1213 573 1266 sticam
600 1205 925 1276 diligentiam
948 1204 1145 1272 exigit;
1174 1215 1295 1254 nam
1314 1197 1530 1252 delicias
1549 1207 1735 1250 omnes
1755 1191 1960 1262 penitus

390 1314 656 1365 resecans,
692 1311 798 1354 tum
829 1312 918 1352 eas
942 1310 1061 1366 qua;
1084 1293 1151 1347 ad
1181 1300 1373 1356 vestes,
1404 1300 1512 1343 tum
1539 1302 1632 1342 eas
1655 1301 1771 1356 qua:
1790 1284 1855 1339 ad
1884 1284 1962 1338 ci-

390 1396 487 1449 bos
513 1392 800 1463 pertinent,
833 1388 949 1441 inec
973 1387 1049 1440 ait
1075 1403 1088 1438 :
1121 1384 1359 1438 Mulieres
1378 1382 1430 1435 in
1453 1378 1627 1434 habitu
1654 1385 1830 1431 ornato
1849 1390 1965 1428 cum

390 1483 684 1540 verecundia
703 1490 749 1535 et
775 1479 1039 1534 sobrietate
1059 1483 1293 1531 ornantes
1320 1488 1401 1539 se,
1425 1480 1468 1525 et
1489 1486 1590 1524 non
1617 1470 1669 1522 in
1698 1468 1836 1521 tortis
1860 1467 1963 1519 cri-

391 1575 556 1637 nibus,
575 1583 817 1635 autauro,
839 1578 924 1622 aut
945 1565 1249 1636 margaritis,
1270 1562 1348 1616 vel
1368 1572 1496 1615 veste
1516 1558 1733 1630 pretiosa
1746 1555 1793 1628 (1
1807 1555 1962 1610 .Tim.

392 1667 443 1721 2.
481 1664 559 1736 9)
592 1680 607 1729 ;
635 1677 697 1717 ac
718 1676 950 1725 rursum,
984 1659 1110 1724 Quae
1160 1665 1327 1709 autem
1372 1653 1424 1706 in
1470 1651 1661 1705 deliciis
1683 1658 1774 1715 est,
1800 1649 1967 1701 vivens

393 1766 590 1810 mortua
610 1764 682 1809 est
706 1753 778 1823 (1.
805 1751 937 1806 Tim.
969 1751 1022 1805 5.
1045 1748 1099 1819 6)
1128 1764 1142 1813 ;
1173 1747 1489 1813 iterumque,
1524 1741 1774 1795 Habentes
1801 1746 1967 1792 autem

390 1852 650 1911 alimenta,
677 1856 721 1900 et
750 1843 927 1916 quibus
946 1851 1189 1912 tegantur,
1215 1838 1294 1891 his
1323 1835 1539 1891 contenti
1556 1834 1713 1887 simus
1737 1832 1812 1902 (1.
1829 1830 1963 1885 Tim.

390 1943 446 1998 6.
469 1941 545 2013 8).
572 1938 707 2008 Quid
728 1937 954 2006 amplius
976 1940 1153 2004 posset
1168 1929 1357 1999 aliquis
1377 1943 1405 1980 a
1430 1925 1704 1980 monachis
1721 1921 1969 1991 exigere?

394 2036 526 2090 Cum
548 2040 723 2087 autem
743 2029 874 2083 alios
900 2026 966 2080 ad
989 2026 1216 2093 linguam
1244 2017 1617 2075 continendam
1646 2014 1968 2077 institueret,

395 2133 669 2182 accuratas
698 2134 909 2176 rursum
940 2117 1083 2185 leges
1122 2112 1348 2175 statuit;
1384 2108 1641 2177 talesque,
1698 2104 1881 2175 quales
1905 2118 1973 2159 ne

395 2219 496 2290 ipsi
525 2215 737 2287 quidem
768 2209 1012 2266 monachi
1034 2205 1185 2261 facile
1207 2203 1480 2273 impleant.
1500 2199 1614 2255 Non
1633 2198 1774 2253 enim
1799 2196 1973 2264 turpi-

397 2285 655 2366 tudinem.
681 2313 734 2358 et
760 2297 1146 2368 stultiloquium
1170 2303 1393 2356 tantum,
1423 2290 1515 2345 sed
1543 2290 1703 2344 etiam
1728 2285 1972 2340 scurrili-

398 2410 561 2455 tatem
585 2395 824 2451 eliminat
857 2408 871 2445 :
899 2403 1004 2444 non
1025 2385 1280 2447 furorem,
1324 2383 1455 2435 iram
1495 2390 1547 2434 et
1568 2375 1973 2432 amaritudinem

399 2491 590 2552 solum,
626 2484 722 2542 sed
772 2482 932 2538 etiam
962 2479 1248 2534 clamorem
1276 2473 1342 2527 ab
1365 2487 1459 2526 ore
1485 2468 1717 2525 ﬁdelium
1749 2473 1972 2521 resecat.

402 2580 602 2645 Omnis,
631 2576 819 2647 inquit,
850 2574 928 2625 ira
967 2580 1011 2624 et
1037 2565 1339 2637 indignatio,
1381 2572 1425 2616 et
1455 2562 1644 2615 clamor
1672 2569 1715 2610 et
1742 2558 1975 2625 blasphe-

400 2672 502 2724 mia
532 2668 741 2723 tollatur
768 2684 796 2721 (ι
823 2663 974 2726 vobis,
1009 2676 1122 2713 cum
1143 2657 1279 2712 omni
1312 2653 1505 2707 malitia
1532 2650 1747 2723 (Ep/tes.
1779 2650 1830 2703 αἱ.
1858 2648 1972 2719 51).

400 2763 537 2816 Nunt
559 2760 674 2813 haec
702 2757 791 2811 tibi
822 2770 979 2824 parva
1004 2746 1654 2813 videiituriAtexspecta,
1685 2750 1738 2796 et
1759 2740 1840 2793 his
1865 2740 1979 2793 lon-

399 2872 465 2923 ge
488 2852 685 2921 majora
706 2848 910 2910 audies,
927 2860 1043 2915 quae
1064 2842 1131 2898 de
1158 2842 1416 2896 malorum
1443 2834 1715 2915 tolerantia
1734 2831 1980 2888 omnibus

404 2912 659 3013 principit.
694 2939 809 3004 Sol,
858 2912 1046 3004 inquit,
1097 2950 1195 2987 non
1244 2931 1439 2985 occidat
1481 2941 1633 2997 super
1664 2912 1982 2978 iracundiam

400 3045 616 3088 vestram
644 3030 663 3103 (
692 3028 958 3100 Ephesi.
1006 3024 1132 3097 26).
1174 3022 1345 3075 Videte
1391 3038 1454 3074 ne
1495 3020 1605 3086 quis
1648 3014 1835 3070 malum
1892 3030 1982 3083 pro

402 3125 538 3179 n'alo
566 3123 797 3193 cuiquam
822 3118 997 3172 reddat
1026 3131 1045 3179 ,'
1072 3115 1159 3169 sed
1181 3129 1374 3178 semper
1398 3110 1530 3180 quod
1555 3109 1740 3161 bonum
1785 3115 1856 3162 est
1899 3120 1983 3161 sev

400 3215 610 3269 clamini
631 3217 683 3265 in
702 3212 929 3276 invicem,
955 3219 1001 3261 et
1022 3211 1073 3262 in
1094 3222 1262 3261 omnes
1288 3202 1544 3273 (LThess.
1562 3200 1709 3268 5.15)
1738 3216 1749 3251 :
1776 3213 1839 3252 ac
1866 3212 1983 3250 rur~

403 3322 546 3371 sum,
568 3302 693 3358 Noli
711 3303 840 3356 vinci
866 3298 1071 3363 amulo,
1096 3296 1183 3351 sed
1202 3296 1341 3363 vince
1361 3293 1412 3346 in
1439 3292 1564 3346 bono
1592 3288 1781 3342 malum
1806 3286 1980 3359 (Rom.

406 3402 495 3457 l2.
526 3400 591 3454 21
618 3401 661 3471 ).
694 3395 955 3452 Vidistine
974 3388 1321 3462 pliil050phiae
1349 3397 1405 3442 et
1432 3382 1848 3453 longaniniitatis
1874 3394 1987 3434 ma-

403 3492 732 3565 gnitudinem
750 3488 817 3543 ad
835 3499 1143 3556 supremum
1166 3482 1377 3536 culmen
1403 3476 1779 3532 ascendentem
1798 3473 1821 3526 ?
1848 3472 1985 3527 Audi

405 3584 535 3653 quid
560 3583 629 3637 de
656 3581 897 3642 caritate,
917 3592 1034 3646 quae
1061 3583 1143 3630 est
1170 3579 1329 3640 caput
1354 3570 1636 3633 bonorum,
1665 3565 1939 3637 praecipiat
1970 3580 1984 3616 :

410 3683 686 3744 postquam
740 3669 881 3724 enim
935 3682 1053 3721 eam
1104 3664 1407 3728 extulisset,
1461 3659 1683 3729 ejusque
1734 3656 1988 3726 praeclara

378 3798 381 3803 -
400 3773 555 3835 gesta
582 3768 869 3822 narrasset,
889 3756 1131 3812 eamdem
1159 3770 1216 3810 se
1236 3769 1265 3807 a
1287 3750 1628 3807 saecularibus
1644 3748 1859 3819 exigere
1885 3747 1983 3801 de-

403 3859 597 3923 clarat,
631 3868 791 3924 quam
829 3851 1074 3907 Christus
1099 3864 1130 3903 a
1186 3846 1483 3916 discipulis.
1528 3840 1987 3910 Quemadmodum

409 3953 550 4007 enim
572 3949 815 4007 Christus
834 3956 1129 4002 extremum
1149 3943 1384 3999 caritatis
1412 3940 1693 3996 terminum
1716 3952 1836 3992 esse
1859 3934 1991 3989 dixit

409 4043 642 4097 animam
672 4054 823 4095 suam
873 4050 1070 4106 ponere
1103 4050 1199 4104 pro
1228 4033 1413 4087 amicis
1441 4031 1571 4096 suis,
1617 4030 1694 4084 sic
1718 4036 1773 4082 et
1798 4026 1991 4081 Paulus

409 4132 638 4202 idipsum
666 4127 963 4183 subindicat
983 4126 1066 4180 his
1096 4123 1274 4178 verbis
1298 4139 1312 4174 :
1335 4121 1533 4176 Caritas
1556 4135 1657 4173 non
1678 4118 1856 4188 quierit
1875 4131 1991 4187 quas

412 4240 505 4278 sua
524 4233 639 4276 sunt
664 4220 682 4292 (
706 4222 758 4276 l.
782 4217 902 4274 Cor.
924 4218 1011 4272 l5.
1039 4213 1128 4286 5),
1184 4224 1343 4282 atque
1386 4208 1690 4280 hujusmodi
1715 4207 1989 4262 caritatem

409 4312 607 4369 sectari
629 4314 646 4343 ι
673 4311 842 4381 jubet.
872 4309 947 4362 ita
976 4307 1102 4362 ut-si
1130 4304 1182 4360 id
1223 4304 1394 4358 solum
1434 4302 1633 4356 dictum
1670 4309 1843 4364 esset,
1874 4298 1990 4353 ido-

409 4420 573 4460 neum
604 4404 656 4458 id
681 4410 824 4458 esset
869 4408 1264 4470 argumentum,
1315 4396 1502 4452 eadem
1531 4395 1689 4464 ipsaa
1716 4391 1990 4450 saeculari-

414 4498 536 4564 bus,
564 4510 728 4566 quaia
755 4492 1050 4561 monachis,
1080 4491 1276 4563 requiri
1306 4490 1453 4543 :lnec
1495 4487 1690 4558 quippe
1711 4496 1791 4541 est
1812 4486 1993 4539 vincu-

412 4589 525 4644 lum
555 4598 606 4642 et
637 4586 789 4641 radix
837 4586 1017 4640 multae
1046 4584 1293 4646 virtutis;
1337 4595 1477 4636 nunc
1506 4589 1684 4635 autem
1714 4579 1859 4634 illam
1888 4577 1992 4631 mi-

414 4679 640 4735 nutatim
683 4685 738 4733 et
766 4692 862 4747 per
905 4684 1083 4746 partes
1112 4674 1300 4730 refert.
1332 4671 1468 4739 Quid
1500 4674 1658 4742 igitur
1685 4670 1783 4724 hac
1812 4669 1992 4739 philo-

414 4770 602 4840 sophia
628 4768 800 4839 majus
823 4767 1165 4837 requiratur?
1190 4766 1323 4821 Cum
1349 4764 1491 4820 enim
1520 4765 1617 4830 ira,
1648 4765 1849 4828 furore,
1881 4762 1993 4817 cla-

420 4877 586 4929 more,
616 4860 961 4932 pecuniarum
1007 4859 1316 4930 cupiditate,
1348 4858 1550 4913 ventris
1600 4857 1854 4926 ingluvie,
1878 4870 1992 4908 ma-

411 4954 739 5025 gnifieentia,
762 4953 905 5008 inani
940 4951 1129 5022 gloria,
1174 4959 1229 5005 et
1282 4950 1442 5004 rebus
1489 4949 1610 5002 aliis
1652 4947 1996 5003 sazcularibus

418 5046 720 5116 superiores
750 5060 846 5099 nos
876 5058 1015 5110 esse,
1038 5050 1093 5097 et
1108 5042 1240 5096 nihil
1270 5056 1391 5096 cum
1420 5049 1562 5095 terra
1591 5054 1874 5094 commune
1894 5037 1994 5092 ha-

418 5140 545 5195 bere
572 5138 860 5209 praecipiat,
885 5151 1004 5191 cum
1051 5134 1287 5189 membra
1333 5142 1512 5187 nostra
1564 5131 1868 5199 morti/icore
1915 5130 1999 5200 ju-

421 5231 563 5297 beat,
589 5232 758 5300 palam
782 5238 864 5285 est
891 5242 1054 5283 euma
1074 5226 1230 5282 nobis
1257 5225 1496 5281 eamdem
1525 5226 1645 5279 vitae
1674 5224 1996 5294 diligentiam

421 5323 712 5392 requirere,
742 5337 899 5393 quam
927 5319 1171 5375 Christus
1191 5333 1222 5373 a
1246 5302 1546 5386 discipulis;
1577 5326 1734 5386 atque
1751 5331 1848 5371 nos
1876 5329 1999 5384 pec-

422 5414 555 5469 catis
582 5425 818 5469 mortuos
844 5428 964 5468 esse
994 5412 1150 5477 velle,
1180 5426 1245 5467 ac
1269 5409 1313 5465 si
1333 5408 1445 5478 jam
1499 5408 1693 5462 mortui
1728 5417 1780 5462 et
1804 5406 1998 5476 sepulti

422 5521 681 5562 essemus.
738 5506 1068 5576 Quapropter
1118 5504 1245 5558 dicit
1283 5521 1296 5557 :
1329 5500 1467 5555 Nam
1516 5500 1603 5572 qui
1653 5512 1877 5553 mortuus
1902 5507 1994 5565 est,

422 5599 728 5668 justi/iratus
757 5608 827 5653 est
846 5615 879 5651 α
912 5597 1155 5663 peccato!
1184 5594 1334 5652 Rom.
1361 5595 1415 5649 6.
1445 5596 1476 5649 7
1502 5594 1543 5665 ).
1591 5594 1996 5665 N’nlnumqnam

489 5777 508 5807 ι
542 5781 708 5835 necat,
727 5775 914 5836 sectari,
936 5777 983 5824 in
1002 5775 1187 5825 duobus
1208 5782 1306 5825 sua.

1122 351 1486 413 ADVERSUS
1522 344 2059 406 OPPUGNATORES
2098 341 2278 398 VITE
2302 343 2596 399 MONAST.
2636 343 2765 400 LIB.
2805 343 2893 399 lli.

3527 346 3631 403 δη

2060 457 2189 511 item
2216 456 2283 509 ad
2312 454 2528 521 Christi,
2561 472 2662 511 nec
2689 467 2890 512 tantum
2920 459 2985 513 ad
3031 459 3431 529 discipulorum,
3459 462 3633 517 imita-

2060 547 2260 600 tionem
2288 559 2388 599 nos
2409 545 2667 600 hortatur.
2696 548 2902 602 Etenim
2931 563 3049 605 cum
3073 565 3170 605 nos
3198 550 3438 607 hortatur
3451 554 3516 608 ad
3540 568 3635 609 ca-

2060 636 2294 700 ritatem,
2325 635 2449 691 inde
2501 637 2664 697 sumit
2704 639 2966 708 exempla,
3016 642 3363 711 similiterque
3416 658 3535 697 cum
3566 643 3633 698 ad

2063 725 2377 794 injuriarum
2418 725 2761 795 oblivionem,
2820 738 2977 799 atque
3024 732 3091 785 ad
3135 733 3471 789 modestiam.
3501 735 3631 789 Cum

2062 816 2243 885 itaque
2268 831 2373 872 non
2416 818 2710 873 monachos
2759 828 2958 874 tantum
3006 836 3069 877 ac
3116 823 3428 895 discipulos;
3458 827 3553 880 sed
3579 836 3634 882 et

2064 909 2238 978 ipsum
2268 910 2463 965 imitari
2512 910 3013 981 Christumjubeat,
3057 923 3112 969 et
3151 931 3255 971 non
3308 919 3635 975 imitantibus

2065 1001 2353 1056 maximum
2424 1011 2588 1071 ponat
2621 1003 2963 1073 supplicium,
3013 1020 3117 1074 qua
3170 1007 3383 1062 tandem
3428 1011 3636 1068 ratione

2065 1093 2200 1148 dicis
2224 1093 2370 1149 illam
2396 1109 2518 1150 esse
2562 1094 2732 1166 major
2765 1112 2818 1150 m
2861 1096 3237 1151 altitudinem?
3265 1099 3346 1154 Ad
3395 1103 3637 1157 eamdem

2065 1190 2206 1245 enim
2236 1191 2406 1260 ipsam
2437 1207 2626 1248 omnes
2672 1193 2917 1249 homines
2962 1197 3251 1251 ascendere
3307 1207 3552 1268 oportet:
3584 1208 3640 1254 et

2066 1280 2206 1349 quod
2234 1282 2539 1337 universum
2576 1285 2769 1339 evertit
2806 1286 2993 1340 orbem
3049 1286 3175 1341 illud
3219 1296 3322 1354 est,
3350 1289 3490 1358 quod
3510 1290 3641 1344 solis
3676 1300 3687 1313 '

2067 1371 2343 1427 monachis
2367 1373 2454 1427 illa
2480 1374 2753 1444 diligentia
2779 1390 2914 1444 opus
2955 1392 3076 1432 esse
3105 1386 3370 1448 putemus,
3401 1380 3639 1435 creteris-

2068 1478 2172 1533 que
2200 1464 2527 1535 negligenter
2572 1468 2752 1522 vivere
2782 1469 2959 1524 licere.
2994 1470 3107 1525 Non
3139 1472 3208 1525 ita
3253 1487 3400 1538 sane,
3433 1489 3538 1527 non
3572 1474 3641 1527 ita

2069 1565 2170 1617 est,
2194 1555 2289 1609 sed
2334 1556 2518 1610 eadem
2546 1558 2613 1612 ab
2647 1559 2895 1614 omnibus
2934 1560 3268 1631 philosophia
3313 1566 3600 1634 requiritur
3630 1585 3643 1620 :

2070 1644 2231 1714 idque
2264 1644 2606 1703 vehementer
2635 1650 3014 1706 afﬁrmaverim
3042 1670 3056 1717 ;
3082 1653 3189 1706 imo
3234 1670 3362 1708 vero
3389 1673 3492 1709 non
3521 1672 3639 1726 ego.

2071 1737 2165 1792 sed
2189 1738 2233 1791 is
2257 1737 2343 1807 qui
2366 1753 2467 1795 nos
2487 1739 2816 1808 judicaturus
2849 1752 2948 1795 est.
3000 1742 3091 1797 Sin
3126 1742 3299 1798 adhuc
3339 1747 3546 1799 miraris
3595 1757 3649 1801 et

2072 1827 2265 1895 hmres,
2307 1843 2403 1897 age
2439 1844 2645 1885 rursum
2692 1846 2759 1886 ex
2802 1831 3001 1886 iisdem-
3031 1835 3438 1904 scaturiginihus
3487 1851 3644 1892 aures

2074 1925 2193 1972 tuas
2225 1919 2564 1986 intmdemus,
2595 1929 2655 1975 ut
2679 1922 2853 1977 omnis
2881 1923 3262 1979 incredulitatis
3289 1935 3388 1980 tua:
3418 1930 3649 1997 nequitia

2073 2009 2338 2064 abluatur.
2365 2011 2690 2065 Documenta
2732 2028 2859 2067 vero
2887 2027 3092 2068 sumam
3122 2031 3190 2070 ex
3233 2018 3505 2085 suppliciis
3542 2019 3648 2072 diei

2074 2100 2235 2154 illius.
2270 2100 2425 2154 Dives
2461 2101 2578 2166 ille,
2611 2116 2716 2155 non
2744 2102 2884 2172 quod
2912 2104 3204 2158 monachus
3235 2106 3464 2160 crudelis
3489 2120 3651 2173 esset,

2076 2191 2197 2245 ideo
2214 2190 2582 2247 vehementius
2606 2192 2961 2260 cruciabatur,
3001 2196 3093 2249 sed
3119 2197 3315 2279 silquid
3342 2213 3370 2250 a
3397 2198 3548 2252 nobis
3576 2199 3654 2252 in-

2076 2291 2289 2336 ventum
2308 2282 2450 2352 loqui
2474 2280 2553 2337 fas
2570 2283 2657 2349 sit,
2686 2284 2807 2352 quia
2845 2284 3114 2340 saecularis
3166 2300 3287 2339 cum
3311 2295 3474 2355 esset,
3498 2288 3548 2341 in
3578 2288 3656 2341 di-

2076 2373 2217 2427 vitiis
2246 2374 2372 2427 etin
2401 2388 2630 2442 purpura
2653 2374 2873 2443 degens,
2901 2374 3159 2429 Lazarum
3186 2376 3237 2429 in
3259 2386 3496 2433 extrema
3525 2393 3654 2447 pau-

2079 2473 2285 2533 pertate
2312 2465 2575 2519 viventem
2602 2464 2865 2535 despexit.
2883 2466 3146 2520 Caeterum
3167 2483 3337 2537 neque
3362 2468 3464 2523 hoc
3484 2485 3656 2539 neque

2080 2556 2208 2611 illud
2240 2557 2432 2622 dicam,
2457 2557 2550 2610 sed
2566 2558 2737 2611 solum
2763 2558 2885 2627 quia
2908 2558 3142 2613 crudelis
3162 2569 3294 2623 erat,
3314 2560 3433 2615 ideo
3453 2561 3657 2631 majore

2082 2647 2218 2715 ignis
2261 2648 2520 2716 supplicio
2566 2648 2901 2718 puniebatur.
2955 2649 3200 2719 Virgines
3248 2667 3477 2721 quoque,
3535 2654 3661 2723 quia

2083 2736 2463 2791 humanitatem
2509 2738 2928 2807 posthabuerunt
2949 2779 2964 2805 ,
2999 2740 3117 2795 ideo
3143 2755 3175 2794 a
3220 2741 3452 2795 thalamo
3478 2746 3658 2812 Sponsi

2083 2828 2310 2897 repulsa:
2332 2837 2457 2883 sunt
2479 2844 2493 2893 ;
2524 2843 2585 2884 ac
2611 2829 2654 2883 si
2683 2829 2807 2899 quid
2829 2846 2857 2884 a
2880 2832 3033 2885 nobis
3052 2832 3180 2901 ipsis
3200 2832 3378 2887 dicere
3404 2848 3538 2903 opus
3555 2834 3656 2900 sit,

2085 2932 2188 2971 non
2219 2918 2391 2971 solum
2420 2918 2522 2971 illis
2542 2919 2807 2975 cruciatus
2839 2935 2943 2974 non
2990 2922 3131 2975 aucti
3179 2931 3319 2986 sunt,
3345 2923 3485 2992 quod
3515 2925 3661 2994 virgi-

2087 3008 2305 3062 nitatem
2356 3008 2665 3073 coluissent,
2710 3010 2804 3065 sed
2853 3011 3092 3067 mitiores
3127 3012 3247 3067 ideo
3283 3012 3517 3069 fuerunt.
3549 3015 3662 3072 Non

2087 3100 2226 3154 enim
2241 3099 2522 3154 audierunt
2552 3119 2564 3155 :
2590 3099 2671 3155 Ite
2712 3102 2766 3154 in
2801 3103 2968 3170 ignem
3022 3115 3257 3173 paratum
3283 3106 3483 3161 diabolo
3504 3117 3665 3162 etan-

2085 3196 2209 3265 gelis
2259 3193 2368 3265 ejus
2400 3191 2628 3267 (Matth.
2813 3197 2877 3251 M
2903 3194 2922 3268 )
2950 3210 2964 3258 ;
2994 3196 3087 3250 Sed
3132 3205 3359 3262 tantum,
3388 3199 3511 3254 Non
3555 3205 3667 3255 novi

2087 3301 2192 3340 vos.
2216 3284 2270 3341 Si
2288 3286 2408 3355 quis
2435 3301 2560 3340 vero
2581 3285 2721 3339 dicat
2754 3285 2856 3339 hoc
2875 3297 2930 3340 et
2960 3285 3085 3341 illud
3122 3272 3352 3357 idipsum
3374 3305 3514 3354 esse,
3537 3292 3667 3345 nihil

2088 3378 2413 3448 repugnabo.
2431 3377 2562 3431 Nam
2589 3378 2729 3448 quod
2757 3378 2884 3433 ιιιίᾑί
2906 3394 3047 3433 nunc
3080 3381 3363 3438 ostendere
3388 3383 3665 3452 incumbit,

2089 3469 2219 3523 illud
2245 3478 2347 3533 est,
2370 3469 2511 3538 quod
2542 3471 2926 3525 monachorum
2970 3473 3077 3527 vita
3103 3488 3209 3528 non
3232 3476 3475 3544 graviora
3501 3487 3670 3533 attra-

2091 3559 2182 3613 hat
2204 3560 2456 3629 supplicia
2481 3578 2497 3626 ;
2519 3561 2613 3615 sed
2635 3559 2774 3631 quod
2805 3561 3089 3618 saeculares
3105 3564 3292 3619 eadem
3336 3578 3548 3635 peccata
3570 3570 3670 3623 ad-

2090 3651 2362 3706 mittentes
2403 3651 2591 3705 iisdem
2640 3652 2749 3706 sint
2796 3652 2968 3722 poenis
3022 3654 3259 3710 obnoxii.
3292 3655 3342 3711 is
3385 3659 3529 3713 enim
3579 3662 3669 3730 qui

2091 3742 2321 3797 sordidis
2341 3743 2576 3797 vestibus
2600 3743 2825 3797 amictus
2843 3752 2975 3809 erat,
2994 3754 3049 3799 et
3076 3746 3119 3799 is
3145 3746 3232 3815 qui
3261 3757 3476 3802 centum
3502 3748 3673 3805 dena-

2092 3832 2202 3887 rios
2227 3832 2488 3902 exigebat,
2509 3848 2612 3888 non
2643 3834 2783 3904 quod
2810 3835 3057 3891 monachi
3075 3845 3255 3892 essent
3281 3853 3342 3893 ea
3363 3839 3504 3908 passi
3527 3849 3671 3908 sunt,

2092 3942 2211 3996 quin
2237 3926 2380 3996 passi
2426 3924 2761 3994 referuntur;
2808 3928 2903 3983 sed
2951 3930 3089 3983 alter
3139 3931 3208 3985 ob
3246 3930 3672 3998 fornicationem,

2092 4018 2232 4073 alter
2251 4016 2392 4087 quod
2418 4033 2525 4071 non
2553 4017 2924 4085 condonasset,
2955 4021 3248 4089 perierunt.
3291 4023 3360 4077 Et
3384 4023 3518 4077 alios
3536 4039 3673 4094 quo-

2094 4127 2196 4180 que
2222 4110 2488 4180 supplicio
2515 4118 2640 4163 tunc
2664 4110 2882 4164 allectos
2908 4112 2951 4165 si
2986 4113 3107 4181 quis
3148 4124 3447 4182 percurrat,
3476 4116 3672 4185 depre-

2097 4202 2295 4258 hendet
2324 4217 2417 4256 eos
2442 4209 2661 4270 propter
2691 4210 2907 4269 peccata
2961 4203 3133 4257 solum
3175 4219 3361 4274 poenas
3396 4206 3578 4260 luisse.
3615 4208 3672 4262 id

2095 4306 2224 4348 vero
2251 4291 2430 4345 nonin
2459 4290 2732 4359 suppliciis
2762 4300 2990 4357 tantum,
3022 4292 3115 4347 sed
3147 4293 3197 4347 in
3224 4294 3674 4350 admonitionibus

2095 4399 2307 4456 quoque
2336 4383 2747 4438 animadvertas.
2779 4382 2911 4437 Nam
2952 4399 3071 4438 cum
3100 4384 3262 4440 dicit:
3306 4384 3478 4441 Venite
3504 4388 3571 4441 ad
3600 4405 3678 4442 me

2096 4491 2267 4528 omnes
2290 4475 2376 4544 qui
2398 4473 2635 4528 laboratis
2664 4484 2709 4529 et
2735 4474 2927 4528 onerati
2950 4475 3087 4541 estis,
3115 4485 3163 4528 ct
3209 4491 3299 4545 ego
3325 4478 3550 4546 reficiam
3570 4494 3673 4533 vos.

2101 4565 2284 4620 Tollite
2293 4567 2479 4637 jugum
2507 4580 2673 4619 meum
2699 4581 2848 4636 super
2867 4580 2972 4631 vos,
3003 4576 3050 4620 et
3075 4567 3249 4620 discite
3275 4584 3306 4620 a
3333 4585 3411 4623 me
3434 4571 3552 4639 quia
3577 4572 3675 4624 mi-

2098 4658 2161 4710 tis
2185 4674 2296 4711 sum
2324 4668 2371 4712 et
2388 4657 2592 4710 Immitis
2614 4658 2783 4721 corde,
2810 4665 2853 4710 et
2883 4657 3144 4711 invenietis
3170 4659 3387 4728 requiem
3411 4660 3675 4716 animabus

2097 4750 2271 4803 vestris
2304 4748 2513 4821 (Matth.
2540 4749 2716 4804 “.28
2742 4748 2761 4821 )
2788 4764 2802 4812 ;
2834 4766 2938 4803 nun
2965 4750 3239 4807 monachis
3267 4760 3469 4807 tantum
3500 4755 3673 4825 loqui-

2100 4851 2204 4905 tur,
2233 4841 2325 4896 scd
2351 4841 2445 4894 toti
2475 4840 2707 4894 humano
2748 4840 2951 4909 generi.
2999 4841 3240 4913 Cumque
3282 4843 3432 4913 jubet
3456 4860 3553 4913 per
3579 4861 3676 4900 an-

2101 4946 2305 5007 gustam
2329 4934 2576 4988 incedere
2602 4933 2761 4997 viain,
2792 4949 2897 4986 non
2956 4934 3075 4987 illos
3132 4934 3312 5000 modo,
3370 4936 3463 4990 sed
3493 4952 3680 4994 omnes

2103 5029 2346 5083 homines
2370 5026 2658 5095 alloquitur
2688 5043 2702 5079 :
2731 5035 2783 5081 et
2806 5026 3039 5081 animam
3088 5042 3237 5082 suam
3265 5028 3390 5082 odio
3413 5028 3609 5084 habere
3628 5032 3678 5084 in

2103 5124 2206 5178 hoc
2243 5121 2466 5188 mundo,
2493 5129 2546 5176 et
2574 5120 2766 5175 similia
2793 5122 2971 5175 omnia
3005 5121 3267 5176 universis
3315 5122 3513 5191 pariter
3540 5139 3679 5192 pra:-

2104 5216 2265 5285 cepit.
2292 5214 2425 5268 Cum
2469 5222 2648 5267 autem
2681 5228 2785 5267 non
2839 5215 3084 5269 omnibus
3120 5206 3348 5282 loquitur
3372 5214 3454 5268 vel
3509 5215 3679 5285 legem

2104 5307 2215 5372 dat,
2245 5306 2475 5374 idipsum
2503 5304 2656 5359 nobis
2681 5305 2853 5374 palam
2882 5306 3027 5359 facit.
3054 5304 3185 5359 Cum
3216 5305 3391 5374 itaque
3419 5305 3486 5360 de
3515 5308 3680 5378 virgi-

2106 5400 2270 5452 nitate
2310 5396 2638 5468 loqueretur,
2695 5396 2889 5459 intulit,
2918 5395 3017 5462 Qui
3062 5404 3223 5464 potest
3269 5412 3449 5464 capere
3488 5399 3680 5467 capiat—

2109 5487 2128 5560 (
2162 5486 2346 5541 Matth.
2378 5487 2464 5541 l9.
2496 5486 2563 5540 12
2589 5484 2633 5555 ),
2655 5501 2827 5555 neque
2873 5484 3020 5550 illud,
3054 5484 3237 5550 omnis,
3271 5484 3547 5553 adjiciens,
3579 5503 3677 5541 ne~

2106 5594 2208 5649 que
2235 5578 2286 5633 id
2316 5578 2368 5632 in
2396 5579 2644 5648 praicepti
2670 5576 2837 5631 forma
2868 5584 3125 5629 statuens.
3150 5576 3237 5631 Sic
3260 5576 3420 5633 etiam
3443 5579 3635 5634 Paulus
3662 5596 3676 5629 :

2108 5685 2230 5726 nam
2259 5669 2563 5739 Magistrum
2595 5667 2788 5736 ubique
2834 5665 3026 5719 imitari
3070 5664 3504 5737 deprehenditur,
3528 5684 3676 5723 cum-

2106 5777 2210 5836 que
2237 5761 2288 5831 in
2316 5761 2457 5817 idem
2479 5766 2842 5832 argumentum
2869 5757 3158 5826 incidisset,
3188 5761 3360 5818 aiebat
3384 5781 3395 5817 :
3425 5763 3500 5819 De
3526 5758 3676 5827 virgi-
