4032 6418
482 329 588 384 MS

484 446 632 499 nibus
658 454 826 498 autem
846 450 1163 513 praeceptum
1188 441 1397 496 Domini
1440 458 1542 495 non
1593 441 1749 495 {iubeo
1768 443 1844 512 (ί.
1869 441 1984 497 Cor.
2010 445 2064 499 τ.

476 535 551 591 25
570 537 610 605 ).
643 532 794 600 Quod
815 533 973 603 igitur
1000 539 1055 587 et
1067 532 1379 587 saecularem
1396 540 1451 587 et
1476 531 1796 586 monachum
1827 532 1895 585 ad
1915 532 2058 587 idem

464 625 1061 695 .cacumcn‘pertiugere
1084 632 1347 695 oporteat,
1374 623 1594 694 etquod
1624 632 1849 693 uterque
1881 622 2067 693 lapsus

478 715 665 772 eadem
691 717 911 772 vulnera
940 723 1257 786 accepturus
1283 715 1374 783 sit,
1425 728 1493 769 ne
1533 713 1822 768 admodum
1853 714 2070 784 quidem

472 810 872 865 contentiosum
918 817 974 864 et
1016 807 1385 880 impudentem
1444 805 1701 877 deinceps
1745 814 2064 877 negaturum

472 909 622 969 puto.

542 994 634 1049 l5.
662 993 777 1049 Hoc
795 1000 973 1049 autem
1016 1002 1202 1063 aperte
1229 992 1616 1059 demonstrato,
1645 1007 1745 1064 age
1774 992 1905 1049 illud
1929 1008 2066 1066 quo-

470 1102 575 1157 que
600 1086 951 1156 inquiramus,
983 1086 1103 1159 quis
1140 1086 1349 1143 facilius
1392 1087 1638 1157 lapsurus
1666 1088 1757 1142 sit.
1793 1086 1954 1143 Certe
1981 1088 2069 1144 hic

472 1192 579 1232 non
626 1178 1013 1248 perquisitione
1045 1194 1182 1249 opus
1211 1188 1334 1245 est;
1380 1178 1765 1233 continentiam
1802 1180 2002 1250 quippe
2022 1181 2067 1236 is

468 1272 560 1341 qui
583 1287 802 1327 uxorem
832 1272 1015 1340 habet,
1041 1270 1246 1328 facilius
1268 1271 1524 1339 servabit,
1549 1280 1734 1343 utpote
1760 1276 1847 1343 qui
1875 1272 2066 1328 solatio

472 1364 639 1419 multo
653 1363 894 1431 fruatur:
920 1364 971 1417 in
999 1364 1217 1434 reliquis
1237 1372 1415 1418 autem
1445 1378 1550 1418 non
1582 1365 1652 1417 ita
1671 1363 1813 1418 clara
1839 1379 1927 1418 res
1953 1373 2060 1419 est.

466 1451 667 1509 Verum
700 1456 750 1511 in
795 1455 885 1509 illa
913 1470 1126 1525 quoque
1166 1469 1228 1509 re
1270 1454 1450 1523 plures
1481 1454 1721 1508 videmus
1742 1454 2061 1524 conjngato-

464 1563 583 1602 rum
614 1548 827 1613 cadere,
850 1564 1009 1618 quam
1048 1547 1456 1603 monachorum.
1496 1546 1678 1617 Neque
1721 1548 1864 1601 enim
1891 1555 1968 1601 tot
1996 1562 2062 1602 ex

463 1640 807 1695 monasteriis
834 1640 904 1694 ad
943 1630 1156 1708 nuptias
1207 1646 1505 1704 transeunt,
1529 1647 1658 1708 quot
1702 1652 1766 1693 ex
1794 1637 2059 1708 conjugali

462 1740 581 1785 toro
610 1732 674 1787 ad
700 1741 897 1787 scorta.
922 1730 1075 1799 Quod
1099 1730 1144 1786 si
1180 1730 1234 1785 in
1262 1729 1647 1786 certaminibus
1674 1730 1777 1784 illis
1797 1730 1895 1785 sibi
1932 1730 2061 1784 faci-

460 1822 601 1877 libus
619 1838 787 1892 usque
807 1821 943 1877 adeo
971 1822 1302 1892 frequentius
1331 1820 1545 1883 cadant,
1571 1820 1697 1891 quid
1721 1820 1775 1875 in
1801 1820 1917 1874 aliis
1938 1822 2058 1874 ani-

456 1914 532 1969 mi
579 1913 859 1969 affectibus
910 1913 1101 1968 facturi
1151 1922 1297 1981 sunt,
1347 1913 1434 1967 ubi
1492 1913 1663 1983 magis
1718 1913 2055 1982 exagitantur

455 2021 616 2076 quam
646 2004 895 2060 monachi
920 2005 944 2059 ?
975 2004 1109 2060 Nam
1142 2003 1577 2075 concupiscentia
1606 2002 1820 2073 quidem
1844 2002 1942 2056 hos
1957 2018 2056 2057 ve-

456 2095 762 2152 hementius
782 2095 1044 2161 stimulat,
1077 2102 1265 2165 utpote
1294 2094 1383 2165 qui
1413 2094 1618 2149 nullum
1650 2092 1887 2149 habeant
1932 2108 2053 2148 cum

455 2186 772 2242 mulieribus
799 2184 1149 2241 consortium.
1203 2184 1435 2256 Reliqua
1464 2199 1593 2239 vero
1624 2182 1691 2238 ad
1729 2182 1827 2238 hos
1891 2196 2056 2254 prope

453 2274 715 2333 accedere
736 2285 1042 2347 nequeunt;
1072 2277 1193 2332 illos
1218 2287 1398 2331 autem
1429 2276 1698 2331 violenter
1712 2275 2048 2343 adoriuntur,

453 2378 510 2423 et
545 2384 574 2423 a
615 2369 791 2439 capite
816 2368 1170 2440 praecipitant.
1203 2366 1359 2434 Quod
1382 2368 1448 2435 si,
1479 2367 1568 2422 ubi
1589 2366 1895 2423 violentiori
1911 2367 2055 2424 bello

456 2472 774 2533 premuntur
803 2463 1075 2530 monachi,
1094 2461 1428 2532 frequentius
1454 2469 1728 2531 superant,
1764 2476 1924 2532 quam
1951 2461 2049 2529 illi,

452 2571 573 2610 cum
600 2557 794 2626 quibus
820 2555 1100 2612 remissius
1130 2555 1323 2626 agitur,
1366 2555 1540 2626 palam
1571 2564 1654 2610 est
1691 2568 1786 2610 eos
1810 2555 1864 2610 in
1886 2562 2051 2610 caete-

448 2648 545 2715 ris,
576 2648 664 2703 ubi
697 2664 802 2703 non
824 2647 1182 2718 exagitantur,
1207 2646 1431 2702 ﬁrmiter
1457 2646 1805 2704 coustituros.
1837 2649 2047 2703 Etenim

451 2741 692 2809 pecunia:
712 2755 885 2808 amor,
934 2742 1169 2811 itemque
1229 2738 1663 2810 concupiscentia
1713 2740 2049 2809 deliciarum,

448 2835 721 2903 potentiae,
770 2834 1207 2902 reliquorumque
1245 2831 1484 2886 omnium
1510 2872 1526 2899 ,
1586 2831 1794 2887 facilius
1846 2833 1914 2887 ab
1943 2831 2048 2900 his,

448 2942 608 2996 quam
636 2941 666 2981 a
691 2926 1058 2991 saecularibus,
1089 2925 1228 2979 vinci
1261 2925 1459 2980 solent.
1502 2924 1665 2992 Quasi
1720 2925 1772 2979 in
1804 2925 1920 2981 acie
1947 2925 2051 2997 igi-

450 3032 540 3077 tur
562 3030 722 3090 atque
748 3020 802 3074 in
837 3019 1021 3089 prmlio
1054 3019 1190 3073 hanc
1217 3018 1348 3075 belli
1389 3026 1599 3090 partem
1642 3018 1901 3075 leviorem
1929 3034 2051 3076 esse

448 3114 709 3181 dicemus,
738 3126 845 3167 non
877 3113 930 3166 in
955 3125 1058 3182 qua
1120 3125 1259 3167 unus
1285 3125 1449 3181 super
1472 3112 1637 3167 alium
1662 3120 1714 3168 et
1744 3111 2051 3183 frequentes

448 3204 664 3269 cadunt,
697 3203 793 3259 sed
844 3204 898 3258 in
932 3217 1049 3275 qua
1079 3202 1233 3273 pauci
1248 3209 1315 3258 eet
1343 3202 1451 3258 rari
1482 3218 1495 3257 :
1526 3203 1605 3258 sic
1630 3211 1685 3258 et
1710 3202 1778 3259 de
1808 3202 1891 3260 his
1920 3219 2049 3260 sen-

450 3297 668 3352 tentiam
692 3295 833 3351 ferre
858 3310 956 3365 par
1000 3302 1104 3351 est.
1147 3293 1425 3365 Siquidem
1458 3294 1739 3349 avaritiam
1780 3310 1888 3351 non
1934 3296 2046 3362 ille,

447 3390 536 3458 qui
564 3391 616 3443 in
644 3387 822 3443 medio
847 3402 1030 3443 rerum
1052 3394 1317 3459 versatur,
1360 3385 1458 3443 sed
1508 3386 1615 3453 hic,
1648 3385 1739 3456 qui
1767 3386 1818 3440 in
1846 3387 2048 3441 monti-

451 3482 549 3536 bus
575 3479 798 3544 residet,
833 3479 1038 3534 facilius
1090 3479 1387 3549 snperabzt.
1424 3477 1559 3535 Nam
1594 3478 1684 3534 ille
1710 3488 1858 3536 certe
1898 3480 2049 3535 nullo

448 3572 667 3642 negotio
691 3570 973 3640 capietur:
998 3570 1044 3625 is
1062 3569 1193 3625 vero
1219 3569 1310 3640 qui
1338 3569 1560 3624 avaritia
1590 3570 1900 3641 corripitur,
1926 3586 2048 3627 cum

447 3664 743 3719 idololatris
775 3661 1210 3718 annumerandus
1249 3671 1354 3718 est.
1387 3663 1465 3717 Ac
1493 3663 1792 3719 monachus
1831 3663 2047 3734 quidem

450 3758 777 3829 propinquos
796 3765 851 3812 et
874 3755 1165 3811 familiares
1213 3769 1321 3810 non
1360 3753 1642 3827 despiciet,
1693 3755 1739 3810 si
1794 3757 2050 3824 pecunias

450 3850 664 3919 habeat,
695 3850 789 3906 sed
836 3848 1057 3920 largiter
1082 3848 1149 3904 iis
1185 3847 1306 3903 illas
1350 3847 1623 3914 effundet;
1656 3847 1746 3904 ille
1792 3864 1920 3904 vero
1941 3864 2048 3905 non

452 3953 660 4000 tantum
691 3958 786 3999 eos
813 3942 1098 4014 despiciet,
1132 3956 1318 3998 verum
1342 3943 1508 3997 etiam
1540 3940 1697 3997 laedet
1717 3956 1822 3997 non
1846 3943 2045 4010 minus,

448 4054 609 4111 quam
637 4038 861 4093 alienos.
909 4035 1063 4104 Quod
1090 4035 1333 4107 profecto
1359 4033 1505 4090 aliud
1533 4033 1852 4090 idololatriae
1879 4050 2049 4107 genus

448 4140 534 4189 est
562 4131 729 4202 priori
756 4131 912 4201 longe
934 4129 1168 4200 gravius.
1199 4127 1406 4200 Ecquid
1436 4127 1540 4182 alia
1558 4126 1737 4182 omnia
1762 4140 2049 4184 recensere

447 4240 602 4297 opus,
635 4239 754 4295 qua:
774 4239 894 4280 cum
912 4237 941 4277 a
963 4220 1242 4278 monachis
1270 4220 1478 4275 facilius
1503 4226 1846 4290 superentur,
1874 4233 2047 4274 saecu-

453 4318 595 4373 lares
613 4332 733 4373 cum
759 4315 1099 4372 vehementia
1125 4312 1385 4384 dejiciunt
1406 4312 1430 4367 ?
1455 4310 1564 4368 Cur
1584 4326 1712 4383 ergo
1735 4327 1840 4367 non
1868 4311 2045 4376 times,

448 4424 546 4464 cur
562 4424 667 4463 non
693 4407 947 4477 trepidas,
989 4405 1116 4460 dum
1151 4404 1291 4461 hanc
1314 4404 1477 4459 vitam
1522 4402 1657 4474 agis,
1691 4403 1827 4458 ubia
1854 4404 2047 4474 nequi-

450 4501 524 4555 tia
544 4498 652 4556 cito
671 4499 941 4569 capieris?
965 4497 1103 4553 Num
1148 4496 1245 4552 tibi
1272 4511 1495 4566 parvum
1533 4494 1661 4565 quid
1688 4495 1902 4551 videtur
1928 4510 2049 4552 esse

450 4592 755 4648 idololatria
780 4591 972 4658 teneri,
1003 4600 1058 4645 et
1084 4588 1386 4645 infidelibus
1406 4588 1727 4644 deteriorem
1758 4603 1900 4656 esse,
1921 4590 2048 4644 Dei-

449 4701 554 4757 que
570 4684 849 4741 servitium
871 4682 1124 4754 operibus
1140 4681 1429 4751 abnegare,
1456 4694 1576 4750 qua:
1601 4678 1781 4734 omnia
1818 4679 2061 4746 facilius,‘

448 4793 608 4851 quam
634 4776 904 4840 monachi,
931 4774 1200 4846 patientur
1221 4772 1257 4829 ii
1289 4772 1382 4844 qui
1426 4771 1625 4827 sacculo
1649 4769 1846 4827 addicti
1875 4779 2001 4827 sunt
2026 4770 2050 4823 ?

451 4871 684 4927 Videsne
705 4869 845 4940 quod
864 4882 1010 4922 mera
1058 4866 1202 4922 fictio
1231 4872 1408 4920 metus
1443 4863 1547 4920 iste
1569 4863 1678 4918 sit?
1699 4862 1830 4918 Nam
1861 4863 1904 4918 si
1931 4878 2045 4918 me-

448 4964 708 5022 tuendum
737 4970 901 5028 esset,
955 4974 1063 5014 non
1092 4959 1196 5014 illis
1222 4966 1367 5014 certe
1391 4954 1761 5017 metuendum,
1802 4956 1893 5028 qui
1920 4972 2049 5028 pro-

445 5057 614 5113 cellas
652 5053 879 5125 fugiunt,
925 5065 1024 5107 nec
1070 5050 1173 5105 illis
1215 5051 1307 5121 qui
1348 5048 1414 5105 ad
1457 5060 1671 5120 portum
1721 5048 2046 5115 festinant‘,

449 5150 544 5206 sed
577 5150 664 5215 iis,
696 5147 788 5217 qui
834 5144 1069 5216 procella
1096 5154 1152 5200 et
1181 5151 1501 5214 tempestate
1544 5143 1834 5213 jactantur.
1883 5142 2051 5197 Citius

449 5243 592 5298 enim
617 5241 745 5295 hinc
761 5238 1035 5308 naufragia
1065 5236 1321 5304 timenda,
1349 5235 1491 5308 quod
1519 5235 1671 5307 plura
1693 5236 1802 5290 sint
1832 5242 2047 5305 pertur-

447 5334 646 5399 bantia,
673 5342 724 5387 et
749 5331 1027 5402 segniores
1054 5330 1112 5398 ii,
1137 5329 1226 5400 qui
1251 5330 1503 5384 resistere
1524 5328 1745 5384 debent.
1779 5327 1876 5381 Hic
1917 5341 2048 5381 vero

450 5441 555 5482 non
584 5436 662 5482 tot
704 5426 899 5482 fluctus
939 5424 1225 5490 habentur,
1286 5420 1383 5477 sed
1423 5436 1614 5492 magna
1671 5419 2046 5491 tranquillitas,

452 5521 729 5589 majorque
752 5518 1028 5590 diligentia
1052 5531 1262 5581 eorum,
1282 5529 1417 5586 quos
1434 5514 1694 5569 adversus
1723 5513 1812 5567 illa
1839 5526 2048 5582 pugna-

446 5624 506 5664 re
523 5616 752 5679 oportet.
803 5606 1163 5675 Quamobrem
1212 5620 1312 5661 nos
1357 5605 1409 5660 in
1463 5604 1735 5659 desertum
1784 5601 2048 5658 trahimus

448 5714 564 5768 eos,
596 5714 702 5755 non
728 5709 786 5755 ut
811 5714 966 5754 sacco
989 5699 1298 5761 induantur,
1326 5711 1433 5751 non
1459 5703 1518 5750 ut
1544 5694 1780 5750 cinerem
1807 5695 2051 5750 subster-

510 5816 527 5847 ί
554 5812 722 5872 verba,
743 5823 828 5862 nec
849 5808 947 5862 illi:
959 5808 1043 5873 qui
1058 5809 1124 5861 ad
1137 5813 1328 5873 portum
1349 5805 1592 5873 (mnam,
1610 5805 1833 5858 inuorel.
1847 5806 2045 5858 desunt.

1193 326 1252 383 S.
1292 325 1573 382 JOANNIS
1600 326 2074 385 CIIRYSOSTOMI
2114 328 2437 385 ARCIIIEP.
2476 330 3019 388 CONSTANTINOP.

3666 338 3761 393 576

2184 455 2314 499 nant
2335 447 2351 477 ⁸
2382 455 2608 512 tantum,
2637 447 2732 502 sed
2761 448 2811 500 in
2842 447 3026 516 primis
3044 447 3237 502 utvitia
3286 446 3508 517 fugiant,
3548 450 3760 521 eligant.

2177 550 2283 603 que
2307 539 2575 592 virtutem.
2604 538 2740 604 Quid
2791 538 2953 609 igitur
2979 539 3003 591 ?
3049 552 3320 595 omnesne
3354 540 3620 611 eonjugati
3647 558 3756 613 per-

2177 624 2335 681 ibttnt
2358 628 2383 680 ?
2722 684 2731 692 ,

2246 719 2534 783 Saeculares
2563 722 2748 793 majori
2774 737 2889 775 cum
2915 721 3207 793 difﬁcultate
3228 723 3361 778 salvi
3392 724 3541 794 ﬁunt.
3564 756 3632 767 —
3647 726 3750 785 Non

2175 811 2424 881 equidem
2446 811 2499 868 id
2535 813 2684 882 dico,
2716 814 2812 870 sed
2852 815 3145 885 majoribus
3192 830 3289 871 eos
3315 817 3587 875 laboribus
3605 821 3758 877 obno~

2178 901 2297 957 xios
2322 917 2464 969 esse,
2507 905 2552 960 si
2575 906 2805 961 salutem
2845 907 3103 977 consequi
3147 908 3338 976 velint,
3389 910 3549 981 idque
3574 913 3643 968 ob
3667 914 3759 970 im-

2176 996 2471 1052 minentem
2494 1001 2892 1056 necessitatem.
2917 1000 3050 1056 Nam
3078 1003 3122 1058 is
3148 1004 3241 1073 qui
3266 1005 3477 1062 solutus
3506 1016 3607 1075 est,
3639 1008 3760 1065 faci-

2175 1088 2280 1144 lius
2306 1098 2507 1157 currct,
2539 1107 2699 1161 quam
2721 1093 2768 1148 is
2795 1092 2883 1163 qui
2914 1102 2997 1148 cst
3021 1094 3247 1152 vinculis
3275 1096 3587 1155 obstrictus.
3627 1100 3757 1172 Ergo

2172 1181 2468 1251 majoribus
2504 1183 2593 1238 ille
2637 1185 2873 1254 praemiis
2911 1185 3219 1254 donabitur,
3277 1187 3756 1263 illustriorihusquc

2126 1304 2133 1307 -
2172 1273 2434 1328 coronis?
2461 1274 2678 1330 Minime
2706 1291 2835 1331 vero
2867 1294 2880 1330 :
2915 1292 3040 1331 nam
3086 1276 3223 1333 hanc
3264 1278 3358 1334 ille
3394 1281 3496 1335 sibi
3527 1285 3753 1339 necessi-

2172 1371 2337 1419 tatem
2378 1366 2623 1436 imponit,
2665 1382 2786 1422 cum
2834 1369 3020 1424 liceret
3073 1385 3178 1424 non
3233 1370 3533 1441 imponere.
3580 1374 3755 1447 Itaque

2170 1456 2446 1525 quoniam,
2477 1465 2534 1511 ut
2564 1474 2591 1511 a
2625 1459 2779 1514 nobis
2797 1460 2943 1516 clare
2967 1460 3392 1517 demonstratum
3421 1472 3525 1530 est,
3573 1460 3751 1522 iisdem

2168 1559 2353 1601 sumus
2398 1546 2593 1603 officiis
2637 1550 2878 1617 obnoxii,
2931 1552 3124 1621 quibus
3157 1552 3431 1620 monachi,
3475 1554 3749 1611 faciliorem

2170 1653 2548 1708 percurramus
2581 1640 2746 1705 viam,
2777 1640 2842 1695 ad
2873 1657 3100 1712 eamque
3127 1643 3263 1697 filios
3289 1645 3656 1712 attrahamus;
3692 1663 3751 1702 ne

2168 1729 2289 1785 illos
2312 1729 2710 1802 demergamus,
2740 1748 2876 1789 neve
2902 1733 3021 1788 illos
3037 1733 3103 1789 ad
3150 1733 3429 1801 barathra,
3485 1745 3543 1790 ut
3583 1737 3749 1793 hostes

2166 1829 2222 1876 et
2245 1821 2466 1890 inimici,
2484 1824 2895 1894 praecipitemus.
2920 1826 3049 1882 [ire
3063 1827 3207 1883 enim
3225 1828 3267 1882 si
3287 1828 3378 1898 qui
3400 1829 3490 1883 alii
3509 1829 3747 1897 facerent,

2166 1929 2272 1969 non
2302 1915 2438 1971 adeo
2462 1933 2626 1987 grave
2652 1929 2814 1973 esset.
2838 1919 2973 1973 Cum
3003 1930 3181 1976 autem
3222 1921 3324 1991 ipsi
3351 1932 3622 1992 parentes,
3667 1924 3748 1994 qui

2164 2009 2500 2064 saecularium
2514 2026 2695 2065 rerum
2709 2026 2795 2065 om
2804 2012 2946 2066 nium
2963 2012 3398 2082 experimentum
3422 2024 3746 2084 acceperunt,

2164 2101 2254 2171 qui
2281 2101 2538 2172 operibus
2555 2103 2685 2174 ipsis
2714 2102 3019 2158 didicerunt
3046 2103 3291 2175 frigidam
3327 2104 3612 2160 admodum
3640 2121 3748 2162 esse

2167 2194 2511 2263 praesentium
2559 2210 2739 2249 rerum
2782 2195 3129 2265 voluptatem,
3181 2195 3322 2251 adeo
3362 2196 3644 2261 insaniant,
3697 2206 3748 2251 ut

2162 2282 2299 2338 alios
2328 2283 2394 2338 ad
2418 2284 2606 2339 eadem
2637 2286 2748 2355 ipsa
2778 2287 3111 2355 pertrahant,
3142 2287 3401 2357 quoniam
3424 2287 3521 2357 ipsi
3540 2287 3646 2357 jam
3671 2287 3748 2342 his

2161 2373 2263 2427 frui
2291 2388 2386 2445 per
2415 2383 2625 2430 :etatem
2657 2377 3026 2445 prohibentur;
3053 2392 3176 2432 cum
3205 2386 3388 2433 tamen
3437 2379 3641 2450 seipsos
3680 2394 3743 2435 cx

2162 2466 2227 2521 iis
2252 2483 2370 2537 qua:
2404 2478 2815 2538 praecesserunt,
2853 2470 3095 2526 infelices
3140 2471 3441 2541 praedicare
3465 2472 3742 2539 deberent;

2167 2559 2243 2612 illi
2270 2568 2477 2626 contra,
2508 2562 2793 2632 mortijam
2824 2562 3050 2632 proximi
3076 2572 3130 2618 et
3160 2563 3446 2635 tribunali,
3486 2567 3745 2636 panisque

2163 2649 2263 2703 sibi
2296 2649 2588 2719 deputalis,
2608 2653 2739 2707 alios
2761 2662 2937 2708 tamen
2950 2654 3288 2724 praecipitent
3307 2670 3323 2721 ;
3346 2670 3463 2726 quze.
3478 2656 3582 2712 illis
3599 2670 3746 2712 excu-

2160 2740 2298 2795 satio
2326 2742 2677 2812 relinquetur,
2711 2759 2831 2814 quae
2852 2745 3029 2811 venia,
3059 2760 3178 2815 quae
3208 2745 3614 2801 misericordia?
3638 2745 3740 2801 Non

2163 2840 2365 2886 tantum
2395 2833 2537 2887 enim
2567 2845 2905 2904 peccatorum
2931 2850 3147 2890 suorum
3170 2850 3366 2907 pmnas
3389 2835 3607 2903 dabunt,
3657 2836 3739 2892 sed

2157 2923 2317 2979 etiam
2354 2939 2560 2992 eorum,
2593 2941 2712 2994 qua:
2731 2925 2871 2981 circa
2890 2926 3028 2981 filios
3048 2927 3163 2981 ausi
3181 2936 3332 2994 sunt,
3357 2928 3468 2983 sive
3491 2927 3608 2983 illos
3630 2943 3745 2999 sup—

2162 3016 2411 3089 plantare
2437 3019 2728 3086 potuerint,
2756 3018 2875 3073 sive
2898 3034 3005 3072 non
3039 3019 3334 3088 potuerint.

2231 3109 2321 3163 16.
2369 3108 2494 3163 Vere
2508 3120 2652 3182 pater
2668 3122 2743 3164 est
2757 3111 2842 3182 qui
2858 3111 2955 3180 ﬁlii
2973 3110 3187 3164 salutcm
3204 3113 3524 3166 (ειτηερ-Δὶ
3539 3111 3742 3167 fortasse

2157 3201 2297 3258 filios
2316 3202 2549 3258 filiorum
2579 3202 2764 3258 videre
2806 3203 3022 3273 cupitis.
3053 3204 3119 3259 Et
3143 3204 3419 3275 quomodo
3439 3205 3586 3272 illud,
3628 3219 3737 3260 cum

2157 3309 2255 3351 vos
2276 3296 2515 3351 nondum
2553 3304 2735 3367 patres
2774 3297 2930 3352 sitis?
2981 3296 3167 3368 Neque
3197 3298 3346 3352 enim
3373 3308 3581 3370 patrem
3628 3297 3740 3353 facit

2155 3387 2431 3457 generatio
2460 3405 2474 3443 :
2521 3386 2662 3458 quod
2693 3388 2793 3458 ipsi
2832 3404 3046 3459 quoque
3077 3396 3331 3458 parentes
3382 3390 3623 3455 fatentur,
3653 3389 3730 3459 qui

2156 3493 2277 3533 cum
2319 3478 2458 3534 filios
2491 3478 2680 3535 vident
2710 3480 2765 3534 in
2808 3490 3108 3536 extremum
3150 3480 3411 3550 nequitias
3453 3480 3732 3544 devenisse

2155 3573 2308 3642 quasi
2335 3586 2441 3626 non
2479 3587 2608 3627 suos
2636 3572 2895 3642 abjiciuut
2919 3583 2972 3628 et
2999 3573 3248 3627 abdicant
3279 3590 3291 3627 :
3333 3590 3508 3645 neque
3543 3583 3733 3633 natura,

2157 3681 2331 3737 neque
2365 3665 2663 3737 generatio,
2697 3681 2872 3737 neque
2909 3667 3085 3721 simile
3119 3665 3399 3737 quidpiam
3439 3668 3580 3737 ipsos
3606 3664 3737 3720 cohi-v

2156 3760 2287 3816 bere
2336 3768 2530 3832 potest.
2581 3759 2659 3815 Ne
2686 3759 2847 3830 igitur
2893 3766 3073 3829 patres
3120 3759 3414 3828 dignentur
3463 3754 3734 3814 existimari

2156 3868 2363 3917 eorum,
2389 3852 2581 3922 quibus
2598 3849 2891 3908 secundum
2924 3851 3275 3921 philosophia:
3301 3854 3571 3906 rationem
3595 3849 3734 3916 longe

2156 3944 2437 3999 inferiores
2452 3951 2576 3998 sunt
2594 3959 2608 3996 :
2632 3942 2725 3997 sed
2742 3957 2863 3997 cum
2884 3942 3006 3998 illos
3026 3942 3128 3996 hoc
3143 3955 3365 4012 quoque
3381 3941 3540 3996 modo
3555 3952 3735 4011 genue-

2160 4038 2292 4106 rint,
2319 4045 2446 4092 tunc
2466 4044 2689 4107 nepotes
2711 4035 2870 4091 etiam
2901 4042 3177 4106 quaerant:
3213 4042 3341 4089 tunc
3371 4036 3515 4091 enim
3547 4040 3732 4087 tantum

2156 4130 2302 4200 ipsos
2321 4128 2506 4184 videre
2532 4136 2800 4199 poterunt.
2819 4126 2954 4183 Sunt
2972 4128 3117 4183 enim
3139 4127 3244 4182 illis
3258 4126 3378 4197 filii,
3398 4136 3523 4182 sunt
3549 4125 3734 4194 utique,

2158 4219 2280 4274 Non
2312 4236 2374 4275 ea:
2393 4220 2747 4292 sanguinibus,
2789 4235 2949 4290 neque
2986 4236 3049 4275 ea:
3069 4218 3328 4273 voluntate
3355 4220 3545 4286 carnis,
3595 4229 3735 4285 neque

2156 4328 2220 4366 ea:
2238 4312 2497 4367 voluntate
2516 4312 2630 4380 viri,
2654 4311 2744 4366 sed
2764 4328 2826 4366 ea:
2847 4311 2953 4366 Deo
2975 4312 3089 4382 ipso
3104 4312 3343 4382 generati
3365 4312 3543 4382 (Joan.
3560 4311 3581 4364 1
3596 4307 3733 4376 "15).

2150 4403 2223 4459 1ιί
2248 4418 2408 4474 porro
2439 4403 2533 4458 filii
2560 4419 2665 4460 non
2715 4404 3059 4474 pecuniarum
3104 4417 3266 4459 causa
3306 4404 3510 4459 luctum
3554 4414 3736 4473 paron.

2158 4495 2300 4553 tibus
2323 4497 2601 4566 afferrent,
2654 4512 2765 4552 non
2792 4498 3120 4568 nuptiarum,
3162 4513 3268 4551 non
3313 4498 3534 4553 alterius
3574 4492 3740 4562 cujus-

2148 4605 2386 4662 cumquo
2432 4591 2511 4645 rei
2550 4589 2743 4660 gratia,
2776 4589 2870 4644 sed
2914 4589 3035 4644 illos
3064 4588 3209 4644 omni
3250 4604 3377 4644 cura
3434 4588 3625 4642 liberos
3665 4581 3739 4637 di-

2156 4682 2373 4750 missos,
2396 4681 2584 4752 majori
2614 4681 2893 4749 voluptate
2921 4680 3180 4749 afficiuut,
3214 4696 3372 4751 quam
3402 4680 3447 4736 si
3472 4678 3570 4750 ipsi
3598 4681 3737 4730 natu-

2155 4775 2299 4831 rales
2324 4789 2511 4829 eorum
2539 4781 2719 4843 patres
2738 4779 2942 4828 essent.
2970 4771 3088 4828 Non
3120 4772 3264 4826 enim
3309 4770 3497 4827 eadem
3542 4765 3736 4821 ratione

2155 4868 2444 4939 gignuntur
2476 4881 2540 4922 ac
2567 4866 2893 4933 nutriuntur,
2941 4882 3044 4937 qua
3084 4865 3158 4921 illi
3185 4882 3199 4933 ;
3231 4866 3325 4921 sed
3356 4864 3525 4920 multo
3571 4856 3736 4915 excel-

2155 4958 2356 5015 lentius
2384 4973 2448 5014 ac
2475 4956 2842 5029 splendidius;
2876 4944 3227 5027 quamobrem
3259 4955 3463 5026 majore
3499 4957 3733 5024 parentes

2162 5050 2430 5121 voluptate
2469 5050 2727 5106 afficiunt.
2781 5050 2914 5105 illud
2945 5058 3204 5120 przeterea
3230 5049 3497 5121 adjiciam,
3549 5044 3732 5100 mirum

2157 5160 2263 5198 non
2295 5160 2415 5199 esse
2436 5158 2550 5211 eos,
2580 5144 2668 5214 qui
2699 5144 3081 5199 resurrectioni
3113 5159 3218 5199 non
3264 5142 3509 5206 credunt,
3551 5138 3617 5191 de
3658 5133 3734 5188 his

2157 5236 2361 5307 lugere,
2385 5237 2582 5307 quippe
2599 5235 2793 5307 quibus
2810 5235 2925 5291 haec
2946 5237 3056 5292 sola
3072 5236 3406 5307 relinquatur
3430 5226 3732 5287 consolatio.

2157 5330 2224 5385 At
2266 5345 2365 5385 nos
2393 5329 2480 5399 qui
2500 5338 2726 5383 mortem
2755 5342 3002 5383 somnum
3048 5343 3168 5384 esse
3193 5337 3459 5397 putamus,
3485 5321 3571 5392 qui
3602 5329 3731 5387 prte-

2157 5421 2327 5477 sentia
2357 5420 2536 5474 omnia
2563 5419 2841 5489 despicere
2869 5418 3010 5474 docti
3036 5433 3246 5488 sumus,
3276 5433 3375 5489 qua
3408 5413 3615 5469 tandem
3637 5421 3727 5463 ve-

2159 5514 2245 5568 nia
2272 5511 2419 5583 digni
2444 5510 2664 5578 erimus,
2696 5511 2742 5565 si
2770 5509 2838 5565 de
2864 5510 2949 5564 his
2970 5510 3266 5580 lugeamus,
3303 5508 3540 5575 filiosque
3559 5498 3732 5555 videre

2107 5597 2109 5599 1
2158 5606 2459 5669 cupiamus.
2484 5612 2644 5656 alnue
2669 5604 2756 5658 hic
2774 5602 3104 5674 relinquere,
3133 5602 3274 5658 unde
3300 5599 3397 5672 ipsi
3417 5600 3729 5652 transmeare

2220 5742 2236 5774 ι
2254 5748 2397 5853 tllaec,
2424 5755 2516 5792 non
2541 5746 2593 5793 ut
2610 5740 2824 5793 cinerem
2844 5738 3165 5804 substernunt,
3189 5740 3242 5790 in
3266 5733 3430 5789 litorei.
3451 5735 3627 5784 tantum
3645 5722 3720 5775 de‘

2221 5819 2250 5853 il
2278 5840 2289 5853 .

2158 5816 2289 5857 81ml.
