4032 6402
181 488 284 542 την
313 470 574 542 ἐμπεσὼν
603 473 704 546 τὴν
735 474 1012 540 ὑπόθεσιν,
1043 475 1195 546 ἔλεγε
1213 494 1226 508 ο
1255 477 1394 547 Περὶ
1422 477 1490 532 δὲ
1515 478 1636 532 τῶν
1657 481 1875 548 παρθέ-

180 576 309 613 νων
335 560 630 630 ἐπιταγὴν
667 563 889 632 Κυρίου
909 566 1022 618 οὐκ
1049 565 1318 634 ἐχω.”οτι
1350 567 1448 635 μὲν
1489 565 1584 622 οὖν
1613 567 1748 640 πρὸς
1773 568 1874 640 τὴν

183 646 309 721 ῐσην
355 648 559 718 φθάσαι
601 653 845 726 κορυφὴν
888 653 984 706 καὶ
1011 653 1103 706 τὸν
1131 652 1383 724 βιωτικδν
1420 655 1637 728 ἀνάγκη
1665 655 1760 710 καὶ
1781 656 1874 710 τὸν

183 736 445 808 μοναχὸν,
473 740 568 794 καὶ
612 741 696 794 ὅτι
721 741 792 794 τά
832 742 972 796 αὐτά
1009 740 1272 814 λήψονται
1299 741 1592 816 τραύματα
1613 745 1874 811 πεσόντες

179 826 508 899 ἀμφότεροι,
544 828 668 883 οὐδὲ
693 829 786 888 τὸν
827 830 1032 903 σφόδρα
1059 829 1364 902 φιλόνεικον
1395 833 1489 886 καὶ
1517 831 1876 904 ἀναίσχυντον

177 909 340 986 οἶμαι
366 915 552 970 λοιπὸν
586 918 857 990 ἀντερεῖν.

257 1009 344 1056 ιε’.
399 1003 605 1058 Τούτου
633 1005 692 1059 δὲ
723 1005 1136 1079 ἀποδειχθέντος
1165 1008 1375 1079 σαφῶς,
1401 1009 1534 1081 φέρε
1556 1008 1622 1081 δὴ
1655 1009 1876 1064 κάκεῖνο

180 1089 560 1164 ἐξετάσωμεν,
603 1093 687 1158 τίς
725 1093 1212 1168 εὐκολώτερον’καὶ
1256 1099 1384 1170 ῥᾷον
1410 1099 1689 1152 πεσεῖται·
1717 1097 1750 1168 ἢ
1781 1101 1872 1154 ἐν·

175 1179 363 1234 ταῦθα
385 1181 507 1234 οὐδέ
547 1180 848 1250 ἐξετάσεως
892 1186 1023 1256 ἡμῖν
1060 1185 1161 1240 δεῖ.
1192 1184 1557 1257 Σωφροσύνην
1585 1186 1684 1256 μὲν
1709 1186 1819 1258 γὰρ
1845 1189 1890 1245 ὁ.

176 1271 421 1336 γυναῖκα
445 1270 585 1341 έχων
611 1273 950 1346 κατορθώσει
977 1273 1199 1346 ῥαδίως,
1231 1275 1329 1330 ἅτε
1357 1277 1558 1348 πολλῆς
1586 1275 1873 1330 ἀπολαύων

172 1356 281 1426 τῆς
307 1357 662 1430 παραμυθίας
681 1377 694 1389 ·
723 1362 781 1415 ἐν
807 1361 864 1415 δὲ
891 1365 1007 1425 τοῖς
1037 1361 1220 1427 ἄλλοις
1255 1364 1317 1416 οὐ
1354 1363 1562 1436 σφόδρα
1599 1364 1870 1435 φαίνεται,

174 1443 324 1516 πλὴν
365 1445 502 1500 ἀλλά
535 1447 818 1502 κάνταῦθα
850 1449 1072 1514 πλείους
1107 1449 1175 1506 ἂν
1222 1450 1428 1520 ἴδοιμεν
1464 1451 1574 1507 τῶν
1618 1468 1871 1524 γεγαμη-

173 1533 379 1598 κότων,
413 1535 448 1608 ἢ
492 1535 603 1592 τῶν
644 1538 896 1610 μοναχῶν
937 1539 1262 1606 πίπτοντας.
1289 1539 1428 1596 Οὐτε
1469 1539 1580 1612 γάρ
1627 1540 1874 1596 τοσοῦτοι

174 1623 318 1695 πρὸς
341 1623 434 1678 τὸν
457 1625 637 1696 γάμον
657 1626 767 1680 ἀπὸ
787 1625 899 1682 τῶν
927 1629 1307 1700 μοναστηρίων
1358 1628 1722 1692 ἐκϐαίνουσιν,
1758 1630 1873 1684 ὅσοι

168 1712 318 1784 -πρὸς
349 1713 556 1785 πόρνας
592 1715 702 1769 ἀπὺ
741 1717 841 1788 τῆς
871 1716 1038 1788 εὐνῆς
1077 1718 1396 1773 ἀνίστανται
1438 1717 1548 1772 τῶν
1573 1719 1868 1788 γυναικῶν.

173 1799 242 1853 Et
279 1799 338 1854 δέ
383 1801 520 1856 ὅπου
551 1801 754 1857 εὔκολα
797 1803 868 1858 τά
917 1803 1026 1860 τῶν
1062 1805 1453 1878 παλαισμάτων
1495 1809 1700 1876 αὐτοῖς,
1734 1808 1873 1880 μετά

175 1889 454 1962 τοσαύτης
491 1890 786 1946 πίπτουσιν
824 1893 1156 1966 ὑπερϐολῆς,
1189 1895 1243 1948 τί
1294 1896 1612 1966 ποιήσουσιν
1657 1897 1716 1950 ἐν
1758 1899 1874 1962 τοῖς

174 1976 360 2043 ἄλλοις
399 1978 653 2044 πάθεσιν,
695 1980 755 2035 ἐν
804 1975 888 2046 οἷς
934 1982 1136 2052 μᾶλλον
1172 1982 1517 2054 ἐνοχλοῦνται
1557 1984 1666 2038 τῶν
1708 2001 1874 2056 μονα-

179 2067 328 2136 χῶν;
376 2067 442 2121 Ἡ
475 2069 574 2138 μὲν
598 2068 707 2142 γάρ
749 2069 1020 2142 ἐπιθυμία
1063 2069 1279 2136 τούτοις
1331 2073 1690 2145 σφοδρότερον
1721 2072 1874 2126 ἐπει-

173 2173 288 2220 σιν,
313 2154 412 2209 ἅτε
439 2157 540 2227 τὴν
575 2157 712 2230 πρὸς
745 2161 1013 2227 γυναῖκας
1045 2161 1147 2214 οὐκ
1187 2161 1400 2232 ἔχουσιν
1428 2162 1677 2234 ὁμιλίανο
1716 2163 1788 2216 τὰ
1815 2163 1872 2217 δὲ

181 2245 316 2300 ἄλλα
353 2245 560 2300 τούτων
597 2247 697 2319 μὲν
726 2249 848 2303 οὐδέ
899 2251 1070 2321 ἐγγὺς
1098 2251 1357 2320 γενέσθαι
1383 2251 1586 2308 δύναιτ’
1613 2252 1703 2318 ἂν,
1729 2253 1873 2307 ἐκεί-

179 2351 304 2398 νους
328 2333 387 2388 δὲ
422 2335 564 2391 κατά
597 2335 799 2409 κράτος
829 2337 1046 2392 ἐλαύνει
1076 2341 1170 2394 καὶ
1213 2341 1308 2394 ἐπὶ
1353 2341 1596 2412 κεφαλὴν
1624 2341 1776 2396 ὠθεῖ.
1808 2342 1882 2407 Εί,

183 2421 236 2474 δὲ
263 2421 322 2474 ἐν
355 2416 436 2486 οἷς
472 2423 833 2496 σφοδρότερον
851 2439 878 2467 α
909 2428 936 2480 6
964 2428 1202 2500 πόλεμος
1233 2431 1376 2496 πνεῖ,
1415 2430 1617 2500 μᾶλλον
1659 2429 1768 2484 τῶν
1792 2432 1869 2504 μὴ

182 2507 337 2564 τοῦτο
381 2513 702 2583 πασχόντων
751 2515 1064 2588 κρατοῦσιν,
1123 2517 1348 2590 εὔδηλον
1389 2521 1472 2574 ὅτι
1515 2519 1695 2592 πολλῷ
1740 2523 1870 2592 ῥᾷον

181 2598 385 2654 τούτων
407 2602 466 2654 ἐν
493 2605 608 2665 τοῖς
639 2603 839 2674 ἄλλοις,
871 2607 930 2660 ἐν
971 2603 1054 2672 οἷς
1088 2609 1190 2662 οὐκ
1234 2608 1595 2680 ἐνοχλοῦνται,
1645 2611 1871 2684 στήσον-

181 2705 293 2744 ται.
323 2689 434 2742 Καὶ
467 2689 575 2764 γάρ
601 2689 752 2766 [104]
778 2696 1078 2766 χρημάτων
1109 2695 1272 2768 ἔρως,
1308 2697 1404 2752 καὶ
1438 2697 1652 2771 τρυφῆς
1679 2699 1870 2754 ἐπιθυ-

186 2776 284 2846 μία
311 2777 405 2831 καὶ
441 2777 764 2844 δυναστείας
791 2783 886 2834 καὶ
917 2782 1026 2838 τῶν
1056 2783 1232 2838 ἀλλων
1263 2783 1540 2851 ἁπάντων,
1571 2783 1872 2838 εὐκολώτε-

188 2882 279 2935 ρον
326 2866 432 2920 ὐπδ
477 2867 684 2922 τούτων
731 2869 764 2942 ἢ
815 2870 925 2926 τῶν
974 2871 1244 2943 βιωτικῶν
1292 2873 1554 2928 ἀνύεσθαι
1601 2873 1868 2944 πέφυκεν.

186 2954 398 3027 Ὥσπερ
429 2951 523 3012 οὖν
570 2959 630 3012 ἐν
665 2959 971 3030 παρατάξει
1009 2961 1104 3014 καὶ
1139 2961 1290 3036 μάχῃ
1320 2962 1481 3016 τοῦτο
1507 2960 1602 3017 τοῦ
1631 2962 1869 3032 πολέμου

183 3041 242 3096 τὸ
281 3043 448 3115 μέρος
481 3046 810 3117 κουφότερον
833 3043 974 3103 εἶναι
1003 3052 1272 3122 φήσομεν,
1295 3051 1394 3121 οὐχ
1419 3051 1538 3104 ὅθεν
1577 3051 1870 3122 ἐπάλληλοι

185 3131 280 3183 καὶ
321 3135 566 3203 συνεχεῖς
603 3133 894 3190 πίπτουσιν
930 3139 978 3191 οί
1017 3140 1224 3210 νεκροὶ,
1269 3139 1385 3194 ἀλλ’
1413 3139 1536 3194 ὅθεν
1563 3139 1736 3208 ὀλίγοι
1775 3139 1872 3194 καὶ

185 3219 424 3285 σπάνιοι,
451 3220 596 3276 οὕτω
624 3224 866 3297 καὶπερὶ
895 3227 1101 3282 τούτων
1120 3227 1454 3299 ψηφίζεσθαι
1476 3229 1604 3301 χρή.
1627 3230 1740 3282 Καὶ
1761 3227 1871 3301 γὰρ

186 3307 501 3376 πλεονεξίας
525 3315 625 3383 οὐχ
655 3313 684 3365 6
715 3315 1088 3386 στρεφόμενος
1117 3317 1174 3369 ἐν
1203 3316 1282 3389 τῷ
1323 3317 1497 3389 μέσῳ,
1539 3317 1654 3372 ἀλλ’
1681 3319 1709 3371 6
1737 3317 1872 3371 καθ-

185 3398 385 3467 ήμενος
405 3398 464 3452 ἐν
489 3403 603 3464 τοῖς
631 3400 815 3472 ὄρεσιν
843 3403 1209 3477 εὐκολώτερον
1241 3405 1525 3478 περιέσται
1545 3423 1559 3438 ο
1591 3405 1714 3460 ἐπεὶ
1736 3409 1874 3460 ἐκεῖ·

184 3486 276 3549 νός
307 3503 372 3555 γε
419 3487 514 3541 καὶ
545 3487 818 3546 ἁλώσεται
859 3493 1078 3564 ῥᾳδίως,
1115 3495 1395 3550 ἁλόνταδὲ
1418 3496 1700 3570 πλεονεξίᾳ
1734 3498 1874 3570 μετά

183 3575 294 3657 τῶν
323 3576 725 3650 εἰδωλολατρῶν
748 3581 1100 3654 ἀριθμεῖσθαι
1123 3585 1357 3657 ἀνάγκη.
1375 3587 1487 3641 Καὶ
1514 3585 1624 3640 τῶν
1657 3588 1872 3644 οἰκείων

183 3655 343 3728 οὗτος
387 3665 486 3736 μὲν
533 3668 632 3740 οὐχ
668 3669 956 3742 αἱρήσεται
1002 3671 1299 3746 ὑπεριδεῖν,
1327 3655 1398 3730 ἀν
1441 3674 1541 3750 ἔχῃ
1589 3677 1871 3750 χρήματα,

185 3752 304 3806 ἀλλ’
333 3754 569 3820 εὐκόλως
597 3757 782 3822 αὐτοῖς
811 3759 991 3814 πάντα
1015 3763 1340 3834 προήσεται,
1365 3765 1573 3830 ἐκεῖνος
1606 3765 1664 3819 δὲ
1701 3766 1762 3820 οὐ
1786 3784 1876 3820 πε-

187 3841 438 3928 ριόίμεται
469 3845 629 3916 μόνον
653 3847 871 3914 αὐτοὺς,
895 3850 1032 3904 ἀλλὰ
1061 3851 1154 3906 καὶ
1173 3853 1421 3926 ἀδικήσει
1445 3855 1554 3908 τῶν
1577 3855 1876 3928 ἀλλοτρίων

187 3931 287 4002 οὐχ
315 3925 477 4003 ἦττον
495 3949 510 3964 ο
543 3933 699 3990 τοῦτο
721 3936 777 3991 δὲ
797 3937 960 3993 πάλιν
983 3939 1172 4014 ’ἐτερος
1206 3925 1654 4016 εἰδωλολατρείας
1673 3925 1876 4016 τρόπος

185 4019 282 4072 τοῦ
307 4021 572 4093 προτέρου
604 4023 1004 4098 χαλεπώτερος.
1032 4029 1146 4084 Καὶ
1173 4031 1226 4084 τί
1249 4031 1332 4086 δεῖ
1351 4031 1420 4086 τὰ
1441 4031 1580 4086 ἄλλα
1599 4033 1776 4089 πάντα
1796 4032 1880 4086 λέ-

188 4125 330 4176 γειν,
373 4110 442 4164 τά
472 4113 586 4176 τοῖς
617 4114 910 4185 μονάζουσι
947 4117 1047 4188 μὲν
1080 4117 1212 4172 ὂντα
1247 4119 1719 4190 εὐκαταγώνιστα,
1749 4124 1878 4187 τοὺς

185 4196 248 4250 δὲ
283 4197 572 4269 βιωτικοὺς
608 4203 748 4274 μετά
777 4204 978 4277 πολλῆς
1012 4205 1425 4262 καταϐάλλοντα
1449 4208 1552 4280 τῆς
1581 4210 1879 4284 σφοδρότη-

185 4305 313 4353 τος;
348 4290 471 4355 Πῶς
507 4287 598 4346 οὖν
619 4293 680 4346 οὐ
701 4293 968 4359 δέδοικας,
993 4295 1114 4348 οὐδέ
1140 4296 1364 4368 τρέμεις
1391 4299 1486 4350 ἐπὶ
1513 4298 1702 4352 τοῦτον
1729 4301 1878 4370 ἄγων

186 4377 284 4431 τὸν
314 4377 507 4448 βίονι),
535 4380 658 4435 ὅθεν
709 4381 986 4454 ἁλώσιμος
1021 4384 1176 4439 ἔσται
1211 4387 1278 4457 τῇ
1312 4386 1482 4459 κακίᾳ
1533 4387 1776 4458 ταχέως;
1807 4390 1880 4444 Ἢ

192 4467 393 4540 μικρὸν
433 4463 574 4523 εἶναί
613 4487 695 4525 σοι
729 4471 880 4526 δοκεῖ
910 4471 1346 4547 είδωλολατρεία,
1377 4477 1472 4530 καὶ
1501 4475 1563 4530 τὸ
1602 4476 1712 4531 τῶν
1750 4478 1880 4532 ἀπί-

192 4572 336 4608 στων
382 4553 521 4612 εἶναι
551 4560 736 4632 χείρω,
765 4562 859 4615 καὶ
885 4561 948 4616 τὸ
970 4563 1065 4617 τοῦ
1085 4563 1222 4618 Θεοῦ
1246 4564 1346 4637 τὴν
1365 4563 1610 4620 δουλείαν
1650 4566 1738 4622 διὰ
1769 4568 1880 4622 τῶν

189 4643 370 4715 ἔργων
414 4647 764 4720 ἐξόμνυσθαι,
801 4650 943 4724 άπερ
967 4651 1184 4708 ἅπαντα
1210 4653 1490 4709 πείσονται
1514 4654 1882 4730 εὐκολώτερον

187 4731 303 4786 τῶν
327 4734 576 4806 μοναχῶν
605 4739 654 4791 οἱ
683 4737 761 4810 τῷ
795 4739 894 4811 βίῳ
927 4741 1376 4815 προσδεδεμένοι;
1426 4745 1590 4816 Ὁρᾷς
1629 4745 1712 4799 ὅτι
1750 4747 1884 4819 σκιῖθι⁴

187 4822 288 4891 ψις
320 4823 348 4876 6
381 4823 546 4894 φόϐος
583 4826 767 4896 ἐστίν;
799 4829 865 4882 Εἰ
897 4828 1006 4900 γὰρ
1033 4830 1332 4886 δεδοικέναι
1377 4834 1568 4906 ἐχρῆν,
1599 4835 1698 4906 οὐχ
1739 4835 1884 4908 ὑπὲρ

187 4909 303 4964 τῶν
342 4912 411 4966 τά
449 4913 716 4970 κλυδώνια
757 4917 1086 4987 φευγόντων,
1117 4919 1238 4972 οὐδέ
1263 4920 1405 4992 ὑπὲρ
1428 4920 1535 4976 τῶν
1555 4923 1650 4976 ἐπὶ¹
1679 4922 1772 4978 τὸν
1801 4924 1883 4978 λι-

192 4999 335 5070 μένα
379 5003 720 5060 σπευδόντων
739 5016 786 5071 α,
833 5005 950 5059 ἀλλ’
975 5007 1113 5085 ὐπέρ
1153 5007 1264 5062 τῶν
1308 5009 1368 5063 ἐν
1414 5009 1646 5080 χειμῶνι
1679 5012 1774 5064 καὶ
1817 5015 1884 5085 τῇ

193 5090 338 5162 ζάλῃ
369 5091 870 5166 κλυδωνιζομένων.
903 5083 1216 5167 Ταχύτερον
1252 5096 1364 5168 γὰρ
1408 5097 1620 5152 ἐκεῖθεν
1653 5097 1722 5152 τὰ
1753 5083 1886 5154 ναυξ

192 5181 355 5250 ἅγια,
385 5181 464 5254 τῷ
496 5184 592 5237 καὶ
621 5184 843 5238 πλείονα
868 5179 1009 5239 εῖναι
1040 5185 1110 5240 τά
1136 5184 1482 5256 ἐνοχλοῦντα,
1516 5188 1612 5242 καὶ
1645 5185 1887 5262 ῥᾳθυμο-

187 5271 390 5344 τέρους
431 5273 557 5339 τοὺς
605 5275 744 5346 πρὸς
766 5274 941 5340 ταῦτα
967 5275 1260 5347 στήσεσθαι
1291 5275 1603 5346 μέλλοντας.
1621 5279 1888 5334 Ἐνταῦθα

187 5357 251 5411 δὲ
303 5359 429 5414 οὐτε
461 5361 703 5416 τοσαῦτα
736 5363 806 5418 τά
831 5361 1073 5434 κύματα,
1120 5363 1214 5417 καὶ
1253 5361 1422 5434 πολλὴ
1457 5363 1491 5434 ή
1525 5363 1763 5436 γαλήνη,
1793 5367 1887 5420 καὶ

187 5449 228 5520 ἡ
270 5448 479 5520 σπουδὴ
527 5449 728 5520 μείζων
757 5451 867 5504 τῶν
912 5451 1050 5522 πρὸς
1096 5450 1272 5505 ταῦτα
1323 5451 1745 5524 μαχησομένων.
1787 5454 1886 5509 Διά

185 5535 356 5590 τοῦτο
393 5539 486 5592 καὶ
519 5541 682 5609 ἡμεῖς
717 5540 810 5592 ἐπὶ
834 5541 935 5610 τὴν
963 5540 1170 5612 ἔρημον
1196 5540 1448 5612 ἕλκομεν,
1479 5541 1577 5612 οὐχ
1619 5541 1707 5595 ἵνα
1750 5543 1888 5597 σάκ-

189 5640 294 5678 κον
324 5625 513 5690 ἁπλῶς
560 5625 985 5698 περιϐάλωνται,
1031 5627 1154 5682 οὐδέ
1203 5627 1294 5682 ἵνα
1333 5625 1490 5682 κλοιά
1525 5627 1879 5700 περιθῶνται,

236 5765 286 5840 ’⁸
443 5769 774 5840 σφοδρότερος,
799 5772 958 5820 minus
978 5772 1251 5822 commode.
1279 5771 1406 5824 Infra
1425 5770 1510 5822 alii
1531 5778 1706 5838 τροφῆς
1731 5774 1887 5823 ἐπιθυ-

191 5831 304 5894 vi?»
330 5831 424 5894 διίὶ
445 5831 639 5894 τρυφῆς-

257 5891 290 5933 b
315 5891 602 5958 ᾼηὼτὸξῇιε
622 5895 834 5958 ίῖαωυιὸ.
863 5895 987 5958 legit
1007 5897 1124 5945 υἱόν.

262 5958 285 5985 ε
320 5955 454 6023 Haec,
475 5956 586 6006 οὐδέ
631 5957 750 6020 ὐπέρ
772 5959 867 6007 τῶν
893 5955 969 6009 ἐπὶ
993 5959 1072 6008 τὸν
1095 5959 1262 6023 λιμένα
1287 5958 1610 6022 σπευδόντων,
1629 5959 1812 6012 desunt
1835 5962 1884 6014 tn

194 6014 380 6068 ωσι-ει.
403 6024 608 6069 tantum.

992 359 1363 418 ADVERSUS
1403 361 1882 419 OPPUGNATORI

2059 365 2192 422 ITAS
2233 368 2536 427 MONAST.
2575 370 2704 428 LIB.
2747 371 2835 426 ΙΙΙ.
3565 376 3666 431 376

1985 481 2092 534 οὐδ’
2115 483 2202 536 ἵνα
2225 485 2417 538 σποδὸν
2450 486 2988 560 ὐποστορέσωνταιά,
3016 489 3132 544 ἀλλ’
3169 491 3258 545 ῖνα
3299 487 3405 562 πρὸ
3441 493 3547 545 τῶν
3574 492 3672 544 άλ-

1983 567 2090 625 λων
2131 571 2387 627 ἁπάντων
2421 575 2634 644 φύγωσι
2675 576 2774 647 μὲν
2805 576 3028 643 κακίαν,
3065 579 3293 633 ἕλωνται
3343 577 3402 631 δέ
3441 577 3666 650 ἀρετήν.

1983 657 2050 710 Τί
2095 655 2222 726 οὗνς
2269 663 2317 715 οῖ
2372 663 2772 734 γεγαμηκότες,
2822 665 3010 736 φησὶν,
3055 665 3384 720 ἀπολοῦνται
3429 665 3664 730 πάντεςς

1983 747 2057 801 Οὐ
2106 749 2265 802 τοῦτο
2303 749 2468 818 λέγω,
2500 750 2616 805 ἀλλ’
2645 752 2728 804 ὅτι
2773 751 3036 823 μειζόνων
3059 752 3344 824 δεήσονται
3367 753 3568 820 πόνων,
3621 756 3670 808 εί

1986 835 2229 906 μέλλοιεν
2278 836 2566 903 σώζεσθαι,
2602 839 2692 894 διὰ
2737 839 2837 911 τὴν
2882 841 3188 896 ἐνεστῶσαν
3240 843 3519 914 ἀνάγκην·
3573 841 3668 896 τοῦ

1983 923 2092 995 γὰρ
2142 924 2427 996 δεδεμένου
2475 928 2678 998 μᾶλλον
2709 930 2738 982 ὁ
2777 927 3072 999 λελυμένος
3117 930 3425 1000 δραμεῖται.
3457 929 3670 984 οὐκοῦν

1983 1013 2078 1066 καὶ
2101 1013 2322 1069 πλείονα
2349 1015 2462 1083 ἕξει
2483 1017 2576 1071 τὸν
2604 1015 2817 1088 μισθὸν,
2839 1016 2936 1070 καὶ
2955 1015 3373 1090 λαμπροτέρους
3393 1020 3518 1084 τοὺς
3548 1036 3672 1072 στε·

1983 1099 2219 1170 φάνους;
2264 1103 2565 1176 Οὐδαμῶς·
2609 1105 2788 1178 ἐαυτῴ
2826 1105 2938 1176 γὰρ
2983 1106 3190 1176 ταύτην
3229 1107 3542 1179 περιτίθησι
3569 1107 3670 1178 τὴν

1982 1189 2252 1261 ἀνάγκην,
2288 1191 2406 1260 ἐξὸν
2439 1193 2514 1264 μὴ
2543 1193 3064 1267 περιθεῖναι.”Ωστε,
3101 1195 3290 1267 ἐπειδὴ
3322 1195 3510 1264 σαφῶς
3535 1196 3671 1266 ἡμῖν

1983 1277 2358 1333 ἀποδέδεικται
2381 1280 2464 1333 ὅτι
2493 1281 2604 1334 τῶν
2635 1279 2816 1334 αὐτῶν
2849 1284 3018 1352 ἐσμεν
3045 1281 3336 1336 ὑπεύθυνοι
3363 1284 3476 1346 τοῖς
3501 1299 3670 1353 μονα-

1983 1365 2120 1434 χοῖς,
2166 1366 2261 1419 ἐπὶ
2306 1367 2407 1436 τὴν
2444 1367 2822 1438 εὐκολωτέραν
2865 1367 3152 1440 τρέχωμεν
3199 1367 3338 1432 ὁδὸν,
3395 1368 3490 1420 καὶ
3544 1368 3672 1430 τοὺς
3777 1379 3797 1394 ⁴

1983 1451 2133 1516 υἱοὺς
2169 1453 2262 1507 ἐπὶ
2299 1453 2504 1524 ταύτην
2543 1454 2816 1526 ἕλκωμεν,
2855 1455 2994 1512 ἀλλά
3041 1455 3116 1528 μὴ
3163 1457 3670 1526 καταποντίζωμεν,

1987 1545 2122 1617 μηδὲ
2172 1547 2252 1608 είς
2294 1545 2364 1600 τά
2405 1546 2506 1617 τῆς
2536 1548 2737 1611 κακίας
2795 1547 3046 1618 ’έλκωμεν
3093 1547 3365 1622 βάραθρα,
3417 1546 3670 1618 καθάπερ

1983 1631 2170 1704 ἐχθροὶ
2223 1633 2319 1688 καὶ
2371 1634 2638 1706 πολέμιοι.
2675 1635 2860 1689 Ταῦτα
2921 1636 3029 1707 γὰρ
3073 1639 3122 1690 εί
3175 1637 3274 1708 μὲν
3325 1635 3477 1690 ἄλλοι
3525 1634 3674 1698 τινὲς

1983 1719 2219 1784 ἐποίουν,
2254 1721 2356 1774 οὐκ
2384 1717 2454 1793 ἦν
2485 1720 2628 1776 οὕτω
2661 1721 2863 1776 δεινόν·
2896 1723 3026 1776 ὅταν
3071 1723 3130 1776 δὲ
3173 1725 3222 1776 οί
3255 1721 3670 1794 γεγεννηκότες,

1982 1811 2031 1862 οἱ
2053 1809 2164 1863 τῶν
2189 1809 2460 1880 βιωτικῶν
2479 1812 2676 1881 πεῖραν
2691 1811 2976 1883 εἰληφότες
3001 1811 3240 1876 πάντων,
3262 1813 3313 1864 οἱ
3335 1809 3422 1865 διὰ
3447 1809 3556 1864 τῶν
3581 1808 3672 1878 ἐρ-

1981 1913 2096 1966 γων
2125 1897 2391 1968 μαθόντες
2425 1897 2606 1952 αὐτῶν
2627 1899 2709 1952 ὅτι
2737 1898 2924 1970 ψυχρά
2943 1897 3050 1952 τῶν
3075 1899 3360 1970 παρόντων
3403 1896 3670 1969 πραγμάη

1981 2003 2092 2039 των
2121 1988 2156 2057 ή
2190 1984 2370 2057 ἡδονὴ,
2391 1984 2534 2040 οὕτω
2567 1985 2886 2056 μαίνωνται,
2914 1986 2990 2046 ώς
3021 1985 3246 2058 ἐτέρους
3270 1985 3364 2039 ἐπὶ
3387 1984 3564 2039 ταῦτα
3591 1983 3673 2038 ἐλ-

1982 2090 2122 2137 κειν,
2153 2072 2345 2144 ἐπειδὴ
2371 2072 2556 2126 λοιπὸν
2579 2073 2684 2126 ὐπὸ
2716 2073 2816 2144 τῆς
2837 2073 3054 2144 ἡλικίας
3097 2074 3251 2126 αὐτοὶ
3298 2071 3634 2126 κεκώλυνται
3657 2089 3680 2103 ’-

1983 2159 2138 2233 [105]
2183 2160 2278 2215 καὶ
2304 2160 2422 2214 δέον
2449 2161 2680 2224 ἑαυτοὺς
2713 2160 2807 2213 ἐπὶ
2849 2162 2964 2224 τοῖς
3008 2160 3294 2232 προτέροις
3339 2159 3672 2226 ταλανίζειν,

1981 2251 2030 2303 of.
2067 2249 2125 2302 δέ
2155 2251 2252 2304 καὶ
2281 2250 2504 2320 ἐτέρους
2535 2247 2886 2320 ἐμϐάλλουσι,
2917 2249 3018 2302 καῖ’
3041 2248 3216 2302 ταῦτα
3249 2247 3418 2317 ἐγγὺς
3438 2248 3678 2312 ἑστῶτες

1981 2335 2164 2390 λοιπὸν
2197 2337 2296 2408 τῆς
2318 2335 2597 2407 τελευτῆς,
2616 2337 2712 2390 καὶ
2731 2334 2825 2390 τοῦ
2851 2334 3227 2408 δικαστηρίου,
3257 2337 3354 2390 καὶ
3375 2335 3484 2389 τῶν
3515 2335 3677 2388 εὐθυ-

1981 2425 2089 2478 νῶν
2123 2425 2370 2490 ἐκείνων,
2407 2426 2536 2478 ποία
2579 2425 2764 2488 αὐτοῖς
2809 2423 3076 2494 ἀπολογία
3123 2423 3494 2495 λελείψεταιο,
3545 2425 3676 2478 ποία

1983 2511 2306 2585 συγγνώμη,
2344 2515 2498 2578 ποῖος
2525 2511 2704 2579 ἔλεος;
2740 2514 2814 2568 Οὐ
2859 2513 2968 2586 γὰρ
3015 2513 3076 2585 δὴ
3123 2513 3284 2585 μόνον
3313 2512 3426 2567 τῶν
3455 2513 3674 2567 οἰκείων

1979 2601 2396 2674 ἁμαρτημάτων
2435 2600 2667 2654 δώσουσι
2699 2600 2876 2672 δίκην,
2901 2601 3038 2656 ἀλλὰ
3073 2601 3169 2656 καὶ
3207 2600 3319 2654 τῶν
3359 2604 3474 2664 τοῖς
3513 2599 3676 2653 παισὶ

1981 2690 2421 2762 τετολμημένων,
2445 2690 2510 2744 ἄν
2531 2707 2590 2744 τε
2615 2689 2885 2762 δυνηθῶσι
2908 2691 3035 2754 τοὺς
3053 2691 3202 2754 υίούς
3241 2688 3260 2728 τ
3289 2688 3679 2756 ὐποσκελίσαι,

1982 2776 2046 2832 ἄν
2070 2795 2129 2831 τε
2159 2779 2258 2849 μή.

2055 2869 2134 2934 κῖ
2134 2867 2336 2922 ’.Ἀλλά
2351 2868 2546 2931 παῖδας
2559 2868 2688 2932 ῑσως
2703 2866 2859 2920 ἐπιθυ
2869 2868 3019 2938 μεῖτε
3034 2865 3238 2920 παίδων
3254 2864 3518 2920 ίδεῖν.Καὶ
3531 2863 3648 2927 πῶς
3659 2905 3672 2926 ,

1980 2955 2134 3010 οὔπω
2171 2957 2453 3029 γενόμενοι
2477 2957 2713 3029 πατέρες
2739 2955 2928 3021 αὐτοί;
2965 2953 3040 3008 Οὐ
3085 2953 3195 3026 γὰρ
3219 2953 3283 3025 δὴ
3323 2954 3383 3007 τὸ
3413 2953 3673 3023 γεννῆσαι

1982 3045 2196 3116 πατέρα
2231 3047 2401 3098 ποιεῖ·
2436 3045 2530 3099 καὶ
2562 3044 2720 3098 τοῦτο
2757 3042 2913 3097 αὐτοὶ
2937 3044 2986 3096 οἱ
3018 3041 3410 3112 γεγεννηκότες
3444 3056 3674 3110 συνομο-

1980 3135 2272 3206 λογήσαιεν
2304 3133 2391 3196 ὃν,
2429 3132 2478 3186 οἳ
2512 3133 2642 3195 τοὺς
2672 3132 2808 3193 υἱεῖς
2831 3131 2960 3184 ὅταν
2987 3129 3173 3206 ίδωσιν
3203 3131 3284 3192 είς
3313 3128 3542 3198 ἔσχατον
3579 3145 3676 3182 κα-

1981 3225 2107 3288 κίας
2157 3223 2501 3287 ἐλαύνοντας,
2533 3221 2609 3285 ὡς
2637 3221 2738 3275 οὐκ
2772 3221 2932 3284 ὄντας
2985 3200 3164 3272 αὐτῶν
3206 3219 3530 3273 ἐκϐάλλουσι
3578 3219 3674 3273 καὶ

1981 3312 2430 3384 ἀπαλλοτριοῦσι,
2481 3311 2578 3384 καὶ
2623 3309 2746 3364 οὐτε
2793 3307 2990 3379 φύσις,
3044 3307 3168 3362 οὐτε
3215 3305 3500 3376 γέννησις,
3546 3305 3672 3360 οὐτε

1982 3401 2112 3457 ἄλλο
2148 3401 2256 3455 τῶν
2293 3381 2552 3455 τοιούτων
2591 3398 2744 3453 οὐδὲν
2785 3399 3082 3468 κατασχεῖν
3116 3396 3317 3459 αὐτοὺς
3355 3395 3558 3448 δύναιτ’
3585 3395 3672 3449 ἀν.

1981 3490 2074 3564 Μὴ
2107 3489 2288 3545 τοίνυν
2323 3489 2462 3560 μηδὲ
2491 3487 2728 3560 πατέρες
2757 3485 3132 3552 ἀξιούσθωσαν
3165 3480 3306 3539 εῖναι
3338 3484 3389 3536 οἱ
3419 3482 3673 3547 τοιοῦτοι,

1983 3572 2059 3635 ὧν
2095 3579 2230 3633 πολύ
2265 3579 2408 3634 κατὰ
2433 3578 2528 3632 τὸν
2548 3577 2651 3648 τῆς
2678 3575 3000 3647 φιλοσοφίας
3021 3574 3298 3628 λείπονται
3333 3573 3490 3642 λόγον
3512 3589 3526 3603 ·
3561 3572 3674 3626 ἀλλ’

1985 3668 2206 3722 ἐπειδάν
2243 3667 2444 3731 αὐτοὺς
2473 3666 2665 3721 τοῦτον
2693 3665 2786 3720 τὸν
2828 3665 3031 3738 τρόπον
3059 3664 3386 3736 γεννήσωσι,
3427 3661 3551 3716 τότε
3584 3663 3679 3714 καὶ

1984 3757 2111 3822 τούς
2149 3756 2409 3825 ἐκγόνους
2439 3753 2806 3826 ζητείτωσαν·
2844 3753 2968 3806 τότε
3015 3751 3125 3824 γὰρ
3171 3751 3371 3814 αὐτοὺς
3401 3750 3496 3802 καὶ
3546 3748 3678 3801 ἰδεῖν

1983 3843 2302 3917 δυνήσονται
2351 3843 2532 3915 μόνον.
2563 3841 2684 3896 Εἰσὶ
2727 3841 2835 3912 γὰρ
2877 3840 3061 3904 αὐτοῖς
3104 3838 3315 3903 παῖδες,
3366 3836 3526 3898 εἰσὶν,
3563 3838 3677 3890 οὐκ

1984 3932 2054 3997 ἐξ
2084 3931 2369 4003 αἱμάτων,
2397 3931 2541 3986 οὐδὲ
2571 3931 2642 3985 ἐκ
2667 3929 3004 3999 θελήματος
3043 3927 3292 3996 σαρκὸς,
3317 3923 3462 3979 οὐδέ
3487 3925 3557 3978 ἐκ
3586 3927 3679 3978 0s-

1986 4019 2256 4090 λήματος
2311 4019 2568 4088 άνδρὸς,
2609 4018 2749 4072 ἀλλ’
2795 4017 2865 4082 ἐξ
2923 4015 3091 4072 αὐτοῦ
3147 4013 3506 4086 γεννηθέντες
3569 4011 3678 4065 τοῦ

1989 4107 2161 4164 Θεοῦ.
2195 4100 2356 4161 Οὗτοι
2407 4107 2458 4159 οἱ
2503 4105 2692 4168 παῖδες
2743 4105 2841 4174 οὐχ
2891 4103 3034 4174 ὐπέρ
3083 4101 3383 4173 χρημάτων
3434 4099 3701 4166 ἀναγκάο-

1989 4195 2140 4260 ζουσι
2194 4193 2494 4250 κόπτεσθαι
2549 4193 2676 4256 τοὺς
2735 4192 2998 4263 πατέρας,
3027 4191 3128 4260 οὐχ
3157 4190 3298 4260 ὑπὲρ
3345 4187 3548 4257 γάμου,
3575 4187 3676 4256 οὐχ

1956 4283 2131 4354 ’ὑπὲρ
2183 4282 2345 4338 ἀλλου
2409 4281 2555 4345 τινὸς
2615 4280 2882 4342 τοιούτου,
2918 4276 3054 4332 ἀλλά
3096 4276 3278 4348 πάσης
3335 4275 3530 4338 αὐτοὺς
3575 4273 3677 4342 τῆς

1989 4371 2270 4444 φροντίδος
2310 4369 2521 4436 ἀτελεῖς
2553 4370 2808 4441 ἀφέντες,
2843 4368 2950 4423 τῶν
2981 4365 3226 4437 φυσικῶν
3264 4363 3517 4437 πατέρων
3557 4363 3680 4436 μεί-

1991 4461 2105 4526 ζονι
2145 4461 2476 4532 παρέχουσιν
2515 4460 2790 4532 ἐντρυφᾷν
2829 4457 3012 4529 ἡδονῇ.
3037 4455 3113 4511 υύ
3155 4454 3265 4527 γὰρ
3310 4453 3402 4508 ἐπὶ
3436 4457 3550 4518 τοῖς
3579 4453 3679 4507 αὐ-

1990 4553 2104 4614 τοῖς
2156 4549 2433 4603 τίκτονταί
2489 4567 2549 4602 τε
2607 4547 2701 4602 καὶ
2755 4546 3048 4618 τρέφονται
3073 4587 3088 4610 ,
3138 4540 3336 4616 οἷσπερ
3391 4542 3676 4607 κάκεῖνοι,

1992 4637 2106 4692 ἀλλ’
2139 4638 2234 4693 ἐπὶ
2267 4637 2450 4709 πολλῷ
2476 4635 2689 4708 μείζοσι
2720 4635 2813 4689 καὶ⁹
2840 4633 3245 4706 λαμπροτέροις
3266 4651 3278 4664 ·
3305 4631 3386 4685 διὸ
3419 4629 3516 4686 καὶ
3539 4629 3677 4701 μάλ-

1991 4729 2084 4786 λον
2105 4729 2232 4793 τοὺς
2254 4727 2656 4800 γεγεννηκότας
2701 4725 3072 4798 εὐφραίνουσι.
3132 4725 3319 4795 Χωρὶς
3363 4721 3422 4775 δὲ
3467 4722 3675 4774 τούτων

1993 4821 2215 4876 κάκεῖνο
2229 4819 2440 4890 εἴποιμι
2461 4817 2550 4883 ἂν,
2565 4819 2648 4871 ὅτι
2662 4817 2790 4879 τοὺς
2813 4815 2911 4886 μὲν
2927 4812 3347 4876 διαπιστοῦντας
3364 4813 3429 4883 τῇ
3445 4809 3681 4865 ἀναστά-

1996 4927 2080 4964 σει
2110 4909 2262 4963 οὐδέν
2289 4907 2516 4970 ἀπεικὸς
2550 4904 2693 4976 ὺπέρ
2724 4903 2928 4958 τούτων
2969 4902 3210 4975 θρηνεῖν,
3245 4901 3341 4956 ἆτε
3374 4899 3440 4970 δὴ
3472 4897 3678 4967 ταύτης

1999 5003 2168 5073 μόνης
2210 4995 2686 5067 καταλειπομένης
2731 4995 2832 5065 τῆς
2883 4991 3243 5064 παραμυθίας
3289 4989 3502 5052 αὐτοῖς’
3545 4987 3677 5042 οίδὲ

1994 5091 2086 5145 τὸν
2112 5089 2342 5144 θάνατον
2371 5085 2540 5139 ὐπνον
2567 5083 2884 5155 ἡγούμενοι,
2927 5085 3024 5137 καὶ
3050 5077 3433 5151 παιδευόμενοι
3457 5075 3568 5130 τῶν
3590 5077 3678 5128 ἐν-

1994 5177 2170 5233 ταῦθα
2201 5177 2418 5231 πάντων
2449 5175 2834 5243 καταφρονεῖν,
2857 5170 3004 5235 τίνος
3031 5170 3098 5226 ἂν
3125 5168 3317 5240 εἴημεν
3347 5163 3678 5235 συγγνώμης

1996 5267 2137 5332 ἄξιοι
2157 5263 2483 5337 θρηνοῦντες
2503 5261 2646 5334 ὑπὲρ
2672 5261 2902 5324 τούτων,
2927 5260 3024 5313 καὶ
3054 5257 3247 5320 παῖδας
3294 5252 3680 5322 ἐπιζητοῦντες

2001 5354 2127 5407 ἰδεῖν
2171 5353 2265 5406 καὶ
2288 5351 2608 5406 καταλιπεῖν
2629 5350 2840 5416 ἐνθάδε,
2865 5347 2988 5403 ὅθεν
3010 5344 3298 5416 ἀποπηδᾷν
3321 5339 3678 5412 ἐπειγόμεθα,

1999 5444 2092 5497 καὶ
2125 5442 2362 5504 ἐνταῦθα
2405 5442 2558 5508 ὅντες
2598 5441 2960 5512 στενάζομεν;
3013 5437 3127 5490 Καὶ
3168 5432 3343 5488 ταῦτα
3390 5432 3492 5504 μέν
3549 5433 3681 5505 ἡμῖν

1999 5533 2136 5605 πρὸς
2161 5533 2286 5596 τούς
2323 5531 2873 5604 πνευματικωτέρους
2915 5529 3151 5598 εἴρηται.
3178 5525 3242 5579 Εἰ
3293 5523 3348 5578 δέ
3395 5539 3541 5588 τινες
3572 5519 3684 5576 εἷεν

1999 5621 2389 5692 φιλοσώματοι,
2415 5623 2510 5676 καὶ
2533 5620 2738 5692 σφόδρα
2757 5617 2835 5690 τῷ
2860 5615 3088 5688 παρόντι
3119 5611 3534 5685 προσηλωμένοι
3560 5610 3680 5684 βίῳ,

2063 5841 2091 5881 ἀ
2117 5841 2246 5900 Ηωε,
2269 5842 2368 5891 οὐδ’
2401 5842 2478 5889 ἵνα
2521 5838 2699 5888 σποδὸν
2737 5833 3177 5900 ὐποστορέσωνται,
3223 5833 3408 5882 desunt
3431 5831 3478 5878 in
3505 5824 3678 5877 Morel.

2001 5907 2206 5954 tantum.
2235 5899 2344 5953 Duo
2363 5916 2480 5952 mss.
2506 5899 2957 5962 περιστσρέσωνται.

2063 5970 2086 5997 ε
2108 5966 2192 6015 Sic
2211 5967 2346 6016 bene
2371 5965 2510 6013 editi.
2538 5953 2718 6012 Mount:
2733 5967 2788 6010 et
2809 5960 2908 6010 duo
2932 5971 3048 6009 mss.
3070 5958 3310 6021 λείψεται.
3320 5953 3462 6021 lim-1:.

2063 6028 2080 6068 ί
2106 6013 2238 6086 Τούξ
2270 6013 2413 6084 υἱούς.
2443 6025 2526 6076 Sic
2565 6025 2718 6078 Savii.
2744 6029 2798 6075 et
2815 6023 2912 6074 duo
2938 6035 3078 6084 mss.,
3100 6013 3272 6076 αὐτούς
3294 6013 3463 6066 Morel.
