4032 6424
328 363 438 421 377

323 481 503 536 ἐκεῖνο
521 479 587 534 ἂν
618 476 829 547 εἴποιμι
848 476 983 548 πρδς
1004 474 1221 539 αὐτοὺς,
1253 475 1339 530 ὅτι
1370 475 1586 548 πρῶτον
1612 476 1830 548 ἄδηλον,
1852 479 1902 531 εἰ
1918 476 2011 530 καὶ

324 567 512 632 παῖδες
533 566 752 637 ἕψονται
786 564 865 636 τῷ
911 564 1078 635 γάμῳ
1109 562 1331 627 πάντως
1351 579 1363 592 ·
1388 562 1661 634 δεύτερον,
1690 564 1771 618 ὅτι
1795 565 1890 617 καὶ
1915 580 2011 633 γε-

321 655 567 728 νομένων
594 654 796 725 μείξων
816 654 852 725 η
869 651 1104 723 ἀθυμία·
1137 652 1199 705 οὐ
1215 652 1325 723 γὰρ
1349 651 1621 723 τοσαύτην
1648 651 2011 724 καρπούμεθα

323 741 687 814 εὐφροσύνην,
712 742 845 814 ὅσην
856 739 1036 811 λύπην
1059 739 1169 793 ἀπὸ
1193 741 1295 810 τῆς
1326 739 1707 811 καθημερινῆς
1734 740 2010 812 φροντίδος

323 828 548 900 καὶτῆς
587 828 828 897 ἀγωνίας
857 826 1087 882 καὶτῶν
1140 825 1325 896 φόϐων
1368 826 1478 881 τῶν
1521 826 1591 880 δι’
1622 826 1843 891 αὐτούς.
1902 828 2011 882 Kal

320 917 429 970 τίνι
451 959 466 981 ,
519 918 689 988 φησὶ,
727 914 1125 986 καταλείψομεν
1162 916 1291 979 τοὺς
1331 915 1537 987 ἀγροὺς
1576 915 1799 978 καὶτὰς
1832 916 2011 980 οἰκίας

319 1005 415 1057 καὶ
456 1004 525 1058 τά
564 1003 874 1075 ἀνδράποδα
904 1002 1000 1056 καὶ
1049 1002 1112 1056 τὸ
1146 1002 1370 1073 χρυσίον
1391 1020 1405 1068 ;
1430 1004 1526 1056 καὶ
1550 1002 1659 1073 γὰρ
1710 1002 1805 1056 καὶ
1837 1002 2012 1056 ταῦτα

319 1091 506 1143 ἀκούω
524 1090 865 1162 θρηνούντων
899 1089 1102 1144 αὐτῶν.
1136 1090 1227 1161 Τῷ
1256 1089 1354 1143 καὶ
1384 1089 1491 1162 πρὸ
1517 1088 1725 1143 τούτων
1759 1088 2011 1160 μέλλοντι

318 1178 756 1250 κληρονομήσειν
785 1177 928 1231 αὐτά
946 1218 961 1241 ,
991 1177 1089 1231 καὶ
1120 1177 1363 1248 τοσούτῳ
1393 1176 1595 1249 μᾶλλον
1619 1175 1718 1231 νῦν
1742 1176 1776 1248 ἢ
1812 1177 2010 1248 πρότε-

323 1283 437 1336 ρον,
471 1266 585 1337 ὅσῳ
632 1266 729 1320 καὶ
775 1264 949 1335 φύλαξ
1002 1266 1098 1320 καὶ
1140 1264 1334 1337 κύριος
1375 1265 1783 1337 ἀσφαλέστερος
1830 1264 2010 1321 αὐτῶν

319 1354 475 1409 ἔσται
499 1354 614 1410 νῦν.
645 1356 778 1409 Τότε
804 1355 905 1426 μὲν
928 1355 1040 1426 γάρ
1077 1353 1251 1408 πολλά
1272 1350 1340 1426 ἦν
1362 1354 1547 1419 αὐτοῖς
1576 1354 1643 1408 τά
1672 1353 1997 1425 λυμαινόμε-

319 1463 387 1499 να
407 1463 421 1477 ·
448 1446 544 1500 καὶ
570 1446 679 1518 γάρ
707 1448 888 1517 σῆτες,
920 1446 1014 1500 καὶ
1039 1446 1232 1516 χρόνος
1265 1445 1498 1516 μακρὸς,
1530 1446 1625 1498 καὶ
1650 1444 1879 1518 λῃσταὶ,
1912 1445 2009 1500 καὶ

322 1535 679 1606 συκοφάνται,
709 1536 803 1588 καὶ
837 1533 1132 1605 βάσκανοι,
1168 1532 1355 1586 καὶτὸ
1388 1532 1484 1586 τοῦ
1540 1532 1829 1603 μέλλοντος
1871 1532 2007 1605 ἀδη-

319 1623 445 1688 λον,
487 1623 583 1677 καὶ
625 1622 686 1676 τὸ
714 1621 821 1675 τῶν
865 1620 1171 1693 ἀνθρώπων
1208 1632 1235 1662 α
1262 1619 1695 1691 εὐμετάϐλητον,
1722 1619 1817 1672 καὶ
1855 1619 2009 1684 τέλος

318 1712 348 1762 6
377 1710 626 1778 θάνατος,
658 1710 753 1762 καὶ
790 1707 900 1763 τῶν
928 1708 1253 1780 χρημάτων,
1286 1708 1382 1761 καὶ
1415 1706 1524 1761 τῶν
1551 1706 1848 1778 κτημάτων
1883 1706 2009 1761 τού-

316 1815 427 1851 των
454 1797 829 1868 ἀπεστέρησεν
859 1795 926 1850 ἂν
962 1797 1054 1849 τὸν
1090 1795 1237 1848 υέόνο
1275 1793 1397 1849 νυνὶ
1436 1793 1496 1847 δέ
1539 1792 1757 1847 πάντων
1800 1793 2007 1849 τούτων

314 1885 577 1958 ἀνωτέρω
610 1885 699 1939 τὸν
727 1883 957 1938 πλοῦτον
1003 1882 1260 1947 ἀπέθετο,
1291 1881 1458 1936 τόπον
1484 1881 1637 1955 [106]
1679 1880 1858 1955 εὑρὼν
1880 1882 2009 1937 ἀσυσ-

315 1972 441 2039 λον,
479 1972 575 2027 καὶ
602 1968 662 2027 οὗ
689 1973 880 2044 μηδενὶ
915 1970 1025 2025 τῶν
1051 1970 1361 2043 εἰρημένων
1384 1970 1643 2042 ἐπιϐῆναι
1672 1970 1851 2041 θέμις.
1884 1971 2009 2023 Τοι-

314 2058 619 2135 οῦτονθγάρ
652 2060 850 2132 χωρίον
888 2060 916 2113 6
944 2059 1194 2131 οὐρανὸς,
1236 2059 1387 2132 πάσῃ
1423 2058 1522 2129 μὲν
1561 2057 1762 2123 ἄϐατος
1787 2055 1863 2111 ῶν
1893 2058 2008 2111 ἐπι-

318 2148 505 2221 ϐουλῇ,
543 2148 723 2220 πάσης
752 2150 809 2201 δέ
833 2147 1209 2220 εὐφορώτερος
1229 2150 1353 2219 γῆς,
1382 2147 1476 2202 καὶ
1498 2146 1638 2218 μετά
1676 2146 1878 2218 πολλῆς
1905 2147 2005 2217 τῆς

315 2237 579 2306 ἀφθονίας
606 2237 715 2291 τῶν
739 2238 799 2291 ἐν
825 2235 973 2308 αὐτῷ
994 2236 1263 2290 τεθέντων
1282 2253 1387 2308 χρη
1398 2235 1584 2306 μάτων
1617 2235 1875 2306 παρέχων
1891 2237 2007 2298 τοῖς

316 2325 861 2397 παρακαταθεμένοις
909 2325 1154 2397 ἀμᾶσθαι
1188 2327 1315 2389 τοὺς
1361 2324 1631 2397 καρπούς.
1668 2324 1835 2378 Ὥστε
1882 2322 2005 2394 οὐχὶ

316 2414 413 2470 νῦν
427 2415 600 2468 ταῦτα
627 2415 736 2469 ἔδει
762 2416 792 2457 1)
818 2415 1020 2484 λέγειν,
1047 2415 1161 2471 ἀλλ’
1184 2417 1234 2469 εί
1257 2414 1509 2486 βιωτικδν
1530 2414 1756 2487 ἔμελλεν
1783 2413 2006 2468 ἔσεσθαι

314 2505 377 2558 τὸ
413 2504 646 2571 παιδίον,
682 2505 806 2560 τότε
860 2506 1104 2578 θρηνεῖν,
1156 2506 1251 2560 καὶ
1283 2505 1456 2560 ταῦτα
1485 2504 1855 2576 φθέγγεσθαν
1884 2503 2005 2557 Τίνι

313 2592 443 2656 τοὺς
472 2592 675 2664 ἀγροὺς
694 2592 1133 2664 καταλείπωμεν,
1150 2592 1256 2647 τίνι
1289 2592 1351 2646 τὸ
1367 2592 1731 2664 χρυσίον,τίνι
1752 2590 1821 2645 τὰ
1839 2589 2004 2644 λοιπὰ

316 2682 608 2754 χρήματας

401 2769 516 2823 Νῦν
575 2770 686 2840 γὰρ
745 2772 983 2842 τοσαύτη
1042 2770 1144 2839 τῆς
1200 2770 1526 2842 κυριότητος
1579 2770 1614 2840 ἡ
1670 2764 2001 2839 περιουσία,

314 2859 393 2923 ὡς
442 2861 579 2931 μηδὲ
615 2860 755 2931 μετά
800 2860 899 2931 τὴν
932 2859 1182 2914 ἐντεῦθεν
1230 2859 1540 2930 ἀποδημίαν
1584 2858 1870 2912 ἐκπίπτειν
1903 2858 2004 2927 τῆς

315 2949 635 3013 δεσποτείας
654 2949 855 3013 αὐτῶν,
874 2949 1010 3003 ἀλλά
1034 2950 1154 3003 τότε
1174 2948 1408 3019 μάλιστα
1431 2947 1526 3002 τοῦ
1550 2948 1775 3020 κέρδους
1823 2946 2002 3002 αὐτῶν

316 3036 634 3102 ἀπολαύειν,
653 3039 780 3092 ὃταν
803 3038 1053 3095 ἐντεῦθεν
1085 3038 1430 3110 ἀπέλθωμεν.
1463 3039 1527 3092 Εἰ
1552 3038 1609 3091 δὲ
1632 3039 1725 3092 καὶ
1765 3038 2002 3093 ἐνταῦθα

321 3126 506 3196 βούλει
534 3127 725 3199 κύριον
753 3128 884 3182 ὄντα
917 3128 1066 3191 ἰδεῖν,
1098 3128 1194 3181 καὶ
1221 3126 1380 3181 τοῦτο
1403 3125 1482 3197 τῷ
1509 3125 1728 3197 μοναχῷ
1769 3126 1998 3197 μᾶλλον,

316 3216 351 3287 ἢ
385 3215 460 3286 τῷ
488 3215 729 3288 βιωτικῷ
753 3216 1050 3287 συμϐαῖνον
1087 3217 1184 3270 ἴδοι
1209 3232 1293 3279 τις
1317 3215 1402 3271 ἀν.
1436 3214 1533 3279 Τίς
1561 3215 1688 3286 γὰρ,
1721 3215 1842 3268 είπέ
1888 3233 2000 3284 μοι,

319 3305 689 3376 κυριώτερος;
719 3307 749 3358 6
779 3304 1034 3358 δαπανῶν
1075 3304 1170 3359 καὶ
1196 3303 1373 3367 διδοὺς
1402 3303 1541 3374 μετά
1560 3302 1745 3369 ἀδείας
1774 3302 1998 3374 πολλῆς,

313 3395 350 3465 ἦ
384 3397 413 3448 6
444 3395 577 3466 μηδέ
603 3394 845 3465 ἅψασθαι
875 3393 1088 3463 τολμῶν
1119 3384 1224 3447 ὐπῦ
1245 3393 1344 3464 τῆς
1375 3391 1681 3462 φειδωλίας,
1697 3391 1837 3448 ἀλλά
1870 3408 2004 3445 κατ-

318 3485 565 3557 ορύττων
617 3484 779 3550 αὐτὰ,
816 3485 913 3539 καὶ
953 3484 1030 3547 ὡς
1058 3484 1357 3556 ἀλλοτρίων
1383 3483 1724 3554 ἀπεχόμενος
1761 3482 1871 3537 τῶν
1905 3483 2003 3536 αὐ⁸

318 3574 445 3641 τοῦ;
491 3575 523 3628 6
556 3575 735 3646 μάτην
772 3572 1079 3627 ἀναλίσκων
1109 3573 1205 3626 καὶ
1234 3572 1381 3643 εἰκῆ,
1424 3571 1459 3643 ἢ
1485 3574 1514 3625 6
1562 3570 1793 3635 δεόντως
1844 3571 2003 3626 τοῦτο

318 3662 522 3730 ποιῶν;
545 3664 832 3734 ὁσπείρων
852 3661 951 3735 τὴν
982 3664 1109 3733 γῆν,
1138 3661 1172 3733 ἢ
1203 3663 1232 3715 6
1249 3660 1410 3714 τοῦτο
1430 3652 1885 3732 ἐργαζόμενοςίὲν
1912 3660 2004 3716 οὐ-

323 3751 506 3822 ρανῴ;
538 3753 568 3804 6
610 3751 684 3823 μὴ
732 3751 912 3806 πάντα
941 3748 1393 3821 συγχωρούμενος
1433 3747 1504 3802 τά
1544 3748 1741 3804 ἐαυτοῦ
1776 3748 1999 3816 διδόναι,

319 3834 399 3903 οἷς
425 3839 492 3893 ἂν
521 3839 720 3901 ἐθέλοι,
750 3840 784 3912 ἢ
818 3842 847 3894 6
880 3840 1098 3894 πάντων
1124 3837 1543 3909 ἀπηλλαγμένος
1573 3837 1681 3892 τῶν
1711 3837 2004 3892 ἀπαιτούν-

283 3971 297 3984 .
318 3944 430 3983 των
455 3927 554 3992 τὰς
578 3927 833 3992 τοιαύτας
866 3926 1260 3998 συνεισφοράς;
1290 3923 1630 3994 Γεωργοῦντι
1656 3925 1753 3997 μὲν
1781 3925 1892 3996 γὰρ
1907 3925 2004 3979 καὶ⁸

318 4015 835 4088 πραγματευομένῳ
874 4014 1058 4068 πολλοὶ
1094 4013 1431 4084 πανταχόθεν
1466 4013 1786 4082 ἐφίστανται
1813 4024 1836 4053 ο
1863 4053 1878 4078 ,
1912 4013 2003 4084 φό⁴

324 4120 452 4174 ρους
501 4103 903 4172 ἀναγκάζοντες
934 4100 1304 4165 κατατιθέναι,
1361 4099 1455 4154 καὶ
1495 4099 1556 4154 τὸ
1609 4100 1802 4155 ἐαυτού
1836 4100 2001 4173 μέρος

321 4192 555 4255 ἕκαστος
580 4190 969 4255 ἀπαιτοῦντεςο
1002 4189 1080 4261 τῷ
1112 4189 1169 4243 δὲ
1208 4190 1287 4254 εἰς
1332 4190 1461 4251 τοὺς
1506 4188 1794 4259 δεομένους
1821 4187 2004 4243 ἀναλί-

324 4296 475 4333 σκειν
527 4277 885 4349 ἐπιθυμοῦντι
938 4276 1114 4341 οὐδεὶς
1174 4275 1474 4347 οὐδαμόθεν
1528 4279 1777 4344 φανεῖται
1828 4270 2003 4329 ταῦτα

319 4365 589 4420 ἀπειλῶν*
623 4364 764 4419 ὥστε
794 4366 889 4419 καὶ
915 4363 1150 4418 ἐνταῦθα
1188 4364 1521 4435 κυριώτερος
1552 4354 1709 4428 οὗτός
1731 4365 1901 4418 ἐστιν.
1930 4364 2003 4416 Ἢ

320 4454 388 4507 ἂν
421 4453 520 4523 μὲν
550 4453 778 4524 πόρναις
803 4451 1073 4525 ἀναλίσκῃ
1103 4451 1195 4505 καὶ
1218 4450 1417 4522 γαστρὶ
1439 4449 1532 4503 καὶ
1555 4449 1876 4521 παρασίτοις
1909 4452 2004 4504 καὶ

320 4538 542 4605 κόλαξι,
579 4540 674 4592 καὶ
699 4536 1040 4610 καταισχύνῃ
1067 4537 1164 4607 τὴν
1204 4535 1400 4589 ἐαυτοῦ
1433 4534 1612 4602 δόξαν,
1638 4536 1731 4590 καὶ
1758 4536 2003 4612 ἀπολλύῃ

319 4627 423 4698 τὴν
462 4623 759 4696 σωτηρίαν,
793 4624 889 4678 καὶ
919 4622 1322 4691 καταγέλαστος
1347 4623 1585 4692 γίνηται,
1616 4622 1807 4694 κύριον
1838 4625 2003 4678 αὐτὸν

319 4711 460 4770 εἶναι
490 4713 597 4786 φῂς
636 4711 744 4765 τῶν
766 4712 1175 4782 δαπανωμένων
1194 4727 1208 4743 ο
1243 4710 1308 4765 ἂν
1336 4711 1393 4766 δὲ
1425 4713 1504 4775 εἰς
1518 4711 1674 4779 δόξαν
1695 4714 1795 4784 τὴν
1824 4713 2001 4784 ἀληθῆ

320 4803 417 4857 καὶ
448 4800 717 4871 ὠφέλειαν
757 4801 852 4854 καὶ
892 4799 955 4853 τὸ
975 4799 1055 4872 τῷ
1087 4798 1208 4870 Θεῷ
1247 4798 1439 4853 δοκοῦν
1471 4798 1611 4870 μετά
1640 4799 1840 4873 πολλῆς
1862 4801 2003 4856 αύτά

319 4891 536 4961 δαπανᾷ
566 4888 665 4959 τῆς
691 4888 979 4953 συνέσεως,
1007 4888 1224 4955 οὐκέτι;
1252 4888 1461 4943 Οὐκοῦν
1490 4890 1676 4960 ὅμοιον
1730 4893 1999 4962 ποιήσεις,

318 4977 508 5050 ῶσπερ
535 4977 603 5031 ἂν
634 4977 781 5039 εἰείς
815 4976 911 5047 μὲν
939 4976 1159 5047 ὀχετοὺς
1198 4975 1430 5048 ἀμαρῶν
1453 4977 1594 5049 ὁρῶν
1637 4995 1758 5032 τινα
1792 4979 1999 5049 ἐμϐάλ-

318 5064 482 5120 λοντα
527 5065 595 5117 τὰ
634 5063 850 5128 ἐαυτοῦ,
883 5061 1071 5134 κύριος
1110 5064 1215 5135 φῂς
1248 5059 1406 5126 εἶναι,
1439 5065 1519 5127 είς
1543 5063 1598 5117 δὲ
1624 5065 1813 5136 χρείας
1833 5066 2001 5135 ἀναγ-

317 5155 482 5218 καίας
510 5152 670 5207 τοῦτο
702 5152 981 5217 ποιοῦντα,
1018 5150 1095 5215 ὡς
1121 5153 1222 5204 οὐκ
1270 5151 1462 5221 ἔχοντα
1503 5151 1614 5206 τῶν
1647 5152 2003 5224 ἀναλισκομέ-

318 5258 424 5298 νων
465 5241 715 5308 ἐξουσίαν
739 5240 977 5312 θρηνεῖς.
1026 5240 1245 5295 Μᾶλλον
1271 5240 1328 5293 δέ
1357 5242 1418 5295 οὐ
1456 5245 1569 5306 τοῖς
1602 5242 1788 5306 ἁπλῶς
1827 5243 2001 5296 δαπα-

318 5331 601 5401 νωμένοις,
633 5330 772 5385 ἀλλά
812 5332 907 5385 καὶ
933 5332 1047 5394 τοῖς
1081 5330 1176 5384 ἐπὶ
1206 5330 1361 5403 κακῷ
1394 5330 1501 5384 τῶν
1531 5329 1725 5384 ἐαυτοῦ
1746 5331 2001 5401 κεφαλῶν

318 5417 445 5480 τοὺς
472 5418 744 5483 τοιούτους
779 5418 1149 5491 παραϐάλλειν
1176 5417 1204 5458 ἀ
1249 5420 1378 5491 χρή.
1410 5420 1647 5472 Ἐκεῖναι
1683 5419 1784 5490 μὲν
1812 5419 1921 5491 γὰρ
1943 5421 1999 5473 αἱ

320 5504 556 5559 δαπάναι
589 5507 972 5583 λαμπρότερον
992 5510 1087 5563 καὶ
1119 5510 1498 5582 εὐπορώτερον
1540 5510 1634 5564 καὶ
1667 5510 2002 5581 ἀσφαλέστμ

381 5660 576 5731 “3111115
595 5662 689 5731 τῶν
712 5661 1035 5731 ἀνθρᾳκῖίνων,
1056 5664 1139 5714 alii
1162 5667 1259 5715 τῶν
1289 5665 1563 5729 ἀνθρώπων.
1591 5663 1719 5715 Infra
1744 5665 1842 5717 duo
1877 5680 1995 5717 mss.

314 5722 524 5770 πλοῦτον
544 5722 751 5781 ἀνέθετο,
780 5722 902 5773 editi
927 5722 1143 5775 ἀπέθετο.

378 5783 409 5854 1)
438 5782 682 5854 Sicﬂunus
721 5785 879 5833 codex
929 5795 983 5835 et
1019 5788 1169 5838 Savil.
1206 5789 1442 5840 Ediderat
1485 5789 1655 5842 Montl'.
1681 5788 1763 5841 νῦν
1791 5791 1879 5840 οὐκ
1904 5792 1998 5843 ἔδει

317 5843 487 5893 ταῦτα.
516 5843 650 5891 Εοιτ.

386 5909 407 5967 ς
436 5904 530 5967 Alii
552 5903 843 5967 πολλαχόθεν
876 5908 1229 5964 ἐπιστήσονται.

383 5964 409 6007 d
438 5965 547 6017 Duo
571 5977 687 6013 mss.
708 5964 821 6022 τοὺς
845 5968 973 6025 υἰούς
992 5972 1330 6034 παραϐωλαν.

1123 361 1180 416 S.
1218 358 1508 415 JOANNIS
1546 358 2047 418 CHRYSOSTOMI
2084 359 2410 417 ARCHIEP.
2451 355 3007 416 CONSTANTINOP.

3702 358 3809 414 578

2121 494 2213 548 ρον
2254 474 2533 540 ποιοῦσιν,
2559 465 2723 530 αὗται
2760 473 2817 527 δέ
2831 474 2934 527 οὐκ
2977 469 3202 543 αἰσχρὸν
3252 474 3412 544 μόνον
3445 472 3571 527 οὐδὲ
3591 474 3802 529 ἐπονείο

2113 562 2316 629 διστον,
2348 561 2486 616 ἀλλά
2527 561 2625 616 καὶ
2695 560 2973 624 ἀπωλείας
3007 560 3309 615 ὑπεύθυνον
3353 560 3547 633 τρόπῳ
3613 565 3801 620 παντί.

2185 647 2347 714 ιζ’.Τί
2372 648 2481 714 δαὶ,
2507 648 2648 720 μετά
2668 648 2869 720 γάμον,
2887 648 3143 720 φησί,καὶ
3168 649 3489 715 παῖδας,οὺκ
3501 650 3582 703 ἐνι
3597 651 3806 723 ταύτης

2112 737 2470 792 ἐπιλαϐέσθαι
2510 738 2613 808 τῆς
2655 736 2976 807 φιλοσοφίας
3011 738 3071 791 ἐν
3095 737 3245 808 αὐτῷ
3271 737 3350 809 τῷ
3387 741 3539 811 γήρᾳ
3578 741 3806 811 γενόμε-

2111 844 2200 882 νον
2224 845 2239 893 ;
2270 828 2380 882 Kal
2399 828 2483 891 τίς
2505 829 2636 899 ἡμῖν
2657 828 3016 899 ἐγγυήσεται,
3049 826 3267 898 πρῶτον
3297 828 3415 899 μὲν,
3434 829 3518 883 ὅτι
3544 832 3628 894 εἰς
3647 830 3804 901 ἐσχα-

2110 932 2201 968 τον
2216 915 2420 986 ἥξομεν
2446 916 2515 986 γῆ
2525 933 2641 987 ρας,
2666 910 2920 985 δεύτερον
2943 914 3021 977 δέ,
3047 915 3132 967 ὅτι
3158 913 3408 979 ἐλθόντες
3428 917 3650 982 πάντως
3673 919 3805 972 ταύ-

2110 1021 2211 1076 την
2235 1003 2605 1077 διατηροῦμεν
2628 1004 2726 1075 τὴν
2751 1003 3014 1075 γνώμην;
3047 1002 3186 1058 Οὔτε
3235 1002 3347 1075 γάρ
3376 1005 3473 1076 τῆς
3497 1008 3556 1059 ἐν
3585 1008 3653 1077 τῇ
3689 1006 3804 1079 ζωῇ

2111 1090 2291 1163 κύριοι
2334 1092 2678 1162 προθεσμίας
2704 1092 2903 1162 ἐσμένο
2946 1090 3224 1145 καὶτοῦτο
3256 1092 3582 1146 ἐπαίδευσεν
3599 1096 3628 1148 6
3652 1094 3801 1148 Παύ-

2109 1177 2200 1255 λος
2229 1179 2408 1249 λέγων
2441 1191 2498 1220 θ’
2541 1181 2603 1235 Ἠ
2620 1179 2813 1250 ἡμέρα
2836 1179 3081 1249 Κυρίου,
3112 1179 3194 1245 ὡς
3213 1178 3481 1248 κλέπτης
3508 1179 3799 1245 bra-meti.

2109 1266 2300 1334 οὕτως
2339 1268 2610 1338 ἔρχεταιο
2662 1266 2788 1321 οὔτε
2842 1268 2938 1320 ἐπὶ
2984 1267 3086 1338 τῆς
3142 1266 3317 1337 αὐτῆς
3366 1268 3456 1321 ἀεὶ
3490 1269 3802 1340 προθυμίας

2114 1353 2264 1425 μένει
2285 1355 2355 1409 τά
2384 1355 2493 1410 τῶν
2523 1354 2803 1426 λογισμῶν
2831 1357 2986 1426 ἡμῖν.
3031 1355 3143 1410 Kal
3188 1354 3280 1409 διά
3310 1354 3470 1409 τοῦτο
3512 1357 3678 1427 σοφός
3713 1374 3803 1421 τις

2110 1445 2369 1514 παραινεῖ
2407 1442 2583 1513 λέγων
2602 1459 2616 1472 °
2654 1443 2753 1512 Μὴ
2777 1442 3040 1512 ἀνάμενε
3088 1443 3450 1512 ἐπιστρέψω
3503 1444 3657 1512 πρὸς
3688 1447 3803 1499 Κύ-

2101 1547 2259 1599 ριον,
2296 1530 2448 1600 μηδὲ
2466 1529 2817 1586 ἀναϐάλλου
2843 1532 3074 1601 ἡμέραν
3093 1531 3164 1597 ἐξ
3186 1532 3433 1601 ἡμέρας,
3462 1534 3536 1604 μή
3574 1549 3703 1587 ποτε
3719 1536 3805 1595 ὡς

2114 1618 2329 1690 μέλλεις
2382 1619 2707 1691 ἐκτριϐήοῃ,
2756 1618 2858 1673 καὶ
2900 1619 2971 1675 ἐν
3002 1618 3188 1688 καιρῷ
3221 1617 3374 1692 [107]
3424 1620 3806 1689 ἐκδικήσεως

2107 1705 2314 1776 ἐξολῇ.
2345 1694 2413 1761 Ei
2433 1706 2489 1761 δέ
2519 1707 2615 1761 καὶ
2650 1706 2817 1778 μηδὲν
2844 1706 3052 1763 τούτων
3081 1708 3279 1779 ἄδηλον
3329 1703 3418 1779 ἦν,
3453 1708 3575 1762 οὐδὲ
3620 1709 3807 1774 οὕτως

2108 1794 2509 1850 ἀναϐάλλεσθαι
2539 1794 2645 1849 ἔδει
2668 1796 2794 1859 τοὺς
2835 1796 2991 1860 υἱεῖς,
3024 1795 3148 1850 οὐδέ
3186 1795 3461 1867 τοσαύτην
3499 1798 3804 1869 γινομένην

2107 1882 2309 1955 ζημίαν
2334 1885 2621 1956 περιορᾷν.
2653 1884 2765 1937 Kal
2800 1883 2908 1956 γὰρ
2944 1885 3043 1955 τῆς
3075 1884 3315 1956 ἐσχάτης
3337 1884 3563 1955 ἀλογίας
3592 1886 3660 1941 ἀν
3680 1887 3801 1959 εἴη,

2105 1973 2235 2027 ὅταν
2263 1972 2364 2044 μὲν
2390 1971 2579 2043 δέηται
2605 1970 2860 2044 βοηθείας
2902 1975 2930 2026 6
2958 1972 3077 2037 νέος
3113 1973 3158 2039 ί,
3178 1974 3287 2027 ’καὶ
3317 1974 3550 2045 σφοδρὸς
3590 1977 3618 2028 6
3666 1978 3805 2031 ἀντ-

2105 2060 2420 2130 αγωνιστὴς
2451 2060 2756 2131 ἐφεστήκῃ,
2776 2059 3021 2113 κελεύειν
3048 2062 3164 2124 τοῖς
3183 2059 3275 2114 τοῦ
3306 2060 3422 2132 βίου
3452 2062 3806 2134 ἐμφύρεσθαι

2106 2148 2449 2217 πράγμασιν,
2503 2145 2644 2199 ὥστε
2692 2146 2949 2215 γενέσθαι
2981 2147 3334 2219 εὐχείρωτον·
3368 2148 3499 2202 ὅταν
3538 2149 3595 2201 δὲ
3646 2150 3801 2222 λάεῃ

2109 2235 2281 2306 μυρία
2301 2234 2615 2306 τραύματα,
2633 2234 2728 2287 καὶ
2756 2234 2892 2305 μηδέ
2914 2234 2975 2287 τὸ
2990 2235 3151 2305 τυχὸν
3167 2234 3265 2308 ἔχῃ
3284 2235 3451 2307 μέρος
3474 2235 3647 2306 ὑγιὲς,
3666 2239 3805 2291 τόντε

2105 2321 2455 2385 καθοπλίζειν
2485 2323 2582 2375 καὶ
2615 2321 2904 2394 διεγείρειν
2935 2322 3188 2393 κείμενον
3213 2323 3315 2394 ήδη
3361 2323 3457 2377 καὶ
3490 2323 3803 2396 ἐξησθενη-

2105 2410 2259 2463 κὸτα.
2293 2409 2421 2475 Ναὶ,
2451 2410 2613 2481 φησί’
2644 2409 2765 2462 τότε
2799 2409 2911 2481 γάρ
2936 2408 3159 2474 εὔκολος
3182 2412 3215 2482 ή
3242 2410 3412 2481 πάλη,
3437 2411 3560 2464 τότε
3586 2413 3737 2483 ῥᾴων
3764 2417 3804 2484 ή

2108 2498 2281 2570 μάχη,
2312 2495 2419 2551 τῶν
2461 2495 2770 2568 ἐπιθυμιῶν
2811 2497 3163 2553 σϐεσθεισῶν.
3196 2499 3333 2553 Ποία
3364 2499 3539 2571 μάχη,
3574 2500 3805 2565 οὐδενὸς

2103 2585 2256 2648 ὄντος
2288 2587 2419 2656 ἡμῖν
2450 2584 2543 2638 τοῦ
2574 2583 2976 2652 πυκτεύοντος;
3004 2586 3105 2639 Διά
3126 2586 3236 2659 γὰρ
3265 2587 3423 2642 τοῦτο
3449 2588 3569 2642 οὐδέ
3586 2590 3638 2642 οί
3669 2591 3809 2643 στέσι

2105 2690 2265 2742 φανοι
2302 2672 2548 2743 λαμπροὶ
2580 2672 2766 2727 λοιπὸν
2809 2674 3045 2730 ἔσονται.
3082 2675 3389 2744 Μακάριος
3419 2676 3529 2749 γὰρ
3578 2676 3647 2743 ὃς
3678 2673 3806 2746 ἦρε

2104 2758 2284 2830 ζυγὸν
2330 2762 2355 2801 ⁸
2398 2761 2468 2814 ἐκ
2519 2761 2805 2829 νεότητος
2829 2761 3048 2816 αὐτοῦ·
3074 2764 3387 2817 καθίσεται
3410 2765 3560 2818 κατὰ
3568 2765 3804 2833 μόνας,

2103 2847 2203 2900 καί
2230 2846 2626 2915 σιωπήσεται.
2657 2841 2827 2913 Οὗτος
2859 2848 3068 2921 μυρίων
3109 2851 3352 2905 ἐπαίνων
3375 2851 3524 2917 ἄξιος
3551 2851 3648 2905 καὶ
3681 2869 3807 2921 μα-

2104 2938 2391 3010 καρισμῶν
2422 2938 2516 2992 καὶ
2550 2937 2860 3009 εὐφημιῶν,
2892 2940 2921 2991 6
2952 2938 3284 3009 μαινομένην
3316 2939 3662 3010 χαλινῶντὴν
3681 2940 3803 3009 φύ-

2105 3042 2210 3093 σιν,
2238 3025 2333 3080 καὶ
2358 3027 2416 3079 ἐν
2440 3026 2578 3097 αὐτῇ
2597 3026 2693 3079 τοῦ
2719 3024 2988 3097 χειμῶνος
3002 3029 3068 3097 τῇ
3094 3028 3244 3098 ἀκμῇ
3267 3026 3548 3090 διασώξων
3575 3028 3638 3080 τὸ
3660 3029 3807 3082 σκά-

2106 3131 2226 3183 φος.
2275 3113 2425 3186 Πλὴν
2448 3113 2585 3166 ἀλλά
2623 3113 2790 3184 μηδὲν
2818 3113 2960 3185 ὑπὲρ
2984 3113 3189 3168 τούτων
3225 3112 3635 3184 φιλονεικῶμεν,
3667 3115 3800 3168 ἀλλ’

2105 3201 2247 3257 ἔστω
2280 3203 2425 3274 μάχη
2467 3202 2564 3257 καὶ
2599 3202 2745 3268 τότε,
2783 3203 2833 3256 εί
2887 3200 3088 3273 βούλει.
3126 3201 3270 3256 Ἀλλ’
3301 3204 3349 3255 εἰ
3389 3202 3488 3274 μέν
3520 3204 3602 3273 ἐφ’
3652 3204 3807 3273 ἡμῖν

2105 3291 2272 3345 ἐκειθ’
2308 3293 2336 3345 6
2379 3289 2474 3345 τοῦ
2515 3290 2725 3360 ἀγῶνος
2755 3291 2967 3363 καιρὸς,
3000 3291 3180 3355 καλῶς
3219 3292 3428 3346 ἐκεῖνον
3449 3290 3800 3362 ἀνεμένομεν

2105 3376 2199 3431 τὸν
2229 3376 2443 3448 χρόνον·
2472 3376 2523 3428 εἰ
2556 3375 2612 3429 δέ
2668 3375 2849 3430 πάντα
2876 3375 2969 3429 τὸν
3002 3376 3247 3449 παρόντα
3275 3376 3389 3447 βίον
3424 3375 3798 3445 ἀγωνίζεσθαι

2106 3459 2212 3531 χρὴ
2231 3501 2246 3526 ,
2264 3461 2328 3514 ἐκ
2344 3457 2570 3531 πρώτης
2601 3458 2821 3529 ἡλικίας
2844 3458 3149 3530 ἀρξάμενον
3172 3458 3374 3522 εὐθέως
3393 3500 3408 3525 ,
3432 3459 3525 3512 καὶ
3554 3457 3798 3528 δεκαετῆ

2104 3543 2364 3611 γεγονότα
2389 3543 2515 3611 (καὶ
2541 3541 2651 3614 γὰρ
2671 3540 2731 3606 ἐξ
2753 3541 2971 3602 ἐκείνης
2996 3540 3209 3612 ἀνάγκη
3256 3541 3351 3612 τῆς
3378 3540 3592 3611 ἡλικίας
3611 3541 3726 3593 ἀπα
3737 3559 3794 3592 ις

2103 3627 2314 3681 τεῖσθαι
2334 3626 2444 3681 τῶν
2477 3627 2893 3697 ἁμαρτημάτων
2921 3623 3183 3689 εὐθύνας,
3205 3627 3301 3679 καὶ
3332 3623 3551 3696 δηλοῦσι
3584 3622 3654 3676 τὰ
3680 3641 3795 3677 κα-

2103 3710 2454 3781 ταϐρωθέντα
2500 3708 2605 3762 ὑπὸ
2651 3708 2759 3762 τῶν
2789 3708 3010 3781 ἄρκτων
3063 3709 3251 3762 παιδία
3295 3709 3387 3762 ἐπὶ
3419 3710 3532 3772 τοῖς
3568 3710 3648 3769 εἰς
3692 3707 3797 3759 τὶν

2115 3793 2418 3849 Ἐλισσαῖον
2452 3791 2905 3863 σκώμμασι),καὶ
2935 3791 3031 3845 νῦν
3067 3795 3131 3845 ἐκ
3153 3791 3358 3863 ταύτης
3397 3791 3647 3845 παλαίειν
3677 3791 3786 3859 χρὴ

2104 3884 2201 3954 τῆς
2219 3881 2457 3954 ήλικίας,
2483 3881 2541 3932 ἐν
2566 3874 3028 3952 ᾖκαὶὲφέστηκεν
3054 3882 3081 3932 6
3097 3880 3331 3950 πόλεμος
3358 3877 3590 3950 χαλεπὸν
3606 3878 3785 3929 πνέων

2105 3966 2226 4021 καθ’
2255 3963 2433 4036 ἡμῶν,
2456 3962 2621 4016 πόθεν
2642 3957 2737 4016 οὗν
2764 3964 2829 4017 σύ
2858 3962 2950 4016 τὸν
2981 3965 3174 4034 καιρὸν
3195 3965 3404 4016 ἐκεῖνον
3437 3964 3547 4026 τοῖς
3576 3961 3789 4027 ἀγῶσιν

2104 4047 2338 4121 όρίζεις;
2363 4047 2427 4099 El
2459 4045 2557 4117 μὲν
2581 4045 2690 4117 γάρ
2705 4046 2800 4098 καὶ
2814 4044 2893 4116 τῷ
2917 4045 3149 4116 διαϐόλῳ
3167 4045 3356 4118 κύριος
3375 4041 3443 4116 ἧς
3476 4045 3795 4098 ἐπιτάττειν

2108 4134 2184 4206 μὴ
2230 4130 2538 4187 ἐπικεῖσθαι
2589 4131 2724 4201 μηδέ
2756 4130 3067 4196 πυκτεύειν,
3099 4129 3243 4201 εἶχεν
3275 4130 3339 4184 ἀν
3362 4130 3486 4184 τινά
3515 4146 3596 4182 σοι
3623 4128 3795 4196 λόγον

2104 4219 2243 4289 αὐτη
2266 4220 2301 4289 ή
2332 4215 2656 4287 παραίνεσις
2675 4230 2687 4242 '
2722 4215 2771 4267 εί
2798 4214 2856 4267 δὲ
2886 4216 3092 4268 ἐκεῖνον
3113 4214 3272 4284 ἀφεὶς
3292 4211 3657 4283 ἀγωνίζεσθαι
3687 4212 3795 4263 καὶ

2102 4303 2348 4368 τύπτειν,
2378 4303 2503 4373 ἐμοὶ
2526 4300 2838 4372 νομοθετεῖς
2865 4297 3190 4370 ἡσυχάζειν,
3226 4298 3426 4368 μᾶλλον
3454 4296 3510 4349 δὲ
3537 4294 3628 4349 καὶ
3653 4296 3798 4347 ὐπο-

2104 4385 2523 4441 κατακλίνεσθαι
2560 4384 2791 4451 ἑκόντα,
2827 4386 2883 4436 τί
2936 4382 3142 4451 ταύτης
3170 4380 3273 4451 τῆς
3305 4380 3568 4452 ἐπηρείας
3600 4381 3798 4449 χεῖρον

2104 4470 2303 4539 γένοιτ’
2324 4469 2414 4536 ἂν,
2443 4468 2538 4523 τοῦ
2565 4466 2826 4539 πολεμίου
2862 4465 3215 4538 μαινομένου,
3250 4464 3341 4518 τὸν
3379 4462 3800 4533 πολεμούμενον

2103 4552 2451 4623 ἀφοπλίζειν,
2486 4552 2582 4605 καὶ
2610 4552 2755 4605 οὕτω
2795 4554 2917 4615 ταῖς
2939 4551 3152 4604 ἐκείνου
3188 4549 3347 4620 χερσί
3387 4545 3743 4617 παραδιδόναι
3780 4566 3795 4609 ;

2103 4638 2243 4701 Νέος
2280 4636 2399 4690 ἐστὶ
2427 4634 2520 4688 καὶ
2546 4632 2779 4705 ἀσθενής
2797 4649 2812 4699 ;
2830 4631 3026 4686 οὐκοῦν
3048 4629 3138 4684 διὰ
3151 4629 3311 4683 τοῦτο
3334 4629 3576 4692 πλείονος
3601 4629 3800 4698 ἀσφα-

2103 4720 2252 4784 λείας
2276 4720 2478 4773 δεῖται·
2507 4716 2810 4786 ἀσφαλείας
2826 4715 2882 4768 δέ
2904 4714 3179 4786 δεόμενος,
3202 4713 3297 4766 καὶ
3317 4712 3634 4782 ἐπιμελείας
3661 4711 3799 4784 δεή-

2104 4821 2258 4857 σεται
2287 4801 2549 4864 πλείονος.
2577 4797 2681 4854 Τὸν
2706 4800 2763 4853 δὲ
2785 4797 3025 4853 τοιοῦτον
3058 4802 3114 4852 ἐν
3142 4797 3353 4869 γαλήνῃ
3376 4795 3667 4858 διαπαντὸς
3690 4798 3803 4849 καὶ

2103 4886 2304 4959 ἡσυχία
2327 4881 2467 4939 εἷναι
2501 4884 2603 4947 δεῖ,
2624 4884 2724 4937 οὐκ
2740 4885 2820 4948 είς
2851 4882 3155 4953 πράγματα
3178 4879 3544 4952 ἐμϐάλλεσθαι
3574 4878 3625 4943 υ,
3661 4878 3801 4932 οὐδέ

2103 4970 2162 5023 ἐν
2191 4969 2270 5040 τῷ
2315 4968 2466 5040 μέσῳ
2501 4966 2866 5038 στρέφεσθαι,
2908 4964 3037 5019 ἔνθα
3080 4964 3248 5028 πολὺς
3286 4966 3314 5017 6
3353 4961 3585 5034 θόρυϐος
3623 4961 3719 5015 καὶ
3754 4965 3797 5033 ἡ

2101 5052 2336 5124 ταραχή.
2374 5052 2447 5105 Σὺ
2468 5051 2525 5105 δέ
2555 5046 2637 5115 οἷς
2683 5053 2712 5104 ὁ
2746 5051 2982 5120 πόλεμος
3019 5049 3400 5121 χαλεπώτερος
3438 5048 3535 5100 καὶ
3563 5044 3653 5099 διὰ
3684 5044 3798 5116 τὴν

2102 5136 2316 5208 ἡλικίαν
2351 5138 2398 5203 ί,
2425 5136 2519 5190 καὶ
2546 5134 2637 5189 διὰ
2659 5135 2759 5205 τὴν
2784 5133 3092 5199 ἀσθένειαν,
3126 5133 3219 5188 καὶ
3262 5131 3351 5186 διὰ
3378 5130 3477 5202 τὴν
3500 5130 3795 5203 ἀπειρίαν,

2165 5291 2185 5313 ⁸
2222 5289 2329 5339 Duo
2350 5302 2466 5338 mss.
2496 5292 2551 5338 et
2572 5287 2725 5338 Savll.
2748 5287 3073 5351 611668366516
3090 5286 3295 5351 Χριστὸς
3314 5286 3483 5347 λέγων.
3507 5283 3636 5351 Infra
3647 5284 3799 5351 lgens

2100 5351 2437 5403 Ecclesiastici
2459 5352 2607 5401 aliter
2619 5353 2755 5413 jacet
2777 5352 2830 5399 in
2850 5348 3000 5399 editis
3017 5348 3147 5400 LXX
3164 5351 3491 5411 interpretum
3515 5354 3570 5396 et
3591 5348 3641 5394 in
3666 5348 3762 5397 l'ul
3778 5375 3797 5384 -

2099 5421 2326 5525 8a:aiho
2349 5488 2466 5523 mss.
2489 5476 2517 5523 6
2535 5475 2654 5533 νέος,
2678 5481 2731 5524 et
2752 5475 2825 5523 sic
2852 5472 2979 5537 legit
3000 5474 3266 5535 interpres.
3294 5468 3428 5521 Editi
3459 5472 3488 5519 ό
3514 5469 3630 5526 νῐὸς.
3654 5468 3788 5519 Ibid.

2101 5553 2230 5589 unus
2247 5540 2479 5602 σφοδρῶς.

2134 5663 2143 5665 μ
2165 5604 2192 5642 8
2216 5600 2354 5665 Urius
2373 5600 2507 5665 ζυγὸν
2532 5597 2691 5663 βαρύν.
2721 5596 2838 5665 ibidt
2864 5594 3293 5665 d_uo_ms§:pupim_v
3315 5594 3567 5665 θαυμάτων
3595 5593 3790 5665 ἄξιος...

2102 5656 2662 5727 εὐφημίας.-ἰόὐιο’ρὸει
2693 5662 2777 5727 alii
2818 5661 2912 5708 ὑπὸ
2929 5661 3025 5707 τῶν
3048 5656 3226 5723 ἀρκῶν.
3255 5656 3384 5705 Infra
3407 5656 3559 5705 Savil.
3587 5662 3639 5704 et
3662 5668 3792 5708 mss.

2099 5723 2326 5793 χαλεπόν,
2355 5723 2527 5793 Morel.
2553 5724 2793 5793 χαλεπῶς.
2932 5781 2944 5793 _
2985 5787 2995 5793 Δ
3168 5780 3213 5793 __
3286 5779 3331 5793 Α
3487 5780 3517 5793 μ
3559 5778 3573 5793 ,
3612 5777 3664 5793 η,

2162 5786 2192 5825 h
2217 5788 2300 5836 Sic
2316 5778 2457 5834 recte
2480 5778 2633 5833 Sai'il.
2649 5798 2712 5832 ex
2733 5795 2832 5845 quo
2850 5781 3145 5845 scripturam
3168 5778 3787 5839 Iontfauconii,éxsdna-

2103 5851 2228 5901 σθαι.
2253 5845 2578 5896 correximus.
2604 5846 2740 5895 Εοιτ.

2166 5912 2181 5949 ί
2212 5900 2360 5960 Savil.
2390 5916 2444 5957 et
2472 5908 2626 5957 Morel
2670 5912 2782 5969 post
2810 5906 3096 5969 ἡλικίανδὶε
3128 5904 3331 5962 habent,
3361 5904 3452 5969 ,καὶ
3490 5903 3568 5950 διὰ
3587 5901 3670 5949 τὸν
3698 5900 3785 5951 θο-

2098 5975 2260 6038 ρυϐον,
2281 5985 2392 6034 quae
2415 5972 2466 6022 in
2488 5983 2604 6021 mss.
2628 5966 2830 6032 desunt,
2859 5982 2950 6019 nec
2972 5967 3031 6019 ab
3059 5970 3338 6031 interprete
3361 5966 3492 6016 lucta
3519 5970 3653 6014 sunt.
