4032 6452
411 337 512 392 ΞΠ

397 725 617 797 penitus
643 725 861 792 addicti,
923 726 989 782 iis
1019 726 1148 782 illud
1190 727 1443 794 dixerim,
1495 730 1670 800 primo
1715 730 1986 786 incertum

399 831 522 872 esse
544 831 614 872 an
641 832 708 873 ex
735 817 1081 874 matrimonio
1113 818 1206 874 lilii
1231 821 1339 876 sint
1357 821 1670 892 sequuturi;
1725 820 1984 888 secundo,

391 908 441 964 si
465 917 773 976 nascantur,
805 909 1060 979 majorem
1105 925 1228 966 esse
1265 913 1512 968 mter-oris
1561 926 1776 968 causam
1807 927 1818 964 :
1878 925 1984 966 non

389 1001 535 1056 enim
567 1009 770 1058 tantum
799 1001 1020 1068 Ιιυιὶιίω,
1047 1011 1303 1074 quantum
1326 1005 1573 1062 mmroris
1601 1005 1912 1073 accipimus,
1953 1017 1984 1058 a

388 1093 702 1163 quotidiana
719 1094 860 1149 circa
885 1109 982 1150 eos
1005 1095 1384 1164 sollicitudine,
1412 1097 1683 1154 anxietate
1693 1107 1747 1153 et
1760 1097 1982 1154 timore.

387 1183 458 1241 Et
482 1186 592 1250 cui,
624 1185 795 1254 dices,
828 1187 1198 1258 relinquemus
1221 1203 1400 1258 agros,
1455 1189 1666 1254 dom-os,
1714 1203 1900 1244 servos
1928 1198 1984 1246 et

387 1275 618 1332 aurum?
643 1293 766 1332 nam
790 1287 846 1334 et
871 1278 989 1335 haec
1016 1294 1228 1350 quoque
1253 1281 1374 1334 illos
1399 1290 1788 1350 conquerentes
1800 1279 1979 1337 audio.

385 1368 452 1424 Ei
479 1369 744 1439 profecto,
771 1371 860 1440 qui
889 1370 1006 1426 haec
1029 1381 1186 1428 antea
1216 1370 1540 1428 hereditario
1563 1373 1683 1442 jure
1705 1387 1983 1442 possessu-

382 1475 477 1516 rus
501 1469 639 1527 erat,
663 1475 912 1531 nuneque
939 1469 1088 1516 tanto
1107 1463 1298 1532 magis,
1345 1477 1506 1533 quam
1561 1463 1728 1532 prius,
1775 1474 1979 1533 minuto

384 1556 579 1608 horum
599 1554 762 1608 tutior
779 1563 961 1610 custos
985 1563 1042 1610 et
1067 1555 1317 1612 dominus
1339 1555 1547 1610 futurus
1567 1565 1669 1610 est.
1687 1554 1814 1613 Haec
1834 1557 1976 1612 enim

380 1653 538 1699 antea
557 1645 720 1700 multa
748 1645 1182 1715 pessumdabant,
1217 1645 1392 1710 tinem,
1417 1646 1724 1705 diuturnum
1762 1655 1978 1715 tempus

387 1737 548 1802 edax,
581 1735 752 1804 fures,
781 1737 1146 1810 sycophanta,
1203 1737 1388 1806 invidi,
1441 1737 1603 1793 futuri
1633 1737 1972 1805 ineertitudo,

385 1827 743 1884 humanarum
789 1845 970 1885 rerum
997 1829 1337 1897 instabilitas,
1393 1845 1538 1886 mors
1591 1830 1805 1886 tandem
1854 1831 1967 1900 ipsa

379 1929 434 1976 et
459 1921 704 1990 pecuniis
723 1930 776 1976 et
800 1921 1234 1992 possessionibus
1253 1923 1368 1977 istis
1395 1921 1562 1976 ﬁlium
1591 1930 1737 1977 tuum
1768 1923 1975 1992 privas-

377 2022 504 2069 set:
562 2029 704 2069 nunc
759 2029 888 2068 vero
929 2015 1189 2069 omnibus
1242 2013 1360 2069 istis
1411 2014 1718 2083 superiores
1760 2013 1974 2070 divitias

377 2107 641 2178 reposuit,
671 2107 792 2162 loco
819 2107 1108 2162 inviolabili
1127 2115 1362 2176 reperto,
1391 2107 1458 2160 ad
1483 2122 1641 2177 quem
1665 2106 1794 2161 nulli
1824 2123 1966 2177 prae-

375 2199 639 2254 dictarum
662 2198 890 2268 pestium
911 2198 1088 2253 aditus
1139 2213 1260 2254 esse
1301 2205 1496 2268 potest.
1543 2197 1594 2253 is
1641 2212 1771 2254 vero
1820 2197 1972 2254 locus

372 2289 564 2346 caelum
593 2299 696 2354 est,
726 2289 888 2345 nullis
915 2289 1122 2346 insidiis
1171 2289 1430 2360 pervium,
1473 2289 1619 2342 omni
1651 2298 1808 2344 terrae
1852 2291 1970 2348 solo

371 2381 626 2450 feracius,
651 2392 811 2454 atque
833 2383 1032 2454 ingenti
1073 2397 1195 2438 cum
1239 2382 1445 2440 {canore
1470 2381 1836 2452 dcpositarum
1868 2397 1966 2452 pe-

371 2475 647 2530 cuniarum
675 2475 881 2532 fructus
905 2475 1184 2531 metcttdos
1209 2475 1453 2544 prmbens
1481 2474 1548 2529 iis
1569 2473 1658 2544 qui
1687 2474 1830 2544 ipsas
1867 2473 1964 2529 de-

370 2567 668 2637 posuerint.
700 2567 817 2622 Non
847 2567 1008 2638 igitur
1037 2581 1098 2622 ea
1128 2565 1292 2620 verba
1314 2565 1538 2620 dicenda
1569 2573 1748 2632 erant,
1777 2563 1876 2621 sed
1919 2565 1965 2620 si

369 2659 515 2716 ﬁlius
543 2661 818 2716 sexeni-aris
857 2675 978 2716 esse
1002 2659 1299 2724 maluisset,
1357 2666 1482 2713 tunc
1535 2656 1772 2712 flendum
1826 2666 1962 2724 erat,

367 2759 495 2807 tunc
519 2751 802 2808 dicendum
833 2769 848 2809 :
877 2752 976 2808 Cui
1005 2765 1163 2822 agros
1188 2751 1576 2820 relinquemus,
1606 2749 1692 2805 cui
1741 2764 1960 2818 aurum,

365 2844 451 2900 cui
473 2845 727 2914 pecunias
755 2843 1026 2914 reliquas?

439 2937 542 3005 Qui
567 2953 805 3008 pecunias
833 2937 1049 3008 largitur
1066 2976 1081 3001 ,
1116 2935 1280 2989 uerius
1306 2949 1560 3005 possessor
1576 2941 1669 2996 est,
1692 2948 1845 3005 quant
1871 2932 1965 3002 qui

362 3032 608 3086 recondit.
630 3061 701 3072 —-
731 3031 884 3088 Nunc
907 3041 1083 3086 autem
1117 3037 1262 3085 tanta
1289 3027 1643 3099 possessionis
1662 3035 1718 3082 et
1739 3027 1960 3082 dominii

362 3125 520 3193 copia
547 3132 652 3192 est,
679 3132 740 3182 ut
764 3139 830 3180 ne
857 3131 978 3194 post
1012 3123 1218 3178 obitum
1246 3119 1460 3190 quidem
1482 3118 1572 3172 illa
1595 3118 1834 3183 excidat;
1866 3117 1961 3173 sed

362 3226 492 3271 tunc
517 3217 749 3272 maxime
777 3229 962 3272 eorum
991 3214 1142 3269 lucro
1179 3211 1385 3267 fruatur
1415 3225 1534 3265 cum
1561 3207 1688 3264 hinc
1711 3223 1960 3264 excesse-

362 3313 552 3366 rimus.
583 3309 738 3376 Quod
774 3309 819 3363 si
863 3307 952 3362 hic
995 3320 1208 3376 quoque
1245 3318 1432 3361 eorum
1457 3301 1730 3356 deminuat
1757 3309 1811 3357 et
1839 3317 1962 3371 pos-

361 3416 630 3457 sessorem
659 3399 841 3456 videre
881 3397 1086 3468 cupias,
1132 3395 1181 3450 id
1213 3409 1426 3466 quoque
1467 3392 1731 3449 monacho
1769 3393 1958 3464 magis,

361 3512 522 3568 quam
545 3493 788 3552 surculari
824 3490 1116 3560 continget.
1143 3487 1274 3556 Quis
1301 3486 1464 3550 enim,
1497 3484 1584 3540 dic
1607 3484 1758 3550 mihi,
1781 3484 1960 3554 potius

361 3589 611 3644 dominus
639 3593 742 3652 est,
773 3583 889 3639 isne
915 3581 1008 3652 qui
1044 3594 1232 3648 magna
1259 3592 1378 3633 eum
1421 3575 1668 3632 libertate
1697 3571 1962 3646 impendit

360 3691 418 3737 et
446 3679 686 3750 largitur,
721 3692 788 3730 an
817 3674 862 3729 is
884 3672 973 3742 qui
1003 3686 1112 3742 pra:
1141 3667 1360 3725 avaritia
1399 3680 1468 3721 ne
1494 3665 1804 3734 contingere
1841 3663 1961 3733 qui-

359 3777 484 3833 dem
513 3772 691 3838 audet,
724 3767 818 3824 sed
845 3763 1062 3821 suffodit
1103 3775 1188 3825 ea,
1228 3758 1298 3814 ab
1343 3757 1514 3827 iisque
1559 3754 1792 3810 abstinet
1830 3763 1960 3808 tam-

361 3881 524 3940 quam
547 3863 646 3918 sibi
674 3857 898 3916 aiienis?
919 3855 1008 3927 qui
1023 3854 1113 3909 illa
1131 3850 1358 3906 inaniter
1375 3863 1438 3902 ac
1453 3857 1654 3940 temere
1675 3843 1956 3914 impendit,

361 3939 432 4020 an
461 3959 553 4032 qui
581 3957 635 4012 id
668 3953 1049 4010 convenienter
1077 3945 1218 4018 agit?
1243 3943 1332 4015 qui
1359 3941 1588 3998 seminat
1615 3939 1669 4032 in
1701 3946 1866 4003 terra,
1889 3953 1956 3991 an

361 4054 454 4126 qui
481 4031 533 4108 in
557 4047 732 4105 caelo?
765 4043 854 4100 cui
880 4057 974 4097 sua
1017 4037 1194 4095 omnia
1233 4035 1429 4106 quibus
1471 4031 1698 4088 voluerit
1735 4043 1960 4126 erogare

362 4120 472 4202 non
513 4138 857 4214 permittitur,
901 4149 966 4188 an
1005 4130 1094 4202 qui
1123 4129 1191 4184 ab
1231 4125 1479 4181 omnibus
1507 4120 1768 4214 ejusmodi
1796 4121 1960 4174 vecti-

360 4213 876 4308 galiaexigentibns
921 4224 1057 4279 liber
1085 4218 1285 4276 evasit?
1338 4213 1600 4308 Agricolae
1637 4225 1869 4308 namque
1903 4218 1962 4266 et

361 4301 679 4397 negotiatori
708 4318 858 4375 multi
891 4313 1124 4383 undique
1151 4315 1277 4364 sunt
1302 4306 1501 4362 tributa
1531 4301 1840 4397 persolvere
1863 4315 1959 4356 co-

359 4393 568 4492 gentes,
605 4425 660 4472 et
694 4427 844 4468 suam
873 4408 1072 4480 quique
1113 4409 1319 4473 partem
1359 4405 1661 4492 repetentes
1696 4411 1712 4448 :
1753 4393 1804 4492 ei
1829 4405 1958 4447 vero

358 4484 453 4583 qui
477 4507 658 4580 egenis
687 4521 782 4561 sua
812 4513 1034 4572 erogare
1056 4494 1224 4566 cupit,
1253 4507 1411 4548 nemo
1436 4488 1560 4583 talia
1583 4484 1957 4548 comminatur,

361 4582 517 4663 itaut
545 4603 631 4659 hic
658 4599 837 4672 potius
873 4607 1090 4652 suorum
1119 4587 1366 4646 dominus
1409 4582 1498 4640 sit.
1549 4585 1628 4635 An
1659 4592 1786 4672 vero
1811 4590 1954 4672 eum,

360 4701 454 4769 qui
494 4671 884 4757 meretricibus,
911 4685 1110 4749 ventri,
1140 4679 1412 4754 parasitis,
1441 4671 1808 4769 adulatoribus
1848 4671 1962 4726 haec

361 4761 608 4854 ell'undit,
634 4784 858 4856 gloriam
893 4793 1044 4836 suam
1075 4778 1130 4831 in
1159 4769 1505 4845 ignominiam
1527 4765 1706 4866 vertit,
1733 4761 1959 4866 salutem

361 4882 561 4940 amittit
605 4853 769 4950 seque
805 4869 1155 4929 deridendum
1203 4859 1782 4957 prepinat,_dominum_
1811 4853 1962 4957 dicas

362 4980 551 5033 eertum
577 4947 700 5043 qua;
724 4967 804 5024 sic
828 4959 1120 5033 impendit;
1152 4957 1196 5013 si
1225 4966 1402 5010 autem
1431 4950 1500 5006 ad
1527 4964 1710 5006 veram
1735 4947 1962 5043 gloriam

362 5037 774 5134 utilitatemque,
819 5053 1111 5112 secundum
1161 5049 1254 5105 Dei
1298 5045 1574 5117 placitum,
1612 5055 1740 5134 cum
1793 5037 1961 5134 multa

364 5159 645 5233 prudentia
667 5127 754 5210 illa
782 5145 1066 5233 expendat,
1097 5156 1204 5198 non
1233 5141 1360 5233 item
1385 5134 1572 5233 dicas?
1596 5127 1960 5233 Ann‘on‘idem

365 5221 519 5317 i‘aeis,
549 5265 616 5304 ac
660 5247 706 5302 si
745 5231 1048 5315 quempiam
1091 5231 1418 5304 perspiciens
1447 5227 1500 5281 in
1539 5221 1881 5317 aqumduetus
1907 5225 1964 5276 et

364 5312 586 5400 canales
609 5353 704 5395 sua
751 5312 1046 5396 effundere,
1089 5339 1274 5382 eorum
1314 5320 1586 5376 dominum
1626 5329 1747 5372 esse
1781 5312 1958 5376 dicas;

365 5437 450 5492 sin
491 5447 622 5489 vero
663 5424 978 5485 necessariis
1021 5419 1206 5476 usibus
1249 5409 1576 5482 impendere,
1631 5421 1753 5462 eum
1810 5402 1963 5474 quasi

344 5515 724 5598 'expensarum
767 5515 1064 5574 dominium
1107 5526 1214 5566 non
1260 5505 1544 5561 habentem
1582 5495 1804 5598 lugeas?
1849 5494 1963 5597 imo

369 5584 498 5674 vet-'0
537 5629 642 5670 non
694 5611 761 5666 iis
791 5607 881 5679 qui
913 5616 1113 5662 temere
1160 5599 1468 5660 absumunt,
1507 5589 1602 5647 sed
1641 5589 1729 5655 iis,
1774 5584 1863 5656 qui
1906 5584 1960 5638 in

369 5709 560 5780 capitis
578 5706 658 5762 sui
679 5701 965 5774 perniciem
991 5697 1045 5754 id
1063 5695 1278 5756 fariunt,
1297 5689 1385 5746 isti
1409 5689 1425 5720 ί
1451 5679 1796 5757 comparandi
1811 5685 1958 5735 sunt.

435 5823 456 5856 ι
489 5825 714 5871 mouss.
747 5825 855 5879 pro,
889 5800 1334 5873 isti,habeut,ﬁliL

1153 338 1514 398 ADVERSUS
1539 341 2090 400 OPPUGNATORES
2131 343 2316 402 VITE
2345 349 2641 407 MONAST.
2673 353 2803 410 LIB.
2845 356 2932 414 lli.

404 448 744 517 festinamus,
777 449 867 506 ubi
891 466 1012 508 cum
1040 452 1229 518 simus,
1281 453 1713 524 ingemiscitnus?
1771 454 1838 508 Et
1878 454 1993 510 lucc

402 538 621 612 quidem
647 541 716 595 ad
740 555 856 607 eos,
888 542 977 612 qui
1001 543 1391 612 spiritualiores
1419 553 1564 610 sunt,
1595 543 1734 600 dicta
1760 545 1887 599 sint.
1932 544 1988 600 Si

401 633 493 705 qui
523 647 654 689 vero
678 633 786 688 sint
816 636 1060 704 corporis
1118 645 1380 704 amantes,
1427 645 1590 708 atque
1627 637 1753 692 huic
1793 639 1991 695 uinculo

3585 368 3688 423 578

2101 456 2209 512 illae
2253 475 2480 531 namque
2524 480 2772 534 expensa:
2817 470 3120 540 clariorem,
3177 472 3591 544 epulentiorem,
3628 491 3678 532 rt

2099 547 2348 604 tutiorem
2402 549 2602 606 faciunt
2653 557 2954 626 hominem;
3006 559 3090 616 liae
3135 579 3264 620 vero
3311 583 3420 626 non
3471 581 3679 642 turpem

2098 637 2278 704 modo,
2310 647 2366 694 et
2394 643 2680 710 opprobrio
2722 646 2960 718 dignum,
2995 651 3090 710 sed
3113 653 3436 716 damnationi
3462 637 3681 728 prorsus

2097 729 2412 787 obnoxium.

2171 823 2256 876 17.
2285 823 2422 890 Quid
2460 841 2609 896 ergo,
2651 827 2878 899 inquies,
2923 845 3099 890 annon
3137 838 3258 904 post
3284 840 3676 900 matrimonium

2091 924 2155 965 ac
2179 922 2455 984 susceptos
2483 915 2680 972 liberos
2707 919 2888 974 licebit
2915 919 3054 976 hanc
3083 923 3472 996 philosophiam
3505 931 3561 988 in
3595 949 3675 988 se-

2093 1010 2307 1059 nectute
2333 1006 2618 1075 amplecti?
2659 1009 2732 1063 At
2777 1010 2896 1082 quis
2937 1011 3092 1068 nobis
3133 1017 3462 1086 polliceatur,
3505 1023 3679 1091 primo

2091 1091 2305 1162 quidem
2350 1110 2450 1152 nos
2497 1097 2565 1154 ad
2601 1107 2893 1156 extremam
2933 1114 3260 1162 senectutem
3291 1125 3679 1180 perventuros;

2089 1185 2346 1253 secundo,
2375 1187 2418 1241 si
2461 1187 2529 1243 ad
2565 1204 2684 1244 eam
2726 1193 3118 1262 perveniamus,
3171 1199 3428 1256 eamdem.
3461 1217 3676 1271 prorsus

2085 1285 2320 1333 mentem
2366 1289 2675 1338 servaturos
2711 1285 3085 1358 esseiNeque
3131 1290 3274 1345 enim
3315 1295 3594 1362 praestituti
3622 1299 3685 1353 in.

2085 1369 2194 1424 vita
2238 1373 2494 1440 temporis
2530 1372 2731 1430 domini
2770 1389 2956 1434 sumus
2979 1395 2992 1432 :
3018 1379 3176 1450 idque
3199 1381 3382 1438 docuit
3414 1399 3512 1440 nos
3537 1386 3672 1441 Pau-

2083 1458 2168 1515 lus
2191 1462 2344 1517 ‘cum
2362 1462 2496 1520 dixit
2527 1483 2540 1520 :
2563 1463 2686 1520 Dies
2709 1465 2932 1536 Domini,
2959 1471 3087 1524 sicut
3116 1473 3202 1543 fur
3223 1473 3276 1528 in
3304 1485 3466 1544 nocte,
3487 1477 3558 1531 ita
3589 1495 3669 1532 ve-

2083 1551 2184 1604 niet
2212 1552 2289 1620 (l.
2316 1551 2497 1608 Thess.
2531 1556 2582 1611 5.
2610 1555 2670 1629 2)
2697 1576 2710 1608 :
2733 1573 2907 1629 neque
2947 1576 3136 1618 rursus
3165 1565 3216 1618 in
3238 1565 3432 1621 eadem
3462 1583 3680 1639 semper.

2079 1643 2356 1700 alacritate
2396 1649 2653 1718 propositi
2680 1653 3030 1720 cogitationes
3069 1665 3268 1712 nostrze
3307 1673 3666 1728 perseverant.

2081 1735 2415 1808 Quapropter
2451 1741 2662 1810 sapiens
2689 1743 2901 1812 quidam
2939 1745 3190 1804 admonet
3225 1749 3308 1804 his
3335 1751 3511 1807 verbis
3539 1771 3553 1806 :
3588 1752 3668 1808 Ne

2079 1829 2246 1884 tardes
2291 1833 2510 1887 converti
2566 1833 2635 1886 ad
2663 1833 2958 1902 Dominum,
3003 1849 3052 1894 et
3093 1857 3155 1894 ne
3183 1839 3392 1909 cli/feras
3429 1845 3492 1898 de
3516 1845 3598 1899 die
3617 1847 3669 1900 in

2075 1919 2209 1972 diem
2231 1919 2414 1990 (Eccli.
2443 1923 2496 1978 5.
2529 1923 2599 1978 8³
2629 1926 2670 1995 ),
2703 1941 2770 1982 ne
2798 1925 2956 1992 forte,
2997 1927 3121 1984 dum
3153 1939 3209 1984 tu
3250 1947 3455 1986 moram
3504 1934 3668 1989 trahis

2074 2011 2390 2078 conteraris,
2439 2022 2494 2070 et
2541 2013 2592 2068 in
2637 2023 2877 2084 tempore
2925 2018 3140 2074 ultionis
3186 2035 3399 2090 pereas.
3445 2024 3666 2081 Etiamsi

2075 2115 2206 2156 vero
2230 2117 2416 2158 eorum
2445 2097 2580 2160 nihil
2625 2114 2770 2162 esset
2804 2107 3090 2176 incertum,
3131 2126 3199 2166 ne
3245 2113 3324 2167 sic
3359 2113 3574 2182 quidem
3601 2115 3665 2170 li-

2073 2192 2235 2250 beros
2261 2205 2472 2252 nostros
2513 2198 2710 2254 morari
2753 2199 3094 2268 deberemus,
3134 2218 3308 2272 neque
3339 2214 3540 2260 tantutn
3574 2206 3664 2262 de~

2075 2284 2386 2344 trimcntum
2421 2289 2706 2363 negligere.
2735 2289 2868 2346 Nam
2893 2303 3148 2348 extremae
3184 2294 3468 2351 dementiae
3495 2309 3658 2361 esset,

2067 2371 2320 2443 juvenem
2346 2377 2588 2436 1’aaxilio
2633 2390 2903 2451 egentem,
2961 2383 3268 2440 adversario
3317 2387 3662 2444 vehementer

2072 2467 2322 2536 instante,
2345 2469 2536 2538 jubere
2565 2473 2880 2527 saeuiaribus
2921 2473 3161 2546 immergi
3185 2478 3362 2544 rebus,
3393 2479 3460 2532 ita
3489 2491 3544 2534 ιιι
3569 2496 3659 2534 su-

2070 2571 2258 2631 perata
2307 2562 2476 2619 facilis
2521 2566 2807 2631 evaderet;
2855 2576 3136 2638 postquam
3181 2580 3359 2625 autem
3396 2574 3662 2628 sexcentis

2069 2653 2380 2710 vulneribus
2418 2655 2701 2712 confossus
2734 2657 2880 2712 nulla
2916 2673 2980 2714 ex
3021 2665 3175 2728 parte
3212 2675 3375 2716 sanus
3400 2671 3504 2729 est,
3535 2671 3664 2718 tunc

2069 2757 2277 2800 armare
2305 2745 2454 2800 illtnn
2483 2757 2536 2802 et
2578 2747 2813 2804 excitare
2847 2749 3113 2818 iacentem
3154 2750 3550 2824 inﬁrmumque.
3580 2754 3658 2808 ita

2067 2850 2218 2903 sane,
2249 2838 2493 2908 inquies;
2527 2849 2650 2895 tunc
2691 2843 2833 2896 enim
2875 2843 3008 2898 levis
3037 2860 3208 2915 pugna
3247 2847 3370 2911 erit,
3403 2847 3662 2919 facileque

2067 2941 2360 2996 certamen,
2383 2931 2493 3000 jam
2523 2933 2782 2988 exstincta
2814 2936 3266 3004 concupiscentia.
3298 2938 3426 3004 Qua:
3465 2956 3653 3010 pugna,

2067 3037 2185 3076 eum
2216 3023 2389 3078 nullus
2413 3023 2553 3079 adsit
2578 3034 2764 3080 contra
2811 3041 2910 3082 nos
2940 3028 3119 3096 pugil?
3159 3029 3284 3083 ideo
3313 3046 3412 3084 nec
3445 3046 3658 3086 coronae
3686 3084 3695 3093 ,

2071 3123 2198 3168 tunc
2244 3115 2476 3170 illustres
2503 3125 2664 3170 erunt
2693 3133 2707 3170 :
2738 3117 2926 3172 Beatus
2962 3119 3104 3172 enim
3149 3120 3238 3188 qui
3272 3123 3543 3188 portaverit
3566 3124 3659 3193 ju-

2064 3221 2183 3276 gum
2215 3204 2237 3236 δ
2267 3207 2328 3262 ab
2367 3206 2704 3262 adolescentia
2744 3223 2879 3273 sua;
2915 3209 3102 3263 sedebit
3129 3210 3406 3276 solitarius,
3449 3221 3494 3266 et
3520 3223 3656 3266 tace-

2064 3297 2134 3350 bit
2161 3295 2376 3363 (Thren.
2413 3299 2462 3352 5.
2493 3297 2608 3368 27).
2643 3299 2738 3353 ilic
2779 3300 3048 3354 sexcentis
3077 3301 3318 3356 laudibus
3359 3303 3572 3372 dignus,
3601 3315 3658 3360 et

2067 3386 2480 3444 beatitudinibus
2521 3399 2575 3445 et
2616 3391 2920 3460 pra'rconiis,
2969 3393 3061 3462 qui
3106 3391 3369 3448 furentem
3409 3407 3665 3454 naturam.

2064 3479 2273 3546 fraenat,
2309 3489 2363 3536 et
2390 3481 2442 3536 in
2471 3482 2580 3553 ipsa
2615 3483 2944 3550 tempestatis
2974 3484 3025 3538 vi
3051 3484 3304 3555 scapham
3331 3487 3512 3558 eripit.
3547 3489 3653 3545 \‘e-

2056 3576 2178 3616 runt
2227 3579 2296 3619 ne
2335 3579 2501 3636 super
2531 3567 2616 3627 his
2656 3570 2821 3626 rebus
2877 3574 3310 3638 contendamus,
3359 3578 3633 3632 conceda-

2055 3668 2287 3723 musque
2335 3657 2382 3710 si
2430 3657 2512 3713 vis
2562 3665 2695 3715 tunc
2740 3660 2906 3716 etiam
2955 3663 3158 3718 bellum
3205 3680 3329 3721 esse
3367 3666 3630 3725 futurum.

2055 3743 2200 3800 Sane
2240 3745 2286 3801 si
2331 3763 2501 3816 penes
2527 3766 2650 3826 nos
2705 3761 2851 3808 esset
2895 3760 3114 3824 tempus
3155 3759 3473 3814 certaminis
3523 3771 3636 3815 sta-

2054 3841 2207 3890 tuere
2231 3877 2247 3903 ,
2288 3837 2416 3908 jure
2457 3849 2673 3912 tempus
2713 3843 2848 3899 illud
2888 3853 3210 3914 exspectare
3256 3847 3444 3906 liceret
3477 3868 3494 3906 :
3548 3853 3636 3907 sin

2053 3946 2184 3986 vero
2216 3947 2310 4002 per
2342 3940 2512 3988 totam
2536 3935 2700 3991 vitam
2726 3938 2885 3994 nobis
2912 3940 3286 3996 dimicandum
3309 3949 3416 4008 est,
3441 3959 3639 4015 nempe

2055 4021 2126 4077 ab
2170 4025 2392 4080 ineunte
2426 4036 2618 4094 etate,
2669 4029 2787 4084 sive
2817 4049 2846 4084 ει
2892 4029 3158 4088 decennio
3201 4036 3296 4104 (ex
3331 4051 3394 4090 ea
3433 4037 3640 4108 qaip,c

2053 4119 2214 4168 mtate
2257 4121 2609 4184 peccatorum
2660 4121 2928 4176 rationem
2979 4122 3248 4178 reddituri
3305 4140 3530 4188 sumus,
3578 4144 3640 4182 u:

2055 4204 2232 4272 palam
2266 4203 2476 4260 faciunt
2500 4210 2654 4276 pueri
2680 4209 2788 4274 illi,
2821 4211 2916 4280 qui
2947 4213 3093 4280 quod
3126 4213 3362 4269 El‘scum
3407 4218 3638 4274 irridere

2057 4296 2176 4350 ausi
2214 4305 2432 4362 essent,
2465 4299 2533 4353 ab
2562 4301 2710 4358 ursis
2740 4303 2983 4360 devorati
3027 4305 3226 4376 sunt),
3279 4315 3335 4360 et
3379 4325 3525 4364 nunc
3571 4327 3638 4365 ex

2057 4385 2149 4439 illa
2189 4396 2350 4443 astate
2392 4391 2754 4459 proeliandum
2785 4404 2903 4460 est,
2936 4411 3046 4466 qua
3100 4397 3305 4452 bellum
3345 4398 3636 4456 adversum

2059 4491 2160 4533 nos
2205 4479 2593 4548 gravissimum
2647 4483 2940 4541 imminet:
2980 4502 3088 4557 qua
3145 4490 3359 4545 ratione
3405 4499 3462 4545 tu
3504 4500 3643 4548 tem-

2058 4584 2162 4640 pus
2227 4574 2630 4631 certaminibus
2676 4578 3018 4634 constituis?
3074 4579 3284 4636 litenim
3342 4583 3391 4637 si
3447 4584 3501 4638 in
3549 4594 3646 4640 tua

2057 4671 2328 4734 potestate
2373 4677 2521 4722 esset
2574 4668 2792 4724 diabolo
2843 4670 3136 4741 praecipere
3185 4683 3243 4728 ut
3293 4690 3401 4730 non
3443 4675 3646 4730 irrum-

2062 4774 2231 4837 peret,
2265 4763 2346 4818 vel
2371 4776 2598 4832 pugnam
2638 4760 3018 4821 committeret,
3063 4755 3176 4810 haec
3224 4764 3312 4810 tua
3355 4754 3648 4812 admonitio

2061 4855 2258 4912 rationi
2275 4868 2384 4908 non
2421 4852 2624 4907 absona
2655 4864 2776 4906 esse
2798 4848 3099 4913 videretur;
3131 4846 3212 4902 sin
3239 4855 3417 4901 autem
3448 4861 3514 4899 ex
3540 4861 3644 4899 una

2065 4955 2216 5016 parte
2251 4945 2425 5015 ipsum
2454 4956 2690 5014 pugnare
2733 4939 2918 4995 sinens
2967 4946 3024 4994 et
3069 4937 3190 4992 telis
3233 4937 3512 5004 impetere,
3565 4951 3649 4988 me

2061 5039 2248 5110 jubeas
2270 5035 2546 5105 quiescere
2566 5075 2582 5099 ,
2613 5032 2725 5087 imo
2759 5038 2950 5100 sponte
2977 5029 3324 5084 succumbere
3342 5065 3358 5090 ,
3387 5023 3512 5092 quid
3549 5023 3648 5077 hoc

2065 5133 2261 5189 damno
2277 5129 2509 5186 deterius
2535 5125 2713 5192 fuerit,
2744 5123 2954 5180 furente
2979 5123 3226 5178 nimirum
3259 5117 3495 5180 inimico,
3523 5131 3642 5170 cu-u

2065 5225 2153 5295 qui
2179 5221 2448 5292 impetitur
2469 5219 2633 5274 armis
2660 5231 2857 5273 exuere
2876 5257 2891 5282 ,
2916 5225 2972 5271 et
2997 5214 3075 5270 sic
3109 5213 3164 5266 in
3192 5210 3307 5278 ejus
3328 5222 3515 5262 manus
3545 5216 3640 5259 tra-

2065 5314 2228 5371 dere?
2251 5311 2471 5370 Juvenis
2486 5321 2565 5366 erit
2581 5317 2636 5364 et
2659 5307 2939 5364 inﬁrmus?
2961 5304 3186 5375 ideoque
3206 5299 3392 5369 majori
3408 5298 3655 5354 cautione

2130 5535 2149 5570 ι
2183 5539 2285 5581 nuo
2306 5534 2411 5578 uss.
2441 5533 2491 5576 et
2511 5523 2652 5575 Savil.
2670 5523 2870 5588 habent,
2895 5519 3192 5588 Christufow

2131 5598 2153 5628 ⁸
2189 5579 2336 5644 locus
2356 5588 2672 5640 Ecclesiastici
2691 5585 2834 5636 aliter
2851 5584 2984 5646 jacet
3007 5581 3056 5630 in
3079 5579 3223 5628 [alitis
3259 5582 3369 5626 Lxx
3407 5581 3652 5637 interpre-

2067 5664 2170 5709 tum
2195 5655 2314 5705 etin
2335 5651 2550 5718 Vulgata.
2711 5713 2740 5718 _
2876 5701 2942 5718 η,

2130 5701 2168 5750 ἶ
2185 5701 2452 5774 όιιὸίιιδεξ
2445 5712 2688 5774 juvenem.
2711 5707 2846 5766 Editi,
2867 5701 3045 5768 ﬁlium.

2135 5783 2158 5815 ι
2191 5786 2336 5841 Unus,
2349 5775 2528 5840 jugum
2545 5781 2710 5836 graec.
