4032 6464
408 362 512 420 379

409 485 493 531 est
515 485 651 544 opus
668 512 685 540 ,
710 466 993 540 majorque
1017 462 1284 535 diligentia
1304 457 1606 516 adhibenda
1648 466 1751 513 est.
1787 453 1987 525 Hujus-

414 565 557 622 modi
600 573 779 619 autem
807 560 982 615 virum
1009 559 1064 613 in
1092 554 1473 625 tranquillitate
1503 560 1559 607 et
1583 550 1764 622 quiete
1797 547 1992 617 degere

414 665 644 729 oportet,
674 669 781 709 non
803 654 857 708 in
871 649 1082 721 negotia
1101 662 1160 704 se
1186 644 1452 716 conjicere
1472 650 1527 698 et
1547 642 1599 695 in
1616 638 1792 695 medio
1809 652 1995 692 versa-

416 751 484 817 ri,
513 747 603 803 ubi
628 744 899 807 tumultus
935 742 1124 812 ingens
1174 752 1239 794 ac
1287 732 1637 808 perturbatio.
1686 729 1768 786 Tu
1811 737 1996 784 contra

414 857 530 910 eos,
558 841 747 913 quibus
792 837 990 894 bellum
1013 834 1189 890 acrius
1215 830 1490 894 imminet,
1520 835 1575 883 et
1600 840 1698 897 per
1735 830 1946 879 aetatem
1977 821 1995 852 ⁸

417 944 472 990 et
512 948 609 1004 per
634 930 998 987 inﬁrmitatem
1042 933 1100 982 et
1148 939 1244 995 per
1287 919 1637 991 imperitiam,
1664 923 1720 972 et
1763 913 1907 986 quod
1945 913 1998 967 in

416 1041 596 1081 rerum
618 1023 794 1079 medio
818 1027 1134 1083 versantur;
1163 1015 1283 1081 hos,
1306 1011 1456 1084 quasi
1476 1026 1534 1067 re
1553 1011 1664 1081 jam
1693 1007 1830 1063 bene
1854 1013 2002 1076 gesta

418 1126 475 1174 et
498 1116 754 1187 acquisita
783 1110 1093 1168 fortitudine
1112 1149 1127 1177 ,
1160 1109 1216 1161 in
1245 1104 1478 1160 medium
1506 1100 1673 1157 trahis
1692 1139 1708 1167 ,
1740 1111 1840 1154 nec
1873 1095 2016 1151 sinis

421 1208 475 1263 in
506 1207 776 1263 desertum
812 1199 1074 1273 proﬁcisci
1116 1206 1174 1253 ut
1210 1201 1566 1252 exerceantur
1592 1199 1645 1246 et
1672 1188 1739 1244 ad
1775 1200 2003 1259 pugnam

418 1312 479 1353 se
498 1302 809 1365 comparent
836 1310 849 1346 :
877 1287 1322 1362 quemadmodum
1348 1286 1393 1340 si
1423 1284 1541 1354 quis
1568 1296 1712 1349 eum,
1734 1279 1825 1351 qui
1839 1277 2006 1334 millia

422 1395 604 1459 posset
627 1386 831 1456 erigere
859 1392 1091 1453 tropaea,
1130 1378 1344 1449 juberet
1378 1390 1491 1431 rem
1532 1374 1777 1429 bellicam
1828 1370 2008 1441 quiete

421 1478 669 1535 meditari
706 1485 762 1532 et
786 1474 1093 1537 addiscere;
1139 1468 1443 1539 imperitum
1471 1480 1601 1522 vero
1638 1464 1729 1535 qui
1778 1474 2008 1534 pugnam
2040 1466 2045 1471 '

420 1584 491 1624 ne
514 1567 779 1637 respicere
802 1563 1019 1635 quidem
1045 1568 1244 1632 posset,
1277 1558 1397 1613 ideo
1429 1571 1656 1627 pugnam
1675 1556 2010 1610 committere

414 1660 715 1731 juberet,ac
731 1657 930 1726 majora
953 1653 1073 1709 ideo
1095 1650 1473 1721 impedimenta
1495 1655 1736 1717 poneret,
1751 1644 1894 1715 quod
1921 1658 2011 1700 res

419 1749 651 1806 difficilis
679 1755 841 1802 esset.
875 1744 1142 1799 Praeterea
1173 1755 1302 1796 vero
1327 1740 1380 1795 id
1417 1736 1865 1793 considerandum
1895 1742 2008 1802 est,

421 1857 527 1895 non
560 1836 718 1894 licere
748 1844 868 1907 post
883 1834 1092 1905 nuptias
1118 1831 1368 1902 cuiquam
1395 1843 1551 1884 suum
1570 1816 1692 1884 esse
1711 1827 2008 1891 dominum,

420 1929 512 1985 sed
541 1929 852 1983 alterutrum
883 1908 1244 1979 necessarium
1270 1934 1411 1987 esse,
1434 1927 1661 1973 autcum
1679 1931 1846 1972 uxore
1869 1930 2013 1971 sem-

420 2036 518 2091 per
546 2017 771 2081 versari,
801 2016 846 2070 si
882 2015 996 2085 ipsa
1025 2013 1195 2075 velit;
1222 2010 1310 2066 vel
1356 2009 1404 2064 si
1432 2009 1522 2064 illa
1548 2008 1887 2064 continenter
1929 2006 2013 2058 vi-

423 2126 554 2166 vere
579 2107 824 2172 voluerit,
847 2121 912 2160 ea
938 2103 1159 2158 dimissa
1188 2102 1247 2156 in
1273 2099 1590 2155 adulterium
1608 2098 1863 2153 incidere.
1877 2096 2014 2165 Quid

423 2219 511 2258 me
540 2201 721 2257 dicere
749 2211 885 2269 opus
917 2204 1002 2252 est
1025 2192 1127 2250 alia
1150 2192 1482 2248 necessitatis
1505 2191 1716 2246 vincula
1736 2230 1751 2255 ,
1782 2190 2010 2256 liberos,

420 2296 500 2351 rei
522 2291 798 2349 familiaris
818 2302 993 2355 curas,
1020 2302 1140 2358 qua:
1164 2299 1378 2342 omnem
1407 2283 1665 2354 propositi
1684 2283 2013 2338 alacritatem

420 2385 716 2442 obtundere
761 2381 997 2454 possint,
1025 2360 1356 2446 multumque
1398 2374 1590 2430 animas
1637 2382 1904 2444 torporem
1932 2373 2016 2428 in-

424 2476 686 2534 fundere?
1274 2503 1277 2506 ›
1312 2519 1317 2523 .

491 2568 582 2623 18.
620 2565 666 2620 Α
699 2565 865 2637 prima
897 2570 1043 2619 etate
1079 2558 1250 2614 virtuti
1286 2555 1693 2612 incumbendum.
1713 2584 1788 2596 —
1813 2553 2013 2621 Quam.

420 2660 608 2715 obrem
636 2658 794 2727 longe
839 2655 1030 2710 melius
1067 2661 1169 2717 est,
1199 2650 1472 2707 dominum
1502 2648 1585 2703 sui
1627 2662 1691 2702 ac
1724 2648 1957 2703 solutum
1983 2663 2013 2703 a

426 2750 677 2819 primmva
700 2756 858 2803 aetate
884 2746 1049 2800 armis
1070 2745 1336 2799 instruere
1355 2781 1371 2808 ,
1395 2754 1502 2794 non
1530 2737 1601 2793 ob
1630 2753 1693 2793 ea
1721 2753 1841 2808 qua:
1875 2738 2012 2793 dicta

423 2848 548 2896 sunt
574 2846 814 2902 tantum,
848 2835 943 2892 sed
986 2849 1095 2890 non
1135 2832 1310 2886 minus
1333 2830 1494 2885 etiam
1534 2827 1651 2898 ejus
1703 2828 1779 2884 rei
1823 2828 2011 2899 gratia,

419 2947 540 3002 qua:
565 2945 692 2985 mox
717 2928 949 2984 dicetur.
986 2925 1116 2980 Nam
1143 2923 1234 2995 qui
1267 2936 1458 2978 versus
1500 2921 1661 2976 linem
1710 2920 1833 2975 vita:
1880 2921 2017 2977 hanc

423 3021 815 3095 phi1050phiam
857 3017 1161 3089 aggreditur
1180 3056 1195 3082 ,
1218 3028 1381 3069 omne
1418 3020 1632 3081 tempus
1659 3011 1930 3078 conterit,
1959 3021 2017 3067 ut

423 3122 637 3186 peccata
680 3113 847 3183 possit
896 3113 951 3166 in
980 3108 1249 3181 praeterita
1277 3114 1435 3161 aetate
1476 3104 1710 3165 admissa
1759 3104 2012 3172 abluere;

420 3206 639 3276 ejusque
674 3212 843 3259 totum
869 3202 1102 3259 studium
1133 3200 1235 3255 hac
1260 3199 1316 3255 in
1345 3212 1418 3253 re‘
1433 3196 1803 3265 consumitur;
1846 3215 2015 3268 smpe-

420 3312 525 3366 que
549 3296 808 3366 contingit
837 3301 897 3349 ut
924 3309 1030 3348 non
1060 3302 1144 3347 sat
1172 3288 1431 3359 temporis
1461 3288 1655 3344 habeat
1676 3330 1691 3354 ,
1727 3302 1782 3346 et
1823 3309 1887 3347 ex
1916 3292 2017 3346 hac

419 3388 526 3443 vita
565 3386 806 3442 discedat
851 3384 1135 3439 vulnerum
1163 3378 1423 3449 reliquias
1467 3395 1648 3439 secum
1689 3383 1890 3440 ferens.
1946 3383 2017 3437 At

420 3496 552 3536 vero
577 3480 664 3550 qui
688 3494 717 3533 a
737 3479 909 3546 prima
931 3484 1089 3531 aetate
1115 3490 1174 3530 se
1200 3472 1372 3538 exuit,
1389 3488 1494 3528 non
1518 3475 1618 3533 hac
1645 3478 1698 3532 in
1720 3492 1781 3533 re
1806 3486 2017 3545 tempus

421 3572 670 3636 absumit,
698 3584 798 3624 nec
822 3568 973 3625 sedet
1008 3582 1207 3623 curans
1247 3569 1496 3635 vulnera,
1541 3568 1638 3624 sed
1677 3569 1746 3624 ab
1794 3566 2016 3623 exordio

423 3664 639 3735 praemia
660 3662 957 3731 accipit.Ae
984 3661 1057 3715 illi
1084 3661 1300 3731 quidem
1327 3663 1457 3717 satis
1480 3671 1564 3717 est
1588 3661 1881 3717 sarciendis
1901 3660 2016 3715 cla-

423 3756 580 3812 dibus
599 3754 848 3809 omnibus
877 3768 1107 3823 pugnam
1135 3754 1303 3817 inire;
1337 3754 1423 3809 hic
1445 3763 1623 3809 autem
1654 3753 1723 3808 ab
1748 3754 1865 3823 ipso
1888 3766 2014 3806 cur—

427 3865 520 3905 sus
549 3850 790 3919 ingressu
821 3856 1019 3917 tropaza
1050 3846 1241 3917 erigit,
1273 3854 1329 3902 et
1356 3845 1609 3901 victorias
1638 3845 1880 3900 victoriis
1920 3842 2045 3912 ad-_

427 3942 677 4010 dit,velut
691 3939 949 4012 Olympici
967 3939 1274 3994 certaminis
1290 3939 1478 4003 victor,
1498 3939 1588 4008 qui
1614 3953 1646 3993 a
1667 3938 1836 4008 prima
1862 3946 2018 3992 aelate

428 4049 524 4103 per
551 4033 785 4088 victoria:
814 4031 1259 4101 proclamationes
1289 4029 1357 4086 ad
1383 4039 1656 4087 senectam
1678 4044 1846 4100 usque
1887 4044 2016 4100 pro-

425 4139 661 4196 gressus,
688 4123 766 4178 sic
792 4124 1004 4178 demum
1032 4120 1242 4177 decedit
1266 4121 1563 4176 innumeris
1590 4121 1805 4177 coronis
1842 4121 2018 4190 capite

427 4214 725 4271 redimitus.
750 4214 829 4268 Ex
854 4228 1081 4284 quorum
1104 4213 1283 4282 itaque
1301 4226 1527 4267 numero
1549 4212 1629 4267 vis
1660 4211 1833 4267 ﬁlium
1868 4221 2017 4265 tuum

427 4304 586 4362 esse?
615 4319 873 4360 eorumne
894 4304 983 4373 qui
1019 4318 1208 4375 magna
1233 4318 1355 4359 cum
1383 4302 1573 4359 ﬁducia
1600 4302 1747 4373 ipsos
1788 4303 2017 4357 archan-

432 4395 577 4467 gelos
606 4394 797 4449 intueri
822 4403 1064 4464 possunt,
1092 4409 1159 4449 an
1181 4409 1367 4450 eorum
1399 4394 1489 4465 qui
1514 4401 1661 4449 stant
1679 4393 1732 4447 iu
1764 4392 1937 4458 turba,
1964 4402 2020 4448 et

439 4487 682 4542 ultimum
706 4496 922 4540 servant
964 4486 1248 4542 ordinem?
1273 4486 1584 4542 Extremum
1627 4499 1856 4556 namque
1899 4500 2018 4540 sor-

432 4579 632 4633 tientur
659 4577 876 4631 omnino
898 4618 913 4640 ,
947 4576 991 4632 si
1017 4585 1195 4632 tamen
1223 4576 1433 4646 possint
1469 4591 1533 4631 ea
1564 4575 1745 4629 omnia
1797 4575 2024 4644 impedi-

435 4679 615 4725 menta
660 4677 1042 4731 transcurrere,
1092 4681 1212 4735 quae
1263 4665 1423 4720 modo
1476 4666 1873 4720 aumeravimus
1913 4682 1929 4720 :
1973 4666 2021 4720 si

434 4776 625 4833 nempe
654 4775 827 4831 neque
854 4774 997 4814 mors
1020 4765 1335 4827 praimatura
1358 4758 1500 4827 ipsos
1515 4746 1826 4827 abripuerit,
1846 4742 2020 4826 nerine

433 4852 503 4909 ab
527 4867 690 4906 uxore
712 4860 892 4920 postea
945 4848 1185 4919 impediti
1215 4847 1442 4914 fuerint,
1475 4863 1647 4919 neque
1684 4855 1764 4904 tot
1800 4849 2020 4903 vulnera

431 4944 757 5015 acceperint,
790 4950 970 4997 utnec
996 4950 1162 4995 totum
1184 4941 1472 4995 senectutis
1493 4952 1701 5011 tempus
1720 4941 1786 4995 ad
1812 4940 1900 4995 illa
1924 4956 2020 4995 cu-

433 5034 594 5089 randa
622 5033 884 5097 sufﬁciat,
924 5040 979 5085 et
1018 5031 1061 5084 si
1098 5031 1415 5087 sententiam
1466 5032 1670 5086 ﬁrmam
1726 5046 1939 5101 semper
1968 5040 2022 5087 et

432 5125 707 5179 immotam
728 5132 965 5178 servent.
981 5121 1114 5176 Cum
1132 5122 1272 5177 enim
1296 5123 1412 5178 hazc
1430 5122 1607 5178 omnia
1626 5123 2015 5187 concurrerint,

433 5225 558 5272 tunc
582 5217 669 5271 vix
698 5225 939 5270 extrema
963 5215 1300 5286 occupabunt
1322 5216 1459 5271 loca.
1489 5216 1761 5272 Horumne
1779 5218 1937 5288 igitur
1951 5232 2021 5272 ex

432 5325 656 5365 numero
681 5309 762 5364 vis
790 5323 909 5363 esse
931 5308 1096 5362 ﬁlium
1123 5318 1292 5375 tuum,
1312 5323 1381 5363 an
1404 5324 1590 5364 eorum
1619 5310 1708 5379 qui
1730 5310 1780 5363 iu
1807 5308 2019 5380 phalan-

431 5401 512 5470 gis
536 5401 712 5458 fronte
731 5401 1048 5473 fulgebunt?
1075 5398 1308 5472 Ecquis,
1345 5402 1572 5473 inquies,
1616 5403 1686 5457 ita
1720 5404 1917 5469 miser,
1961 5411 2020 5458 ut

430 5493 517 5547 illa
544 5498 742 5566 potius,
768 5513 928 5568 quam
958 5496 1093 5563 huic,
1116 5504 1266 5567 optet
1311 5496 1430 5551 ﬁliis
1475 5494 1624 5550 suis?
1651 5496 1848 5551 Verum
1891 5511 2021 5552 con--

433 5586 767 5644 suetudinem
795 5598 1080 5657 sectamur,
1112 5598 1168 5644 et
1186 5587 1303 5643 illos
1321 5587 1595 5643 nobiscum
1612 5601 1733 5650 esse
1747 5588 2011 5643 volumus.

485 5782 499 5816 '
534 5782 678 5837 Savil.
705 5789 757 5835 et
774 5783 960 5846 march,
983 5792 1107 5850 post,
1129 5792 1333 5849 etatem,
1357 5784 1554 5849 addunt,
1577 5789 1623 5837 et
1636 5797 1725 5849 per
1741 5783 2014 5839 (munitum.

457 5866 479 5891 \

1115 351 1176 407 S.
1212 344 1490 406 JOANNIS
1523 339 1996 401 CHRYSOSTOMI
2037 338 2356 396 ARCillEP.
2394 336 2936 396 CONSTANTINOP.

3592 338 3702 393 380

2100 452 2215 509 Hoc
2242 453 2416 524 ipsum
2446 462 2500 508 et
2527 467 2626 523 ego
2650 453 2808 522 cupio
2831 493 2846 517 ,
2877 466 2977 508 nec
3005 451 3183 507 minus
3224 460 3357 521 opto
3398 466 3568 522 quam
3611 469 3712 509 vos

2102 555 2371 616 parentes,
2390 552 2448 599 ut
2471 544 2527 598 in
2538 552 2813 615 paternam
2835 542 3057 598 redeant
3080 542 3294 597 domum
3331 551 3393 597 et.
3417 543 3717 598 alimento-

2102 649 2221 691 rum
2251 633 2395 689 vices
2413 632 2725 704 parentlbus
2752 632 3008 699 referant,
3039 633 3230 703 quibus
3246 632 3566 689 reddendis
3585 634 3720 690 vici-

2082 724 2205 779 .bue
2228 723 2313 778 his
2340 723 2542 779 similes
2566 738 2852 794 numquam
2877 723 3145 793 reperiant
3170 740 3186 777 :
3213 739 3412 778 verum
3436 723 3546 779 hoc
3570 740 3716 781 nunc

2105 816 2174 871 ab
2199 816 2304 872 illis
2329 830 2437 871 non
2463 816 2758 886 exigamus.
2787 816 3065 885 Quomodo
3092 818 3237 871 enim
3260 816 3570 873 absurdum
3601 832 3713 874 non

2108 905 2284 975 fuerit,
2318 908 2364 962 si
2387 922 2511 963 cum
2534 908 2601 962 ad
2622 908 2898 962 literarum
2927 921 3021 963 eos
3050 906 3224 962 studia
3251 907 3550 975 mittimus,
3584 908 3709 964 lon-

2107 1013 2176 1069 go
2204 1013 2299 1055 eos
2329 1006 2569 1068 tempore
2589 999 2759 1069 patria
2785 1011 3056 1060 arcemus,
3083 1006 3139 1053 et
3162 999 3207 1053 si
3237 1008 3293 1053 ut
3315 1007 3501 1054 artem
3522 1013 3719 1069 quam-

2106 1089 2232 1145 dam
2259 1090 2646 1156 mechanicam,
2665 1100 2755 1145 aut
2785 1091 2943 1145 aliam
2968 1091 3208 1146 viliorem
3231 1092 3503 1159 ediscant,
3518 1091 3718 1148 domus

2112 1185 2340 1254 propriae
2360 1183 2506 1238 aditu
2538 1183 2923 1250 interdicimus,
2953 1191 3007 1238 et
3033 1183 3085 1238 in
3104 1184 3342 1255 magistri
3361 1184 3536 1239 domo
3552 1200 3718 1254 pran-

2110 1275 2241 1329 dere
2266 1284 2321 1330 et
2347 1275 2583 1330 dormire
2602 1274 2883 1345 jubemus;
2914 1289 3037 1329 cum
3066 1283 3244 1329 autem
3269 1290 3382 1329 non
3409 1274 3713 1330 humanam

2112 1365 2398 1436 quamdam
2448 1365 2805 1435 disciplinam,
2853 1365 2949 1421 sed
2986 1365 3254 1421 caelestem
3310 1365 3716 1436 philosophiam

2113 1457 2307 1513 adituri
2334 1464 2477 1524 sunt,
2498 1457 2676 1512 statim
2690 1457 3330 1527 retrahimus,antequam
3359 1457 3418 1512 id
3449 1457 3547 1512 ﬁat
3570 1457 3713 1528 quod

2113 1549 2397 1621 Optamus?
2422 1552 2596 1621 Atque
2615 1551 2661 1606 is
2684 1550 2899 1620 quidem
2918 1592 2932 1618 ,
2959 1551 3049 1620 qui
3074 1565 3171 1621 per
3207 1562 3498 1607 extensum
3535 1549 3714 1605 funem

2114 1658 2332 1700 currere
2356 1643 2579 1699 docetur
2598 1685 2615 1713 ,
2642 1642 2733 1698 diu
2761 1642 2932 1698 aberit
2955 1643 3150 1711 domo;
3177 1657 3271 1698 eos
3297 1651 3509 1711 autem,
3540 1643 3631 1712 qui
3653 1657 3718 1697 ex

2118 1743 2258 1791 terra
2306 1736 2363 1789 in
2407 1734 2600 1801 calum
2650 1735 2867 1791 avolare
2911 1735 3160 1802 discunt,
3215 1749 3341 1790 cum
3394 1734 3717 1805 parentibus

2116 1826 2458 1882 claudemus?
2486 1825 2623 1892 Quid
2652 1825 2753 1882 hac
2771 1826 3103 1882 absurditate
3115 1827 3280 1897 possit
3291 1841 3419 1882 esse
3440 1826 3720 1881 deterius?

2116 1917 2303 1973 Nonne
2322 1917 2582 1987 agricolas
2606 1916 2817 1984 videtis,
2845 1917 3053 1973 etiamsi
3079 1918 3322 1973 laborum
3343 1916 3583 1972 fructum
3602 1931 3721 1986 per-

2116 2011 2295 2081 cipere
2316 2009 2584 2080 gestiant,
2611 2009 2924 2067 immaturos
2949 2021 3128 2066 tamen
3148 2010 3269 2066 illos
3293 2024 3599 2082 numquam
3624 2008 3719 2066 de-

2118 2109 2321 2157 metere
2335 2100 2360 2155 ἲ

2118 2217 2126 2238 ι
2190 2192 2305 2247 Mos
2333 2200 2441 2247 erat
2461 2191 2798 2247 adolescentes
2818 2192 2887 2246 ad
2914 2199 3113 2264 tempus
3137 2199 3333 2246 tantum
3364 2192 3425 2247 in
3452 2201 3710 2246 monaste-

2118 2286 2197 2338 rio
2223 2284 2423 2354 degere.
2449 2312 2523 2323 —
2546 2282 2689 2355 Ergo
2722 2297 2825 2338 nec
2852 2282 2992 2338 ﬁlios
3021 2291 3234 2339 nostros
3262 2298 3293 2338 a
3320 2282 3536 2339 deserti
3563 2297 3716 2339 com-

2119 2376 2418 2433 moratione
2463 2383 2590 2431 ante
2639 2382 2851 2446 tempus
2898 2375 3272 2442 abducamus;
3322 2375 3429 2431 sed
3481 2376 3719 2430 sinamus

2118 2469 2430 2539 disciplinas
2447 2467 2607 2522 altius
2627 2466 2861 2537 imprimi
2886 2476 2941 2522 et
2968 2467 3178 2538 plantas
3199 2466 3477 2523 radicibus
3500 2466 3714 2521 ﬁrmari.

2120 2560 2341 2617 Etiamsi
2370 2562 2581 2631 decem,
2612 2562 2823 2618 etiamsi
2862 2562 3044 2634 viginti
3082 2576 3251 2617 annos
3299 2561 3357 2615 in
3391 2560 3718 2615 monasterio

2118 2653 2188 2707 ali
2215 2662 2482 2724 oporteat,
2509 2669 2580 2710 ne
2621 2655 2922 2721 turbemur,
2960 2668 3061 2708 nec
3099 2667 3332 2708 mcerore
3380 2652 3713 2715 efﬁciamur;

2118 2754 2317 2814 quanto
2342 2746 2486 2802 enim
2516 2746 2716 2803 diutius
2741 2746 2793 2800 in
2823 2746 3105 2818 gymnasio
3131 2745 3544 2809 exercitabitur,
3573 2751 3717 2821 tanto

2119 2839 2351 2908 majores
2378 2838 2704 2909 adipiscetur
2734 2840 2893 2894 vires.
2927 2839 3039 2894 imo
3069 2839 3113 2894 si
3140 2840 3371 2909 placeat,
3407 2853 3478 2893 ne
3510 2846 3717 2906 tempus

2118 2932 2458 3001 deﬁniamus,
2494 2932 2589 2989 sed
2618 2934 2879 2988 terminus
2905 2932 2975 2989 sit
3012 2932 3103 2989 ille
3128 2940 3360 2997 tantum,
3407 2931 3502 3003 qui
3532 2930 3713 2985 insitos

2119 3023 2323 3081 fructus
2368 3026 2538 3096 possit
2578 3024 2645 3079 ad
2693 3012 3055 3079 maturitatem
3099 3023 3438 3099 perducere;
3491 3032 3719 3089 tuncque

2119 3116 2307 3172 redeat
2345 3132 2413 3173 ex
2455 3117 2767 3184 solitudine,
2814 3132 2922 3170 non
2962 3124 3142 3171 autem
3186 3123 3367 3171 antea.
3405 3115 3551 3170 Nihil
3576 3115 3715 3170 enim

2120 3208 2275 3264 nobis
2306 3209 2543 3279 proderit
2572 3210 2664 3264 illa
2701 3209 2969 3273 celeritas,
3003 3208 3106 3283 nisi
3145 3216 3205 3263 ut
3240 3207 3308 3263 ad
3348 3207 3712 3263 maturitatem

2121 3317 2410 3372 numquam
2454 3303 2754 3372 perveniat.
2782 3301 2883 3369 Qui
2922 3302 3066 3356 enim
3109 3310 3235 3355 ante
3278 3308 3499 3372 tempus
3527 3298 3711 3354 radicis

2120 3393 2376 3448 alimento
2391 3392 2718 3458 destituitur,
2743 3393 2788 3446 is
2807 3391 3044 3463 profecto
3066 3406 3134 3446 ne
3153 3389 3486 3447 adveniente
3504 3388 3709 3460 quidem

2121 3491 2361 3554 tempore
2386 3484 2530 3540 utilis
2558 3483 2680 3539 erit.
2707 3482 2860 3551 Quod
2887 3490 3034 3538 utne
3061 3481 3289 3548 accidat,
3317 3480 3710 3552 separationem

2121 3575 2263 3630 illam
2292 3577 2559 3646 patienter
2595 3576 2866 3641 feramus;
2894 3589 2995 3630 nec
3023 3574 3197 3629 solum
3239 3588 3347 3629 non
3387 3587 3707 3646 urgeamus,

2120 3664 2214 3720 sed
2247 3665 2295 3720 si
2321 3674 2643 3736 praemature
2671 3665 2849 3720 redire
2887 3665 3085 3733 velint,
3129 3664 3520 3735 prohibeamus
3551 3682 3565 3718 :
3593 3678 3709 3734 per-

2121 3755 2317 3812 fectum
2345 3758 2485 3812 enim
2515 3766 2640 3812 tunc
2664 3757 2870 3812 lucrum
2901 3756 3119 3812 accedet
3146 3764 3200 3812 et
3223 3756 3362 3827 patri
3393 3768 3452 3813 et
3479 3756 3631 3811 matri
3660 3764 3710 3809 et

2121 3850 2303 3905 domui
2340 3858 2395 3904 et
2418 3850 2618 3906 civitati
2647 3858 2703 3905 et
2731 3850 2897 3921 genti.
2930 3850 3025 3906 Sin
3053 3864 3180 3905 vero
3214 3849 3564 3920 imperfectus
3590 3848 3707 3903 red-

2121 3949 2228 4009 eat,
2259 3940 2515 3996 ridiculus
2535 3942 2658 4008 erit,
2683 3941 2895 4011 probris
2921 3941 3218 4012 expositus,
3239 3940 3473 4011 aliisque
3502 3939 3707 3995 noxius.

2121 4033 2200 4089 Ne
2227 4034 2386 4105 igitur
2413 4033 2725 4088 detrimenti
2754 4033 3059 4104 hujusmodi
3088 4041 3334 4088 auctores
3360 4034 3553 4088 simus.
3583 4030 3708 4086 Nam

2122 4141 2241 4181 cum
2276 4141 2500 4196 peregre
2522 4124 2661 4180 ﬁlios
2685 4125 2967 4190 mittimus,
2995 4132 3121 4179 tunc
3140 4123 3354 4178 demum
3384 4124 3511 4179 illos
3533 4122 3708 4177 videre

2123 4216 2391 4282 volumus,
2436 4230 2558 4270 cum
2604 4214 2655 4269 id
2701 4212 3054 4286 perfeceriut,
3095 4213 3248 4284 cujus
3286 4228 3449 4269 causa
3494 4208 3705 4284 profecti

2124 4316 2282 4374 sunt;
2312 4307 2356 4362 si
2377 4315 2501 4362 ante
2522 4307 2765 4372 redeant,
2790 4320 2894 4361 non
2919 4312 3122 4360 tantum
3144 4320 3210 4360 ex
3230 4303 3405 4359 reditu
3429 4300 3713 4373 voluptatis

2123 4399 2382 4468 capimus,
2413 4410 2666 4469 quantum
2694 4414 2758 4453 ex
2785 4414 2852 4453 eo
2881 4398 3149 4465 maeroris,
3175 4393 3706 4469 quodfrustraredie-

2123 4489 2252 4544 riut.
2276 4490 2379 4556 Qui
2405 4491 2565 4560 igitur
2594 4506 2700 4544 non
2728 4504 2949 4545 summae
2973 4489 3282 4545 stoliditatis
3304 4488 3485 4555 fuerit,
3512 4496 3703 4543 tantam

2126 4581 2179 4633 in
2205 4580 2569 4651 Spiritualibus
2597 4596 2702 4636 non
2733 4580 2989 4636 adhibere
3015 4595 3220 4645 curam,
3253 4589 3509 4650 quantam
3538 4579 3593 4632 in
3613 4590 3706 4629 sac—

2125 4671 2432 4739 cularibus;
2471 4681 2632 4741 atque
2673 4670 2746 4726 ibi
2783 4670 3001 4741 quidem
3049 4671 3278 4726 ﬁliorum
3319 4669 3702 4741 separationem

2127 4773 2234 4819 tam
2278 4765 2648 4835 philosophice
2690 4763 2860 4832 ferre,
2902 4775 2961 4819 ut
3002 4779 3121 4819 eam
3166 4763 3551 4819 diuturniorem
3591 4770 3706 4814 esse

2126 4865 2392 4927 optemus,
2436 4856 2483 4912 si
2522 4855 2590 4912 de
2633 4857 2747 4912 utili
2786 4859 3037 4928 quopiam
3079 4866 3302 4927 agatur;
3350 4855 3438 4910 hic
3462 4866 3588 4908 vero
3631 4850 3699 4907 ita

2126 4950 2313 5005 molles
2342 4958 2398 5005 et
2422 4949 2602 5004 animo
2630 4947 2827 5004 fractos
2854 4965 2994 5017 esse,
3024 4964 3145 5004 eum
3176 4948 3251 5003 illi
3278 4947 3698 5018 proﬁciscuntur,

2126 5050 2184 5097 ut
2230 5041 2332 5098 hac
2380 5051 2561 5098 nostra
2613 5043 3051 5112 pusillanimitate
3099 5042 3266 5097 multa
3308 5047 3702 5109 corrumpamus

2125 5135 2265 5191 bona
2299 5153 2313 5190 :
2342 5144 2398 5191 et
2422 5136 2537 5191 haec
2561 5150 2684 5191 cum
2713 5136 2867 5206 plura
2891 5136 3080 5191 solatia
3111 5135 3424 5202 habeamus,
3454 5148 3558 5190 non
3590 5138 3699 5184 tan-

2128 5236 2258 5293 tum,
2289 5227 2433 5297 quod
2471 5227 2548 5282 illi
2588 5226 2655 5281 ad
2687 5227 2888 5298 majora
2918 5243 2980 5284 se
3003 5227 3304 5293 conferant,
3334 5236 3390 5282 et
3420 5227 3573 5280 ﬁnem
3600 5221 3698 5274 sint

2126 5331 2348 5387 prorsus
2376 5318 2737 5387 assequuturi,
2770 5317 3055 5388 nullusque
3085 5318 3200 5387 spei
3226 5318 3437 5373 futurus
3463 5312 3696 5375 sitobex,

2124 5409 2220 5466 sed
2245 5410 2407 5465 etiam
2429 5409 2573 5479 quod
2592 5410 2659 5465 ad
2687 5411 2855 5481 ipsam
2878 5411 3269 5481 separationem
3297 5408 3553 5481 pertinet?
3572 5404 3693 5460 Nam

2124 5501 2170 5556 si
2211 5501 2694 5571 peregrinationem
2727 5501 2802 5556 illi
2832 5501 3177 5573 longi-nquam
3207 5500 3568 5573 susceperint,
3596 5507 3692 5548 non

2124 5594 2280 5650 facile
2320 5603 2401 5649 est
2430 5595 2551 5650 illos
2586 5595 2899 5663 convenire,
2936 5590 3065 5651 'cum
3095 5597 3329 5651 maxime
3366 5601 3605 5667 parentes
3629 5583 3689 5639 ad

2126 5696 2453 5742 senectutem
2484 5688 2862 5757 pervenerint;
2908 5687 2994 5743 hic
3032 5697 3213 5744 autem
3252 5689 3377 5744 illos
3408 5687 3691 5755 frequenter

2124 5776 2272 5834 adire
2300 5777 2443 5834 licet.
2469 5776 2526 5834 ld
2553 5792 2681 5851 ergo
2711 5777 2989 5847 faciamus,
3017 5795 3140 5836 cum
3166 5779 3240 5836 illi
3266 5779 3495 5837 nondum
3519 5771 3580 5830 ad
3600 5779 3685 5825 nos
