4032 6466
223 396 304 456 Πθ
947 401 1316 462 ADVERSUS
1351 405 1910 469 OPPUGNATORES
1953 411 2134 469 VszE
2175 413 2483 472 MONAST.
2525 415 2655 474 LIB.
2698 417 2790 474 lll.

221 513 292 567 καὶ
303 510 373 566 διὰ
399 513 496 586 τὴν
519 513 576 569 ἐν
603 515 754 587 μέσῳ
771 515 1118 590 διαστροφὴν,
1147 521 1368 587 τούτους
1398 526 1474 590 ὡς
1503 526 1604 597 ήδη
1627 543 1840 598 κατωρ-

217 607 416 675 θωκὸτας
440 612 535 665 καὶ
561 611 1164 686 γενομένους.ίσχυροὺς
1199 620 1280 682 είς
1317 620 1485 690 μέσον
1521 620 1721 690 ἐλκεις,
1749 634 1816 677 κα
1847 637 1860 676 '.

3509 420 3618 476 380

1945 528 2140 593 αὐτοὺς
2162 567 2178 594 ,
2214 531 2308 583 καὶ
2335 529 2532 602 τέχνην
2563 531 2829 602 βάναυσόν
2851 547 2972 586 τινα
2997 532 3032 604 ἢ
3067 531 3160 586 καὶ
3193 532 3388 604 ἑτέραν
3417 535 3620 604 φαυλος-

1942 615 2109 686 τέραν
2149 615 2442 686 μανθάνειν
2474 617 2756 688 μέλλουσιν
2808 619 3006 674 ἄϐατον
3040 619 3360 674 καθιστάναι
3394 621 3493 694 τήν
3540 625 3620 676 oi-

211 707 292 760 οὐκ
305 707 386 778 ἐᾷς
410 707 745 774 ἀπελθόντας
779 711 1154 780 γυμνάζεσθαι
1180 715 1273 768 ἐπὶ
1302 717 1402 787 τῆς
1425 719 1661 789 ἐρημίας
1682 759 1698 784 ⁷
1733 720 1852 774 ὥς..
1885 721 1915 772 ς
1943 703 2101 769 κίαν,
2133 705 2192 758 ἐν
2228 703 2549 758 διδασκάλου
2603 705 2750 776 οἰκίᾳ
2779 707 2874 760 καὶ
2920 707 3148 778 ἀριστᾷν
3194 709 3290 762 καὶ
3335 709 3617 764 καθεύδειν

206 817 295 874 περ
318 803 376 857 ἂν
402 805 456 858 et
475 821 560 869 τις
580 806 672 859 τὸν
703 807 802 876 μὲν
829 807 1001 878 μυρία
1039 808 1341 881 δυνάμενον
1373 815 1570 884 στῆσαι
1601 816 1836 887 τρόπαια

205 899 369 974 κελεύῃ
391 901 459 954 τὰ
499 901 769 973 πολεμικά
799 903 1032 975 μελετᾷν
1065 906 1152 976 ἐφ’
1181 907 1441 979 ἡσυχίας,
1475 910 1566 966 τὸν
1601 911 1658 965 δὲ
1679 911 1839 966 ἀπει-

201 1013 282 1069 ρον
303 999 385 1052 καὶ
412 997 532 1050 οὐδὲ
559 1000 639 1062 είς
658 999 838 1072 μάχην
867 1001 1187 1072 παρακύψαι
1213 1003 1532 1076 δυνάμενον,
1561 1007 1748 1062 τοῦτον
1769 1009 1838 1063 δι’

197 1097 309 1150 αὐτὸ
333 1095 485 1150 τοῦτο
512 1096 570 1150 ἐν
596 1099 661 1168 τῇ
693 1097 842 1170 μάχῃ
867 1099 1194 1170 στρέφεσθαι
1215 1101 1500 1174 νομοθετῇ,
1518 1105 1594 1169 ώς
1608 1105 1840 1160 δυσκατ-

193 1193 404 1265 όρθωτον
433 1194 494 1248 τὸ
515 1196 749 1267 πρᾶγμα
763 1195 939 1262 τοῦτο,
959 1196 1180 1268 μείζονα
1194 1199 1262 1254 τὰ
1281 1199 1582 1272 κωλύματα
1598 1215 1625 1244 ει
1643 1203 1832 1269 τιθείς.

193 1291 315 1361 Πρὸς
335 1291 390 1345 δὲ
417 1289 627 1355 τούτοις
659 1279 880 1346 κάκεῖνο
926 1293 1122 1348 εἰδέναι
1160 1296 1303 1367 χρὴ,
1333 1297 1415 1350 ὅτι
1447 1298 1549 1352 ούκ
1575 1298 1654 1352 ένι
1699 1301 1838 1371 μετά

189 1388 346 1459 γάμον
376 1389 564 1460 κύριον
592 1389 788 1444 ἑαυτοῦ
815 1385 976 1455 εἶναι,
1005 1391 1123 1444 ἀλλ’
1157 1381 1371 1466 ἀνάγκη
1403 1395 1550 1450 δυοῖν
1583 1396 1834 1470 θάτερον,

186 1487 214 1558 ἢ
239 1485 516 1550 διαπαντὸς
532 1484 744 1557 ὁμιλεῖν
771 1488 838 1558 τῇ
869 1487 1117 1556 γυναικὶ,
1144 1487 1211 1544 ἂν
1239 1489 1424 1562 ἐκείνη
1449 1491 1608 1546 τοῦτο
1637 1494 1835 1566 βούλη-

181 1603 280 1649 ται,
293 1583 436 1658 [108]
453 1585 486 1657 ἦ
505 1584 834 1657 βουλομένης
849 1587 1274 1657 ἐγκρατεύεσθαι
1289 1590 1600 1646 ἀποστάντα
1618 1594 1834 1665 μοιχείᾳ

178 1682 502 1737 ἁλίσκεσθαι.
528 1681 594 1736 Τί
608 1681 690 1736 δεῖ
705 1682 885 1752 λέγειν
898 1683 1000 1747 τὰς
1028 1684 1193 1750 ἄλλας
1209 1686 1454 1755 ἀνάγκας
1477 1688 1585 1742 τῶν
1603 1689 1831 1757 παίδων,

175 1781 266 1852 τῆς
293 1780 468 1844 οἰκίας
491 1779 592 1844 τάς
628 1781 930 1851 φροντίδας,
979 1782 1037 1836 αῖ
1071 1785 1253 1838 πᾶσαν
1301 1784 1612 1858 προθυμίαν
1648 1787 1833 1842 ἱκαναὶ

172 1875 454 1949 ἀμϐλῦναι,
471 1875 564 1930 καὶ
595 1875 794 1948 πολλὴν
815 1877 914 1949 τῆς
946 1877 1125 1951 ψυχῆς
1144 1881 1547 1936 κατασκεδάσαι
1565 1883 1829 1958 ’νάρκηνς

243 1977 324 2042 ιη’.
369 1971 461 2024 Διὸ
485 1970 709 2042 βέλτιον,
736 1972 925 2044 κύριον
951 1975 1080 2028 ὅντα
1101 1977 1195 2030 καὶ
1210 1975 1500 2048 λελυμένον
1527 1978 1592 2032 ἐκ
1607 1977 1830 2050 πρώτης

175 2067 402 2134 ὁπλίζειν
441 2067 540 2140 τῆς
583 2068 824 2140 ἡλικίας,
863 2071 924 2124 οὐ
955 2071 1062 2126 τῶν
1089 2073 1396 2145 εἰρημένων
1425 2073 1612 2128 ἕνεκεν
1648 2076 1828 2147 μόνον,

165 2164 298 2219 ἀλλά
317 2165 412 2218 καὶ
440 2163 534 2218 τοῦ
565 2165 900 2238 ῥηθήσεσθαι
932 2167 1214 2238 μέλλοντος
1229 2170 1327 2241 οὐχ
1347 2166 1508 2243 ἦττον
1538 2171 1572 2244 ἢ
1599 2171 1827 2228 τούτων.

175 2259 230 2314 ’0
254 2261 352 2332 μὲν
377 2259 488 2332 γὰρ
525 2261 664 2332 πρὸς
684 2260 932 2341 τῷιτέλει
954 2263 1049 2317 τοῦ
1081 2263 1196 2336 βίου
1221 2266 1661 2339 τῆςφιλοσοφίας
1688 2267 1830 2338 ἀψά-

163 2373 320 2428 μενος
343 2355 584 2430 ταύτης,
625 2353 1116 2416 πάνταάναλίσκει
1139 2361 1231 2417 τὸν
1270 2363 1484 2435 χρόνον,
1509 2365 1596 2419 ἵνα
1628 2365 1830 2439 δυνηθῇ

159 2454 226 2507 τά
251 2454 522 2526 γενόμενα
546 2455 690 2509 κατὰ
727 2455 825 2527 τὴν
855 2455 1167 2528 ἔμπροσθεν
1201 2457 1418 2530 ἡλικίαν
1452 2460 1832 2532 ἁμαρτήματα

157 2551 524 2622 ἀπονίψασθαι
542 2593 558 2620 ,
581 2555 677 2607 καλ⁸
703 2557 852 2608 πᾶσα
871 2557 952 2620 είς
989 2554 1148 2610 τοῦτο
1184 2557 1216 2626 ὴ
1253 2556 1458 2628 σπουδὴ
1487 2557 1794 2614 δαπανᾶται
1814 2577 1826 2590 ·

157 2653 251 2706 καὶ
281 2653 404 2706 οὐδὲ
435 2651 577 2707 οὕτω
621 2652 878 2718 πολλάκις
913 2653 1095 2725 ἀρκεῖ,
1123 2654 1238 2708 ἀλλ’
1268 2655 1570 2726 ἀπέρχεται
1600 2658 1830 2729 λείψανα

152 2749 264 2806 τῶν
294 2749 525 2822 πληγῶν
547 2749 688 2822 έχων
707 2767 720 2780 ·
744 2753 773 2806 ό
805 2751 863 2805 δὲ
895 2753 962 2804 ἐκ
993 2750 1216 2823 πρώτης
1240 2752 1459 2824 ἡλικίας
1483 2755 1832 2828 ἀποδυσάμε-

155 2863 264 2912 νος,
277 2847 378 2900 οὐκ
403 2849 484 2911 εἰς
507 2847 664 2902 τοῦτο
687 2847 901 2919 δαπανᾷ
916 2848 1006 2902 τὸν
1019 2848 1231 2919 χρόνον,
1255 2849 1378 2903 οὐδὲ
1404 2848 1642 2922 κάθηται
1664 2851 1831 2924 τραύ-

155 2961 303 3014 ματα
343 2943 685 3016 θεραπεύων,
711 2945 824 2999 ἀλλ’
864 2947 930 3000 ἐκ
958 2944 1258 3018 προοιμίων
1286 2946 1554 3018 λαμϐάνει
1589 2948 1660 3002 τά
1693 2948 1830 3021 βρα-

150 3039 302 3094 ϐεἰα’
347 3041 586 3114 κάκείνῳ
619 3043 720 3114 μὲν
744 3042 1028 3114 ἀγαπητὸν
1050 3043 1149 3109 τὰς
1185 3045 1354 3116 ἥττας
1377 3045 1830 3116 ἀναμαχέσασθαι

149 3139 358 3206 πάσας,
379 3133 535 3202 οὗτος
563 3139 621 3192 δὲ
649 3139 715 3192 ἐκ
744 3139 991 3210 βαλϐῖδος
1021 3141 1196 3212 αὐτῆς
1222 3141 1461 3213 τρόπαια
1493 3142 1696 3213 ἵστησι,
1736 3143 1832 3195 καὶ

147 3235 309 3300 νίκας
359 3236 622 3291 συνάπτει
648 3235 860 3300 νίκαις·
913 3237 1166 3308 καθάπερ
1211 3255 1296 3303 τις
1315 3237 1740 3309 Ὀλυμπιονίκης
1764 3239 1830 3292 ἐκ

148 3333 378 3406 πρώτης
397 3333 611 3405 ἡλικίας
634 3331 701 3386 δι’
723 3333 1077 3404 ἀναρρήσεων
1091 3334 1186 3388 ἐπὶ
1207 3335 1270 3388 τδ
1289 3336 1466 3406 γῆρας
1485 3335 1706 3402 ὁδεύων,
1733 3334 1828 3390 οὓ-

145 3450 257 3496 τως
290 3433 512 3486 ἄπεισιν
546 3432 695 3497 ἐκεῖ,
751 3430 966 3502 μυρίοις
1003 3431 1102 3502 τὴν
1143 3432 1388 3504 κεφαλὴν
1421 3433 1830 3504 ἀναδησάμενος

143 3529 462 3596 στεφάνοις.
488 3529 663 3583 Τίνων
683 3525 777 3582 οὖν
801 3527 980 3598 βούλει
1013 3525 1152 3582 εἶναι
1176 3529 1268 3583 τὸν
1299 3529 1414 3583 υίόν
1437 3547 1452 3597 ;
1483 3529 1592 3584 τῶν
1613 3530 1702 3584 διά
1729 3531 1829 3603 τὴν

141 3624 359 3696 πολλὴν
390 3625 703 3698 παρρησίαν
741 3626 837 3678 καὶ
876 3624 1015 3696 πρὸς
1047 3623 1247 3687 αὐτοὺς
1285 3625 1415 3688 τοὺς
1453 3623 1829 3697 ἀρχαγγέλους

139 3721 472 3792 ἀντιϐλέψαι
485 3721 819 3792 δυναμένων,
837 3720 870 3792 ἦ
888 3721 1112 3774 ἐκείνων
1126 3719 1236 3775 τῶν
1262 3721 1402 3792 μετὰ
1424 3721 1642 3774 πάντων
1659 3720 1828 3776 ἐστώ-

137 3835 278 3884 των,
300 3819 402 3872 καὶ
419 3812 518 3890 τὴν
537 3817 773 3888 ἐσχάτην
791 3811 1100 3888 τηρούντων
1115 3816 1269 3881 τάξιν
1289 3833 1304 3882 ;
1322 3817 1433 3889 Τὴν
1461 3817 1697 3890 ἐσχάτην
1719 3818 1828 3891 γὰρ

135 3916 414 3990 λήψονται
444 3915 682 3980 πάντως,
705 3915 802 3968 καὶ
828 3913 1052 3986 ταύτην,
1076 3914 1204 3968 ὅταν
1234 3913 1507 3986 δυνηθῶσι
1553 3913 1732 3969 πάντα
1761 3917 1830 3969 τά

133 4013 455 4084 κωλύματα
479 4013 797 4085 διαδραμεῖν
815 4053 829 4079 ,
854 4011 998 4082 άπερ
1031 4011 1058 4052 b
1089 4011 1566 4084 ἀπηριθμησάμην
1589 4011 1703 4078 νῦν,
1735 4013 1830 4066 καὶ

137 4113 289 4184 μήτε
321 4111 504 4183 ἄωρος
529 4112 931 4184 προαναρπάσῃ
951 4110 1180 4172 θάνατος
1204 4149 1218 4175 ,
1257 4110 1396 4180 μήτε
1437 4109 1543 4162 ὑπὸ
1571 4108 1828 4188 γυναικὸς

131 4210 473 4266 κωλυθῶσιν
504 4210 747 4282 ὕστερον,
780 4210 919 4281 μήτε
960 4207 1197 4263 τοσαῦτα
1231 4206 1523 4278 τραύματα
1567 4206 1823 4272 λάϐωσιν,

131 4307 214 4372 ώς
241 4308 327 4380 μὴ
369 4306 662 4380 δυνηθῆναι
691 4307 876 4370 αὐτοῖς
909 4305 1000 4359 τὸν
1036 4303 1132 4359 τοῦ
1161 4305 1347 4376 γήρως
1376 4305 1607 4375 ἀρκέσαι
1635 4303 1826 4374 χρόνον

129 4406 284 4476 πρὸς
306 4405 414 4477 τὴν
434 4404 731 4478 θεραπείαν
760 4403 1003 4469 ἐκείνων,
1018 4403 1119 4474 τήν
1146 4419 1206 4454 τε
1228 4401 1456 4474 γνώμην
1491 4401 1692 4473 μένωσι
1715 4401 1828 4455 δια-

127 4501 356 4566 παντὸς
381 4501 676 4574 τηροῦντες
693 4501 916 4574 βεϐαίαν
932 4502 1027 4555 καὶ
1044 4500 1322 4570 ἀκίνητον.
1342 4501 1512 4554 Ὅταν
1527 4499 1636 4570 γὰρ
1656 4499 1828 4553 ταῦτα

123 4598 332 4656 πάντα
369 4597 621 4670 συνέλθῃ,
648 4597 772 4651 τότε
804 4597 958 4668 μόλις
992 4598 1050 4650 ἐν
1077 4599 1191 4661 τοῖς
1219 4595 1470 4667 ἐσχάτοις
1489 4596 1823 4662 τετάξονται.

121 4695 378 4750 Τούτων
405 4692 500 4750 οὖν
524 4694 704 4766 βούλει
737 4689 879 4750 εἶναι
909 4697 1001 4750 τὸν
1033 4695 1148 4748 υἱὸν
1169 4735 1182 4758 ,
1211 4694 1244 4766 ἢ
1271 4695 1379 4749 τῶν
1403 4697 1460 4749 ἐν
1481 4693 1560 4765 τῷ
1592 4691 1828 4766 μετώπῳ

120 4793 235 4864 τῆς
266 4794 562 4865 φάλαγγος
588 4793 952 4866 λαμπόντων;
975 4795 1082 4846 Καὶ
1105 4793 1189 4856 τίς
1214 4791 1377 4857 οὕτω,
1409 4793 1592 4864 φησὶν,
1625 4791 1826 4860 ἄθλιος,

114 4891 204 4956 ὡς
221 4893 428 4945 ἐκεῖνα
447 4891 666 4962 μᾶλλον,
686 4891 721 4963 ἢ
736 4889 911 4945 ταῦτα
930 4889 1416 4954 συνεύξασθαιτοῖς
1430 4889 1618 4943 παισίν
1637 4888 1829 4955 mm

112 4988 447 5060 συνήθειαν
473 4989 863 5062 ἐπιζητοῦμεν,
883 4988 977 5042 καὶ
997 4989 1094 5042 σὺν
1123 4989 1255 5059 ἡμῖν
1269 4987 1467 5050 αὐτοὺς
1481 4982 1827 5058 εἷναιβουλό-

107 5085 309 5157 μεθα.
327 5085 505 5140 Τοῦτο
521 5087 616 5142 καὶ
631 5087 793 5150 αὐτὸς
812 5085 1094 5156 βούλομαι,
1109 5085 1204 5137 καὶ¹
1220 5083 1373 5154 ὑμῶν
1387 5083 1486 5154 οὐχ
1499 5078 1660 5158 ἦττον
1673 5081 1828 5153 εὖχο-

111 5202 233 5256 μαι
267 5183 394 5239 τῶν
413 5187 856 5258 γεννησαμένων,
881 5186 962 5248 είς
983 5183 1082 5256 τὴν
1107 5182 1367 5254 πατρῴαν
1395 5183 1594 5254 αύτοῦς
1609 5183 1828 5238 ἐπανελ-

103 5283 246 5336 θεῖν
267 5281 484 5350 οἰκίαν,
511 5282 734 5337 καὶτῶν
750 5281 1018 5354 τροφείων
1045 5277 1338 5334 ἀποδοῦναι
1353 5278 1452 5342 τὰς
1479 5279 1736 5349 ἀμοιϐὰς,
1752 5273 1827 5336 ὧν

102 5378 256 5442 ἴσας
283 5379 400 5432 οὐκ
425 5377 491 5434 ἂν
517 5379 726 5452 εὕροιεν
756 5381 951 5452 ἐτέρας
967 5394 980 5408 ·
1011 5375 1149 5433 ἀλλά
1173 5375 1248 5448 μὴ
1279 5375 1370 5430 νῦν
1397 5385 1420 5414 ο
1452 5375 1648 5440 αὐτοὺς
1669 5378 1828 5433 τοῦτο

92 5473 492 5546 ἀπαιτῶμεν.
541 5477 665 5541 Πῶς
715 5477 823 5548 γὰρ
860 5477 961 5540 οὐκ
1015 5477 1213 5531 ἄτοπον
1267 5474 1362 5528 ἐπί¹
1417 5473 1596 5544 λόγοις
1650 5473 1680 5515 τι
1731 5477 1827 5546 μὲν

89 5574 475 5648 πέμποντας
500 5616 515 5644 ,
551 5576 720 5632 πολὺν
771 5577 962 5650 χρόνον
1010 5577 1104 5630 καὶ
1135 5575 1234 5649 τῆς
1273 5574 1527 5647 πατρίδος
1565 5574 1828 5646 ἐξορίζειν

170 5713 373 5778 f'Duo
393 5728 508 5765 mss.
531 5717 592 5766 τὰ
611 5716 818 5778 κύματα,
842 5717 1004 5765 minus
1024 5719 1180 5765 recte.

166 5774 207 5842 ξι
235 5776 420 5842 gavll.
465 5774 708 5842 διαδράναι
730 5774 867 5842 ἅπερ.

169 5841 198 5869 ε
229 5839 336 5889 Slc
359 5845 502 5889 recte
524 5837 696 5898 Sa‘vil.,
719 5837 858 5903 cuju's
876 5839 1168 5903 scxipluram
1187 5839 1486 5903 recepimus;
1516 5837 1716 5903 δῖοι-ειη
1741 5842 1806 5888 mi

84 5915 206 5964 nus
236 5907 426 5962 recte,
443 5903 666 5964 quamvis
689 5899 864 5964 eodem
887 5899 1036 5964 sensu
1054 5901 1223 5964 ,ἄλλα
1239 5899 1330 5962 μὴν
1348 5901 1405 5964 οὐ
1433 5899 1534 5950 νῦν.
1565 5900 1699 5964 Ευιτ.

161 5963 196 6004 δ
231 5963 488 6029 Οᾳιὶνυῐη
528 5963 871 6029 reget-ipsiqu
908 5973 937 6010 e
979 5963 1179 6015 Savilio.
1211 5963 1490 6027 Legebatur
1515 5963 1592 6014 ἐπὶ
1635 5963 1818 6029 λόγους.

83 6028 228 6079 Mox
257 6027 382 6078 duo
408 6038 522 6076 mss.
543 6025 808 6088 πέμποντα.
831 6023 965 6074 IDEM.
1069 6067 1076 6072 .
1151 6053 1155 6058 ι

1943 789 2298 854 κελεύονταςο
2333 789 2560 855 τούτους
2597 791 2654 845 δὲ
2695 792 2795 844 ούκ
2830 793 2916 846 ἐπ’
2962 793 3298 866 ἀνθρώπειον
3329 795 3618 863 μέλλοντας

1941 873 2198 946 ἔρχεσθαι
2253 877 2482 949 μάθημα
2508 918 2524 944 ,
2573 879 2688 932 ἀλλ’
2723 881 2816 934 ἐπὶ
2851 881 2949 952 τὴν
2981 883 3229 952 οὐράνιον
3273 883 3614 953 φιλοσοφίαν,

1940 960 2144 1026 εὐθέως
2183 963 2442 1031 ἀφέλκειν
2467 1002 2483 1028 ,
2507 965 2695 1038 πρὶνῆ
2722 965 2976 1034 γενέσθαι
3008 967 3144 1038 ὅπερ
3172 969 3470 1040 εύχόμεθα;
3505 971 3616 1026 Καὶ

1941 1049 2151 1116 σχοῖνον
2189 1047 2288 1118 μέν
2313 1066 2397 1113 τις
2427 1052 2730 1122 τεταμένην
2756 1053 3056 1124 διατρέχειν
3083 1053 3460 1124 διδασκόμενος
3476 1094 3491 1118 ,
3519 1071 3616 1107 πο-

1939 1133 2036 1188 λὺν
2067 1135 2258 1207 χρόνον
2285 1137 2653 1210 ἀποστήσεται
2678 1139 2786 1193 τῶν
2813 1139 3000 1204 αὐτοῦ,
3019 1143 3145 1204 τοὺς
3165 1141 3221 1194 δὲ
3249 1141 3618 1211 μανθάνοντας

1939 1220 2050 1274 ἀπὸ
2084 1223 2184 1292 τῆς
2207 1223 2310 1294 γῆς
2335 1223 2596 1278 πέτεσθαι
2633 1237 2658 1266 ο
2689 1228 2771 1290 είς
2797 1225 2892 1280 τὸν
2925 1226 3155 1297 οὐρανὸν
3179 1267 3194 1291 ,
3225 1227 3618 1295 συγκατακλεί-

1941 1324 2106 1379 σομεν
2137 1311 2252 1374 τοῖς
2293 1310 2546 1380 γονεῦσι;
2576 1313 2689 1366 Καὶ
2733 1313 2786 1366 τί
2816 1311 3021 1384 ταύτης
3053 1315 3152 1384 τῆς
3185 1313 3409 1382 ἀλογίας
3433 1316 3616 1385 χεῖρον

1937 1396 2135 1464 γένοιτ’
2179 1399 2279 1465 av;
2315 1401 2428 1470 Οὐχ
2450 1401 2613 1472 ὁρᾶτε
2636 1401 2763 1464 τοὺς
2794 1401 3074 1473 γεωργοὺς
3096 1441 3112 1467 ,
3143 1403 3248 1467 ἕντι,
3273 1401 3377 1456 κᾶν
3411 1401 3615 1472 σφόδρα

1937 1484 2265 1554 ἐπείγωνται
2311 1486 2420 1541 τῶν
2478 1488 2656 1542 πόνων
2715 1488 2900 1542 λαϐεῖν
2950 1487 3100 1561 [109]
3148 1490 3275 1552 τοὺς
3331 1489 3613 1560 καρποὺς,

1937 1573 2152 1646 ἀώρους
2177 1577 2378 1640 αὐτοὺς
2419 1579 2519 1632 οὐκ
2561 1577 2628 1632 ἂν
2660 1579 2981 1649 ἀνάσχοιντο
3018 1579 3292 1652 τρυγῆσαί
3324 1597 3496 1646 ποτε;

2017 1663 2109 1735 Μὴ
2137 1665 2316 1720 τοίνυν
2341 1665 2473 1737 μηδὲ
2502 1669 2663 1738 ἡμεῖς
2697 1666 2804 1736 πρὸ
2834 1667 2984 1738 ὥρας
3024 1669 3328 1739 ἀπάγωμεν
3349 1670 3450 1740 τῆς
3471 1669 3614 1723 κατὰ

1935 1749 2033 1822 τὴν
2063 1751 2300 1822 ἐρημίαν
2325 1751 2610 1826 διατριϐῆς
2635 1755 2763 1818 τοὺς
2798 1755 2969 1819 υἱοὺς,
2987 1755 3100 1808 ἀλλ’
3141 1759 3392 1827 ἐάσωμεν
3429 1757 3614 1820 αὐτοῖς

1936 1839 2250 1911 ἐμπαγῆναι
2275 1839 2344 1894 τὰ
2372 1841 2666 1912 μαθήματα
2688 1881 2707 1908 ,
2737 1843 2832 1896 καὶ
2871 1841 3163 1914 ῥιζωθῆναι
3192 1843 3260 1898 τά
3297 1844 3472 1914 φυτά·
3509 1846 3613 1898 κᾶν

1935 1927 2069 1982 δέκα
2090 1969 2105 1996 ,
2133 1929 2236 1984 κᾶν
2263 1930 2466 1984 εἴκοσιν
2492 1931 2586 2002 ἐτη
2615 1931 2913 2003 τρέφεσθαι
2957 1933 3152 1996 αὐτοὺς
3179 1935 3236 1986 ἐν
3265 1935 3614 2006 μοναστηρίῳ

1935 2016 2051 2090 δέῃ,
2085 2017 2162 2088 μὴ
2190 2017 2564 2090 θορυϐώμεθα,
2598 2021 2732 2090 μηδέ
2755 2019 3036 2090 ἀλύωμενο
3065 2022 3175 2092 ὅσῳ
3198 2019 3307 2092 γὰρ
3336 2019 3402 2074 ἂν
3438 2022 3605 2078 ἐνδια-

1934 2103 2099 2178 τρίϐῃ
2145 2104 2224 2175 τῷ
2261 2106 2548 2177 γυμνασίῳ
2584 2106 2781 2172 πλέον,
2819 2106 3061 2176 τοσούτῳ
3093 2106 3314 2160 πλείονα
3355 2109 3614 2178 κτήσεται

1934 2193 2035 2265 τὴν
2067 2193 2240 2265 ίσχύν.
2279 2193 2496 2248 Μᾶλλον
2522 2195 2600 2259 δὲ,
2636 2196 2686 2248 εί
2713 2195 2893 2260 δοκεῖ,
2930 2195 3067 2267 μηδὲ
3101 2196 3292 2267 χρόνον
3318 2196 3610 2269 ὁρίζωμεν,

1936 2281 2050 2334 ἀλλ’
2085 2281 2211 2353 ὅρος
2255 2283 2462 2346 ἐκεῖνος
2499 2281 2641 2337 έστω
2689 2282 2848 2354 μόνος
2887 2285 2914 2336 ὁ
2943 2283 3080 2352 πρὸς
3123 2282 3223 2354 τὴν
3252 2283 3437 2356 ἀκμὴν
3463 2284 3613 2354 ἄγων

1933 2371 2060 2433 τοὺς
2116 2372 2174 2423 ἐν
2227 2369 2376 2442 αὐτῷ
2427 2371 2792 2440 φυτευθέντας
2843 2371 3127 2444 καρποὺς,
3155 2372 3249 2425 καὶ
3281 2371 3402 2425 τότε
3451 2375 3613 2426 ἐπαν·

1934 2456 2176 2528 ἐρχέσθω
2207 2457 2314 2510 ἀπὸ
2343 2457 2440 2528 τῆς
2475 2458 2682 2529 ἐρήμου
2703 2497 2720 2525 ,
2751 2456 3013 2528 πρότερον
3061 2456 3121 2510 δὲ
3176 2458 3274 2529 μή.
3334 2458 3468 2512 Οὐδὲ
3500 2459 3608 2530 γὰρ

1936 2543 2087 2598 ἔσται
2113 2561 2164 2597 τι
2197 2543 2360 2598 πλέον
2386 2543 2495 2598 ἀπὸ
2530 2545 2630 2615 τῆς
2662 2545 2964 2615 ταχύτητος
2991 2545 3122 2615 ἡμῖν
3145 2544 3384 2614 ταύτης,
3427 2545 3542 2599 ἀλλ’
3573 2547 3606 2615 ἢ

1937 2632 1998 2686 τδ
2029 2633 2298 2704 μηδέποτε
2327 2632 2489 2686 αὐτὸν
2521 2631 2774 2702 γενέσθαι
2809 2631 3040 2704 ὦριμον.
3090 2634 3150 2686 '0
3179 2631 3288 2704 γὰρ
3327 2633 3432 2704 πρὸ
3459 2633 3608 2705 ῶρας

1935 2719 2036 2790 τῆς
2064 2721 2124 2774 ἐν
2169 2723 2236 2791 τῇ
2290 2719 2416 2794 ῥίζῃ
2443 2721 2648 2793 τροφῆς
2677 2720 3104 2790 ἀποστερηθεὶς,
3145 2720 3265 2774 οὐδὲ
3290 2720 3384 2774 τοῦ
3415 2722 3610 2792 καιροῦ

1938 2808 2382 2880 παραγενομένου
2427 2811 2700 2880 χρήσιμος
2747 2809 2898 2862 ἐσται
2947 2809 3134 2862 λοιπόν
3162 2827 3175 2840 ο
3207 2809 3344 2880 ὅπερ
3398 2809 3484 2864 ἵνα
3535 2811 3610 2881 μὴ

1933 2894 2156 2967 γένηται
2176 2935 2190 2959 ,
2241 2896 2596 2970 καρτερῶμεν
2620 2896 2713 2950 τὸν
2741 2896 3048 2967 χωρισμόν·
3088 2895 3183 2950 καὶ
3215 2896 3290 2968 μὴ
3322 2895 3480 2966 μόνον
3532 2899 3608 2967 μὴ

1935 2983 2367 3054 κατεπείγωμεν,
2399 2983 2535 3037 ἀλλά
2561 2985 2656 3037 καὶ
2686 2981 3081 3055 βουλομένους(
3117 2984 3291 3038 ἐλθεῖν
3324 2985 3431 3056 πρὸ
3459 2984 3610 3055 ῶρας

1934 3068 2248 3140 κωλύωμεν.
2297 3069 2676 3140 Ἀπαρτισθεὶς
2723 3071 2822 3140 μὲν
2858 3071 2969 3141 γὰρ
3007 3070 3185 3124 κοινὸν
3234 3070 3386 3126 ἔσται
3420 3071 3610 3142 κέρδος

1933 3157 2029 3210 καὶ
2075 3157 2244 3226 πατρὶ
2291 3157 2388 3210 καὶ
2444 3155 2611 3227 μητρὶ
2644 3157 2739 3210 καὶ
2775 3157 2925 3228 οἰκία
2962 3159 3057 3210 καὶ
3097 3157 3250 3211 πόλει
3278 3157 3373 3210 καὶ
3421 3157 3565 3211 ἔθνει
3593 3177 3606 3189 υ

1933 3244 2284 3316 ἀτελέστερος
2313 3244 2372 3297 δέ
2401 3243 2863 3315 παραγενόμενος,
2900 3245 3318 3313 καταγέλαστος
3335 3237 3485 3298 ἔσται
3511 3237 3610 3298 ’καὶ

1935 3333 2328 3396 ἐπονείδιστος,
2359 3333 2455 3385 καλ⁵
2484 3331 2662 3403 ἐαυτῷ
2687 3331 2783 3385 καὶ
2813 3335 2926 3396 τοῖς
2951 3332 3131 3396 ἄλλοις
3159 3333 3476 3403 ἐπιϐλαϐής.
3515 3333 3606 3402 Μὴ

1932 3419 1998 3490 δή
2021 3419 2290 3490 τοσαύτην
2311 3417 2672 3491 ἐργαζώμεθα
2690 3418 2912 3490 ζημίαν.
2936 3419 3046 3474 Καὶ
3065 3419 3176 3492 γὰρ
3195 3422 3274 3484 είς
3298 3420 3610 3491 ἀποδημίαν

1933 3507 2247 3578 πέμποντες
2274 3545 2292 3572 ,
2345 3507 2468 3561 τότε
2525 3505 2824 3578 βουλόμεθα
2864 3507 2990 3572 τοὺς
3044 3509 3196 3572 υἱοὺς
3254 3507 3382 3562 ίδεῖν
3415 3547 3430 3572 ,
3481 3509 3610 3561 ὅταν

1935 3595 2075 3666 ὑπὲρ
2106 3588 2182 3649 ὧν
2217 3593 2318 3666 τὴν
2349 3593 2658 3666 ἀποδημίαν
2699 3595 3024 3666 πεποίηνται
3060 3593 3484 3668 κατωρθωκότες
3513 3595 3610 3648 τύο

1933 3701 2103 3755 χωσιν
2122 3700 2136 3716 ’
2167 3683 2234 3738 ἀν
2281 3701 2342 3736 τε
2388 3683 2495 3754 πρὸ
2523 3683 2713 3738 τούτου
2760 3683 3218 3756 παραγένωνται,
3248 3684 3310 3736 ού
3341 3682 3610 3755 τοσαύτην

1933 3775 2042 3830 ἀπὸ
2085 3773 2184 3844 τῆς
2222 3772 2516 3844 ἐπιδημίας
2542 3772 2892 3846 λαμϐάνομεν
2933 3772 3031 3844 τὴν
3061 3772 3252 3844 ἡδονὴν
3276 3811 3292 3838 ,
3339 3772 3471 3842 ὅσην
3501 3773 3611 3826 ἀπὸ

1931 3863 2026 3918 τοῦ
2079 3863 2256 3934 μάτην
2305 3861 2620 3916 ἐπανελθεῖν
2665 3861 2766 3934 τὴν
2811 3861 3048 3932 ἀθυμίαν
3095 3865 3143 3918 Β.
3192 3862 3318 3926 Πῶς
3365 3858 3460 3915 οὖν
3509 3861 3609 3915 οὐκ

1931 3950 2166 4022 ἐσχάτης
2204 3947 2460 4019 βλακείας
2477 3947 2744 4020 τοσαύτην
2779 3951 2894 4014 τοῖς
2931 3951 3321 4022 πνευματικοῖς
3363 3950 3438 4020 μὴ
3467 3965 3608 4018 παρ-
3721 3966 3728 3973 ·

1933 4037 2076 4110 έχειν
2128 4037 2398 4108 σπουδὴν,
2445 4039 2577 4108 ὅσην
2619 4037 3044 4107 ἐπιδεικνύμεθα
3081 4037 3312 4108 περὶτὰ
3357 4036 3604 4106 βιωτικὰ,

1935 4127 2050 4180 ἀλλ’
2079 4127 2196 4179 ἐκεῖ
2231 4125 2329 4196 μὲν
2370 4122 2514 4178 οὕτω
2545 4123 2848 4192 φιλοσόφως
2891 4124 3078 4194 φέρειν
3121 4125 3232 4178 τῶν
3277 4125 3485 4178 παίδων
3517 4122 3608 4176 τὸν

1936 4208 2212 4280 χωρισμὸν
2237 4245 2253 4272 ,
2287 4207 2363 4271 ὡς
2407 4207 2501 4260 καὶ
2537 4205 2790 4276 εὔχεσθαι
2843 4205 3164 4276 ἐπιταθῆναι
3198 4205 3388 4260 τοῦτον
3409 4247 3424 4274 ,
3477 4205 3608 4258 ὅταν

1937 4296 2076 4366 ὑπέρ
2105 4311 2250 4358 τινος
2277 4293 2502 4364 γένηται
2531 4293 2802 4366 χρησίμου
2822 4331 2839 4359 ,
2872 4292 3105 4348 ἐνταῦθα
3148 4294 3204 4347 δέ
3243 4293 3386 4347 οὕτω
3433 4292 3610 4364 μαλα-

1932 4380 2178 4446 κίζεσθαι
2213 4381 2307 4434 καὶ
2335 4379 2712 4434 κατακλᾶσθαι
2742 4380 2878 4452 πρδς
2907 4380 3004 4452 τὴν
3027 4379 3358 4452 ἀποδημίαν,
3394 4380 3470 4443 ὡς
3498 4381 3611 4444 τοῖς

1937 4467 2212 4540 μεγίστοις
2257 4467 2611 4538 λυμαίνεσθαι
2639 4465 2669 4505 ιι
2714 4467 2801 4522 διὰ
2836 4468 2934 4540 τήν
2978 4467 3342 4540 μικροψυχίαν
3405 4467 3610 4536 ταύτην

1934 4557 2161 4628 ἀγαθοῖς
2183 4597 2198 4622 ,
2229 4559 2324 4612 καὶ
2373 4555 2548 4612 ταῦτα
2583 4557 2834 4622 πλείονας
2876 4557 3230 4629 παραμυθίας
3259 4556 3482 4628 ἔχοντας
3505 4597 3518 4620 ,
3547 4558 3609 4609 ού

1937 4648 2099 4720 μόνον
2139 4645 2202 4699 τὸ
2249 4645 2387 4718 πρὸς
2430 4644 2652 4718 μείζονα
2684 4645 2882 4710 αὐτοὺς
2913 4643 3284 4698 ἀποδύσασθαι
3307 4684 3324 4710 ,
3355 4644 3450 4698 καὶ
3477 4643 3610 4696 πάν-

1930 4752 2039 4799 τως
2069 4732 2446 4798 ἐπιτεύξεσθαι
2477 4732 2572 4787 τοῦ
2612 4732 2832 4803 τέλους,
2877 4733 2974 4787 καὶ
3020 4733 3183 4804 μηδὲν
3215 4728 3356 4786 εἶναι
3403 4731 3464 4786 τὸ
3497 4731 3612 4785 δια-

1933 4825 2134 4879 κόπτον
2157 4821 2255 4887 τάς
2281 4821 2520 4887 ἐλπίδας,
2543 4821 2678 4876 ἀλλά
2708 4823 2803 4875 καὶ
2831 4821 2968 4892 πρὸς
2995 4821 3158 4874 αὑτὸν
3183 4819 3274 4874 τὸν
3294 4819 3570 4892 χωρισμόν
3591 4838 3606 4885 ;

1945 4913 2034 4966 Ἑν
2066 4910 2346 4982 ἀποδημία
2381 4910 2479 4982 μὲν
2528 4910 2638 4980 γάρ
2674 4905 2793 4963 οὖσι
2849 4909 3036 4980 μακρᾷ
3084 4908 3185 4963 οὐκ
3231 4907 3449 4962 εὔκολον
3479 4923 3610 4975 συγ-

1933 5001 2209 5072 γίνεσθαι,
2242 5002 2337 5055 καὶ
2377 4999 2590 5072 μάλισθ’
2619 5001 2748 5055 ὅταν
2771 4999 3144 5073 γεγηρακότες
3167 4999 3400 5070 τύχωσιν
3432 4999 3603 5066 οί-γο-

1933 5093 2044 5154 νεῖς
2060 5107 2074 5120 ⁸
2109 5088 2344 5144 ἐνταῦθα
2367 5088 2424 5142 δὲ
2451 5087 2530 5142 ἔνι
2551 5087 2788 5160 συνεχῶς
2815 5088 2951 5160 πρὸς
2977 5088 3175 5152 αὐτοὺς
3194 5084 3608 5141 ἀνιέναι.Τοῦτο

1931 5178 1997 5249 δὴ
2038 5178 2134 5232 καὶ
2173 5177 2418 5248 ποιῶμεν
2441 5215 2456 5242 ,
2504 5179 2634 5232 ὅταν
2664 5177 2848 5241 αὐτοῖς
2889 5177 3116 5249 μηδέπω
3143 5170 3425 5245 δυνατδνῇ
3469 5173 3606 5244 πρὸς

1933 5266 2081 5338 ἡμᾶς
2125 5263 2335 5318 ἐλθεῖν·
2403 5265 2557 5318 αὐτοὶ
2609 5264 2916 5336 βαδίζωμεν
2979 5265 3116 5336 πρὸς
3167 5265 3408 5326 ἐκείνους
3433 5302 3448 5326 ,
3511 5262 3610 5315 καὶ

1933 5352 2318 5425 συγγινώμεθα
2356 5354 2450 5407 καὶ
2480 5353 2876 5424 διαλεγώμεθα.
2934 5354 3095 5422 Μέγα
3126 5354 3258 5423 ἡμῖν
3303 5353 3368 5404 ἐκ
3415 5349 3606 5404 τούτου

1931 5443 2027 5496 καὶ
2050 5442 2238 5514 κέρδος
2269 5441 2421 5496 ἔσται
2445 5443 2540 5496 καὶ
2571 5443 2755 5515 ἡδονή.
2781 5443 2858 5498 ού
2882 5441 2990 5514 γὰρ
3017 5440 3258 5511 ἀπὺ-τῆς
3287 5437 3464 5518 ὂψεως
3496 5437 3607 5492 τῶν

1991 5599 2019 5660 ⁸,
2039 5598 2174 5648 Unus
2195 5598 2304 5648 cod.
2329 5599 2576 5649 πέτασθαι.
2601 5599 2712 5650 Mox
2743 5601 2840 5650 duo
2861 5597 3000 5648 codd.
3027 5595 3386 5660 συγκλείσομεν.
3413 5595 3522 5648 Mox
3550 5596 3600 5646 in

1931 5659 2104 5724 iisdem
2123 5660 2282 5724 χεῖρον
2307 5661 2470 5711 deest.
2579 5722 2623 5724 η
2720 5723 2728 5724 7
2872 5720 2883 5724 Α
3034 5721 3042 5724 _
3193 5719 3212 5724 _
3256 5659 3296 5724 -’
3382 5722 3391 5724 ξ
3569 5677 3576 5684 .

1997 5719 2017 5785 ί
2043 5719 2310 5785 Βίοὲιὶιθὶι.
2339 5729 2394 5771 el
2429 5736 2544 5772 mss.
2577 5722 2751 5774 Morel.
2786 5720 3166 5785 βουλευομένους.
3193 5719 3322 5772 Infra
3361 5722 3460 5772 duo
3483 5735 3601 5771 mss.

1885 5809 1889 5812 -
1928 5783 2009 5831 καὶ
2029 5783 2164 5831 πόλει
2186 5785 2268 5832 καὶ
2290 5784 2456 5833 ἔθνεσι.

1993 5847 2020 5885 8
2041 5845 2123 5908 Sic
2139 5858 2254 5894 mss.
2281 5853 2332 5894 et
2359 5845 2510 5908 Siavil.
2538 5847 2587 5893 in
2621 5851 2784 5908 textu,
2805 5849 2954 5905 alque
2977 5844 3044 5894 ita
3065 5843 3192 5908 legit
3219 5845 3468 5908 interpres
3511 5845 3602 5893 52-

1933 5903 2016 5970 vi],
2043 5907 2344 5970 inpinget
2361 5907 2534 5970 Morel.
2561 5908 2646 5970 τήν
2677 5906 2862 5968 ζημίαν.

1992 5966 2024 6006 h
2043 5966 2142 6032 Alii
2163 5962 2477 6032 λυῖιειήνρισθαιἶ
2501 5962 2626 6032 Infra
2663 5962 2760 6020 dub
2801 5981 2912 6020 mss.
2939 5967 2996 6020 οὐ
3037 5967 3180 6032 μόνον
3207 5966 3294 6018 τοῦ
3316 5967 3447 6030 πρός.
3473 5962 3594 6015 Ibid.

1931 6029 2082 6096 aliqui
2113 6028 2286 6089 παντὸς
2307 6028 2646 6088 ἐπιτεύξασθαι.
3041 6028 3050 6032 '
3353 6028 3359 6030 τ
3627 6040 3632 6044 ι
