4032 6424
402 379 506 438 381

388 494 780 568 ἀγαπωμένων
809 494 970 566 μόνον
997 493 1227 550 παιδίων
1255 494 1753 567 εὐφρανθησόμεθα
1773 535 1788 561 ,
1830 496 1968 550 ἀλλά
1995 499 2091 551 καὶ

392 582 549 635 αὐτοὶ
570 582 639 637 τὰ
670 581 906 654 μέγιστα
950 583 1379 654 καρπωσάμενοι
1409 582 1547 654 πρὸς
1586 582 1687 654 τὴν
1714 582 1895 637 οῖκίαν
1924 586 2093 638 ἐπαν-

395 671 621 743 ήξομεν,
682 672 944 738 πολλάκις
978 672 1035 726 δέ
1063 673 1249 737 αὐτοῖς
1275 685 1301 715 ει
1335 673 1432 726 καὶ
1479 672 1909 746 παραμενοῦμεν
1947 674 2096 730 ἁλόν-

396 775 490 824 τες
521 759 599 832 τῷ
623 760 726 832 τῆς
750 760 1068 832 φιλοσοφίας
1095 760 1279 833 ἔρωτι.
1298 761 1432 814 Τότε
1465 756 1559 816 οὖν
1588 761 1788 827 αὐτοὺς
1814 762 2090 834 καλῶμεν,
2113 806 2121 821 .

398 840 530 901 ὅταν
559 849 772 921 ἰσχυροὶ
789 848 1075 920 γένωνται,
1104 849 1201 902 καὶ
1229 849 1450 921 ἐτέρους
1472 844 1573 903 οἷοί
1596 867 1656 903 τε
1679 845 1813 905 ὦσιν
1840 851 2091 920 ὠφελεῖνο

398 936 523 989 τότε
572 935 772 1000 αὐτοὺς
804 936 1053 1007 ἕλκωμεν
1102 936 1262 1006 μόνον
1290 977 1305 1002 ,
1340 936 1483 991 ὥστε
1529 937 1710 991 κοινὸν
1751 936 2008 1006 γενέσθαι
2034 937 2097 991 τὺ

397 1023 518 1095 φῶς
541 1064 555 1088 ,
589 1022 732 1078 ὥστε
756 1025 852 1079 ἐπὶ
888 1024 991 1095 τῆς
1017 1024 1241 1095 λυχνίας
1265 1023 1492 1096 τεθῆναι
1526 1024 1617 1078 τὸν
1653 1024 1846 1095 λύχνον
1869 1026 1917 1080 δ.
1960 1025 2096 1079 Τότε

397 1111 601 1182 ϐψεσθε
649 1112 811 1167 τίνων
863 1113 964 1185 μὲν
1015 1114 1220 1168 παίδων
1259 1115 1498 1186 πατέρες
1542 1114 1735 1185 ὑμεῖς,
1772 1115 1934 1169 τίνων
1959 1115 2016 1168 δὲ
2047 1114 2098 1168 οἱ

399 1200 837 1273 μακαριζόμενοι
884 1202 1016 1274 παρ’
1054 1200 1209 1273 ὑμῶν
1237 1216 1250 1230 ⁸
1282 1200 1405 1255 τότε
1440 1202 1655 1256 εἴσεσθε
1690 1201 1843 1275 [Ηθ]
1885 1202 1985 1274 τῆς
2009 1219 2100 1273 φι-

404 1288 663 1358 λοσοφίας
686 1288 758 1343 τά
785 1288 977 1361 κέρδη,
994 1290 1125 1345 ὅταν
1154 1289 1534 1362 θεραπεύωσιν
1564 1289 1888 1363 ἀνθρώπους
1905 1292 2102 1346 ἀνίατα

404 1378 702 1443 νοσοῦντας
749 1381 1075 1451 νοσήματα,
1123 1380 1252 1434 ὅταν
1314 1379 1391 1443 ὡς
1442 1380 1731 1452 εὐεργέται
1784 1380 1958 1434 κοινοὶ
2005 1380 2103 1434 καὶ

405 1467 714 1538 προστάται
748 1468 843 1522 καὶ
877 1467 1125 1539 σωτῆρες
1162 1467 1649 1540 ἀνακηρύττωνται
1669 1508 1683 1532 ,
1729 1469 1861 1522 ὅταν
1891 1468 1968 1533 ὡς
1998 1469 2103 1538 ἄγ-

405 1555 555 1624 γελοι
584 1558 697 1620 τοῖς
748 1556 840 1611 ἐπὶ
886 1558 990 1627 γῆς
1044 1554 1355 1628 ἀνθρώποις
1410 1556 1891 1628 συμπεριπολῶσιν
1916 1596 1932 1620 ,
1974 1557 2106 1610 ὅταν

407 1642 562 1713 παρὰ
590 1643 812 1698 πάντων
844 1642 1263 1697 ἀποϐλέπωνται
1283 1657 1296 1671 ο
1335 1643 1539 1714 μᾶλλον
1566 1644 1624 1698 δὲ
1649 1644 1790 1716 ὅπερ
1827 1642 1897 1697 ἂν
1937 1644 2106 1697 είπω-

401 1745 544 1800 μεν,
575 1728 726 1783 οὐδὲν
758 1729 1038 1796 τοιοῦτον,
1080 1725 1194 1785 οἷον
1229 1741 1252 1770 ο
1295 1731 1390 1785 ἐπὶ
1437 1731 1539 1802 τῆς
1576 1732 1775 1804 πείρας
1811 1730 1985 1799 αὐτῆς
2011 1730 2106 1784 καὶ

405 1816 517 1870 τῶν
570 1818 916 1889 πραγμάτων
974 1816 1124 1871 ἔστιν
1156 1818 1305 1873 ίδεῖν.
1340 1816 1532 1874 Ταῦτα
1569 1817 1667 1872 καὶ
1703 1818 1835 1881 τοὺς
1882 1815 2109 1888 νομοθέ-

407 1922 507 1968 τας
537 1904 643 1958 ἔδει
677 1908 884 1972 ποιεῖν,
917 1906 970 1959 εῖ
988 1923 1041 1959 τι
1073 1906 1181 1962 τῶν
1212 1905 1443 1960 δεόντων
1471 1906 1715 1975 ἐγίνετο,
1744 1907 1846 1960 ούκ
1878 1905 2107 1978 ἀνδράσι

408 1993 724 2063 γενομένοις
758 1996 861 2058 τοῖς
888 1993 1029 2057 νέοις
1053 1992 1515 2048 ἐπανατείνασθαι
1539 1994 1739 2064 φόϐους
1762 2034 1780 2061 ,
1815 1992 1955 2047 ἀλλά
1980 1996 2110 2048 παῖ-

409 2080 507 2144 δας
539 2080 697 2146 δντας
729 2080 1017 2153 ρυθμίζειν
1055 2082 1151 2136 καὶ
1186 2080 1573 2135 διαπλάττειν·
1609 2082 1705 2135 καὶ
1742 2081 1844 2135 οὐκ
1885 2081 1953 2135 ἂν
1997 2081 2110 2136 τῶν

413 2167 558 2240 μετά
584 2168 758 2223 ταῦτα
795 2170 1017 2240 ἐδέησεν
1060 2169 1323 2223 ἀπειλῶν.
1371 2170 1511 2224 Νυνὶ
1554 2169 1613 2224 δὲ
1661 2170 1831 2224 ταυτδ
1875 2170 2107 2240 γίνεται,

411 2253 604 2329 ὥσπερ
629 2256 696 2312 ἂν
730 2256 898 2322 εἴτις
933 2259 1116 2329 ἰατρὸς
1154 2257 1470 2312 ἀσθενοῦντι
1503 2257 1704 2329 μὲντῷ
1732 2258 1995 2329 κάμνοντι
2033 2259 2109 2331 μὴ

411 2344 549 2420 λέγῃ
589 2345 794 2418 μηδὲν,
836 2348 974 2418 μήτε
1026 2347 1282 2420 δεικνύῃ,
1331 2346 1398 2401 δι’
1454 2340 1531 2402 ὧν
1588 2347 1888 2412 ἀπαλλάξοι
1928 2345 1958 2386 δ
2010 2349 2112 2419 τῆς

413 2434 608 2499 νόσου,
640 2434 994 2509 διαφθαρέντι
1025 2435 1083 2490 δὲ
1116 2436 1211 2490 καὶ
1239 2436 1474 2501 ἀνιάτως
1516 2435 1693 2507 έχοντι
1731 2437 1958 2509 μυρίους
1984 2437 2109 2510 τιθῇ

414 2522 618 2595 νόμους
657 2524 862 2578 λοιπόν.
903 2525 1018 2579 Kal
1067 2527 1177 2597 γὰρ
1224 2526 1273 2579 οἱ
1327 2522 1619 2596 νομοθέται
1664 2524 1786 2577 τότε
1832 2525 2112 2595 παιδαγω-

415 2611 605 2682 γοῦσιν
656 2613 837 2685 ἡμᾶς,
874 2613 1005 2666 ὅταν
1038 2612 1466 2685 διαστραφέντες
1496 2611 1773 2683 τύχωμεν.
1828 2611 1967 2665 Ἀλλ’
2013 2612 2113 2684 οὐχ

415 2700 446 2752 ὀ
490 2696 702 2764 Παῦλος
729 2698 933 2768 οὕτως,
965 2701 1081 2754 ἀλλ’
1131 2700 1192 2766 εξ
1243 2700 1423 2772 ἀρχῆς
1473 2700 1570 2754 καὶ
1608 2702 1667 2753 ὲν
1701 2698 1890 2772 ἡλικίᾳ
1917 2700 2113 2775 πρώτῃ

415 2790 544 2855 τοὺς
569 2790 921 2855 διδασκάλους
954 2792 1138 2856 αὐτοῖς
1168 2793 1431 2864 ἐφίστησι
1467 2793 1566 2862 τῆς
1614 2792 1849 2862 ἀρετῆς,
1887 2793 2114 2847 κωλύων

417 2876 751 2931 ἐπεισελθεῖν
771 2888 796 2918 ο
824 2879 923 2949 τὴν
954 2880 1173 2933 κακίαν.
1208 2878 1359 2950 Αὕτη
1389 2879 1500 2950 γάρ
1534 2879 1734 2949 ἀρίστη
1770 2879 2111 2946 διδασκαλία,

417 2963 483 3019 οὐ
511 3002 527 3030 ,
574 2965 1039 3037 συγχωρήσαντας
1102 2967 1368 3040 πρότερον
1418 2965 1805 3037 περιγενέσθαι
1859 2967 1957 3039 τὴν
2013 2985 2114 3021 πο-

421 3051 620 3126 νηρίαν
645 3092 662 3119 ,
704 3051 931 3125 ὕστερον
983 3053 1171 3126 ζητεῖν
1201 3056 1351 3120 ὅπως
1383 3055 1556 3127 αὐτὴν
1590 3054 1966 3127 ἐξελάσωμεν,
1999 3056 2115 3110 ἀλλ’

421 3139 641 3196 ἅπαντα
672 3145 846 3196 ποιεῖν
873 3143 970 3197 καὶ
1016 3141 1508 3216 πραγματεύεσθαι
1532 3184 1547 3211 ,
1574 3141 1716 3196 ὥστε
1745 3143 1946 3198 ἄϐατον
1974 3144 2112 3216 αὐτῇ

421 3230 678 3299 γενέσθαι
726 3232 825 3304 τὴν
864 3230 1027 3303 φύσιν
1068 3231 1170 3304 τὴν
1221 3232 1524 3303 ἡμετέραν.
1571 3231 1665 3284 Διὸ
1709 3230 1997 3302 παραινῶ,
2040 3231 2117 3303 μὴ

426 3318 589 3390 μόνον
618 3319 840 3392 ἐτέρους
884 3320 1247 3392 βουλομένους
1283 3318 1445 3373 τοῦτο
1471 3323 1646 3374 ποιεῖν
1679 3320 1947 3385 κωλύειν,
1981 3321 2119 3375 ἀλλά

424 3406 521 3461 καὶ
546 3409 744 3472 αὐτοὺς
775 3408 1370 3479 συναντιλαμϐάνεσθαι
1396 3448 1413 3476 ,
1438 3409 1534 3463 καὶ
1564 3408 1758 3475 σώζειν
1784 3409 1846 3462 τὸ
1878 3410 2114 3480 σκάφος,

425 3497 522 3550 καί
551 3498 993 3568 παρασκευάζειν
1024 3496 1083 3564 ἐξ
1124 3498 1316 3569 οὐρίας
1346 3499 1522 3553 πλεῖν.
1556 3499 1667 3552 Καὶ
1696 3497 1808 3570 γὰρ
1837 3500 1888 3553 ει
1914 3499 2118 3569 ταύτην

424 3579 569 3657 ἦμεν
600 3587 801 3649 πάντες
832 3584 1221 3655 ἀναδεξάμενοι
1265 3585 1365 3657 τὴν
1405 3583 1671 3656 γνώμην,
1721 3587 1817 3640 καὶ
1858 3586 1965 3658 πρὸ
2009 3587 2120 3641 τῶν

425 3674 605 3731 ἄλλων
636 3676 896 3729 ἁπάντων
941 3676 1023 3740 είς
1067 3676 1271 3748 ἀρετὴν
1299 3675 1500 3739 αὐτοὺς
1546 3676 1784 3749 ἢγομεν,
1828 3677 1989 3731 τοῦτο
2021 3678 2119 3749 μὲν

427 3761 589 3834 ἔργον
609 3803 624 3827 ,
663 3763 733 3817 τά
780 3762 840 3818 δὲ
871 3762 1008 3818 ἄλλα
1050 3763 1366 3834 νομίζοντες
1397 3764 1649 3837 πάρεργα
1676 3761 1851 3831 εἶναι,
1881 3764 2121 3819 τοσαῦτα

429 3849 657 3922 ἔμελλεν
700 3847 839 3905 εἶναι
874 3853 944 3907 τὰ
974 3850 1158 3920 ἀγαθά
1178 3891 1194 3913 ,
1222 3852 1324 3906 ὅσα
1356 3851 1452 3905 νῦν
1508 3853 1608 3923 μὲν
1645 3852 1820 3924 λέγων
1863 3855 1956 3911 καὶ
1987 3855 2121 3909 ἀλα-

430 3937 748 4004 ζονεύεσθαι
771 3939 931 4005 δόξω.
969 3942 1034 3994 Εἰ
1054 3941 1110 3994 δὲ
1142 3941 1286 3995 θέλοι
1309 3959 1393 4006 τις
1424 3942 1637 4012 μαθεῖν,
1674 3943 1768 3997 ἐπὶ
1794 3942 1906 3996 τῶν
1946 3943 2123 4014 ἔργων

430 4026 640 4081 εἵσεται
679 4027 893 4093 καλῶς,
919 4030 1014 4083 καὶ
1036 4029 1238 4101 πολλὴν
1287 4029 1386 4101 μὲν
1419 4031 1550 4101 ἡμῖν
1581 4030 1907 4104 ὁμολογήσει
1936 4034 2120 4104 χάριν,

433 4115 636 4190 πολλὴν
674 4116 730 4171 δέ
764 4118 871 4189 πρὸ
899 4118 1059 4190 ήμῶν
1091 4117 1170 4191 τῷ
1214 4119 1362 4191 Θεῷ,
1411 4115 1820 4190 βλαστάνουσαν
1853 4121 1995 4193 ὀρῶν
2029 4121 2124 4175 ἐπὶ

431 4207 532 4278 τῆς
564 4206 670 4277 γῆς
705 4206 804 4279 τὴν
835 4207 895 4262 ἐν
929 4209 1179 4278 οὐρανοῖς
1214 4209 1490 4265 πολιτείαν
1511 4249 1526 4276 ,
1567 4211 1664 4263 καὶ
1690 4211 1819 4274 τοὺς
1850 4210 1959 4266 τῶν
1992 4211 2126 4282 μελ-

431 4291 631 4351 λόντων
677 4295 901 4365 ἀγαθῶν
920 4337 935 4361 ,
987 4298 1080 4353 καὶ
1113 4297 1240 4361 τοὺς
1275 4298 1374 4371 τῆς
1408 4299 1762 4362 ἀναστάσεως
1796 4298 1990 4368 λόγους
2035 4301 2126 4352 ἐν·

431 4383 625 4437 τεῦθεν
650 4384 749 4456 ήδη
773 4401 966 4439 πιστου
975 4384 1171 4456 μένους
1188 4426 1202 4450 ,
1223 4386 1318 4441 καὶ
1348 4389 1477 4458 παρ’
1495 4389 1678 4451 αὐτοῖς
1710 4390 1824 4452 τοῖς
1851 4388 2124 4453 ἀπίστοις.

507 4470 594 4526 ιϐ’.
635 4472 744 4525 Καὶ
772 4473 855 4527 ὃτι
884 4474 945 4526 ού
972 4474 1182 4543 κόμπος
1218 4473 1393 4530 ταῦτα
1416 4474 1577 4545 δῆλον
1604 4475 1836 4531 ἐκεῖθεν·
1864 4478 1993 4531 ὅταν
2015 4477 2127 4551 γάρ

436 4559 623 4622 αὐτοῖς
676 4558 775 4630 τὴν
821 4560 1096 4615 πολιτείαν
1156 4561 1408 4634 λέγωμεν
1459 4562 1572 4617 τῶν
1618 4565 1678 4617 ἐν
1731 4567 1854 4628 ταῖς
1898 4567 2130 4637 ἐρήμοις

436 4645 628 4709 ὄντων,
657 4645 796 4719 πρὸς
822 4646 922 4718 μέν
945 4647 1152 4718 ταύτην
1175 4648 1329 4704 οὐδὲν
1353 4649 1566 4721 ἔχουσιν
1592 4652 1890 4718 ἀντειπεῖν,
1909 4652 2129 4709 δοκοῦσι

434 4735 493 4789 δέ
534 4736 907 4809 ἰσχυρίζεσθαι
955 4741 1051 4795 καὶ
1099 4740 1424 4810 φιλονεικεῖν
1468 4744 1534 4815 τῇ
1568 4743 1677 4819 τῶν
1707 4745 2130 4818 κατορθούντων

436 4824 731 4898 ὀλιγότητι.
762 4827 827 4881 Εἰ
847 4827 903 4882 δὲ
927 4830 988 4882 ἐν
1023 4832 1146 4895 ταῖς
1171 4830 1359 4885 πόλεσι
1391 4831 1483 4885 τὸν
1509 4832 1723 4904 καρπὸν
1748 4833 2131 4908 ἐφυτεύσαμεν

435 4913 630 4969 τοῦτον
656 4954 671 4980 ,
725 4916 822 4971 καὶ
872 4916 1038 4989 νόμον
1085 4919 1209 4974 τινὰ
1248 4920 1343 4974 καὶ
1392 4921 1569 4993 ἀρχὴν
1620 4922 1691 4976 τά
1732 4922 1833 4994 τῆς
1878 4925 2130 4991 εὐταξίας

437 5001 634 5072 ἔλαϐε,
663 5006 759 5060 καὶ
805 5006 932 5071 τοὺς
963 5008 1159 5073 παῖδας
1190 5010 1297 5083 πρὸ
1324 5009 1434 5065 τῶν
1462 5010 1639 5066 ἀλλων
1677 5012 1934 5067 ἁπάντων
1967 5015 2128 5069 ἐπαι-

436 5092 665 5166 δεύομεν
701 5092 891 5165 φίλους
928 5092 1068 5150 εἶναι
1094 5097 1174 5169 τῷ
1201 5098 1355 5170 Θεῷ,
1395 5099 1490 5153 καί⁵
1527 5099 1596 5153 τὰ
1645 5100 1993 5171 πνευματικὰ
2025 5101 2132 5155 ἐδι-

437 5184 714 5256 δάσκομεν
751 5184 1056 5257 μαθήματα
1089 5187 1210 5242 ἀντὶ
1229 5188 1339 5241 τῶν
1358 5188 1537 5243 ἄλλων
1564 5190 1660 5243 καὶ
1684 5189 1792 5262 πρὸ
1819 5188 1929 5243 τῶν
1954 5190 2131 5246 ἄλλων

439 5274 696 5331 ἁπάντων
718 5314 734 5338 ,
774 5274 956 5330 πάντα
983 5273 1051 5328 ἂν
1076 5275 1398 5349 ἀπεπήδησε
1442 5276 1514 5332 τὰ
1549 5277 1771 5349 λυπηρά
1806 5276 1853 5342 ί,
1886 5278 1981 5333 καὶ
2030 5296 2133 5351 μυ-

441 5361 573 5430 ρίων
600 5361 896 5434 ἀπηλλάγη
923 5362 1111 5417 κακῶν
1148 5366 1177 5418 ὁ
1211 5364 1325 5436 βίος
1356 5368 1385 5420 ὁ
1416 5365 1608 5440 παρὼν
1627 5407 1642 5431 ,
1675 5367 1771 5421 καὶ
1803 5366 1832 5420 ὃ
1862 5367 1990 5439 περὶ
2032 5370 2129 5439 τῆς

444 5448 743 5525 μελλούσης
764 5451 982 5524 λέγεται
1009 5453 1186 5527 ζωῆς,
1208 5454 1290 5509 ὅτι
1312 5454 1523 5528 ἀπέδρα
1548 5454 1709 5528 ὀδύνη
1741 5457 1834 5511 καὶ
1860 5456 2006 5529 λύπη
2036 5456 2132 5512 καὶ

503 5589 530 5654 ξι
551 5589 660 5654 Duo
678 5607 798 5645 mes.
816 5594 1010 5654 αὐτούς.

499 5647 670 5727 δοριξο
694 5669 811 5706 mss.
846 5665 900 5708 et
921 5647 1071 5727 Sjvil.
1101 5657 1151 5727 ἰῃ
1187 5662 1331 5727 tgxtu
1350 5659 1538 5719 τεθῆναι
1562 5658 1644 5708 τὸν
1666 5658 1852 5724 λύχνον.
1880 5659 2053 5710 ﬂore].
2079 5662 2133 5709 et

441 5707 593 5784 θανῇ
622 5717 674 5765 in
697 5730 852 5781 marg.
876 5707 1069 5784 τεθῆναι
1097 5707 1292 5784 τορῶς.

505 5778 529 5847 ξ
554 5780 666 5847 ρυο
688 5778 1051 5847 ωδεῗτοιοῖιτον
1064 5778 1273 5847 ἐροῦμεν
1297 5783 1414 5847 οἷον.
1469 5846 1475 5847 7
1647 5829 1658 5837 .

504 5835 534 5876 ἀ
558 5838 678 5907 Quo
710 5852 825 5888 mss.
849 5850 904 5889 et
921 5843 1036 5891 ειν.
1060 5835 1118 5907 ip:
1137 5835 1276 5907 m'arg
1294 5846 1628 5901 ἀπαλλάξεται.

509 5908 535 5969 ε
557 5899 643 5969 ξῇο
672 5913 848 5950 omnes
870 5908 1053 5963 praeter
1076 5899 1272 5969 ﬁci-el:
1275 5908 1362 5969 qui
1387 5899 1538 5956 habét
1561 5907 1784 5958 ἐπελθεῖν.

456 6020 467 6036 9
511 5959 533 6001 ι
559 5959 643 6036 ξὶς
663 5959 1252 6036 οωηεερτωξεῃηονεξ.
1291 5959 1390 6036 ἡυὶ.
1419 5969 1493 6036 εἰσ
1519 5969 1685 6036 habet,
1717 5970 1942 6021 ἁπάντων
1976 5970 2128 6026 ταῦτα

451 6023 773 6085 ἰπαιδτύομεν.
794 6025 949 6072 πάντα
966 6024 1023 6073 ἂν
1048 6023 1325 6086 ἀπεπήδησε
1345 6030 1403 6077 τὰ
1427 6032 1630 6095 λυπηρά.

1192 382 1251 436 δ.
1293 376 1584 436 JOANNIS
1622 376 2127 439 CHRYSOSTOHI
2177 375 2501 436 ARCHIEP.
2545 377 3099 435 CONSTANTINOP.

2200 496 2505 568 στεναγμὸς
2525 537 2539 562 ,
2571 493 2824 549 ἐντεῦθεν
2851 493 2917 549 ἀν
2956 492 3401 566 ἐκαρπωσάμεθα
3430 494 3650 560 πάντες.
3687 496 3753 549 Εἰ
3783 497 3882 570 γάρ

2201 586 2341 657 μήτε
2363 584 2694 656 χρημάτων,
2743 583 2881 655 μήτε
2909 581 3067 653 δόξης
3115 581 3257 654 ἔρως
3303 584 3452 654 ἡμᾶς
3477 582 3653 654 εἰσῄει
3696 585 3881 655 κενῆς,

2202 677 2340 746 μήτε
2365 674 2596 730 θάνατον
2627 673 2942 745 ἐδεδίειμεν,
2977 672 3053 743 μὴ
3088 672 3280 725 πενίαν
3301 711 3318 735 ,
3368 672 3443 744 μὴ
3470 673 3532 727 τὸ
3563 672 3753 737 κακῶς
3783 691 3884 729 πα·

2200 762 2312 817 θεῖν
2343 762 2549 834 βλάϐην
2577 761 2898 837 ἡγούμεθα,
2954 760 3094 815 ἀλλά
3123 761 3219 815 καὶ
3259 760 3450 830 κέρδος
3482 762 3742 832 μέγιστον
3766 804 3783 828 ,
3814 763 3885 834 μὴ

2200 850 2636 922 ἀπεχθάνεσθαι,
2671 849 2745 921 μὴ
2778 850 2957 919 μισεῖν
2979 848 3223 919 ᾔδειμεν,
3241 847 3351 902 οῦτ’
3379 849 3444 903 ἂν
3472 850 3579 904 ὑπὸ
3599 851 3711 904 τῶν
3744 850 3887 905 ἰδίων

2200 936 2423 1003 παθῶν,
2447 936 2560 991 οὔτ’
2590 937 2657 990 ἂν
2688 937 2794 990 ὑπὸ
2816 936 2925 990 τῶν
2953 935 3249 1007 ἀλλοτρίων
3280 936 3703 1009 ἐπολεμήθημέν
3737 954 3887 997 ποτε,

2201 1025 2317 1080 ἀλλ’
2347 1026 2527 1080 αὐτῶν
2570 1023 2682 1079 τῶν
2722 1023 2973 1094 ἀγγέλων
3011 1024 3179 1093 ἐγγὺς
3213 1022 3279 1077 ἂν
3334 1024 3400 1077 τὸ
3436 1024 3547 1079 τῶν
3589 1024 3890 1097 ἀνθρὼταυν

2201 1112 2420 1183 ἐγένετο
2440 1112 2617 1182 γένος.
2655 1110 2806 1185 [Hi]
2842 1111 2954 1165 Kal
2999 1109 3084 1174 τίς
3120 1108 3426 1183 ἀνθρώπων
3461 1112 3637 1166 ταῦτα
3680 1110 3892 1182 κατώρ-

2203 1199 2369 1266 θωσε,
2406 1200 2599 1273 φησιν;
2628 1202 2870 1264 Εἰκότως
2899 1200 3153 1264 ἀπιστεῖς
3178 1239 3194 1263 ,
3228 1199 3324 1254 ἅτε
3363 1202 3423 1254 ἐν
3457 1200 3679 1254 πόλεσιν
3706 1200 3890 1266 οἰκῶν,

2206 1289 2303 1342 καὶ
2330 1291 2454 1354 ταῖς
2494 1287 2669 1352 θείαις
2713 1287 2920 1359 βίϐλοις
2966 1287 3067 1359 οὐχ
3107 1284 3435 1359 ὡμιληκώς·
3466 1289 3515 1342 εί
3558 1288 3617 1341 δὲ
3650 1289 3746 1342 καὶ
3768 1288 3892 1353 τοὺς

2204 1376 2264 1430 ἐν
2286 1379 2411 1440 ταῖς
2460 1377 2689 1448 ἐρήμοις
2728 1377 2919 1441 ὄντας,
2950 1376 3045 1430 καὶ
3085 1375 3214 1439 τοὺς
3240 1377 3299 1429 ἐν
3328 1375 3450 1439 ταῖς
3496 1378 3894 1446 πνευματικαῖς

2208 1464 2413 1536 βίϐλοις
2452 1466 2780 1538 γενομένους
2822 1465 2991 1518 πάλαι
3018 1463 3283 1532 ἐγνώκεις
3306 1501 3322 1528 ,
3354 1462 3557 1534 ἔμαθες
3590 1463 3658 1518 ἂν
3687 1464 3773 1517 ὅτι
3804 1465 3895 1517 καὶ

2204 1554 2256 1607 οἱ
2288 1554 2516 1626 μοναχοὶ
2539 1593 2555 1616 ,
2595 1553 2693 1608 καὶ
2723 1555 2775 1606 οἱ
2811 1552 2918 1626 πρὸ
2957 1551 3166 1606 τούτων
3210 1551 3536 1616 ἀπόστολοι,
3564 1553 3661 1606 καὶ
3691 1553 3744 1606 οί
3790 1551 3898 1623 πρὸ

2207 1640 2435 1698 ἐκείνων
2473 1644 2676 1698 δίκαιοι
2718 1642 2859 1714 μετὰ
2894 1641 3181 1715 ἀκριϐείας
3208 1642 3429 1713 ἀπάσης
3452 1642 3552 1713 τὴν
3577 1640 3897 1710 φιλοσοφίαν

2207 1729 2554 1797 ἐπεδείξαντο
2585 1732 2811 1803 ταύτην.
2833 1733 2954 1786 ’Ἰνα
2978 1731 3037 1785 δέ
3063 1748 3148 1785 σοι
3169 1730 3247 1802 μὴ
3275 1729 3692 1803 φιλονεικῶμεν,
3716 1729 3898 1801 δῶμεν

2206 1820 2319 1876 τῶν
2355 1820 2625 1893 δευτέρων
2659 1821 2693 1894 ἢ
2742 1821 2944 1896 τρίτων
2970 1822 3065 1876 ἀπ’
3108 1822 3334 1877 ἐκείνων
3360 1820 3619 1891 γενέσθαι
3661 1819 3756 1874 τὸν
3785 1821 3898 1873 υἱὸν

2207 1903 2300 1957 τὸν
2333 1905 2460 1959 σόνο
2501 1905 2624 1959 οὐδὲ
2668 1905 2777 1978 γὰρ
2825 1904 2969 1959 οὕτω
3010 1903 3225 1978 μικρῶν
3257 1903 3626 1980 ἀπολαύσεται
3655 1901 3895 1971 ἀγαθῶν.

2210 1991 2286 2045 Οὐ
2312 1992 2505 2062 φθάνει
2538 1992 2675 2065 πρὸς
2697 1993 2905 2066 Πέτρον
2932 1992 3109 2048 ἐλθεῖν
3133 2033 3150 2057 ,
3178 1992 3301 2047 οὐδὲ
3352 1991 3564 2046 Παῦλον
3586 2031 3602 2057 ,
3635 1990 3753 2046 ἀλλ’
3782 1990 3923 2053 οὐδὲ,

2209 2080 2467 2150 γενέσθαι
2495 2082 2677 2138 αὐτῶν
2706 2081 2875 2152 ἐγγύς
2895 2099 2909 2113 ·
2933 2081 3023 2136 διὰ
3046 2081 3205 2135 τοῦτο
3228 2077 3321 2135 οὖν
3351 2082 3516 2136 αὐτὸν
3537 2081 3635 2135 καὶ
3653 2079 3757 2152 τῆς
3785 2080 3901 2150 μετ’

2211 2168 2455 2234 ἐκείνους
2478 2170 2926 2243 ἀποστερήσομεν
2948 2169 3149 2242 τιμῆςς
3174 2170 3383 2224 Ταυτδν
3408 2168 3515 2242 γὰρ
3539 2170 3713 2232 ποιεῖς
3733 2166 3900 2221 ταῦτα

2210 2256 2386 2328 λέγων
2406 2299 2422 2325 ,
2464 2259 2542 2323 ὡς
2581 2259 2647 2313 ἂν
2688 2260 2739 2312 εί
2764 2258 2984 2328 ἔλεγες·
3009 2258 3231 2328 Ἐπειδὴ
3264 2256 3410 2311 λίθον
3439 2256 3623 2328 τίμιον
3649 2255 3900 2326 γενέσθαι

2212 2347 2314 2400 οὐκ
2336 2346 2438 2410 ἐνι,
2470 2346 2682 2418 μενέτω
2715 2346 2932 2419 σίδηρος
2955 2344 3054 2409 ὢν,
3086 2346 3183 2399 καὶ
3213 2346 3351 2417 μήτε
3378 2332 3620 2431 ἀργυρος
3640 2342 3900 2413 γενέσθω,

2217 2437 2355 2507 μήτε
2409 2436 2631 2508 χρυσός.

2294 2526 2396 2578 Διὰ
2452 2524 2507 2578 τί
2574 2525 2684 2599 γάρ
2743 2525 2818 2598 μὴ
2888 2525 2981 2581 καὶ
3038 2528 3097 2579 ἐν
3163 2527 3280 2590 τοῖς
3342 2523 3542 2590 ἔξωθεν
3614 2523 3903 2596 πράγμασι

2213 2612 2405 2668 τοῦτον
2448 2613 2595 2685 ἔχεις
2629 2614 2723 2668 τὸν
2772 2612 3058 2686 λογισμὸν,
3087 2612 3226 2668 ἀλλὰ
3271 2612 3365 2668 τὸν
3400 2613 3645 2668 ἐναντίον
3670 2614 3901 2686 .τούτῳ;

2215 2702 2325 2756 Καὶ
2392 2700 2502 2772 γὰρ
2568 2702 2660 2755 ἐπὶ
2712 2700 2887 2777 λόγων
2958 2700 3202 2773 μάθησιν
3257 2701 3492 2772 πέμπων
3545 2702 3608 2766 ε,
3654 2701 3721 2754 οὐ
3775 2701 3903 2756 πάν-

2213 2804 2321 2851 τως
2362 2789 2525 2843 αύτὺν
2576 2788 2670 2841 ἐπὶ
2718 2790 2831 2852 τοῖς
2883 2788 3076 2861 ἄκροις
3124 2786 3351 2860 ὄψεσθαι
3403 2787 3743 2860 προσδοκᾷς,
3794 2788 3904 2842 ἀλλ’

2215 2876 2367 2948 ὅμως
2416 2875 2478 2929 οὐ
2521 2876 2610 2931 διὰ
2645 2875 2819 2930 ταῦτα
2869 2860 3108 2947 ἀπάγεις
3138 2876 3237 2947 τῆς
3284 2876 3416 2947 περὶ
3442 2874 3616 2929 ταῦτα
3645 2860 3903 2948 σπουδῆς,

2216 2962 2355 3017 ἀλλά
2396 2963 2575 3018 πάντα
2609 2962 2841 3035 πληροῖς
2884 2965 2955 3020 τά
2985 2964 3139 3037 παρά
3182 2963 3414 3027 σαυτοῦ,
3456 2963 3742 3034 ἀγαπητὸν
3772 2959 3905 3016 εἶναι

2216 3052 2475 3123 νομίζων,
2501 3052 2567 3107 ἂν
2594 3052 2845 3124 πέμπτον
2878 3053 2912 3125 ἢ
2941 3052 3167 3123 δέκατον
3196 3050 3306 3106 ἀπὸ
3325 3050 3435 3105 τῶν
3460 3050 3695 3123 πρώτων
3726 3051 3903 3123 συμϐῇ

2216 3142 2471 3211 γενέσθαι
2497 3141 2590 3196 τὸν
2617 3142 2734 3195 υἱὸν
2771 3144 2830 3196 ἐν
2865 3144 2933 3214 τῇ
2970 3141 3082 3195 τῶν
3120 3140 3295 3210 λόγων
3325 3140 3576 3212 δυνάμει.
3610 3139 3724 3194 Καὶ
3752 3139 3904 3210 βασιο

2216 3230 2300 3285 λεῖ
2325 3231 2384 3284 δὲ
2418 3231 2807 3303 στρατεύοντες
2831 3231 2861 3271 ιι
2895 3230 3024 3294 τοὺς
3056 3231 3196 3293 υίεῖς
3220 3228 3282 3283 οὐ
3312 3228 3532 3293 πάντως
3560 3228 3653 3281 ἐπὶ
3688 3227 3782 3281 τὸν
3804 3228 3907 3280 τῶν

2219 3320 2483 3393 ὑπάρχων
2522 3321 2722 3386 αὐτοὺς
2761 3317 3134 3392 ἀναϐήσεσθαι
3166 3318 3509 3390 προσδοκᾶτε
3541 3316 3764 3389 θρόνον·
3798 3316 3906 3370 ἀλλ’

2218 3409 2368 3480 ὅμως
2423 3409 2484 3463 ού
2524 3407 2905 3463 διακελεύεσθε
2955 3406 3117 3462 λῦσαι
3156 3407 3258 3478 τὴν
3311 3404 3520 3477 ζώνην,
3568 3404 3602 3476 ἢ
3641 3404 3778 3476 μηδὲ
3815 3405 3909 3476 τὴν

2218 3498 2394 3569 ἀρχὴν
2439 3497 2699 3569 ἐπιϐῆναι
2729 3496 2840 3552 τῶν
2893 3496 3182 3567 βασιλείων
3210 3536 3226 3559 ,
3267 3494 3406 3550 ἀλλά
3435 3495 3613 3549 πάντα
3649 3511 3909 3566 πραγμα.

2217 3585 2482 3651 τεύεσθε,
2537 3585 2614 3650 ὡς
2658 3584 2930 3657 μηδέποτε
2979 3584 3178 3647 αὐτοὺς
3221 3585 3321 3656 τῆς
3368 3582 3581 3636 ἐκεῖθεν
3627 3582 3910 3653 διατριϐῆς

2220 3674 2476 3729 ἐκπεσεῖν
2503 3712 2518 3737 ,
2574 3674 2765 3747 ἀρκεῖν
2821 3671 3118 3746 ἡγούμενοι
3171 3671 3233 3725 τὸ
3292 3671 3386 3725 καὶ
3441 3672 3499 3724 ἐν
3551 3672 3667 3734 τοῖς
3719 3669 3908 3741 μέσοις

2219 3760 2661 3832 ἀριθμουμένους
2693 3760 2844 3833 ὁρᾷν.
2893 3760 3054 3824 Τίνος
3102 3756 3196 3833 οὖν
3246 3760 3433 3814 ἓνεκεν
3474 3758 3593 3812 ἐκεῖ
3638 3756 3774 3837 ph”
3808 3757 3905 3810 κᾶν

2226 3849 2300 3922 μὴ
2332 3848 2442 3903 τῶν
2479 3848 2741 3921 μειζόνων
2774 3848 2868 3921 ἐξῇ
2894 3848 3159 3902 λαϐέσθαι
3180 3888 3196 3914 ,
3232 3849 3383 3920 ὅμως
3427 3847 3569 3918 ὑπὲρ
3614 3844 3720 3899 τῶν
3748 3844 3895 3896 ἐλατ-

2222 3938 2392 3991 τόνων
2420 3935 2687 3991 κόπτεσθε
2717 3935 2814 3991 καὶ
2842 3934 3283 4009 ταλαιπωρεῖσθε
3311 3975 3326 3999 ,
3363 3934 3466 3988 κάν
3499 3933 3707 3996 τούτοις
3740 3929 3899 3984 πάλιν

2223 4026 2325 4097 τῆς
2353 4024 2567 4088 ἐλπίδος
2596 4022 2765 4096 οὔσης
2797 4024 3024 4098 ἀδήλου,
3062 4023 3295 4078 ἐνταῦθα
3328 4023 3385 4077 δέ
3417 4023 3628 4076 ὀκνεῖτε
3657 4020 3747 4075 καὶ
3780 4020 3908 4072 ἀνα-

2223 4111 2447 4179 δύεσθε;
2494 4113 2618 4167 Ὅτι
2655 4112 2880 4166 ἐκείνων
2918 4113 3017 4184 μέν
3053 4111 3255 4183 πολλὴν
3284 4111 3437 4183 ἔχετε
3466 4109 3565 4181 τὴν
3594 4106 3907 4178 ἐπιθυμίαν,

2225 4202 2432 4257 τούτων
2458 4202 2516 4257 δὲ
2543 4202 2667 4256 οὐδὲ
2700 4201 2963 4274 βραχεῖαν
2989 4219 3005 4234 °
3038 4201 3162 4256 εἶτα
3187 4201 3566 4273 αἰσχυνόμενοι
3595 4197 3749 4252 τοῦτο
3778 4200 3913 4269 ὁμο-

2226 4289 2458 4361 λογῆσαί
2509 4289 2741 4362 σκήψεις
2777 4290 3111 4360 ἐπενθήσατε
3144 4289 3241 4344 καὶ
3275 4287 3612 4361 προφάσειςο
3639 4285 3717 4350 ὡς
3769 4287 3827 4340 et
3854 4302 3916 4353 γε

2227 4380 2445 4453 ἀληθῶς
2471 4379 2782 4445 ἐϐούλεσθε,
2808 4379 2961 4434 οὐδὲν
2989 4379 3054 4433 ἂν
3089 4379 3237 4451 ὑμᾶς
3266 4377 3474 4433 τούτων
3505 4375 3772 4455 ἐκώλυσε.
3810 4377 3919 4431 Καὶ

2228 4471 2336 4543 γὰρ
2365 4469 2537 4534 οὕτως
2565 4469 2679 4541 ἔχει
2706 4483 2719 4498 ·
2746 4469 2870 4525 ὅτου
2907 4461 2992 4533 τις
3020 4469 3088 4523 ἂν
3132 4468 3278 4542 ἐρῶν
3324 4468 3464 4540 τύχῃ
3501 4466 3771 4539 γνησίως,
3819 4466 3917 4519 κᾶν

2232 4561 2310 4633 μὴ
2352 4558 2449 4615 τοῦ
2480 4558 2682 4623 παντὸς
2707 4598 2722 4620 ,
2756 4558 2892 4631 μηδὲ
2933 4558 3029 4612 τοῦ
3081 4559 3345 4615 ἀνωτάτω
3395 4557 3794 4632 περιγένηται,
3828 4555 3918 4609 τοῦ

2229 4650 2361 4720 γοῦν
2390 4650 2558 4722 μέσου
2577 4690 2594 4716 ,
2637 4648 2840 4720 μᾶλλον
2861 4648 2919 4702 δέ
2943 4649 3039 4702 καὶ
3063 4647 3159 4702 τοῦ
3189 4649 3307 4720 μετ’
3329 4650 3534 4702 ἐκεῖνον
3565 4646 3835 4718 μυριάκις
3858 4645 3920 4699 ἂν

2230 4739 2407 4794 ἕλοιτο
2453 4741 2756 4811 ἐπιτυχεῖν.
2790 4741 2904 4795 Καὶ
2931 4739 3041 4812 γὰρ
3087 4740 3118 4792 ὁ
3168 4739 3407 4811 φίλοινος
3460 4740 3553 4793 καὶ
3601 4737 3919 4809 φιλοπότης.

2231 4827 2336 4883 κᾶν
2397 4827 2472 4900 μὴ
2497 4826 2591 4881 τὸν
2623 4828 2757 4900 ἡδὺν
2790 4828 2887 4884 καὶ
2924 4826 3225 4897 ἀνθοσμίαν
3254 4826 3348 4899 ἐξῇ
3378 4825 3562 4881 λαϐεῖν
3590 4820 3770 4891 οἶνον,
3804 4825 3923 4880 ούδέ

2230 4914 2326 4969 τοῦ
2353 4915 2688 4986 φαυλοτάτου
2719 4916 3128 4988 καταφρονήσει
3175 4914 3306 4969 ποτέ
3335 4933 3347 4946 ·
3380 4914 3475 4969 καὶ
3513 4915 3539 4967 ὁ
3573 4913 3920 4986 φιλοχρήμα-

2232 5022 2323 5070 τος
2350 5005 2510 5060 πάλιν
2535 5044 2549 5068 ,
2579 5004 2681 5060 κᾶν
2716 5003 2792 5076 μὴ
2828 5003 3011 5069 λίθους
3040 5003 3255 5076 τιμίους
3275 5044 3289 5069 ,
3334 5003 3472 5076 μηδέ
3509 5001 3735 5075 χρυσίον
3757 5042 3775 5065 ,
3812 5001 3921 5055 ἀλλ’

2232 5093 2497 5168 ἀργύριον
2522 5092 2670 5166 αύτῷ
2691 5106 2776 5157 τις
2805 5094 3043 5166 παρέχῃ,
3077 5092 3279 5164 πολλὴν
3308 5093 3511 5146 εἴσεται
3540 5092 3721 5164 χάριν.
3742 5088 3927 5143 Τοιοῦ-

2232 5197 2324 5235 τον
2350 5181 2460 5253 γάρ
2492 5183 2526 5254 ἡ
2557 5181 2823 5252 ἐπιθυμία
2848 5222 2864 5249 ,
2912 5181 3236 5253 τυραννικόν
3268 5198 3322 5235 τι
3359 5181 3592 5253 πρᾶγμα
3621 5179 3716 5233 καὶ
3737 5178 3926 5233 ἱκανὸν

2234 5273 2421 5324 πεῖσαι
2465 5269 2647 5324 πάντα
2700 5269 2793 5324 τὸν
2840 5269 3074 5334 ἁλόντα,
3111 5269 3268 5342 ὑπέρζ
3313 5267 3535 5323 ὁτουοῦν
3573 5268 3671 5321 καὶ
3726 5267 3923 5321 παθεῖν

2233 5361 2330 5414 καὶ
2361 5361 2683 5431 ὑπομεῖναι·
2737 5357 2880 5414 ὥστε
2923 5360 2973 5413 εί
3008 5360 3083 5431 μὴ
3130 5359 3332 5430 σκῆψις
3361 5358 3534 5413 ταῦτα
3576 5357 3647 5412 τά
3702 5359 3924 5430 ῥήματα

2232 5445 2322 5524 ἦν,
2354 5450 2728 5522 συμπράττειν
2760 5448 2931 5521 ἐχρῆν
2958 5449 3054 5503 καὶ
3092 5451 3410 5521 συμπονεῖν.
3449 5447 3556 5503 Τοῦ
3592 5446 3704 5517 γὰρ
3732 5446 3921 5499 ἐπιθυ·

2238 5539 2465 5613 μοῦντός
2485 5557 2539 5594 τι
2561 5537 2818 5609 γενέσθαι
2851 5539 2913 5592 οὐ
2939 5538 2999 5593 τὺ
3031 5537 3286 5607 γενέσθαι
3321 5537 3554 5592 κωλύειν
3583 5537 3754 5601 ἐστὶν,
3782 5534 3927 5590 ἀλλά

2232 5629 2294 5684 τὸ
2326 5628 2509 5683 πάντα
2557 5629 2734 5681 ποιεῖν
2779 5627 2930 5690 ὅπως
2964 5624 3031 5681 ἂν
3061 5626 3292 5695 γένοιτο.
3328 5626 3441 5681 Kal
3471 5625 3579 5700 γὰρ
3618 5625 3669 5680 oi
3707 5623 3922 5679 καθιέν-

2235 5736 2326 5783 τες
2387 5720 2467 5795 είς
2515 5718 2642 5782 τοὺς
2709 5715 3114 5788 Ὀλυμπιακοὺς
3153 5715 3376 5785 ἀγῶνας
3400 5757 3415 5782 ,
3470 5714 3675 5780 εἰδότες
3723 5714 3811 5768 ὅτι
3866 5714 3923 5765 ἐν

2299 5842 2324 5882 8
2352 5841 2458 5892 Duo
2481 5854 2595 5890 mss.
2622 5839 2744 5903 μαθή

2236 5918 2410 5954 omnes
2430 5904 2646 5966 πέμπτον
2666 5904 2697 5962 ἢ

2243 5983 2295 6016 ιν
2306 5970 2712 6096 ξῗῗκὲρτοῒζέύοντες.
2740 6025 3029 6091 Legendum
3064 6026 3259 6078 videtur
3280 6025 3635 6086 στρατεύοντάς.
3659 6020 3791 6073 Em.

2819 5857 2868 5888 σι
2885 5856 3037 5903 πεμπ.
3062 5836 3174 5888 Mox
3211 5851 3337 5904 ppus
3352 5837 3522 5904 ﬁxpmc
3544 5836 3769 5904 ἅψασθαι..
3796 5830 3921 5883 Infra

2772 5897 2961 5964 ἑκατον,
2989 5905 3172 5966 praeter
3211 5900 3387 5951 Morel.
3426 5897 3515 5964 'qut
3537 5897 3686 5950 habet
3703 5897 3920 5955 πέμπτον
