4032 6464
258 433 357 491 38!

253 543 520 618 proﬁcisci
542 552 797 619 poterunt
825 563 843 603 :
865 547 1011 618 ipsos
1029 547 1303 615 adeamus,
1329 549 1540 605 illorum
1563 550 1839 606 consortio

255 647 310 694 et
333 638 603 709 colloquio
622 636 884 694 fruamur.
918 639 1049 695 llinc
1070 641 1226 696 nobis
1252 641 1440 712 ingens
1463 642 1691 710 lucrum,
1722 657 1841 696 ma-

254 743 464 800 gnaque
491 729 740 800 voluptas
776 730 968 785 aderit.
998 731 1114 788 Non
1143 733 1288 788 enim
1317 745 1605 804 conspectu
1635 744 1844 789 tantum

254 821 653 876 carissimorum
681 821 910 877 filiorum
934 824 1263 892 lmtabimur;
1295 827 1391 883 sed
1420 828 1522 898 ipsi
1550 830 1844 884 maximum

255 914 434 986 adepti
479 914 734 983 fructum,
780 916 999 973 domum
1040 919 1335 975 redibimus
1367 939 1381 975 :
1416 936 1655 992 persaepe
1683 922 1845 977 etiam

255 1021 378 1061 cum
407 1006 515 1061 illis
538 1000 893 1070 manebimus,
921 1009 1272 1081 philosophiae
1298 1028 1482 1069 amore
1506 1015 1670 1084 capti.
1698 1014 1848 1068 ’l'uuc

256 1096 420 1167 igitur
443 1097 565 1153 illos
586 1114 919 1164 revocemus,
944 1115 1066 1156 cum
1091 1102 1230 1158 vires
1259 1103 1397 1158 nacti
1420 1113 1595 1170 erunt,
1623 1104 1849 1173 aliisque

258 1187 517 1259 prodesse
564 1197 813 1259 poterunt
862 1208 876 1245 :
928 1200 1054 1247 tunc
1102 1193 1220 1247 illos
1266 1193 1626 1260 retrahamus,
1677 1196 1747 1248 ita
1792 1202 1850 1248 ut

258 1279 560 1336 communis
581 1280 670 1334 lux
696 1280 807 1346 fiat,
836 1291 889 1336 et
915 1281 1131 1337 lucerna
1155 1294 1387 1353 ponatur
1406 1298 1567 1354 supra
1591 1283 1849 1340 candela-

258 1370 437 1427 brum.
484 1370 634 1426 Tune
681 1371 930 1427 videbitis
974 1389 1329 1444 quorumnam
1382 1374 1617 1432 ﬁliorum
1670 1384 1852 1446 patres

259 1462 400 1530 sitis,
432 1476 731 1544 quorumve
775 1464 834 1530 ii,
876 1480 1013 1535 quos
1060 1481 1204 1522 nunc
1242 1466 1431 1522 beatos
1471 1466 1649 1522 dicitis
1686 1475 1853 1523 :tunc

260 1542 791 1628 philosopltim‘lucra
820 1557 1101 1624 videbitis,
1138 1573 1262 1614 cum
1309 1559 1635 1615 insanabiles
1676 1559 1852 1615 homi-

263 1664 391 1704 num
420 1649 635 1704 morbos
660 1651 989 1719 curaverint,
1018 1667 1140 1706 cum
1171 1661 1229 1706 ut
1258 1651 1485 1708 beneﬁci
1516 1666 1850 1721 communes,

262 1740 474 1811 patroni
505 1747 561 1795 et
588 1751 892 1796 servatores
934 1742 1387 1811 prmdicabuntur,
1419 1758 1542 1798 cum
1587 1752 1644 1798 ut
1680 1745 1855 1814 angeli

263 1845 387 1886 eum
416 1830 719 1886 hominibus
746 1831 798 1886 in
830 1833 985 1889 terris
1011 1835 1315 1890 conversati
1346 1834 1564 1900 fuerint,
1595 1849 1716 1889 cum
1741 1850 1860 1888 om-

265 1921 414 1976 nium
440 1922 683 1976 obtutum
712 1923 766 1977 in
805 1938 865 1978 se
893 1925 1262 1980 converterint
1293 1943 1304 1977 :
1339 1925 1446 1979 imo
1472 1925 1670 1995 potius,
1707 1940 1858 1996 quas-

265 2031 499 2086 cumque
529 2014 839 2084 dixerimus,
869 2017 1003 2072 nihil
1050 2018 1155 2073 tale
1184 2018 1443 2074 exhibere
1477 2028 1672 2088 potest,
1701 2019 1861 2089 quale

268 2109 383 2178 ipsa
415 2109 745 2178 experientia
776 2117 831 2164 et
859 2110 1114 2180 cperibus
1146 2098 1331 2167 videre
1355 2120 1457 2167 est.
1487 2111 1614 2167 Haec
1644 2112 1860 2182 legisla-

268 2199 477 2255 toribus
498 2200 739 2256 facienda
761 2210 935 2266 erant,
959 2203 1005 2257 si
1026 2202 1098 2257 uti
1121 2205 1471 2260 conveniebat
1496 2214 1670 2260 actum
1696 2212 1861 2272 esset,

268 2307 465 2362 nempe
493 2302 552 2348 ut
581 2308 685 2347 non
711 2294 997 2363 juvenibus
1023 2294 1256 2350 virorum
1288 2304 1500 2351 aetatem
1538 2296 1745 2368 adeptis
1790 2296 1858 2350 ti-

269 2397 451 2438 mores
468 2385 793 2451 incuterent;
815 2385 910 2440 sed
933 2400 1047 2451 eos,
1069 2384 1195 2440 dum
1219 2387 1369 2456 pueri
1391 2395 1563 2453 erant,
1584 2388 1865 2443 instituere

270 2484 327 2529 et
357 2474 647 2531 informare
670 2492 803 2547 Opus
831 2486 947 2533 erat
966 2520 982 2544 ,
1014 2494 1115 2536 nec
1144 2489 1324 2549 postea
1355 2482 1515 2536 minae
1540 2480 1864 2536 adhibendae

274 2565 521 2622 fuissent.
548 2567 700 2625 Nunc
725 2579 901 2625 autem
929 2571 1032 2627 hoc
1054 2572 1226 2643 ipsum
1249 2572 1443 2642 agitur,
1466 2586 1528 2626 ac
1545 2568 1592 2625 si
1616 2572 1737 2649 quis
1755 2586 1869 2625 me-

272 2658 428 2713 dicus
465 2662 742 2729 aegrotanti
791 2662 924 2717 nihil
970 2663 1132 2732 dicat,
1160 2680 1261 2719 nec
1288 2664 1539 2721 OStendat
1556 2683 1663 2735 quo
1711 2672 1868 2734 pacto

273 2750 545 2805 curandus
575 2752 644 2806 sit
667 2754 906 2820 morbus,
929 2754 1202 2824 deplorata
1224 2762 1405 2811 autem
1428 2754 1755 2821 valetudine,
1783 2754 1867 2808 in-

274 2856 527 2897 numeras
555 2843 918 2899 remediorum
950 2846 1094 2916 leges
1121 2855 1340 2901 statuat.
1372 2846 1503 2900 Nam
1535 2845 1870 2917 legislatores

276 2943 405 2989 tunc
445 2949 544 2990 nos
587 2936 866 2992 instituere
894 2938 1299 3008 aggrediuntur,
1338 2953 1460 2993 cum
1495 2938 1602 3008 jam
1635 2939 1870 3008 perversi

274 3040 485 3081 sumus.
510 3025 613 3082 Sed
636 3042 743 3082 non
772 3029 841 3082 ita
864 3029 1081 3097 Paulus,
1105 3046 1290 3085 verum
1311 3031 1379 3085 ab
1404 3030 1553 3085 initio
1573 3038 1630 3085 et
1649 3046 1677 3083 a
1701 3030 1872 3101 prima

274 3124 438 3173 actate
484 3118 767 3187 magistros
804 3119 907 3174 illis
936 3120 1145 3175 virtutis
1187 3121 1430 3190 praalicit,
1473 3120 1615 3174 vitiis
1655 3135 1870 3174 omnem

274 3207 484 3261 aditum
526 3208 910 3264 intercludens.
952 3210 1078 3265 llaec
1117 3210 1315 3281 quippe
1353 3211 1554 3281 optima
1594 3220 1677 3266 est
1714 3209 1875 3264 disci-

280 3300 451 3369 plina,
479 3315 586 3355 non
614 3302 760 3369 prius
789 3302 916 3355 vitia
945 3302 1210 3357 dominari
1238 3302 1416 3357 sinere
1444 3310 1497 3357 et
1523 3311 1705 3371 postea
1731 3316 1875 3370 qua:-

277 3407 426 3460 rere,
455 3408 560 3463 quo
582 3404 741 3464 pacto
771 3395 858 3449 illa
887 3395 1151 3450 eliminari
1190 3395 1423 3466 possint,
1454 3394 1550 3449 sed
1579 3395 1760 3448 omnia
1793 3394 1873 3447 fu-

279 3499 409 3538 cere
436 3494 595 3555 atque
621 3486 820 3553 moliri,
843 3493 900 3540 ut
928 3495 1115 3541 natura
1146 3496 1325 3541 nostra
1358 3486 1611 3556 nequitia:
1641 3485 1711 3540 sit
1734 3486 1879 3540 inae-

281 3592 458 3631 cessa.
492 3578 850 3646 Quamobrem
896 3579 1105 3645 hortor,
1151 3595 1257 3634 non
1303 3579 1463 3634 modo
1505 3580 1645 3645 illos,
1689 3579 1777 3648 qui
1826 3577 1875 3631 id

281 3670 464 3725 facere
505 3670 719 3736 vellent,
751 3671 1025 3738 cohibere,
1069 3672 1162 3727 sed
1201 3674 1362 3728 etiam
1399 3672 1546 3743 ipsos
1584 3673 1877 3741 suscipere,

285 3761 542 3831 scapham
574 3764 806 3833 eripere,
834 3773 889 3818 et
917 3779 1205 3833 procurare
1246 3772 1302 3818 ut
1327 3764 1565 3818 secundo
1590 3772 1751 3817 vento
1781 3778 1879 3816 na-

284 3855 519 3923 vigetnr.
552 3853 764 3908 Etenim
786 3854 829 3908 si
863 3854 1004 3908 hanc
1030 3871 1220 3910 omnes
1246 3856 1567 3910 sententiam
1593 3854 1884 3924 amplecte-

288 3961 492 4009 remur,
518 3952 571 3999 et
596 3945 715 3999 aliis
745 3946 1064 4014 posthabitis
1094 3947 1161 4001 ad
1190 3947 1438 4002 virtutem
1470 3962 1564 4002 eos
1593 3946 1885 4001 deducere-

289 4051 439 4109 mus,
465 4035 567 4090 hoc
603 4036 777 4091 solum
805 4053 982 4105 opera:
1021 4039 1272 4107 pretium,
1313 4048 1508 4093 cratera
1538 4053 1666 4093 vero
1706 4038 1882 4091 omnia

290 4127 560 4182 adscititia
604 4143 727 4184 esse
768 4128 1108 4194 arbitrantes,
1158 4139 1302 4183 tanta
1346 4130 1470 4183 hinc
1514 4130 1889 4200 contingerent

294 4222 459 4286 bona,
484 4233 681 4291 quanta
708 4224 749 4279 si
783 4239 923 4279 nunc
949 4224 1124 4278 dicam
1142 4266 1154 4289 ,
1180 4224 1434 4293 jactantis
1462 4239 1610 4279 more
1634 4224 1775 4294 loqui
1805 4224 1888 4277 vi-

292 4315 448 4370 dear.
474 4316 529 4371 Si
555 4318 672 4387 quis
699 4327 875 4371 autem
904 4317 1043 4372 scire
1069 4318 1267 4385 copiat,
1294 4333 1356 4372 ex
1382 4317 1540 4372 rebus
1568 4318 1696 4386 ipsis
1726 4318 1891 4388 probe

293 4416 610 4477 cognoscet,
657 4407 1009 4478 ingentesque
1056 4410 1210 4463 nobis
1247 4409 1447 4479 gratias
1488 4408 1725 4473 habebit,
1776 4410 1893 4464 lou-

294 4516 471 4572 geque
497 4501 728 4572 majores
758 4503 886 4570 Deo,
910 4518 1031 4557 cum
1060 4503 1247 4557 viderit
1268 4501 1430 4557 vitam
1455 4502 1599 4557 illam
1621 4503 1892 4557 caelestem

296 4596 357 4650 in
390 4604 532 4650 terra
559 4596 971 4666 germinantem,
995 4595 1401 4667 doctrinamque
1431 4595 1498 4651 de
1520 4595 1710 4651 futuris
1739 4595 1893 4650 bonis

296 4701 370 4741 ac
413 4686 481 4742 de
524 4687 917 4743 resurrectione
960 4686 1044 4742 vel
1081 4688 1223 4758 apud
1269 4689 1414 4757 ipsos
1460 4686 1702 4743 infideles
1751 4685 1898 4742 obti-

297 4787 546 4838 ncntem.

382 4874 469 4929 l9.
502 4873 654 4943 Quod
678 4881 855 4930 autem
879 4873 993 4928 haec
1020 4873 1411 4942 nonjaetautiae
1434 4874 1594 4930 verba
1617 4874 1743 4940 sint,
1770 4872 1900 4929 inde

302 4964 570 5035 liquidum
614 4975 732 5032 est,
774 4964 918 5034 quod
958 4981 1079 5018 eum
1111 4964 1240 5033 ipsis
1268 4966 1431 5019 vitam
1471 4980 1657 5020 eorum
1678 5006 1693 5033 ,
1723 4967 1814 5039 qui
1844 4966 1901 5021 in

301 5057 541 5114 desertis
569 5066 888 5124 versantur;
917 5070 1264 5124 enarramus,
1312 5057 1381 5111 ad
1424 5055 1541 5111 hate
1586 5056 1716 5110 nihil
1760 5056 1902 5126 quod

303 5150 568 5220 objiciunt
586 5149 803 5214 habent,
834 5147 927 5203 sed
949 5148 1153 5203 fortiter
1179 5154 1479 5218 repugnant
1503 5155 1558 5201 et
1577 5147 1905 5201 contendunt

306 5243 458 5301 circa
484 5243 804 5313 paucitatem
827 5256 1033 5307 eorum,
1057 5241 1146 5311 qui
1174 5241 1244 5295 ita
1269 5238 1504 5311 perfecte
1524 5254 1584 5294 se
1606 5250 1816 5311 gerunt.
1846 5240 1903 5296 Si

310 5350 447 5391 vero
491 5335 543 5389 in
583 5336 804 5391 urbibus
846 5333 989 5389 hunc
1018 5332 1249 5387 fructum
1289 5347 1627 5400 sereremus,
1663 5332 1909 5403 bonaque

308 5429 601 5500 disciplina
630 5438 685 5486 et
702 5431 871 5500 legem
895 5439 949 5485 et
975 5430 1183 5484 initium
1204 5430 1491 5498 acciperet,
1520 5428 1763 5498 filiosque
1784 5437 1910 5482 ante

311 5522 499 5578 omnia
526 5537 868 5579 moueremus
893 5533 951 5578 ut
979 5522 1093 5577 Deo
1130 5522 1288 5576 amici
1320 5520 1542 5587 ﬁerent,
1576 5520 1910 5589 Spirituales-

312 5630 428 5684 que
447 5614 757 5684 disciplinas
786 5614 901 5669 vice
923 5613 1161 5668 omnium
1186 5621 1241 5669 et
1258 5621 1383 5667 ante
1403 5625 1591 5666 omnes
1609 5611 1742 5665 alias
1768 5611 1914 5680 ipsos

313 5708 675 5773 duceremus,
720 5707 892 5763 tristia
937 5716 1126 5762 cuncta
1170 5705 1555 5771 abscederent,
1590 5704 1917 5760 innumeris-

319 5816 434 5874 quc
458 5801 612 5855 malis
634 5800 744 5854 vita
770 5815 1010 5871 prtesens
1032 5797 1352 5869 eriperetur,
1378 5813 1441 5855 ac
1460 5797 1603 5869 ψιθά
1636 5797 1704 5853 de
1742 5796 1919 5853 futura

324 5897 545 5967 dicitur,
575 5909 771 5965 nempe
798 5893 1066 5965 aufugisse
1088 5893 1348 5965 dolorem,
1383 5893 1650 5952 tristitiam
1671 5899 1726 5949 et
1747 5890 1917 5962 gemi~

1002 434 1362 494 ADVERSUS
1396 437 1946 498 OPPUGNATORES
1983 441 2169 500 VlTAs‘.
2206 442 2501 501 MONAST.
2542 444 2671 500 LIB.
2713 444 2802 501 lll.

3429 454 3537 509 381

1946 561 2057 610 tum
2077 597 2093 622 ,
2124 554 2248 612 hinc
2274 557 2458 627 utique
2493 573 2945 628 consequeremur
2965 576 3173 619 omnes.
3200 563 3332 620 Nam
3358 566 3402 621 si
3430 584 3528 623 nec

1947 648 2327 716 pecuniarum,
2371 662 2473 705 nec
2510 651 2682 705 inanis
2710 651 2891 721 gloriae
2913 653 3107 723 cupido
3148 671 3246 711 nos
3289 667 3495 714 teneret

1946 753 2121 809 neque
2149 748 2374 795 mortem
2417 741 2724 796 timeremus
2744 783 2761 806 ,
2802 757 2977 813 neque
3001 754 3364 816 paupertatem
3385 786 3401 812 ,
3435 762 3535 801 nec

1947 846 2214 886 aerumnas
2247 831 2499 887 damnum
2540 832 2946 900 arbitraremur,
2987 835 3082 891 sed
3113 837 3317 891 lucrum
3361 836 3534 891 mani-

1947 936 2117 986 mum,
2148 936 2257 975 non
2285 922 2582 987 inimicitia,
2613 937 2720 977 non
2749 922 2874 977 odio
2902 926 3145 994 persequi
3176 927 3514 982 novissemus

1949 1028 2057 1068 non
2076 1014 2305 1084 propriis
2323 1030 2594 1082 umquam,
2613 1031 2720 1071 non
2745 1016 2935 1072 alienis
2953 1018 3115 1094 animi
3136 1019 3538 1088 aegritudinibus

1950 1120 2396 1177 expugnaremur,
2429 1107 2527 1164 sed
2569 1108 2857 1165 humanum
2900 1125 3070 1180 genus
3107 1111 3312 1181 angelis
3354 1113 3539 1181 proxi-

1950 1213 2098 1253 mum
2123 1207 2288 1254 esset.
2318 1198 2512 1269 Ecquis
2539 1199 2832 1265 hominum,
2865 1200 3093 1272 inquies,
3124 1202 3261 1256 hanc
3287 1216 3401 1255 rem
3432 1212 3543 1256 tam

1952 1290 2209 1359 praeclare
2234 1290 2440 1360 gessit?
2466 1288 2597 1346 Jure
2625 1305 2729 1345 non
2759 1292 2956 1360 credis,
2988 1301 3176 1362 utpote
3199 1294 3288 1363 qui
3315 1292 3368 1345 in
3393 1291 3546 1346 urbi-

1953 1379 2053 1435 bus
2083 1379 2310 1447 habites,
2335 1390 2393 1437 et
2411 1382 2622 1437 divinos
2647 1383 2813 1439 libros
2836 1398 2944 1438 non
2972 1383 3182 1454 legeris.
3206 1382 3359 1449 Quod
3383 1382 3429 1436 si
3450 1395 3547 1437 eos

1954 1471 2048 1541 qui
2077 1473 2129 1527 in
2156 1471 2384 1528 desertis
2412 1482 2714 1539 versantur,
2747 1482 2802 1530 et
2833 1488 2929 1529 eos
2953 1476 3045 1545 qui
3090 1474 3143 1528 in
3181 1473 3551 1543 spiritualibus

1957 1562 2107 1617 libris
2136 1572 2503 1618 memorantur
2527 1578 2734 1631 nosses,
2766 1564 3043 1620 didicisses
3068 1564 3252 1634 utique
3273 1572 3328 1618 et
3355 1577 3546 1618 mona-

1957 1653 2090 1709 chos
2110 1655 2358 1724 etprius,
2386 1670 2543 1725 quam
2574 1655 2685 1721 illi,
2715 1656 3004 1726 apostolos,
3038 1664 3149 1710 tum
3174 1656 3333 1711 etiam
3349 1654 3547 1725 justus.

1957 1747 2048 1817 qui
2086 1747 2359 1817 apostolos
2399 1754 2822 1817 praecesserunt.
2866 1762 3072 1801 summa
3116 1760 3240 1802 cum
3274 1745 3551 1815 diligentia

1959 1836 2098 1892 hanc
2140 1837 2309 1906 ipsam
2353 1837 2743 1907 philosOphiam
2783 1837 3110 1893 exhibuisse.
3154 1837 3395 1892 Vitanda:
3421 1852 3550 1907 ergo

1960 1928 2070 1983 litis
2096 1942 2291 1995 causa,
2337 1927 2529 1983 demus
2569 1928 2737 1982 ﬁlium
2776 1936 2927 1983 tuum
2952 1926 3188 1984 secundo
3226 1928 3454 1982 tertiove
3482 1927 3555 1980 ab

1962 2019 2068 2074 illis
2093 2019 2261 2091 gradu
2287 2018 2521 2073 futurum
2548 2037 2562 2074 :
2590 2034 2698 2075 non
2717 2019 2922 2089 exiguis
2942 2029 3118 2073 tamen
3144 2018 3350 2073 fruetur
3371 2018 3548 2073 bonis.

1961 2111 2079 2167 Non
2109 2112 2177 2166 ad
2208 2112 2455 2181 Petrum,
2501 2127 2609 2167 non
2654 2112 2719 2165 ad
2750 2112 2972 2166 Paulum
3003 2112 3259 2181 attinget,
3303 2111 3411 2165 imo
3453 2124 3554 2165 nec

1964 2206 2209 2277 proxime
2233 2206 2299 2262 ad
2320 2221 2416 2262 eos
2437 2206 2690 2272 accedet;
2718 2220 2843 2261 num
2872 2204 2994 2260 ideo
3016 2205 3163 2259 illum
3187 2221 3216 2259 a
3241 2203 3561 2274 posterioris

1964 2298 2161 2371 gradus
2186 2297 2390 2354 honore
2417 2298 2778 2367 privabimus?
2807 2297 3039 2366 ldipsum
3068 2296 3199 2352 facis
3222 2295 3340 2351 haec
3375 2294 3557 2366 profe-

1966 2404 2122 2458 rens,
2150 2404 2214 2444 ae
2245 2391 2289 2445 si
2320 2391 2389 2444 ita
2421 2390 2752 2459 loquereris:
2781 2388 2917 2456 Quia
2942 2403 3047 2443 non
3081 2396 3255 2458 potest
3281 2388 3393 2443 fieri
3421 2387 3561 2456 lapis

1966 2483 2236 2554 pretiosus
2254 2522 2270 2549 ,
2301 2491 2514 2536 maneat
2538 2480 2736 2537 ferrum
2758 2521 2774 2549 ,
2803 2495 2903 2536 nec
2938 2489 3214 2551 argentum
3243 2495 3342 2535 nec
3366 2494 3556 2534 aurum

1968 2574 2250 2630 efﬁciatur.

2044 2662 2166 2718 Non
2211 2680 2379 2717 omnes
2417 2678 2705 2734 supremum
2746 2662 2941 2716 virtutis
2983 2661 3242 2733 fastigium
3278 2677 3558 2732 assequuu-

1972 2764 2075 2810 μιν.
2106 2783 2179 2795 —
2204 2754 2315 2809 Cur
2340 2754 2393 2808 in
2439 2755 2674 2829 externis
2712 2754 2872 2808 rebus
2903 2768 3008 2808 non
3047 2753 3238 2808 eodem
3270 2754 3433 2807 uteris
3476 2770 3565 2807 ra-

1975 2847 2214 2914 tiocinio,
2250 2846 2346 2903 sed
2375 2862 2592 2916 prorsus
2630 2846 2937 2902 contrario?
2964 2845 3097 2900 Nam
3130 2859 3252 2900 cum
3291 2844 3358 2899 ad
3386 2845 3563 2898 litera—

1975 2958 2092 2997 rum
2114 2942 2448 3011 diseiplinam
2476 2941 2661 3005 mittis,
2686 2955 2797 2996 non
2822 2939 2970 2994 illum
2995 2938 3062 2993 ad
3084 2952 3392 3008 supremum
3418 2936 3570 2991 fasti-

1974 3034 2118 3103 gium
2149 3048 2268 3087 esse
2293 3046 2638 3087 ascensurum
2666 3024 2947 3100 exspectas
2965 3071 2983 3097 ,
3019 3044 3119 3084 nec
3145 3040 3320 3087 tamen
3349 3028 3470 3084 ideo
3499 3029 3570 3083 ab

1977 3124 2080 3178 hoc
2118 3123 2294 3178 studio
2340 3122 2606 3189 retrahis,
2653 3122 2749 3176 sed
2778 3122 2959 3175 munia
3002 3136 3122 3190 qua:
3151 3133 3319 3191 penes
3366 3130 3417 3173 te
3443 3126 3571 3173 sunt

1977 3225 2231 3288 praestas,
2266 3215 2506 3284 satisque
2528 3228 2649 3268 esse
2680 3221 2833 3282 putas
2861 3212 2906 3265 si
2944 3212 3010 3266 ad
3041 3212 3286 3280 quintum
3314 3210 3398 3264 vel
3419 3211 3570 3265 deci-

1981 3326 2124 3364 mum
2152 3324 2184 3364 a
2212 3309 2387 3376 primo
2412 3307 2731 3377 eloquentia:
2770 3305 2994 3376 gradum
3038 3305 3176 3358 [ilius
3201 3313 3323 3357 tuus
3362 3303 3568 3369 pertin-

1979 3416 2109 3471 gere
2148 3401 2336 3469 possit.
2377 3398 2618 3467 Cumque
2640 3397 2733 3450 lilii
2762 3396 2926 3451 vestri
2956 3394 3269 3465 Imperatori
3302 3394 3569 3459 militant,

1981 3510 2090 3549 non
2117 3506 2332 3560 semper
2350 3490 2417 3545 ad
2443 3487 2815 3560 praal'ectorum
2836 3486 3060 3557 gradum
3085 3486 3231 3555 ipsos
3253 3496 3574 3539 ascensurus

1983 3600 2105 3641 esse
2141 3583 2372 3654 putatis,
2412 3596 2513 3637 nec
2553 3590 2729 3634 tamen
2764 3578 2964 3648 jubetis
2988 3576 3260 3647 deponere
3304 3572 3573 3633 balteum.

1984 3692 2158 3746 neque
2187 3676 2254 3730 ad
2283 3674 2444 3744 regia:
2469 3671 2654 3727 limina
2679 3670 2936 3726 accedere
2960 3668 3256 3738 prohibetis
3275 3708 3291 3735 ,
3316 3665 3411 3721 sed
3440 3665 3575 3719 nihil

1988 3788 2095 3826 non
2117 3769 2295 3839 agitis,
2324 3778 2381 3824 ut
2407 3782 2474 3821 ne
2504 3766 2614 3820 illic
2638 3764 2844 3820 versari
2869 3777 3119 3833 umquam
3148 3761 3414 3825 desinant,
3445 3759 3577 3814 satis

1988 3878 2111 3919 esse
2140 3870 2409 3931 putantes,
2441 3860 2484 3914 si
2513 3873 2610 3914 eos
2637 3857 2814 3913 medio
2840 3857 2892 3912 in
2920 3857 3039 3911 loco
3064 3853 3254 3925 positis
3280 3865 3578 3907 connume—

1991 3953 2100 4009 rari
2139 3953 2383 4009 videatis.
2430 3950 2569 4019 Quid
2594 3964 2771 4006 causa:
2800 3958 2883 4004 est
2920 3948 3096 4018 igitur,
3124 3944 3267 4017 quod
3307 3943 3416 3999 illic
3456 3942 3581 4013 qui-

1991 4046 2138 4113 dem,
2169 4044 2378 4099 etiamsi
2406 4044 2609 4111 majora
2640 4039 2898 4110 consequi
2928 4054 3035 4094 non
3068 4038 3246 4102 liceat,
3274 4051 3373 4106 pro
3400 4036 3579 4089 mino-

1995 4138 2144 4192 ribus
2171 4145 2349 4190 tamen
2377 4132 2725 4202 assequendis
2751 4130 3036 4193 laboratis,
3071 4129 3170 4183 etsi
3204 4142 3300 4197 pro
3324 4127 3406 4181 his
3441 4141 3583 4195 quo-

1995 4242 2099 4298 que
2124 4242 2248 4297 spes
2274 4210 2344 4280 sil
2367 4223 2525 4279 dubia
2544 4263 2560 4287 ,
2596 4223 2680 4278 hic
2708 4236 2835 4275 vero
2863 4234 3055 4289 segnes
3083 4219 3212 4273 estis
3231 4231 3295 4271 ac
3319 4216 3588 4270 delieitis?

1996 4322 2126 4390 Quia
2157 4332 2352 4389 nempe
2392 4318 2606 4371 illorum
2635 4330 2827 4384 magno
2854 4312 3120 4368 desiderio
3158 4310 3414 4365 tenemini
3438 4350 3452 4372 ,
3487 4309 3587 4362 ho-

1998 4428 2116 4466 rum
2142 4425 2271 4465 vero
2302 4423 2368 4463 ne
2396 4423 2649 4479 perquam
2677 4405 2896 4459 minimo
2922 4422 2935 4458 :
2963 4401 3158 4458 deinde
3185 4402 3309 4471 quia
3338 4400 3389 4454 id
3418 4399 3596 4455 conli-

2002 4505 2100 4560 teri
2128 4502 2479 4567 erubescitis,
2522 4499 2834 4555 occasiones
2860 4504 2915 4552 et
2952 4495 3205 4550 obtentus
3234 4492 3549 4562 excogitatis
3576 4510 3590 4545 :

2003 4598 2181 4666 itaque
2209 4596 2254 4650 si
2283 4593 2411 4649 illud
2431 4594 2585 4663 plane
2616 4590 2843 4654 velletis,
2872 4588 3004 4643 nihil
3025 4601 3213 4643 eorum
3246 4585 3399 4641 vobis
3425 4586 3599 4654 impc-

2002 4687 2240 4743 dimcnto
2270 4694 2433 4742 esset.
2462 4683 2539 4738 ita
2566 4683 2707 4738 enim
2735 4696 2822 4736 res
2847 4696 2905 4735 se
2944 4680 3105 4733 habet
3129 4695 3143 4730 :
3174 4678 3222 4734 si
3247 4677 3366 4747 quis
3394 4675 3601 4746 aliquid

2004 4795 2131 4834 vere
2169 4787 2343 4842 amet,
2390 4777 2514 4831 licet
2554 4791 2660 4829 non
2690 4783 2886 4836 totum,
2919 4786 3018 4827 nec
3043 4784 3309 4824 summum
3338 4767 3601 4837 consequi

2006 4874 2196 4945 possit,
2224 4872 2305 4926 vel
2335 4870 2567 4924 medium
2586 4909 2602 4933 ,
2632 4866 2711 4921 vel
2739 4864 2960 4936 gradum
2986 4863 3147 4918 etiam
3178 4862 3335 4931 longe
3364 4859 3591 4914 inferio~

2008 4982 2122 5020 rem
2154 4961 2394 5033 nancisci
2425 4966 2686 5030 peroptat.
2715 4957 2846 5010 Nam
2873 4958 2963 5026 qui
2991 4955 3114 5008 vino
3137 4963 3192 5009 et
3221 4952 3425 5023 poculis
3447 4950 3601 5003 dedi-

2012 5067 2096 5113 tus
2126 5067 2208 5113 est
2227 5097 2241 5123 ,
2271 5053 2480 5111 etiamsi
2509 5052 2767 5121 optimum
2796 5059 2850 5104 et
2878 5048 3255 5103 suavissimum
3281 5045 3461 5099 vinum
3506 5044 3605 5096 ha-

2011 5152 2140 5207 bere
2161 5164 2264 5203 non
2292 5146 2490 5211 valeat,
2509 5161 2576 5198 ne
2600 5143 2649 5197 id
2671 5141 2885 5212 quidem
2906 5141 3048 5211 quod
3072 5140 3227 5195 vilius
3246 5148 3329 5194 est
3351 5150 3602 5204 umquam

2013 5250 2342 5299 contemnet.
2376 5239 2607 5293 Rursum
2634 5250 2857 5299 avarus,
2892 5234 3100 5291 etiamsi
3128 5246 3227 5289 nec
3252 5230 3454 5298 lapides
3485 5243 3607 5297 pre-

2018 5336 2223 5402 tiosos,
2264 5347 2367 5388 nec
2408 5346 2630 5394 aurum,
2659 5329 2754 5384 sed
2799 5335 3078 5398 argentum
3123 5320 3460 5379 solummodo
3488 5319 3609 5389 quis

2019 5429 2285 5499 praebeat,
2327 5439 2564 5481 summas
2608 5423 2681 5478 illi
2710 5423 2909 5493 gratias
2952 5418 3188 5475 habebit.
3219 5415 3366 5471 Talis
3410 5428 3497 5468 res
3527 5420 3612 5467 est

2018 5517 2481 5589 concupiscentia,
2509 5515 2645 5571 adeo
2685 5511 2989 5585 tyrannica,
3038 5517 3096 5563 ut
3122 5508 3207 5572 ei,
3240 5520 3398 5577 quem
3440 5503 3613 5559 semel

2020 5590 2255 5682 ceperito.
2281 5610 2460 5667 omnia
2497 5608 2603 5679 pati
2633 5615 2687 5663 et
2723 5604 2991 5661 sustinere
3015 5600 3274 5656 suadeat:
3310 5598 3382 5652 ita
3413 5607 3469 5651 ut
3497 5597 3613 5650 luce

2021 5705 2215 5771 verba,
2247 5706 2293 5760 sl
2319 5716 2426 5757 non
2462 5700 2711 5757 simulate
2738 5705 2939 5751 tantum
2973 5690 3393 5762 praztendautur,
3431 5699 3613 5757 postn-

2024 5794 2134 5853 leut
2160 5802 2219 5851 ut
2243 5794 2362 5864 quis
2385 5799 2706 5862 eooperetur
2741 5796 2796 5843 et
2825 5786 3062 5841 laborem
3108 5782 3282 5837 adeat.
3316 5781 3445 5852 Ejus
3468 5778 3614 5832 enim

2027 5896 2129 5959 est,
2166 5887 2258 5960 qul
2283 5885 2482 5958 aliquid
2507 5882 2854 5954 concupiscit,
2881 5893 2988 5937 non
3031 5874 3294 5950 impedire
3333 5868 3628 5944 quominus
