4032 6402
470 426 579 479 383

472 543 595 605 ﬁat,
626 537 722 595 sed
749 547 806 594 ut
844 538 935 595 ﬁat
961 538 1142 595 omnia
1171 537 1370 593 moliri.
1398 536 1613 591 Etenim
1654 534 1744 603 qui
1783 532 1851 588 ad
1875 530 2065 601 Olyma

472 630 589 701 pica
616 630 911 685 certamina
942 627 1297 694 descendunt,
1326 626 1427 683 etsi
1446 627 1621 682 sciant
1645 640 1806 680 unum
1827 639 1892 679 ex
1918 630 2061 677 tanta

469 721 813 777 multitudine
839 723 1102 777 victorem
1130 720 1268 788 fore,
1299 716 1546 774 laborant
1583 728 1761 773 tamen
1790 724 1952 786 atque
1977 712 2060 767 l'a-

470 814 705 882 tigantur
729 830 740 867 :
769 813 981 869 tametsi
1006 812 1094 868 hic
1112 820 1271 883 atque
1296 811 1402 866 illic
1421 825 1527 865 non
1550 825 1647 881 par
1668 808 1804 864 ratio
1827 816 1930 874 est,
1954 821 2061 861 non

468 906 645 959 solum
678 905 1126 960 obieertaminum
1150 904 1333 970 ﬁnem,
1357 903 1452 959 sed
1475 904 1637 959 etiam
1664 903 1806 972 quod
1835 901 1943 956 illic
1969 915 2063 954 ne-

468 1011 623 1051 cesse
647 996 718 1051 sit
746 1012 909 1052 unum
937 996 1212 1052 dumtaxat
1253 1004 1570 1051 coronatum
1608 995 1756 1050 abire
1776 1036 1792 1061 ,
1824 993 1911 1048 hic
1936 1006 2064 1047 vero

471 1087 832 1154 praecellentia
862 1094 917 1142 et
942 1086 1164 1142 inferior
1189 1086 1426 1143 conditio
1454 1101 1563 1141 non
1602 1086 1656 1140 in
1682 1099 1748 1141 eo
1775 1084 1892 1140 sita:
1917 1083 2026 1138 sint
2044 1122 2063 1148 ,

471 1177 615 1246 quod
641 1178 781 1233 alter
803 1195 911 1234 non
951 1188 1262 1247 coronatus,
1290 1180 1427 1235 alter
1454 1187 1743 1234 coronatus
1770 1174 2061 1239 abscedat,

472 1270 570 1326 sed
608 1270 750 1340 quod
774 1271 911 1326 alius
936 1271 1390 1342 splendidiorem,
1431 1271 1567 1326 alius
1606 1270 1866 1324 minorem
1893 1267 2066 1322 accla-

474 1360 763 1415 mationem
787 1361 1044 1427 obtineat,
1079 1362 1173 1418 sed
1206 1371 1384 1417 tamen
1412 1377 1601 1417 omnes
1623 1361 1937 1416 sortiantur.
1964 1358 2059 1412 De-

475 1456 639 1522 nique
666 1453 711 1507 si
738 1452 1000 1508 vellemus
1022 1468 1052 1509 a
1082 1455 1343 1526 principio
1367 1454 1656 1509 informare
1683 1453 1840 1516 lilios,
1865 1460 1921 1507 et
1943 1450 2069 1506 edu-

474 1558 601 1600 care
623 1544 961 1615 cupientihus
983 1545 1215 1611 tradere,
1240 1546 1355 1602 ﬁeri
1380 1561 1509 1602 sane
1530 1554 1715 1616 posset
1736 1553 1796 1600 ut
1814 1545 1866 1599 in
1894 1542 2067 1613 primo

473 1643 774 1691 castrorum
806 1646 1011 1692 starent
1047 1637 1270 1703 ordine;
1312 1654 1486 1709 neque
1514 1640 1657 1693 enim
1704 1638 1844 1693 Deus
1867 1646 2068 1691 tantam

475 1730 639 1785 animi
676 1731 1040 1799 alacritatem,
1089 1739 1293 1786 tantum
1334 1731 1571 1787 studium
1615 1739 1928 1801 sperneret,
1974 1728 2070 1784 sed

475 1837 691 1876 manum
708 1821 1031 1893 porrigeret,
1065 1822 1388 1893 imaginique
1412 1821 1705 1876 formanda:
1728 1835 1944 1890 operam
1969 1818 2069 1874 da-

475 1920 559 1967 ret
588 1931 601 1967 :
628 1912 720 1967 illa
744 1928 874 1968 vero
902 1921 1162 1982 operante
1205 1929 1400 1978 manu,
1449 1913 1565 1969 ﬁeri
1609 1914 1796 1983 nequit
1840 1920 1900 1967 ut
1941 1910 2071 1982 quid

477 2012 748 2073 gestorum
763 2005 976 2060 excidat
994 2022 1008 2070 ;
1037 2006 1145 2075 imp
1162 2005 1278 2061 ﬁeri
1297 2006 1480 2075 nequit
1494 2014 1553 2059 nt
1570 2005 1637 2060 ad
1657 2006 1869 2060 culmen
1892 2006 2074 2074 splen-

477 2095 625 2151 doris
651 2105 706 2150 et
732 2096 916 2167 glorias
938 2113 1044 2152 non
1075 2098 1434 2166 perveniatur,
1465 2098 1510 2151 si
1539 2096 1699 2151 modo
1720 2112 1804 2162 ea,
1835 2111 1953 2167 qua:
1975 2111 2074 2166 pe-

480 2201 579 2241 ncs
600 2202 697 2242 nos
722 2197 866 2253 sunt,
894 2197 1266 2258 sequerentur.
1290 2188 1424 2243 Nam
1440 2188 1483 2243 si
1513 2189 1765 2243 mulieres
1785 2204 1813 2242 a
1838 2190 1947 2243 Deo
1975 2189 2076 2243 im-

482 2286 694 2345 petrare
737 2287 1056 2349 patuerunt,
1102 2290 1157 2335 ut
1184 2281 1284 2335 sibi
1312 2280 1379 2335 ad
1417 2280 1704 2336 liberorum
1748 2296 1930 2334 curam
1961 2282 2080 2350 opi-

482 2369 760 2434 tularetur,
795 2371 963 2425 multo
998 2372 1166 2442 magis
1207 2387 1342 2437 nos,
1371 2371 1416 2426 si
1444 2370 1707 2439 velimus,
1737 2370 1790 2425 id
1820 2372 2079 2442 consequi

482 2461 798 2528 poterimus.
831 2463 978 2518 Alias
1001 2464 1246 2534 quidem,
1278 2480 1346 2519 ne
1372 2463 1583 2535 longius
1610 2473 1859 2519 excurrat
1883 2465 2075 2531 oratio,

484 2554 885 2621 prietermittam
906 2594 922 2622 ,
965 2570 1028 2610 ac
1057 2556 1182 2611 licet
1210 2557 1405 2611 multas
1432 2555 1779 2627 proferendus
1814 2554 2039 2612 habeam
2059 2597 2074 2624 ,

484 2661 643 2699 unam
672 2654 876 2702 tantum
901 2650 1359 2705 commemorabo.

553 2735 644 2790 20.
696 2738 858 2792 Annia
886 2748 933 2791 et
965 2738 1219 2793 Samuelis
1259 2740 1490 2795 historia.
1527 2771 1598 2811 -τ
1626 2741 1781 2795 Anna
1831 2738 2077 2811 qumdam

482 2834 621 2891 erat,
650 2826 835 2883 Judaea
880 2829 1103 2895 mulier;
1134 2832 1251 2886 tunc
1279 2832 1445 2887 ﬁlium
1475 2833 1681 2902 peperit
1707 2848 1894 2900 unum,
1923 2847 2079 2887 cum-

486 2934 590 2987 que
616 2934 725 2973 non
758 2916 1017 2989 'Speraret
1054 2938 1115 2978 se
1153 2924 1313 2979 alium
1358 2925 1650 2994 parituram
1697 2941 1853 2993 esse;
1882 2927 2081 2998 quippe

486 3024 606 3077 qua:
626 3007 765 3064 hunc
787 3011 872 3064 vix
890 3021 1114 3082 postque
1129 3014 1320 3070 multas
1338 3014 1601 3088 lacrymas
1620 3017 1941 3087 peperisset,
1957 3033 2081 3072 nam

487 3100 685 3155 sterilis
729 3110 844 3158 erat
874 3119 889 3154 :
920 3103 1109 3160 videns
1153 3108 1401 3161 aemulam
1449 3124 1601 3163 suam
1663 3110 1765 3165 sibi
1812 3110 1939 3167 ideo
1976 3112 2086 3168 ire.

486 3200 713 3260 quenter
741 3193 1107 3264 insultantem,
1148 3213 1481 3271 nequaquam
1522 3201 1577 3256 id
1624 3201 1772 3270 fecit,
1802 3203 1947 3273 quod
1988 3219 2087 3260 vos

488 3283 664 3353 agitis,
710 3284 807 3340 sed
851 3299 1158 3359 susceptum
1197 3289 1398 3358 ﬁlium,
1447 3293 1540 3349 illo
1588 3302 1794 3351 tantum
1843 3305 2085 3368 tempore

488 3376 629 3446 apud
674 3393 735 3433 se
764 3380 1003 3447 retinuit,
1047 3386 1157 3452 quo
1202 3399 1426 3441 necesse
1469 3394 1588 3442 erat
1616 3397 1675 3443 ut
1703 3388 2084 3446 ablactaretur.

489 3467 622 3521 Cum
653 3477 828 3524 autem
867 3471 1004 3527 lacte
1032 3475 1262 3544 amplius
1291 3491 1399 3531 non
1439 3487 1641 3547 egeret,
1672 3491 1943 3552 sumptum
1971 3492 2087 3537 sta-

494 3558 588 3612 tim
615 3559 807 3615 obtulit
846 3561 978 3631 Deo,
1010 3580 1111 3621 nec
1157 3576 1211 3620 ut
1238 3566 1291 3622 in
1322 3577 1600 3638 paternam
1634 3573 1843 3627 veniret
1866 3572 2087 3630 domum

493 3652 700 3720 rogavit
724 3658 997 3724 umquam,
1024 3657 1120 3712 sed
1142 3672 1360 3728 semper
1380 3661 1434 3716 in
1454 3663 1654 3732 templo
1680 3664 1775 3719 Dei
1792 3665 1880 3721 ille
1905 3680 2088 3721 mora-

495 3742 670 3800 batur.
702 3746 759 3801 Si
786 3748 999 3817 quando
1027 3748 1173 3804 illum
1203 3750 1383 3807 videre
1409 3762 1650 3823 cuperet,
1681 3764 1865 3826 utpote
1894 3766 2084 3824 mater,

494 3852 602 3891 non
630 3839 889 3895 evocabat
914 3841 981 3897 ad
1004 3858 1066 3897 se
1096 3857 1341 3912 puerum,
1371 3846 1467 3901 sed
1496 3845 1561 3901 ad
1591 3847 1742 3901 illum
1768 3863 1891 3903 cum
1937 3858 2093 3919 patre

495 3929 840 3997 ascendebat,
870 3933 938 3988 ab
969 3933 1060 3988 illo
1100 3934 1395 4001 abstinens,
1428 3936 1551 4007 quia
1582 3937 1634 3992 in
1664 3938 1866 3993 donum
1892 3954 2089 3995 conse-

496 4031 676 4077 cratus
702 4033 839 4079 erat.
883 4024 1138 4097 Adeoque
1163 4038 1412 4085 strenuus
1442 4038 1498 4086 et
1531 4045 1754 4102 magnus
1779 4031 2092 4087 adolescens

496 4116 685 4181 evasit,
714 4125 772 4170 ut
818 4117 983 4173 Deum
1023 4119 1092 4175 ab
1140 4119 1482 4177 Hebraeorum
1511 4132 1672 4193 gente
1717 4123 1787 4178 ob
1827 4124 1931 4179 late
1959 4122 2095 4179 ell‘u-

498 4222 611 4261 sam
658 4209 892 4278 ipsorum
938 4211 1229 4282 nequitiam
1270 4229 1541 4282 aversum,
1575 4231 1681 4270 non
1712 4216 1926 4271 oracula
1971 4214 2093 4273 fun-

497 4299 734 4365 dentem,
760 4318 861 4357 nec
880 4303 1140 4359 visionem
1167 4306 1328 4360 ullam
1353 4309 1703 4376 praebentem,
1721 4323 1816 4378 per
1836 4309 2091 4363 virtutem

500 4408 650 4448 suam
680 4397 993 4463 attraheret,
1024 4407 1079 4451 et
1107 4398 1420 4466 impetraret
1447 4400 1515 4455 ab
1557 4414 1622 4455 eo
1653 4410 1708 4455 ut
1741 4401 1928 4456 eadem
1976 4401 2092 4470 ipsa

503 4486 762 4552 praeberet
790 4502 908 4555 quae
950 4498 1130 4550 antea,
1160 4499 1216 4542 et
1259 4489 1592 4558 prophetiam
1633 4507 1754 4561 qua:
1789 4493 2095 4548 avolaverat

502 4577 827 4633 restitueret.
851 4578 978 4633 llznc
1000 4589 1175 4634 autem
1195 4582 1390 4650 potuit,
1420 4597 1525 4636 non
1549 4592 1754 4637 matura
1776 4584 1886 4654 jam
1912 4596 2089 4654 aetate,

501 4667 595 4722 sed
639 4684 761 4723 cum
798 4670 973 4726 adhuc
1020 4674 1273 4742 puerulus
1300 4683 1484 4728 esset:
1518 4673 1643 4728 Non
1669 4676 1804 4729 enim
1845 4687 1980 4743 erat,
2013 4679 2096 4734 in-

503 4764 636 4832 quit,
664 4763 787 4815 risio
808 4763 1139 4835 distinguens,
1167 4775 1213 4819 et
1235 4766 1438 4819 verbum
1454 4767 1724 4839 pretiosum
1749 4777 1857 4822 erat
1878 4769 1945 4840 (l.
1961 4768 2091 4841 Reg.

505 4858 557 4909 5.
592 4854 666 4931 1).
703 4856 947 4911 Attamen
977 4859 1078 4913 hoc
1108 4859 1158 4912 in
1177 4874 1357 4914 rerum
1382 4859 1706 4927 statu,Deus
1731 4861 1808 4916 illi
1837 4860 2094 4933 frequen-

506 4962 588 5006 ter
628 4951 841 5006 oracula
888 4951 1163 5007 reddebat.
1197 4953 1428 5009 Tantum
1458 4957 1666 5011 confert
1691 4956 2041 5013 emolumenti
2076 4997 2092 5025 ,

509 5046 613 5100 Deo
642 5059 855 5113 semper
881 5060 999 5114 qua:
1036 5045 1373 5116 possidemus
1399 5048 1719 5115 concedere,
1748 5058 1803 5105 et
1828 5064 1857 5103 a
1888 5050 2096 5106 cunctis

505 5138 815 5205 abscedere,
860 5153 967 5193 non
991 5153 1022 5193 a
1049 5141 1291 5210 pecuniis
1334 5149 1540 5196 tantum
1580 5151 1636 5197 et
1669 5157 1699 5196 a
1746 5142 2097 5212 possessioni-

507 5230 626 5300 bus,
651 5229 749 5286 sed
784 5230 852 5287 ab
894 5230 1024 5301 ipsis
1063 5230 1205 5285 ﬁliis.
1238 5231 1369 5287 Nam
1397 5232 1443 5287 si
1487 5232 1666 5288 hocin
1692 5234 1868 5288 anima
1913 5242 2094 5288 nostra

507 5320 680 5378 facere
701 5320 970 5391 jubemur,
1002 5321 1170 5377 multo
1213 5323 1380 5393 magis
1410 5323 1461 5377 in
1491 5323 1701 5379 caeteris
1743 5324 2010 5379 omnibus.
2041 5323 2095 5378 ld

507 5413 703 5485 quippe
726 5414 997 5470 Abraham
1018 5413 1319 5485 patriarcha
1340 5414 1485 5481 fecit,
1515 5416 1622 5471 imo
1642 5415 1915 5487 quidpiam
1931 5417 2096 5471 multo

508 5505 678 5573 majus
710 5522 725 5559 :
755 5506 876 5562 ideo
904 5522 1026 5561 cum
1055 5507 1213 5577 longe
1240 5507 1430 5578 majori
1475 5506 1644 5576 gloria
1675 5506 1840 5562 ﬁlium
1858 5508 2091 5585 recepit.

510 5594 826 5651 'l'unc'enim
856 5598 1090 5652 maxime
1117 5597 1256 5653 ﬁlios
1286 5597 1543 5652 habemus
1567 5605 1800 5664 nostros,
1829 5613 1949 5653 cum
1978 5599 2095 5653 illos

512 5684 738 5740 Domino
795 5689 1075 5744 tradimus.
1130 5687 1314 5759 Longe
1362 5687 1558 5758 quippe
1614 5688 1807 5744 melids
1860 5689 1926 5744 iis
1973 5690 2094 5755 illc,

507 5793 667 5847 quam
714 5792 831 5842 nos,
883 5781 1118 5848 praeerit,
1163 5782 1287 5851 quia
1340 5781 1600 5850 majorem
1649 5781 1862 5837 illorum
1913 5797 2097 5837 curam

509 5868 663 5937 gerit.
708 5867 895 5925 Nonne
939 5870 991 5926 id
1029 5870 1217 5929 videtis
1256 5872 1313 5928 i.t
1340 5871 1562 5928 divitum
1602 5887 1815 5945 quoque
1851 5871 2097 5931 domibus

1216 418 1276 474 S.
1315 417 1594 474 JOANNIS
1632 410 2108 474 CHRYSOSTOMI
2145 408 2465 467 AﬂGlllEP.
2506 405 3049 468 CONSTANTINOP.

3664 402 3763 458 Ξτεᾶ

2168 525 2332 581 ﬁeri?
2361 525 2573 581 Etenim
2613 527 2687 582 ibi
2727 539 2843 592 eos,
2872 526 2962 596 qui
3009 523 3192 579 inﬁmo
3226 522 3344 576 loco
3371 535 3493 574 cum
3526 518 3769 589 patribus

2165 626 2461 684 morantur,
2509 634 2617 675 non
2659 633 2829 689 usque
2874 617 3010 673 adeo
3054 616 3295 672 illustres
3336 614 3540 679 videas,
3590 626 3768 680 neque

2165 718 2311 765 tanta
2354 718 2620 780 potestate
2649 710 2902 780 praeditos
2931 724 2947 765 :
2980 710 3013 763 ii
3045 715 3244 773 autem,
3287 721 3423 778 quos
3448 704 3656 761 domini
3682 704 3766 759 sui

2163 817 2198 858 δ
2223 804 2534 873 parentibus
2561 803 2917 870 abduxerunt,
2961 816 3164 871 suoque
3195 798 3494 854 ministerio
3533 798 3765 868 deputa-

2165 904 2291 949 runt
2332 894 2753 964 facultatumque
2794 893 3049 950 custodes
3089 892 3480 946 constituerunt
3505 932 3521 956 ,
3575 889 3766 959 majori

2165 984 2504 1043 dominorum
2546 986 2919 1042 benevolentia
2965 984 3276 1054 potiuntur,
3322 983 3415 1037 ﬁdi
3459 982 3765 1049 habentur,

2167 1087 2421 1149 tantoque
2474 1080 2750 1135 conservis
2799 1078 3057 1133 clariores
3101 1084 3263 1141 sunt,
3312 1086 3514 1147 quanto
3563 1075 3771 1131 domini

2167 1170 2496 1227 domesticis.
2542 1171 2697 1247 Quod
2737 1172 2784 1227 si
2833 1170 3081 1225 homines
3127 1169 3404 1224 ministros
3446 1182 3574 1223 suos
3621 1177 3769 1222 tanta

2169 1262 2496 1332 benignitate
2523 1272 2576 1317 et
2603 1262 2975 1317 benevolentia
3002 1269 3420 1330 prosequuntur,
3456 1259 3625 1314 multo
3655 1273 3774 1313 ma-

2167 1355 2250 1425 gis
2292 1354 2499 1409 inﬁnita
2549 1355 2638 1409 illa
2686 1354 2928 1421 bonitas,
2962 1353 3125 1409 Deus.
3168 1353 3421 1408 Sinamus
3451 1351 3611 1421 igitur
3651 1351 3775 1407 illos

2120 1504 2121 1507 η
2171 1444 2506 1512 ministrare,
2553 1445 2744 1500 nonin
2792 1444 3054 1515 templum
3099 1442 3430 1499 adducentes
3459 1452 3517 1496 ut
3542 1441 3772 1498 Samue-

2172 1536 2299 1605 lem,
2326 1538 2422 1593 sed
2448 1538 2501 1592 in
2528 1539 2699 1608 ipsum
2726 1536 2923 1592 cadum
2947 1551 3069 1591 cum
3096 1535 3303 1606 angelis
3321 1543 3377 1589 et
3394 1549 3518 1590 cum
3544 1534 3775 1589 archan-

2171 1630 2327 1700 gelis.
2357 1629 2511 1698 Quod
2541 1630 2685 1683 enim
2734 1643 2857 1684 eum
2888 1624 2994 1683 illis
3034 1627 3393 1683 ministraturi
3420 1626 3528 1680 sint
3553 1635 3608 1681 et
3652 1640 3772 1682 ser-

2173 1725 2332 1779 vituri
2363 1725 2421 1792 ii,
2451 1725 2541 1796 qui
2568 1724 2709 1780 hanc
2749 1722 3144 1794 philosophiam
3174 1712 3550 1790 susceperunt;
3582 1720 3777 1790 cuique

2175 1817 2350 1886 palam
2395 1825 2479 1872 est
2506 1833 2522 1872 :
2551 1816 2643 1872 ubi
2686 1832 2795 1871 non
2843 1816 2943 1871 sibi
2991 1823 3229 1879 tantum,
3276 1811 3379 1868 sed
3419 1811 3572 1867 vobis
3614 1812 3777 1867 etiam

2178 1908 2365 1979 majori
2394 1896 2516 1965 cum
2545 1909 2741 1964 ﬁducia
2776 1908 3123 1978 prospicient.
3157 1905 3291 1961 Nam
3336 1906 3382 1960 si
3412 1903 3632 1976 quidam
3680 1920 3779 1975 pa-

2178 2010 2389 2056 rentum
2441 2002 2610 2071 gratia
2663 2002 2920 2057 nonnulla
2971 2000 3342 2057 consolatione
3398 1999 3554 2069 potiti
3616 2007 3777 2066 sunt,

2180 2094 2350 2148 multo
2380 2095 2431 2148 id
2460 2095 2630 2165 magis
2652 2094 2878 2149 ﬁliorum
2902 2107 3061 2148 causa
3085 2100 3335 2163 parentes
3359 2090 3776 2160 consequentur.

2181 2185 2291 2241 lllic
2316 2188 2458 2241 enim
2492 2196 2700 2241 natura:
2745 2195 2947 2239 tantam
2973 2183 3062 2263 jus
3090 2183 3296 2249 aderat,
3325 2181 3414 2236 hic
3439 2181 3604 2237 etiam
3646 2180 3781 2236 edo-

2181 2279 2428 2345 cationis,
2458 2263 2604 2351 quod
2648 2278 2816 2333 multo
2864 2276 3037 2347 majus
3062 2277 3184 2346 jure
3228 2282 3432 2329 natura:
3463 2282 3567 2329 est.
3608 2274 3785 2344 Atque

2183 2375 2286 2430 hoc
2311 2374 2464 2429 vobis
2488 2383 2773 2443 utrumque
2794 2386 2865 2427 cx
2886 2370 3082 2426 divinis
3107 2367 3398 2439 Scripturis
3422 2366 3776 2422 conlirmabo.

2183 2450 2471 2521 Ezechiam
2499 2466 2642 2520 enim
2672 2466 2871 2519 virtute
2901 2462 3207 2532 pietateque
3251 2459 3533 2530 prmditnm
3564 2460 3736 2513 virum
3764 2500 3783 2525 ,

2184 2572 2307 2613 eum
2335 2566 2541 2613 tantam
2567 2572 2631 2613 ex
2662 2556 2822 2612 rebus
2846 2554 3012 2625 gestis
3040 2552 3287 2608 ﬁduciam
3316 2566 3422 2607 non
3451 2550 3699 2619 haberet,
3727 2561 3789 2605 ut

2184 2659 2367 2721 posset
2405 2655 2587 2704 contra
2620 2657 2727 2702 tam
2773 2647 2963 2717 ingens
3007 2644 3300 2716 periculum
3347 2641 3667 2709 consistere,
3714 2642 3789 2696 ob

2187 2744 2355 2813 patris
2382 2742 2630 2797 virtutem
2659 2740 2996 2795 servaturum
3027 2752 3086 2793 se
3116 2737 3246 2792 dicit
3270 2736 3409 2791 Deus
3440 2753 3455 2790 :
3486 2733 3787 2806 Protegam,

2186 2834 2391 2905 inquit,
2423 2834 2672 2887 ciuitatem
2715 2832 2869 2898 hanc,
2906 2839 2963 2885 ut
3001 2844 3192 2885 servem
3217 2844 3331 2882 eam
3373 2835 3582 2897 propter
3614 2841 3711 2893 me,
3737 2837 3790 2880 et

2186 2936 2394 3000 propter
2417 2926 2585 2981 David
2626 2941 2839 2993 puerum
2865 2939 3033 2978 meum
3060 2923 3139 2993 (4.
3167 2920 3297 2992 Reg.
3329 2920 3419 2977 l9”.
3446 2920 3558 2991 ⁸54).
3591 2919 3791 2975 Paulus

2186 3030 2366 3077 autem
2415 3019 2483 3076 de
2542 3018 2850 3090 parentibus
2900 3015 3185 3071 Timotheo
3235 3013 3478 3069 scribens
3534 3012 3789 3069 dicebat:

2190 3112 2537 3169 Salvabuntur
2574 3121 2740 3166 autent
2785 3127 2876 3177 per
2904 3111 3127 3178 ﬁliorum
3165 3108 3559 3179 generationem,
3598 3106 3650 3161 si
3670 3123 3790 3177 pcr-

2189 3208 2466 3262 manserint
2510 3208 2565 3261 in
2592 3205 2714 3274 ﬁde,
2756 3213 2804 3259 et
2842 3201 3133 3269 dilectione,
3166 3209 3219 3256 et
3248 3200 3650 3269 sanctiﬁcatione
3674 3215 3794 3265 cunt

2189 3299 2455 3356 sobrietate
2481 3297 2559 3368 (1.
2592 3296 2724 3352 Tim.
2754 3296 2812 3351 2.
2845 3295 2958 3366 15).
2983 3293 3085 3350 Job
3111 3306 3345 3365 quoque,
3369 3302 3428 3347 ut
3447 3307 3510 3347 ex
3541 3290 3659 3345 aliis
3678 3290 3796 3345 lan-

2189 3392 2333 3448 davit
2360 3391 2656 3460 Scriptura,
2689 3403 2886 3459 nempe
2910 3385 3052 3459 quod
3077 3386 3275 3456 justus,
3307 3399 3469 3439 verax
3497 3391 3553 3438 et
3576 3382 3794 3453 religio-

2190 3500 2283 3542 sus
2323 3500 2447 3555 erga
2476 3485 2647 3539 Deum
2692 3488 2860 3550 esset,
2910 3482 2990 3536 sic
3032 3478 3192 3535 etiam
3236 3493 3301 3533 ex
3339 3476 3569 3532 ﬁliorum
3611 3490 3738 3530 cura
3773 3494 3789 3529 :

2190 3593 2310 3649 quae
2339 3578 2390 3632 in
2421 3578 2522 3633 hoc
2545 3576 2648 3631 sita
2676 3584 2815 3642 erat,
2846 3588 2952 3628 non
2979 3571 3121 3643 quod
3147 3584 3336 3625 aurum
3359 3569 3488 3639 ipsis
3508 3582 3795 3623 coacerva-

2191 3678 2295 3735 ret,
2325 3684 2430 3724 non
2458 3667 2598 3739 quod
2627 3665 2890 3737 gloriosos
2918 3672 2974 3719 et
3016 3662 3254 3717 illustres
3282 3659 3514 3722 faceret;
3566 3656 3659 3713 sed
3688 3673 3789 3727 qua

2194 3762 2247 3818 in
2283 3778 2343 3817 re
2362 3763 2387 3814 ?
2415 3760 2552 3816 Audi
2597 3758 2929 3827 Scripturam
2967 3756 3233 3811 dicentem
3264 3772 3278 3807 :
3308 3752 3434 3808 Cum
3462 3750 3794 3807 consummari

2194 3868 2356 3908 essent
2375 3852 2480 3905 dies
2506 3850 2718 3906 convivii
2740 3848 2966 3912 illorum,
3002 3846 3227 3900 mittebat
3256 3844 3377 3913 Job,
3408 3854 3454 3898 et
3492 3829 3791 3915 puriﬁcabat

2194 3958 2298 4008 eos,
2329 3955 2636 4013 surgensque
2678 3954 2828 3993 mane
2852 3937 3093 4005 offerebat
3123 3953 3214 4007 pro
3238 3935 3342 3990 illis
3383 3934 3691 4004 sacriﬁcium
3712 3949 3788 3987 sc-

2193 4034 2416 4088 cundum
2447 4048 2710 4087 numerum
2733 4047 2928 4098 eorum,
2956 4038 3004 4085 et
3029 4029 3243 4084 vitulum
3263 4045 3421 4082 unum
3451 4043 3542 4098 pro
3569 4035 3794 4097 peccato,

2196 4143 2290 4197 pro
2319 4127 2583 4180 animabus
2630 4141 2824 4179 eorum.
2866 4121 3079 4177 Dicebat
3105 4123 3238 4176 enint
3266 4121 3366 4174 Job
3411 4121 3462 4174 in
3492 4118 3641 4172 corde
3681 4133 3796 4182 suo,

2196 4217 2282 4274 Ne
2302 4222 2433 4291 forte
2461 4219 2557 4288 ﬁlii
2581 4218 2677 4272 mei
2703 4218 2757 4273 in
2784 4226 2948 4272 mente
2975 4233 3070 4271 sua
3108 4215 3241 4269 male
3267 4213 3594 4285 cogitaverim
3619 4213 3802 4265 adver-

2195 4329 2285 4368 sus
2305 4311 2470 4366 Deum
2497 4310 2617 4384 (Job
2646 4312 2699 4368 1.
2730 4309 2810 4382 5).
2858 4309 2995 4365 Num
3021 4323 3125 4378 qua
3151 4306 3306 4362 vobis
3328 4306 3431 4361 erit
3458 4304 3667 4360 demum
3704 4318 3805 4358 ex-

2196 4404 2422 4470 cusatio,
2456 4402 2580 4456 talia
2617 4399 3139 4456 audentibus?Nam
3179 4399 3224 4453 si
3260 4398 3368 4465 ille,
3399 4398 3487 4467 qui
3529 4404 3651 4450 ante
3677 4409 3807 4465 gra-

2198 4498 2347 4565 tiam,
2378 4506 2501 4552 ante
2527 4496 2722 4566 legem,
2755 4495 2844 4565 qui
2872 4493 3015 4549 nulla
3039 4493 3273 4548 imbutus
3299 4490 3475 4546 fuerat
3493 4488 3802 4558 disciplina,

2198 4595 2399 4643 tantam
2427 4587 2655 4641 ﬁliorum
2683 4600 2868 4640 curam
2906 4584 3154 4653 gesserit,
3186 4590 3243 4637 ut
3271 4596 3367 4652 pro
3392 4579 3614 4636 occultis
3639 4579 3806 4635 etiam

2197 4678 2431 4749 peccatis
2462 4685 2719 4731 tremeret
2750 4695 2764 4731 :
2796 4676 2919 4748 quis
2948 4692 3046 4731 nos
3088 4682 3443 4731 excusaturus
3489 4682 3593 4739 est,
3625 4673 3714 4742 qui
3746 4671 3805 4726 in

2196 4770 2368 4841 gratia
2419 4783 2644 4837 sumus,
2695 4770 2785 4841 qui
2837 4778 2916 4825 tot
2966 4768 3216 4824 doctores
3265 4767 3408 4822 nacti
3452 4779 3667 4831 sumus,
3723 4774 3809 4819 tot

2199 4862 2445 4932 exempla
2477 4862 2758 4928 habentes,
2808 4870 2888 4917 tot
2919 4861 3336 4925 admonitiones,
3367 4858 3458 4930 qui
3488 4873 3596 4913 non
3638 4856 3808 4911 modo

2199 4969 2298 5025 pro
2324 4954 2543 5010 incertis
2562 4969 2666 5009 non
2702 4953 2973 5021 timemus,
3005 4952 3101 5008 sed
3143 4953 3302 5007 etiam
3327 4959 3474 5006 certa
3501 4949 3809 5004 contemni-

2200 5061 2341 5115 mus,
2390 5061 2491 5102 nec
2534 5046 2929 5101 contemnimus
2980 5053 3206 5110 tantum,
3257 5043 3350 5099 sed
3405 5057 3502 5099 eos
3544 5041 3635 5111 qui
3688 5041 3809 5095 lure

2199 5141 2486 5197 emendare
2501 5141 2688 5196 volunt
2716 5139 2994 5211 pellimus?
3023 5137 3291 5193 Abraham
3314 5150 3547 5208 quoque,
3576 5145 3635 5189 ut
3652 5134 3809 5205 prius

2201 5232 2338 5301 dixi,
2369 5247 2491 5287 cum
2520 5231 2640 5288 aliis
2680 5232 2938 5302 praeclare
2969 5231 3158 5302 gestis,
3188 5230 3293 5285 hoc
3319 5242 3535 5302 quoque
3560 5226 3804 5298 splendi-

2201 5327 2327 5382 dum
2361 5324 2565 5380 facinus
2594 5324 2784 5380 edidit.

2271 5417 2362 5471 21.
2392 5416 2684 5473 Cohortatio
2708 5415 2776 5468 ad
2801 5421 3031 5484 parentes
3050 5455 3066 5480 ,
3086 5422 3143 5467 ut
3169 5410 3305 5481 ﬁlios
3344 5410 3413 5464 ad
3450 5410 3687 5481 pietatem
3717 5411 3801 5464 in-

2203 5513 2438 5580 formant.
2467 5538 2538 5549 -—
2565 5506 2732 5561 Tanta
2762 5507 2922 5577 igitur
2945 5507 3190 5573 exempla
3228 5504 3486 5560 habentes
3507 5546 3523 5570 ,
3554 5519 3807 5572 paremus

2206 5602 2317 5655 Deo
2345 5598 2572 5655 famulos
2591 5641 2607 5665 ,
2636 5597 3000 5668 probatosque
3029 5597 3323 5651 ministros.
3350 5593 3484 5649 Nam
3524 5596 3570 5649 si
3602 5594 3647 5648 is
3671 5636 3686 5658 ,
3714 5592 3803 5663 qui

2202 5690 2432 5746 athletas
2459 5688 2762 5745 civitatibus
2799 5687 2914 5753 alit,
2947 5685 3253 5755 militesque
3279 5684 3391 5755 regi
3407 5693 3626 5739 exercet
3645 5722 3662 5749 ,
3692 5699 3805 5737 ma-

2205 5797 2312 5853 gno
2334 5780 2622 5837 donabitur
2650 5780 2876 5844 honore,
2905 5786 3165 5848 quantum
3195 5792 3292 5833 nos
3312 5775 3513 5831 donum
3539 5782 3791 5843 acceptu-

2213 5888 2304 5930 ros
2331 5886 2452 5930 esse
2478 5886 2574 5944 par
2601 5879 2706 5937 est,
2738 5870 2829 5941 qui
2850 5877 2959 5927 tam
2987 5877 3258 5938 strenuos,
3286 5876 3460 5924 tantos
3494 5865 3642 5922 viros
3696 5864 3805 5920 imo
