4032 6472
155 389 254 448 583

157 505 341 577 πλήθει
369 502 611 580 τοσούτῳ
661 513 739 576 είς
767 511 865 566 ἕνα
911 513 979 566 τά
1010 514 1106 585 τῆς
1145 513 1303 586 νίκης
1348 518 1742 590 περιστήσεται
1771 531 1821 584 α,

155 594 298 664 ὅμως
346 595 637 650 κόπτονται
693 601 786 652 καὶ
829 600 1260 671 ταλαιπωροῦσι.
1313 604 1506 658 Καίτοι
1558 621 1623 674 γε
1683 605 1828 660 οὐδέν

155 685 296 738 ἐστιν
326 683 442 738 ῖσον
471 686 708 741 ἐνταῦθα
741 688 935 755 κάκεῖ,
967 689 1028 741 οὑ
1067 688 1228 759 μόνον
1259 689 1350 745 διὰ
1372 691 1432 745 τὸ
1463 693 1574 746 τῶν
1601 693 1830 763 ἀγώνων

152 772 301 838 τέλος
321 813 336 838 ,
370 773 484 828 ἀλλ’
507 775 592 828 ὃτι
634 775 850 847 ἀνάγκη
885 778 1005 830 ἐκεῖ
1055 779 1470 848 στεφανωθέντα
1525 781 1688 853 μόνον
1733 781 1831 836 ἕνα

155 861 404 916 ἀπελθεῖν
425 880 438 895 ·
491 861 730 918 ἐνταῦθα
775 863 834 918 δὲ
867 865 968 918 οὑκ
1001 865 1059 920 ἐν
1085 866 1298 932 τούτοις
1329 869 1364 940 ἡ
1393 869 1636 942 ὑπεροχὴ
1665 871 1761 926 καὶ
1793 874 1826 942 ή

156 949 472 1015 ἐλάττωσις,
507 948 660 1024 [112]
687 954 745 1005 ἐν
769 952 849 1026 τῷ
871 953 963 1006 τὸν
998 954 1096 1025 μὲν
1127 955 1511 1025 ἀστεφάνωτον
1538 958 1830 1030 ἀναχωρῆ-

157 1054 278 1106 σαι,
309 1037 401 1092 τὸν
443 1037 502 1092 δὲ
546 1039 995 1111 ἐστεφανωμένον
1021 1081 1037 1108 ,
1065 1043 1183 1097 ἀλλ’
1212 1045 1273 1100 ἐν
1301 1043 1380 1116 τῷ
1420 1044 1513 1099 τὸν
1544 1047 1644 1116 μὲν
1689 1046 1832 1116 λαμ-

156 1124 451 1197 προτέρας,
494 1125 588 1180 τὸν
619 1126 678 1180 δὲ
708 1126 993 1194 ἐλάττονος
1038 1133 1225 1202 τυχεῖν
1263 1133 1363 1204 τῆς
1415 1132 1828 1206 ἀνακηρύξεως,

157 1217 358 1281 πάντας
407 1217 464 1271 δὲ
518 1219 668 1287 ὅμως
714 1222 918 1290 τυχεῖν.
965 1220 1146 1286 Ὅλως
1182 1222 1268 1290 δὲ,
1301 1225 1462 1295 εῖπερ
1496 1223 1831 1296 ἐϐουλόμεθα

156 1303 246 1358 καὶ
289 1302 350 1368 ἐξ
401 1305 579 1376 ἀρχῆς
599 1305 944 1362 διαπλάττειν
970 1309 1097 1372 τοὺς
1125 1309 1352 1379 παῖδας,
1387 1310 1483 1364 καὶ
1509 1313 1622 1376 τοῖς
1646 1310 1831 1383 βουλο⁹

153 1392 336 1464 μένοις
373 1392 658 1465 ῥυθμίζειν
692 1395 1074 1467 παραδιδόναι,
1113 1399 1215 1452 οὑκ
1265 1393 1335 1470 ἦν
1379 1399 1606 1463 ἀπεικὸς
1634 1401 1833 1464 αὑτοὺς

157 1483 212 1534 ἐν
265 1483 330 1552 τῇ
367 1479 559 1554 πρώτῃ
610 1483 803 1552 στῆναι
860 1483 1015 1549 τάξει
1045 1484 1142 1539 τοῦ
1184 1487 1548 1557 στρατοπέδου
1571 1505 1586 1520 ·
1620 1487 1682 1540 οὐ
1721 1488 1832 1561 7&9

157 1569 224 1624 ἂν
250 1570 516 1640 περιεῖδεν
553 1571 582 1622 6
625 1569 758 1634 Θεὸς
791 1571 1062 1644 τοσαύτην
1098 1572 1408 1648 προθυμίαν
1441 1574 1538 1628 καὶ
1572 1573 1830 1645 σπουδὴν,

157 1656 267 1711 ἀλλ’
313 1657 590 1711 ἐπέδωκεν
637 1657 705 1712 ἂν
753 1658 854 1730 τὴν
896 1659 1063 1714 αὑτοῦ
1119 1663 1315 1734 χεῖρα,
1372 1662 1468 1716 καὶ
1513 1662 1694 1734 ἥψατο
1735 1663 1830 1717 τοῦ

156 1746 467 1818 ἀγάλματος
490 1762 504 1774 ·
531 1746 749 1818 ἐκείνης
777 1747 834 1800 δὲ
857 1749 1232 1822 ἐργαζομένης
1261 1751 1361 1822 τῆς
1386 1751 1589 1824 χειρὸς,
1615 1753 1834 1825 ἀμήχα-

157 1852 244 1888 νον
270 1835 546 1888 διαπεσεῖν
595 1853 649 1888 τι
694 1835 804 1890 τῶν
844 1837 1175 1908 γινομένων,
1226 1839 1428 1910 μᾶλλον
1461 1840 1521 1894 ὖέ
1549 1842 1833 1912 ἀμήχανον

161 1924 233 1995 μὴ
287 1922 424 1995 πρὸς
469 1923 638 1994 ἀκρον
686 1922 1072 1996 λαμπρότητος
1120 1927 1216 1980 καὶ
1247 1926 1404 2000 δόξης
1431 1927 1636 1994 ἐλθεῖν,
1673 1929 1834 2000 μόνον

157 2012 206 2063 εί
232 2009 300 2064 τά
341 2011 470 2082 παρ’
503 2009 660 2083 ήμῶν
681 2009 884 2065 ἕποιτο.
922 2013 986 2066 El
1017 2013 1128 2086 7&9
1166 2017 1423 2083 γυναῖκες
1449 2016 1677 2087 ἴσχυσαν
1709 2019 1833 2070 πεῖ-

159 2115 246 2152 σαι
282 2097 414 2152 Θεὸν
433 2136 448 2164 ,
481 2098 896 2169 συνεφάψασθαι
922 2099 950 2140 b
978 2101 1170 2164 αὑταῖς
1203 2101 1304 2172 τῆς
1331 2101 1440 2156 τῶν
1472 2102 1682 2158 παίδων
1713 2103 1836 2157 ἐπι-

157 2186 378 2260 μελείας
401 2226 416 2252 ,
459 2187 640 2257 πολλῷ
696 2187 900 2258 μᾶλλον
940 2191 1102 2260 ἡμεῖς
1129 2231 1144 2259 ,
1183 2189 1251 2244 ἂν
1308 2190 1581 2264 ἐθέλωμεν
1609 2232 1624 2256 ,
1675 2191 1835 2248 τοῦτο

155 2274 517 2347 δυνησόμεθα.
545 2275 658 2341 Τάς
688 2276 786 2348 μὲν
812 2273 906 2332 οὗν
933 2278 1121 2344 ἄλλας,
1151 2277 1292 2333 ὥστε
1324 2279 1402 2353 μὴ
1433 2280 1642 2354 μακρὸν
1679 2282 1836 2354 ποιῆ-

162 2379 272 2417 σαι.
295 2361 384 2417 τὸν
429 2362 589 2432 λόγον
610 2405 626 2430 ,
681 2365 938 2438 παρήσω,
999 2365 1179 2420 καίτοι
1229 2365 1430 2432 πολλὰς
1464 2366 1603 2439 ἔχων
1637 2369 1836 2436 εἰπεῖν,

163 2454 290 2524 μιᾶς
321 2453 378 2506 δὲ
418 2452 580 2524 μόνον
617 2454 1125 2528 ἐπιμνησθήσομαι.

227 2549 294 2596 κ’.
326 2543 496 2597 ⁸’Δννα
525 2561 608 2608 τις
627 2539 696 2616 ἦν
737 2543 968 2598 Ἰουδαία
1003 2545 1165 2616 γυνή·
1195 2542 1334 2617 αὕτη
1367 2546 1590 2617 ήνΑννα
1626 2545 1838 2601 παιδίον

159 2628 340 2683 ἔτεκεν
371 2629 450 2696 ἐν,
481 2631 576 2683 καὶ
603 2631 665 2683 οὑ
687 2628 1048 2702 προσδοκῶσα
1079 2629 1332 2696 τέξεσθαι
1362 2631 1549 2704 ἕτερον
1567 2649 1582 2664 ’
1607 2633 1702 2687 καὶ
1729 2633 1839 2706 7&9

162 2716 253 2770 καὶ
276 2715 436 2770 τοῦτο
463 2716 618 2789 μόλις
639 2716 734 2772 καὶ
767 2716 908 2788 μετὰ
939 2715 1151 2770 πολλῶν
1188 2715 1348 2771 ἔλαϐε
1381 2728 1404 2756 ο
1429 2718 1538 2771 τῶν
1561 2717 1838 2788 δακρύωψ

161 2803 350 2876 στείρα
390 2803 501 2878 γὰρ
548 2801 639 2877 ἦν.
699 2804 914 2878 Ὀρῶσα
959 2805 1019 2860 δέ
1065 2795 1492 2883 τὴν⁶ἀντίςηλον
1534 2807 1708 2880 αὑτῆς
1753 2807 1844 2862 διὰ

161 2893 314 2948 τοῦτο
335 2893 600 2956 πολλάκις
637 2892 1080 2965 ἐπεμϐαίνουσαν
1109 2895 1272 2968 αὑτῇ,
1307 2894 1428 2950 οὐδὲ
1460 2894 1635 2961 οὓτως
1670 2895 1843 2952 ἔπαθέ

159 2998 212 3033 τι
243 2979 485 3034 τοιοῦτον
521 2974 633 3034 οἷον
665 2979 842 3052 ὑμεῖς,
874 2979 991 3034 ἀλλ’
1027 2980 1214 3054 ἐπειδὴ
1242 2980 1335 3036 τὸν
1361 2981 1476 3036 υἱὸν
1519 2981 1675 3054 ἔσχεν
1703 2983 1846 3036 ἐκεῖ·

161 3086 268 3132 νον,
297 3067 553 3122 τοσοῦτον
586 3067 740 3122 εἴασε
777 3069 906 3139 παρ’
939 3069 1104 3142 ἑαυτῇ
1141 3072 1320 3142 μεῖναι
1352 3071 1568 3142 χρόνον,
1594 3071 1720 3125 ὅσον
1747 3087 1848 3140 γα-

159 3155 667 3228 λακτοτροφηθῆναι
711 3157 818 3210 ἔδει
857 3156 1038 3228 μόνον.
1077 3157 1296 3230 Ἐπειδὴ
1329 3158 1387 3213 δὲ
1418 3158 1602 3212 οὐκέτι
1641 3158 1848 3229 ταύτης

159 3245 332 3299 ἐδεῖτο
375 3242 474 3314 τῆς
507 3242 736 3314 τροφῆς,
767 3241 1006 3300 λαϐοῦσα
1037 3245 1200 3299 αὑτὸν
1244 3244 1449 3310 εὐθέως
1496 3245 1731 3316 ἀνέθηκε
1767 3245 1848 3317 τῷ

159 3331 317 3404 Θεῷ,
353 3332 450 3386 καί⁵
500 3332 602 3402 τῆς
648 3331 909 3404 πατρῴας
951 3332 1136 3387 οὐκέτι
1177 3333 1437 3404 ἐπιϐῆναι
1473 3333 1848 3406 παρεκάλεσεν

159 3423 359 3490 οἰκίας,
389 3421 503 3476 ἀλλ’
526 3419 661 3492 ᾡκει
694 3419 986 3485 διαπαντὸς
1010 3421 1068 3476 ἐν
1095 3420 1171 3492 τῷ
1201 3421 1318 3493 ναῷ
1343 3420 1438 3476 τοῦ
1475 3419 1610 3475 Θεοῦ
1633 3437 1648 3452 ’
1679 3421 1774 3475 καὶ
1800 3420 1854 3474 εἴ

158 3527 293 3565 ποτε
325 3509 491 3565 αὑτὸν
519 3509 647 3564 ἰδεῖν
679 3507 1054 3580 ἐπεθύμησεν,
1085 3504 1174 3562 οἷα
1215 3508 1280 3582 δὴ
1325 3509 1509 3582 μήτηρ
1528 3549 1543 3576 ,
1582 3509 1684 3563 οὑκ
1717 3509 1849 3563 ἐκά-

158 3601 242 3655 λει
293 3599 432 3671 παρ’
477 3599 678 3670 ἑαυτὴν
705 3597 734 3637 ἀ
764 3597 826 3652 τὸ
865 3597 1102 3662 παιδίον,
1141 3596 1256 3651 ἀλλ’
1289 3597 1430 3670 αὑτὴ
1467 3597 1604 3663 πρὸς
1643 3599 1850 3652 ἐκεῖνον

157 3686 416 3742 ἀνέϐαινε
456 3685 594 3757 μετά
634 3683 728 3738 τοῦ
769 3683 998 3756 πατρὸς,
1030 3683 1284 3757 καθάπερ
1311 3684 1464 3750 ὄντος
1501 3685 1853 3756 ἀναθήματος

157 3774 480 3848 ἀπεχομένη
504 3774 710 3828 λοιπόν.
745 3774 860 3828 Καὶ
893 3772 1034 3827 οὑτω
1075 3777 1320 3843 γενναῖος
1349 3774 1443 3828 καὶ
1479 3774 1653 3845 μέγας
1675 3775 1704 3826 6
1731 3791 1855 3828 νεα-

154 3867 282 3931 νίας
309 3863 530 3934 ἐγένετο
554 3865 782 3929 ἐκεῖνος,
813 3863 889 3927 ὡς
917 3863 1010 3916 τὸν
1045 3862 1178 3916 Θεὸν
1205 3863 1626 3935 ἀποστραφέντα
1649 3863 1712 3917 τὸ
1745 3863 1855 3917 τῶν

137 3952 448 4026 ’Ἐϐραίων
475 3951 634 4022 γένος
669 3950 757 4004 διὰ
792 3951 892 4022 τὴν
929 3951 1382 4023 κατακεχυμένην
1415 3951 1636 4018 κακίαν,
1659 3951 1755 4006 καὶ
1793 3951 1854 4004 οὑ

148 4040 388 4117 χρῶντα
430 4041 634 4106 αὑτοῖς,
673 4039 794 4094 οὑδέ
834 4038 956 4110 ὄψιν
1001 4038 1122 4093 τινὰ
1161 4038 1421 4108 φαίνοντα
1463 4038 1682 4107 λοιπὸν,
1733 4042 1858 4094 ἐπι-

147 4132 485 4192 σπάσασθαι
521 4132 683 4188 πάλιν
713 4133 802 4186 διὰ
831 4132 931 4203 τῆς
966 4132 1204 4203 ἀρετῆς,
1235 4132 1330 4185 καὶ
1372 4134 1556 4186 πεῖσαι
1597 4132 1860 4204 παρέχειν

142 4226 217 4281 τὰ
257 4222 431 4285 αὑτὰ,
461 4221 605 4293 ἅπερ
634 4220 725 4274 καὶ
769 4219 1058 4291 πρότερον,
1087 4219 1184 4273 καὶ
1219 4219 1320 4290 τὴν
1347 4219 1686 4290 προφητείαν
1719 4221 1858 4293 ἀπο-

143 4309 387 4364 πτᾶσαν
431 4303 870 4360 ἀνακαλέσασθαι
915 4301 1094 4354 πάλιν.
1128 4301 1240 4355 Καὶ
1276 4287 1715 4372 ταῦταίίσχυσεν
1757 4287 1858 4356 οὑκ

139 4393 242 4464 ἐφ’
309 4388 533 4462 ἡλικίας
570 4387 864 4458 γενόμενος
891 4426 907 4450 ,
943 4383 1059 4437 ἀλλ’
1101 4383 1182 4437 ἐτι
1233 4383 1447 4438 παιδίον
1497 4381 1572 4436 ὢν
1625 4385 1854 4456 μικρόν⁹

131 4479 284 4532 Οὐκ
309 4469 396 4542 ἦν
427 4471 561 4540 γὰρ,
591 4471 777 4542 φησὶν,
811 4468 1022 4537 ὅρασις
1055 4465 1528 4532 διαστέλλουσα,
1565 4467 1666 4522 καὶ
1693 4467 1862 4536 ῥῆμα

132 4560 368 4631 τίμιον
409 4551 512 4626 ἦν.
573 4553 714 4608 Ἀλλ’
763 4553 915 4624 ὅμως
953 4552 1050 4606 καὶ
1098 4551 1306 4606 τούτων
1353 4551 1611 4606 τοιούτων
1655 4551 1857 4617 ὄντων,

131 4645 306 4716 ἔχρα
340 4637 494 4709 αὑτῷ
537 4634 779 4707 συνεχῶς
826 4637 856 4689 6
900 4635 1052 4700 Θεός.
1081 4634 1347 4690 Τοσοῦτόν
1379 4637 1498 4688 ἐστι
1543 4634 1734 4706 κέρδος
1775 4635 1864 4688 ἀεὶ

131 4732 271 4788 τῶν
308 4727 532 4782 οἰκείων
575 4726 929 4796 παραχωρεῖν
961 4724 1258 4795 κτημάτων
1299 4723 1472 4794 αὑτῷ,
1509 4724 1605 4778 καὶ
1641 4723 1862 4778 πάντων

134 4814 492 4888 ἐξίστασθαι
517 4814 638 4887 οὑχὶ
672 4812 973 4886 χρημάτων
1007 4812 1190 4884 μόνον,
1222 4812 1342 4866 οὐδὲ
1375 4811 1694 4884 κτημάτων,
1727 4810 1864 4864 ἀλλά

131 4910 259 4965 καὶ
292 4904 410 4960 τῶν
444 4904 653 4958 τέκνων
677 4901 877 4957 αὑτῶν.
909 4901 974 4956 Εἰ
1007 4900 1113 4972 7&9
1141 4899 1236 4952 ἐπὶ
1263 4899 1364 4968 τῆς
1383 4899 1661 4972 ἡμετέρας
1685 4898 1864 4972 ψυχῆς

129 4994 519 5066 κελευόμεθα
545 4991 706 5048 τοῦτο
733 4993 928 5056 ποιεῖν,
965 4988 1147 5061 πολλῷ
1191 4988 1392 5060 μᾶλλον
1425 4988 1654 5041 ἐπὶτῶν
1689 4987 1864 5043 ἀλλων

131 5088 456 5146 ἁπάντων.
473 5082 644 5138 Τοῦτο
663 5081 772 5154 7&9
792 5079 889 5134 καὶ
909 5081 936 5132 6
953 5069 1299 5149 πατριάρχης
1319 5075 1576 5146 ἐποίησεν
1593 5076 1862 5149 Ἀϐραὰμ,

139 5171 385 5249 μᾶλλον
422 5169 482 5224 δὲ
521 5169 703 5242 πολλῷ
739 5165 954 5242 μεῖζονο
990 5164 1070 5218 διὸ
1113 5165 1210 5218 καὶ
1245 5161 1385 5234 μετὰ
1425 5161 1671 5227 πλείονος
1708 5163 1867 5232 δόξης

135 5261 422 5320 ἀπέλαϐε
480 5261 572 5316 τὸν
618 5260 756 5314 υἱόν.
809 5258 921 5311 Καὶ
959 5255 1070 5327 γὰρ
1112 5253 1232 5309 τότε
1280 5251 1516 5324 μάλιστα
1559 5250 1757 5322 ἔχομεν
1799 5253 1868 5308 τὰ

136 5354 426 5426 ἡμέτερα
475 5350 696 5415 παιδία,
745 5349 874 5402 ὅταν
925 5345 1064 5399 αὑτὰ
1100 5342 1178 5414 τῷ
1216 5340 1464 5421 Δεσπότῃ
1512 5341 1864 5414 παραδῶμεν.

137 5415 371 5510 Iul-01.7.12;
397 5439 506 5512 7&9
541 5437 806 5511 μειζόνως
833 5433 1012 5490 αὐτῶν
1035 5434 1242 5494 ἐκεῖνος
1271 5415 1662 5500 προστήσεται,
1679 5429 1868 5502 ἐπειδὴ

141 5532 266 5588 καὶ
312 5527 579 5603 μειζόνως
601 5527 844 5600 κήδεται.
873 5525 987 5595 Οὑχ
1014 5524 1175 5594 ὁρᾶτε
1202 5519 1296 5574 καὶ
1317 5521 1374 5573 ἐν
1399 5521 1518 5583 ταῖς
1537 5519 1737 5583 οἰκίαις
1760 5519 1870 5574 τῶν

224 5665 262 5695 ³
293 5663 472 5713 Morel.
499 5666 552 5710 et
573 5675 702 5711 unus
723 5659 832 5709 cod.
854 5652 1338 5721 napac‘gﬁae‘rac._glii
1353 5651 1714 5721 περιστήσεται.

222 5728 263 5769 h
303 5724 391 5774 Sic
414 5725 566 5774 Savil.
591 5729 646 5772 et
670 5721 814 5778 alius,
841 5713 998 5782 ma'gis
1017 5717 1206 5767 Graece.
1233 5713 1432 5774 Momm
1451 5713 1624 5763 Morel.
1663 5720 1716 5762 el.
1744 5723 1872 5761 unus

139 5791 260 5843 cod
273 5826 288 5838 .
316 5787 687 5845 συνεφάψεσθαι.
711 5783 854 5835 Eon,

231 5834 407 5898 é'AVJVii
430 5834 579 5898 ἔτεκε.
597 5846 724 5894 Infra
746 5834 920 5894 omnes
939 5840 1050 5890 οὑδέ
1067 5838 1220 5895 οὕτως
1238 5837 1379 5888 ἔπαθέ
1399 5855 1464 5900 τι,
1489 5841 1673 5900 praeter
1692 5834 1867 5886 Morel.

140 5921 207 5968 ιη
235 5925 360 5976 φη]
377 5911 523 5976 degat
545 5909 713 5976 οὕτως..

222 5959 278 6017 οῗ
297 5959 492 6024 Ῠῆῐονοι.
530 5971 649 6036 πρὸς
685 5959 876 6029 ἐαυτήν,
917 5965 1070 6018 Savil.
1114 5963 1225 6028 παρ’
1250 5962 1438 6024 ἑαυτήν,
1481 5961 1580 6012 duo
1609 5973 1724 6010 mss.
1763 5959 1877 6022 παρ’

137 6043 350 6093 αὐτ-ἤν.

965 395 1340 455 ADVERSUS
1379 397 1947 459 OPPUGNATORES
1985 399 2174 457 VITAE
2214 397 2518 457 MONAST.
2562 397 2691 455 LIB.
2735 398 2825 455 Ill.

3505 393 3613 450 εει

1940 519 2316 573 πλουτούντων
2356 515 2530 570 ταῦτα
2566 515 2862 584 γινόμενα;
2898 513 3009 567 Καὶ
3042 510 3149 584 7&9
3182 511 3300 565 ἐκεῖ
3341 509 3469 572 τοὺς
3513 508 3616 581 μὲν

1940 607 2092 662 κάτω
2137 607 2275 678 μετά
2307 603 2418 658 τῶν
2461 603 2716 674 πατέρων
2747 601 3064 665 οἰκοῦντας,
3111 599 3209 670 οὑχ
3247 595 3420 660 οὕτως
3446 595 3614 660 ὅντως

1941 693 2225 768 λαμπροὺς
2253 693 2401 746 ἐστιν
2433 691 2579 757 ἰδεῖν,
2605 688 2896 762 [115]οὑδὲ
2925 687 3196 759 τοσαύτην
3214 685 3434 756 ἔχοντας
3459 683 3618 738 δύνα-

1942 799 2035 856 μιν
2055 799 2070 813 ·
2101 783 2260 845 ὅσους
2283 780 2328 834 δ’
2363 779 2428 834 ἂν
2463 778 2572 832 τῶν
2610 777 2814 846 γονέων
2841 776 3251 847 ἀποστήσαντες
3278 773 3328 826 οἱ
3364 769 3618 826 δεσπόται

1942 869 2342 941 προσνείμωσιν
2386 867 2566 921 αὑτῶν
2612 867 2679 938 τῇ
2721 863 2970 937 διακονίᾳ
3003 863 3100 918 καὶ
3145 865 3214 934 τῇ
3257 860 3472 932 φυλακῇ
3508 857 3620 912 τῶν

1936 961 2230 1036 ταμιείων,
2269 953 2417 1014 οὗτοι
2447 959 2510 1031 δὴ
2537 957 2634 1012 καὶ
2662 956 2876 1020 εὐνοίας
2901 953 3232 1009 ἀπολαύουσι
3260 952 3500 1014 πλείονος
3523 949 3620 1004 καὶ

1915 1050 2273 1126 παρρησίας,
2304 1048 2400 1102 καὶ
2437 1045 2692 1100 τοσοῦτον
2729 1043 2838 1098 τῶν
2883 1041 3187 1114 ὁμοδούλων
3221 1041 3328 1094 εἰσὶ
3366 1037 3621 1111 λαμπρό-

1935 1157 2114 1213 τεροι,
2159 1139 2284 1192 ὅσον
2331 1135 2441 1190 τῶν
2481 1131 2707 1188 οἰκετῶν
2752 1129 2802 1185 οἱ
2836 1129 3114 1184 δεσπόται.
3150 1128 3216 1183 El
3251 1127 3307 1180 δέ
3341 1127 3622 1198 ἄνθρωποι

1937 1227 2068 1299 περὶ
2100 1226 2226 1290 τοὺς
2259 1221 2708 1292 διακονουμένους
2735 1217 2910 1282 οὑτως
2943 1217 3052 1270 εἶσὶ
3081 1215 3309 1287 χρηστοὶ
3337 1215 3430 1268 καὶ
3452 1213 3619 1280 εὖνοι,

1939 1314 2121 1387 πολλῷ
2153 1313 2352 1386 μᾶλλον
2391 1311 2425 1384 ἡ
2454 1311 2683 1381 ἄπειρος
2713 1305 3008 1377 ἀγαθότης,
3035 1303 3183 1358 τοῦτ’
3213 1301 3380 1367 ἐστιν,
3413 1304 3442 1356 6
3468 1301 3620 1366 Θεός.

1951 1403 2162 1475 Ἐῶμεν
2193 1414 2218 1443 ο
2237 1401 2418 1456 τοίνυν
2444 1398 2641 1460 αὑτοὺς
2665 1397 2979 1467 ὑπηρετεῖν,
3001 1393 3101 1446 οὑκ
3131 1392 3213 1456 είς
3241 1390 3369 1447 ναὸν
3399 1391 3626 1458 ἄγοντες

1938 1491 2193 1564 καθάπερ
2217 1491 2308 1547 τὸν
2338 1486 2614 1560 Σαμουὴλ,
2647 1483 2763 1539 ἀλλ’
2797 1485 2879 1546 είς
2911 1481 3076 1535 αὑτὸν
3100 1482 3194 1564 τὸν
3222 1477 3451 1550 οὐρανὸν
3485 1476 3626 1550 μετά

1937 1580 2048 1634 τῶν
2097 1559 2378 1650 ἀγγέλων,
2425 1559 2566 1647 μετά
2610 1573 2720 1626 τῶν
2768 1559 3146 1643 ἀρχαγγέλωνῖ
3185 1567 3310 1622 Ὀτι
3346 1566 3456 1638 γὰρ
3508 1567 3625 1637 μετ’

1939 1667 2162 1722 ἐκείνων
2211 1663 2627 1734 διακονήσονται
2676 1658 2894 1721 πάντως
2941 1657 3038 1710 καὶ
3082 1656 3520 1726 ὑπηρετήσουσιν
3576 1653 3627 1705 οἱ

1937 1755 2145 1828 ταύτης
2188 1751 2581 1824 ἐπειλημμένοι
2623 1749 2725 1820 τῆς
2754 1745 3076 1818 φιλοσοφίας
3111 1743 3278 1798 παντί
3319 1758 3422 1795 που
3467 1741 3627 1811 δῆλόν

1939 1845 2078 1900 ἐστι.
2104 1827 2236 1896 Καὶ
2289 1842 2390 1912 οὑχ
2443 1837 2652 1893 ἑαυτῶν
2711 1835 2906 1907 μόνον,
2960 1831 3098 1886 ἀλλὰ
3153 1831 3249 1884 καὶ
3289 1828 3448 1901 ὑμῶν
3485 1827 3626 1900 μετὰ

1941 1936 2187 2000 πλείονος
2213 1933 2613 2004 προστήσονται
2645 1928 2746 1998 τῆς
2773 1926 3110 2000 παρρησίας.
3139 1923 3204 1977 El
3232 1921 3341 1992 7&9
3367 1937 3515 1982 τινες
3539 1917 3629 1972 διὰ

1942 2023 2188 2096 πατέρας
2239 2017 2596 2092 παραμυθίας
2629 2015 2819 2086 ἔτυχόν
2853 2029 3034 2078 τινος,
3074 2009 3254 2082 πολλῷ
3307 2007 3506 2080 μᾶλλον
3538 2005 3628 2060 διὰ

1941 2095 2138 2177 παῖδας
2174 2109 2435 2182 πατέρες.
2475 2107 2625 2159 Ἐκεῖ
2667 2104 2767 2175 μὲν
2808 2102 2918 2172 7&9
2960 2101 3021 2154 τὸ
3068 2099 3167 2170 τῆς
3211 2097 3428 2168 φύσεως
3467 2095 3628 2182 μόνον

1939 2201 2219 2272 δικαίωμα
2363 2193 2596 2251 ἐνταῦθα
2631 2191 2691 2246 δὲ
2724 2191 2821 2246 καὶ
2851 2191 2912 2244 τὸ
2938 2189 3039 2259 τῆς
3068 2186 3378 2258 ἀνατροφῆς
3397 2223 3412 2247 ,
3447 2180 3631 2252 πολλῷ

1939 2293 2042 2362 τῆς
2081 2290 2299 2361 φύσεως
2339 2287 2522 2360 μεῖζον
2563 2283 2641 2338 όν.
2672 2283 2784 2337 Καὶ
2823 2279 2998 2334 ταῦτα
3035 2279 3164 2350 ὑμῖν
3205 2274 3492 2362 ἀμφότερα
3520 2272 3632 2362 ἀπὸ

1940 2360 2050 2434 τῶν
2088 2360 2250 2434 θείων
2285 2373 2630 2444 πιστώσομαι
2661 2368 2916 2440 Γραφῶν.
2949 2367 3054 2420 Τὸν
3097 2365 3208 2436 γὰρ
3241 2360 3492 2428 Ἐζεκίαν
3540 2360 3630 2412 ἐν-

1945 2469 2136 2542 άρετον
2176 2466 2274 2538 μὲν
2311 2463 2440 2518 ὄντα
2476 2461 2570 2516 καὶ
2615 2457 2850 2529 εὐσεϐῆ,
2907 2456 3008 2509 οὑκ
3039 2453 3230 2524 ἔχοντα
3255 2449 3315 2504 δέ
3359 2445 3631 2542 τοσαύτην

1944 2533 2259 2628 παρρησίαν
2323 2550 2431 2606 ἀπὸ
2483 2548 2592 2602 τῶν
2641 2542 3106 2618 κατορθωμάτων,
3151 2539 3296 2594 ὥστε
3345 2537 3442 2592 καὶ
3462 2533 3632 2628 *πρὸς

1945 2621 2198 2702 τοσοῦτον
2237 2641 2482 2697 κίνδυνον
2520 2636 2746 2707 στῆναι,
2779 2635 2888 2688 ἀπὸ
2931 2632 3032 2700 τῆς
3076 2628 3171 2684 τοῦ
3207 2625 3414 2700 πατρὸς
3459 2621 3632 2695 ἔφησε

1947 2735 2141 2802 σώζειν
2173 2731 2373 2803 ἀρετῆς
2397 2731 2425 2782 ὁ
2463 2726 2615 2789 Θεός.
2645 2719 3014 2791 ’Υπερασπιῶ
3044 2718 3172 2788 γὰρ,
3198 2715 3353 2803 φησὶ,
3379 2711 3491 2803 τῆς
3519 2709 3634 2803 πός-

1944 2796 2096 2889 λεως
2151 2796 2378 2887 ταύτης
2442 2813 2550 2868 τοῦ
2599 2811 2798 2866 σῶσαι
2847 2805 3046 2876 αὐτὴν
3081 2805 3154 2858 δι’
3204 2801 3348 2872 ἐμὲ,
3393 2799 3492 2854 καὶ
3533 2796 3635 2889 διὰ

1943 2886 2129 2966 Δαυῖδ
2166 2907 2276 2962 τὸν
2313 2886 2497 2960 παῖδὰ
2531 2919 2673 2972 μου.
2715 2897 2828 2954 Καὶ
2869 2894 3120 2968 Τιμοθέῳ
3171 2891 3228 2944 δὲ
3273 2889 3402 2963 περὶ
3431 2886 3634 2957 γονέων

1947 2997 2278 3052 ἐπιστέλλων
2303 2993 2488 3060 ἔλεγεν
2521 2990 2550 3043 6
2579 2985 2815 3050 Παῦλος,
2853 2983 2936 3038 ὅτι
2973 2979 3360 3050 Σωθήσονται
3388 2977 3486 3030 διὰ
3525 2973 3637 3060 τῆς

1947 3081 2359 3154 τεκνογονίας,
2398 3058 2510 3131 ἐὰν
2544 3073 2838 3144 μείνωσιν
2862 3071 2932 3124 ἐν
2959 3068 3162 3122 πίστει
3185 3063 3285 3118 καὶ
3310 3061 3511 3132 ἀγάπῃ
3537 3058 3636 3111 καὶ

1949 3149 2222 3248 ἁγιασμῷ
2263 3169 2416 3240 μετὰ
2448 3164 2878 3236 σωφροσύνης.
2908 3159 3022 3248 Καὶ
3051 3157 3144 3248 τὸν
3197 3153 3414 3248 Ἰὼϐ..δέ
3445 3149 3636 3248 ὥσπερ

1949 3236 2060 3317 ἀπὸ
2243 3236 2420 3312 ἀλλων
2449 3253 2712 3326 ἐπῄνεσεν
2742 3250 2778 3322 ἡ
2815 3245 3030 3319 Γραφὴ.
3059 3238 3171 3298 οἷον
3203 3241 3286 3294 ὅτι
3308 3238 3516 3300 δίκαιος
3542 3236 3638 3326 καὶ

1951 3349 2204 3422 ἀληθινὸς
2239 3347 2335 3400 καὶ
2364 3341 2622 3414 θεοσεϐὴς
2653 3335 2745 3412 ἦν,
2779 3336 2923 3422 οὑτω
2945 3333 3042 3388 καὶ
3075 3331 3184 3388 ἀπὸ
3205 3330 3305 3422 τῆς
3346 3327 3478 3399 περὶ
3509 3325 3637 3388 τοὺς

1952 3419 2150 3504 παῖδας
2201 3434 2538 3508 ἐπιμελείας.
2594 3431 2748 3500 Αὕτη
2791 3427 2848 3482 δέ
2897 3421 2966 3497 ἦν
3018 3425 3081 3478 οὐ
3127 3420 3328 3496 χρυσὸν
3384 3419 3638 3508 συνάγειν

1953 3531 2160 3594 αὑτοῖς,
2187 3505 2311 3580 οὑδέ
2352 3521 2632 3588 ἐπιδόξους
2670 3519 2848 3572 ποιεῖν
2890 3515 2986 3568 καὶ
3018 3509 3327 3582 λαμπροὺς,
3372 3505 3510 3594 ἀλλά
3547 3505 3635 3568 τίς

1957 3591 2226 3673 Ἄκουσον
2262 3615 2364 3686 τῆς
2402 3610 2626 3683 Γραφῆς
2657 3603 2924 3677 λεγούσης
2943 3619 2956 3633 ·
2991 3601 3179 3654 Ὅταν
3200 3591 3642 3686 συνετελέσθη-ο

1955 3723 2078 3762 σαν
2105 3708 2165 3760 al.
2203 3679 2414 3772 ἡμέραι
2449 3679 2558 3752 τοῦ
2588 3696 2778 3749 πότου
2811 3689 3030 3753 αὐτῶν,
3065 3687 3449 3772 ἀπέστελλεν
3499 3679 3640 3772 Ἰὼϐ,

1957 3795 2056 3850 καὶ
2093 3767 2438 3858 ἐκαθαρῠιζεν
2478 3783 2735 3849 αὐτοὺς,
2782 3779 2882 3835 καί
2927 3773 3328 3844 ἀνιστάμενος
3370 3767 3451 3858 τῷ
3494 3767 3644 3858 πρωΐ

1957 3854 2294 3954 προσέφερε
2339 3875 2474 3944 περὶ
2523 3869 2723 3928 αὐτῶν
2765 3868 2991 3924 θυσίαν
3031 3863 3180 3919 κατὰ
3237 3859 3346 3915 τὸν
3394 3854 3645 3954 ἀριθμόν

1959 3942 2180 4036 αὑτῶν,
2217 3942 2317 4022 καὶ
2369 3942 2610 4036 μόσχον
2655 3961 2768 4014 ἕνα
2803 3956 2938 4025 περὶ
2983 3952 3276 4025 ἁμαρτίας
3323 3947 3501 4036 ὑπὲρ
3527 3942 3648 4036 τῶν⁸

1959 4031 2180 4132 ψυχῶν
2204 4031 2432 4113 αὐτῶν-ο
2465 4031 2638 4121 ἔλεγε
2681 4047 2790 4120 γὰρ
2808 4131 2813 4132 7
2833 4047 2966 4102 Ἰὼϐ
2987 4044 3058 4132 ἐν
3088 4037 3407 4132 τῇᾲκαρδίςι
3437 4031 3644 4132 αιὲτοῦ,

1963 4118 2236 4218 ῙἎὴηποτε
2268 4146 2322 4198 οὶ
2356 4140 2476 4196 υιοί
2499 4118 2618 4208 μοι)
2753 4131 2828 4202 τῇ
2855 4129 3088 4194 διανοίᾳ
3119 4125 3318 4181 αὐτῶν
3350 4118 3509 4218 κακέι
3551 4119 3650 4218 ἐν-

1961 4203 2232 4304 ενόησαν
2275 4228 2426 4298 πρὸς
2473 4203 2641 4279 Θεόν.
2679 4216 2828 4292 ’Ἃρα
2871 4217 3024 4270 ἔσται
3071 4229 3158 4276 τις
3204 4211 3344 4304 ῆμῗ)
3382 4203 3648 4304 ἀπολογία

1962 4291 2150 4379 λοιπὸν
2181 4291 2411 4372 τοιαῦτα
2441 4307 2747 4382 τολμῶσιν;
2787 4307 2851 4359 Εἰ
2901 4301 3012 4375 γὰρ
3051 4301 3082 4352 6
3125 4297 3230 4368 πρὸ
3264 4295 3364 4382 τῆς
3401 4291 3644 4382 χάριτος,

1963 4377 2127 4482 όπρὸ
2159 4404 2255 4460 τοῦ
2287 4401 2452 4473 νόμου
2471 4440 2487 4466 ,
2519 4377 2553 4451 6
2595 4392 2869 4467 μηδεμιᾶς
2909 4384 3226 4447 ἀπολαύσας
3263 4377 3646 4482 διδασκμλίας,

1962 4465 2234 4567 τοσαύτην
2274 4491 2382 4546 τῶν
2416 4486 2622 4542 παίδων
2661 4483 2898 4536 ἐποιεῖτο
2939 4474 3221 4548 πρόνοιαν,
3265 4471 3342 4535 ὼς
3380 4468 3478 4522 καὶ
3508 4465 3652 4538 ὑπὲρ

1964 4585 2074 4641 τῶν
2131 4555 2341 4655 ἀδήλων
2390 4577 2618 4650 τρέμειν
2667 4567 3112 4644 ἁμαρτημάτων,
3155 4563 3238 4655 τίς
3297 4560 3448 4655 ἡμᾶς
3507 4555 3653 4655 ἐξαι-

1968 4676 2205 4750 ρήσεται
2236 4667 2424 4722 λοιπὸν
2475 4665 2603 4728 τοὺς
2651 4662 2711 4714 ἐν
2755 4660 2824 4730 τῇ
2861 4658 3067 4728 χάριτι,
3103 4651 3232 4714 τοὺς
3259 4649 3356 4704 καὶ
3383 4644 3653 4701 τοσούτων

1965 4733 2304 4816 διδασκάλων
2369 4748 2739 4822 τετυχηκότας
2761 4785 2777 4811 ,
2821 4743 2950 4806 τοὺς
3002 4738 3228 4794 τοιαῦτα
3281 4733 3655 4822 ὑποδείγματα

1967 4850 2191 4923 ἔχοντας
2237 4843 2334 4898 καὶ
2367 4820 2640 4902 τοσαύτας
2666 4832 3048 4907 παραινέσεις,
3075 4829 3136 4882 οὑ
3171 4826 3334 4896 μόνον
3375 4823 3516 4892 ὑπὲρ
3547 4820 3655 4872 τῶν

1969 4915 2180 5010 ἀδήλων
2233 4933 2296 4986 οὗ
2326 4927 2634 4990 δεδοικότας
2653 4965 2669 4990 ,
2719 4921 2856 5010 ἀλλὰ
2883 4919 2980 4974 καὶ
3005 4917 3116 5010 τῶν
3379 4923 3656 5010 καταφρρ-

1970 4995 2220 5090 νοῦντας,
2249 5019 2347 5075 καὶ
2392 5017 2454 5071 οὑ
2483 5009 2964 5083 καταφρονοῦντας
2991 5005 3177 5078 μόνον,
3211 5001 3348 5084 ἀλλὰ
3389 4997 3484 5052 καὶ
3529 4995 3656 5090 τοὺς

1973 5079 2328 5188 βουλομένους
2354 5102 2497 5160 αὑτά
2517 5079 2764 5173 διορθοῦν
2783 5095 3106 5158 ἐλαύνοντας
3124 5110 3140 5161 ;
3159 5079 3268 5146 και
3288 5091 3380 5141 τὸν
3404 5081 3660 5188 Ἀϐραὰμ

1969 5170 2048 5268 δὲ,
2079 5170 2331 5267 κάθάπερ
2366 5192 2538 5264 ἔφθην
2575 5170 2780 5254 εἰπὼν,
2818 5185 2958 5258 μετά
3001 5183 3112 5237 τῶν
3153 5178 3330 5236 ἀλλων
3378 5170 3658 5244 κατορθω-

1976 5292 2164 5366 μάτων
2197 5287 2294 5341 καὶ
2324 5282 2484 5337 τοῦτο
2513 5277 2779 5366 λαμπρὸν
2797 5275 2990 5330 ἐποίει.

2043 5371 2409 5434 κα’.Τοσαῦτα
2423 5366 2516 5426 οὖν
2533 5348 2748 5440 ἔχοντες
2762 5363 2986 5431 ὑποδείγ
2993 5348 3665 5433 ματα,κατασκευάζωμεν

1973 5468 2054 5541 τῷ
2083 5463 2202 5536 Θεῷ
2240 5435 2695 5522 διακόνους,”καὶ
2733 5451 3083 5524 λειτουργοὺς
3131 5443 3414 5541 δοοιίμουλς.
3447 5439 3512 5541 Ισξί
3540 5435 3663 5535 ⁴γὰρ

1975 5523 2216 5626 ἀθλητάς
2261 5566 2346 5614 τις
2389 5547 2579 5602 πόλεσι
2611 5543 2858 5616 τρέφων,
2890 5523 2927 5611 ἢν
2975 5530 3312 5626 στρατιώτας
3335 5523 3664 5626 ,βαμιλεῦσιν

1975 5615 2207 5708 ἀσκῶν,
2228 5637 2443 5712 μεγάλῃ
2487 5615 2855 5706 τιμηθήσεται
2895 5628 3028 5697 τιμῇ
3051 5665 3068 5690 ,
3103 5621 3278 5712 πόσην
3324 5619 3474 5712 ἡμᾶς
3501 5615 3668 5712 ἐἰκὸς

1975 5706 2176 5790 λαϐεῖν.
2205 5706 2450 5805 δωρεὰν,
2487 5723 2630 5778 οὑτω
2661 5717 2943 5805 γενναίους
2983 5713 3078 5768 καὶ
3111 5709 3410 5805 μεγάλουὶ
3429 5706 3666 5805 ἀνδρας,

1983 5785 2183 5896 μᾶλλον
2213 5817 2271 5872 δέ
2285 5785 2558 5886 ⁸ἀγγέλους
2583 5785 2804 5880 τῷΘεῷ
2831 5803 3135 5876 τρέφοντας
3156 5815 3171 5866 ;
3194 5795 3350 5872 [114]
3369 5794 3552 5852 Πάντα
3571 5785 3666 5846 οῦν

2051 6017 2070 6038 ⁸
2089 6013 2190 6068 Alii
2215 6011 2392 6073 δῶμεν,
2414 6006 2498 6058 alii
2519 6005 2693 6066 θῶμεν,
2723 6001 2805 6053 alii
2828 5999 2998 6066 ἐῶμεν.
