4032 6480
243 449 324 505 δπς
951 437 1312 498 ADVEBSUS
1348 432 1899 494 OPI’UGNATORES
1940 431 2125 488 VITE
2165 430 2455 488 MONAST.
2500 431 2623 487 LIB.
2670 430 2751 487 lll.

238 584 380 655 potius
406 594 626 653 angelos
658 585 768 636 Deo
791 578 1025 634 alimus?
1047 577 1239 632 Omnia
1267 590 1393 646 erga
1424 573 1705 638 faciamus,
1736 579 1791 625 et

236 679 317 731 illis
335 677 539 746 pietatis
564 690 696 744 opes
724 673 1109 739 relinquamus,
1144 684 1261 739 qua:
1285 675 1521 730 manent,
1552 674 1606 718 et
1632 678 1793 718 exce-

233 772 393 823 tiClllCS
418 785 446 822 c
480 768 581 821 vita
609 766 962 830 enmitantur;
990 778 1107 832 qum
1130 777 1233 815 non
1258 760 1310 813 iu
1338 760 1438 812 hac
1463 759 1567 812 vita
1594 756 1787 818 solum,

226 858 307 912 sed
331 859 482 913 etiam
515 858 623 911 illic
644 856 871 910 maxime
895 854 1047 908 nobis
1075 838 1382 920 proderunt.
1407 847 1541 903 Nam
1568 845 1795 899 sarcula-

228 965 303 1005 res
327 948 515 1003 divitia:
564 947 889 1001 excedentes
929 960 960 1000 e
1005 943 1113 998 vita
1156 958 1261 995 non
1304 940 1649 1002 comitantur,
1684 937 1793 989 imo

226 1046 301 1100 hic
322 1051 441 1100 ante
465 1059 564 1097 nos
606 1049 867 1113 pereunt,
908 1055 971 1093 ac
1013 1053 1158 1107 sarpe
1187 1047 1526 1105 possessores
1566 1029 1793 1100 perdunt

224 1153 332 1191 suos
360 1153 372 1188 :
404 1135 521 1189 base
547 1147 675 1188 vero
705 1141 760 1187 et
786 1131 871 1185 hic
898 1141 951 1186 et
978 1129 1084 1183 illic
1112 1126 1280 1182 ﬁrma:
1310 1131 1485 1187 erunt,
1518 1130 1573 1175 et
1602 1134 1795 1188 magna

220 1243 327 1281 eum
355 1226 639 1281 securitate
680 1223 1016 1294 possidentes
1043 1235 1101 1275 se
1125 1217 1539 1273 conservahunt.
1584 1210 1793 1265 Etenim

218 1334 297 1373 res
316 1317 380 1371 ita
411 1331 469 1372 se
498 1316 656 1370 habet
685 1333 697 1369 :
728 1315 816 1383 qui
851 1323 1061 1369 terrena
1089 1308 1455 1380 Spiritualibus
1484 1302 1717 1374 praferl,
1741 1309 1797 1357 et

220 1413 295 1464 his
329 1418 380 1463 ct
419 1410 524 1463 illis
564 1408 811 1474 excidet;
861 1408 949 1478 qui
991 1421 1120 1461 vero
1161 1402 1392 1458 ctelestia
1440 1397 1793 1468 concupiscit,

210 1487 429 1556 terrenis
448 1502 609 1554 etiam
634 1500 885 1568 potietur.
910 1497 1027 1553 Non
1057 1511 1175 1550 mea
1198 1502 1323 1550 sunt
1348 1492 1465 1546 hmc
1490 1490 1673 1555 verba,
1701 1487 1796 1543 sed

206 1594 342 1663 ejus,
380 1593 468 1662 qui
501 1591 616 1646 ὴιυο
647 1593 965 1661 praebiturus
990 1596 1093 1655 est,
1135 1585 1344 1641 Domini
1374 1600 1387 1635 :
1423 1580 1661 1647 Quwrile,
1712 1580 1798 1633 in-

211 1688 335 1756 quit,
377 1698 592 1751 rezpmm
654 1682 751 1737 Dei
781 1684 821 1747 ί,
849 1693 894 1735 et
952 1682 1061 1734 Itwc
1100 1678 1270 1732 omnia
1307 1675 1613 1747 adﬁcientur
1658 1670 1798 1725 vobis

212 1776 412 1847 (Matth.
437 1775 491 1830 6.
517 1776 631 1844 5'5).
652 1773 786 1841 Quid
808 1774 929 1827 huic
946 1771 1135 1825 honori
1156 1785 1248 1840 par
1265 1783 1383 1823 esse
1410 1761 1795 1837 possil?Cura,

211 1869 391 1939 inquit,
420 1865 711 1936 spiritualia
734 1906 749 1931 ,
782 1864 913 1918 mibi
953 1878 1080 1917 vero
1104 1861 1281 1916 omnia
1326 1870 1414 1915 tua
1465 1860 1695 1915 dimitte.
1721 1865 1798 1916 Ac

198 1963 251 2016 si
275 1962 389 2031 quis
415 1969 564 2030 pater
585 1957 677 2012 ﬁlii
702 1972 909 2019 amans,
934 1955 1127 2010 domus
1147 1969 1352 2020 curam,
1377 1953 1796 2008 domesticorum

198 2054 437 2123 regimen
473 2051 807 2120 aliorumque
850 2047 1086 2103 omnium
1130 2047 1229 2101 sibi
1258 2057 1585 2110 assumeret,
1633 2044 1799 2101 ﬁlium

202 2160 351 2210 vero,
381 2151 439 2197 ut
479 2142 568 2197 uni
596 2138 944 2211 philosophia:
986 2147 1218 2205 vacaret,
1254 2139 1571 2193 admoneret
1600 2156 1613 2192 :
1641 2139 1719 2192 sic
1747 2145 1801 2193 et

114 2304 121 2311 _
208 2238 342 2291 Deus
364 2234 504 2288 facit.
530 2233 737 2288 Morem
778 2234 956 2301 itaque
997 2246 1266 2301 geramus,
1296 2238 1350 2285 ct
1380 2244 1681 2300 quaeramus
1710 2243 1800 2283 re-

194 2345 360 2400 gnum
390 2329 503 2392 Dei,
531 2337 586 2381 et
612 2328 690 2380 sic
724 2326 880 2395 plane
918 2326 1056 2379 filios
1090 2334 1305 2379 nostros
1332 2323 1621 2394 praeclaros
1647 2321 1801 2376 vide-

198 2423 398 2488 bimus,
423 2434 627 2489 nosque
654 2434 775 2474 cum
809 2418 914 2472 illis
940 2416 1202 2486 splendidi
1232 2417 1453 2481 erimus,
1479 2430 1542 2469 ac
1563 2429 1802 2485 prtesen-

194 2513 344 2568 vtibus
371 2515 630 2577 fruemur,
674 2512 722 2565 si
749 2509 923 2565 futura
949 2519 1003 2564 et
1027 2509 1262 2564 cmlestia
1302 2518 1506 2563 tantum
1535 2522 1796 2562 amemus.

205 2606 329 2660 llzec
354 2603 851 2674 obtemperantibus
876 2601 1029 2656 vobis
1057 2616 1302 2671 magnam
1341 2599 1567 2654 aﬁ‘erent
1596 2614 1802 2654 merce-

196 2700 323 2754 dem
346 2714 362 2764 ;
389 2696 807 2768 repugnantibus
829 2704 1009 2750 autem
1032 2702 1213 2749 etnon
1241 2708 1448 2747 morem
1467 2691 1798 2762 gerentibus,

192 2792 416 2861 gravius
455 2790 799 2860 supplicium.
834 2787 1017 2858 Neque
1046 2787 1191 2843 enim
1229 2785 1356 2841 licet
1389 2785 1456 2839 ad
1497 2785 1802 2841 excusatio-

201 2901 325 2940 nem
352 2882 640 2953 coufugere
668 2897 731 2937 ac
751 2880 951 2945 dicere,
982 2878 1172 2934 Nullus
1204 2886 1339 2943 erat,
1370 2877 1458 2948 qui
1495 2875 1802 2931 lmedoce-

193 2987 305 3031 ret.
333 2974 492 3030 Certe
517 2982 802 3043 antequam
826 2987 923 3026 nos
954 2970 1071 3025 hmo
1113 2970 1437 3034 diceremus,
1468 2967 1583 3023 haec
1610 2966 1802 3022 defen-

197 3070 284 3121 sio
309 3066 517 3122 sublata
555 3072 693 3130 erat,
739 3062 939 3134 quippe
978 3076 1100 3117 cum
1124 3061 1237 3130 ipsa
1264 3069 1456 3115 natura
1496 3052 1802 3113 accuratam

193 3159 401 3215 habeat
430 3158 567 3212 bona
590 3173 619 3209 a
647 3157 802 3211 malis
835 3153 1173 3210 discernendi
1200 3154 1308 3207 vim
1336 3161 1390 3207 et
1417 3151 1534 3206 bare
1562 3150 1804 3220 philoso-

114 3310 129 3332 .
200 3250 326 3320 pbia
353 3248 554 3318 ubique
597 3246 869 3316 proposita
911 3245 1000 3309 sit,
1034 3243 1301 3314 hujusque
1342 3243 1464 3297 vita:
1504 3241 1645 3296 mala
1673 3240 1805 3295 satis

196 3342 313 3400 sint
331 3339 398 3400 ad
418 3339 536 3415 eius
548 3347 817 3397 amatores
841 3338 894 3392 in
915 3336 1257 3393 solitudinem
1281 3334 1562 3405 rogandos.
1581 3332 1804 3388 Etiamsi

198 3436 372 3508 igitur
402 3445 723 3501 taceremus,
753 3442 814 3490 ut
838 3428 969 3500 dixi,
993 3428 1170 3488 cumis
1195 3425 1470 3488 excusatio
1493 3424 1700 3484 sublata
1721 3440 1807 3478 es-

190 3538 309 3583 set.
339 3528 410 3583 At
437 3528 606 3582 multo
635 3528 804 3597 magis
829 3541 973 3581 nunc
998 3534 1120 3596 post
1142 3526 1239 3579 bos
1265 3523 1401 3579 adeo
1425 3524 1664 3594 prolixos
1688 3522 1806 3577 edi-

199 3631 290 3676 tos
320 3620 512 3697 libros,
548 3627 858 3690 tantamque
888 3619 1346 3685 admonitionem,
1386 3625 1501 3672 tum
1541 3631 1606 3671 ex
1645 3617 1808 3672 rebus

196 3717 361 3785 ipsis,
401 3726 533 3782 tum,
565 3730 685 3785 qua:
710 3715 873 3769 etiam
902 3713 1098 3768 clarior
1124 3721 1225 3778 est,
1260 3727 1324 3766 ex
1354 3711 1549 3766 divinis
1568 3710 1808 3778 Scriptu-

188 3809 302 3862 zis.
334 3808 415 3862 Ae
453 3808 663 3862 etiamsi
707 3807 852 3861 domi
889 3812 1169 3861 manentes
1209 3814 1425 3874 possent
1464 3820 1569 3858 non
1600 3803 1810 3874 penitus

188 3900 413 3968 perire,
446 3898 539 3953 sed
568 3887 862 3953 extremam
898 3898 1086 3953 salutis
1118 3906 1321 3952 sortem
1347 3895 1570 3966 adipisci
1596 3936 1610 3960 ,
1640 3909 1707 3949 ne
1732 3893 1812 3950 sic

190 3992 426 4063 quidem
456 4005 642 4062 poenas
668 3990 905 4061 effugere
930 4004 1234 4073 possemus,
1263 3989 1307 4044 si
1338 4004 1434 4044 eos
1469 3988 1558 4059 qui
1589 3987 1656 4042 ad
1676 3980 1810 4059 dili-

188 4086 507 4156 gentiorem
539 4084 699 4139 vitam
739 4084 1054 4139 festinarent
1101 4082 1530 4153 prohiberemus,
1569 4089 1731 4149 atque
1756 4077 1812 4133 in

190 4174 560 4231 smcularibus
603 4176 766 4231 rebus
810 4174 1170 4229 detineremus
1230 4188 1350 4238 eos,
1393 4171 1485 4242 qui
1526 4170 1579 4224 in
1620 4169 1811 4224 caelum

189 4268 429 4323 avolare
456 4269 730 4340 gestirem.
776 4266 908 4323 Cum
946 4276 1127 4321 autem
1170 4264 1223 4320 id
1251 4265 1368 4320 ﬁeri
1410 4271 1674 4334 nequeat,
1716 4261 1813 4317 sed

189 4362 437 4416 omnino
480 4360 810 4430 pereundum
847 4373 968 4414 esse
996 4365 1227 4424 constet,
1255 4372 1319 4411 ac
1346 4355 1414 4411 de
1440 4354 1694 4410 extremis
1718 4367 1817 4422 pc-

188 4452 445 4509 I'iculum
459 4453 549 4518 sit,
568 4467 727 4523 quam
748 4450 961 4507 tandem
980 4449 1215 4517 veniam,
1234 4464 1392 4520 quam
1412 4448 1815 4503 excusationem

189 4545 450 4601 habituri
477 4544 666 4610 simus,
698 4546 742 4599 si
770 4560 876 4599 non
907 4542 1068 4598 modo
1098 4542 1444 4612 propriorum
1473 4546 1815 4611 peccatorum

188 4639 304 4695 sed
340 4655 532 4695 eorum
562 4640 724 4694 etiam
750 4654 868 4709 quae
909 4648 1090 4708 postea
1122 4636 1219 4690 ﬁlii
1254 4633 1588 4698 admiserint,
1632 4646 1818 4702 poenas

188 4732 254 4785 in
285 4745 398 4785 nos
429 4730 573 4799 ipsos
618 4729 963 4800 gravissimas
1000 4726 1419 4808 pertrahamus?
1455 4724 1642 4796 Neque
1674 4723 1816 4778 enim

187 4833 343 4894 puto
388 4823 514 4878 illos
553 4832 658 4878 tam
698 4838 886 4894 graves
932 4821 1153 4877 daturos
1190 4837 1311 4877 csse
1360 4835 1546 4890 pmnas
1592 4833 1691 4890 pro
1732 4818 1817 4886 iis,

185 4931 335 4984 quae
366 4924 553 4986 postea
580 4915 902 4986 deliquerint
936 4913 991 4967 in
1020 4913 1115 4967 hos
1142 4911 1335 4966 ﬂuctus
1356 4910 1626 4980 pertracti,
1660 4923 1820 4978 quam

183 5022 331 5074 vos,
362 5008 455 5078 qui
483 5007 536 5062 in
567 5007 703 5063 hanc
733 5007 854 5061 illos
890 5004 1267 5060 necessitatem
1296 5002 1596 5057 induxistis.
1620 4999 1755 5056 Nam
1777 5000 1822 5054 si

186 5105 279 5169 ei,
308 5103 409 5174 qui
434 5118 599 5158 unum
644 5098 1112 5163 scandalizaverit,
1144 5112 1264 5151 cum
1296 5094 1437 5149 mola
1469 5096 1520 5147 in
1550 5107 1699 5148 mare
1724 5092 1822 5146 de-

188 5197 395 5268 mergi
420 5195 635 5268 expedit
664 5214 676 5250 :
708 5211 826 5266 qua:
857 5191 1070 5248 tandem
1100 5203 1257 5260 paena
1277 5230 1291 5254 ,
1324 5188 1415 5260 qui
1444 5186 1711 5242 cruciatus
1738 5200 1825 5241 sa-

186 5291 277 5344 tis
306 5298 481 5344 erunt
519 5289 644 5355 illis,
691 5288 781 5358 qui
812 5284 1076 5341 saevitiam
1109 5292 1309 5337 tantam
1342 5289 1396 5336 et
1438 5278 1825 5334 immanitatem

189 5384 256 5436 in
290 5382 505 5437 liberos
541 5380 785 5451 proprios
828 5375 1158 5433 ostendunt?
1192 5374 1474 5442 Quocirca,
1507 5385 1658 5440 rogo,
1691 5384 1827 5424 con-

189 5472 525 5529 tentionem
550 5470 856 5539 remittatis,
880 5468 1106 5540 sitisque
1129 5464 1571 5539 pbilosotiborum
1594 5461 1828 5516 ﬁliorum

269 5631 291 5663 ⁴
337 5638 460 5687 Pro,
484 5640 689 5692 reqmtm
714 5626 819 5689 Dei,
842 5638 1033 5690 omnes,
1073 5631 1255 5689 praeter
1298 5619 1467 5674 uox-el.
1504 5620 1707 5681 habent,
1748 5628 1831 5669 re-

181 5705 377 5761 gnum
398 5692 649 5743 vadorum.

3393 432 3502 491 586

1907 582 2107 640 patres.
2138 569 2323 642 Neque
2349 570 2401 624 id
2431 570 2720 626 dicendum
2749 578 2854 637 est,
2886 570 3026 642 quod
3052 571 3248 626 multos
3273 581 3505 641 praeten-

1903 665 2029 718 dere
2056 663 2236 717 audin.
2258 661 2394 731 Quid
2426 663 2552 717 illud
2579 663 2699 717 est?
2725 663 2857 717 Cum
2880 664 3201 728 videremus,
3227 665 3496 734 inquiunt,

1900 753 2021 807 illos
2048 755 2114 808 ad
2143 755 2301 807 linem
2333 754 2614 823 pervenire
2654 768 2760 807 non
2797 768 2974 824 posse,
3011 755 3132 809 ideo
3164 756 3282 810 illos
3311 757 3503 825 probi*

1900 848 2140 905 huimus.
2168 850 2388 904 Etiamsi
2408 854 2550 904 enim
2570 847 2620 901 id
2640 846 2786 901 clare
2805 847 3161 917 praevidisses,
3182 865 3288 905 non
3316 862 3497 909 autem

1903 940 2259 1015 conjectando
2288 941 2462 996 solum
2488 958 2503 1008 ;
2532 942 2682 996 multi
2710 943 2873 1009 enim,
2896 943 2984 1012 qui
3009 944 3203 1012 lapsuri
3231 946 3501 1015 putaban-

1901 1042 2008 1099 tur,
2033 1043 2315 1100 stelerunt;
2336 1035 2401 1099 si,
2426 1036 2665 1104 inquam,
2688 1034 2815 1089 illud
2838 1044 3014 1089 certos
3028 1036 3409 1104 prtescivisses,
3435 1053 3506 1093 ne

1901 1127 1981 1181 sic
2010 1126 2226 1195 quidem
2258 1127 2404 1180 illum
2432 1125 2710 1181 retrahere
2736 1127 2995 1195 oportuit.
3046 1125 3229 1196 Neque
3256 1129 3421 1193 enim,
3455 1130 3502 1183 si

1903 1220 2183 1288 quospiam
2204 1217 2271 1273 ad
2292 1221 2496 1289 lapsum
2520 1235 2736 1289 pronos,
2757 1228 3002 1290 arreptos
3024 1220 3505 1290 praecipitarcmus,

1904 1310 1955 1365 id
1985 1311 2137 1365 nobis
2160 1312 2226 1364 ad
2254 1312 2653 1366 excusationem
2681 1311 2808 1366 satis
2835 1320 2997 1378 esset,
3028 1312 3122 1366 sed
3148 1311 3376 1382 idipsum
3404 1326 3504 1367 nos

1903 1402 1958 1457 in
2010 1402 2194 1472 primis
2248 1402 2653 1457 condemnaret.
2701 1401 2811 1457 Cur
2856 1403 2999 1457 enim
3052 1418 3157 1457 non
3212 1402 3502 1473 permisisti

1904 1507 2041 1552 utex
2071 1497 2214 1552 illius
2233 1497 2458 1566 segnitie
2473 1497 2654 1566 lapsus
2679 1497 3033 1565 contingeret,
3050 1495 3141 1550 sed
3164 1500 3501 1565 praeverte‘ns

1904 1600 2184 1661 peccatum
2215 1589 2342 1645 illud
2361 1590 2607 1659 rapuisti,
2631 1598 2908 1658 totumque
2936 1589 2988 1642 in
3014 1598 3174 1660 caput
3200 1599 3347 1642 tuum
3374 1604 3504 1644 con-

1899 1683 2121 1755 jecisti?
2148 1684 2280 1749 lmo,
2298 1693 2355 1737 ut
2383 1683 2435 1737 id
2465 1685 2619 1738 fieret
2646 1698 2752 1737 non
2780 1681 3200 1754 permittendum
3229 1691 3378 1735 erat:
3401 1696 3501 1736 cur

1906 1776 2171 1831 enimnon
2187 1777 2362 1832 omnia
2390 1775 2584 1843 fecisti,
2604 1786 2661 1829 ut
2681 1792 2749 1830 ne
2766 1783 2947 1830 rueret
2963 1775 3138 1830 filius?
3158 1774 3340 1844 itaque
3354 1775 3499 1844 quod

1905 1868 2074 1922 scires
2091 1867 2352 1921 ruiturum
2386 1868 2532 1922 illum
2564 1881 2704 1934 esse,
2738 1866 2858 1920 ideo
2876 1866 3108 1921 maxime
3129 1866 3391 1935 supplicio
3408 1864 3493 1919 di-

1905 1974 2043 2028 gnus
2084 1974 2164 2013 es.
2208 1958 2341 2012 Nam
2390 1974 2511 2013 eum
2546 1958 2635 2028 qui
2665 1957 2715 2011 id
2758 1956 3050 2027 prmvidet,
3095 1972 3203 2011 non
3255 1956 3503 2027 praecipi-

1906 2062 2043 2121 tare,
2086 2053 2181 2108 sed
2230 2070 2444 2108 manum
2502 2053 2776 2124 porrigere
2823 2063 3079 2123 Oportet,
3134 2054 3502 2124 maioremque

1908 2146 2319 2201 sollicitudinem
2349 2145 2604 2202 exhibere
2634 2186 2651 2212 ,
2685 2152 2743 2199 ut
2764 2147 2853 2215 qui
2886 2145 3132 2213 lapsurus
3159 2154 3259 2211 est,
3293 2143 3503 2198 fortiter

1907 2237 2186 2300 consistat,
2218 2237 2334 2291 sive
2375 2237 2589 2292 tandem
2631 2244 2776 2292 stare
2817 2237 3006 2307 possit,
3035 2237 3149 2289 sive
3178 2252 3282 2289 non
3313 2235 3499 2305 possit.

1908 2328 2041 2383 Nam
2066 2344 2184 2397 qua:
2221 2343 2387 2397 penes
2415 2344 2512 2382 nos
2538 2337 2692 2383 erant
2720 2328 2900 2382 omnia
2950 2327 3166 2396 exsequi
3195 2328 3498 2396 oportebat,

1908 2422 2120 2477 etiamsi
2167 2422 2259 2475 alii
2302 2421 2436 2476 nihil
2463 2421 2588 2476 inde
2614 2420 2749 2475 lucri
2775 2420 3159 2490 Consequuturi
3189 2430 3361 2474 erant.
3392 2420 3502 2475 Cur
3586 2398 3595 2405 ‘

1909 2516 2045 2581 hoc,
2074 2522 2129 2569 et
2155 2514 2357 2584 quare?
2390 2512 2458 2569 Ut
2503 2529 2609 2568 non
2655 2529 2685 2567 a
2717 2513 2892 2577 nobis,
2938 2512 3031 2567 sed
3061 2512 3129 2566 ab
3168 2512 3274 2566 illis
3306 2513 3442 2567 ratio
3468 2527 3497 2566 a

1908 2607 2021 2662 Deo
2049 2615 2407 2675 expeteretur.
2427 2604 2582 2673 Quod
2602 2615 2658 2661 et
2684 2610 2797 2674 ipse
2834 2605 2881 2659 ei
2902 2646 2915 2669 ,
2943 2604 3031 2673 qui
3059 2604 3259 2659 talento
3276 2614 3499 2673 accepto

1909 2700 2040 2755 nihil
2071 2700 2309 2754 lucratus
2344 2707 2461 2754 erat
2489 2740 2505 2765 ,
2545 2697 2881 2767 exprobrans
2903 2695 3118 2751 dicebat
3154 2713 3168 2749 :
3224 2695 3497 2766 Oportebat

1908 2792 2045 2847 enim
2077 2802 2142 2858 te,
2172 2790 2375 2861 inquit,
2416 2790 2682 2862 pecuniam
2707 2787 3016 2842 committere
3055 2784 3429 2852 nummulariis,
3458 2795 3505 2839 et

1910 2900 2001 2954 ego
2037 2882 2238 2938 ueniens
2276 2899 2388 2935 cum
2414 2897 2571 2935 usura
2600 2879 2873 2951 exegissem
2897 2874 3500 2950 i‘llam(.lfattlt.25.27).

1909 2976 2354 3045 Obtemperemus
2398 2975 2557 3043 igitur
2606 2971 2722 3026 haec
2751 2969 3029 3033 monenti,
3061 2977 3121 3023 ut
3186 2968 3505 3038 supplicium

1911 3067 2247 3137 eﬂ‘ugiamus.
2277 3065 2459 3135 Neque
2487 3062 2629 3118 enim
2659 3064 2825 3116 Deum
2854 3103 2869 3127 ,
2901 3076 3023 3116 cum
3070 3060 3376 3115 hominibus
3405 3059 3505 3114 fal-

1911 3160 2024 3215 lere
2050 3159 2367 3230 poterimus,
2395 3157 2488 3226 qui
2513 3164 2786 3210 scrutatur
2814 3154 2999 3221 corda,
3028 3163 3081 3208 et
3107 3153 3285 3207 omnia
3309 3154 3361 3206 in
3388 3168 3507 3207 me-

1912 3249 2060 3304 dium
2091 3249 2221 3318 agit,
2242 3249 2334 3317 qui
2366 3245 2568 3315 ubique
2608 3245 2769 3300 etiam
2802 3243 2871 3299 de
2899 3244 3126 3297 filiorum
3149 3244 3318 3296 salute
3346 3244 3509 3297 ratio-

1913 3356 2039 3395 nem
2087 3354 2117 3391 a
2148 3338 2309 3392 nobis
2342 3337 2566 3407 expetit.
2603 3336 2658 3390 Si
2686 3335 2828 3389 enim
2872 3335 2936 3397 is,
2964 3334 3055 3403 qui
3091 3334 3371 3404 pecuniam
3398 3349 3507 3387 non

1910 3430 2253 3500 deposuerat,
2286 3436 2462 3482 tantas
2498 3441 2685 3499 poenas
2714 3425 2884 3490 dedit,
2914 3424 3003 3493 qui
3030 3423 3307 3500 deponere
3324 3423 3511 3476 volen-

1915 3540 1995 3587 tes
2025 3521 2249 3601 impedit
2281 3571 2296 3597 ,
2340 3533 2469 3602 quid
2496 3520 2771 3599 patietur?
2798 3528 2914 3584 Non
2961 3529 3132 3584 solum
3178 3531 3318 3586 enim
3347 3533 3391 3584 si
3419 3530 3511 3586 filii

1915 3634 2103 3680 nostro
2131 3625 2358 3680 consilio
2392 3625 2445 3678 in
2477 3623 2754 3679 smcularia
2788 3624 2997 3694 negotia
3020 3623 3389 3687 devolrantnr,
3418 3626 3510 3679 sed

1914 3717 2076 3772 etiam
2104 3716 2150 3771 si
2178 3716 2435 3784 impetum
2464 3722 2707 3769 nostrum
2731 3713 2941 3768 fortiter
2968 3713 3201 3769 ferentes
3222 3755 3238 3779 ,
3270 3720 3335 3767 ad
3360 3730 3514 3767 mon-

1918 3818 1998 3865 tes
2043 3824 2102 3864 se
2152 3809 2456 3878 recipiant,
2504 3806 2645 3863 idem
2692 3806 3011 3876 supplicium
3051 3807 3293 3861 imminet
3337 3807 3400 3859 iis
3424 3807 3511 3877 qui

1917 3903 2064 3973 ipsos
2113 3900 2377 3973 impedire
2418 3900 2709 3955 voluerint.
2758 3897 3222 3967 Quemadmodum
3251 3899 3394 3952 enim
3422 3899 3513 3968 qui

1917 3992 1983 4048 ad
2012 3992 2407 4064 philosophiam
2439 3991 2706 4058 hortatur,
2739 3990 2854 4046 sive
2881 3989 3223 4061 persuadeat,
3244 3990 3357 4044 sive
3384 4005 3514 4055 non,

1918 4088 2217 4159 perfectam
2245 4084 2550 4140 mercedem
2582 4083 2743 4137 habet
2772 4082 2918 4154 (nam
2947 4091 3113 4139 totum
3138 4082 3187 4136 id
3210 4080 3515 4151 feeit,quod

1918 4195 2085 4252 penes
2113 4195 2172 4235 se
2198 4175 2383 4247 erat),
2414 4178 2492 4230 sic
2520 4186 2575 4231 et
2613 4175 2702 4245 qui
2730 4174 2963 4242 aliquem
3003 4173 3235 4242 perdere
3265 4172 3513 4235 voluerit,

1921 4273 2035 4329 sive
2060 4272 2297 4338 laeserit,
2341 4270 2456 4325 sive
2495 4284 2602 4322 non
2633 4268 2861 4332 laeserit,
2907 4264 3097 4320 eodem
3134 4263 3392 4333 supplicio
3422 4278 3518 4332 pu-

1921 4368 2135 4431 nietur;
2166 4380 2288 4419 nam
2318 4362 2458 4434 quod
2501 4361 2673 4433 potuit
2722 4367 2889 4413 totum
2916 4356 3177 4426 implevit.
3211 4356 3391 4425 Itaque
3417 4354 3516 4409 etsi

1921 4458 2051 4514 nihil
2082 4455 2363 4526 potueritis
2387 4452 2453 4508 ad
2505 4466 2797 4522 generosos
2843 4450 3073 4504 ﬁliorum
3127 4448 3333 4502 animos
3377 4445 3517 4517 deji-

1900 4549 2145 4605 ~ciendos
2175 4556 2230 4602 et
2259 4544 2648 4601 subvertendos
2669 4585 2684 4609 ,
2719 4550 2943 4597 conatus
2968 4541 3157 4596 saltem
3196 4538 3357 4593 vestri
3404 4548 3521 4593 tan-

1925 4654 2008 4700 tas
2045 4659 2232 4716 poenas
2253 4641 2449 4697 dabitis
2468 4684 2482 4705 ,
2508 4649 2733 4712 quantas
2761 4638 2850 4709 qui
2889 4636 3231 4707 dejecisscut.
3260 4634 3385 4690 Ilaec
3422 4634 3520 4706 igi-

1927 4748 2016 4795 tur
2039 4740 2290 4794 universa
2331 4736 2646 4807 cogitantes,
2680 4733 2862 4789 missis
2890 4728 3320 4786 cavillationibus
3343 4728 3519 4784 omni-

1926 4833 2026 4888 bus
2054 4872 2069 4897 ,
2121 4828 2433 4885 studeamus
2458 4815 2842 4896 generosorum
2893 4821 3121 4876 ﬁliorum
3163 4827 3343 4890 patres
3369 4834 3520 4881 esse.

1927 4921 2366 4980 Christiferorum
2389 4917 2698 4973 conditores
2725 4913 3072 4984 templorum,
3087 4910 3410 4967 athletarum
3427 4924 3526 4965 ca:-

1929 5017 2142 5072 lestium
2173 5021 2473 5074 curatores,
2505 5015 2791 5078 ungentes,
2820 5003 3109 5074 erigentes,
3129 5002 3363 5072 undique
3379 5014 3525 5055 com-

1931 5109 2107 5165 modis
2133 5108 2346 5162 illorum
2374 5101 2742 5163 consulentes,
2773 5106 2832 5153 ut
2872 5097 2985 5153 illic
3024 5108 3348 5152 coronarum
3391 5106 3524 5147 con-

1930 5212 2105 5255 sortes
2131 5197 2447 5252 efficiamur.
2497 5192 2591 5249 Sin
2617 5200 2797 5247 autem
2837 5187 3250 5253 contenderitis,
3292 5183 3383 5238 ﬁlii
3406 5184 3527 5253 qui-

1931 5293 2076 5359 dem,
2100 5292 2143 5347 si
2177 5286 2490 5344 fortitudine
2519 5285 2752 5348 valeant,
2784 5282 2872 5337 vel
2898 5271 3080 5345 iﬁitis
3114 5279 3269 5334 vobis
3294 5276 3361 5330 ad
3391 5275 3529 5329 hanc

1932 5382 2246 5457 pervenient
2275 5378 2692 5451 philosophiam,
2721 5375 3096 5445 universisque
3135 5368 3385 5425 fruentur
3430 5367 3524 5422 bo-

1933 5477 2057 5544 nis;
2088 5476 2241 5531 vobis
2273 5482 2452 5529 autem
2497 5469 2552 5525 id
2590 5469 2896 5539 continget,
2927 5474 2987 5521 ut
3029 5465 3352 5519 immensum
3380 5457 3531 5511 vobis

1935 5571 2232 5628 cruciatum
2261 5564 2587 5636 congeratis,
2619 5572 2853 5632 tuncque
2876 5557 3019 5613 dicta
3041 5562 3228 5610 nostra
3258 5548 3493 5605 laudetis
3514 5587 3530 5614 ,

1934 5680 2059 5721 eum
2085 5678 2157 5719 ex
2185 5661 2253 5720 iis
2280 5657 2530 5717 laudibus
2554 5654 2689 5713 nihil
2717 5651 2966 5710 utilitatis
2990 5645 3267 5722 percipere
3290 5642 3494 5701 licebit.
