4032 6440
563 400 665 457 58Ὶ

1320 392 1374 450 S.
1405 391 1692 450 JOANNIS
1722 391 2211 450 CHRYSOSTOMI
2248 392 2566 451 ARClllEP.
2610 389 3157 450 CONSTANTINOP.

3745 393 3839 448 388

1605 813 1770 889 [116]
1811 811 1892 873 lN
1935 812 2291 886 SEQUENS
2335 810 2810 874 OPUSCULUM

621 1048 742 1104 1am
771 1064 958 1120 supra,
992 1047 1135 1102 libro
1166 1062 1227 1112 ιι,
1261 1062 1412 1100 num.
1449 1045 1506 1110 6,
1549 1044 1979 1118 Chrysogtomus
2027 1059 2147 1100 mo-

557 1156 796 1209 nachum
831 1169 954 1209 cum
985 1166 1112 1223 rege
1145 1151 1229 1206 vel
1261 1152 1594 1222 imperatore
1625 1159 2028 1221 comparatum,
2054 1148 2148 1204 ilio

560 1259 979 1315 fortunatiorem
1004 1268 1058 1313 et
1079 1258 1440 1329 potentiorem
1466 1271 1586 1312 esse
1604 1257 1875 1326 probavit.
1904 1255 2147 1326 ldipsum

2253 1045 2419 1099 vitam
2453 1045 2709 1115 appellat,
2736 1045 2828 1101 dat
2853 1061 3097 1116 operam,
3127 1063 3250 1118 rege
3278 1050 3531 1107 ditiorem
3564 1063 3619 1108 et
3650 1065 3834 1124 poten-

2255 1154 2447 1209 tiorem
2474 1169 2615 1218 esse,
2665 1154 2718 1207 in
2760 1154 2903 1209 bello
2935 1154 3237 1223 lortiorem,
3282 1157 3603 1214 hominibus
3652 1161 3839 1216 deme-

2255 1258 2442 1313 rendis
2468 1275 2532 1312 ac
2555 1259 2817 1314 beneﬁcio
2834 1260 3100 1315 ornandis
3123 1262 3410 1332 aptiorem,
3442 1264 3495 1319 iu
3530 1265 3682 1319 obitu
3714 1267 3841 1320 hea-

558 1374 741 1420 autem
772 1365 827 1419 in
859 1364 966 1420 hoc
1003 1363 1269 1434 opusculo
1315 1370 1434 1417 toto
1473 1369 1904 1428 commonstrat;
1951 1375 2150 1431 nempe
2200 1378 2225 1392 ε
2256 1363 2631 1419 tiorem.Cum
2657 1365 2822 1435 igitur
2849 1365 3093 1435 ejusdem
3124 1369 3429 1438 argumenti
3466 1370 3538 1424 sit
3562 1370 3655 1425 hic
3682 1370 3839 1425 libel-

557 1486 683 1526 eum
714 1471 808 1541 qui
842 1469 1228 1541 philosophiae,
1259 1469 1340 1524 sic
1371 1469 1515 1523 enim
1556 1467 1758 1537 passim
1790 1465 2152 1523 monasticam

2267 1466 2353 1521 lus
2413 1477 2578 1538 atque
2620 1478 2730 1523 tres
2766 1468 3008 1539 priores,
3054 1478 3358 1540 opportune
3397 1481 3520 1543 post
3564 1474 3690 1529 illos
3729 1491 3840 1543 una

545 2051 996 2110 COMPARATIO
1033 2052 1440 2117 POTENTIE,
1484 2052 1894 2108 DIVITIARUM
1936 2052 2026 2108 ET
2067 2053 2579 2110 EXCELLENTIE
2634 2054 2873 2118 REGIS,
2915 2052 3061 2109 CUM
3103 2052 3439 2113 MONACIIO
3478 2057 3548 2112 lN
3588 2057 3832 2115 VERIS-

1351 2141 1515 2196 SlMA
1556 2141 1644 2196 ΕΤ
1675 2142 2099 2200 CllRlSTlANA
2143 2143 2620 2202 PHILOSOPHIA
2665 2144 3035 2204 VIVENTE‘.
3588 2161 3597 2168 ‘

644 2479 696 2532 l.
725 2476 838 2547 Ego
863 2491 985 2531 cum
1025 2476 1234 2531 intuear
1257 2491 1324 2532 ex
1365 2475 1670 2532 hominibus
1697 2476 2001 2546 complures
2026 2491 2147 2547 qua:

572 2568 708 2622 bona
745 2581 866 2622 esse
905 2566 1171 2631 videntur,
1200 2582 1263 2622 ea
1294 2567 1481 2638 majori
1507 2575 1564 2623 et
1605 2581 1790 2622 amore
1831 2576 1885 2622 et
1912 2566 2146 2622 admira-

568 2660 713 2714 tione
756 2658 987 2726 sectari,
1015 2674 1173 2728 quam
1219 2675 1339 2729 quae
1369 2671 1554 2714 natura
1602 2674 1666 2714 ac
1702 2658 1981 2715 verissime
2008 2660 2144 2715 bona

565 2760 690 2805 sunt
720 2765 736 2804 :
764 2749 1124 2805 necessarium
1151 2764 1271 2805 esse
1297 2766 1438 2817 reor,
1459 2750 1606 2805 brevi
1630 2751 1873 2807 oratione
1891 2751 1956 2806 dc
1988 2753 2145 2806 utris-

567 2858 674 2912 que
699 2841 787 2896 hic
813 2857 970 2913 agerc
989 2882 1008 2909 ,
1037 2851 1092 2897 et
1117 2856 1439 2911 componere
1468 2842 1605 2897 inter
1630 2857 1689 2897 se
1723 2852 1833 2899 tum
1855 2858 1972 2914 qua:
1990 2844 2146 2915 vulgo

569 2932 830 3002 neglectui
856 2940 1016 2997 sunt,
1052 2916 1181 2987 tum,
1198 2948 1318 3002 qua:
1363 2948 1553 3003 magno
1580 2934 1831 2990 mortales
1856 2934 2030 2990 studio
2056 2951 2145 2990 se-

570 3034 825 3094 quuntur,
848 3032 907 3079 ut
934 3032 1281 3094 utrorumque
1305 3024 1658 3079 dilferentiam
1681 3026 1875 3091 edocti,
1907 3027 1994 3081 illa
2024 3028 2144 3097 qui-

569 3116 689 3170 dem
720 3125 778 3171 ut
804 3115 940 3171 seria
967 3130 1031 3171 ac
1055 3115 1304 3170 salutaria
1332 3116 1506 3186 magni
1533 3115 1804 3181 faciamus,
1826 3116 1941 3172 hmo
1965 3126 2142 3172 autem

571 3217 838 3277 tamquam
860 3205 1010 3262 nihili
1030 3205 1337 3261 aestimanda
1364 3216 1708 3262 contemnere
1733 3207 2021 3263 discamus.
2048 3207 2146 3278 lgi-

573 3312 658 3355 tnr
683 3314 1007 3370 magnopere
1048 3308 1368 3368 expetuntur
1393 3299 1590 3354 divitia:
1614 3340 1630 3366 ,
1664 3300 1988 3371 principatus
2008 3342 2023 3368 ,
2049 3303 2147 3354 im-

574 3392 799 3462 perium,
830 3392 999 3461 gloria
1019 3433 1035 3458 ,
1064 3406 1128 3447 ac
1170 3392 1355 3447 beatos
1379 3392 1592 3463 quidem
1625 3394 1815 3464 vulgus
1844 3408 1939 3449 eos
1963 3393 2140 3457 ducit,

573 3484 661 3552 qui
705 3484 939 3554 gentium
968 3484 1236 3554 principes
1263 3493 1426 3551 sunt,
1454 3485 1543 3554 qui
1572 3484 1865 3554 splendidis
1890 3484 2147 3539 vehiculis

572 3574 834 3639 feruntur,
857 3574 945 3644 qui
970 3589 1272 3644 praeconum
1303 3573 1591 3629 clamorem
1621 3590 1684 3629 ac
1705 3574 2009 3629 satellitium
2034 3589 2145 3628 ma-

567 3682 729 3736 gnum
757 3677 1133 3737 assequuntur.
1163 3667 1359 3722 Contra
1388 3665 1881 3737 philosophantium
1910 3667 2015 3721 vita
2045 3709 2059 3733 ,
2092 3674 2147 3722 et

564 3774 747 3815 eorum
775 3760 862 3830 qui
890 3761 1237 3815 monasticum
1268 3761 1565 3816 institutum
1586 3761 1927 3830 delegerunt,
1956 3758 2141 3830 despi-

567 3853 754 3907 cabilis
780 3860 862 3907 est
889 3869 903 3906 :
929 3861 1091 3923 atque
1115 3852 1193 3906 illi
1221 3851 1434 3921 quidem
1467 3851 1593 3906 dum
1613 3853 1755 3906 foras
1778 3851 2143 3922 prodeunt,ad

564 3959 685 4000 sese
722 3943 1052 3998 contuendos
1080 3942 1333 4012 papulum
1360 3942 1532 4012 ipsum
1578 3950 1935 3997 convertunt:
1965 3942 2019 3997 hi
2044 3958 2144 3997 au-

564 4043 670 4089 tem
696 4031 862 4087 sicubi
898 4032 1258 4102 apparuerint,
1289 4032 1484 4086 nullius
1508 4032 1713 4100 oculos,
1744 4041 1835 4088 aut
1864 4042 2007 4089 certe
2025 4049 2147 4104 per-

566 4140 853 4192 paucorum
879 4166 893 4189 ,
925 4124 990 4179 ad
1020 4124 1099 4179 sui
1130 4124 1488 4194 spectaculum
1515 4124 1733 4179 trahunt
1765 4143 1777 4179 :
1808 4135 1862 4180 et
1885 4138 2142 4196 prtcterea

566 4214 759 4270 horum
786 4214 962 4270 nullus
990 4216 1182 4270 similis
1219 4230 1340 4271 esse
1368 4217 1744 4286 concupiscat,
1776 4216 1985 4271 illorum
2014 4233 2145 4275 vero

563 4323 770 4363 omnes.
822 4308 1152 4380 Quamquam
1184 4309 1537 4379 principatum
1566 4324 1827 4379 quaerere,
1850 4311 2021 4380 gentis
2046 4311 2143 4364 ali-

564 4400 716 4468 cujus
744 4399 970 4468 imperio
992 4400 1173 4469 potiri,
1190 4400 1411 4454 arduum
1431 4415 1561 4455 sane
1585 4415 1647 4454 ac
1666 4416 1821 4471 supra
1848 4401 2141 4473 vulgarium

566 4486 841 4540 hominum
866 4487 1027 4553 vires,
1060 4503 1122 4541 ac
1160 4503 1386 4556 quorum
1414 4489 1620 4544 animos
1648 4489 1852 4559 imperii
1883 4506 2034 4546 amor
2061 4492 2145 4546 ln-

568 4579 749 4645 cessit,
784 4579 848 4632 iis
901 4595 1087 4649 magna
1130 4581 1354 4648 pecunia
1402 4595 1579 4650 opus:
1619 4583 1963 4641 monasticam
2014 4600 2143 4641 vero

569 4668 729 4721 vitam
775 4667 998 4738 eligere,
1042 4668 1134 4723 Dei
1183 4669 1345 4723 cultui
1393 4670 1553 4723 vitam
1608 4686 1757 4725 suam
1814 4675 2139 4746 mancipare,

566 4772 715 4827 atque
732 4758 977 4813 omnibus
1006 4758 1239 4829 proclive
1265 4774 1327 4813 ac
1342 4757 1515 4815 facile.
1537 4760 1687 4816 Adde
1712 4763 1852 4833 quod
1880 4766 2143 4835 principa-

562 4859 649 4904 tus
688 4850 958 4919 possessio
986 4865 1088 4904 una
1127 4865 1248 4905 cum
1280 4851 1384 4905 vita
1430 4851 1532 4906 hac
1557 4852 1789 4921 desinit,
1817 4870 1914 4911 seu
1956 4859 2134 4913 verius

562 4940 770 5007 dicam,
816 4940 968 4994 vivos
1013 4941 1140 4995 item
1192 4941 1274 4996 sui
1331 4951 1597 4999 amatores
1644 4943 1883 5000 destituit
1923 4965 1936 4999 :
1981 4955 2148 5016 atque.

568 5033 729 5087 etiam
776 5030 969 5085 multos
1021 5031 1074 5085 in
1103 5033 1429 5101 periculum,
1476 5035 1559 5088 vel
1604 5044 1749 5091 certe
1789 5051 2032 5107 magnam
2087 5038 2139 5093 in

563 5123 909 5195 ignominiam
930 5122 1182 5194 conjecit.
1214 5127 1284 5179 At
1312 5126 1599 5181 monastica
1624 5126 1730 5181 vita
1753 5127 1929 5198 justos
1950 5128 2142 5183 hicho-

559 5215 644 5269 nis
669 5214 849 5269 multis
889 5228 1010 5268 cum
1050 5215 1363 5285 repleverit,
1396 5232 1426 5271 a
1474 5218 1598 5271 vitae
1636 5219 1778 5272 exitu
1815 5228 2032 5274 ornatos
2077 5235 2140 5276 ac

561 5305 755 5361 hilares
783 5303 850 5360 ad
903 5305 994 5361 Dei
1051 5313 1106 5361 et
1122 5302 1304 5362 Patris
1348 5309 1370 5340 ⁸
1403 5307 1635 5362 tribunal
1677 5309 1842 5377 ducit,
1871 5325 1976 5381 quo
2005 5320 2140 5365 tem-

563 5411 688 5463 pore
716 5413 901 5455 eorum
927 5400 1016 5469 qui
1044 5399 1270 5468 imperio
1300 5400 1460 5454 l'uncti
1487 5400 1682 5456 fuerint
1712 5402 1902 5458 bonam
1929 5413 2136 5473 partem

559 5500 778 5561 magnas
805 5500 1141 5560 peccatorum
1171 5491 1226 5547 in
1269 5491 1376 5546 vita
1401 5491 1751 5550 admissorum
1780 5511 1962 5566 poenas
1992 5497 2137 5553 luere

622 5707 641 5739 ⁸
673 5708 849 5758 Collata
867 5724 975 5760 cum
997 5709 1105 5761 eod.
1129 5710 1319 5761 coislin.
1344 5711 1456 5763 242.

619 5765 647 5800 ³
675 5767 1032 5834 αἰδὶῐιι.1ιειιιθι,
1050 5780 1139 5824 De:
1159 5779 1204 5825 et
1224 5772 1492 5825 salvatoris.

2253 2480 2454 2537 videas.
2487 2484 2600 2553 Age
2627 2484 2804 2552 itaque
2828 2484 3168 2535 conferentes
3197 2487 3339 2535 inter
3374 2493 3432 2532 se
3454 2486 3565 2531 tum
3594 2477 3832 2547 philoso-

2252 2574 2395 2645 phiae
2424 2576 2580 2641 bona,
2617 2583 2728 2630 tum
2763 2590 2824 2630 ea
2856 2589 2977 2645 quae
3023 2574 3078 2628 in
3124 2572 3225 2627 hac
3258 2572 3366 2625 vita
3414 2569 3736 2640 principatus
3764 2584 3837 2624 ac

2251 2668 2434 2739 gloriae
2463 2668 2603 2723 bona
2632 2682 2751 2723 esse
2769 2667 3032 2734 videntur,
3058 2673 3405 2735 utrorumque
3427 2664 3685 2719 bonorum
3711 2661 3835 2717 dis-

2252 2760 2583 2830 crepantiam
2623 2760 2990 2830 perdiscamus
3027 2776 3042 2813 :
3071 2758 3148 2813 sic
3176 2757 3318 2812 enim
3347 2756 3537 2810 collata
3561 2752 3839 2824 apertiora

2252 2850 2381 2905 ﬁent
2411 2867 2425 2904 :
2454 2850 2579 2921 quin
2606 2850 2804 2921 potius,
2836 2850 2881 2904 si
2912 2848 3116 2919 placet,
3166 2848 3338 2916 ipsum
3387 2847 3639 2900 bonorum
3679 2843 3838 2898 fasti-

2250 2943 2396 3012 gium
2424 2958 2646 3013 regnum
2676 2942 2932 3012 intelligo,
2948 2956 3069 2996 cum
3085 2938 3417 3011 philosophia
3435 2943 3830 3006 comparantes,

2252 3034 2528 3105 utriusque
2547 3034 2900 3105 possessionis
2928 3034 3127 3089 fructus
3144 3031 3583 3100 contemplemur,
3595 3027 3836 3098 diligen-

2253 3134 2336 3181 ter
2360 3126 2539 3182 edocti
2564 3167 2578 3193 ,
2626 3124 2820 3196 quibus
2846 3137 3033 3180 rursus
3061 3121 3410 3193 philosOphus
3441 3121 3678 3189 imperet.
3705 3117 3835 3173 Rex

2250 3217 2412 3288 igitur
2437 3217 2669 3284 urbium,
2696 3216 2997 3286 regionum,
3020 3223 3129 3269 tum
3157 3212 3440 3267 multarum
3470 3208 3694 3279 gentium
3715 3208 3835 3262 im-

2252 3309 2456 3378 perium
2480 3308 2637 3379 gerit,
2667 3306 2951 3377 magistros
2993 3305 3214 3359 militum
3239 3345 3254 3368 ,
3283 3300 3563 3372 prrefectos
3580 3341 3593 3365 ,
3614 3300 3833 3354 exerci-

2251 3408 2358 3465 tus,
2378 3399 2617 3468 populos,
2635 3408 2875 3464 senatus,
2906 3410 3005 3451 suo
3033 3396 3190 3450 unius
3214 3403 3345 3449 nutu
3364 3406 3551 3463 regens
3580 3408 3593 3447 τ
3619 3398 3673 3443 at
3692 3404 3834 3444 vero

2250 3491 2340 3559 qui
2386 3506 2446 3546 se
2474 3491 2591 3561 ipse
2616 3498 2785 3545 totum
2814 3490 2926 3543 Deo
2947 3487 3111 3552 dedit,
3125 3486 3518 3555 solitariamque
3534 3489 3691 3538 Vitam
3709 3481 3833 3536 ele—

2248 3583 2370 3653 git,
2418 3582 2542 3646 irae,
2593 3580 2841 3645 invidiae,
2871 3579 3143 3643 avaritiae,
3177 3576 3468 3647 voluptati,
3511 3573 3830 3643 ueterisque

2249 3672 2414 3727 animi
2443 3671 2645 3727 morbis
2670 3673 2916 3741 imperat,
2936 3668 3149 3724 assidue
3171 3667 3446 3737 speculans
3470 3680 3533 3720 ac
3559 3662 3830 3718 meditans

2250 3778 2535 3833 quemnam
2586 3763 2638 3815 in
2689 3761 2905 3817 modum
2939 3776 3043 3816 non
3071 3760 3408 3825 committat,
3436 3765 3495 3811 ut
3521 3770 3670 3810 suum
3703 3757 3827 3809 ani-

2250 3868 2394 3907 mum
2433 3852 2702 3908 obscoenis
2742 3850 3025 3906 affectibus
3072 3849 3340 3918 subjiciat,
3385 3862 3486 3903 neu
3514 3861 3705 3901 amara:
3728 3854 3817 3915 ty-

2249 3943 2457 3999 rannidi
2512 3943 2650 3996 ratio
2695 3942 2990 4008 inserviat,
3058 3939 3153 3995 sed
3207 3953 3365 4009 supra
3416 3953 3504 3992 res
3565 3935 3818 3990 humanas

2249 4050 2438 4091 omnes
2467 4034 2846 4104 cogitationem
2896 4047 3112 4103 semper
3139 4042 3371 4086 erectam
3400 4030 3606 4093 habeat,
3639 4027 3725 4081 Dei
3756 4028 3827 4081 tio

2251 4142 2454 4181 morem
2494 4126 2659 4179 animi
2697 4124 2898 4179 morbis
2947 4122 3260 4194 praeticiens.
3303 4118 3614 4191 Hujusmodi
3659 4117 3828 4186 igitur

2250 4218 2532 4287 imperium
2562 4233 2678 4284 rex,
2713 4215 3018 4286 hujusmodi
3062 4215 3189 4268 item
3239 4212 3588 4282 principatum
3631 4222 3827 4262 mona-

2246 4309 2382 4363 chus
2419 4309 2644 4379 adeptus
2666 4316 2782 4362 est:
2816 4316 2873 4362 ut
2895 4306 3090 4376 justius
3115 4303 3328 4374 quidem
3361 4303 3500 4356 lumc
3526 4315 3698 4369 regem
3726 4314 3830 4354 vo—

2246 4414 2356 4466 ces,
2390 4415 2545 4469 quam
2573 4414 2695 4454 eum
2728 4398 2817 4468 qui
2849 4412 3077 4467 purpura
3115 4396 3330 4451 indutus
3353 4409 3416 4450 ac
3442 4408 3635 4448 corona
3661 4407 3831 4447 orna-

2247 4500 2332 4546 tus
2356 4491 2698 4561 splendescit,
2734 4490 2927 4545 throno
2961 4490 3013 4544 in
3042 4504 3207 4543 aureo
3234 4488 3445 4542 sedens.

2314 4581 2373 4634 2.
2400 4583 2524 4649 Quis
2548 4584 2746 4635 demum
2770 4598 2883 4635 vere
2899 4596 2988 4634 rex
3013 4578 3276 4633 dicendus.
3302 4608 3374 4618 —
3390 4576 3519 4631 Nam
3542 4575 3586 4629 is
3606 4574 3835 4630 demum

2247 4686 2371 4726 vere
2396 4686 2488 4725 rex
2519 4679 2620 4735 est,
2649 4670 2739 4740 qui
2772 4671 2926 4735 iram,
2960 4670 3050 4739 qui
3078 4668 3350 4733 invidiam,
3380 4666 3468 4736 qui
3493 4665 3831 4733 voluptatem

2244 4762 2497 4817 cohibens
2518 4803 2534 4829 ,
2561 4763 2739 4817 omnia
2764 4762 2863 4816 sub
2893 4762 2982 4815 Dei
3024 4747 3139 4830 lege
3173 4760 3301 4830 agit,
3332 4767 3560 4813 mentem
3598 4757 3835 4811 liberam

2244 4867 2502 4918 servans,
2551 4868 2723 4923 neque
2766 4853 2973 4923 patiens
3017 4851 3347 4920 voluptatum
3404 4846 3834 4902 dominationem

2245 4946 2424 4999 animo
2450 4960 2546 4999 suo
2584 4945 2908 5014 imperitare.
2945 4941 3128 4997 Talem
3175 4940 3418 5011 equidem
3446 4954 3621 5008 regem
3651 4938 3837 4992 libens

2241 5036 2478 5092 viderem
2503 5047 2556 5092 et
2582 5046 2758 5102 terrae,
2788 5045 2841 5091 et
2874 5035 3029 5102 mari,
3056 5043 3113 5089 et
3145 5030 3466 5097 civitatibus,
3507 5039 3562 5085 et
3589 5030 3831 5100 populis,

2242 5140 2297 5185 et
2340 5130 2662 5185 exercitibus
2716 5129 2837 5199 jura
2890 5127 3125 5182 dantem.
3178 5124 3427 5192 Quisquis
3472 5120 3610 5177 enim
3655 5121 3833 5174 animi

2241 5220 2516 5275 affectibus
2559 5220 2818 5274 rationem
2861 5217 3170 5286 magistram
3213 5212 3529 5284 praefecerit,
3571 5211 3614 5264 is
3655 5224 3835 5279 parvo

2240 5310 2525 5365 admodum
2553 5310 2765 5381 negotio
2792 5318 2845 5364 et
2864 5308 3167 5364 hominibus
3194 5322 3297 5362 una
3321 5320 3441 5359 cum
3469 5302 3658 5357 divinis
3685 5301 3834 5369 legi-

2239 5403 2338 5457 bus
2385 5403 2578 5472 praeﬁci
2630 5401 2817 5471 possit,
2863 5410 2921 5455 ut
2959 5399 3203 5455 eumdem
3251 5398 3418 5469 patris
3461 5395 3579 5449 loco
3619 5391 3833 5447 subditi

2241 5493 2489 5560 habeant,
2521 5508 2638 5548 cum
2665 5493 2810 5547 onmi
2836 5490 3244 5547 mansuetudine
3266 5487 3570 5544 civitatibus
3592 5498 3835 5539 consue-

2240 5586 2434 5642 tudinis
2460 5600 2570 5640 suze
2612 5585 2818 5654 capiam
2863 5583 3161 5637 facientem.
3203 5579 3304 5647 Qui
3345 5593 3473 5633 vero
3515 5572 3835 5630 hominibus

2238 5679 2502 5747 imperare
2527 5691 2647 5731 cum
2677 5676 2947 5740 videatur,
2976 5675 3069 5728 ira:
3095 5683 3302 5737 tamen,
3334 5667 3628 5731 ambitioni,
3658 5665 3835 5719 volu-

2242 5768 2471 5842 ptatibus
2512 5768 2698 5835 servit,
2739 5766 2828 5823 hic
2873 5767 3100 5838 primum
3140 5762 3366 5821 subditis
3408 5759 3518 5817 suis
3563 5755 3832 5815 ridiculus
