4032 6406
442 363 573 417 Ἑὸὓ

461 478 600 544 ﬁam
634 474 701 529 ἂν
740 474 849 536 τοῖς
875 469 1221 543 ἀρχομένοις,
1246 468 1328 521 ὅτι
1356 464 1619 533 στέφανον
1670 461 1769 533 μὲν
1802 459 1961 529 φορεῖ
1988 454 2133 509 λιθο-

462 571 712 639 κόλλητον
756 551 1141 641 καῖ’χρυσοῦν,
1167 562 1488 636 σωφροσύνῃ
1514 561 1572 614 δέ
1606 560 1706 613 οὐκ
1740 556 2133 627 ἐστεφάνωται,

460 673 549 724 καὶ
574 669 852 740 ἁλουργίδι
890 667 987 738 μὲν
1008 666 1127 720 ὅλον
1160 662 1222 717 τδ
1241 662 1403 733 σῶμα
1429 661 1706 731 λάμπεται
1722 699 1737 724 ,
1755 657 1854 729 τὴν
1887 655 1942 709 δέ
1958 653 2139 725 ψυχήν

460 767 764 837 ἀκόσμητον
792 764 927 836 ἔχει.
947 764 1176 817 Ἔπειτα
1189 760 1245 813 δὲ
1261 760 1381 813 οὐδέ
1400 760 1549 821 ὅπως
1576 753 2020 826 μεταχειρίσαιτο
2039 751 2139 822 τὴν

462 861 632 933 ἀρχὴν
661 860 1015 931 ἐπιστήσεται
1039 875 1052 888 ο
1099 858 1128 910 6
1153 854 1262 926 7&9
1292 851 1490 909 ἐαυτοῦ
1531 850 1606 923 μὴ
1642 848 1895 921 δυνηθεὶς
1923 848 2135 919 ἄρχειν,

464 960 576 1024 πῶς
614 958 680 1014 ἂν
723 959 945 1031 ἐτέρους
987 956 1239 1029 δυνηθείη
1283 953 1635 1009 κατευθύνειν
1674 954 1789 1015 τοῖς
1830 949 2046 1022 νόμοις;
2073 950 2137 1004 Εἰ

460 1059 514 1112 δέ
542 1056 722 1128 βούλει
749 1056 845 1111 καὶ
871 1056 964 1108 τὸν
1007 1054 1245 1125 πόλεμον
1279 1051 1562 1123 ἑκατέρων
1587 1050 1736 1110 ίδεῖν.
1764 1047 2019 1119 εὑρήσεις
2046 1045 2138 1099 τδν

464 1155 562 1227 μιν
598 1153 818 1225 δαίμοσι
845 1151 1166 1224 ’μαχόμενον
1188 1150 1288 1204 καὶ
1314 1147 1622 1221 κρατοῦντα
1659 1145 1755 1200 καὶ
1779 1143 2016 1199 νικῶντα
2043 1142 2139 1196 καὶ

463 1252 566 1307 ὑπὸ
586 1252 681 1307 τοῦ
713 1249 954 1324 Χριστοῦ
991 1247 1422 1321 στεφανούμενον
1446 1263 1459 1277 ·
1502 1245 1643 1319 μετά
1682 1243 1792 1316 7&9
1839 1244 1940 1313 τῆς
1988 1239 2139 1304 θείας

464 1348 639 1421 ῥοπῆς
667 1348 762 1401 ἐπὶ
781 1347 874 1401 τὸν
895 1346 1133 1417 πόλεμον
1176 1345 1419 1418 ἔρχεται,
1445 1341 1721 1415 οὐρανίοις
1747 1336 2139 1409 πεφραγμένος

462 1444 665 1507 ὅπλοις,
708 1441 851 1496 ὥστε
895 1442 1107 1513 ἀνάγκη
1142 1440 1332 1494 τούτου
1365 1437 1621 1508 γενέσθαι
1649 1433 1803 1508 [118]
1826 1433 1889 1486 τὸ
1911 1432 2134 1504 κράτος·

461 1541 550 1594 τὸν
568 1540 625 1594 δὲ
643 1539 866 1610 βασιλέα
898 1538 1199 1610 βαρϐάροις
1231 1536 1563 1608 μαχόμενον.
1596 1534 1745 1604 Ὀσῳ
1789 1531 1849 1585 δέ
1888 1530 1998 1585 τῶν
2041 1530 2139 1583 ἀν-

462 1639 695 1710 θρώπων
733 1640 783 1692 οἰ
822 1637 1075 1708 δαίμονες
1092 1634 1479 1706 φοϐερώτεροι,
1503 1631 1742 1701 τοσούτῳ
1762 1628 2140 1700 λαμπρότερος

461 1737 488 1787 6
515 1734 721 1789 τούτων
754 1732 973 1806 κρατῶν
1005 1732 1100 1786 τοῦ
1143 1729 1404 1794 νικῶντος
1437 1727 1702 1790 ἐκείνους.
1732 1726 1797 1779 Εἰ
1827 1724 1884 1778 δὲ
1916 1725 2013 1778 καὶ
2039 1722 2139 1794 τὴν

461 1830 640 1885 αἰτίαν
662 1830 924 1902 ἐκατέρου
947 1827 1182 1899 πολέμου
1196 1826 1533 1898 καταμαθεῖν
1557 1822 1895 1896 βουληθείης,
1920 1820 2053 1875 πολὺ
2079 1821 2140 1874 τδ

461 1928 561 1980 οὐκ
592 1928 706 1981 ῖσον
734 1939 760 1968 ι
790 1927 1067 1999 εὑρήσεις.
1096 1925 1155 1979 '0
1179 1923 1278 1995 μὲν
1302 1922 1411 1995 7&9
1435 1922 1577 1993 ὑπὲρ
1605 1918 1889 1982 εὐσεϐείας
1917 1918 2011 1972 καὶ
2042 1916 2142 1987 τῆς

467 2022 563 2076 τοῦ
596 2021 732 2076 Θεοῦ
751 2020 1008 2093 λατρείας
1032 2021 1260 2091 πολεμεῖ
1280 2020 1392 2083 τοῖς
1415 2017 1684 2088 δαίμοσιν,
1708 2015 1744 2088 ἢ
1766 2015 1950 2077 πόλεις
1980 2012 2013 2084 ἢ
2041 2010 2142 2065 κώ-

467 2135 573 2188 μας
603 2119 667 2169 ἐκ
691 2117 790 2187 τῆς
808 2115 1015 2186 πλάνης
1047 2113 1354 2185 ἐξαρπάσαι
1386 2111 1588 2165 ποθῶψ
1606 2112 1636 2165 6
1662 2110 1719 2164 δέ
1752 2109 1984 2181 μάχεται
2015 2105 2144 2179 βαρ-

464 2214 654 2285 ϐάροις
686 2213 828 2285 ὑπὲρ
851 2213 1030 2275 τόπων
1059 2210 1092 2283 ἢ
1126 2211 1315 2283 ὄρωνῆ
1343 2209 1644 2282 χρημάτων
1676 2203 2141 2278 ἀρπασθέντων,ἢ

465 2308 778 2375 πλεονεξίας
805 2310 898 2363 καὶ
922 2307 1123 2379 ἔρωτος
1147 2307 1322 2379 ἀρχῆς
1358 2305 1544 2360 ἀδίκου
1587 2300 2017 2376 παρακαλούσης
2049 2299 2145 2353 ἐπὶ

463 2405 561 2476 τήν
595 2405 777 2476 μάχην
797 2421 811 2436 ·
835 2402 964 2457 ἔνθα
990 2403 1053 2475 δὴ
1084 2401 1272 2456 πολλοὶ
1306 2400 1568 2464 πολλάκις
1586 2399 1847 2471 βασιλεῖς,
1881 2396 1990 2450 τῶν
2022 2412 2144 2466 μει-

465 2498 636 2564 ζόνων
672 2499 1129 2571 ἐπιθυμήσαντες,
1164 2499 1261 2552 καὶ
1292 2497 1361 2551 τά
1402 2497 1647 2569 παρόντα
1687 2492 2141 2567 προσαπώλεσαν.

477 2595 540 2649 Ἦ
569 2594 671 2663 μὲν
693 2590 787 2649 οὖν
813 2593 956 2666 ἀρχὴ
986 2594 1080 2648 καὶ
1099 2594 1148 2648 οί
1179 2592 1406 2663 πόλεμοι
1427 2591 1682 2647 τοσοῦτον
1702 2587 1946 2660 ἀλλήλων
1965 2584 2147 2654 διαφέ-

467 2710 660 2766 ροντας
684 2692 893 2756 ἔδειξαν
919 2692 1015 2747 τόν
1050 2708 1112 2747 τε
1142 2690 1390 2762 βασιλέα,
1439 2690 1535 2743 καὶ
1567 2689 1661 2742 τὸν
1681 2685 2058 2740 ἐσπουδακότα
2079 2683 2143 2751 τῇ

467 2789 560 2843 τοῦ
582 2788 719 2842 Θεοῦ
752 2787 980 2859 λατρεία
1000 2788 1191 2858 συζῇνο
1217 2785 1374 2856 γνοίη
1400 2784 1445 2838 δ’
1467 2784 1532 2839 ἀν
1563 2800 1649 2846 τις
1666 2781 1862 2846 αὐτοὺς
1879 2778 2143 2851 ἀκριϐῶς,

466 2887 560 2940 τὸν
578 2884 691 2956 βίον
708 2884 970 2956 ἐκατέρου
986 2882 1083 2937 καὶ
1109 2881 1210 2947 τάς
1238 2882 1467 2952 πράξεις
1482 2879 1581 2944 τὰς
1604 2878 1734 2951 παρ’
1768 2877 1979 2949 ἡμέραν
2017 2892 2147 2929 σκο-

469 2980 611 3035 πῶν.
628 2980 793 3053 Εὕροι
808 2980 918 3051 γὰρ
957 2978 1023 3034 ἂν
1048 2978 1125 3043 ὡς
1146 2978 1362 3051 ἀληθῶς
1381 2977 1472 3031 τὸν
1501 2977 1601 3048 μὲν
1622 2974 1917 3047 ὁμιλοῦντα
1938 2972 2149 3044 προφή-

424 3062 429 3067 ’
468 3094 613 3145 ταις,
640 3077 736 3130 καὶ
750 3080 817 3149 τῇ
846 3075 941 3131 τοῦ
964 3075 1178 3130 Παύλου
1201 3074 1362 3146 σοφίᾳ
1376 3073 1474 3145 τὴν
1502 3072 1680 3145 ψυχήν
1713 3071 2144 3136 καλλωπίζοντα,

470 3175 563 3226 καὶ
591 3172 989 3245 μεταπηδῶντα
1017 3172 1256 3243 συνεχῶς
1283 3171 1411 3231 ἀπὸ,
1418 3169 1520 3242 μὲν
1542 3169 1788 3234 Μωσέως
1814 3169 1951 3243 πρὸς
1982 3169 2149 3222 Ἠσαο

464 3273 578 3335 ἳαν,
610 3272 718 3325 ἀπὸ
754 3271 813 3325 δέ
846 3271 1038 3326 τούτου
1084 3271 1223 3345 πρὸς
1256 3270 1533 3342 Ἰωάννην,
1566 3268 1674 3322 ἀπὸ
1700 3268 1759 3322 δὲ
1792 3267 1985 3322 τούτου
2010 3266 2149 3338 πρὸς

469 3368 677 3441 ἕτερον’
706 3368 800 3422 τὸν
824 3367 1051 3439 βασιλέα
1067 3368 1124 3421 δέ
1147 3366 1385 3438 συνεχῶς
1405 3364 1699 3437 ὁμιλοῦντα
1726 3363 2037 3438 ταξιάρχοις
2056 3366 2150 3420 καὶ

468 3466 735 3537 ὑπάρχοις
789 3465 886 3518 καὶ
918 3463 1268 3535 δορυφόροιςο
1299 3459 1383 3527 οἷς
1430 3463 1489 3517 δέ
1533 3480 1620 3526 τις
1663 3461 1843 3533 ὁμιλεῖ
1883 3460 2145 3532 συνεχῶς,

470 3559 682 3623 τούτοις
729 3558 1091 3629 ἀφομοιοῦται
1136 3556 1199 3612 τὸ
1241 3554 1390 3629 ἦθος.
1441 3556 1655 3610 Οὐκοῦν
1691 3559 1721 3610 6
1765 3556 1866 3626 μὲν
1899 3554 2149 3627 μονάζων

471 3656 609 3728 πρὸς
643 3657 712 3710 τά
734 3655 842 3709 τῶν
872 3654 1188 3709 ἀποστόλων
1209 3654 1303 3709 καὶ
1340 3653 1638 3725 προφητῶν
1675 3653 1780 3725 ήθη
1814 3652 2148 3709 ἐκτυποῦται

470 3753 569 3825 τὴν
598 3741 845 3824 γνώμην,
880 3754 910 3805 6
941 3751 999 3805 δὲ
1025 3749 1280 3821 βασιλεὺς
1302 3750 1442 3822 πρὸς
1471 3750 1543 3805 τὰ
1572 3750 1681 3805 τῶν
1706 3750 2031 3823 στρατηγῶν
2054 3752 2150 3805 καὶ

469 3850 786 3921 δορυφόρων
810 3851 904 3905 καὶ
923 3848 1414 3914 ὑπασπιστῶν,ἀνθ
1422 3848 1620 3921 ρώπων
1636 3848 1766 3921 οἴνῳ
1786 3849 2150 3904 δουλευόντων

471 3947 563 3998 καὶ
598 3945 814 4016 ἡδοναῖς
841 3944 1242 4017 χαριζομένων,
1263 3945 1358 4003 καὶ
1386 3946 1447 4000 τὸ
1474 3945 1634 3999 πλέον
1658 3946 1761 4017 τῆς
1795 3947 2013 4019 ἡμέρας
2034 3946 2151 4000 δια-

470 4040 767 4113 τριϐόντων
796 4042 854 4097 ἐν
884 4041 1053 4113 πότῳ,
1093 4041 1249 4096 οὐδὲν
1278 4042 1494 4115 καίριον
1520 4041 1553 4113 ἢ
1581 4042 1745 4098 καλὸν
1776 4042 1866 4097 διά
1888 4042 1979 4096 τὸν
2007 4039 2148 4098 οἶνον

470 4137 868 4209 ἐπισταμένων.
910 4139 1094 4205 Οὕτως
1119 4140 1226 4212 ἄρα
1259 4140 1353 4194 καὶ
1372 4139 1465 4194 διά
1487 4138 1644 4195 τοῦτο
1669 4122 1777 4196 τὸν’
1793 4140 2003 4212 μονήρη
2035 4139 2149 4211 βίον

470 4236 741 4307 προσήκει
761 4236 1087 4309 μακαρίζειν
1120 4237 1322 4309 μᾶλλον
1349 4236 1498 4309 ἢτὸν
1517 4239 1576 4292 ἐν
1608 4237 1897 4310 δυναστείᾳ
1924 4236 2020 4291 καί
2046 4237 2147 4309 βας

474 4331 649 4404 σιλείᾳ
670 4331 761 4386 καὶ
796 4333 1118 4406 σκήπτροις.

540 4433 615 4495 γ’.
646 4429 712 4480 Εἰ
746 4428 803 4481 δὲ
832 4430 928 4484 καὶ
966 4430 1069 4501 τῆς
1091 4430 1283 4494 νυκτὸς
1310 4431 1402 4485 τδν
1424 4431 1616 4502 χρόνον
1642 4429 1916 4495 ἐξετάζειν
1953 4428 2149 4503 βουλη-

471 4521 718 4594 θείημεν,
767 4523 860 4580 τόν
887 4526 1122 4597 μοναχὸν
1154 4526 1252 4596 μὲν
1268 4525 1513 4596 ὀψόμεθα
1539 4529 1603 4596 τῇ
1635 4524 1727 4580 τοῦ
1757 4525 1892 4581 Θεοῦ
1920 4526 2148 4598 λατρεία

470 4621 566 4674 καὶ
582 4621 702 4685 ταῖς
730 4622 918 4693 εὐχαῖς
940 4622 1336 4694 κοσμούμενον,
1369 4622 1505 4676 πολῦ
1527 4622 1788 4695 πρότερον
1810 4622 2007 4694 ᾅδοντα
2036 4622 2146 4677 τῶν

468 4717 718 4790 ὀρνίθων,
752 4718 1005 4789 ἀγγέλοις
1029 4718 1475 4791 συμϐιοτεύοντα,
1493 4719 1613 4791 Θεῷ
1636 4719 2018 4788 συλλαλοῦντα,
2035 4720 2146 4778 τῶν

469 4813 738 4886 οὐρανίων
765 4816 986 4885 ἀγαθῶν
1035 4816 1411 4872 ἀπολαύονταο
1440 4817 1532 4872 τὸν
1588 4817 1646 4871 δὲ
1686 4817 1900 4882 πολλοῖς
1934 4818 2145 4873 ἔθνεσιν

467 4911 811 4983 ἐφεστηκότα
838 4914 933 4968 καὶ
946 4915 1009 4987 δή
1020 4932 1141 4987 μοις
1157 4917 1252 4971 καὶ
1279 4916 1683 4988 στρατοπέδοις,
1713 4920 1807 4973 καὶ
1826 4917 2026 4989 πολλῆς
2044 4918 2165 4989 μὲν.

465 5009 591 5080 γῆς,
617 5009 823 5082 πολλῆς
842 5010 898 5065 δὲ
927 5012 1168 5085 ἄρχοντα
1181 5013 1473 5085 θαλάττης,
1506 5013 1601 5067 ἐπὶ
1626 5014 1726 5085 τῆς
1740 5013 1929 5085 κλίνης
1949 5014 2157 5097 ἀνατεέ

464 5106 701 5178 ταμένον
746 5108 845 5164 καὶ
882 5109 1170 5181 ρέγχοντα.
1211 5112 1323 5165 Καὶ
1352 5112 1561 5175 ἐκεῖνος
1594 5111 1692 5182 μέν
1730 5110 1840 5182 7&9
1865 5109 2143 5175 τοσούτοις

464 5205 721 5277 τρέφεται
772 5207 980 5272 σιτίοις,
1011 5207 1111 5260 ὅσα
1152 5208 1255 5261 οὐκ
1293 5208 1359 5261 ἂν
1398 5208 1727 5280 ἀπαιτήσειε
1776 5207 1870 5262 τὸν
1906 5209 2143 5279 μοναχὸν

466 5299 632 5355 ὕπνον
660 5300 827 5372 βαθύν
846 5319 860 5332 ·
885 5302 978 5357 τὸν
1004 5302 1061 5356 δέ
1099 5304 1133 5375 ή
1176 5304 1355 5376 τρυφὴ
1388 5302 1771 5375 κατακοιμίζει
1813 5306 1952 5359 καὶὸ
1981 5304 2142 5367 πότος

470 5396 895 5472 μέχριςήμέρας
909 5399 1084 5470 αὐτῆς
1117 5402 1175 5454 ἐν
1200 5403 1265 5472 τῇ
1302 5399 1462 5473 κλίνῃ
1497 5400 1764 5470 κατέχων.
1784 5400 1941 5454 Ἐστι
1962 5399 2140 5455 τοίνυν

462 5495 539 5565 τερ
553 5495 651 5566 μέν
673 5497 890 5569 μοναχῷ
903 5500 997 5551 καί⁹
1012 5498 1295 5569 ἀμπεχόνη
1308 5498 1400 5551 καὶ
1414 5497 1661 5568 τράπεζα
1677 5497 1894 5569 μετρία,
1907 5502 2001 5551 καὶ
2019 5495 2081 5549 σύ
2090 5513 2142 5549 σ·

463 5608 600 5648 σιτοι
615 5594 717 5666 τῆς
743 5597 911 5668 αὐτῆς
931 5598 1135 5668 ἀρετῆς
1160 5596 1417 5668 ἀθληταί’
1439 5595 1532 5648 τὸν
1549 5594 1774 5666 βασιλέα
1797 5596 1855 5649 δὲ
1888 5595 2059 5659 λίθοις
2076 5610 2138 5647 τε

522 5773 547 5801 ⁸
566 5769 715 5821 CoisL
739 5772 805 5850 τό
1040 5775 1154 5850 ξονς.
1174 5775 1304 5849 παρὰ
1323 5773 1445 5850 πολύ
1463 5773 1553 5850 οὐχ
1583 5773 1799 5850 εὑρήσεις
1816 5773 1875 5850 τὸ
1895 5773 2021 5849 ἶσον,
2046 5785 2133 5845 e9-

461 5831 574 5881 dem
595 5833 913 5896 sqnsu._ln1_’ra
939 5835 1086 5896 C0131.
1112 5831 1321 5896 δαίμοσι·
1350 5837 1431 5883 καὶ
1467 5831 1627 5891 πόλεις
1642 5831 1901 5889 ’σπουδάζει
1933 5835 2015 5883 καὶ
2033 5835 2135 5883 κώε-

464 5908 551 5953 μιις
568 5893 648 5943 καὶ
669 5892 822 5955 ψυχὰς
840 5892 1127 5958 ἀνθρωπίνας
1159 5892 1213 5944 ἐκ
1228 5898 1323 5946 τῶν
1346 5903 1431 5956 τῆς
1449 5898 1529 5948 πλ.
1558 5898 1621 5955 ἐξ.
1645 5897 1824 5947 πᾶθῶν.

1248 350 1304 407 S.
1347 346 1633 405 JUANNIS
1669 335 2155 401 CIIRYSOSTOBH
2212 331 2536 394 ARCHIEP.
2574 331 3125 394 CONSTANTINOP.

3798 341 3916 401 390

2240 452 2452 526 ἀνάγκη
2483 454 2577 507 κα)⁸
2602 455 2788 527 χρυσῷ
2817 425 3275 522 κάλλωπίζεσθαι,
3296 454 3577 528 τράπεζάν
3592 474 3653 511 τε
3685 476 3917 538 παρατι.

2237 550 2424 605 θεσθαι
2449 549 2731 623 λαμπρὰν,
2783 553 2878 607 καὶ
2923 551 3160 625 χρῆσθαι
3188 553 3483 623 συσσίτοις,
3512 554 3563 608 εί
3593 555 3697 627 μὲν
3727 554 3916 629 ἄφρων

2238 646 2346 720 εἴη,
2372 647 2472 719 τῆς
2495 648 2691 703 ἑαυτοῦ
2709 650 2908 713 κακίας
2930 650 3123 716 ἀξίοις,
3149 652 3198 705 εἰ
3216 649 3273 703 δέ
3288 648 3413 705 νοῦν
3435 650 3550 723 ἔχοι
3580 660 3678 707 καὶ
3705 671 3918 728 σωφρο-

2237 746 2375 819 νοίη,
2412 747 2671 817 χρηστοῖς
2715 746 2845 810 ῐσως
2882 746 2979 801 καὶ
3018 747 3283 813 δικαίοις,
3321 748 3457 803 πολῦ
3486 749 3544 803 δὲ
3568 750 3918 822 λειπομένοις

2235 844 2337 915 τῆς
2361 843 2585 899 ἐκείνων
2606 843 2826 917 ἀρετῆς.
2845 843 3002 898 Οὕτω
3040 844 3145 900 κᾶν
3189 846 3456 921 φιλοσοφῇ
3496 846 3773 918 βασιλεὺς,
3798 849 3919 903 οὐδὲ

2238 942 2383 997 κατὰ
2419 943 2614 1016 μικρὸν
2658 942 2826 1013 ἐγγὺς
2859 942 3031 998 ἐλθεῖν
3060 944 3161 1016 τῆς
3194 944 3288 999 τοῦ
3331 947 3659 1018 μονάζοντος
3685 947 3920 1002 καλοκα-

2238 1040 2880 1111 γαθίαςδυνήσεται.Καί
2910 1041 3020 1113 7&9
3048 1043 3106 1096 ἐν
3121 1042 3455 1116 ὁδοιπορίαις
3484 1044 3657 1117 βαρύς
3671 1046 3790 1100 ἐστι
3810 1050 3922 1109 τοῖς

2239 1138 2524 1208 ὑπηκόοις,
2561 1140 2654 1193 καὶ
2688 1117 2844 1193 πόλιν
2892 1138 3079 1207 οίκῶν,
3106 1141 3201 1195 καὶ
3235 1142 3459 1214 εἰρήνης
3488 1143 3801 1209 ἀπολαύων,
3824 1147 3920 1200 καὶ

2239 1236 2492 1307 πολέμων
2527 1235 2853 1308 ἁπτόμενος,
2907 1236 3108 1308 φόρους
3148 1254 3209 1291 τε
3247 1236 3402 1311 [119]
3436 1241 3919 1313 εἰσπραττόμενος,

2239 1333 2335 1387 καὶ
2368 1333 2754 1405 στρατεύματα
2792 1332 3111 1407 συγκροτῶν
3131 1376 3147 1401 ,
3182 1336 3277 1390 καὶ
3315 1337 3701 1407 αἰχμαλώτους
3746 1339 3920 1409 ἄγων,

2239 1429 2335 1484 καὶ
2363 1430 2551 1495 νικῶν,
2589 1432 2686 1486 καὶ
2719 1431 3064 1503 ἡττώμενος·
3093 1433 3409 1506 ἡττώμενος
3440 1434 3538 1506 μὲν
3573 1431 3684 1507 γὰρ
3706 1437 3817 1491 τῶν
3841 1440 3923 1491 οἰ-

2240 1528 2407 1583 κείων
2439 1530 2626 1585 κακῶν
2674 1530 3057 1602 ἀναπίμπλησι
3085 1532 3213 1595 τοῦς
3258 1532 3621 1604 ἀρχομένους,
3656 1535 3825 1589 νικῶν
3857 1537 3921 1589 δὲ

2241 1628 2516 1700 ἀφόρητος
2559 1628 2795 1698 γίνεται,
2830 1628 3311 1701 καλλωπιζόμενός
3341 1647 3400 1684 τε
3452 1633 3567 1696 τοῖς
3613 1633 3918 1703 τροπαίοις,

2241 1724 2339 1777 καί
2364 1724 2510 1796 μέγα
2536 1725 2770 1797 φρονῶν,
2802 1725 3026 1791 καὶτοῖς
3054 1727 3416 1798 στρατιώταις
3441 1728 3700 1801 παρέχων
3735 1730 3922 1785 ἄδειαν

2244 1820 2536 1893 ἁρπάζειν,
2574 1822 2763 1893 συλᾷν,
2790 1824 2919 1887 τούς
2947 1822 3260 1895 ὁδοιπόρους
3286 1824 3514 1890 ἀδικεῖν,
3531 1825 3631 1891 τάς
3651 1827 3836 1893 πόλεις
3858 1831 3921 1882 ἐν

2241 1921 2309 1992 τῇ
2340 1918 2583 1992 καθέδρᾳ
2606 1920 2936 1992 πολιορκεῖν,
2958 1919 3060 1985 τάς
3075 1919 3183 1973 τῶν
3200 1923 3449 1993 πενήτων
3471 1923 3693 1995 πορθεῖν
3720 1925 3917 1990 οἰκίας,

2240 2018 2372 2081 τοὺς
2396 2015 2832 2091 ὑποδεξαμένους
2852 2018 3278 2090 εἰσπράττεσθαι
3299 2020 3423 2074 καθ’
3441 2021 3677 2093 ἑκάστην
3706 2023 3917 2095 ἡμέραν

2243 2115 2280 2171 ἃ
2309 2116 2499 2188 μηδεὶς
2518 2116 2802 2190 ἐπιτρέπει
2841 2119 3030 2189 νόμος,
3056 2118 3149 2172 ἐπὶ
3175 2119 3446 2192 προφάσει
3469 2120 3612 2185 τινὸς
3645 2121 3802 2186 ἔθους
3829 2126 3918 2193 ἀρ-

2242 2213 2399 2287 χαίου
2429 2215 2751 2287 παρανόμου
2789 2233 2850 2270 τε
2906 2216 3001 2270 καὶ
3043 2217 3252 2273 ἀδίκου.
3277 2218 3389 2271 Καὶ
3418 2217 3510 2272 τὸν
3544 2220 3641 2290 μὲν
3666 2220 3923 2277 πλούσιον

2246 2311 2479 2390 ἔϐλαψεν
2510 2313 2664 2368 οὐδὲν
2690 2316 2720 2368 6
2751 2313 3005 2385 βασιλεὺς
3021 2316 3134 2379 τοῖς
3163 2315 3430 2380 τοιούτοις
3453 2319 3664 2381 κακοῖς,
3695 2317 3797 2387 τὴν
3831 2337 3925 2372 πε-

2242 2410 2365 2464 νίαν
2396 2412 2453 2465 δὲ
2484 2412 2990 2485 ἐκάκωσεν,ὥσπερ
3033 2412 3110 2477 ὡς
3141 2411 3358 2483 ἀληθῶς
3392 2414 3782 2485 αἰσχυνόμενος
3796 2417 3927 2480 τοὺς

2247 2511 2533 2585 εὐπόρους.
2562 2511 2638 2565 Οὐ
2668 2509 2825 2582 μὴνδ
2848 2526 2912 2579 γε
2936 2511 3169 2582 μοναχὸς
3196 2509 3390 2576 οὕτως,
3418 2510 3658 2583 meam
3670 2511 3924 2583 τεῶφθη,

2248 2609 2343 2663 καὶ
2374 2608 2642 2663 πλουσίων
2667 2607 2762 2662 καί
2795 2608 3041 2681 πενήτων
3072 2608 3235 2680 χάριν
3254 2607 3375 2661 τινὰ
3400 2607 3639 2679 κομίζων
3662 2604 3797 2681 ἦλθε
3833 2612 3926 2662 καὶ

2240 2708 2459 2771 τούτοις
2478 2706 2756 2770 κάκείνοις
2773 2706 2999 2777 ὁμοίως,
3023 2705 3227 2777 ίματίῳ
3272 2706 3374 2777 μὲν
3403 2706 3483 2760 ἐνὶ
3504 2707 3571 2761 δι’
3600 2706 3752 2772 ἔτους
3784 2708 3927 2781 χρώ-

2246 2821 2430 2875 μενος,
2459 2803 2683 2875 ὕδωραδέ
2714 2804 2885 2857 πίνων
2932 2802 3104 2874 ἣδιον,
3134 2803 3167 2875 ἢ
3196 2802 3509 2874 θαυμαστὸν
3546 2797 3685 2858 οἶνον
3718 2805 3922 2874 ἕτεροι·

2248 2901 2390 2974 ὑπὲρ
2426 2901 2622 2956 ἐαυτοῦ
2652 2902 2751 2972 μέν
2782 2900 3061 2972 οὐδεμίαν,
3092 2899 3215 2955 οὕτε
3236 2901 3458 2973 μικρὰν,
3485 2900 3603 2955 οὕτε
3635 2901 3814 2973 μείζω
3834 2905 3928 2974 χά-

2249 3018 2338 3071 ριν
2367 3000 2521 3073 παρά
2551 3000 2661 3054 τῶν
2700 3000 2976 3054 πλουσίων
3010 2999 3200 3063 αἰτῶν,
3251 3000 3392 3071 ὑπὲρ
3428 2999 3485 3052 δέ
3526 2999 3632 3053 τῶν
3659 3001 3716 3053 ἐν
3744 3001 3927 3073 ἐνδείᾳ

2248 3098 2452 3163 πολλάς
2483 3115 2544 3153 τε
2600 3098 2699 3152 καί⁵
2732 3099 2995 3168 συνεχεῖς,
3018 3096 3350 3168 ἀμφοτέροις
3372 3096 3774 3164 λυσιτελούσας,
3815 3102 3928 3163 τοῖς

2246 3212 2309 3249 τε
2353 3195 2676 3267 παρέχουσι,
2702 3194 2799 3247 καὶ
2823 3195 2936 3257 τοῖς
2955 3192 3278 3264 κομίζεσθαι
3304 3192 3603 3265 μέλλουσιν.
3638 3191 3803 3248 Οὕτω
3823 3213 3931 3250 κοι-

2249 3293 2339 3357 νός
2361 3294 2508 3346 ἐστιν
2535 3291 2717 3363 ἰατρὸς
2744 3291 2839 3345 καὶ
2868 3289 3139 3344 πλουσίων
3165 3289 3261 3343 καί
3282 3290 3530 3367 πενήτων
3558 3289 3781 3360 ὁμοίως,
3799 3294 3929 3358 τοὺς

2253 3391 2350 3462 μὲν
2369 3388 2785 3461 ἁμαρτημάτων
2811 3386 3111 3459 ἐλευθερῶν
3141 3386 3230 3440 διά
3256 3386 3356 3458 τῆς
3380 3386 3585 3457 ἀγαθῆς
3616 3385 3927 3455 νουθεσίας,

2248 3490 2363 3553 τοῖς
2383 3488 2440 3542 δέ
2473 3485 2617 3541 λύων
2643 3484 2741 3557 τὴν
2798 3484 3026 3539 ἔνδειαν.
3078 3483 3345 3548 Βασιλεὺς
3369 3484 3427 3538 δέ
3450 3485 3547 3546 τάς
3573 3501 3630 3537 τε
3661 3486 3931 3560 εἰσφορὰς

2249 3584 2588 3657 κουφοτέρας
2602 3579 2739 3639 εἶναι
2762 3582 3160 3648 κελεύων,τούς
3186 3580 3476 3646 πλουσίους
3496 3581 3709 3654 μᾶλλον,
3756 3584 3795 3655 ἢ
3834 3588 3931 3658 τὴν

2247 3687 2441 3755 πενίαν
2469 3685 2722 3756 ὠφέλησε
2740 3700 2752 3715 ο
2793 3683 2888 3738 καὶ
2910 3681 2980 3736 τὰ
3010 3678 3229 3735 ἐναντία
3259 3666 3449 3767 διριῶν,
3473 3681 3598 3743 τοὺς
3629 3682 3807 3753 μικρά
3834 3701 3928 3737 κε-

2248 3782 2556 3854 κτημένους
2579 3779 2800 3851 ἔϐλαψε.
2835 3780 2939 3833 Τὸν
2975 3777 3073 3850 μὲν
3095 3778 3204 3849 7&9
3220 3775 3476 3830 πλούσιον
3500 3776 3655 3846 ὀλίγα
3689 3777 3756 3831 ἂν
3791 3779 3924 3849 βλά-

2246 3880 2401 3950 ψειεν
2439 3880 2474 3952 ἡ
2504 3877 2813 3951 χαλεπότης
2852 3876 2961 3931 τῶν
3001 3876 3296 3948 εἰσφορῶν,
3326 3873 3426 3939 τὰς
3452 3874 3510 3929 δὲ
3530 3875 3635 3929 τῶν
3676 3877 3921 3946 πενήτων

2246 3978 2425 4042 οἰκίας
2454 3977 2603 4031 ῶσπε
2611 3993 2643 4049 ρ
2659 3993 2743 4049 χει
2752 3976 2995 4047 μάρῤους
3010 3973 3340 4047 παρασύρει,
3362 3973 3603 4044 οἰμωγῆς
3623 3973 3927 4044 πιμπλῶσα

2247 4077 2345 4143 τὰς
2364 4075 2577 4149 κώμας,
2597 4077 2691 4131 καί
2707 4075 2831 4130 οὕτε
2851 4075 3029 4148 γῆρας
3051 4075 3283 4131 ἐλεεινὸν
3297 4076 3412 4140 τοῖς
3443 4076 3734 4146 εἰσπραττο
3742 4077 3928 4147 μένεις

2248 4180 2376 4243 τοὺς
2418 4178 2636 4249 φόρους,
2673 4174 2798 4231 οὕτε
2830 4175 3026 4248 χηρεία
3051 4175 3348 4245 γυναικῶν,
3380 4175 3480 4229 οὐκ
3513 4175 3744 4245 ὀρφανία
3802 4178 3927 4229 παῖς

2248 4277 2374 4343 δων,
2399 4277 2538 4332 ἀλλά
2573 4274 2895 4347 κωμάζουσι
2937 4272 3118 4327 πάντα
3174 4272 3265 4326 τὸν
3302 4272 3514 4345 χρόνον,
3562 4274 3727 4326 κοινοί
3785 4294 3930 4339 τινες

2148 4344 2159 4405 ’ί
2251 4376 2501 4446 πολέμιοι
2528 4373 2630 4446 τῆς
2659 4344 2864 4445 χώρας,
2896 4372 3040 4442 ἅπερ
3095 4370 3197 4424 οὐκ
3239 4369 3530 4442 ἐξήνεγκεν
3567 4372 3600 4442 ἡ
3628 4372 3721 4441 γῆ,
3751 4375 3929 4429 ταῦτα

2249 4474 2375 4538 τούς
2401 4471 2684 4545 γεωργοὺς
2708 4470 3180 4544 εἰσπραττόμενοι.

2317 4609 2380 4664 δ’.
2400 4609 2538 4678 Φέρε
2554 4606 2619 4678 δὴ
2629 4607 2852 4661 κάκεῖνο
2867 4604 3233 4676 ἐξετάσωμεν,
3252 4602 3307 4658 τί
3334 4603 3435 4675 μὲν
3464 4607 3493 4659 6
3530 4603 3857 4676 μοναχδς,τί
3878 4608 3927 4659 δὲ

2248 4706 2277 4758 6
2306 4703 2559 4776 βασιλεὺς
2605 4706 2718 4769 τοῖς
2746 4703 3010 4777 ὑπηκόοις
3035 4702 3341 4775 χαρίζεται.
3383 4703 3591 4758 Οὐκοῦν
3614 4702 3642 4755 6
3670 4703 3774 4771 μὲν
3807 4722 3927 4776 χω·

2248 4802 2361 4867 σὸν,
2383 4800 2809 4870 όδέπνεύματος
2835 4799 2994 4870 χάριν
3012 4816 3026 4831 ·
3056 4799 3150 4853 καὶ
3184 4800 3214 4852 6
3245 4800 3345 4871 μὲν
3372 4799 3525 4853 ἔλυσε
3556 4798 3771 4861 πενίαν,
3804 4801 3927 4853 ὃταν

2244 4899 2280 4980 ᾖ
2314 4902 2569 4976 χρηστὸς,
2603 4904 2632 4957 ὁ
2657 4902 2714 4957 δὲ
2738 4903 2769 4943 δ
2798 4901 2978 4972 ψυχὰς
3025 4902 3465 4974 τυραννουμένας
3502 4902 3607 4955 ὑπὸ
3650 4902 3925 4972 δαιμόνων

2246 5003 2589 5075 ἠλευθέρωσε
2608 5005 2728 5068 ταῖς
2750 5005 3100 5076 προσευχαῖς.
3140 5003 3261 5057 Κᾶν
3284 5001 3463 5074 συμϐῇ
3494 5020 3614 5055 τινα
3642 5003 3924 5064 τοιαύταις

2244 5106 2602 5179 χειμάζεσθαι
2623 5105 3057 5177 συμφοραῖς,τὸν
3076 5103 3303 5175 βασιλέα
3320 5104 3419 5175 μὲν
3434 5102 3623 5175 ῶσπερ
3644 5103 3709 5156 τὰ
3733 5106 3923 5174 ἄψυχα

2245 5212 2604 5285 παρέρχεται,
2621 5212 2715 5265 ἐπὶ
2735 5209 2793 5264 δέ
2824 5210 2923 5281 τὴν
2954 5208 3063 5263 τῶν
3090 5208 3339 5279 μοναχῶν
3360 5206 3535 5261 οἰκίαν
3561 5207 3919 5277 καταφεύγει,

2243 5315 2435 5388 ὥσπερ
2460 5318 2488 5371 6
2506 5315 2672 5369 λύκον
2691 5312 3037 5384 ὑποφεύγων,
3051 5311 3412 5383 καταφεύγων
3430 5312 3487 5365 δὲ
3516 5312 3603 5366 ἐπ’
3625 5312 3801 5384 ἄνδρα
3831 5314 3915 5382 θη-

2247 5421 2441 5492 ρευτὴν
2466 5420 2618 5491 ξίφος
2642 5420 2701 5473 ἐν
2733 5420 2798 5489 τῇ
2831 5417 2979 5488 χειρὶ
3005 5416 3259 5489 φέροντα’
3284 5416 3422 5487 ὅπερ
3447 5415 3557 5486 7&9
3577 5414 3653 5487 τῷ
3677 5414 3742 5486 θη
3755 5416 3915 5486 ρευτῇ

2240 5522 2415 5593 ξίφος,
2437 5521 2597 5576 τοῦτο
2612 5520 2889 5592 προσευχὴ
2917 5518 2996 5590 τῷ
3029 5517 3333 5590 μονάζοντι.
3367 5515 3444 5572 Οὐ
3469 5516 3577 5589 γὰρ
3602 5516 3741 5571 οὕτω
3758 5517 3915 5589 φςεε.

2242 5625 2334 5690 ρον
2360 5627 2471 5689 τοῖς
2497 5623 2682 5686 λύκοις
2713 5622 2775 5676 τὸ
2814 5621 2986 5692 ξίφος,
3005 5621 3079 5684 ὡς
3114 5623 3223 5684 τοῖς
3248 5619 3496 5691 δαίμοσιν
3530 5620 3582 5673 αξ
3615 5613 3913 5690 προσευχαί

2304 5887 2333 5928 δ
2357 5885 2694 5946 (ἶοὶειίιὶηὸταν
2839 5883 3035 5947 χρνσὸνθ
3059 5884 3085 5930 6
3106 5883 3171 5932 δέ.
