4032 6430
390 365 497 420 389
510 398 527 419 ι

389 473 561 528 videri
588 473 755 542 possit
781 473 885 528 hoc
928 474 1065 543 ipso,
1105 471 1244 542 quod
1273 487 1524 528 coronam
1552 474 1766 545 quidem
1803 472 1974 544 gestat

389 569 619 638 gemmis
663 570 1022 632 intertextam,
1065 577 1117 622 ct
1160 583 1397 633 auream,
1440 568 1802 638 temperantia:
1845 583 1973 624 vero

390 675 589 713 Corona
637 660 857 714 minimc
905 660 1123 730 insignis
1166 672 1247 715 est
1290 678 1302 713 :
1348 671 1403 714 et
1446 675 1716 731 purpureo
1759 659 1973 731 quidem

392 753 591 807 vestitu
620 763 729 807 toto
751 761 978 822 corpore
1005 753 1187 823 fulget,
1213 753 1447 807 animum
1468 764 1645 808 autem
1672 754 1972 808 inornatum

391 845 570 899 habet.
606 844 807 900 Deinde
848 844 933 900 hic
973 858 1039 900 ne
1068 844 1472 899 administrandi
1512 842 1724 914 quidem
1764 842 1972 913 imperii

387 936 668 991 scientiam
699 936 973 990 habiturus
996 945 1099 990 est.

461 1011 735 1099 Compara:
771 1045 884 1082 cum
918 1046 1033 1097 rege
1070 1028 1370 1082 monachum
1398 1028 1451 1081 in
1481 1025 1610 1081 bello
1636 1025 1874 1098 gerendo.
1902 1052 1973 1065 —-

385 1119 488 1187 Qui
514 1120 656 1174 enim
696 1120 795 1174 sibi
825 1120 923 1188 ipsi
963 1121 1226 1190 imperare
1262 1120 1448 1185 nescit,
1490 1119 1576 1173 hic
1612 1133 1718 1189 quo
1759 1118 1972 1172 tandem

391 1208 554 1263 modo
601 1209 735 1263 alios
775 1208 980 1291 legibus
1018 1224 1204 1279 regere
1230 1209 1466 1279 poterit?
1498 1208 1635 1276 Quin
1681 1208 1726 1262 si
1757 1208 1808 1261 id
1847 1207 1967 1262 belli

386 1320 578 1373 genus,
606 1303 744 1372 quod
777 1314 998 1374 uterque
1024 1304 1123 1357 sibi
1153 1302 1491 1374 peculiariter
1512 1301 1800 1371 gerendum
1824 1316 1969 1354 sum-

388 1396 769 1464 psit,spectare
795 1395 1044 1460 volueris,
1066 1394 1303 1449 invenies
1331 1393 1473 1448 hunc
1496 1408 1619 1447 eum
1639 1392 1969 1447 daemonibus

386 1486 805 1554 depugnantcm,
834 1483 1187 1554 eumdemque
1215 1494 1269 1539 et
1293 1493 1653 1553 superantem,
1680 1467 1969 1538 et'vincen-

389 1585 517 1640 tem,
545 1584 600 1630 et
624 1590 653 1629 a
677 1573 890 1630 Christo
919 1590 1172 1631 coronam
1203 1577 1500 1646 capientem
1528 1593 1541 1630 :
1574 1583 1757 1645 utpote
1784 1576 1871 1645 qui
1901 1574 1965 1629 ad

387 1683 616 1738 pugnam
638 1667 859 1723 accedat
881 1667 1060 1722 divino
1080 1676 1407 1723 sustentatus
1429 1667 1647 1735 auxilio,
1666 1667 1968 1723 caelestibus

385 1761 551 1814 armis
588 1760 964 1827 communitus,
1014 1769 1072 1814 ut
1109 1774 1331 1815 necesse
1355 1760 1570 1830 quidem
1596 1760 1666 1814 sit
1690 1759 1965 1813 victoriam

384 1853 455 1906 ab
485 1853 649 1921 ipsius
693 1852 932 1922 partibus
957 1861 1140 1943 stare;
1180 1869 1303 1908 cum
1342 1853 1555 1907 interim
1596 1868 1776 1923 regem
1816 1852 1964 1906 illum

382 1961 506 1998 cum
533 1945 772 2000 barbaris
797 1945 1082 2001 bellantem
1110 1960 1318 2001 cernas.
1350 1945 1559 2012 Quanto
1591 1953 1769 1999 autem
1795 1944 1968 1999 homi-

385 2035 544 2089 nibus
582 2035 855 2090 daamones
885 2035 1236 2092 terribiliores
1281 2045 1423 2100 sunt,
1466 2045 1613 2090 tanto
1641 2034 1968 2105 splendidior

380 2137 467 2182 est
491 2128 582 2199 qui
612 2128 709 2182 hos
735 2136 969 2198 superat,
1003 2143 1069 2183 eo
1095 2129 1184 2199 qui
1225 2129 1345 2183 illos
1369 2128 1550 2183 vincit.
1570 2127 1736 2195 Quod
1765 2127 1809 2181 si
1835 2127 1968 2181 utri-

382 2235 554 2289 tuque
582 2218 708 2274 belli
747 2233 963 2274 causam
1008 2220 1317 2290 perdiscere
1352 2221 1525 2290 cupis,
1564 2234 1809 2289 magnam
1840 2234 1965 2287 pro-

385 2313 447 2365 fer
471 2321 523 2364 to
552 2310 968 2381 inrequalitatem
992 2313 1251 2383 reperies.
1283 2314 1430 2367 Alter
1467 2314 1608 2367 enim
1638 2328 1733 2382 pro
1770 2313 1968 2382 pietate

382 2416 447 2453 ac
475 2400 568 2454 Dei
596 2403 740 2457 cultu
763 2416 883 2457 cum
911 2403 1245 2459 daemonibus
1271 2404 1464 2458 bellum
1493 2404 1649 2472 gerit,
1675 2403 1754 2457 vel
1780 2403 1963 2469 urbes,

381 2493 467 2547 vel
497 2507 661 2562 pagos
698 2494 766 2548 ab
806 2508 991 2548 errore
1036 2494 1245 2563 eripere
1289 2494 1603 2550 desiderans
1639 2510 1651 2547 :
1681 2496 1814 2550 alter
1839 2509 1967 2549 vero

376 2600 503 2637 cum
528 2585 768 2639 barbaris
794 2585 1113 2656 digladiatur
1148 2602 1242 2656 pro
1267 2587 1427 2651 locis,
1458 2586 1682 2655 ﬁnibus,
1710 2588 1968 2658 opibusve

378 2677 571 2746 raptis,
595 2677 743 2732 illum
766 2680 1008 2747 avaritia,
1027 2680 1111 2735 vel
1135 2679 1311 2750 injusti
1335 2680 1657 2750 principatus
1677 2681 1967 2737 ambitione

380 2770 446 2823 ad
470 2785 695 2840 pugnam
717 2779 1037 2839 provocante
1056 2789 1069 2827 :
1088 2772 1174 2826 ubi
1192 2780 1338 2827 certe
1357 2772 1503 2827 multi
1523 2772 1792 2828 multoties
1814 2789 1966 2843 reges

377 2864 585 2933 majora
616 2880 735 2918 cum
763 2865 1162 2934 appetivissent,
1196 2866 1307 2935 jam
1332 2876 1479 2935 parta
1514 2866 1761 2921 amisere.
1787 2865 1967 2936 Itaque

384 2968 496 3010 tum
529 2956 886 3029 principatus,
914 2965 1025 3012 tum
1055 2957 1167 3028 ipsa
1194 2959 1453 3014 bellorum
1479 2944 1676 3030 genera
1700 3003 1715 3027 ,
1741 2968 1967 3031 arguunt

380 3065 620 3120 eousque
649 3048 789 3104 inter
810 3065 868 3106 se
885 3050 1189 3119 discrepare
1209 3061 1262 3106 et
1286 3066 1486 3123 regem,
1508 3060 1562 3107 et
1585 3068 1704 3107 eum
1728 3053 1818 3123 qui
1845 3052 1965 3107 vitte

377 3137 496 3197 sua:
539 3143 770 3197 studium
800 3144 897 3199 Dei
925 3145 1090 3199 cultui
1135 3145 1383 3204 addixit;
1422 3145 1515 3200 sed
1547 3155 1723 3200 tamen
1749 3145 1965 3200 eosdem

380 3236 504 3289 illos
530 3244 715 3290 exacte
744 3237 927 3306 utique
967 3251 1277 3307 pernoscas,
1323 3237 1368 3291 si
1399 3237 1464 3291 ad
1499 3237 1773 3307 utriusque
1803 3237 1964 3291 vitam

379 3325 801 3396 quotidianaque
824 3334 972 3396 gesta
994 3326 1344 3382 examinanda
1374 3326 1734 3382 descenderis.
1760 3327 1965 3382 Revera

378 3417 524 3471 enim
550 3416 693 3472 hunc
720 3418 960 3472 invenias
984 3434 1103 3473 eum
1141 3417 1420 3487 prephetis
1444 3427 1746 3472 versantem
1769 3460 1783 3483 ,
1816 3417 1964 3473 Pauli

379 3510 641 3578 sapientia
684 3511 920 3564 animum
950 3518 1302 3564 exornantem
1328 3552 1345 3577 ,
1388 3510 1601 3564 assidue
1644 3509 1854 3578 a,Mose
1896 3508 1965 3563 ad

382 3601 601 3665 Isaiam,
648 3600 717 3655 ab
756 3599 889 3655 Isaia
933 3601 998 3655 ad
1037 3599 1329 3664 Joannem,
1375 3616 1405 3654 a
1444 3601 1651 3656 Joanne
1694 3600 1760 3654 ad
1803 3601 1963 3654 alium

376 3692 688 3761 quempiam
722 3699 1088 3747 transeuntem
1119 3708 1134 3745 :
1165 3701 1220 3746 at
1244 3707 1424 3761 regem
1450 3691 1665 3747 assidua
1690 3692 1963 3747 centurio-

380 3797 512 3835 num
570 3781 988 3851 praefectorum,
1038 3790 1093 3837 et
1144 3782 1525 3852 spiculatorum
1583 3783 1964 3839 Consuetudine

382 3881 643 3926 utentem.
687 3872 855 3927 Porro
894 3874 1111 3927 solitum
1153 3887 1272 3928 esse
1303 3873 1568 3939 videmus,
1613 3888 1734 3928 cum
1771 3872 1964 3943 quibus

380 3964 598 4037 assidue
632 3965 749 4035 quis
770 3977 1037 4032 versatur,
1083 3965 1271 4020 horum
1311 3980 1488 4021 mores
1515 3967 1716 4021 similes
1743 3966 1960 4021 habere.

382 4053 565 4124 Itaque
591 4056 681 4125 qui
702 4056 972 4111 solitarius
1002 4057 1161 4122 vivit,
1202 4057 1248 4112 is
1272 4057 1507 4113 animum
1546 4072 1700 4112 suum
1735 4057 1799 4111 ad
1829 4072 1964 4127 apo-

379 4146 640 4201 stolorum
681 4155 736 4201 et
778 4147 1156 4216 prophetarum
1198 4162 1375 4203 mores
1412 4146 1749 4202 conformat:
1781 4158 1836 4202 at
1864 4164 1962 4203 rex

379 4238 450 4293 ad
479 4253 656 4294 mores
682 4239 898 4307 ducum,
938 4240 1222 4294 satellitum
1243 4280 1257 4305 ,
1291 4246 1617 4294 scutatorum
1638 4280 1654 4306 ,
1687 4239 1960 4293 hominum

382 4331 507 4384 vino
533 4331 899 4398 servientium,
926 4330 1288 4399 voluptatibus
1330 4330 1735 4401 indulgentium,
1766 4331 1961 4386 bonam

378 4422 489 4476 dici
528 4430 732 4493 partem
774 4424 827 4477 in
873 4430 997 4492 potu
1038 4422 1448 4487 conterentium,
1491 4421 1721 4492 denique
1767 4422 1963 4477 nullius

376 4514 458 4569 rei
483 4514 802 4570 necessariae
822 4522 914 4568 aut
935 4514 1174 4569 honestae
1196 4513 1497 4580 scientiam,
1520 4513 1647 4568 vino
1669 4513 1962 4582 impedien-

378 4613 470 4667 tc,
496 4604 823 4659 callentium.
866 4604 978 4659 Ilac
1017 4619 1147 4675 ergo
1174 4606 1334 4660 etiam
1364 4606 1570 4660 ratione
1610 4604 1958 4660 monasticam

377 4695 543 4749 vitam
573 4695 828 4750 convenit
850 4710 910 4750 ea
934 4695 1227 4751 beatiorem
1257 4695 1456 4763 dicere,
1487 4711 1606 4767 quae
1636 4696 1955 4767 principatu,

375 4801 500 4857 qua:
524 4801 709 4857 regno,
742 4802 860 4856 qua:
886 4789 1111 4857 sceptris
1138 4795 1364 4843 constat.

453 4879 506 4931 5.
551 4876 813 4932 Nocturna
861 4886 1082 4948 tempore
1124 4887 1234 4933 uter
1277 4879 1486 4935 beatior.
1516 4911 1590 4922 -
1617 4883 1768 4951 Quod
1811 4885 1856 4940 si
1904 4894 1960 4941 ct

374 4967 550 5023 noctis
603 4977 813 5038 tempus
876 4970 1182 5024 examinare
1224 4970 1586 5039 voluerimus,
1638 4976 1957 5032 monachum

370 5057 590 5129 quidem
617 5060 918 5115 videbimus
955 5059 1047 5115 Dei
1085 5061 1230 5115 cultu
1272 5076 1336 5117 ac
1376 5063 1625 5132 precibus
1671 5066 1956 5137 insignem,

374 5148 548 5205 multo
576 5161 700 5205 ante
743 5149 1066 5220 gallinaceos
1110 5159 1349 5222 tempore
1392 5165 1714 5223 canentem,
1756 5160 1959 5229 angelis

372 5242 772 5298 convictoribus
798 5250 1066 5310 utentem,
1096 5258 1217 5299 cum
1248 5245 1357 5301 Deo
1383 5246 1776 5319 colloquentem
1796 5292 1810 5315 ,
1842 5268 1955 5307 cae-

376 5332 604 5387 lestibus
631 5334 786 5389 bonis
826 5332 1086 5390 fruentem
1122 5351 1137 5388 :
1168 5350 1290 5390 eum
1317 5352 1446 5392 vero
1491 5339 1578 5408 qui
1609 5341 1788 5397 multis
1824 5357 1956 5412 gen-

378 5423 538 5489 tibus,
572 5425 752 5480 multis
777 5425 1007 5496 populis,
1035 5436 1195 5497 atque
1225 5429 1547 5485 exercitibus
1573 5443 1796 5499 praeest,
1834 5435 1956 5504 qui-

375 5527 484 5578 que
510 5519 648 5567 terra
673 5529 737 5569 ac
760 5516 894 5569 mari
920 5517 1030 5572 late
1060 5517 1304 5587 imperat,
1329 5519 1382 5573 in
1411 5519 1547 5575 lecto
1580 5519 1867 5577 distentum
1892 5539 1957 5579 ac

376 5613 710 5658 stertentem.
742 5606 835 5661 Ille
872 5606 1086 5677 quidem
1117 5608 1249 5664 cibis
1278 5610 1344 5665 iis
1369 5610 1552 5678 alitur,
1583 5613 1669 5682 qui
1695 5613 1860 5685 altum
1889 5615 1956 5670 ab

378 5710 446 5749 eo
491 5706 737 5751 somnum
785 5698 1004 5755 minime
1053 5701 1272 5770 exigant
1305 5718 1318 5754 :
1347 5702 1487 5756 hunc
1530 5711 1706 5757 atttem
1751 5703 1955 5760 delicia:

374 5784 699 5854 consopiunt
739 5798 795 5844 et
834 5798 1021 5859 potus,
1068 5790 1313 5848 eumdem
1361 5795 1412 5849 in
1459 5793 1651 5855 lectulo
1681 5796 1745 5851 ad
1780 5797 1950 5865 ipsum

1483 362 1926 419 COMPARATIO
1952 358 2156 421 REGIS
2192 364 2280 422 ET
2319 366 2639 424 MONACHI.

3563 368 3669 424 390

2084 489 2250 545 usque
2271 477 2411 532 diem
2435 479 2697 536 detinens.
2723 479 2841 536 1am
2863 480 3124 537 monacho
3144 489 3198 536 et
3219 483 3381 536 vestis
3399 491 3454 537 et
3480 496 3664 537 mensa

2081 566 2376 635 moderata,
2407 577 2460 623 et
2487 571 2823 626 convictores
2855 572 3093 642 ejusdem
3124 575 3336 628 virtutis
3362 574 3541 628 aemuli
3569 591 3583 627 :
3613 584 3667 627 at

2080 673 2258 728 regem
2287 675 2506 716 necesse
2532 674 2613 716 εει
2649 672 2704 717 et
2747 663 2938 734 lapillis
2968 672 3023 719 et
3045 681 3176 720 auro
3205 666 3492 736 superbum
3521 680 3661 729 esse,

2080 766 2430 823 mensamque
2451 768 2723 825 apponere
2746 756 3099 824 splendidam,
3126 767 3234 812 tum
3263 759 3663 813 convictoribus

2079 844 2156 898 uti
2178 885 2193 909 ,
2216 844 2272 899 'si
2303 846 2519 915 quidem
2550 847 2861 918 imprudens
2888 849 2978 903 ille
3006 849 3198 916 fuerit,
3231 867 3325 906 sua
3371 850 3661 905 stoliditate

2077 935 2280 1004 dignis;
2314 937 2397 991 sin
2425 948 2602 993 autem
2631 948 2868 996 mentem
2896 939 3107 1004 habeat,
3130 950 3538 1013 temperansque
3566 941 3654 1005 sit,

2077 1028 2260 1096 probis
2298 1029 2524 1085 fortasse
2550 1039 2607 1086 et
2639 1030 2825 1100 justis,
2856 1031 2949 1086 sed
2990 1038 3167 1086 tamen
3198 1033 3392 1087 virtute
3433 1033 3496 1087 iis
3523 1046 3660 1102 quos

2077 1129 2200 1174 ante
2227 1119 2364 1185 dixi,
2397 1121 2550 1193 longe
2584 1123 2924 1179 inferioribus
2954 1141 2968 1179 :
3000 1123 3074 1180 ita
3099 1140 3191 1178 rex
3223 1131 3281 1179 ut
3307 1124 3661 1195 philoSOpliia:

2076 1209 2285 1266 deditus
2311 1213 2410 1278 sit,
2442 1224 2618 1269 tamen
2661 1231 2729 1270 ne
2773 1215 3035 1269 tantillum
3069 1215 3282 1286 quidem
3316 1215 3382 1270 ad
3413 1214 3658 1270 monachi

2075 1302 2326 1357 virtutem
2361 1306 2579 1373 propius
2605 1305 2863 1361 accedere
2891 1315 3068 1376 queat.
3116 1306 3323 1361 Etenim
3365 1307 3417 1360 in
3448 1306 3658 1360 itineri-

2075 1392 2174 1447 bus
2202 1394 2459 1449 faciendis
2502 1395 2727 1451 subditis
2753 1399 2928 1467 gravis
2955 1406 3039 1452 est
3059 1439 3071 1460 ,
3099 1406 3360 1466 praeterea
3388 1405 3443 1451 et
3474 1396 3657 1450 urbem

2077 1483 2343 1547 habitans,
2383 1495 2436 1538 et
2466 1500 2595 1554 pace
2621 1485 2824 1553 fruens,
2858 1496 2912 1542 et
2939 1488 3078 1542 bello
3105 1502 3322 1557 operam
3350 1487 3514 1553 dans,
3545 1496 3656 1540 tum

2075 1575 2269 1629 tributa
2301 1577 2539 1647 exigens,
2571 1586 2681 1632 tum
2709 1579 2975 1634 exercitus
3005 1580 3291 1649 colligens,
3328 1590 3438 1633 tum
3480 1578 3656 1649 capti-

2073 1681 2168 1721 vos
2210 1682 2410 1737 agens,
2451 1678 2501 1723 et
2534 1668 2660 1723 dum
2693 1670 2896 1736 vietor,
2943 1679 2996 1724 et
3022 1670 3152 1735 dum,
3176 1671 3346 1725 victus
3373 1679 3456 1724 est
3487 1688 3500 1724 :
3532 1684 3654 1723 nam

2072 1758 2197 1813 dum
2220 1760 2394 1813 victus
2420 1769 2522 1824 est,
2552 1761 2795 1816 subditos
2821 1762 3049 1833 propriis
3077 1763 3231 1817 malis
3256 1762 3426 1830 replet
3451 1779 3463 1815 :
3488 1760 3659 1814 victor

2071 1860 2248 1904 autem
2272 1851 2624 1908 intolerabilis
2645 1861 2745 1919 est,
2771 1855 2986 1924 tropzcis
3007 1869 3065 1909 se
3085 1868 3282 1908 ornans
3303 1861 3461 1924 atque
3485 1853 3652 1907 altum

2071 1942 2318 2011 sapiens,
2354 1955 2461 1998 tum
2495 1945 2754 2000 militibus
2790 1945 3036 2015 praebens
3077 1945 3347 2000 licentiam
3391 1943 3653 2015 rapiendi,

2070 2035 2414 2106 dcpraedandi
2437 2077 2452 2102 ,
2482 2037 2714 2091 viatores
2762 2036 2955 2106 injuria
2982 2036 3246 2091 efﬁciendi
3270 2078 3286 2103 ,
3318 2037 3479 2090 urbes
3507 2035 3655 2090 obsi-

2072 2127 2231 2183 dione
2258 2127 2526 2197 cingendi,
2556 2144 2849 2199 pauperum
2877 2128 3068 2183 domos
3093 2127 3470 2197 depopulandi,
3499 2127 3565 2182 ab
3593 2127 3657 2180 iis

2070 2237 2100 2275 a
2140 2220 2333 2290 quibus
2376 2221 2583 2290 excepti
2630 2221 2825 2275 fuerint
2855 2234 2918 2276 ea
2964 2220 3202 2291 quotidie
3247 2218 3492 2289 exigendi
3539 2232 3657 2288 qua:

2073 2312 2216 2366 nulla
2249 2314 2332 2366 lex
2362 2313 2640 2382 permittit,
2670 2313 2829 2382 idque
2856 2328 2951 2383 per
2977 2327 3190 2366 causam
3223 2312 3410 2381 priscae
3435 2309 3659 2379 alicujus

2068 2402 2473 2457 consuetudinis
2495 2403 2687 2472 iniquae
2708 2412 2760 2457 et
2782 2403 2990 2473 injustae
3012 2418 3025 2455 :
3050 2418 3169 2458 cum
3198 2403 3410 2457 interim
3433 2401 3653 2456 divitem

2071 2509 2168 2564 per
2198 2494 2501 2565 hujusmodi
2534 2497 2671 2549 mala
2714 2511 2805 2549 rex
2837 2495 3059 2550 minime
3086 2495 3264 2563 laedit,
3293 2493 3386 2550 sed
3413 2495 3482 2549 de
3520 2509 3653 2564 pan-

2070 2597 2278 2656 pertate
2305 2597 2510 2642 tantum
2542 2588 2680 2642 male
2706 2596 2961 2654 meretur,
2992 2588 3209 2658 perinde
3233 2588 3387 2658 quasi
3410 2604 3536 2644 vere
3564 2589 3653 2642 ille

2069 2678 2263 2733 divites
2286 2690 2554 2734 vereatur.
2580 2680 2648 2733 At
2668 2694 2795 2734 vero
2816 2695 2921 2734 non
2948 2680 3024 2734 sic
3049 2679 3360 2744 monachus,
3385 2680 3473 2748 qui
3495 2678 3654 2733 simul

2070 2779 2130 2825 ut
2158 2781 2477 2841 conspectus
2509 2770 2690 2835 fuerit,
2717 2772 2895 2825 statim
2924 2780 3029 2825 tam
3053 2770 3305 2825 divitibus
3329 2784 3490 2840 quam
3522 2784 3654 2839 pau-

2070 2863 2288 2932 peribus
2316 2863 2516 2918 donum
2544 2863 2756 2933 aliquod
2782 2863 3031 2929 aﬂ'erens,
3070 2863 3309 2933 utrisque
3337 2878 3489 2933 mque
3534 2878 3655 2916 mu-

2072 2954 2288 3009 niﬁcum
2332 2968 2390 3010 se
2430 2964 2668 3024 praestat,
2716 2971 2823 3009 uno
2865 2962 3071 3009 tantum
3115 2955 3313 3008 amictu
3360 2962 3471 3008 toto
3514 2968 3656 3008 anno

2070 3055 2248 3113 utens,
2283 3054 2390 3101 tum
2416 3061 2607 3116 aquam
2642 3047 2891 3102 libentius
2918 3046 3126 3111 bibens,
3150 3062 3308 3116 quam
3336 3062 3655 3117 generosum

2068 3137 2252 3191 vinum
2290 3136 2419 3203 alii;
2472 3151 2570 3206 pro
2609 3151 2668 3191 se
2707 3137 2919 3207 quidem
2964 3137 3167 3192 nullam
3211 3153 3384 3207 neque
3412 3154 3653 3210 parvam,

2070 3242 2244 3298 neque
2271 3242 2517 3298 magnam
2542 3242 2574 3281 a
2596 3228 2847 3283 divitibus
2871 3230 3093 3299 gratiam
3127 3229 3423 3298 postulans,
3455 3245 3551 3298 pro
3576 3230 3656 3284 iu-

2070 3319 2374 3390 digentibus
2397 3328 2576 3374 autem
2607 3328 2717 3373 tum
2748 3320 2961 3387 multas,
2992 3329 3101 3375 tum
3130 3323 3430 3387 continuas,
3456 3336 3655 3391 easque

2070 3410 2311 3480 utrisque
2334 3410 2719 3477 conducentes,
2743 3410 2847 3466 hoc
2871 3421 2970 3478 est,
2997 3421 3101 3466 tam
3131 3412 3194 3466 iis
3220 3412 3305 3482 qui
3334 3412 3650 3482 largiuntur,

2069 3518 2227 3572 quam
2259 3502 2324 3557 iis
2352 3503 2441 3572 qui
2469 3503 2743 3572 accepturi
2766 3512 2908 3557 sunt.
2942 3503 3032 3558 Sic
3060 3503 3139 3568 ﬁt,
3174 3514 3231 3557 ut
3254 3518 3535 3557 comunem
3567 3503 3654 3557 ille

2070 3604 2191 3664 agat
2218 3594 2482 3649 medicum
2510 3594 2733 3649 divitum
2759 3594 2908 3664 juxta
2935 3603 2989 3648 et
3017 3595 3255 3664 inpum,
3280 3594 3398 3648 illos
3420 3594 3654 3663 peccatis

2071 3685 2302 3741 liberans
2332 3700 2429 3756 per
2454 3686 2649 3740 bonam
2701 3685 3145 3750 admonitionem,
3180 3685 3277 3739 hos
3301 3684 3369 3739 ab
3406 3684 3650 3754 indigen-

2071 3780 2143 3833 tia
2171 3778 2433 3833 exitnens.
2463 3779 2533 3833 At
2567 3793 2661 3832 rex
2710 3778 2904 3833 tributa
2935 3776 3059 3831 dum
3091 3777 3268 3830 minus
3309 3776 3487 3846 gravia
3531 3789 3653 3830 esse

2065 3878 2237 3949 jubet,
2280 3876 2534 3932 divitibus
2578 3875 2766 3946 magis,
2816 3890 2974 3946 quam
3022 3872 3340 3943 pauperibus
3388 3870 3505 3924 usui
3548 3880 3650 3925 est.

2070 3969 2215 4024 Idem
2244 3968 2371 4023 dum
2399 3976 2586 4024 contra
2615 3966 2771 4030 facit,
2807 3980 3093 4036 paucarum
3132 3963 3436 4018 facultatum
3477 3961 3652 4016 domi-

2068 4076 2167 4115 nos
2211 4059 2356 4114 Iredit
2397 4077 2409 4112 :
2451 4074 2574 4112 nam
2619 4058 2769 4113 diviti
2811 4066 3022 4111 tenuem
3061 4055 3348 4109 admodum
3390 4054 3652 4124 jacturam

2068 4150 2306 4204 attulerit
2345 4149 2664 4203 tributorum
2705 4148 2970 4201 acerbitas
2999 4164 3012 4201 :
3050 4155 3102 4199 at
3134 4146 3325 4202 eadem
3356 4161 3652 4216 pauperum

2066 4242 2256 4295 domos
2299 4248 2570 4308 tamquam
2618 4248 2826 4292 torrens
2869 4236 3156 4303 distrahit,
3199 4237 3325 4291 fletu
3374 4238 3649 4306 complens

2069 4347 2249 4403 pagos,
2278 4345 2400 4384 cum
2427 4330 2638 4385 interim
2676 4344 2850 4398 neque
2870 4339 3119 4383 senectus
3143 4329 3208 4384 iis
3233 4329 3548 4384 miserabilis
3569 4341 3653 4384 est

2068 4425 2158 4495 qui
2196 4423 2389 4479 tributa
2413 4423 2652 4491 exigunt,
2692 4436 2867 4492 neque
2891 4421 3174 4475 mulierum
3197 4421 3447 4488 viduitas,
3477 4437 3650 4493 neque

2068 4516 2358 4570 liberorum
2397 4513 2638 4581 orbitas;
2679 4514 2918 4584 quinimo
2961 4524 3209 4583 proterve
3249 4514 3439 4583 agendi
3486 4516 3644 4570 finem

2067 4605 2274 4661 nullum
2306 4605 2380 4660 illi
2414 4604 2636 4671 faciunt,
2676 4619 2993 4660 communes
3022 4604 3236 4674 quidam
3266 4606 3499 4676 regionis
3544 4607 3644 4661 ho-

2068 4710 2209 4767 stes,
2254 4715 2374 4770 quae
2419 4699 2575 4754 tellus
2620 4713 2952 4769 nequaquam
3002 4697 3142 4763 tulit,
3190 4713 3252 4752 ea
3295 4698 3362 4753 ab
3401 4700 3650 4770 agricolis

2065 4792 2379 4862 exigentes;

2139 4883 2193 4937 4.
2220 4879 2562 4949 Beneﬁcentia
2589 4879 2824 4932 monachi
2850 4880 3015 4949 major
3044 4880 3203 4951 regia.
3222 4911 3291 4924 -—
3307 4883 3420 4951 Age
3446 4898 3573 4938 vero
3598 4893 3652 4938 et

2066 4973 2197 5031 illud
2243 4974 2463 5042 insuper
2486 4972 2872 5036 examinemus,
2913 4985 3140 5041 quanam
3170 4973 3222 5026 in
3266 4982 3418 5042 parte
3459 4988 3646 5028 mona-

2065 5065 2221 5132 chus,
2262 5079 2363 5134 qua
2392 5070 2577 5118 contra
2604 5063 2656 5116 in
2683 5068 2833 5131 parte
2866 5077 2957 5116 rex
2990 5062 3216 5117 subditis
3245 5062 3516 5118 beneﬁcus
3554 5064 3644 5119 sit.

2066 5155 2230 5226 Igitur
2258 5154 2345 5208 hic
2373 5152 2587 5224 quidem
2628 5167 2818 5206 aurum
2857 5153 3100 5223 largitur,
3146 5154 3231 5207 illc
3258 5169 3386 5208 vero
3426 5154 3646 5224 spiritus

2065 5247 2289 5317 gratiam
2318 5263 2330 5297 :
2365 5253 2623 5314 prmlerca
2649 5242 2788 5298 idem
2812 5244 2901 5299 hic
2929 5245 3055 5299 dum
3091 5245 3264 5300 bonus
3302 5253 3385 5299 est
3413 5260 3644 5316 pauper—

2066 5347 2227 5392 tatem
2250 5336 2424 5400 solvit,
2452 5335 2540 5389 ille
2578 5344 2754 5389 autem
2797 5337 3004 5391 animas
3042 5336 3341 5391 daemonum
3367 5337 3644 5407 tyrannide

2064 5443 2349 5500 Oppressas
2388 5427 2637 5498 precibus
2681 5427 2907 5483 liberat:
2935 5442 2998 5481 ac
3031 5427 3078 5481 si
3117 5429 3236 5497 quis
3275 5427 3412 5483 forte
3455 5429 3640 5499 hujus-

2062 5523 2210 5579 modi
2248 5523 2550 5578 calamitate
2592 5521 2896 5587 afflictetur,
2943 5520 2988 5573 is
3020 5533 3200 5588 regem
3240 5532 3507 5591 tamquam
3557 5522 3640 5577 in-

2062 5614 2240 5670 anime
2266 5613 2535 5685 quidpiam
2560 5613 2813 5683 praeterit,
2840 5612 2904 5665 ad
2940 5608 3319 5664 monachorum
3346 5626 3469 5667 vero
3490 5611 3642 5666 habi-

2063 5705 2298 5761 taculum
2324 5704 2581 5775 confugit,
2616 5702 2767 5773 quasi
2792 5701 2880 5771 qui
2911 5701 3180 5767 conspecti
3209 5700 3317 5770 lupi
3352 5703 3541 5757 timore
3573 5701 3638 5751 ad

2062 5781 2366 5857 venatorem
2393 5795 2625 5868 gladium
2662 5807 2821 5848 manu
2858 5797 3150 5862 gestantem
3190 5792 3305 5862 fuga
3342 5787 3636 5848 contendit.
