  <div class='ocr_page' id='page_1' title='image "/cluster/home/n/w/nwhite01/storage/ocr_20150623/47:no.1:pt.1/coo.31924054869460/353.png"; bbox 0 0 4032 6448; ppageno 0'>
   <div class='ocr_carea' id='block_1_1' title="bbox 405 323 513 375">
    <p class='ocr_par' dir='ltr' id='par_1_1' title="bbox 405 323 513 375">
     <span class='ocr_line' id='line_1_1' title="bbox 405 323 513 375; baseline -0.019 0"><span class='ocrx_word' id='word_1_1' title='bbox 405 323 513 375; x_wconf 64' lang='grc'><strong>’591</strong></span> 
     </span>
    </p>
   </div>
   <div class='ocr_carea' id='block_1_2' title="bbox 422 433 2009 506">
    <p class='ocr_par' dir='ltr' id='par_1_2' title="bbox 422 433 2009 506">
     <span class='ocr_line' id='line_1_2' title="bbox 422 433 2009 506; baseline -0.008 -9"><span class='ocrx_word' id='word_1_2' title='bbox 422 439 635 498; x_wconf 68' lang='grc' dir='ltr'>Ιέιειιὶιιι</span> <span class='ocrx_word' id='word_1_3' title='bbox 664 435 801 506; x_wconf 69' lang='lat' dir='ltr'><strong>quod</strong></span> <span class='ocrx_word' id='word_1_4' title='bbox 826 434 1061 488; x_wconf 79' lang='lat' dir='ltr'><strong>venatori</strong></span> <span class='ocrx_word' id='word_1_5' title='bbox 1092 433 1322 504; x_wconf 87' lang='lat' dir='ltr'><strong>gladius,</strong></span> <span class='ocrx_word' id='word_1_6' title='bbox 1349 433 1399 488; x_wconf 91' lang='lat' dir='ltr'><strong>id</strong></span> <span class='ocrx_word' id='word_1_7' title='bbox 1442 447 1630 504; x_wconf 90' lang='lat' dir='ltr'><strong>preces</strong></span> <span class='ocrx_word' id='word_1_8' title='bbox 1660 441 1784 487; x_wconf 90' lang='lat' dir='ltr'><strong>sunt</strong></span> <span class='ocrx_word' id='word_1_9' title='bbox 1819 446 2009 486; x_wconf 82' lang='lat' dir='ltr'><strong>mona-</strong></span> 
     </span>
    </p>
   </div>
   <div class='ocr_carea' id='block_1_3' title="bbox 421 523 2011 597">
    <p class='ocr_par' dir='ltr' id='par_1_3' title="bbox 421 523 2011 597">
     <span class='ocr_line' id='line_1_3' title="bbox 421 523 2011 597; baseline -0.006 -13"><span class='ocrx_word' id='word_1_10' title='bbox 421 535 523 586; x_wconf 79' lang='lat' dir='ltr'><strong>rho</strong></span> <span class='ocrx_word' id='word_1_11' title='bbox 549 548 563 587; x_wconf 88' lang='lat'><strong>:</strong></span> <span class='ocrx_word' id='word_1_12' title='bbox 591 542 760 595; x_wconf 87' lang='lat' dir='ltr'><strong>neque</strong></span> <span class='ocrx_word' id='word_1_13' title='bbox 787 542 918 580; x_wconf 89' lang='lat' dir='ltr'><strong>sane</strong></span> <span class='ocrx_word' id='word_1_14' title='bbox 938 527 1013 580; x_wconf 91' lang='lat' dir='ltr'><strong>sic</strong></span> <span class='ocrx_word' id='word_1_15' title='bbox 1037 525 1191 595; x_wconf 90' lang='lat' dir='ltr'><strong>lupos</strong></span> <span class='ocrx_word' id='word_1_16' title='bbox 1211 526 1439 597; x_wconf 80' lang='lat' dir='ltr'><strong>gladius,</strong></span> <span class='ocrx_word' id='word_1_17' title='bbox 1465 536 1521 579; x_wconf 91' lang='lat' dir='ltr'><strong>nt</strong></span> <span class='ocrx_word' id='word_1_18' title='bbox 1543 523 1817 579; x_wconf 63' lang='lat' dir='ltr'><strong>daemonas</strong></span> <span class='ocrx_word' id='word_1_19' title='bbox 1834 526 2011 594; x_wconf 88' lang='lat' dir='ltr'><strong>justu-</strong></span> 
     </span>
    </p>
   </div>
   <div class='ocr_carea' id='block_1_4' title="bbox 424 616 2015 692">
    <p class='ocr_par' dir='ltr' id='par_1_4' title="bbox 424 616 2015 692">
     <span class='ocr_line' id='line_1_4' title="bbox 424 616 2015 692; baseline -0.004 -14"><span class='ocrx_word' id='word_1_20' title='bbox 424 639 540 678; x_wconf 86' lang='lat' dir='ltr'><strong>rum</strong></span> <span class='ocrx_word' id='word_1_21' title='bbox 568 637 759 692; x_wconf 87' lang='lat' dir='ltr'><strong>preces</strong></span> <span class='ocrx_word' id='word_1_22' title='bbox 786 629 1006 674; x_wconf 84' lang='lat' dir='ltr'><strong>terrent.</strong></span> <span class='ocrx_word' id='word_1_23' title='bbox 1032 619 1343 688; x_wconf 82' lang='lat' dir='ltr'><strong>Itaquenon</strong></span> <span class='ocrx_word' id='word_1_24' title='bbox 1376 632 1474 672; x_wconf 91' lang='lat' dir='ltr'><strong>nos</strong></span> <span class='ocrx_word' id='word_1_25' title='bbox 1506 617 1671 672; x_wconf 90' lang='lat' dir='ltr'><strong>modo</strong></span> <span class='ocrx_word' id='word_1_26' title='bbox 1699 616 1767 671; x_wconf 92' lang='lat' dir='ltr'><strong>ad</strong></span> <span class='ocrx_word' id='word_1_27' title='bbox 1798 624 2015 672; x_wconf 89' lang='lat' dir='ltr'><strong>sanctos</strong></span> 
     </span>
    </p>
   </div>
   <div class='ocr_carea' id='block_1_5' title="bbox 428 709 2012 782">
    <p class='ocr_par' dir='ltr' id='par_1_5' title="bbox 428 709 2012 782">
     <span class='ocr_line' id='line_1_5' title="bbox 428 709 2012 782; baseline -0.003 -14"><span class='ocrx_word' id='word_1_28' title='bbox 428 713 737 782; x_wconf 82' lang='lat' dir='ltr'><strong>monachos,</strong></span> <span class='ocrx_word' id='word_1_29' title='bbox 785 712 909 767; x_wconf 90' lang='lat' dir='ltr'><strong>dum</strong></span> <span class='ocrx_word' id='word_1_30' title='bbox 949 711 1027 766; x_wconf 94' lang='lat' dir='ltr'><strong>rei</strong></span> <span class='ocrx_word' id='word_1_31' title='bbox 1058 726 1186 765; x_wconf 88' lang='lat' dir='ltr'><strong>usus</strong></span> <span class='ocrx_word' id='word_1_32' title='bbox 1225 712 1479 781; x_wconf 80' lang='lat' dir='ltr'><strong>postulat,</strong></span> <span class='ocrx_word' id='word_1_33' title='bbox 1521 709 1878 781; x_wconf 80' lang='lat' dir='ltr'><strong>confugimus,</strong></span> <span class='ocrx_word' id='word_1_34' title='bbox 1919 709 2012 765; x_wconf 92' lang='lat' dir='ltr'><strong>scd</strong></span> 
     </span>
    </p>
   </div>
   <div class='ocr_carea' id='block_1_6' title="bbox 427 801 2011 876">
    <p class='ocr_par' dir='ltr' id='par_1_6' title="bbox 427 801 2011 876">
     <span class='ocr_line' id='line_1_6' title="bbox 427 801 2011 876; baseline -0.001 -21"><span class='ocrx_word' id='word_1_35' title='bbox 427 806 509 860; x_wconf 71' lang='lat' dir='ltr'><strong>vel</strong></span> <span class='ocrx_word' id='word_1_36' title='bbox 529 820 684 876; x_wconf 87' lang='lat' dir='ltr'><strong>reges</strong></span> <span class='ocrx_word' id='word_1_37' title='bbox 706 805 803 875; x_wconf 88' lang='lat' dir='ltr'><strong>ipsi</strong></span> <span class='ocrx_word' id='word_1_38' title='bbox 843 804 910 859; x_wconf 89' lang='lat' dir='ltr'><strong>ad</strong></span> <span class='ocrx_word' id='word_1_39' title='bbox 949 803 1165 859; x_wconf 87' lang='lat' dir='ltr'><strong>eosdem</strong></span> <span class='ocrx_word' id='word_1_40' title='bbox 1191 804 1241 856; x_wconf 94' lang='lat' dir='ltr'><strong>in</strong></span> <span class='ocrx_word' id='word_1_41' title='bbox 1269 803 1601 873; x_wconf 89' lang='lat' dir='ltr'><strong>temporibus</strong></span> <span class='ocrx_word' id='word_1_42' title='bbox 1640 801 2011 868; x_wconf 83' lang='lat' dir='ltr'><strong>formidandis,</strong></span> 
     </span>
    </p>
   </div>
   <div class='ocr_carea' id='block_1_7' title="bbox 429 892 2015 968">
    <p class='ocr_par' dir='ltr' id='par_1_7' title="bbox 429 892 2015 968">
     <span class='ocr_line' id='line_1_7' title="bbox 429 892 2015 968; baseline -0.002 -18"><span class='ocrx_word' id='word_1_43' title='bbox 429 898 565 952; x_wconf 87' lang='lat' dir='ltr'><strong>hattd</strong></span> <span class='ocrx_word' id='word_1_44' title='bbox 598 898 757 954; x_wconf 86' lang='lat' dir='ltr'><strong>aliter</strong></span> <span class='ocrx_word' id='word_1_45' title='bbox 785 913 941 968; x_wconf 87' lang='lat' dir='ltr'><strong>quam</strong></span> <span class='ocrx_word' id='word_1_46' title='bbox 978 896 1132 950; x_wconf 89' lang='lat' dir='ltr'><strong>famis</strong></span> <span class='ocrx_word' id='word_1_47' title='bbox 1163 905 1405 965; x_wconf 89' lang='lat' dir='ltr'><strong>tempore</strong></span> <span class='ocrx_word' id='word_1_48' title='bbox 1435 894 1804 950; x_wconf 66' lang='lat' dir='ltr'><strong>mendicantes</strong></span> <span class='ocrx_word' id='word_1_49' title='bbox 1833 892 1899 947; x_wconf 88' lang='lat' dir='ltr'><strong>ad</strong></span> <span class='ocrx_word' id='word_1_50' title='bbox 1928 892 2015 948; x_wconf 87' lang='lat' dir='ltr'><strong>di-</strong></span> 
     </span>
    </p>
   </div>
   <div class='ocr_carea' id='block_1_8' title="bbox 429 976 2014 1059">
    <p class='ocr_par' dir='ltr' id='par_1_8' title="bbox 429 976 2014 1059">
     <span class='ocr_line' id='line_1_8' title="bbox 429 976 2014 1059; baseline -0.001 -16"><span class='ocrx_word' id='word_1_51' title='bbox 429 994 591 1045; x_wconf 83' lang='lat' dir='ltr'><strong>vitum</strong></span> <span class='ocrx_word' id='word_1_52' title='bbox 624 989 827 1045; x_wconf 80' lang='lat' dir='ltr'><strong>‘domos</strong></span> <span class='ocrx_word' id='word_1_53' title='bbox 871 989 1201 1059; x_wconf 86' lang='lat' dir='ltr'><strong>confugiunt.</strong></span> <span class='ocrx_word' id='word_1_54' title='bbox 1249 976 1438 1043; x_wconf 89' lang='lat' dir='ltr'><strong>Nonne</strong></span> <span class='ocrx_word' id='word_1_55' title='bbox 1479 987 1664 1042; x_wconf 84' lang='lat' dir='ltr'><strong>Achab</strong></span> <span class='ocrx_word' id='word_1_56' title='bbox 1705 986 2014 1042; x_wconf 67' lang='lat' dir='ltr'><strong>Judazorum</strong></span> 
     </span>
    </p>
   </div>
   <div class='ocr_carea' id='block_1_9' title="bbox 425 1079 2019 1154">
    <p class='ocr_par' dir='ltr' id='par_1_9' title="bbox 425 1079 2019 1154">
     <span class='ocr_line' id='line_1_9' title="bbox 425 1079 2019 1154; baseline 0.001 -21"><span class='ocrx_word' id='word_1_57' title='bbox 425 1097 520 1137; x_wconf 89' lang='lat' dir='ltr'><strong>rex</strong></span> <span class='ocrx_word' id='word_1_58' title='bbox 548 1099 641 1151; x_wconf 85' lang='lat' dir='ltr'><strong>per</strong></span> <span class='ocrx_word' id='word_1_59' title='bbox 664 1080 857 1138; x_wconf 83' lang='lat' dir='ltr'><strong>famem</strong></span> <span class='ocrx_word' id='word_1_60' title='bbox 883 1092 936 1137; x_wconf 92' lang='lat' dir='ltr'><strong>et</strong></span> <span class='ocrx_word' id='word_1_61' title='bbox 958 1098 1183 1137; x_wconf 78' lang='lat' dir='ltr'><strong>annonae</strong></span> <span class='ocrx_word' id='word_1_62' title='bbox 1204 1082 1483 1136; x_wconf 82' lang='lat' dir='ltr'><strong>caritatem</strong></span> <span class='ocrx_word' id='word_1_63' title='bbox 1508 1081 1558 1154; x_wconf 72' lang='lat' dir='ltr'><strong>ig</strong></span> <span class='ocrx_word' id='word_1_64' title='bbox 1586 1081 1750 1135; x_wconf 81' lang='lat' dir='ltr'><strong>Heliae</strong></span> <span class='ocrx_word' id='word_1_65' title='bbox 1773 1079 2019 1149; x_wconf 88' lang='lat' dir='ltr'><strong>precibus</strong></span> 
     </span>
    </p>
   </div>
   <div class='ocr_carea' id='block_1_10' title="bbox 432 1172 2016 1245">
    <p class='ocr_par' dir='ltr' id='par_1_10' title="bbox 432 1172 2016 1245">
     <span class='ocr_line' id='line_1_10' title="bbox 432 1172 2016 1245; baseline 0 -18"><span class='ocrx_word' id='word_1_66' title='bbox 432 1191 582 1244; x_wconf 84' lang='lat' dir='ltr'><strong>spem</strong></span> <span class='ocrx_word' id='word_1_67' title='bbox 608 1177 787 1245; x_wconf 80' lang='lat' dir='ltr'><strong>posuit</strong></span> <span class='ocrx_word' id='word_1_68' title='bbox 827 1176 1020 1230; x_wconf 81' lang='lat' dir='ltr'><strong>suam?</strong></span> <span class='ocrx_word' id='word_1_69' title='bbox 1062 1190 1240 1231; x_wconf 83' lang='lat' dir='ltr'><strong>nonne</strong></span> <span class='ocrx_word' id='word_1_70' title='bbox 1262 1173 1524 1230; x_wconf 85' lang='lat' dir='ltr'><strong>Ezechias</strong></span> <span class='ocrx_word' id='word_1_71' title='bbox 1553 1174 1571 1206; x_wconf 75' lang='grc' dir='ltr'>ί</span> <span class='ocrx_word' id='word_1_72' title='bbox 1596 1174 1668 1245; x_wconf 70' lang='grc'><strong>(4.</strong></span> <span class='ocrx_word' id='word_1_73' title='bbox 1692 1172 1822 1243; x_wconf 86' lang='lat' dir='ltr'><strong>Reg.</strong></span> <span class='ocrx_word' id='word_1_74' title='bbox 1844 1172 1936 1227; x_wconf 70' lang='lat'><strong>20.</strong></span> <span class='ocrx_word' id='word_1_75' title='bbox 1964 1173 2016 1243; x_wconf 73' lang='lat' dir='ltr'><strong>i)</strong></span> 
     </span>
    </p>
   </div>
   <div class='ocr_carea' id='block_1_11' title="bbox 434 1264 2020 1339">
    <p class='ocr_par' dir='ltr' id='par_1_11' title="bbox 434 1264 2020 1339">
     <span class='ocr_line' id='line_1_11' title="bbox 434 1264 2020 1339; baseline 0.001 -20"><span class='ocrx_word' id='word_1_76' title='bbox 434 1266 559 1321; x_wconf 84' lang='lat' dir='ltr'><strong>illud</strong></span> <span class='ocrx_word' id='word_1_77' title='bbox 591 1267 730 1321; x_wconf 86' lang='lat' dir='ltr'><strong>idem</strong></span> <span class='ocrx_word' id='word_1_78' title='bbox 759 1267 1065 1339; x_wconf 85' lang='lat' dir='ltr'><strong>imperium,</strong></span> <span class='ocrx_word' id='word_1_79' title='bbox 1096 1266 1242 1321; x_wconf 90' lang='lat' dir='ltr'><strong>illum</strong></span> <span class='ocrx_word' id='word_1_80' title='bbox 1269 1267 1516 1322; x_wconf 90' lang='lat' dir='ltr'><strong>eumdem</strong></span> <span class='ocrx_word' id='word_1_81' title='bbox 1544 1266 1901 1336; x_wconf 83' lang='lat' dir='ltr'><strong>principatum</strong></span> <span class='ocrx_word' id='word_1_82' title='bbox 1924 1264 2020 1320; x_wconf 90' lang='lat' dir='ltr'><strong>ob-</strong></span> 
     </span>
    </p>
   </div>
   <div class='ocr_carea' id='block_1_12' title="bbox 429 1352 2069 1429">
    <p class='ocr_par' dir='ltr' id='par_1_12' title="bbox 429 1352 2069 1429">
     <span class='ocr_line' id='line_1_12' title="bbox 429 1352 2069 1429; baseline -0.002 -16"><span class='ocrx_word' id='word_1_83' title='bbox 429 1360 624 1427; x_wconf 89' lang='lat' dir='ltr'><strong>tinens,</strong></span> <span class='ocrx_word' id='word_1_84' title='bbox 665 1375 836 1429; x_wconf 78' lang='lat' dir='ltr'><strong>:rger,</strong></span> <span class='ocrx_word' id='word_1_85' title='bbox 878 1374 941 1413; x_wconf 92' lang='lat' dir='ltr'><strong>ac</strong></span> <span class='ocrx_word' id='word_1_86' title='bbox 974 1358 1194 1429; x_wconf 81' lang='lat' dir='ltr'><strong>janq’am</strong></span> <span class='ocrx_word' id='word_1_87' title='bbox 1236 1358 1551 1424; x_wconf 88' lang='lat' dir='ltr'><strong>moriturus,</strong></span> <span class='ocrx_word' id='word_1_88' title='bbox 1595 1356 1881 1411; x_wconf 75' lang='lat' dir='ltr'><strong>inatantem</strong></span> <span class='ocrx_word' id='word_1_89' title='bbox 1922 1356 2020 1411; x_wconf 87' lang='lat' dir='ltr'><strong>sibi</strong></span> <span class='ocrx_word' id='word_1_90' title='bbox 2060 1352 2069 1361; x_wconf 85' lang='grc'><strong>’</strong></span> 
     </span>
    </p>
   </div>
   <div class='ocr_carea' id='block_1_13' title="bbox 436 1449 2021 1520">
    <p class='ocr_par' dir='ltr' id='par_1_13' title="bbox 436 1449 2021 1520">
     <span class='ocr_line' id='line_1_13' title="bbox 436 1449 2021 1520; baseline -0.001 -17"><span class='ocrx_word' id='word_1_91' title='bbox 436 1462 662 1506; x_wconf 87' lang='lat' dir='ltr'><strong>mortem</strong></span> <span class='ocrx_word' id='word_1_92' title='bbox 703 1466 823 1506; x_wconf 91' lang='lat' dir='ltr'><strong>cum</strong></span> <span class='ocrx_word' id='word_1_93' title='bbox 866 1452 1092 1515; x_wconf 77' lang='lat' dir='ltr'><strong>videret,</strong></span> <span class='ocrx_word' id='word_1_94' title='bbox 1135 1450 1201 1505; x_wconf 89' lang='lat' dir='ltr'><strong>ad</strong></span> <span class='ocrx_word' id='word_1_95' title='bbox 1244 1450 1561 1520; x_wconf 83' lang='lat' dir='ltr'><strong>prephetam</strong></span> <span class='ocrx_word' id='word_1_96' title='bbox 1601 1449 1859 1520; x_wconf 78' lang='lat' dir='ltr'><strong>confugit,</strong></span> <span class='ocrx_word' id='word_1_97' title='bbox 1892 1456 2021 1502; x_wconf 87' lang='lat' dir='ltr'><strong>tan-</strong></span> 
     </span>
    </p>
   </div>
   <div class='ocr_carea' id='block_1_14' title="bbox 435 1539 2020 1612">
    <p class='ocr_par' dir='ltr' id='par_1_14' title="bbox 435 1539 2020 1612">
     <span class='ocr_line' id='line_1_14' title="bbox 435 1539 2020 1612; baseline 0.001 -21"><span class='ocrx_word' id='word_1_98' title='bbox 435 1559 590 1611; x_wconf 90' lang='lat' dir='ltr'><strong>quam</strong></span> <span class='ocrx_word' id='word_1_99' title='bbox 618 1554 790 1597; x_wconf 91' lang='lat' dir='ltr'><strong>morte</strong></span> <span class='ocrx_word' id='word_1_100' title='bbox 820 1542 1195 1612; x_wconf 90' lang='lat' dir='ltr'><strong>potentiorem,</strong></span> <span class='ocrx_word' id='word_1_101' title='bbox 1228 1556 1292 1596; x_wconf 76' lang='lat' dir='ltr'><strong>ac</strong></span> <span class='ocrx_word' id='word_1_102' title='bbox 1317 1542 1440 1597; x_wconf 76' lang='lat' dir='ltr'><strong>vita:</strong></span> <span class='ocrx_word' id='word_1_103' title='bbox 1476 1539 1826 1611; x_wconf 82' lang='lat' dir='ltr'><strong>largitorem?</strong></span> <span class='ocrx_word' id='word_1_104' title='bbox 1862 1539 2020 1610; x_wconf 81' lang='lat' dir='ltr'><strong>Atqui</strong></span> 
     </span>
    </p>
   </div>
   <div class='ocr_carea' id='block_1_15' title="bbox 437 1632 2021 1705">
    <p class='ocr_par' dir='ltr' id='par_1_15' title="bbox 437 1632 2021 1705">
     <span class='ocr_line' id='line_1_15' title="bbox 437 1632 2021 1705; baseline -0.001 -19"><span class='ocrx_word' id='word_1_105' title='bbox 437 1636 572 1690; x_wconf 89' lang='lat' dir='ltr'><strong>ncllo</strong></span> <span class='ocrx_word' id='word_1_106' title='bbox 592 1646 912 1705; x_wconf 85' lang='lat' dir='ltr'><strong>erumpente</strong></span> <span class='ocrx_word' id='word_1_107' title='bbox 941 1634 1330 1704; x_wconf 70' lang='lat' dir='ltr'><strong>Palmstinaque</strong></span> <span class='ocrx_word' id='word_1_108' title='bbox 1353 1632 1405 1687; x_wconf 91' lang='lat' dir='ltr'><strong>in</strong></span> <span class='ocrx_word' id='word_1_109' title='bbox 1446 1642 1650 1688; x_wconf 90' lang='lat' dir='ltr'><strong>tantum</strong></span> <span class='ocrx_word' id='word_1_110' title='bbox 1673 1632 1900 1687; x_wconf 87' lang='lat' dir='ltr'><strong>adducta</strong></span> <span class='ocrx_word' id='word_1_111' title='bbox 1926 1646 2021 1701; x_wconf 90' lang='lat' dir='ltr'><strong>pe-</strong></span> 
     </span>
    </p>
   </div>
   <div class='ocr_carea' id='block_1_16' title="bbox 435 1724 2024 1794">
    <p class='ocr_par' dir='ltr' id='par_1_16' title="bbox 435 1724 2024 1794">
     <span class='ocr_line' id='line_1_16' title="bbox 435 1724 2024 1794; baseline -0.002 -13"><span class='ocrx_word' id='word_1_112' title='bbox 435 1729 678 1792; x_wconf 83' lang='lat' dir='ltr'><strong>riculum,</strong></span> <span class='ocrx_word' id='word_1_113' title='bbox 702 1735 757 1781; x_wconf 91' lang='lat' dir='ltr'><strong>ut</strong></span> <span class='ocrx_word' id='word_1_114' title='bbox 778 1726 1016 1782; x_wconf 85' lang='lat' dir='ltr'><strong>funditus</strong></span> <span class='ocrx_word' id='word_1_115' title='bbox 1037 1725 1333 1781; x_wconf 86' lang='lat' dir='ltr'><strong>excidenda</strong></span> <span class='ocrx_word' id='word_1_116' title='bbox 1355 1736 1519 1791; x_wconf 83' lang='lat' dir='ltr'><strong>esset,</strong></span> <span class='ocrx_word' id='word_1_117' title='bbox 1538 1724 1846 1781; x_wconf 77' lang='lat' dir='ltr'><strong>Judmorum</strong></span> <span class='ocrx_word' id='word_1_118' title='bbox 1870 1738 2024 1794; x_wconf 81' lang='lat' dir='ltr'><strong>rcges</strong></span> 
     </span>
    </p>
   </div>
   <div class='ocr_carea' id='block_1_17' title="bbox 434 1815 2026 1888">
    <p class='ocr_par' dir='ltr' id='par_1_17' title="bbox 434 1815 2026 1888">
     <span class='ocr_line' id='line_1_17' title="bbox 434 1815 2026 1888; baseline -0.003 -16"><span class='ocrx_word' id='word_1_119' title='bbox 434 1820 653 1874; x_wconf 87' lang='lat' dir='ltr'><strong>dimisso</strong></span> <span class='ocrx_word' id='word_1_120' title='bbox 683 1819 948 1886; x_wconf 84' lang='lat' dir='ltr'><strong>exercitu,</strong></span> <span class='ocrx_word' id='word_1_121' title='bbox 973 1818 1209 1873; x_wconf 86' lang='lat' dir='ltr'><strong>dimissis</strong></span> <span class='ocrx_word' id='word_1_122' title='bbox 1230 1817 1517 1888; x_wconf 89' lang='lat' dir='ltr'><strong>peditibus,</strong></span> <span class='ocrx_word' id='word_1_123' title='bbox 1548 1815 1858 1886; x_wconf 80' lang='lat' dir='ltr'><strong>sagittariis,</strong></span> <span class='ocrx_word' id='word_1_124' title='bbox 1884 1815 2026 1886; x_wconf 91' lang='lat' dir='ltr'><strong>equi-</strong></span> 
     </span>
    </p>
   </div>
   <div class='ocr_carea' id='block_1_18' title="bbox 434 1908 2026 1979">
    <p class='ocr_par' dir='ltr' id='par_1_18' title="bbox 434 1908 2026 1979">
     <span class='ocr_line' id='line_1_18' title="bbox 434 1908 2026 1979; baseline -0.002 -13"><span class='ocrx_word' id='word_1_125' title='bbox 434 1914 594 1979; x_wconf 79' lang='lat' dir='ltr'><strong>tibus,</strong></span> <span class='ocrx_word' id='word_1_126' title='bbox 638 1912 901 1978; x_wconf 89' lang='lat' dir='ltr'><strong>ducibus,</strong></span> <span class='ocrx_word' id='word_1_127' title='bbox 945 1908 1384 1976; x_wconf 83' lang='lat' dir='ltr'><strong>centurionibus,</strong></span> <span class='ocrx_word' id='word_1_128' title='bbox 1429 1910 1496 1965; x_wconf 90' lang='lat' dir='ltr'><strong>ad</strong></span> <span class='ocrx_word' id='word_1_129' title='bbox 1522 1910 1715 1967; x_wconf 80' lang='lat' dir='ltr'><strong>.Elisa-i</strong></span> <span class='ocrx_word' id='word_1_130' title='bbox 1752 1924 1937 1978; x_wconf 87' lang='lat' dir='ltr'><strong>preces</strong></span> <span class='ocrx_word' id='word_1_131' title='bbox 1968 1924 2026 1963; x_wconf 89' lang='lat' dir='ltr'><strong>se</strong></span> 
     </span>
    </p>
   </div>
   <div class='ocr_carea' id='block_1_19' title="bbox 435 2002 2025 2073">
    <p class='ocr_par' dir='ltr' id='par_1_19' title="bbox 435 2002 2025 2073">
     <span class='ocr_line' id='line_1_19' title="bbox 435 2002 2025 2073; baseline -0.001 -17"><span class='ocrx_word' id='word_1_132' title='bbox 435 2014 754 2073; x_wconf 85' lang='lat' dir='ltr'><strong>receperunt</strong></span> <span class='ocrx_word' id='word_1_133' title='bbox 783 2021 794 2056; x_wconf 93' lang='lat'>:</span> <span class='ocrx_word' id='word_1_134' title='bbox 821 2003 1203 2059; x_wconf 79' lang='lat' dir='ltr'><strong>existimabant</strong></span> <span class='ocrx_word' id='word_1_135' title='bbox 1225 2002 1368 2058; x_wconf 88' lang='lat' dir='ltr'><strong>enim</strong></span> <span class='ocrx_word' id='word_1_136' title='bbox 1399 2003 1488 2057; x_wconf 84' lang='lat' dir='ltr'><strong>Dei</strong></span> <span class='ocrx_word' id='word_1_137' title='bbox 1515 2018 1730 2058; x_wconf 87' lang='lat' dir='ltr'><strong>servum</strong></span> <span class='ocrx_word' id='word_1_138' title='bbox 1759 2002 1858 2056; x_wconf 90' lang='lat' dir='ltr'><strong>sibi</strong></span> <span class='ocrx_word' id='word_1_139' title='bbox 1886 2002 2025 2055; x_wconf 84' lang='lat' dir='ltr'><strong>inul-</strong></span> 
     </span>
    </p>
   </div>
   <div class='ocr_carea' id='block_1_20' title="bbox 437 2092 2024 2167">
    <p class='ocr_par' dir='ltr' id='par_1_20' title="bbox 437 2092 2024 2167">
     <span class='ocr_line' id='line_1_20' title="bbox 437 2092 2024 2167; baseline -0.001 -19"><span class='ocrx_word' id='word_1_140' title='bbox 437 2109 606 2150; x_wconf 84' lang='lat' dir='ltr'><strong>tarum</strong></span> <span class='ocrx_word' id='word_1_141' title='bbox 639 2095 935 2167; x_wconf 83' lang='lat' dir='ltr'><strong>myriadum</strong></span> <span class='ocrx_word' id='word_1_142' title='bbox 964 2096 1132 2150; x_wconf 90' lang='lat' dir='ltr'><strong>instar</strong></span> <span class='ocrx_word' id='word_1_143' title='bbox 1157 2096 1291 2150; x_wconf 86' lang='lat' dir='ltr'><strong>fore.</strong></span> <span class='ocrx_word' id='word_1_144' title='bbox 1314 2092 1504 2149; x_wconf 86' lang='lat' dir='ltr'><strong>Itidem</strong></span> <span class='ocrx_word' id='word_1_145' title='bbox 1529 2102 1583 2149; x_wconf 92' lang='lat' dir='ltr'><strong>et</strong></span> <span class='ocrx_word' id='word_1_146' title='bbox 1615 2092 1871 2148; x_wconf 82' lang='lat' dir='ltr'><strong>Ezechias</strong></span> <span class='ocrx_word' id='word_1_147' title='bbox 1911 2108 2024 2158; x_wconf 89' lang='lat' dir='ltr'><strong>rex,</strong></span> 
     </span>
    </p>
   </div>
   <div class='ocr_carea' id='block_1_21' title="bbox 436 2182 2028 2251">
    <p class='ocr_par' dir='ltr' id='par_1_21' title="bbox 436 2182 2028 2251">
     <span class='ocr_line' id='line_1_21' title="bbox 436 2182 2028 2251; baseline -0.002 -13"><span class='ocrx_word' id='word_1_148' title='bbox 436 2186 577 2239; x_wconf 80' lang='lat' dir='ltr'><strong>bello</strong></span> <span class='ocrx_word' id='word_1_149' title='bbox 606 2186 823 2240; x_wconf 86' lang='lat' dir='ltr'><strong>Persico</strong></span> <span class='ocrx_word' id='word_1_150' title='bbox 847 2185 1102 2251; x_wconf 88' lang='lat' dir='ltr'><strong>instante,</strong></span> <span class='ocrx_word' id='word_1_151' title='bbox 1132 2199 1252 2239; x_wconf 91' lang='lat' dir='ltr'><strong>cum</strong></span> <span class='ocrx_word' id='word_1_152' title='bbox 1279 2184 1431 2239; x_wconf 86' lang='lat' dir='ltr'><strong>urbis</strong></span> <span class='ocrx_word' id='word_1_153' title='bbox 1465 2183 1732 2238; x_wconf 76' lang='lat' dir='ltr'><strong>excidium</strong></span> <span class='ocrx_word' id='word_1_154' title='bbox 1774 2182 2028 2237; x_wconf 85' lang='lat' dir='ltr'><strong>immine-</strong></span> 
     </span>
    </p>
   </div>
   <div class='ocr_carea' id='block_1_22' title="bbox 436 2275 2028 2347">
    <p class='ocr_par' dir='ltr' id='par_1_22' title="bbox 436 2275 2028 2347">
     <span class='ocr_line' id='line_1_22' title="bbox 436 2275 2028 2347; baseline -0.003 -17"><span class='ocrx_word' id='word_1_155' title='bbox 436 2286 534 2342; x_wconf 80' lang='lat' dir='ltr'><strong>rel,</strong></span> <span class='ocrx_word' id='word_1_156' title='bbox 555 2275 872 2347; x_wconf 67' lang='lat' dir='ltr'><strong>~civibusque</strong></span> <span class='ocrx_word' id='word_1_157' title='bbox 900 2275 989 2343; x_wconf 80' lang='lat' dir='ltr'><strong>qui</strong></span> <span class='ocrx_word' id='word_1_158' title='bbox 1014 2292 1108 2346; x_wconf 93' lang='lat' dir='ltr'><strong>pro</strong></span> <span class='ocrx_word' id='word_1_159' title='bbox 1131 2276 1398 2331; x_wconf 71' lang='lat' dir='ltr'><strong>mmuibus</strong></span> <span class='ocrx_word' id='word_1_160' title='bbox 1421 2284 1625 2329; x_wconf 81' lang='lat' dir='ltr'><strong>starent</strong></span> <span class='ocrx_word' id='word_1_161' title='bbox 1652 2275 1761 2343; x_wconf 84' lang='lat' dir='ltr'><strong>jam</strong></span> <span class='ocrx_word' id='word_1_162' title='bbox 1789 2284 2028 2328; x_wconf 87' lang='lat' dir='ltr'><strong>tremen-</strong></span> 
     </span>
    </p>
   </div>
   <div class='ocr_carea' id='block_1_23' title="bbox 437 2368 2028 2439">
    <p class='ocr_par' dir='ltr' id='par_1_23' title="bbox 437 2368 2028 2439">
     <span class='ocr_line' id='line_1_23' title="bbox 437 2368 2028 2439; baseline 0 -19"><span class='ocrx_word' id='word_1_163' title='bbox 437 2369 595 2433; x_wconf 87' lang='lat' dir='ltr'><strong>tibus,</strong></span> <span class='ocrx_word' id='word_1_164' title='bbox 628 2368 1012 2434; x_wconf 88' lang='lat' dir='ltr'><strong>metnentibus,</strong></span> <span class='ocrx_word' id='word_1_165' title='bbox 1038 2383 1101 2424; x_wconf 91' lang='lat' dir='ltr'><strong>ac</strong></span> <span class='ocrx_word' id='word_1_166' title='bbox 1127 2369 1349 2439; x_wconf 87' lang='lat' dir='ltr'><strong>perinde</strong></span> <span class='ocrx_word' id='word_1_167' title='bbox 1376 2369 1681 2436; x_wconf 87' lang='lat' dir='ltr'><strong>commotis,</strong></span> <span class='ocrx_word' id='word_1_168' title='bbox 1707 2376 1765 2422; x_wconf 80' lang='lat' dir='ltr'><strong>ut</strong></span> <span class='ocrx_word' id='word_1_169' title='bbox 1786 2383 2028 2423; x_wconf 82' lang='lat' dir='ltr'><strong>commo-</strong></span> 
     </span>
    </p>
   </div>
   <div class='ocr_carea' id='block_1_24' title="bbox 442 2461 2032 2533">
    <p class='ocr_par' dir='ltr' id='par_1_24' title="bbox 442 2461 2032 2533">
     <span class='ocr_line' id='line_1_24' title="bbox 442 2461 2032 2533; baseline 0.001 -19"><span class='ocrx_word' id='word_1_170' title='bbox 442 2463 554 2516; x_wconf 83' lang='lat' dir='ltr'><strong>veri</strong></span> <span class='ocrx_word' id='word_1_171' title='bbox 598 2461 845 2518; x_wconf 85' lang='lat' dir='ltr'><strong>homines</strong></span> <span class='ocrx_word' id='word_1_172' title='bbox 884 2462 1105 2528; x_wconf 89' lang='lat' dir='ltr'><strong>solent,</strong></span> <span class='ocrx_word' id='word_1_173' title='bbox 1149 2463 1361 2533; x_wconf 89' lang='lat' dir='ltr'><strong>quoties</strong></span> <span class='ocrx_word' id='word_1_174' title='bbox 1394 2463 1476 2517; x_wconf 90' lang='lat' dir='ltr'><strong>vel</strong></span> <span class='ocrx_word' id='word_1_175' title='bbox 1518 2463 1716 2517; x_wconf 87' lang='lat' dir='ltr'><strong>tonitru</strong></span> <span class='ocrx_word' id='word_1_176' title='bbox 1749 2461 1833 2517; x_wconf 86' lang='lat' dir='ltr'><strong>vel</strong></span> <span class='ocrx_word' id='word_1_177' title='bbox 1875 2470 2032 2517; x_wconf 72' lang='lat' dir='ltr'><strong>terra:</strong></span> 
     </span>
    </p>
   </div>
   <div class='ocr_carea' id='block_1_25' title="bbox 439 2555 2032 2626">
    <p class='ocr_par' dir='ltr' id='par_1_25' title="bbox 439 2555 2032 2626">
     <span class='ocr_line' id='line_1_25' title="bbox 439 2555 2032 2626; baseline 0.002 -20"><span class='ocrx_word' id='word_1_178' title='bbox 439 2565 642 2609; x_wconf 82' lang='lat' dir='ltr'><strong>motum</strong></span> <span class='ocrx_word' id='word_1_179' title='bbox 683 2555 863 2609; x_wconf 86' lang='lat' dir='ltr'><strong>omnia</strong></span> <span class='ocrx_word' id='word_1_180' title='bbox 904 2556 1232 2625; x_wconf 83' lang='lat' dir='ltr'><strong>quatientem</strong></span> <span class='ocrx_word' id='word_1_181' title='bbox 1273 2563 1609 2625; x_wconf 74' lang='lat' dir='ltr'><strong>eXSpectant,</strong></span> <span class='ocrx_word' id='word_1_182' title='bbox 1654 2556 1804 2611; x_wconf 66' lang='lat' dir='ltr'><strong>Isaia:</strong></span> <span class='ocrx_word' id='word_1_183' title='bbox 1846 2570 2032 2626; x_wconf 88' lang='lat' dir='ltr'><strong>preces</strong></span> 
     </span>
    </p>
   </div>
   <div class='ocr_carea' id='block_1_26' title="bbox 437 2645 2030 2717">
    <p class='ocr_par' dir='ltr' id='par_1_26' title="bbox 437 2645 2030 2717">
     <span class='ocr_line' id='line_1_26' title="bbox 437 2645 2030 2717; baseline 0 -19"><span class='ocrx_word' id='word_1_184' title='bbox 437 2646 618 2699; x_wconf 88' lang='lat' dir='ltr'><strong>multis</strong></span> <span class='ocrx_word' id='word_1_185' title='bbox 643 2645 928 2701; x_wconf 79' lang='lat' dir='ltr'><strong>Persarum</strong></span> <span class='ocrx_word' id='word_1_186' title='bbox 968 2646 1202 2701; x_wconf 87' lang='lat' dir='ltr'><strong>millibus</strong></span> <span class='ocrx_word' id='word_1_187' title='bbox 1244 2647 1515 2716; x_wconf 79' lang='lat' dir='ltr'><strong>Opposuit,</strong></span> <span class='ocrx_word' id='word_1_188' title='bbox 1545 2662 1717 2717; x_wconf 87' lang='lat' dir='ltr'><strong>neque</strong></span> <span class='ocrx_word' id='word_1_189' title='bbox 1756 2661 1852 2701; x_wconf 86' lang='lat' dir='ltr'><strong>sua</strong></span> <span class='ocrx_word' id='word_1_190' title='bbox 1884 2646 2030 2699; x_wconf 88' lang='lat' dir='ltr'><strong>illutn</strong></span> 
     </span>
    </p>
   </div>
   <div class='ocr_carea' id='block_1_27' title="bbox 438 2735 2028 2808">
    <p class='ocr_par' dir='ltr' id='par_1_27' title="bbox 438 2735 2028 2808">
     <span class='ocr_line' id='line_1_27' title="bbox 438 2735 2028 2808; baseline 0.001 -21"><span class='ocrx_word' id='word_1_191' title='bbox 438 2751 564 2805; x_wconf 83' lang='lat' dir='ltr'><strong>spes</strong></span> <span class='ocrx_word' id='word_1_192' title='bbox 591 2735 797 2792; x_wconf 82' lang='lat' dir='ltr'><strong>fefellit.</strong></span> <span class='ocrx_word' id='word_1_193' title='bbox 828 2736 959 2791; x_wconf 84' lang='lat' dir='ltr'><strong>Nam</strong></span> <span class='ocrx_word' id='word_1_194' title='bbox 987 2737 1143 2792; x_wconf 85' lang='lat' dir='ltr'><strong>simul</strong></span> <span class='ocrx_word' id='word_1_195' title='bbox 1173 2748 1229 2791; x_wconf 92' lang='lat' dir='ltr'><strong>ut</strong></span> <span class='ocrx_word' id='word_1_196' title='bbox 1250 2737 1512 2808; x_wconf 73' lang='lat' dir='ltr'><strong>propheta</strong></span> <span class='ocrx_word' id='word_1_197' title='bbox 1545 2752 1738 2793; x_wconf 89' lang='lat' dir='ltr'><strong>manus</strong></span> <span class='ocrx_word' id='word_1_198' title='bbox 1763 2737 1814 2791; x_wconf 90' lang='lat' dir='ltr'><strong>in</strong></span> <span class='ocrx_word' id='word_1_199' title='bbox 1839 2738 2028 2792; x_wconf 69' lang='lat' dir='ltr'><strong>cmlnm</strong></span> 
     </span>
    </p>
   </div>
   <div class='ocr_carea' id='block_1_28' title="bbox 437 2830 2031 2901">
    <p class='ocr_par' dir='ltr' id='par_1_28' title="bbox 437 2830 2031 2901">
     <span class='ocr_line' id='line_1_28' title="bbox 437 2830 2031 2901; baseline 0 -19"><span class='ocrx_word' id='word_1_200' title='bbox 437 2830 673 2897; x_wconf 73' lang='lat' dir='ltr'><strong>sustulit,</strong></span> <span class='ocrx_word' id='word_1_201' title='bbox 699 2831 879 2886; x_wconf 90' lang='lat' dir='ltr'><strong>statim</strong></span> <span class='ocrx_word' id='word_1_202' title='bbox 906 2831 1045 2885; x_wconf 88' lang='lat' dir='ltr'><strong>Deus</strong></span> <span class='ocrx_word' id='word_1_203' title='bbox 1085 2830 1291 2901; x_wconf 80' lang='lat' dir='ltr'><strong>sagittis</strong></span> <span class='ocrx_word' id='word_1_204' title='bbox 1323 2847 1354 2885; x_wconf 93' lang='lat' dir='ltr'><strong>e</strong></span> <span class='ocrx_word' id='word_1_205' title='bbox 1384 2831 1518 2886; x_wconf 85' lang='lat' dir='ltr'><strong>caelo</strong></span> <span class='ocrx_word' id='word_1_206' title='bbox 1557 2830 1735 2886; x_wconf 89' lang='lat' dir='ltr'><strong>missis</strong></span> <span class='ocrx_word' id='word_1_207' title='bbox 1758 2830 2031 2885; x_wconf 68' lang='lat' dir='ltr'><strong>Persicum</strong></span> 
     </span>
    </p>
   </div>
   <div class='ocr_carea' id='block_1_29' title="bbox 441 2920 2034 2992">
    <p class='ocr_par' dir='ltr' id='par_1_29' title="bbox 441 2920 2034 2992">
     <span class='ocr_line' id='line_1_29' title="bbox 441 2920 2034 2992; baseline 0.002 -19"><span class='ocrx_word' id='word_1_208' title='bbox 441 2921 637 2973; x_wconf 84' lang='lat' dir='ltr'><strong>bellum</strong></span> <span class='ocrx_word' id='word_1_209' title='bbox 678 2920 947 2987; x_wconf 89' lang='lat' dir='ltr'><strong>confecit,</strong></span> <span class='ocrx_word' id='word_1_210' title='bbox 995 2936 1150 2991; x_wconf 84' lang='lat' dir='ltr'><strong>reges</strong></span> <span class='ocrx_word' id='word_1_211' title='bbox 1189 2922 1461 2989; x_wconf 91' lang='lat' dir='ltr'><strong>erudiens,</strong></span> <span class='ocrx_word' id='word_1_212' title='bbox 1504 2938 1571 2978; x_wconf 91' lang='lat' dir='ltr'><strong>eo</strong></span> <span class='ocrx_word' id='word_1_213' title='bbox 1609 2937 1669 2978; x_wconf 88' lang='lat' dir='ltr'><strong>se</strong></span> <span class='ocrx_word' id='word_1_214' title='bbox 1710 2923 1830 2977; x_wconf 91' lang='lat' dir='ltr'><strong>loco</strong></span> <span class='ocrx_word' id='word_1_215' title='bbox 1870 2922 2034 2992; x_wconf 87' lang='lat' dir='ltr'><strong>ipsius</strong></span> 
     </span>
    </p>
   </div>
   <div class='ocr_carea' id='block_1_30' title="bbox 442 3013 2035 3081">
    <p class='ocr_par' dir='ltr' id='par_1_30' title="bbox 442 3013 2035 3081">
     <span class='ocr_line' id='line_1_30' title="bbox 442 3013 2035 3081; baseline 0.002 -15"><span class='ocrx_word' id='word_1_216' title='bbox 442 3014 720 3068; x_wconf 88' lang='lat' dir='ltr'><strong>ministros</strong></span> <span class='ocrx_word' id='word_1_217' title='bbox 762 3013 962 3077; x_wconf 89' lang='lat' dir='ltr'><strong>habere</strong></span> <span class='ocrx_word' id='word_1_218' title='bbox 1001 3014 1218 3081; x_wconf 89' lang='lat' dir='ltr'><strong>debere,</strong></span> <span class='ocrx_word' id='word_1_219' title='bbox 1267 3024 1324 3071; x_wconf 91' lang='lat' dir='ltr'><strong>ut</strong></span> <span class='ocrx_word' id='word_1_220' title='bbox 1361 3030 1456 3072; x_wconf 86' lang='lat' dir='ltr'><strong>eos</strong></span> <span class='ocrx_word' id='word_1_221' title='bbox 1494 3030 1686 3072; x_wconf 91' lang='lat' dir='ltr'><strong>omnes</strong></span> <span class='ocrx_word' id='word_1_222' title='bbox 1723 3030 2035 3070; x_wconf 90' lang='lat' dir='ltr'><strong>communes</strong></span> 
     </span>
    </p>
   </div>
   <div class='ocr_carea' id='block_1_31' title="bbox 441 3108 2035 3185">
    <p class='ocr_par' dir='ltr' id='par_1_31' title="bbox 441 3108 2035 3185">
     <span class='ocr_line' id='line_1_31' title="bbox 441 3108 2035 3185; baseline 0.003 -27"><span class='ocrx_word' id='word_1_223' title='bbox 441 3120 561 3160; x_wconf 85' lang='lat' dir='ltr'><strong>esse</strong></span> <span class='ocrx_word' id='word_1_224' title='bbox 592 3116 750 3161; x_wconf 74' lang='lat' dir='ltr'><strong>terra:</strong></span> <span class='ocrx_word' id='word_1_225' title='bbox 786 3117 1093 3163; x_wconf 75' lang='lat' dir='ltr'><strong>servatores</strong></span> <span class='ocrx_word' id='word_1_226' title='bbox 1122 3108 1448 3173; x_wconf 75' lang='lat' dir='ltr'><strong>existiment,</strong></span> <span class='ocrx_word' id='word_1_227' title='bbox 1485 3118 1544 3163; x_wconf 92' lang='lat' dir='ltr'><strong>ut</strong></span> <span class='ocrx_word' id='word_1_228' title='bbox 1570 3109 1669 3163; x_wconf 87' lang='lat' dir='ltr'><strong>hac</strong></span> <span class='ocrx_word' id='word_1_229' title='bbox 1693 3109 1908 3185; x_wconf 86' lang='lat' dir='ltr'><strong>quidem</strong></span> <span class='ocrx_word' id='word_1_230' title='bbox 1946 3126 2035 3163; x_wconf 88' lang='lat' dir='ltr'><strong>ra-</strong></span> 
     </span>
    </p>
   </div>
   <div class='ocr_carea' id='block_1_32' title="bbox 437 3201 2033 3272">
    <p class='ocr_par' dir='ltr' id='par_1_32' title="bbox 437 3201 2033 3272">
     <span class='ocr_line' id='line_1_32' title="bbox 437 3201 2033 3272; baseline 0.004 -22"><span class='ocrx_word' id='word_1_231' title='bbox 437 3202 588 3256; x_wconf 80' lang='lat' dir='ltr'><strong>tione</strong></span> <span class='ocrx_word' id='word_1_232' title='bbox 644 3201 1009 3268; x_wconf 88' lang='lat' dir='ltr'><strong>edoceantur,</strong></span> <span class='ocrx_word' id='word_1_233' title='bbox 1061 3217 1156 3272; x_wconf 92' lang='lat' dir='ltr'><strong>per</strong></span> <span class='ocrx_word' id='word_1_234' title='bbox 1198 3201 1470 3272; x_wconf 87' lang='lat' dir='ltr'><strong>justorum</strong></span> <span class='ocrx_word' id='word_1_235' title='bbox 1519 3202 1924 3259; x_wconf 79' lang='lat' dir='ltr'><strong>exhortationes</strong></span> <span class='ocrx_word' id='word_1_236' title='bbox 1969 3204 2033 3257; x_wconf 91' lang='lat' dir='ltr'><strong>ad</strong></span> 
     </span>
    </p>
   </div>
   <div class='ocr_carea' id='block_1_33' title="bbox 444 3294 2036 3367">
    <p class='ocr_par' dir='ltr' id='par_1_33' title="bbox 444 3294 2036 3367">
     <span class='ocr_line' id='line_1_33' title="bbox 444 3294 2036 3367; baseline 0.004 -22"><span class='ocrx_word' id='word_1_237' title='bbox 444 3308 606 3349; x_wconf 86' lang='lat' dir='ltr'><strong>oniue</strong></span> <span class='ocrx_word' id='word_1_238' title='bbox 628 3294 823 3349; x_wconf 91' lang='lat' dir='ltr'><strong>bonum</strong></span> <span class='ocrx_word' id='word_1_239' title='bbox 847 3305 1008 3367; x_wconf 88' lang='lat' dir='ltr'><strong>atque</strong></span> <span class='ocrx_word' id='word_1_240' title='bbox 1034 3295 1327 3352; x_wconf 88' lang='lat' dir='ltr'><strong>humanum</strong></span> <span class='ocrx_word' id='word_1_241' title='bbox 1347 3311 1482 3366; x_wconf 81' lang='lat' dir='ltr'><strong>Opus</strong></span> <span class='ocrx_word' id='word_1_242' title='bbox 1512 3296 1741 3361; x_wconf 87' lang='lat' dir='ltr'><strong>invitati,</strong></span> <span class='ocrx_word' id='word_1_243' title='bbox 1767 3306 1877 3353; x_wconf 89' lang='lat' dir='ltr'><strong>tum</strong></span> <span class='ocrx_word' id='word_1_244' title='bbox 1900 3312 2036 3352; x_wconf 87' lang='lat' dir='ltr'><strong>con-</strong></span> 
     </span>
    </p>
   </div>
   <div class='ocr_carea' id='block_1_34' title="bbox 441 3386 2035 3458">
    <p class='ocr_par' dir='ltr' id='par_1_34' title="bbox 441 3386 2035 3458">
     <span class='ocr_line' id='line_1_34' title="bbox 441 3386 2035 3458; baseline 0.002 -20"><span class='ocrx_word' id='word_1_245' title='bbox 441 3386 558 3440; x_wconf 79' lang='lat' dir='ltr'><strong>silia</strong></span> <span class='ocrx_word' id='word_1_246' title='bbox 583 3390 838 3454; x_wconf 89' lang='lat' dir='ltr'><strong>revereri,</strong></span> <span class='ocrx_word' id='word_1_247' title='bbox 861 3397 971 3443; x_wconf 91' lang='lat' dir='ltr'><strong>tum</strong></span> <span class='ocrx_word' id='word_1_248' title='bbox 996 3387 1151 3443; x_wconf 92' lang='lat' dir='ltr'><strong>bonis</strong></span> <span class='ocrx_word' id='word_1_249' title='bbox 1172 3387 1627 3444; x_wconf 86' lang='lat' dir='ltr'><strong>admonitionibus</strong></span> <span class='ocrx_word' id='word_1_250' title='bbox 1641 3388 2035 3458; x_wconf 70' lang='lat' dir='ltr'><strong>obtemperare.</strong></span> 
     </span>
    </p>
   </div>
   <div class='ocr_carea' id='block_1_35' title="bbox 445 3478 2037 3551">
    <p class='ocr_par' dir='ltr' id='par_1_35' title="bbox 445 3478 2037 3551">
     <span class='ocr_line' id='line_1_35' title="bbox 445 3478 2037 3551; baseline 0.001 -21"><span class='ocrx_word' id='word_1_251' title='bbox 445 3478 679 3533; x_wconf 78' lang='lat' dir='ltr'><strong>Proinde</strong></span> <span class='ocrx_word' id='word_1_252' title='bbox 703 3494 808 3533; x_wconf 89' lang='lat' dir='ltr'><strong>non</strong></span> <span class='ocrx_word' id='word_1_253' title='bbox 835 3494 898 3533; x_wconf 83' lang='lat' dir='ltr'><strong>ex</strong></span> <span class='ocrx_word' id='word_1_254' title='bbox 939 3481 1003 3534; x_wconf 91' lang='lat' dir='ltr'><strong>iis</strong></span> <span class='ocrx_word' id='word_1_255' title='bbox 1031 3480 1204 3534; x_wconf 88' lang='lat' dir='ltr'><strong>solum</strong></span> <span class='ocrx_word' id='word_1_256' title='bbox 1232 3496 1349 3550; x_wconf 78' lang='lat' dir='ltr'><strong>qna.-</strong></span> <span class='ocrx_word' id='word_1_257' title='bbox 1378 3479 1489 3535; x_wconf 86' lang='lat' dir='ltr'><strong>dixi</strong></span> <span class='ocrx_word' id='word_1_258' title='bbox 1530 3479 1811 3551; x_wconf 88' lang='lat' dir='ltr'><strong>utriusque</strong></span> <span class='ocrx_word' id='word_1_259' title='bbox 1845 3479 2037 3534; x_wconf 88' lang='lat' dir='ltr'><strong>discri—</strong></span> 
     </span>
    </p>
   </div>
   <div class='ocr_carea' id='block_1_36' title="bbox 447 3569 2043 3638">
    <p class='ocr_par' dir='ltr' id='par_1_36' title="bbox 447 3569 2043 3638">
     <span class='ocr_line' id='line_1_36' title="bbox 447 3569 2043 3638; baseline 0.003 -18"><span class='ocrx_word' id='word_1_260' title='bbox 447 3585 568 3621; x_wconf 82' lang='lat' dir='ltr'><strong>men</strong></span> <span class='ocrx_word' id='word_1_261' title='bbox 613 3583 943 3638; x_wconf 82' lang='lat' dir='ltr'><strong>cognoscere</strong></span> <span class='ocrx_word' id='word_1_262' title='bbox 971 3569 1130 3634; x_wconf 88' lang='lat' dir='ltr'><strong>licet;</strong></span> <span class='ocrx_word' id='word_1_263' title='bbox 1162 3571 1257 3625; x_wconf 89' lang='lat' dir='ltr'><strong>sed</strong></span> <span class='ocrx_word' id='word_1_264' title='bbox 1297 3570 1341 3624; x_wconf 89' lang='lat' dir='ltr'><strong>si</strong></span> <span class='ocrx_word' id='word_1_265' title='bbox 1373 3586 1473 3625; x_wconf 91' lang='lat' dir='ltr'><strong>usu</strong></span> <span class='ocrx_word' id='word_1_266' title='bbox 1500 3571 1709 3626; x_wconf 85' lang='lat' dir='ltr'><strong>venerit</strong></span> <span class='ocrx_word' id='word_1_267' title='bbox 1734 3580 1788 3625; x_wconf 90' lang='lat' dir='ltr'><strong>et</strong></span> <span class='ocrx_word' id='word_1_268' title='bbox 1817 3572 1958 3624; x_wconf 91' lang='lat' dir='ltr'><strong>hunc</strong></span> <span class='ocrx_word' id='word_1_269' title='bbox 1986 3578 2043 3624; x_wconf 92' lang='lat' dir='ltr'><strong>et</strong></span> 
     </span>
    </p>
   </div>
   <div class='ocr_carea' id='block_1_37' title="bbox 445 3658 2038 3731">
    <p class='ocr_par' dir='ltr' id='par_1_37' title="bbox 445 3658 2038 3731">
     <span class='ocr_line' id='line_1_37' title="bbox 445 3658 2038 3731; baseline 0.002 -19"><span class='ocrx_word' id='word_1_270' title='bbox 445 3659 595 3713; x_wconf 89' lang='lat' dir='ltr'><strong>illum</strong></span> <span class='ocrx_word' id='word_1_271' title='bbox 640 3658 934 3726; x_wconf 88' lang='lat' dir='ltr'><strong>deturbari,</strong></span> <span class='ocrx_word' id='word_1_272' title='bbox 980 3659 1125 3716; x_wconf 87' lang='lat' dir='ltr'><strong>hunc</strong></span> <span class='ocrx_word' id='word_1_273' title='bbox 1162 3660 1377 3731; x_wconf 89' lang='lat' dir='ltr'><strong>quidem</strong></span> <span class='ocrx_word' id='word_1_274' title='bbox 1418 3662 1649 3729; x_wconf 91' lang='lat' dir='ltr'><strong>virtute,</strong></span> <span class='ocrx_word' id='word_1_275' title='bbox 1682 3662 1831 3715; x_wconf 90' lang='lat' dir='ltr'><strong>illum</strong></span> <span class='ocrx_word' id='word_1_276' title='bbox 1859 3671 2038 3717; x_wconf 89' lang='lat' dir='ltr'><strong>autem</strong></span> 
     </span>
    </p>
   </div>
   <div class='ocr_carea' id='block_1_38' title="bbox 446 3754 2042 3826">
    <p class='ocr_par' dir='ltr' id='par_1_38' title="bbox 446 3754 2042 3826">
     <span class='ocr_line' id='line_1_38' title="bbox 446 3754 2042 3826; baseline 0.002 -20"><span class='ocrx_word' id='word_1_277' title='bbox 446 3769 613 3820; x_wconf 78' lang='lat' dir='ltr'><strong>regno</strong></span> <span class='ocrx_word' id='word_1_278' title='bbox 643 3754 941 3823; x_wconf 86' lang='lat' dir='ltr'><strong>privatum,</strong></span> <span class='ocrx_word' id='word_1_279' title='bbox 973 3754 1252 3825; x_wconf 81' lang='lat' dir='ltr'><strong>hieparvo</strong></span> <span class='ocrx_word' id='word_1_280' title='bbox 1290 3755 1580 3810; x_wconf 89' lang='lat' dir='ltr'><strong>admodum</strong></span> <span class='ocrx_word' id='word_1_281' title='bbox 1621 3755 1837 3826; x_wconf 83' lang='lat' dir='ltr'><strong>negotio</strong></span> <span class='ocrx_word' id='word_1_282' title='bbox 1875 3755 1942 3809; x_wconf 89' lang='lat' dir='ltr'><strong>ad</strong></span> <span class='ocrx_word' id='word_1_283' title='bbox 1983 3769 2042 3809; x_wconf 89' lang='lat' dir='ltr'><strong>se</strong></span> 
     </span>
    </p>
   </div>
   <div class='ocr_carea' id='block_1_39' title="bbox 447 3845 2042 3922">
    <p class='ocr_par' dir='ltr' id='par_1_39' title="bbox 447 3845 2042 3922">
     <span class='ocr_line' id='line_1_39' title="bbox 447 3845 2042 3922; baseline 0.003 -25"><span class='ocrx_word' id='word_1_284' title='bbox 447 3845 604 3910; x_wconf 70' lang='lat' dir='ltr'><strong>redit,</strong></span> <span class='ocrx_word' id='word_1_285' title='bbox 630 3862 693 3901; x_wconf 88' lang='lat' dir='ltr'><strong>ae</strong></span> <span class='ocrx_word' id='word_1_286' title='bbox 715 3848 893 3901; x_wconf 87' lang='lat' dir='ltr'><strong>statim</strong></span> <span class='ocrx_word' id='word_1_287' title='bbox 919 3864 1012 3916; x_wconf 76' lang='lat' dir='ltr'><strong>per</strong></span> <span class='ocrx_word' id='word_1_288' title='bbox 1041 3863 1248 3918; x_wconf 86' lang='lat' dir='ltr'><strong>preces,</strong></span> <span class='ocrx_word' id='word_1_289' title='bbox 1270 3864 1371 3917; x_wconf 85' lang='lat' dir='ltr'><strong>per</strong></span> <span class='ocrx_word' id='word_1_290' title='bbox 1400 3849 1687 3922; x_wconf 74' lang='lat' dir='ltr'><strong>lacrymas,</strong></span> <span class='ocrx_word' id='word_1_291' title='bbox 1719 3865 1816 3919; x_wconf 89' lang='lat' dir='ltr'><strong>per</strong></span> <span class='ocrx_word' id='word_1_292' title='bbox 1840 3864 2042 3905; x_wconf 60' lang='lat' dir='ltr'><strong>matro-</strong></span> 
     </span>
    </p>
   </div>
   <div class='ocr_carea' id='block_1_40' title="bbox 450 3940 2044 4011">
    <p class='ocr_par' dir='ltr' id='par_1_40' title="bbox 450 3940 2044 4011">
     <span class='ocr_line' id='line_1_40' title="bbox 450 3940 2044 4011; baseline 0.003 -19"><span class='ocrx_word' id='word_1_293' title='bbox 450 3953 599 4005; x_wconf 89' lang='lat' dir='ltr'><strong>rem,</strong></span> <span class='ocrx_word' id='word_1_294' title='bbox 647 3954 745 4007; x_wconf 89' lang='lat' dir='ltr'><strong>per</strong></span> <span class='ocrx_word' id='word_1_295' title='bbox 782 3955 1075 4009; x_wconf 79' lang='lat' dir='ltr'><strong>pauperum</strong></span> <span class='ocrx_word' id='word_1_296' title='bbox 1108 3955 1325 4008; x_wconf 90' lang='lat' dir='ltr'><strong>curam,</strong></span> <span class='ocrx_word' id='word_1_297' title='bbox 1369 3942 1605 4011; x_wconf 82' lang='lat' dir='ltr'><strong>peccatis</strong></span> <span class='ocrx_word' id='word_1_298' title='bbox 1636 3941 1907 3997; x_wconf 76' lang='lat' dir='ltr'><strong>abstersis</strong></span> <span class='ocrx_word' id='word_1_299' title='bbox 1927 3983 1943 4006; x_wconf 95' lang='lat'><strong>,</strong></span> <span class='ocrx_word' id='word_1_300' title='bbox 1976 3940 2044 3997; x_wconf 88' lang='lat' dir='ltr'><strong>de</strong></span> 
     </span>
    </p>
   </div>
   <div class='ocr_carea' id='block_1_41' title="bbox 457 4028 2045 4103">
    <p class='ocr_par' dir='ltr' id='par_1_41' title="bbox 457 4028 2045 4103">
     <span class='ocr_line' id='line_1_41' title="bbox 457 4028 2045 4103; baseline 0.006 -25"><span class='ocrx_word' id='word_1_301' title='bbox 457 4039 666 4097; x_wconf 81' lang='lat' dir='ltr'><strong>integro</strong></span> <span class='ocrx_word' id='word_1_302' title='bbox 706 4028 860 4084; x_wconf 82' lang='lat' dir='ltr'><strong>facile</strong></span> <span class='ocrx_word' id='word_1_303' title='bbox 889 4030 956 4084; x_wconf 90' lang='lat' dir='ltr'><strong>ad</strong></span> <span class='ocrx_word' id='word_1_304' title='bbox 987 4031 1268 4101; x_wconf 90' lang='lat' dir='ltr'><strong>pristinum</strong></span> <span class='ocrx_word' id='word_1_305' title='bbox 1301 4032 1653 4103; x_wconf 74' lang='lat' dir='ltr'><strong>principatum</strong></span> <span class='ocrx_word' id='word_1_306' title='bbox 1694 4034 1943 4089; x_wconf 84' lang='lat' dir='ltr'><strong>recurrit.</strong></span> <span class='ocrx_word' id='word_1_307' title='bbox 1974 4036 2045 4089; x_wconf 80' lang='lat' dir='ltr'><strong>At</strong></span> 
     </span>
    </p>
   </div>
   <div class='ocr_carea' id='block_1_42' title="bbox 455 4119 2043 4189">
    <p class='ocr_par' dir='ltr' id='par_1_42' title="bbox 455 4119 2043 4189">
     <span class='ocr_line' id='line_1_42' title="bbox 455 4119 2043 4189; baseline 0.005 -18"><span class='ocrx_word' id='word_1_308' title='bbox 455 4134 547 4173; x_wconf 79' lang='lat' dir='ltr'><strong>i-t-x</strong></span> <span class='ocrx_word' id='word_1_309' title='bbox 595 4119 730 4174; x_wconf 76' lang='lat' dir='ltr'><strong>Solio</strong></span> <span class='ocrx_word' id='word_1_310' title='bbox 767 4120 1009 4189; x_wconf 73' lang='lat' dir='ltr'><strong>deiectus</strong></span> <span class='ocrx_word' id='word_1_311' title='bbox 1051 4138 1171 4177; x_wconf 88' lang='lat' dir='ltr'><strong>cum</strong></span> <span class='ocrx_word' id='word_1_312' title='bbox 1220 4124 1393 4189; x_wconf 77' lang='lat' dir='ltr'><strong>fuerit,</strong></span> <span class='ocrx_word' id='word_1_313' title='bbox 1446 4131 1557 4179; x_wconf 90' lang='lat' dir='ltr'><strong>tum</strong></span> <span class='ocrx_word' id='word_1_314' title='bbox 1599 4124 1814 4180; x_wconf 89' lang='lat' dir='ltr'><strong>demum</strong></span> <span class='ocrx_word' id='word_1_315' title='bbox 1861 4125 2043 4179; x_wconf 83' lang='lat' dir='ltr'><strong>multis</strong></span> 
     </span>
    </p>
   </div>
   <div class='ocr_carea' id='block_1_43' title="bbox 453 4212 2042 4286">
    <p class='ocr_par' dir='ltr' id='par_1_43' title="bbox 453 4212 2042 4286">
     <span class='ocr_line' id='line_1_43' title="bbox 453 4212 2042 4286; baseline 0.004 -22"><span class='ocrx_word' id='word_1_316' title='bbox 453 4226 584 4268; x_wconf 85' lang='lat' dir='ltr'><strong>sane</strong></span> <span class='ocrx_word' id='word_1_317' title='bbox 627 4212 788 4269; x_wconf 86' lang='lat' dir='ltr'><strong>sociis</strong></span> <span class='ocrx_word' id='word_1_318' title='bbox 829 4213 1062 4286; x_wconf 84' lang='lat' dir='ltr'><strong>indiget,</strong></span> <span class='ocrx_word' id='word_1_319' title='bbox 1103 4215 1287 4271; x_wconf 89' lang='lat' dir='ltr'><strong>multis</strong></span> <span class='ocrx_word' id='word_1_320' title='bbox 1330 4217 1455 4272; x_wconf 91' lang='lat' dir='ltr'><strong>item</strong></span> <span class='ocrx_word' id='word_1_321' title='bbox 1501 4218 1723 4274; x_wconf 84' lang='lat' dir='ltr'><strong>armatis</strong></span> <span class='ocrx_word' id='word_1_322' title='bbox 1763 4217 2042 4285; x_wconf 83' lang='lat' dir='ltr'><strong>militibus,</strong></span> 
     </span>
    </p>
   </div>
   <div class='ocr_carea' id='block_1_44' title="bbox 454 4303 2043 4378">
    <p class='ocr_par' dir='ltr' id='par_1_44' title="bbox 454 4303 2043 4378">
     <span class='ocr_line' id='line_1_44' title="bbox 454 4303 2043 4378; baseline 0.003 -22"><span class='ocrx_word' id='word_1_323' title='bbox 454 4303 627 4372; x_wconf 84' lang='lat' dir='ltr'><strong>equis,</strong></span> <span class='ocrx_word' id='word_1_324' title='bbox 663 4304 922 4374; x_wconf 86' lang='lat' dir='ltr'><strong>pecuniis,</strong></span> <span class='ocrx_word' id='word_1_325' title='bbox 952 4306 1206 4375; x_wconf 86' lang='lat' dir='ltr'><strong>periculis</strong></span> <span class='ocrx_word' id='word_1_326' title='bbox 1236 4324 1249 4360; x_wconf 75' lang='grc' dir='ltr'><strong>ε</strong></span> <span class='ocrx_word' id='word_1_327' title='bbox 1280 4305 1513 4378; x_wconf 88' lang='lat' dir='ltr'><strong>denique</strong></span> <span class='ocrx_word' id='word_1_328' title='bbox 1540 4307 1729 4363; x_wconf 87' lang='lat' dir='ltr'><strong>salutis</strong></span> <span class='ocrx_word' id='word_1_329' title='bbox 1758 4322 1871 4363; x_wconf 75' lang='lat' dir='ltr'><strong>sua:</strong></span> <span class='ocrx_word' id='word_1_330' title='bbox 1895 4322 2043 4378; x_wconf 83' lang='lat' dir='ltr'><strong>Spem</strong></span> 
     </span>
    </p>
   </div>
   <div class='ocr_carea' id='block_1_45' title="bbox 454 4392 2048 4454">
    <p class='ocr_par' dir='ltr' id='par_1_45' title="bbox 454 4392 2048 4454">
     <span class='ocr_line' id='line_1_45' title="bbox 454 4392 2048 4454; baseline 0.005 -8"><span class='ocrx_word' id='word_1_331' title='bbox 454 4394 503 4446; x_wconf 87' lang='lat' dir='ltr'><strong>iu</strong></span> <span class='ocrx_word' id='word_1_332' title='bbox 526 4392 647 4448; x_wconf 86' lang='lat' dir='ltr'><strong>aliis</strong></span> <span class='ocrx_word' id='word_1_333' title='bbox 674 4396 830 4450; x_wconf 89' lang='lat' dir='ltr'><strong>sitam</strong></span> <span class='ocrx_word' id='word_1_334' title='bbox 861 4395 1044 4452; x_wconf 86' lang='lat' dir='ltr'><strong>habet.</strong></span> <span class='ocrx_word' id='word_1_335' title='bbox 1068 4396 1360 4454; x_wconf 84' lang='lat' dir='ltr'><strong>Monachus</strong></span> <span class='ocrx_word' id='word_1_336' title='bbox 1382 4413 1510 4453; x_wconf 88' lang='lat' dir='ltr'><strong>vero</strong></span> <span class='ocrx_word' id='word_1_337' title='bbox 1531 4397 1758 4454; x_wconf 88' lang='lat' dir='ltr'><strong>salutem</strong></span> <span class='ocrx_word' id='word_1_338' title='bbox 1796 4398 2048 4454; x_wconf 75' lang='lat' dir='ltr'><strong>celeriter</strong></span> 
     </span>
    </p>
   </div>
   <div class='ocr_carea' id='block_1_46' title="bbox 454 4485 2047 4554">
    <p class='ocr_par' dir='ltr' id='par_1_46' title="bbox 454 4485 2047 4554">
     <span class='ocr_line' id='line_1_46' title="bbox 454 4485 2047 4554; baseline 0.008 -20"><span class='ocrx_word' id='word_1_339' title='bbox 454 4485 712 4540; x_wconf 81' lang='lat' dir='ltr'><strong>voluntati</strong></span> <span class='ocrx_word' id='word_1_340' title='bbox 745 4503 878 4554; x_wconf 68' lang='lat' dir='ltr'><strong>suae,</strong></span> <span class='ocrx_word' id='word_1_341' title='bbox 916 4489 1094 4543; x_wconf 91' lang='lat' dir='ltr'><strong>studio</strong></span> <span class='ocrx_word' id='word_1_342' title='bbox 1156 4505 1219 4543; x_wconf 87' lang='lat' dir='ltr'><strong>ac</strong></span> <span class='ocrx_word' id='word_1_343' title='bbox 1242 4492 1525 4545; x_wconf 80' lang='lat' dir='ltr'><strong>sentcntize</strong></span> <span class='ocrx_word' id='word_1_344' title='bbox 1564 4492 1848 4547; x_wconf 84' lang='lat' dir='ltr'><strong>mutationi</strong></span> <span class='ocrx_word' id='word_1_345' title='bbox 1875 4491 2047 4547; x_wconf 89' lang='lat' dir='ltr'><strong>comi-</strong></span> 
     </span>
    </p>
   </div>
   <div class='ocr_carea' id='block_1_47' title="bbox 455 4575 2045 4654">
    <p class='ocr_par' dir='ltr' id='par_1_47' title="bbox 455 4575 2045 4654">
     <span class='ocr_line' id='line_1_47' title="bbox 455 4575 2045 4654; baseline 0.007 -26"><span class='ocrx_word' id='word_1_346' title='bbox 455 4587 561 4630; x_wconf 88' lang='lat' dir='ltr'><strong>tem</strong></span> <span class='ocrx_word' id='word_1_347' title='bbox 584 4575 868 4634; x_wconf 88' lang='lat' dir='ltr'><strong>habiturus</strong></span> <span class='ocrx_word' id='word_1_348' title='bbox 894 4588 975 4633; x_wconf 89' lang='lat' dir='ltr'><strong>est</strong></span> <span class='ocrx_word' id='word_1_349' title='bbox 1002 4598 1017 4635; x_wconf 92' lang='lat'><strong>:</strong></span> <span class='ocrx_word' id='word_1_350' title='bbox 1041 4580 1273 4652; x_wconf 77' lang='lat' dir='ltr'><strong>Regnum</strong></span> <span class='ocrx_word' id='word_1_351' title='bbox 1293 4583 1425 4636; x_wconf 86' lang='lat' dir='ltr'><strong>enim</strong></span> <span class='ocrx_word' id='word_1_352' title='bbox 1450 4581 1712 4650; x_wconf 76' lang='lat' dir='ltr'><strong>cwlorum,</strong></span> <span class='ocrx_word' id='word_1_353' title='bbox 1740 4585 1912 4654; x_wconf 87' lang='lat' dir='ltr'><strong>inquit</strong></span> <span class='ocrx_word' id='word_1_354' title='bbox 1935 4585 2045 4652; x_wconf 89' lang='lat' dir='ltr'><strong>ille,</strong></span> 
     </span>
    </p>
   </div>
   <div class='ocr_carea' id='block_1_48' title="bbox 449 4666 2049 4746">
    <p class='ocr_par' dir='ltr' id='par_1_48' title="bbox 449 4666 2049 4746">
     <span class='ocr_line' id='line_1_48' title="bbox 449 4666 2049 4746; baseline 0.008 -27"><span class='ocrx_word' id='word_1_355' title='bbox 449 4670 503 4719; x_wconf 79' lang='lat' dir='ltr'><strong>in</strong></span> <span class='ocrx_word' id='word_1_356' title='bbox 548 4666 688 4721; x_wconf 66' lang='lat' dir='ltr'><strong>vobis</strong></span> <span class='ocrx_word' id='word_1_357' title='bbox 733 4678 804 4723; x_wconf 81' lang='lat' dir='ltr'><strong>est</strong></span> <span class='ocrx_word' id='word_1_358' title='bbox 834 4669 996 4742; x_wconf 83' lang='lat' dir='ltr'><strong>(an.</strong></span> <span class='ocrx_word' id='word_1_359' title='bbox 1027 4672 1113 4726; x_wconf 83' lang='lat' dir='ltr'><strong>l7.</strong></span> <span class='ocrx_word' id='word_1_360' title='bbox 1142 4672 1270 4744; x_wconf 72' lang='lat'><strong>21).</strong></span> <span class='ocrx_word' id='word_1_361' title='bbox 1303 4672 1423 4729; x_wconf 86' lang='lat' dir='ltr'><strong>Jam</strong></span> <span class='ocrx_word' id='word_1_362' title='bbox 1465 4690 1612 4731; x_wconf 90' lang='lat' dir='ltr'><strong>mors</strong></span> <span class='ocrx_word' id='word_1_363' title='bbox 1640 4677 1752 4746; x_wconf 83' lang='lat' dir='ltr'><strong>regi</strong></span> <span class='ocrx_word' id='word_1_364' title='bbox 1797 4677 2049 4733; x_wconf 90' lang='lat' dir='ltr'><strong>terribilis</strong></span> 
     </span>
    </p>
   </div>
   <div class='ocr_carea' id='block_1_49' title="bbox 451 4759 2047 4832">
    <p class='ocr_par' dir='ltr' id='par_1_49' title="bbox 451 4759 2047 4832">
     <span class='ocr_line' id='line_1_49' title="bbox 451 4759 2047 4832; baseline 0.01 -24"><span class='ocrx_word' id='word_1_365' title='bbox 451 4767 536 4813; x_wconf 71' lang='lat' dir='ltr'><strong>est</strong></span> <span class='ocrx_word' id='word_1_366' title='bbox 557 4800 573 4827; x_wconf 92' lang='lat'><strong>,</strong></span> <span class='ocrx_word' id='word_1_367' title='bbox 603 4759 790 4815; x_wconf 89' lang='lat' dir='ltr'><strong>eadem</strong></span> <span class='ocrx_word' id='word_1_368' title='bbox 833 4760 1154 4832; x_wconf 89' lang='lat' dir='ltr'><strong>philosopho</strong></span> <span class='ocrx_word' id='word_1_369' title='bbox 1184 4764 1406 4821; x_wconf 91' lang='lat' dir='ltr'><strong>minime</strong></span> <span class='ocrx_word' id='word_1_370' title='bbox 1447 4765 1673 4823; x_wconf 90' lang='lat' dir='ltr'><strong>molesta</strong></span> <span class='ocrx_word' id='word_1_371' title='bbox 1707 4786 1722 4824; x_wconf 88' lang='lat'><strong>:</strong></span> <span class='ocrx_word' id='word_1_372' title='bbox 1751 4763 1874 4823; x_wconf 84' lang='lat' dir='ltr'><strong>eum</strong></span> <span class='ocrx_word' id='word_1_373' title='bbox 1907 4771 2047 4823; x_wconf 91' lang='lat' dir='ltr'><strong>enim</strong></span> 
     </span>
    </p>
   </div>
   <div class='ocr_carea' id='block_1_50' title="bbox 452 4842 2049 4931">
    <p class='ocr_par' dir='ltr' id='par_1_50' title="bbox 452 4842 2049 4931">
     <span class='ocr_line' id='line_1_50' title="bbox 452 4842 2049 4931; baseline 0.008 -28"><span class='ocrx_word' id='word_1_374' title='bbox 452 4850 543 4918; x_wconf 82' lang='lat' dir='ltr'><strong>qui</strong></span> <span class='ocrx_word' id='word_1_375' title='bbox 569 4850 805 4919; x_wconf 84' lang='lat' dir='ltr'><strong>divitias,</strong></span> <span class='ocrx_word' id='word_1_376' title='bbox 836 4842 1191 4924; x_wconf 83' lang='lat' dir='ltr'><strong>veluptatem,</strong></span> <span class='ocrx_word' id='word_1_377' title='bbox 1233 4854 1476 4924; x_wconf 89' lang='lat' dir='ltr'><strong>delicias,</strong></span> <span class='ocrx_word' id='word_1_378' title='bbox 1506 4874 1734 4929; x_wconf 90' lang='lat' dir='ltr'><strong>quorum</strong></span> <span class='ocrx_word' id='word_1_379' title='bbox 1768 4861 1935 4931; x_wconf 83' lang='lat' dir='ltr'><strong>gratia</strong></span> <span class='ocrx_word' id='word_1_380' title='bbox 1966 4860 2049 4915; x_wconf 82' lang='lat' dir='ltr'><strong>vi-</strong></span> 
     </span>
    </p>
   </div>
   <div class='ocr_carea' id='block_1_51' title="bbox 461 4945 2053 5021">
    <p class='ocr_par' dir='ltr' id='par_1_51' title="bbox 461 4945 2053 5021">
     <span class='ocr_line' id='line_1_51' title="bbox 461 4945 2053 5021; baseline 0.009 -27"><span class='ocrx_word' id='word_1_381' title='bbox 461 4955 567 4997; x_wconf 86' lang='lat' dir='ltr'><strong>tam</strong></span> <span class='ocrx_word' id='word_1_382' title='bbox 591 4945 797 5012; x_wconf 61' lang='lat' dir='ltr'><strong>agitare</strong></span> <span class='ocrx_word' id='word_1_383' title='bbox 828 4945 981 5000; x_wconf 91' lang='lat' dir='ltr'><strong>multi</strong></span> <span class='ocrx_word' id='word_1_384' title='bbox 1005 4948 1410 5019; x_wconf 86' lang='lat' dir='ltr'><strong>concupiscunt,</strong></span> <span class='ocrx_word' id='word_1_385' title='bbox 1437 4950 1688 5021; x_wconf 87' lang='lat' dir='ltr'><strong>despicit,</strong></span> <span class='ocrx_word' id='word_1_386' title='bbox 1720 4967 1939 5008; x_wconf 89' lang='lat' dir='ltr'><strong>necesse</strong></span> <span class='ocrx_word' id='word_1_387' title='bbox 1971 4962 2053 5008; x_wconf 83' lang='lat' dir='ltr'><strong>est</strong></span> 
     </span>
    </p>
   </div>
   <div class='ocr_carea' id='block_1_52' title="bbox 457 5035 2051 5115">
    <p class='ocr_par' dir='ltr' id='par_1_52' title="bbox 457 5035 2051 5115">
     <span class='ocr_line' id='line_1_52' title="bbox 457 5035 2051 5115; baseline 0.009 -28"><span class='ocrx_word' id='word_1_388' title='bbox 457 5035 830 5103; x_wconf 76' lang='lat' dir='ltr'><strong>migrationem</strong></span> <span class='ocrx_word' id='word_1_389' title='bbox 860 5038 930 5093; x_wconf 88' lang='lat' dir='ltr'><strong>ab</strong></span> <span class='ocrx_word' id='word_1_390' title='bbox 959 5039 1061 5093; x_wconf 90' lang='lat' dir='ltr'><strong>hoc</strong></span> <span class='ocrx_word' id='word_1_391' title='bbox 1085 5041 1218 5096; x_wconf 89' lang='lat' dir='ltr'><strong>orbe</strong></span> <span class='ocrx_word' id='word_1_392' title='bbox 1246 5041 1386 5096; x_wconf 88' lang='lat' dir='ltr'><strong>haud</strong></span> <span class='ocrx_word' id='word_1_393' title='bbox 1423 5059 1566 5115; x_wconf 71' lang='lat' dir='ltr'><strong>aegre</strong></span> <span class='ocrx_word' id='word_1_394' title='bbox 1604 5044 1768 5100; x_wconf 84' lang='lat' dir='ltr'><strong>fcrre.</strong></span> <span class='ocrx_word' id='word_1_395' title='bbox 1811 5046 1963 5113; x_wconf 83' lang='lat' dir='ltr'><strong>Quod</strong></span> <span class='ocrx_word' id='word_1_396' title='bbox 2005 5046 2051 5101; x_wconf 89' lang='lat' dir='ltr'><strong>si</strong></span> 
     </span>
    </p>
   </div>
   <div class='ocr_carea' id='block_1_53' title="bbox 457 5127 2054 5209">
    <p class='ocr_par' dir='ltr' id='par_1_53' title="bbox 457 5127 2054 5209">
     <span class='ocr_line' id='line_1_53' title="bbox 457 5127 2054 5209; baseline 0.008 -28"><span class='ocrx_word' id='word_1_397' title='bbox 457 5127 672 5185; x_wconf 80' lang='lat' dir='ltr'><strong>ethunc</strong></span> <span class='ocrx_word' id='word_1_398' title='bbox 708 5140 763 5186; x_wconf 88' lang='lat' dir='ltr'><strong>et</strong></span> <span class='ocrx_word' id='word_1_399' title='bbox 789 5131 940 5186; x_wconf 87' lang='lat' dir='ltr'><strong>illum</strong></span> <span class='ocrx_word' id='word_1_400' title='bbox 962 5131 1194 5203; x_wconf 72' lang='lat' dir='ltr'><strong>iugulari</strong></span> <span class='ocrx_word' id='word_1_401' title='bbox 1226 5136 1549 5206; x_wconf 81' lang='lat' dir='ltr'><strong>contigerit,</strong></span> <span class='ocrx_word' id='word_1_402' title='bbox 1580 5138 1668 5192; x_wconf 90' lang='lat' dir='ltr'><strong>hic</strong></span> <span class='ocrx_word' id='word_1_403' title='bbox 1708 5140 1924 5209; x_wconf 84' lang='lat' dir='ltr'><strong>quidem</strong></span> <span class='ocrx_word' id='word_1_404' title='bbox 1958 5154 2054 5208; x_wconf 89' lang='lat' dir='ltr'><strong>pro</strong></span> 
     </span>
    </p>
   </div>
   <div class='ocr_carea' id='block_1_54' title="bbox 526 5334 1777 5398">
    <p class='ocr_par' dir='ltr' id='par_1_54' title="bbox 526 5334 1777 5398">
     <span class='ocr_line' id='line_1_54' title="bbox 526 5334 1777 5398; baseline 0.01 -21"><span class='ocrx_word' id='word_1_405' title='bbox 526 5342 546 5377; x_wconf 82' lang='lat' dir='ltr'><strong>I</strong></span> <span class='ocrx_word' id='word_1_406' title='bbox 577 5343 651 5394; x_wconf 78' lang='lat' dir='ltr'><strong>sic</strong></span> <span class='ocrx_word' id='word_1_407' title='bbox 680 5337 874 5390; x_wconf 85' lang='lat' dir='ltr'><strong>coisliu.</strong></span> <span class='ocrx_word' id='word_1_408' title='bbox 909 5343 1049 5388; x_wconf 85' lang='lat' dir='ltr'><strong>recte</strong></span> <span class='ocrx_word' id='word_1_409' title='bbox 1096 5334 1219 5384; x_wconf 78' lang='lat' dir='ltr'><strong>Edit.</strong></span> <span class='ocrx_word' id='word_1_410' title='bbox 1252 5347 1389 5398; x_wconf 80' lang='lat' dir='ltr'><strong>vero,</strong></span> <span class='ocrx_word' id='word_1_411' title='bbox 1414 5351 1567 5389; x_wconf 79' lang='lat' dir='ltr'><strong>nonne</strong></span> <span class='ocrx_word' id='word_1_412' title='bbox 1592 5342 1730 5391; x_wconf 78' lang='lat' dir='ltr'><strong>Ozias</strong></span> <span class='ocrx_word' id='word_1_413' title='bbox 1752 5340 1777 5390; x_wconf 73' lang='lat'><strong>.9</strong></span> 
     </span>
    </p>
   </div>
   <div class='ocr_carea' id='block_1_55' title="bbox 1107 274 2032 377">
    <p class='ocr_par' dir='ltr' id='par_1_55' title="bbox 1107 274 2015 375">
     <span class='ocr_line' id='line_1_55' title="bbox 1107 274 2015 375; baseline -0.006 -1"><span class='ocrx_word' id='word_1_414' title='bbox 1107 318 1178 375; x_wconf 84' lang='lat' dir='ltr'><strong>~s.</strong></span> <span class='ocrx_word' id='word_1_415' title='bbox 1208 274 1500 374; x_wconf 63' lang='grc' dir='ltr'><strong>ειοΑΝΝιέ</strong></span> <span class='ocrx_word' id='word_1_416' title='bbox 1518 359 1524 364; x_wconf 92' lang='grc'><strong>.</strong></span> <span class='ocrx_word' id='word_1_417' title='bbox 1539 311 2015 374; x_wconf 78' lang='lat' dir='ltr'><strong>etmvsosront</strong></span> 
     </span>
    </p>
   </div>
   <div class='ocr_carea' id='block_1_56' title="bbox 2142 274 2954 377">
    <p class='ocr_par' dir='ltr' id='par_1_56' title="bbox 2142 316 2954 377">
     <span class='ocr_line' id='line_1_56' title="bbox 2142 316 2954 377; baseline 0.01 -8"><span class='ocrx_word' id='word_1_418' title='bbox 2142 316 2374 373; x_wconf 60' lang='lat' dir='ltr'><strong>itjﬂiEl’.</strong></span> <span class='ocrx_word' id='word_1_419' title='bbox 2416 319 2954 377; x_wconf 70' lang='lat' dir='ltr'><strong>CONSTANTINOP.</strong></span> 
     </span>
    </p>
   </div>
   <div class='ocr_carea' id='block_1_57' title="bbox 3562 326 3709 407">
    <p class='ocr_par' dir='ltr' id='par_1_57' title="bbox 3562 326 3709 407">
     <span class='ocr_line' id='line_1_57' title="bbox 3562 326 3709 407; baseline -0.014 -25"><span class='ocrx_word' id='word_1_420' title='bbox 3562 386 3584 407; x_wconf 50' lang='grc' dir='ltr'><strong><em>ο</em></strong></span> <span class='ocrx_word' id='word_1_421' title='bbox 3609 326 3709 382; x_wconf 70' lang='lat' dir='ltr'><strong>sas</strong></span> 
     </span>
    </p>
   </div>
   <div class='ocr_carea' id='block_1_58' title="bbox 2126 433 3709 503">
    <p class='ocr_par' dir='ltr' id='par_1_58' title="bbox 2126 433 3709 503">
     <span class='ocr_line' id='line_1_58' title="bbox 2126 433 3709 503; baseline 0.007 -19"><span class='ocrx_word' id='word_1_422' title='bbox 2126 433 2321 503; x_wconf 84' lang='lat' dir='ltr'><strong>pietate</strong></span> <span class='ocrx_word' id='word_1_423' title='bbox 2356 434 2592 503; x_wconf 87' lang='lat' dir='ltr'><strong>pericula</strong></span> <span class='ocrx_word' id='word_1_424' title='bbox 2634 434 2736 489; x_wconf 91' lang='lat' dir='ltr'><strong>sibi</strong></span> <span class='ocrx_word' id='word_1_425' title='bbox 2762 445 3022 500; x_wconf 88' lang='lat' dir='ltr'><strong>aceerset,</strong></span> <span class='ocrx_word' id='word_1_426' title='bbox 3067 436 3421 493; x_wconf 68' lang='lat' dir='ltr'><strong>itnmortaiem</strong></span> <span class='ocrx_word' id='word_1_427' title='bbox 3457 447 3513 494; x_wconf 92' lang='lat' dir='ltr'><strong>ct</strong></span> <span class='ocrx_word' id='word_1_428' title='bbox 3543 441 3709 494; x_wconf 67' lang='lat' dir='ltr'><strong>coale-</strong></span> 
     </span>
    </p>
   </div>
   <div class='ocr_carea' id='block_1_59' title="bbox 2121 525 3708 601">
    <p class='ocr_par' dir='ltr' id='par_1_59' title="bbox 2121 525 3708 601">
     <span class='ocr_line' id='line_1_59' title="bbox 2121 525 3708 601; baseline 0.006 -24"><span class='ocrx_word' id='word_1_429' title='bbox 2121 534 2257 577; x_wconf 83' lang='lat' dir='ltr'><strong>Stem</strong></span> <span class='ocrx_word' id='word_1_430' title='bbox 2288 525 2449 578; x_wconf 85' lang='lat' dir='ltr'><strong>vitam</strong></span> <span class='ocrx_word' id='word_1_431' title='bbox 2479 533 2652 581; x_wconf 91' lang='lat' dir='ltr'><strong>morte</strong></span> <span class='ocrx_word' id='word_1_432' title='bbox 2677 541 2773 581; x_wconf 89' lang='lat' dir='ltr'><strong>sua</strong></span> <span class='ocrx_word' id='word_1_433' title='bbox 2801 541 3122 596; x_wconf 90' lang='lat' dir='ltr'><strong>comparans</strong></span> <span class='ocrx_word' id='word_1_434' title='bbox 3156 544 3168 580; x_wconf 94' lang='lat'>:</span> <span class='ocrx_word' id='word_1_435' title='bbox 3197 536 3252 581; x_wconf 89' lang='lat' dir='ltr'><strong>at</strong></span> <span class='ocrx_word' id='word_1_436' title='bbox 3294 545 3388 582; x_wconf 88' lang='lat' dir='ltr'><strong>rex</strong></span> <span class='ocrx_word' id='word_1_437' title='bbox 3429 539 3708 601; x_wconf 81' lang='lat' dir='ltr'><strong>tyrannum</strong></span> 
     </span>
    </p>
   </div>
   <div class='ocr_carea' id='block_1_60' title="bbox 2121 615 3711 690">
    <p class='ocr_par' dir='ltr' id='par_1_60' title="bbox 2121 615 3711 690">
     <span class='ocr_line' id='line_1_60' title="bbox 2121 615 3711 690; baseline 0.006 -22"><span class='ocrx_word' id='word_1_438' title='bbox 2121 615 2376 685; x_wconf 90' lang='lat' dir='ltr'><strong>aliquem,</strong></span> <span class='ocrx_word' id='word_1_439' title='bbox 2408 625 2463 671; x_wconf 92' lang='lat' dir='ltr'><strong>et</strong></span> <span class='ocrx_word' id='word_1_440' title='bbox 2488 632 2609 672; x_wconf 91' lang='lat' dir='ltr'><strong>eum</strong></span> <span class='ocrx_word' id='word_1_441' title='bbox 2639 617 2728 687; x_wconf 90' lang='lat' dir='ltr'><strong>qui</strong></span> <span class='ocrx_word' id='word_1_442' title='bbox 2771 617 3053 688; x_wconf 90' lang='lat' dir='ltr'><strong>imperium</strong></span> <span class='ocrx_word' id='word_1_443' title='bbox 3095 619 3329 682; x_wconf 79' lang='lat' dir='ltr'><strong>affectat,</strong></span> <span class='ocrx_word' id='word_1_444' title='bbox 3354 619 3711 690; x_wconf 84' lang='lat' dir='ltr'><strong>jugulatorem</strong></span> 
     </span>
    </p>
   </div>
   <div class='ocr_carea' id='block_1_61' title="bbox 2125 707 3712 780">
    <p class='ocr_par' dir='ltr' id='par_1_61' title="bbox 2125 707 3712 780">
     <span class='ocr_line' id='line_1_61' title="bbox 2125 707 3712 780; baseline 0.004 -19"><span class='ocrx_word' id='word_1_445' title='bbox 2125 721 2280 761; x_wconf 89' lang='lat' dir='ltr'><strong>suum</strong></span> <span class='ocrx_word' id='word_1_446' title='bbox 2307 707 2586 763; x_wconf 89' lang='lat' dir='ltr'><strong>habiturus</strong></span> <span class='ocrx_word' id='word_1_447' title='bbox 2610 718 2713 775; x_wconf 91' lang='lat' dir='ltr'><strong>est,</strong></span> <span class='ocrx_word' id='word_1_448' title='bbox 2757 708 3063 764; x_wconf 91' lang='lat' dir='ltr'><strong>miserabile</strong></span> <span class='ocrx_word' id='word_1_449' title='bbox 3104 709 3355 780; x_wconf 87' lang='lat' dir='ltr'><strong>idemque</strong></span> <span class='ocrx_word' id='word_1_450' title='bbox 3385 709 3712 768; x_wconf 82' lang='lat' dir='ltr'><strong>horrendum</strong></span> 
     </span>
    </p>
   </div>
   <div class='ocr_carea' id='block_1_62' title="bbox 2124 801 3713 876">
    <p class='ocr_par' dir='ltr' id='par_1_62' title="bbox 2124 801 3713 876">
     <span class='ocr_line' id='line_1_62' title="bbox 2124 801 3713 876; baseline 0.004 -22"><span class='ocrx_word' id='word_1_451' title='bbox 2124 810 2247 871; x_wconf 90' lang='lat' dir='ltr'><strong>post</strong></span> <span class='ocrx_word' id='word_1_452' title='bbox 2267 801 2467 856; x_wconf 70' lang='lat' dir='ltr'><strong>caedem</strong></span> <span class='ocrx_word' id='word_1_453' title='bbox 2497 802 2893 873; x_wconf 90' lang='lat' dir='ltr'><strong>spectaculum;</strong></span> <span class='ocrx_word' id='word_1_454' title='bbox 2915 803 3238 858; x_wconf 89' lang='lat' dir='ltr'><strong>monachum</strong></span> <span class='ocrx_word' id='word_1_455' title='bbox 3261 819 3389 859; x_wconf 85' lang='lat' dir='ltr'><strong>vero</strong></span> <span class='ocrx_word' id='word_1_456' title='bbox 3409 820 3506 874; x_wconf 87' lang='lat' dir='ltr'><strong>pro</strong></span> <span class='ocrx_word' id='word_1_457' title='bbox 3524 806 3713 876; x_wconf 64' lang='lat' dir='ltr'><strong>pietate</strong></span> 
     </span>
    </p>
   </div>
   <div class='ocr_carea' id='block_1_63' title="bbox 2121 891 3715 965">
    <p class='ocr_par' dir='ltr' id='par_1_63' title="bbox 2121 891 3715 965">
     <span class='ocr_line' id='line_1_63' title="bbox 2121 891 3715 965; baseline 0.003 -20"><span class='ocrx_word' id='word_1_458' title='bbox 2121 891 2419 963; x_wconf 86' lang='lat' dir='ltr'><strong>jugulatum</strong></span> <span class='ocrx_word' id='word_1_459' title='bbox 2447 908 2691 959; x_wconf 85' lang='lat' dir='ltr'><strong>cernere,</strong></span> <span class='ocrx_word' id='word_1_460' title='bbox 2724 893 2879 949; x_wconf 90' lang='lat' dir='ltr'><strong>dulce</strong></span> <span class='ocrx_word' id='word_1_461' title='bbox 2906 900 3066 964; x_wconf 88' lang='lat' dir='ltr'><strong>atque</strong></span> <span class='ocrx_word' id='word_1_462' title='bbox 3092 894 3329 950; x_wconf 90' lang='lat' dir='ltr'><strong>salutare</strong></span> <span class='ocrx_word' id='word_1_463' title='bbox 3353 896 3715 965; x_wconf 84' lang='lat' dir='ltr'><strong>spectaculum</strong></span> 
     </span>
    </p>
   </div>
   <div class='ocr_carea' id='block_1_64' title="bbox 2127 984 3711 1056">
    <p class='ocr_par' dir='ltr' id='par_1_64' title="bbox 2127 984 3711 1056">
     <span class='ocr_line' id='line_1_64' title="bbox 2127 984 3711 1056; baseline 0.004 -18"><span class='ocrx_word' id='word_1_464' title='bbox 2127 993 2229 1039; x_wconf 90' lang='lat' dir='ltr'><strong>est.</strong></span> <span class='ocrx_word' id='word_1_465' title='bbox 2256 985 2409 1041; x_wconf 84' lang='lat' dir='ltr'><strong>Adde</strong></span> <span class='ocrx_word' id='word_1_466' title='bbox 2445 985 2529 1040; x_wconf 90' lang='lat' dir='ltr'><strong>his</strong></span> <span class='ocrx_word' id='word_1_467' title='bbox 2552 984 2694 1056; x_wconf 85' lang='lat' dir='ltr'><strong>quod</strong></span> <span class='ocrx_word' id='word_1_468' title='bbox 2735 985 3029 1041; x_wconf 89' lang='lat' dir='ltr'><strong>monachus</strong></span> <span class='ocrx_word' id='word_1_469' title='bbox 3053 986 3318 1042; x_wconf 90' lang='lat' dir='ltr'><strong>bonorum</strong></span> <span class='ocrx_word' id='word_1_470' title='bbox 3345 1004 3565 1044; x_wconf 89' lang='lat' dir='ltr'><strong>suorum</strong></span> <span class='ocrx_word' id='word_1_471' title='bbox 3588 988 3711 1044; x_wconf 79' lang='lat' dir='ltr'><strong>affe-</strong></span> 
     </span>
    </p>
   </div>
   <div class='ocr_carea' id='block_1_65' title="bbox 2127 1076 3714 1150">
    <p class='ocr_par' dir='ltr' id='par_1_65' title="bbox 2127 1076 3714 1150">
     <span class='ocr_line' id='line_1_65' title="bbox 2127 1076 3714 1150; baseline 0.004 -21"><span class='ocrx_word' id='word_1_472' title='bbox 2127 1084 2363 1131; x_wconf 88' lang='lat' dir='ltr'><strong>ctatorcs</strong></span> <span class='ocrx_word' id='word_1_473' title='bbox 2414 1076 2697 1132; x_wconf 89' lang='lat' dir='ltr'><strong>habiturus</strong></span> <span class='ocrx_word' id='word_1_474' title='bbox 2748 1085 2831 1132; x_wconf 91' lang='lat' dir='ltr'><strong>est</strong></span> <span class='ocrx_word' id='word_1_475' title='bbox 2857 1116 2871 1143; x_wconf 93' lang='lat'><strong>,</strong></span> <span class='ocrx_word' id='word_1_476' title='bbox 2915 1078 3255 1134; x_wconf 79' lang='lat' dir='ltr'><strong>temulatores</strong></span> <span class='ocrx_word' id='word_1_477' title='bbox 3298 1094 3362 1134; x_wconf 86' lang='lat' dir='ltr'><strong>ac</strong></span> <span class='ocrx_word' id='word_1_478' title='bbox 3402 1079 3714 1150; x_wconf 86' lang='lat' dir='ltr'><strong>discipulos,</strong></span> 
     </span>
    </p>
   </div>
   <div class='ocr_carea' id='block_1_66' title="bbox 2129 1169 3709 1243">
    <p class='ocr_par' dir='ltr' id='par_1_66' title="bbox 2129 1169 3709 1243">
     <span class='ocr_line' id='line_1_66' title="bbox 2129 1169 3709 1243; baseline 0.003 -20"><span class='ocrx_word' id='word_1_479' title='bbox 2129 1169 2266 1223; x_wconf 86' lang='lat' dir='ltr'><strong>bona</strong></span> <span class='ocrx_word' id='word_1_480' title='bbox 2303 1180 2549 1241; x_wconf 83' lang='lat' dir='ltr'><strong>exparte</strong></span> <span class='ocrx_word' id='word_1_481' title='bbox 2589 1180 3016 1242; x_wconf 87' lang='lat' dir='ltr'><strong>comprecantcs,</strong></span> <span class='ocrx_word' id='word_1_482' title='bbox 3060 1183 3119 1226; x_wconf 92' lang='lat' dir='ltr'><strong>ut</strong></span> <span class='ocrx_word' id='word_1_483' title='bbox 3156 1172 3323 1243; x_wconf 88' lang='lat' dir='ltr'><strong>ipsius</strong></span> <span class='ocrx_word' id='word_1_484' title='bbox 3350 1174 3555 1228; x_wconf 88' lang='lat' dir='ltr'><strong>similes</strong></span> <span class='ocrx_word' id='word_1_485' title='bbox 3594 1188 3709 1229; x_wconf 86' lang='lat' dir='ltr'><strong>eva-</strong></span> 
     </span>
    </p>
   </div>
   <div class='ocr_carea' id='block_1_67' title="bbox 2128 1259 3722 1333">
    <p class='ocr_par' dir='ltr' id='par_1_67' title="bbox 2128 1259 3722 1333">
     <span class='ocr_line' id='line_1_67' title="bbox 2128 1259 3722 1333; baseline 0.003 -18"><span class='ocrx_word' id='word_1_486' title='bbox 2128 1259 2257 1315; x_wconf 88' lang='lat' dir='ltr'><strong>dant</strong></span> <span class='ocrx_word' id='word_1_487' title='bbox 2294 1277 2309 1316; x_wconf 89' lang='lat'><strong>:</strong></span> <span class='ocrx_word' id='word_1_488' title='bbox 2349 1271 2403 1315; x_wconf 88' lang='lat' dir='ltr'><strong>at</strong></span> <span class='ocrx_word' id='word_1_489' title='bbox 2442 1278 2536 1317; x_wconf 83' lang='lat' dir='ltr'><strong>rex</strong></span> <span class='ocrx_word' id='word_1_490' title='bbox 2579 1263 2776 1316; x_wconf 90' lang='lat' dir='ltr'><strong>multos</strong></span> <span class='ocrx_word' id='word_1_491' title='bbox 2816 1263 3012 1317; x_wconf 87' lang='lat' dir='ltr'><strong>frustra</strong></span> <span class='ocrx_word' id='word_1_492' title='bbox 3055 1263 3109 1317; x_wconf 92' lang='lat' dir='ltr'><strong>in</strong></span> <span class='ocrx_word' id='word_1_493' title='bbox 3153 1264 3401 1333; x_wconf 89' lang='lat' dir='ltr'><strong>precibus</strong></span> <span class='ocrx_word' id='word_1_494' title='bbox 3444 1279 3722 1319; x_wconf 85' lang='lat' dir='ltr'><strong>sermuncs</strong></span> 
     </span>
    </p>
   </div>
   <div class='ocr_carea' id='block_1_68' title="bbox 2131 1352 3721 1425">
    <p class='ocr_par' dir='ltr' id='par_1_68' title="bbox 2131 1352 3721 1425">
     <span class='ocr_line' id='line_1_68' title="bbox 2131 1352 3721 1425; baseline 0.003 -19"><span class='ocrx_word' id='word_1_495' title='bbox 2131 1352 2493 1422; x_wconf 90' lang='lat' dir='ltr'><strong>insumpserit,</strong></span> <span class='ocrx_word' id='word_1_496' title='bbox 2526 1354 2693 1408; x_wconf 89' lang='lat' dir='ltr'><strong>Deum</strong></span> <span class='ocrx_word' id='word_1_497' title='bbox 2719 1369 2933 1425; x_wconf 86' lang='lat' dir='ltr'><strong>rogans,</strong></span> <span class='ocrx_word' id='word_1_498' title='bbox 2961 1364 3015 1408; x_wconf 92' lang='lat' dir='ltr'><strong>ut</strong></span> <span class='ocrx_word' id='word_1_499' title='bbox 3048 1369 3207 1410; x_wconf 91' lang='lat' dir='ltr'><strong>nemo</strong></span> <span class='ocrx_word' id='word_1_500' title='bbox 3240 1356 3487 1422; x_wconf 80' lang='lat' dir='ltr'><strong>exsistat,</strong></span> <span class='ocrx_word' id='word_1_501' title='bbox 3508 1357 3599 1425; x_wconf 85' lang='lat' dir='ltr'><strong>qui</strong></span> <span class='ocrx_word' id='word_1_502' title='bbox 3635 1372 3721 1411; x_wconf 91' lang='lat' dir='ltr'><strong>rc-</strong></span> 
     </span>
    </p>
   </div>
   <div class='ocr_carea' id='block_1_69' title="bbox 2129 1446 3723 1515">
    <p class='ocr_par' dir='ltr' id='par_1_69' title="bbox 2129 1446 3723 1515">
     <span class='ocr_line' id='line_1_69' title="bbox 2129 1446 3723 1515; baseline 0.001 -16"><span class='ocrx_word' id='word_1_503' title='bbox 2129 1461 2291 1515; x_wconf 84' lang='lat' dir='ltr'><strong>gnum</strong></span> <span class='ocrx_word' id='word_1_504' title='bbox 2316 1446 2552 1502; x_wconf 73' lang='lat' dir='ltr'><strong>atl‘eetct.</strong></span> <span class='ocrx_word' id='word_1_505' title='bbox 2579 1447 2852 1501; x_wconf 67' lang='lat' dir='ltr'><strong>Praeterea</strong></span> <span class='ocrx_word' id='word_1_506' title='bbox 2882 1448 3031 1502; x_wconf 90' lang='lat' dir='ltr'><strong>illum</strong></span> <span class='ocrx_word' id='word_1_507' title='bbox 3077 1448 3383 1502; x_wconf 82' lang='lat' dir='ltr'><strong>interﬁcere</strong></span> <span class='ocrx_word' id='word_1_508' title='bbox 3424 1448 3600 1502; x_wconf 83' lang='lat' dir='ltr'><strong>nullus</strong></span> <span class='ocrx_word' id='word_1_509' title='bbox 3627 1463 3723 1501; x_wconf 90' lang='lat' dir='ltr'><strong>au-</strong></span> 
     </span>
    </p>
   </div>
   <div class='ocr_carea' id='block_1_70' title="bbox 2131 1539 3726 1610">
    <p class='ocr_par' dir='ltr' id='par_1_70' title="bbox 2131 1539 3726 1610">
     <span class='ocr_line' id='line_1_70' title="bbox 2131 1539 3726 1610; baseline 0 -17"><span class='ocrx_word' id='word_1_510' title='bbox 2131 1541 2276 1604; x_wconf 87' lang='lat' dir='ltr'><strong>deat,</strong></span> <span class='ocrx_word' id='word_1_511' title='bbox 2301 1555 2422 1596; x_wconf 91' lang='lat' dir='ltr'><strong>cum</strong></span> <span class='ocrx_word' id='word_1_512' title='bbox 2451 1540 2721 1596; x_wconf 82' lang='lat' dir='ltr'><strong>existimet</strong></span> <span class='ocrx_word' id='word_1_513' title='bbox 2745 1541 2967 1610; x_wconf 90' lang='lat' dir='ltr'><strong>impium</strong></span> <span class='ocrx_word' id='word_1_514' title='bbox 3010 1555 3070 1595; x_wconf 87' lang='lat' dir='ltr'><strong>se</strong></span> <span class='ocrx_word' id='word_1_515' title='bbox 3109 1540 3163 1594; x_wconf 90' lang='lat' dir='ltr'><strong>in</strong></span> <span class='ocrx_word' id='word_1_516' title='bbox 3188 1541 3352 1595; x_wconf 90' lang='lat' dir='ltr'><strong>Deum</strong></span> <span class='ocrx_word' id='word_1_517' title='bbox 3384 1539 3644 1606; x_wconf 76' lang='lat' dir='ltr'><strong>futurum,</strong></span> <span class='ocrx_word' id='word_1_518' title='bbox 3680 1540 3726 1594; x_wconf 91' lang='lat' dir='ltr'><strong>si</strong></span> 
     </span>
    </p>
   </div>
   <div class='ocr_carea' id='block_1_71' title="bbox 2132 1622 3722 1704">
    <p class='ocr_par' dir='ltr' id='par_1_71' title="bbox 2132 1622 3722 1704">
     <span class='ocr_line' id='line_1_71' title="bbox 2132 1622 3722 1704; baseline -0.003 -15"><span class='ocrx_word' id='word_1_519' title='bbox 2132 1649 2255 1689; x_wconf 93' lang='lat' dir='ltr'><strong>eum</strong></span> <span class='ocrx_word' id='word_1_520' title='bbox 2278 1634 2557 1689; x_wconf 86' lang='lat' dir='ltr'><strong>sustulerit</strong></span> <span class='ocrx_word' id='word_1_521' title='bbox 2581 1651 2594 1686; x_wconf 94' lang='lat'>:</span> <span class='ocrx_word' id='word_1_522' title='bbox 2622 1622 2747 1689; x_wconf 88' lang='lat' dir='ltr'><strong>huic</strong></span> <span class='ocrx_word' id='word_1_523' title='bbox 2768 1648 2896 1688; x_wconf 87' lang='lat' dir='ltr'><strong>vero</strong></span> <span class='ocrx_word' id='word_1_524' title='bbox 2918 1633 3072 1688; x_wconf 91' lang='lat' dir='ltr'><strong>multi</strong></span> <span class='ocrx_word' id='word_1_525' title='bbox 3096 1633 3428 1703; x_wconf 86' lang='lat' dir='ltr'><strong>jugulatores</strong></span> <span class='ocrx_word' id='word_1_526' title='bbox 3449 1633 3722 1704; x_wconf 87' lang='lat' dir='ltr'><strong>ingruunt,</strong></span> 
     </span>
    </p>
   </div>
   <div class='ocr_carea' id='block_1_72' title="bbox 2135 1725 3725 1797">
    <p class='ocr_par' dir='ltr' id='par_1_72' title="bbox 2135 1725 3725 1797">
     <span class='ocr_line' id='line_1_72' title="bbox 2135 1725 3725 1797; baseline 0 -17"><span class='ocrx_word' id='word_1_527' title='bbox 2135 1726 2432 1797; x_wconf 85' lang='lat' dir='ltr'><strong>tyrannidis</strong></span> <span class='ocrx_word' id='word_1_528' title='bbox 2456 1725 2819 1781; x_wconf 71' lang='lat' dir='ltr'><strong>aifectatores.</strong></span> <span class='ocrx_word' id='word_1_529' title='bbox 2850 1725 3208 1791; x_wconf 85' lang='lat' dir='ltr'><strong>Quamobrem</strong></span> <span class='ocrx_word' id='word_1_530' title='bbox 3234 1725 3374 1780; x_wconf 86' lang='lat' dir='ltr'><strong>alter</strong></span> <span class='ocrx_word' id='word_1_531' title='bbox 3411 1725 3725 1780; x_wconf 77' lang='lat' dir='ltr'><strong>militcsad-</strong></span> 
     </span>
    </p>
   </div>
   <div class='ocr_carea' id='block_1_73' title="bbox 2134 1817 3728 1888">
    <p class='ocr_par' dir='ltr' id='par_1_73' title="bbox 2134 1817 3728 1888">
     <span class='ocr_line' id='line_1_73' title="bbox 2134 1817 3728 1888; baseline 0.001 -16"><span class='ocrx_word' id='word_1_532' title='bbox 2134 1817 2281 1873; x_wconf 86' lang='lat' dir='ltr'><strong>bibet</strong></span> <span class='ocrx_word' id='word_1_533' title='bbox 2328 1819 2574 1888; x_wconf 90' lang='lat' dir='ltr'><strong>corporis</strong></span> <span class='ocrx_word' id='word_1_534' title='bbox 2622 1819 2704 1873; x_wconf 92' lang='lat' dir='ltr'><strong>sui</strong></span> <span class='ocrx_word' id='word_1_535' title='bbox 2749 1818 3044 1882; x_wconf 90' lang='lat' dir='ltr'><strong>custodes,</strong></span> <span class='ocrx_word' id='word_1_536' title='bbox 3092 1818 3227 1873; x_wconf 89' lang='lat' dir='ltr'><strong>alter</strong></span> <span class='ocrx_word' id='word_1_537' title='bbox 3271 1818 3432 1873; x_wconf 90' lang='lat' dir='ltr'><strong>urbes</strong></span> <span class='ocrx_word' id='word_1_538' title='bbox 3482 1819 3728 1888; x_wconf 88' lang='lat' dir='ltr'><strong>precibus</strong></span> 
     </span>
    </p>
   </div>
   <div class='ocr_carea' id='block_1_74' title="bbox 2134 1894 3724 1983">
    <p class='ocr_par' dir='ltr' id='par_1_74' title="bbox 2134 1894 3724 1983">
     <span class='ocr_line' id='line_1_74' title="bbox 2134 1894 3724 1983; baseline -0.001 -18"><span class='ocrx_word' id='word_1_539' title='bbox 2134 1913 2247 1966; x_wconf 89' lang='lat' dir='ltr'><strong>suis</strong></span> <span class='ocrx_word' id='word_1_540' title='bbox 2295 1921 2566 1983; x_wconf 88' lang='lat' dir='ltr'><strong>tamquam</strong></span> <span class='ocrx_word' id='word_1_541' title='bbox 2610 1894 2770 1969; x_wconf 81' lang='lat' dir='ltr'><strong>muro</strong></span> <span class='ocrx_word' id='word_1_542' title='bbox 2816 1911 3149 1974; x_wconf 89' lang='lat' dir='ltr'><strong>communit,</strong></span> <span class='ocrx_word' id='word_1_543' title='bbox 3194 1911 3462 1965; x_wconf 86' lang='lat' dir='ltr'><strong>neminem</strong></span> <span class='ocrx_word' id='word_1_544' title='bbox 3506 1912 3724 1977; x_wconf 82' lang='lat' dir='ltr'><strong>timens,</strong></span> 
     </span>
    </p>
   </div>
   <div class='ocr_carea' id='block_1_75' title="bbox 2134 2004 3731 2076">
    <p class='ocr_par' dir='ltr' id='par_1_75' title="bbox 2134 2004 3731 2076">
     <span class='ocr_line' id='line_1_75' title="bbox 2134 2004 3731 2076; baseline -0.003 -15"><span class='ocrx_word' id='word_1_545' title='bbox 2134 2013 2256 2061; x_wconf 85' lang='lat' dir='ltr'><strong>cuin</strong></span> <span class='ocrx_word' id='word_1_546' title='bbox 2297 2022 2390 2061; x_wconf 88' lang='lat' dir='ltr'><strong>rex</strong></span> <span class='ocrx_word' id='word_1_547' title='bbox 2412 2017 2691 2076; x_wconf 76' lang='lat' dir='ltr'><strong>perpetuo,</strong></span> <span class='ocrx_word' id='word_1_548' title='bbox 2716 2005 2768 2060; x_wconf 94' lang='lat' dir='ltr'><strong>in</strong></span> <span class='ocrx_word' id='word_1_549' title='bbox 2797 2005 3011 2071; x_wconf 78' lang='lat' dir='ltr'><strong>timore,</strong></span> <span class='ocrx_word' id='word_1_550' title='bbox 3057 2004 3309 2059; x_wconf 84' lang='lat' dir='ltr'><strong>continua</strong></span> <span class='ocrx_word' id='word_1_551' title='bbox 3346 2004 3397 2056; x_wconf 91' lang='lat' dir='ltr'><strong>in</strong></span> <span class='ocrx_word' id='word_1_552' title='bbox 3438 2004 3600 2058; x_wconf 70' lang='lat' dir='ltr'><strong>czedis</strong></span> <span class='ocrx_word' id='word_1_553' title='bbox 3637 2019 3731 2058; x_wconf 86' lang='lat' dir='ltr'><strong>ex-</strong></span> 
     </span>
    </p>
   </div>
   <div class='ocr_carea' id='block_1_76' title="bbox 2136 2096 3728 2170">
    <p class='ocr_par' dir='ltr' id='par_1_76' title="bbox 2136 2096 3728 2170">
     <span class='ocr_line' id='line_1_76' title="bbox 2136 2096 3728 2170; baseline -0.002 -16"><span class='ocrx_word' id='word_1_554' title='bbox 2136 2101 2470 2170; x_wconf 88' lang='lat' dir='ltr'><strong>spectatione</strong></span> <span class='ocrx_word' id='word_1_555' title='bbox 2491 2101 2669 2154; x_wconf 86' lang='lat' dir='ltr'><strong>vivat:</strong></span> <span class='ocrx_word' id='word_1_556' title='bbox 2698 2098 3064 2162; x_wconf 76' lang='lat' dir='ltr'><strong>schmcnim</strong></span> <span class='ocrx_word' id='word_1_557' title='bbox 3103 2096 3415 2153; x_wconf 84' lang='lat' dir='ltr'><strong>circumfert</strong></span> <span class='ocrx_word' id='word_1_558' title='bbox 3450 2097 3728 2151; x_wconf 84' lang='lat' dir='ltr'><strong>avaritiam</strong></span> 
     </span>
    </p>
   </div>
   <div class='ocr_carea' id='block_1_77' title="bbox 2137 2186 3731 2263">
    <p class='ocr_par' dir='ltr' id='par_1_77' title="bbox 2137 2186 3731 2263">
     <span class='ocr_line' id='line_1_77' title="bbox 2137 2186 3731 2263; baseline -0.004 -17"><span class='ocrx_word' id='word_1_559' title='bbox 2137 2191 2518 2263; x_wconf 71' lang='lat' dir='ltr'><strong>periculosam,</strong></span> <span class='ocrx_word' id='word_1_560' title='bbox 2564 2206 2661 2260; x_wconf 90' lang='lat' dir='ltr'><strong>pro</strong></span> <span class='ocrx_word' id='word_1_561' title='bbox 2699 2204 2804 2261; x_wconf 89' lang='lat' dir='ltr'><strong>qua</strong></span> <span class='ocrx_word' id='word_1_562' title='bbox 2842 2187 3142 2244; x_wconf 88' lang='lat' dir='ltr'><strong>monachus</strong></span> <span class='ocrx_word' id='word_1_563' title='bbox 3182 2197 3350 2242; x_wconf 85' lang='lat' dir='ltr'><strong>tutam</strong></span> <span class='ocrx_word' id='word_1_564' title='bbox 3393 2201 3504 2258; x_wconf 73' lang='lat' dir='ltr'><strong>pra:</strong></span> <span class='ocrx_word' id='word_1_565' title='bbox 3543 2186 3731 2241; x_wconf 81' lang='lat' dir='ltr'><strong>sefert</strong></span> 
     </span>
    </p>
   </div>
   <div class='ocr_carea' id='block_1_78' title="bbox 2135 2284 2387 2338">
    <p class='ocr_par' dir='ltr' id='par_1_78' title="bbox 2135 2284 2387 2338">
     <span class='ocr_line' id='line_1_78' title="bbox 2135 2284 2387 2338; baseline -0.008 0"><span class='ocrx_word' id='word_1_566' title='bbox 2135 2284 2387 2338; x_wconf 87' lang='lat' dir='ltr'><strong>salutem.</strong></span> 
     </span>
    </p>
   </div>
   <div class='ocr_carea' id='block_1_79' title="bbox 2209 2373 3729 2446">
    <p class='ocr_par' dir='ltr' id='par_1_79' title="bbox 2209 2373 3729 2446">
     <span class='ocr_line' id='line_1_79' title="bbox 2209 2373 3729 2446; baseline -0.004 -15"><span class='ocrx_word' id='word_1_567' title='bbox 2209 2373 2485 2446; x_wconf 75' lang='lat' dir='ltr'><strong>Compara!</strong></span> <span class='ocrx_word' id='word_1_568' title='bbox 2512 2391 2624 2428; x_wconf 73' lang='lat' dir='ltr'><strong>cum</strong></span> <span class='ocrx_word' id='word_1_569' title='bbox 2655 2390 2771 2445; x_wconf 78' lang='lat' dir='ltr'><strong>rege</strong></span> <span class='ocrx_word' id='word_1_570' title='bbox 2812 2376 3118 2429; x_wconf 84' lang='lat' dir='ltr'><strong>monachum</strong></span> <span class='ocrx_word' id='word_1_571' title='bbox 3160 2373 3210 2427; x_wconf 84' lang='lat' dir='ltr'><strong>in</strong></span> <span class='ocrx_word' id='word_1_572' title='bbox 3256 2374 3316 2426; x_wconf 80' lang='lat' dir='ltr'><strong>iis</strong></span> <span class='ocrx_word' id='word_1_573' title='bbox 3360 2388 3474 2441; x_wconf 79' lang='lat' dir='ltr'><strong>qua:</strong></span> <span class='ocrx_word' id='word_1_574' title='bbox 3522 2381 3729 2426; x_wconf 80' lang='lat' dir='ltr'><strong>inertem</strong></span> 
     </span>
    </p>
   </div>
   <div class='ocr_carea' id='block_1_80' title="bbox 2134 2464 3731 2536">
    <p class='ocr_par' dir='ltr' id='par_1_80' title="bbox 2134 2464 3731 2536">
     <span class='ocr_line' id='line_1_80' title="bbox 2134 2464 3731 2536; baseline -0.003 -15"><span class='ocrx_word' id='word_1_575' title='bbox 2134 2476 2433 2536; x_wconf 71' lang='lat' dir='ltr'><strong>sequuntur.</strong></span> <span class='ocrx_word' id='word_1_576' title='bbox 2458 2495 2530 2506; x_wconf 92' lang='lat'><strong>—</strong></span> <span class='ocrx_word' id='word_1_577' title='bbox 2556 2466 2788 2521; x_wconf 86' lang='lat' dir='ltr'><strong>Proinde</strong></span> <span class='ocrx_word' id='word_1_578' title='bbox 2815 2466 2881 2520; x_wconf 91' lang='lat' dir='ltr'><strong>de</strong></span> <span class='ocrx_word' id='word_1_579' title='bbox 2910 2466 3071 2521; x_wconf 78' lang='lat' dir='ltr'><strong>rebus</strong></span> <span class='ocrx_word' id='word_1_580' title='bbox 3099 2480 3218 2535; x_wconf 75' lang='lat' dir='ltr'><strong>qua:</strong></span> <span class='ocrx_word' id='word_1_581' title='bbox 3258 2479 3355 2519; x_wconf 88' lang='lat' dir='ltr'><strong>nos</strong></span> <span class='ocrx_word' id='word_1_582' title='bbox 3388 2465 3441 2517; x_wconf 86' lang='lat' dir='ltr'><strong>in</strong></span> <span class='ocrx_word' id='word_1_583' title='bbox 3484 2464 3731 2533; x_wconf 69' lang='lat' dir='ltr'><strong>pnescnli</strong></span> 
     </span>
    </p>
   </div>
   <div class='ocr_carea' id='block_1_81' title="bbox 2138 2552 3733 2622">
    <p class='ocr_par' dir='ltr' id='par_1_81' title="bbox 2138 2552 3733 2622">
     <span class='ocr_line' id='line_1_81' title="bbox 2138 2552 3733 2622; baseline -0.005 -7"><span class='ocrx_word' id='word_1_584' title='bbox 2138 2558 2245 2615; x_wconf 86' lang='lat' dir='ltr'><strong>vita</strong></span> <span class='ocrx_word' id='word_1_585' title='bbox 2274 2558 2676 2613; x_wconf 89' lang='lat' dir='ltr'><strong>circumsistunt</strong></span> <span class='ocrx_word' id='word_1_586' title='bbox 2703 2556 2918 2612; x_wconf 89' lang='lat' dir='ltr'><strong>abunde</strong></span> <span class='ocrx_word' id='word_1_587' title='bbox 2948 2556 3075 2610; x_wconf 88' lang='lat' dir='ltr'><strong>mihi</strong></span> <span class='ocrx_word' id='word_1_588' title='bbox 3111 2556 3312 2610; x_wconf 79' lang='lat' dir='ltr'><strong>dixisse</strong></span> <span class='ocrx_word' id='word_1_589' title='bbox 3345 2555 3543 2609; x_wconf 86' lang='lat' dir='ltr'><strong>videor.</strong></span> <span class='ocrx_word' id='word_1_590' title='bbox 3577 2552 3733 2622; x_wconf 83' lang='lat' dir='ltr'><strong>Quod</strong></span> 
     </span>
    </p>
   </div>
   <div class='ocr_carea' id='block_1_82' title="bbox 2139 2647 3735 2710">
    <p class='ocr_par' dir='ltr' id='par_1_82' title="bbox 2139 2647 3735 2710">
     <span class='ocr_line' id='line_1_82' title="bbox 2139 2647 3735 2710; baseline -0.003 -6"><span class='ocrx_word' id='word_1_591' title='bbox 2139 2651 2184 2704; x_wconf 87' lang='lat' dir='ltr'><strong>si</strong></span> <span class='ocrx_word' id='word_1_592' title='bbox 2222 2660 2275 2705; x_wconf 91' lang='lat' dir='ltr'><strong>et</strong></span> <span class='ocrx_word' id='word_1_593' title='bbox 2313 2658 2583 2705; x_wconf 88' lang='lat' dir='ltr'><strong>certamen</strong></span> <span class='ocrx_word' id='word_1_594' title='bbox 2632 2648 2865 2704; x_wconf 86' lang='lat' dir='ltr'><strong>futurum</strong></span> <span class='ocrx_word' id='word_1_595' title='bbox 2908 2648 3218 2702; x_wconf 80' lang='lat' dir='ltr'><strong>examinare</strong></span> <span class='ocrx_word' id='word_1_596' title='bbox 3256 2647 3500 2710; x_wconf 88' lang='lat' dir='ltr'><strong>velimus,</strong></span> <span class='ocrx_word' id='word_1_597' title='bbox 3545 2660 3735 2699; x_wconf 90' lang='lat' dir='ltr'><strong>mona-</strong></span> 
     </span>
    </p>
   </div>
   <div class='ocr_carea' id='block_1_83' title="bbox 2139 2737 3735 2811">
    <p class='ocr_par' dir='ltr' id='par_1_83' title="bbox 2139 2737 3735 2811">
     <span class='ocr_line' id='line_1_83' title="bbox 2139 2737 3735 2811; baseline -0.005 -14"><span class='ocrx_word' id='word_1_598' title='bbox 2139 2742 2299 2797; x_wconf 91' lang='lat' dir='ltr'><strong>chum</strong></span> <span class='ocrx_word' id='word_1_599' title='bbox 2341 2741 2556 2811; x_wconf 83' lang='lat' dir='ltr'><strong>quidem</strong></span> <span class='ocrx_word' id='word_1_600' title='bbox 2582 2740 2883 2796; x_wconf 88' lang='lat' dir='ltr'><strong>videbimus</strong></span> <span class='ocrx_word' id='word_1_601' title='bbox 2907 2738 3248 2810; x_wconf 89' lang='lat' dir='ltr'><strong>splendidum</strong></span> <span class='ocrx_word' id='word_1_602' title='bbox 3280 2752 3345 2792; x_wconf 89' lang='lat' dir='ltr'><strong>ac</strong></span> <span class='ocrx_word' id='word_1_603' title='bbox 3385 2737 3735 2807; x_wconf 86' lang='lat' dir='ltr'><strong>conspicuum</strong></span> 
     </span>
    </p>
   </div>
   <div class='ocr_carea' id='block_1_84' title="bbox 2141 2830 3736 2903">
    <p class='ocr_par' dir='ltr' id='par_1_84' title="bbox 2141 2830 3736 2903">
     <span class='ocr_line' id='line_1_84' title="bbox 2141 2830 3736 2903; baseline -0.004 -15"><span class='ocrx_word' id='word_1_604' title='bbox 2141 2835 2254 2903; x_wconf 90' lang='lat' dir='ltr'><strong>rapi</strong></span> <span class='ocrx_word' id='word_1_605' title='bbox 2283 2833 2425 2887; x_wconf 90' lang='lat' dir='ltr'><strong>inter</strong></span> <span class='ocrx_word' id='word_1_606' title='bbox 2452 2833 2623 2888; x_wconf 89' lang='lat' dir='ltr'><strong>nubes</strong></span> <span class='ocrx_word' id='word_1_607' title='bbox 2645 2832 2712 2887; x_wconf 92' lang='lat' dir='ltr'><strong>ad</strong></span> <span class='ocrx_word' id='word_1_608' title='bbox 2738 2847 3022 2887; x_wconf 86' lang='lat' dir='ltr'><strong>occursum</strong></span> <span class='ocrx_word' id='word_1_609' title='bbox 3043 2830 3242 2886; x_wconf 80' lang='lat' dir='ltr'><strong>Christi</strong></span> <span class='ocrx_word' id='word_1_610' title='bbox 3283 2830 3336 2884; x_wconf 92' lang='lat' dir='ltr'><strong>in</strong></span> <span class='ocrx_word' id='word_1_611' title='bbox 3364 2845 3510 2891; x_wconf 87' lang='lat' dir='ltr'><strong>aera,</strong></span> <span class='ocrx_word' id='word_1_612' title='bbox 3549 2844 3736 2883; x_wconf 82' lang='lat' dir='ltr'><strong>exem-</strong></span> 
     </span>
    </p>
   </div>
   <div class='ocr_carea' id='block_1_85' title="bbox 2142 2921 3737 2998">
    <p class='ocr_par' dir='ltr' id='par_1_85' title="bbox 2142 2921 3737 2998">
     <span class='ocr_line' id='line_1_85' title="bbox 2142 2921 3737 2998; baseline -0.005 -17"><span class='ocrx_word' id='word_1_613' title='bbox 2142 2927 2232 2998; x_wconf 87' lang='lat' dir='ltr'><strong>plo</strong></span> <span class='ocrx_word' id='word_1_614' title='bbox 2258 2925 2411 2981; x_wconf 90' lang='lat' dir='ltr'><strong>ducis</strong></span> <span class='ocrx_word' id='word_1_615' title='bbox 2432 2934 2489 2981; x_wconf 88' lang='lat' dir='ltr'><strong>et</strong></span> <span class='ocrx_word' id='word_1_616' title='bbox 2510 2926 2833 2981; x_wconf 89' lang='lat' dir='ltr'><strong>institutoris</strong></span> <span class='ocrx_word' id='word_1_617' title='bbox 2855 2924 3017 2995; x_wconf 68' lang='lat' dir='ltr'><strong>huius</strong></span> <span class='ocrx_word' id='word_1_618' title='bbox 3045 2925 3169 2979; x_wconf 74' lang='lat' dir='ltr'><strong>vita:</strong></span> <span class='ocrx_word' id='word_1_619' title='bbox 3194 2923 3442 2978; x_wconf 85' lang='lat' dir='ltr'><strong>salutaris</strong></span> <span class='ocrx_word' id='word_1_620' title='bbox 3468 2921 3737 2976; x_wconf 83' lang='lat' dir='ltr'><strong>omnium-</strong></span> 
     </span>
    </p>
   </div>
   <div class='ocr_carea' id='block_1_86' title="bbox 2143 3017 3741 3089">
    <p class='ocr_par' dir='ltr' id='par_1_86' title="bbox 2143 3017 3741 3089">
     <span class='ocr_line' id='line_1_86' title="bbox 2143 3017 3741 3089; baseline -0.003 -16"><span class='ocrx_word' id='word_1_621' title='bbox 2143 3036 2248 3089; x_wconf 89' lang='lat' dir='ltr'><strong>qne</strong></span> <span class='ocrx_word' id='word_1_622' title='bbox 2290 3021 2570 3075; x_wconf 84' lang='lat' dir='ltr'><strong>virtutum.</strong></span> <span class='ocrx_word' id='word_1_623' title='bbox 2616 3021 2684 3073; x_wconf 88' lang='lat' dir='ltr'><strong>At</strong></span> <span class='ocrx_word' id='word_1_624' title='bbox 2723 3035 2850 3084; x_wconf 89' lang='lat' dir='ltr'><strong>rex,</strong></span> <span class='ocrx_word' id='word_1_625' title='bbox 2895 3019 2942 3073; x_wconf 91' lang='lat' dir='ltr'><strong>si</strong></span> <span class='ocrx_word' id='word_1_626' title='bbox 2980 3017 3196 3089; x_wconf 87' lang='lat' dir='ltr'><strong>quidem</strong></span> <span class='ocrx_word' id='word_1_627' title='bbox 3233 3018 3377 3086; x_wconf 90' lang='lat' dir='ltr'><strong>juste</strong></span> <span class='ocrx_word' id='word_1_628' title='bbox 3416 3026 3464 3071; x_wconf 90' lang='lat' dir='ltr'><strong>et</strong></span> <span class='ocrx_word' id='word_1_629' title='bbox 3510 3017 3741 3069; x_wconf 86' lang='lat' dir='ltr'><strong>humane</strong></span> 
     </span>
    </p>
   </div>
   <div class='ocr_carea' id='block_1_87' title="bbox 2143 3107 3740 3182">
    <p class='ocr_par' dir='ltr' id='par_1_87' title="bbox 2143 3107 3740 3182">
     <span class='ocr_line' id='line_1_87' title="bbox 2143 3107 3740 3182; baseline -0.006 -15"><span class='ocrx_word' id='word_1_630' title='bbox 2143 3112 2429 3182; x_wconf 90' lang='lat' dir='ltr'><strong>imperium</strong></span> <span class='ocrx_word' id='word_1_631' title='bbox 2475 3112 2679 3167; x_wconf 85' lang='lat' dir='ltr'><strong>rexisse</strong></span> <span class='ocrx_word' id='word_1_632' title='bbox 2701 3110 2846 3166; x_wconf 88' lang='lat' dir='ltr'><strong>visus</strong></span> <span class='ocrx_word' id='word_1_633' title='bbox 2888 3111 3047 3164; x_wconf 79' lang='lat' dir='ltr'><strong>fuerit</strong></span> <span class='ocrx_word' id='word_1_634' title='bbox 3087 3108 3400 3175; x_wconf 57' lang='lat' dir='ltr'><strong>snumthoe</strong></span> <span class='ocrx_word' id='word_1_635' title='bbox 3423 3117 3599 3162; x_wconf 86' lang='lat' dir='ltr'><strong>autem</strong></span> <span class='ocrx_word' id='word_1_636' title='bbox 3637 3107 3740 3159; x_wconf 88' lang='lat' dir='ltr'><strong>ad—</strong></span> 
     </span>
    </p>
   </div>
   <div class='ocr_carea' id='block_1_88' title="bbox 2144 3200 3740 3275">
    <p class='ocr_par' dir='ltr' id='par_1_88' title="bbox 2144 3200 3740 3275">
     <span class='ocr_line' id='line_1_88' title="bbox 2144 3200 3740 3275; baseline -0.006 -14"><span class='ocrx_word' id='word_1_637' title='bbox 2144 3205 2364 3262; x_wconf 88' lang='lat' dir='ltr'><strong>modum</strong></span> <span class='ocrx_word' id='word_1_638' title='bbox 2408 3220 2585 3260; x_wconf 85' lang='lat' dir='ltr'><strong>rarnm</strong></span> <span class='ocrx_word' id='word_1_639' title='bbox 2626 3202 2791 3275; x_wconf 84' lang='lat' dir='ltr'><strong>est).</strong></span> <span class='ocrx_word' id='word_1_640' title='bbox 2842 3204 3106 3257; x_wconf 90' lang='lat' dir='ltr'><strong>minorem</strong></span> <span class='ocrx_word' id='word_1_641' title='bbox 3164 3201 3389 3255; x_wconf 89' lang='lat' dir='ltr'><strong>salutem</strong></span> <span class='ocrx_word' id='word_1_642' title='bbox 3417 3242 3431 3265; x_wconf 92' lang='lat'><strong>,</strong></span> <span class='ocrx_word' id='word_1_643' title='bbox 3476 3200 3740 3253; x_wconf 84' lang='lat' dir='ltr'><strong>minorem</strong></span> 
     </span>
    </p>
   </div>
   <div class='ocr_carea' id='block_1_89' title="bbox 2138 3293 3740 3361">
    <p class='ocr_par' dir='ltr' id='par_1_89' title="bbox 2138 3293 3740 3361">
     <span class='ocr_line' id='line_1_89' title="bbox 2138 3293 3740 3361; baseline -0.004 -10"><span class='ocrx_word' id='word_1_644' title='bbox 2138 3297 2404 3351; x_wconf 78' lang='lat' dir='ltr'><strong>honmein</strong></span> <span class='ocrx_word' id='word_1_645' title='bbox 2446 3296 2702 3350; x_wconf 64' lang='lat' dir='ltr'><strong>sorticlttr</strong></span> <span class='ocrx_word' id='word_1_646' title='bbox 2738 3312 2750 3348; x_wconf 94' lang='lat'><strong>:</strong></span> <span class='ocrx_word' id='word_1_647' title='bbox 2791 3311 2895 3350; x_wconf 85' lang='lat' dir='ltr'><strong>non</strong></span> <span class='ocrx_word' id='word_1_648' title='bbox 2938 3294 3083 3348; x_wconf 88' lang='lat' dir='ltr'><strong>enitn</strong></span> <span class='ocrx_word' id='word_1_649' title='bbox 3125 3294 3285 3356; x_wconf 90' lang='lat' dir='ltr'><strong>idem,</strong></span> <span class='ocrx_word' id='word_1_650' title='bbox 3327 3309 3455 3358; x_wconf 92' lang='lat' dir='ltr'><strong>non,</strong></span> <span class='ocrx_word' id='word_1_651' title='bbox 3501 3293 3740 3361; x_wconf 83' lang='lat' dir='ltr'><strong>inquam,</strong></span> 
     </span>
    </p>
   </div>
   <div class='ocr_carea' id='block_1_90' title="bbox 2146 3383 3745 3451">
    <p class='ocr_par' dir='ltr' id='par_1_90' title="bbox 2146 3383 3745 3451">
     <span class='ocr_line' id='line_1_90' title="bbox 2146 3383 3745 3451; baseline -0.003 -10"><span class='ocrx_word' id='word_1_652' title='bbox 2146 3388 2287 3441; x_wconf 90' lang='lat' dir='ltr'><strong>idem</strong></span> <span class='ocrx_word' id='word_1_653' title='bbox 2323 3389 2502 3451; x_wconf 73' lang='lat' dir='ltr'><strong>fuerit,</strong></span> <span class='ocrx_word' id='word_1_654' title='bbox 2534 3389 2705 3442; x_wconf 88' lang='lat' dir='ltr'><strong>bonus</strong></span> <span class='ocrx_word' id='word_1_655' title='bbox 2734 3402 2845 3448; x_wconf 79' lang='lat' dir='ltr'><strong>rex,</strong></span> <span class='ocrx_word' id='word_1_656' title='bbox 2872 3396 2924 3438; x_wconf 91' lang='lat' dir='ltr'><strong>et</strong></span> <span class='ocrx_word' id='word_1_657' title='bbox 2955 3385 3250 3438; x_wconf 77' lang='lat' dir='ltr'><strong>monachus</strong></span> <span class='ocrx_word' id='word_1_658' title='bbox 3279 3399 3542 3438; x_wconf 87' lang='lat' dir='ltr'><strong>summam</strong></span> <span class='ocrx_word' id='word_1_659' title='bbox 3571 3384 3618 3437; x_wconf 71' lang='lat' dir='ltr'><strong>in</strong></span> <span class='ocrx_word' id='word_1_660' title='bbox 3646 3383 3745 3437; x_wconf 83' lang='lat' dir='ltr'><strong>Dei</strong></span> 
     </span>
    </p>
   </div>
   <div class='ocr_carea' id='block_1_91' title="bbox 2145 3475 3747 3550">
    <p class='ocr_par' dir='ltr' id='par_1_91' title="bbox 2145 3475 3747 3550">
     <span class='ocr_line' id='line_1_91' title="bbox 2145 3475 3747 3550; baseline -0.006 -14"><span class='ocrx_word' id='word_1_661' title='bbox 2145 3483 2288 3536; x_wconf 88' lang='lat' dir='ltr'><strong>cultu</strong></span> <span class='ocrx_word' id='word_1_662' title='bbox 2315 3497 2497 3536; x_wconf 87' lang='lat' dir='ltr'><strong>curam</strong></span> <span class='ocrx_word' id='word_1_663' title='bbox 2532 3495 2766 3550; x_wconf 83' lang='lat' dir='ltr'><strong>ponens.</strong></span> <span class='ocrx_word' id='word_1_664' title='bbox 2801 3478 2896 3533; x_wconf 86' lang='lat' dir='ltr'><strong>Sin</strong></span> <span class='ocrx_word' id='word_1_665' title='bbox 2924 3486 3103 3531; x_wconf 86' lang='lat' dir='ltr'><strong>autem</strong></span> <span class='ocrx_word' id='word_1_666' title='bbox 3144 3475 3342 3530; x_wconf 88' lang='lat' dir='ltr'><strong>malum</strong></span> <span class='ocrx_word' id='word_1_667' title='bbox 3385 3485 3436 3530; x_wconf 91' lang='lat' dir='ltr'><strong>et</strong></span> <span class='ocrx_word' id='word_1_668' title='bbox 3479 3475 3747 3548; x_wconf 87' lang='lat' dir='ltr'><strong>importu-</strong></span> 
     </span>
    </p>
   </div>
   <div class='ocr_carea' id='block_1_92' title="bbox 2147 3560 3749 3632">
    <p class='ocr_par' dir='ltr' id='par_1_92' title="bbox 2147 3560 3749 3632">
     <span class='ocr_line' id='line_1_92' title="bbox 2147 3560 3749 3632; baseline -0.006 -3"><span class='ocrx_word' id='word_1_669' title='bbox 2147 3591 2273 3629; x_wconf 89' lang='lat' dir='ltr'><strong>num</strong></span> <span class='ocrx_word' id='word_1_670' title='bbox 2300 3560 2496 3627; x_wconf 67' lang='lat' dir='ltr'><strong>vixisse</strong></span> <span class='ocrx_word' id='word_1_671' title='bbox 2536 3588 2657 3626; x_wconf 86' lang='lat' dir='ltr'><strong>eum</strong></span> <span class='ocrx_word' id='word_1_672' title='bbox 2693 3571 3017 3632; x_wconf 80' lang='lat' dir='ltr'><strong>constiterit,</strong></span> <span class='ocrx_word' id='word_1_673' title='bbox 3055 3583 3120 3624; x_wconf 85' lang='lat' dir='ltr'><strong>ac</strong></span> <span class='ocrx_word' id='word_1_674' title='bbox 3158 3568 3341 3622; x_wconf 86' lang='lat' dir='ltr'><strong>multis</strong></span> <span class='ocrx_word' id='word_1_675' title='bbox 3380 3567 3532 3621; x_wconf 84' lang='lat' dir='ltr'><strong>malis</strong></span> <span class='ocrx_word' id='word_1_676' title='bbox 3554 3565 3749 3621; x_wconf 86' lang='lat' dir='ltr'><strong>orbem</strong></span> 
     </span>
    </p>
   </div>
   <div class='ocr_carea' id='block_1_93' title="bbox 2149 3658 3751 3736">
    <p class='ocr_par' dir='ltr' id='par_1_93' title="bbox 2149 3658 3751 3736">
     <span class='ocr_line' id='line_1_93' title="bbox 2149 3658 3751 3736; baseline -0.005 -15"><span class='ocrx_word' id='word_1_677' title='bbox 2149 3667 2459 3736; x_wconf 67' lang='lat' dir='ltr'><strong>replevisse,</strong></span> <span class='ocrx_word' id='word_1_678' title='bbox 2501 3665 2621 3734; x_wconf 85' lang='lat' dir='ltr'><strong>quis</strong></span> <span class='ocrx_word' id='word_1_679' title='bbox 2664 3663 2880 3718; x_wconf 82' lang='lat' dir='ltr'><strong>tandem</strong></span> <span class='ocrx_word' id='word_1_680' title='bbox 2917 3676 3172 3717; x_wconf 73' lang='lat' dir='ltr'><strong>enarrare</strong></span> <span class='ocrx_word' id='word_1_681' title='bbox 3196 3660 3371 3729; x_wconf 83' lang='lat' dir='ltr'><strong>possit</strong></span> <span class='ocrx_word' id='word_1_682' title='bbox 3409 3658 3751 3713; x_wconf 81' lang='lat' dir='ltr'><strong>calamitates</strong></span> 
     </span>
    </p>
   </div>
   <div class='ocr_carea' id='block_1_94' title="bbox 2149 3752 3750 3831">
    <p class='ocr_par' dir='ltr' id='par_1_94' title="bbox 2149 3752 3750 3831">
     <span class='ocr_line' id='line_1_94' title="bbox 2149 3752 3750 3831; baseline -0.006 -17"><span class='ocrx_word' id='word_1_683' title='bbox 2149 3776 2240 3815; x_wconf 91' lang='lat' dir='ltr'><strong>cas</strong></span> <span class='ocrx_word' id='word_1_684' title='bbox 2263 3775 2395 3831; x_wconf 88' lang='lat' dir='ltr'><strong>quas</strong></span> <span class='ocrx_word' id='word_1_685' title='bbox 2420 3758 2688 3813; x_wconf 90' lang='lat' dir='ltr'><strong>sustinere</strong></span> <span class='ocrx_word' id='word_1_686' title='bbox 2710 3771 2832 3811; x_wconf 91' lang='lat' dir='ltr'><strong>eum</strong></span> <span class='ocrx_word' id='word_1_687' title='bbox 2857 3754 3082 3817; x_wconf 89' lang='lat' dir='ltr'><strong>videbis,</strong></span> <span class='ocrx_word' id='word_1_688' title='bbox 3128 3753 3235 3825; x_wconf 85' lang='lat' dir='ltr'><strong>igni</strong></span> <span class='ocrx_word' id='word_1_689' title='bbox 3252 3761 3530 3815; x_wconf 83' lang='lat' dir='ltr'><strong>exustum,</strong></span> <span class='ocrx_word' id='word_1_690' title='bbox 3558 3752 3750 3820; x_wconf 78' lang='lat' dir='ltr'><strong>flagel-</strong></span> 
     </span>
    </p>
   </div>
   <div class='ocr_carea' id='block_1_95' title="bbox 2150 3846 3753 3918">
    <p class='ocr_par' dir='ltr' id='par_1_95' title="bbox 2150 3846 3753 3918">
     <span class='ocr_line' id='line_1_95' title="bbox 2150 3846 3753 3918; baseline -0.006 -12"><span class='ocrx_word' id='word_1_691' title='bbox 2150 3854 2339 3918; x_wconf 86' lang='lat' dir='ltr'><strong>latum,</strong></span> <span class='ocrx_word' id='word_1_692' title='bbox 2379 3850 2694 3913; x_wconf 83' lang='lat' dir='ltr'><strong>crueiatum,</strong></span> <span class='ocrx_word' id='word_1_693' title='bbox 2736 3847 2969 3918; x_wconf 89' lang='lat' dir='ltr'><strong>denique</strong></span> <span class='ocrx_word' id='word_1_694' title='bbox 3004 3862 3064 3901; x_wconf 84' lang='lat' dir='ltr'><strong>ea</strong></span> <span class='ocrx_word' id='word_1_695' title='bbox 3092 3846 3404 3915; x_wconf 86' lang='lat' dir='ltr'><strong>patientem,</strong></span> <span class='ocrx_word' id='word_1_696' title='bbox 3429 3860 3546 3914; x_wconf 79' lang='lat' dir='ltr'><strong>qua:</strong></span> <span class='ocrx_word' id='word_1_697' title='bbox 3571 3858 3753 3912; x_wconf 86' lang='lat' dir='ltr'><strong>neque</strong></span> 
     </span>
    </p>
   </div>
   <div class='ocr_carea' id='block_1_96' title="bbox 2154 3933 3754 4012">
    <p class='ocr_par' dir='ltr' id='par_1_96' title="bbox 2154 3933 3754 4012">
     <span class='ocr_line' id='line_1_96' title="bbox 2154 3933 3754 4012; baseline -0.007 -13"><span class='ocrx_word' id='word_1_698' title='bbox 2154 3944 2319 4000; x_wconf 87' lang='lat' dir='ltr'><strong>verbo</strong></span> <span class='ocrx_word' id='word_1_699' title='bbox 2341 3942 2587 4012; x_wconf 82' lang='lat' dir='ltr'><strong>exprimi,</strong></span> <span class='ocrx_word' id='word_1_700' title='bbox 2614 3955 2789 4011; x_wconf 90' lang='lat' dir='ltr'><strong>neque</strong></span> <span class='ocrx_word' id='word_1_701' title='bbox 2820 3954 2879 3994; x_wconf 90' lang='lat' dir='ltr'><strong>re</strong></span> <span class='ocrx_word' id='word_1_702' title='bbox 2919 3939 3031 4009; x_wconf 87' lang='lat' dir='ltr'><strong>ipsa</strong></span> <span class='ocrx_word' id='word_1_703' title='bbox 3065 3937 3278 3992; x_wconf 88' lang='lat' dir='ltr'><strong>tolerari</strong></span> <span class='ocrx_word' id='word_1_704' title='bbox 3317 3934 3580 4006; x_wconf 68' lang='lat' dir='ltr'><strong>possunt?</strong></span> <span class='ocrx_word' id='word_1_705' title='bbox 3623 3933 3754 3988; x_wconf 62' lang='lat' dir='ltr'><strong>lla‘c</strong></span> 
     </span>
    </p>
   </div>
   <div class='ocr_carea' id='block_1_97' title="bbox 2151 4025 3749 4105">
    <p class='ocr_par' dir='ltr' id='par_1_97' title="bbox 2151 4025 3749 4105">
     <span class='ocr_line' id='line_1_97' title="bbox 2151 4025 3749 4105; baseline -0.009 -15"><span class='ocrx_word' id='word_1_706' title='bbox 2151 4036 2689 4105; x_wconf 88' lang='lat' dir='ltr'><strong>omniarepntantes,</strong></span> <span class='ocrx_word' id='word_1_707' title='bbox 2716 4042 2876 4103; x_wconf 86' lang='lat' dir='ltr'><strong>atque</strong></span> <span class='ocrx_word' id='word_1_708' title='bbox 2897 4030 3219 4095; x_wconf 87' lang='lat' dir='ltr'><strong>ediscentes,</strong></span> <span class='ocrx_word' id='word_1_709' title='bbox 3246 4043 3354 4083; x_wconf 90' lang='lat' dir='ltr'><strong>non</strong></span> <span class='ocrx_word' id='word_1_710' title='bbox 3376 4036 3585 4098; x_wconf 81' lang='lat' dir='ltr'><strong>Oportet</strong></span> <span class='ocrx_word' id='word_1_711' title='bbox 3604 4025 3749 4079; x_wconf 89' lang='lat' dir='ltr'><strong>divi-</strong></span> 
     </span>
    </p>
   </div>
   <div class='ocr_carea' id='block_1_98' title="bbox 2152 4118 3756 4185">
    <p class='ocr_par' dir='ltr' id='par_1_98' title="bbox 2152 4118 3756 4185">
     <span class='ocr_line' id='line_1_98' title="bbox 2152 4118 3756 4185; baseline -0.009 0"><span class='ocrx_word' id='word_1_712' title='bbox 2152 4138 2234 4185; x_wconf 88' lang='lat' dir='ltr'><strong>tes</strong></span> <span class='ocrx_word' id='word_1_713' title='bbox 2274 4126 2527 4184; x_wconf 75' lang='lat' dir='ltr'><strong>adm’rari</strong></span> <span class='ocrx_word' id='word_1_714' title='bbox 2569 4141 2586 4182; x_wconf 69' lang='grc' dir='ltr'>ς</span> <span class='ocrx_word' id='word_1_715' title='bbox 2628 4125 2824 4181; x_wconf 90' lang='lat' dir='ltr'><strong>etenim</strong></span> <span class='ocrx_word' id='word_1_716' title='bbox 2871 4131 3083 4177; x_wconf 90' lang='lat' dir='ltr'><strong>constat</strong></span> <span class='ocrx_word' id='word_1_717' title='bbox 3132 4121 3325 4175; x_wconf 89' lang='lat' dir='ltr'><strong>horum</strong></span> <span class='ocrx_word' id='word_1_718' title='bbox 3366 4118 3639 4174; x_wconf 88' lang='lat' dir='ltr'><strong>dominum</strong></span> <span class='ocrx_word' id='word_1_719' title='bbox 3685 4132 3756 4171; x_wconf 87' lang='lat' dir='ltr'><strong>ne</strong></span> 
     </span>
    </p>
   </div>
   <div class='ocr_carea' id='block_1_99' title="bbox 2154 4210 3751 4290">
    <p class='ocr_par' dir='ltr' id='par_1_99' title="bbox 2154 4210 3751 4290">
     <span class='ocr_line' id='line_1_99' title="bbox 2154 4210 3751 4290; baseline -0.009 -14"><span class='ocrx_word' id='word_1_720' title='bbox 2154 4219 2418 4276; x_wconf 87' lang='lat' dir='ltr'><strong>tantillum</strong></span> <span class='ocrx_word' id='word_1_721' title='bbox 2442 4217 2657 4290; x_wconf 88' lang='lat' dir='ltr'><strong>quidem</strong></span> <span class='ocrx_word' id='word_1_722' title='bbox 2682 4216 2748 4271; x_wconf 88' lang='lat' dir='ltr'><strong>ad</strong></span> <span class='ocrx_word' id='word_1_723' title='bbox 2785 4215 3031 4271; x_wconf 88' lang='lat' dir='ltr'><strong>monachi</strong></span> <span class='ocrx_word' id='word_1_724' title='bbox 3066 4214 3316 4289; x_wconf 77' lang='lat' dir='ltr'><strong>virtutem</strong></span> <span class='ocrx_word' id='word_1_725' title='bbox 3346 4210 3562 4281; x_wconf 91' lang='lat' dir='ltr'><strong>propius</strong></span> <span class='ocrx_word' id='word_1_726' title='bbox 3588 4223 3751 4263; x_wconf 81' lang='lat' dir='ltr'><strong>acce-</strong></span> 
     </span>
    </p>
   </div>
   <div class='ocr_carea' id='block_1_100' title="bbox 2140 4307 3753 4383">
    <p class='ocr_par' dir='ltr' id='par_1_100' title="bbox 2140 4307 3753 4383">
     <span class='ocr_line' id='line_1_100' title="bbox 2140 4307 3753 4383; baseline -0.01 -13"><span class='ocrx_word' id='word_1_727' title='bbox 2140 4314 2302 4370; x_wconf 80' lang='lat' dir='ltr'><strong>dere.</strong></span> <span class='ocrx_word' id='word_1_728' title='bbox 2343 4312 2485 4383; x_wconf 85' lang='lat' dir='ltr'><strong>Ergo</strong></span> <span class='ocrx_word' id='word_1_729' title='bbox 2526 4312 2615 4368; x_wconf 92' lang='lat' dir='ltr'><strong>ubi</strong></span> <span class='ocrx_word' id='word_1_730' title='bbox 2652 4309 3003 4381; x_wconf 80' lang='lat' dir='ltr'><strong>conspexeris</strong></span> <span class='ocrx_word' id='word_1_731' title='bbox 3046 4307 3266 4362; x_wconf 90' lang='lat' dir='ltr'><strong>divitem</strong></span> <span class='ocrx_word' id='word_1_732' title='bbox 3294 4313 3442 4360; x_wconf 88' lang='lat' dir='ltr'><strong>veste</strong></span> <span class='ocrx_word' id='word_1_733' title='bbox 3481 4311 3753 4365; x_wconf 77' lang='lat' dir='ltr'><strong>ornatum,</strong></span> 
     </span>
    </p>
   </div>
   <div class='ocr_carea' id='block_1_101' title="bbox 2144 4393 3755 4475">
    <p class='ocr_par' dir='ltr' id='par_1_101' title="bbox 2144 4393 3755 4475">
     <span class='ocr_line' id='line_1_101' title="bbox 2144 4393 3755 4475; baseline -0.009 -14"><span class='ocrx_word' id='word_1_734' title='bbox 2144 4423 2287 4462; x_wconf 80' lang='lat' dir='ltr'><strong>auro</strong></span> <span class='ocrx_word' id='word_1_735' title='bbox 2308 4404 2622 4475; x_wconf 90' lang='lat' dir='ltr'><strong>superbum,</strong></span> <span class='ocrx_word' id='word_1_736' title='bbox 2647 4418 2806 4458; x_wconf 89' lang='lat' dir='ltr'><strong>curru</strong></span> <span class='ocrx_word' id='word_1_737' title='bbox 2829 4411 3060 4464; x_wconf 85' lang='lat' dir='ltr'><strong>vectum,</strong></span> <span class='ocrx_word' id='word_1_738' title='bbox 3090 4399 3304 4453; x_wconf 87' lang='lat' dir='ltr'><strong>incessu</strong></span> <span class='ocrx_word' id='word_1_739' title='bbox 3342 4395 3624 4466; x_wconf 83' lang='lat' dir='ltr'><strong>magnifico</strong></span> <span class='ocrx_word' id='word_1_740' title='bbox 3661 4393 3755 4447; x_wconf 88' lang='lat' dir='ltr'><strong>in-</strong></span> 
     </span>
    </p>
   </div>
   <div class='ocr_carea' id='block_1_102' title="bbox 2149 4484 3758 4563">
    <p class='ocr_par' dir='ltr' id='par_1_102' title="bbox 2149 4484 3758 4563">
     <span class='ocr_line' id='line_1_102' title="bbox 2149 4484 3758 4563; baseline -0.009 -10"><span class='ocrx_word' id='word_1_741' title='bbox 2149 4497 2459 4563; x_wconf 85' lang='lat' dir='ltr'><strong>cedentem,</strong></span> <span class='ocrx_word' id='word_1_742' title='bbox 2486 4510 2552 4550; x_wconf 92' lang='lat' dir='ltr'><strong>ne</strong></span> <span class='ocrx_word' id='word_1_743' title='bbox 2590 4494 2865 4549; x_wconf 86' lang='lat' dir='ltr'><strong>hominem</strong></span> <span class='ocrx_word' id='word_1_744' title='bbox 2892 4493 3110 4548; x_wconf 85' lang='lat' dir='ltr'><strong>beatum</strong></span> <span class='ocrx_word' id='word_1_745' title='bbox 3146 4488 3391 4543; x_wconf 80' lang='lat' dir='ltr'><strong>dixeris:</strong></span> <span class='ocrx_word' id='word_1_746' title='bbox 3417 4484 3758 4557; x_wconf 66' lang='lat' dir='ltr'><strong>temporariae</strong></span> 
     </span>
    </p>
   </div>
   <div class='ocr_carea' id='block_1_103' title="bbox 2156 4580 3757 4656">
    <p class='ocr_par' dir='ltr' id='par_1_103' title="bbox 2156 4580 3757 4656">
     <span class='ocr_line' id='line_1_103' title="bbox 2156 4580 3757 4656; baseline -0.009 -10"><span class='ocrx_word' id='word_1_747' title='bbox 2156 4591 2301 4646; x_wconf 89' lang='lat' dir='ltr'><strong>enim</strong></span> <span class='ocrx_word' id='word_1_748' title='bbox 2336 4589 2558 4653; x_wconf 74' lang='lat' dir='ltr'><strong>diviti-.r,</strong></span> <span class='ocrx_word' id='word_1_749' title='bbox 2601 4595 2657 4641; x_wconf 90' lang='lat' dir='ltr'><strong>et</strong></span> <span class='ocrx_word' id='word_1_750' title='bbox 2693 4584 2948 4656; x_wconf 89' lang='lat' dir='ltr'><strong>quicquid</strong></span> <span class='ocrx_word' id='word_1_751' title='bbox 2993 4583 3195 4638; x_wconf 85' lang='lat' dir='ltr'><strong>bonum</strong></span> <span class='ocrx_word' id='word_1_752' title='bbox 3222 4596 3349 4637; x_wconf 87' lang='lat' dir='ltr'><strong>esse</strong></span> <span class='ocrx_word' id='word_1_753' title='bbox 3376 4580 3606 4644; x_wconf 77' lang='lat' dir='ltr'><strong>videtur,</strong></span> <span class='ocrx_word' id='word_1_754' title='bbox 3650 4594 3757 4632; x_wconf 84' lang='lat' dir='ltr'><strong>una</strong></span> 
     </span>
    </p>
   </div>
   <div class='ocr_carea' id='block_1_104' title="bbox 2156 4669 3758 4746">
    <p class='ocr_par' dir='ltr' id='par_1_104' title="bbox 2156 4669 3758 4746">
     <span class='ocr_line' id='line_1_104' title="bbox 2156 4669 3758 4746; baseline -0.008 -8"><span class='ocrx_word' id='word_1_755' title='bbox 2156 4698 2277 4738; x_wconf 88' lang='lat' dir='ltr'><strong>cuni</strong></span> <span class='ocrx_word' id='word_1_756' title='bbox 2301 4680 2408 4735; x_wconf 88' lang='lat' dir='ltr'><strong>vita</strong></span> <span class='ocrx_word' id='word_1_757' title='bbox 2432 4679 2533 4733; x_wconf 91' lang='lat' dir='ltr'><strong>hac</strong></span> <span class='ocrx_word' id='word_1_758' title='bbox 2563 4677 2946 4746; x_wconf 85' lang='lat' dir='ltr'><strong>corrumpitur.</strong></span> <span class='ocrx_word' id='word_1_759' title='bbox 2979 4675 3049 4730; x_wconf 82' lang='lat' dir='ltr'><strong>At</strong></span> <span class='ocrx_word' id='word_1_760' title='bbox 3085 4672 3407 4729; x_wconf 75' lang='lat' dir='ltr'><strong>monachum</strong></span> <span class='ocrx_word' id='word_1_761' title='bbox 3446 4671 3537 4726; x_wconf 94' lang='lat' dir='ltr'><strong>ubi</strong></span> <span class='ocrx_word' id='word_1_762' title='bbox 3559 4669 3758 4725; x_wconf 83' lang='lat' dir='ltr'><strong>videtis</strong></span> 
     </span>
    </p>
   </div>
   <div class='ocr_carea' id='block_1_105' title="bbox 2158 4762 3755 4835">
    <p class='ocr_par' dir='ltr' id='par_1_105' title="bbox 2158 4762 3755 4835">
     <span class='ocr_line' id='line_1_105' title="bbox 2158 4762 3755 4835; baseline -0.01 -6"><span class='ocrx_word' id='word_1_763' title='bbox 2158 4773 2329 4829; x_wconf 89' lang='lat' dir='ltr'><strong>solum</strong></span> <span class='ocrx_word' id='word_1_764' title='bbox 2363 4769 2724 4835; x_wconf 86' lang='lat' dir='ltr'><strong>incedentem,</strong></span> <span class='ocrx_word' id='word_1_765' title='bbox 2766 4768 3048 4832; x_wconf 87' lang='lat' dir='ltr'><strong>humilem,</strong></span> <span class='ocrx_word' id='word_1_766' title='bbox 3090 4776 3450 4828; x_wconf 89' lang='lat' dir='ltr'><strong>mansuetum,</strong></span> <span class='ocrx_word' id='word_1_767' title='bbox 3490 4762 3755 4832; x_wconf 88' lang='lat' dir='ltr'><strong>quietum,</strong></span> 
     </span>
    </p>
   </div>
   <div class='ocr_carea' id='block_1_106' title="bbox 2158 4855 3759 4937">
    <p class='ocr_par' dir='ltr' id='par_1_106' title="bbox 2158 4855 3759 4937">
     <span class='ocr_line' id='line_1_106' title="bbox 2158 4855 3759 4937; baseline -0.007 -19"><span class='ocrx_word' id='word_1_768' title='bbox 2158 4864 2460 4937; x_wconf 81' lang='lat' dir='ltr'><strong>paciﬁcum,</strong></span> <span class='ocrx_word' id='word_1_769' title='bbox 2504 4861 2777 4917; x_wconf 84' lang='lat' dir='ltr'><strong>hominem</strong></span> <span class='ocrx_word' id='word_1_770' title='bbox 2820 4860 3095 4923; x_wconf 74' lang='lat' dir='ltr'><strong>:ernulare,</strong></span> <span class='ocrx_word' id='word_1_771' title='bbox 3140 4857 3221 4912; x_wconf 83' lang='lat' dir='ltr'><strong>fac</strong></span> <span class='ocrx_word' id='word_1_772' title='bbox 3263 4857 3478 4911; x_wconf 82' lang='lat' dir='ltr'><strong>videare</strong></span> <span class='ocrx_word' id='word_1_773' title='bbox 3518 4855 3759 4909; x_wconf 85' lang='lat' dir='ltr'><strong>imitator</strong></span> 
     </span>
    </p>
   </div>
   <div class='ocr_carea' id='block_1_107' title="bbox 2158 4947 3775 5030">
    <p class='ocr_par' dir='ltr' id='par_1_107' title="bbox 2158 4947 3775 5030">
     <span class='ocr_line' id='line_1_107' title="bbox 2158 4947 3775 5030; baseline -0.009 -18"><span class='ocrx_word' id='word_1_774' title='bbox 2158 4956 2514 5030; x_wconf 72' lang='lat' dir='ltr'><strong>philosophia:</strong></span> <span class='ocrx_word' id='word_1_775' title='bbox 2552 4956 2742 5027; x_wconf 90' lang='lat' dir='ltr'><strong>ipsius,</strong></span> <span class='ocrx_word' id='word_1_776' title='bbox 2784 4954 2868 5010; x_wconf 88' lang='lat' dir='ltr'><strong>fac</strong></span> <span class='ocrx_word' id='word_1_777' title='bbox 2907 4952 3144 5024; x_wconf 88' lang='lat' dir='ltr'><strong>preceris</strong></span> <span class='ocrx_word' id='word_1_778' title='bbox 3184 4966 3306 5006; x_wconf 89' lang='lat' dir='ltr'><strong>esse</strong></span> <span class='ocrx_word' id='word_1_779' title='bbox 3341 4950 3472 5020; x_wconf 84' lang='lat' dir='ltr'><strong>juin</strong></span> <span class='ocrx_word' id='word_1_780' title='bbox 3518 4947 3708 5001; x_wconf 86' lang='lat' dir='ltr'><strong>similis</strong></span> <span class='ocrx_word' id='word_1_781' title='bbox 3742 4964 3775 4998; x_wconf 73' lang='lat'><strong>:~</strong></span> 
     </span>
    </p>
   </div>
   <div class='ocr_carea' id='block_1_108' title="bbox 2161 5038 3753 5118">
    <p class='ocr_par' dir='ltr' id='par_1_108' title="bbox 2161 5038 3753 5118">
     <span class='ocr_line' id='line_1_108' title="bbox 2161 5038 3753 5118; baseline -0.009 -14"><span class='ocrx_word' id='word_1_782' title='bbox 2161 5048 2328 5104; x_wconf 83' lang='lat' dir='ltr'><strong>Petite</strong></span> <span class='ocrx_word' id='word_1_783' title='bbox 2362 5050 2528 5116; x_wconf 89' lang='lat' dir='ltr'><strong>enim,</strong></span> <span class='ocrx_word' id='word_1_784' title='bbox 2572 5048 2779 5118; x_wconf 91' lang='lat' dir='ltr'><strong>inquit,</strong></span> <span class='ocrx_word' id='word_1_785' title='bbox 2831 5055 2876 5100; x_wconf 89' lang='lat' dir='ltr'><strong>et</strong></span> <span class='ocrx_word' id='word_1_786' title='bbox 2924 5043 3127 5098; x_wconf 83' lang='lat' dir='ltr'><strong>dabitur</strong></span> <span class='ocrx_word' id='word_1_787' title='bbox 3169 5043 3307 5096; x_wconf 81' lang='lat' dir='ltr'><strong>vobis</strong></span> <span class='ocrx_word' id='word_1_788' title='bbox 3355 5040 3566 5112; x_wconf 76' lang='lat' dir='ltr'><strong>(Mittit.</strong></span> <span class='ocrx_word' id='word_1_789' title='bbox 3591 5040 3643 5092; x_wconf 90' lang='lat'><strong>7.</strong></span> <span class='ocrx_word' id='word_1_790' title='bbox 3673 5038 3753 5105; x_wconf 84' lang='lat'><strong>7).</strong></span> 
     </span>
    </p>
   </div>
   <div class='ocr_carea' id='block_1_109' title="bbox 2162 5129 3755 5201">
    <p class='ocr_par' dir='ltr' id='par_1_109' title="bbox 2162 5129 3755 5201">
     <span class='ocr_line' id='line_1_109' title="bbox 2162 5129 3755 5201; baseline -0.012 -2"><span class='ocrx_word' id='word_1_791' title='bbox 2162 5142 2289 5199; x_wconf 63' lang='lat' dir='ltr'><strong>Haac</strong></span> <span class='ocrx_word' id='word_1_792' title='bbox 2335 5143 2479 5197; x_wconf 86' lang='lat' dir='ltr'><strong>enim</strong></span> <span class='ocrx_word' id='word_1_793' title='bbox 2528 5156 2657 5196; x_wconf 86' lang='lat' dir='ltr'><strong>vere</strong></span> <span class='ocrx_word' id='word_1_794' title='bbox 2702 5147 2829 5194; x_wconf 88' lang='lat' dir='ltr'><strong>sunt</strong></span> <span class='ocrx_word' id='word_1_795' title='bbox 2879 5137 3057 5201; x_wconf 90' lang='lat' dir='ltr'><strong>bona,</strong></span> <span class='ocrx_word' id='word_1_796' title='bbox 3118 5133 3401 5199; x_wconf 88' lang='lat' dir='ltr'><strong>salutaria,</strong></span> <span class='ocrx_word' id='word_1_797' title='bbox 3452 5129 3755 5192; x_wconf 87' lang='lat' dir='ltr'><strong>manentia,</strong></span> 
     </span>
    </p>
   </div>
   <div class='ocr_carea' id='block_1_110' title="bbox 2164 5219 3752 5307">
    <p class='ocr_par' dir='ltr' id='par_1_110' title="bbox 2164 5219 3752 5307">
     <span class='ocr_line' id='line_1_110' title="bbox 2164 5219 3752 5307; baseline -0.013 -14"><span class='ocrx_word' id='word_1_798' title='bbox 2164 5244 2384 5307; x_wconf 83' lang='lat' dir='ltr'><strong>propter</strong></span> <span class='ocrx_word' id='word_1_799' title='bbox 2417 5234 2619 5290; x_wconf 82' lang='lat' dir='ltr'><strong>Christi</strong></span> <span class='ocrx_word' id='word_1_800' title='bbox 2659 5230 3040 5303; x_wconf 83' lang='lat' dir='ltr'><strong>benignitatem</strong></span> <span class='ocrx_word' id='word_1_801' title='bbox 3081 5244 3145 5282; x_wconf 90' lang='lat' dir='ltr'><strong>ac</strong></span> <span class='ocrx_word' id='word_1_802' title='bbox 3182 5224 3573 5298; x_wconf 87' lang='lat' dir='ltr'><strong>providentiam</strong></span> <span class='ocrx_word' id='word_1_803' title='bbox 3619 5238 3632 5274; x_wconf 89' lang='lat'><strong>:</strong></span> <span class='ocrx_word' id='word_1_804' title='bbox 3667 5219 3752 5275; x_wconf 91' lang='lat' dir='ltr'><strong>cui</strong></span> 
     </span>
    </p>
   </div>
   <div class='ocr_carea' id='block_1_111' title="bbox 2169 5314 3651 5401">
    <p class='ocr_par' dir='ltr' id='par_1_111' title="bbox 2169 5314 3651 5401">
     <span class='ocr_line' id='line_1_111' title="bbox 2169 5314 3651 5401; baseline -0.013 -17"><span class='ocrx_word' id='word_1_805' title='bbox 2169 5331 2335 5401; x_wconf 83' lang='lat' dir='ltr'><strong>gloria</strong></span> <span class='ocrx_word' id='word_1_806' title='bbox 2363 5338 2416 5385; x_wconf 90' lang='lat' dir='ltr'><strong>et</strong></span> <span class='ocrx_word' id='word_1_807' title='bbox 2446 5327 2727 5395; x_wconf 86' lang='lat' dir='ltr'><strong>imperium</strong></span> <span class='ocrx_word' id='word_1_808' title='bbox 2756 5340 2850 5397; x_wconf 82' lang='lat' dir='ltr'><strong>per</strong></span> <span class='ocrx_word' id='word_1_809' title='bbox 2871 5321 3065 5381; x_wconf 68' lang='lat' dir='ltr'><strong>saecula</strong></span> <span class='ocrx_word' id='word_1_810' title='bbox 3089 5319 3430 5385; x_wconf 66' lang='lat' dir='ltr'><strong>saeculorum,</strong></span> <span class='ocrx_word' id='word_1_811' title='bbox 3457 5314 3651 5369; x_wconf 83' lang='lat' dir='ltr'><strong>Amen.</strong></span> 
     </span>
    </p>
   </div>
  </div>
