4032 6420
90 425 206 477 31H
1271 415 1682 474 COMPARATH

1271 413 1718 474 COMPABATIO
1756 407 1964 466 REGIS
2006 405 2093 461 ΕΤ
2127 405 2461 463 ΜΟΝΑΟΠΙ.

93 540 222 590 τῶν
239 537 490 592 δικαίων.
513 537 586 591 Ού
606 535 784 590 τοίνυν
816 535 976 607 μόνον
997 535 1159 606 ἡμεῖς
1187 533 1324 606 πρὸς
1339 533 1464 597 τοὺς
1497 530 1686 600 ἁγίους
1714 545 1811 600 μο-

93 626 324 696 varii);
355 627 416 679 ἐν
445 628 566 690 ταῖς
595 625 809 697 χρείαις
833 623 1273 694 καταφεύγομεν,
1308 621 1444 675 ἀλλὰ
1466 619 1563 674 καὶ
1589 621 1638 672 οἱ
1661 616 1814 687 βασι-

95 713 227 777 let;
247 714 408 767 αὐτοὶ
433 713 570 786 πρὸς
597 711 822 776 τούτους
846 710 1286 781 καταφεύγουσιν
1329 712 1387 762 ἐν
1411 709 1626 780 καιροῖς
1648 704 1814 777 φοδεο

3497 401 3603 457 5θὲ

1917 540 2109 613 ήδονῆς
2142 538 2236 594 καὶ
2267 539 2496 611 τρυφῆς,
2533 531 2607 592 ῶν
2655 538 2817 592 ἕνεκα
2849 537 2948 608 ζῇν
2977 536 3338 600 ἐπιθυμοῦσιν
3389 533 3436 588 οἰ
3473 535 3604 587 πολ-

1921 629 2026 692 λοὶ,
2072 627 2168 682 καὶ
2217 626 2316 698 τὴν
2360 625 2574 680 ἐνθένδε
2631 624 2962 696 μετάστασιν
3007 631 3230 696 ἀνάγκη·
3268 625 3471 696 ῤαῖως
3509 623 3605 691 φέ-

1924 733 2058 788 ρειν.
2100 715 2250 770 Εἰδέ
2287 715 2383 768 καὶ
2423 715 2698 784 σφαγῆναι
2729 711 2918 766 τοῦτον
2965 728 3203 784 συμοαιη
3261 719 3539 772 κάκεῖνον,
3579 712 3605 760 ό

99 803 260 873 ροῖς.
312 799 506 872 ὥσπερ
557 803 608 853 οἱ
653 799 1026 872 πτωχεύοντες
1077 801 1135 853 ἐν
1175 799 1321 871 λιμῷ
1357 797 1497 872 πρὸς
1551 797 1653 859 τὰς
1705 793 1816 849 τῶν
1923 805 2022 876 μὲν
2055 804 2196 876 ὑπὲρ
2248 802 2534 866 εὐσεϐείας
2577 801 2940 858 ἐπισπάσεται
2982 801 3282 864 κινδύνους,
3333 799 3607 854 ἀθάνατον

99 888 404 944 πλουσίων
436 889 635 953 οἰκίας.
665 887 1022 960 ΟὐκἈχαάϐ,
1052 890 1082 942 6
1110 887 1220 942 τῶν
1244 887 1515 943 Ἰουδαίων
1541 884 1815 958 βασιλεὺς,
1919 890 2067 962 ζωὴν
2102 892 2199 946 καὶ
2226 891 2479 962 οὐράνιον
2513 889 2603 945 διὰ
2642 890 2878 945 Θανάτου
2915 888 3444 960 πραγματευόμενος
3465 904 3478 917 ο
3515 887 3609 956 βα-

100 980 165 1031 ἐν
191 977 357 1049 λιμῷ
391 979 487 1032 καὶ
511 976 748 1048 σιτοδείᾳ
765 975 862 1047 τὴν
881 975 1076 1031 ἐλπίδα
1103 977 1201 1048 τῆς
1218 974 1658 1049 σωτηρίαςμΞΟ]
1673 969 1818 1044 εἶχεν
1924 980 2104 1044 cash;
2125 979 2182 1033 δὲ
2203 979 2465 1052 τύραννον
2490 977 2602 1044 ἔξει
2631 979 2845 1047 σεξαγέσ,
2883 978 2980 1032 καὶ⁵
2999 979 3097 1049 τῆς
3135 977 3312 1050 ἀρχῆς
3347 973 3608 1046 ἐραστὴν,

102 1069 169 1120 ἐν
213 1068 349 1131 ταῖς
364 1065 545 1119 Ἠλίου
562 1067 922 1138 προσευχαῖς;
944 1066 1044 1119 οὐκ
1072 1064 1360 1129 Ἐζεκίας⁸
1378 1065 1478 1135 τὴν
1494 1065 1665 1134 αὐτὴν
1682 1062 1820 1132 έχων
1923 1067 2155 1120 ἐλεεινὸν
2185 1066 2366 1136 θέαμα
2391 1067 2487 1122 καὶ
2514 1067 2686 1120 δεινὸν
2729 1067 2870 1138 μετ-ἀ
2899 1067 2998 1136 τὴν
3045 1066 3261 1134 σφαγὴν
3288 1063 3575 1132 γινόμενος
3595 1077 3608 1092 ·

104 1155 308 1227 ἀρχὴν
352 1155 448 1208 καὶ
469 1153 811 1217 δυναστείαν,
850 1153 1024 1209 νοσῶν
1054 1155 1148 1208 καὶ
1183 1153 1394 1226 μέλλων
1420 1152 1696 1222 τελευτᾷν,
1728 1151 1823 1218 ἐφ·
1927 1155 2164 1226 μοναχὸν
2197 1155 2255 1208 δὲ
2307 1155 2434 1209 ἰδεῖν
2464 1155 2606 1226 ὑπὲρ
2643 1154 2928 1218 εὐσεϐείας
2973 1152 3321 1222 ἐσφαγμένον
3371 1150 3468 1221 ἡδὺ
3517 1150 3614 1202 καὶ

101 1243 406 1315 εστηκότα
422 1242 514 1297 τὸν
527 1241 756 1296 θάνατον
778 1241 1150 1314 δρῶν,ἐπὶτὸν
1177 1243 1466 1312 προφήτην
1491 1240 1820 1309 κατέφυγεν,
1926 1247 2194 1318 σωτήριον
2233 1243 2432 1317 Θέαμα.
2466 1246 2578 1299 Καὶ
2603 1245 2633 1298 6
2680 1245 2779 1316 μὲν
2824 1246 2951 1308 τοὺς
2982 1242 3220 1314 ἐραστὰς
3251 1241 3362 1294 τῶν
3395 1239 3615 1294 οἰκείων

101 1328 193 1396 ὡς
228 1331 472 1395 θανάτου
499 1329 871 1402 δυνατώτερον
885 1329 979 1383 καὶ
998 1329 1146 1400 ζωῆς
1175 1329 1446 1402 χορηγόν;
1477 1329 1588 1383 Καὶ
1608 1329 1714 1399 μὴν
1729 1326 1825 1380 καὶ

107 1416 374 1482 πολέμου
395 1417 858 1490 καταρραγέντος,
890 1416 1096 1487 καὶτῆς
1123 1416 1486 1486 Παλαιστίνης
1515 1417 1579 1469 ἐκ
1609 1413 1826 1486 βάθρων

108 1503 320 1558 αὐτῶν
346 1503 768 1575 άνασπασθῆναι
784 1504 1220 1576 κινδυνευούσης,
1238 1505 1288 1558 οἱ
1310 1504 1418 1558 τῶν
1433 1503 1704 1558 Ἰουδαίων
1731 1502 1828 1574 βα-

113 1593 326 1656 σιλεῖς,
352 1594 584 1662 ἀφέντες
604 1594 704 1666 τὴν
720 1592 1003 1665 στρατιάν,
1034 1593 1130 1647 καὶ
1151 1593 1350 1658 πεζοὺς
1367 1594 1462 1648 καὶ
1483 1593 1707 1660 τοξότας
1734 1595 1828 1647 καὶ

112 1681 344 1746 ἱππέας
360 1682 455 1734 καὶ
473 1682 814 1755 στρατηγοὺς
831 1682 925 1735 καὶ
938 1681 1283 1754 ταξιάρχους,
1301 1683 1395 1735 ἐπὶ
1408 1681 1507 1746 τὰς
1522 1682 1827 1737 Ἐλισσαίου

114 1767 452 1842 προσευχὰς
495 1769 841 1838 κατέφυγον·
886 1769 1120 1840 ἡγοῦντο
1160 1770 1269 1843 γάρ
1312 1771 1496 1834 αὐτοῖς
1548 1771 1670 1824 ἀντὶ
1703 1772 1832 1824 πολ·

116 1859 246 1911 λῶν
303 1857 583 1930 μυριάδων
615 1857 836 1912 ἔσεσθαι
871 1857 964 1912 τὸν
1010 1858 1318 1930 θεράποντα
1352 1858 1446 1913 τοῦ
1478 1858 1638 1914 Θεοῦ.
1668 1860 1743 1912 Τὸ
1774 1859 1832 1914 δὲ

1927 1333 2146 1401 ἀγαθῶν
2178 1333 2273 1387 καὶ
2310 1333 2555 1405 μιμητὰς
2601 1331 2712 1398 ἕξει
2755 1333 2851 1386 καὶ
2888 1331 3137 1404 μαθητάς
3188 1329 3418 1392 πολλοὺς
3460 1327 3616 1397 εὐχο-

1931 1421 2125 1492 μένους
2160 1420 2310 1486 αὐτῷ
2355 1420 2592 1491 φανῆναι
2628 1419 3047 1491 παραπλησίους
3071 1434 3086 1449 ·
3115 1418 3144 1470 6
3193 1418 3249 1471 δὲ
3297 1414 3526 1479 πολλοὺς
3551 1415 3618 1469 ἂν

1928 1509 1987 1562 ἐν
2025 1509 2358 1580 προσευχαῖς
2410 1507 2741 1563 ἀναλώσειεν
2788 1507 2982 1576 λόγους
3035 1505 3289 1576 δεόμενος
3338 1503 3434 1557 τοῦ
3483 1502 3618 1558 Θεοῦ

1933 1594 2143 1666 μηδένα
2175 1596 2410 1666 φανῆναι
2450 1596 2550 1667 τῆς
2595 1595 2874 1664 βασιλείας
2902 1596 3158 1666 ἐραστήν.
3190 1591 3342 1664 [Hi]
3378 1593 3488 1646 Καὶ
3526 1593 3620 1646 τὸν

1936 1683 2036 1754 μὲν
2068 1681 2244 1746 οὐδεὶς
2283 1683 2350 1736 ἂν
2385 1685 2704 1736 ἀποκτεῖναι
2744 1681 3090 1752 τολμήσειεν,
3117 1682 3198 1744 εἰς
3222 1682 3314 1734 τὸν
3334 1680 3467 1733 Θεὸν
3490 1680 3620 1734 ἀσε-

1934 1769 2050 1822 ϐεῖν
2073 1768 2394 1842 ἡγούμενος,
2420 1772 2469 1823 εἰ
2489 1769 2580 1823 τὸν
2600 1769 2840 1824 τοιοῦτον
2869 1768 3052 1823 ἀνέλοι
3070 1786 3084 1798 ⁶
3103 1767 3180 1838 τῷ
3203 1768 3261 1822 δέ
3284 1767 3469 1822 πολλοὶ
3487 1784 3623 1835 σφα-

120 1945 270 2000 αὐτὸ
296 1945 461 1998 τοῦτο
507 1944 604 1998 καὶ
643 1944 912 2010 Ἐζεκίας,
955 1945 1050 2000 τοῦ
1090 1947 1118 1987 ιι
1143 1945 1412 2019 Περσικοῦ
1443 1947 1682 2018 πολέμου
1734 1964 1832 2000 συ·-

126 2034 394 2098 στάντος,
429 2033 524 2088 καὶ
550 2033 652 2104 τῆς
693 2034 901 2099 πόλεως
933 2035 1064 2107 περὶ
1095 2034 1203 2090 τῶν
1242 2035 1454 2105 ἐδάφων
1479 2045 1502 2074 ο
1539 2035 1720 2090 αὐτῶν
1753 2037 1834 2100 εἰς

127 2122 386 2176 κίνδυνον
405 2120 660 2192 μέγιστον
697 2121 997 2176 κατακεκλι
1005 2122 1193 2194 μένης,
1213 2121 1430 2176 καὶτῶν
1452 2123 1546 2178 ἐπὶ
1559 2122 1638 2193 τῷ
1665 2122 1836 2193 τείχει

125 2209 460 2283 τρεμόντων
505 2209 603 2264 καὶ
645 2210 964 2265 δεδοικότων
1007 2211 1102 2265 καὶ
1137 2211 1456 2284 σειομένων,
1497 2211 1752 2284 καθάπερ
1777 2212 1838 2266 ἐν

130 2297 446 2370 προσδοκία
499 2297 750 2371 βροντῆς,
805 2298 838 2371 ἢ
882 2299 1110 2370 σεισμοῦ
1165 2299 1345 2354 πάντα
1388 2299 1687 2364 κινοῦντος,
1741 2300 1840 2365 τὰς

145 2387 387 2440 Ἡσαΐου
440 2387 751 2460 προσευχὰς
779 2391 808 2443 6
834 2388 1090 2460 βασιλεὺς
1117 2391 1416 2461 ἀντέστησε
1451 2394 1571 2456 ταῖς
1615 2390 1838 2454 πολλαῖς

137 2475 259 2529 τῶν
288 2475 518 2548 Περσῶν
538 2477 766 2548 μυριάσι
784 2493 799 2508 ο
821 2479 915 2532 καὶ
931 2479 1034 2532 οὐκ
1057 2478 1294 2552 ἐψεύσθη
1313 2481 1412 2551 τῆς
1433 2481 1668 2543 ἐλπίδος.
1690 2481 1842 2551 ’Ἅμα

136 2580 203 2616 τε
247 2561 362 2634 γάρ
396 2563 426 2616 6
475 2565 764 2636 προφήτης
813 2564 914 2630 τὰς
955 2570 1142 2638 χεῖρας
1181 2563 1315 2640 ἦρεν
1346 2570 1426 2632 εἰς
1465 2569 1558 2621 τὸν
1591 2567 1840 2638 οὐρανὸν,

139 2650 246 2704 καὶ
272 2653 392 2714 τοῖς
427 2651 486 2718 ἐξ
513 2651 743 2723 οὐρανοῦ
790 2652 1004 2723 βέλεσιν
1043 2658 1071 2710 6
1111 2654 1246 2720 Θεὸς
1279 2655 1371 2710 τὸν
1416 2656 1684 2727 Περσικὸν
1715 2673 1846 2708 κατ-

141 2739 310 2792 έλυσε
337 2737 597 2810 πόλεμον,
619 2739 898 2812 Ιπαιδεύων
930 2743 1060 2805 τοὺς
1099 2743 1340 2814 βασιλεῖς
1374 2745 1588 2808 κοινοὺς
1615 2744 1716 2815 τῆς
1743 2745 1846 2816 γῆς

147 2825 414 2897 ήγεῖσθαι
454 2825 710 2898 σωτῆρας
759 2828 888 2893 τοὺς
927 2831 1120 2884 ἐαυτοῦ
1174 2830 1536 2904 θεράποντας,
1593 2833 1740 2898 ὅπως
1782 2833 1848 2887 ἂν

146 2912 540 2980 παιδευθεῖεν,
597 2919 692 2968 καὶ
743 2919 1223 2990 παρακαλούμενοι
1271 2921 1423 2992 παρά
1465 2921 1577 2974 τῶν
1625 2922 1849 2976 δικαίων

147 3002 248 3055 ἐπὶ
289 3003 475 3054 πᾶσαν
510 3001 712 3072 πρᾶξιν
743 3003 956 3077 ἀγαθήν
997 3009 1090 3061 καί
1131 3008 1535 3080 φιλάνθρωπον,
1583 3011 1851 3065 αἰδεῖσθαι

149 3089 258 3152 τὰς
289 3087 648 3159 συμϐουλίας,
682 3092 788 3181 καὶ
807 3093 1092 3148 πείθεσθαι
1121 3100 1238 3162 ταῖς
1267 3097 1498 3166 ἀγαθαῖς
1525 3098 1848 3164 νουθεσίαις.

150 3177 231 3230 Οὐ
263 3177 451 3230 τοίνυν
507 3178 573 3230 ἐκ
607 3177 814 3234 τούτων
863 3181 1024 3252 μόνον
1074 3183 1276 3240 ἔστιτὸ
1303 3185 1562 3258 διάφορον
1597 3187 1726 3240 ἰδεῖν
1747 3189 1856 3259 ἀμ-

155 3263 484 3336 φοτέρωνά,
531 3265 670 3318 ἀλλά
705 3267 808 3320 κᾶν
859 3271 1116 3326 ἐκπεσεῖν
1158 3273 1340 3344 συμϐῇ
1383 3275 1477 3328 καὶ
1515 3273 1706 3328 τοῦτον
1750 3277 1854 3328 κά-

155 3353 365 3414 κεῖνον,
396 3351 488 3404 τὸν
526 3352 626 3422 μὲν
672 3353 774 3424 τῆς
804 3355 1027 3429 ἀρετῆς,
1063 3359 1154 3413 τὸν
1191 3360 1247 3412 δὲ
1289 3364 1388 3434 τῆς
1429 3361 1709 3432 βασιλείας
1740 3381 1858 3418 στε-

159 3438 428 3511 ρηθέντα,
459 3439 488 3490 6
530 3439 630 3510 μὲν
663 3442 861 3514 ῥᾳδίως
907 3444 972 3498 ἂν
1013 3447 1207 3501 ἐαυτοῦ
1245 3449 1478 3517 γένοιτο,
1513 3451 1608 3505 καὶ
1647 3451 1857 3523 ταχέως

156 3527 250 3582 διὰ
279 3529 596 3598 προσευκῇς
637 3530 732 3584 καὶ
763 3530 1014 3604 δακρύων
1042 3536 1137 3588 καὶ
1177 3535 1404 3600 πένθους
1430 3539 1524 3592 καὶ
1559 3537 1858 3610 θεραπείας

161 3612 407 3684 πτωχῶν
429 3614 526 3679 τὰς
554 3617 830 3689 ἁμαρτίας
855 3621 1317 3694 ἀποτριψάμενος,
1349 3625 1511 3680 πάλιν
1541 3627 1740 3698 ῥαδίως
1766 3628 1860 3682 ἐπὶ

160 3703 266 3771 τὴν
315 3703 590 3774 προτέραν
632 3706 810 3779 ἀρχὴν
846 3709 1165 3784 ἀνατρέχει·
1201 3713 1452 3784 βασιλεὺς
1500 3716 1558 3770 δὲ
1609 3715 1861 3771 ἐκπεσὼν

165 3789 382 3846 πολλῶν
425 3792 524 3863 μὲν
557 3792 623 3848 ἀν
663 3795 881 3868 δεηθείη
924 3801 1250 3872 συμμάχων,
1282 3803 1492 3858 πολλῶν
1538 3805 1594 3858 δὲ
1627 3805 1862 3861 ὁπλιτῶν

169 3879 270 3931 καὶ
311 3878 525 3934 ἱππέων
569 3881 665 3934 καὶ
707 3877 889 3938 ἵππων
933 3888 1029 3942 καὶ
1075 3890 1375 3962 χρημάτων
1427 3894 1521 3947 καὶ
1567 3893 1860 3948 κινδύνων·

168 3965 271 4055 καὶ
303 3967 332 4018 6
374 3966 475 4037 μὲν
511 3969 651 4034 ὅλως
693 3972 753 4026 ἐν
779 3974 988 4048 ἑτέροις
1048 3977 1162 4050 ἔχει
1192 3979 1294 4051 τὴν
1323 3981 1518 4037 ἐλπίδα
1553 3984 1656 4055 τῆς
1689 4001 1866 4054 σωτη-

175 4053 304 4143 ρίας
323 4071 336 4084 ·
433 4055 491 4109 δέ
511 4059 578 4129 τῇ
608 4057 863 4133 βουλήσει
889 4065 984 4118 καὶ
1008 4068 1077 4138 τῇ
1119 4069 1323 4141 σπουδῇ
1358 4070 1453 4124 καὶ
1495 4075 1563 4142 τῇ
1593 4053 1863 4143 μεταδολῇ

171 4141 280 4212 τῆς
309 4140 537 4216 γνώμης
576 4147 852 4222 ἑπομένην
898 4151 1008 4218 ἐξει
1047 4154 1148 4226 τὴν
1184 4140 1460 4229 σωτηρίαν
1513 4140 1746 4224 5—60—61»;-
1799 4140 1872 4216 Ἡ

167 4231 466 4295 ,Βασιλεία
489 4237 600 4305 γὰρ
619 4278 632 4297 ,
667 4241 822 4310 φησὶ,
854 4239 976 4294 τῶν
1011 4243 1288 4312 οὐρανῶν
1317 4247 1492 4314 ἐντὸς
1524 4249 1692 4318 ὑμῶν
1713 4250 1864 4304 ἐστι.

175 4317 294 4372 Καὶ
335 4322 442 4392 μὴν
477 4324 507 4376 6
537 4323 766 4392 θάνατος
809 4327 888 4400 τῷ
921 4329 1021 4402 μὲν
1061 4332 1274 4404 βασιλεῖ
1308 4317 1570 4407 φοϐερὸς,
1596 4336 1674 4406 τῷ
1719 4337 1870 4406 φιλο-

1935 1860 2051 1926 γεῖς
2068 1859 2433 1930 ἐφεστήκασιν
2457 1857 2686 1930 ἐρασταὶ
2711 1858 3042 1930 τυραννίδος.
3063 1857 3261 1930 Διόπερ
3283 1858 3311 1910 ὁ
3335 1856 3432 1925 μὲν
3457 1871 3624 1925 φρου-

1940 1945 2116 2013 ρεῖται
2161 1944 2546 2016 στρατιώταις,
2584 1947 2613 1998 6
2655 1945 2927 2010 δέ-πόλεις
2973 1943 3204 2014 τειχίζει
3245 1945 3368 2006 ταῖς
3413 1943 3622 2012 εὐχαῖς,

1936 2034 2128 2089 ούδένα
2149 2033 2432 2098 δεδοικώςο
2461 2037 2490 2089 6
2515 2035 2570 2088 δὲ
2604 2034 2856 2105 βασιλεὺς
2877 2035 2971 2092 ,ἀεὶ
2992 2033 3142 2106 φόδῳ
3169 2033 3304 2104 συζῇ
3334 2033 3428 2086 καὶ
3457 2048 3628 2102 προσ-

1935 2126 2093 2196 δοκίᾳ
2151 2125 2402 2196 σφαγῆςο
2438 2125 2468 2178 6
2503 2125 2600 2196 μὲν
2626 2123 2736 2196 γάρ
2773 2123 3111 2178 ἐπικίνδυνον
3141 2122 3253 2194 ἔχει
3287 2120 3625 2188 πλεονεξίαν,

1938 2215 1968 2268 6
2004 2213 2061 2266 δὲ
2089 2213 2304 2284 ἀσφαλῆ
2347 2212 2643 2284 σωτηρίαν.
2679 2213 2814 2284 Περί
2868 2212 2965 2283 μέν
3004 2205 3096 2265 οὗν
3138 2209 3248 2264 τῶν
3295 2211 3352 2262 ἐν
3385 2207 3463 2279 τῷ
3490 2225 3629 2280 παρ-

1938 2302 2054 2356 όντι
2111 2302 2210 2372 βίῳ
2254 2302 2600 2372 πραγμάτων
2657 2301 2858 2364 ἰκανῶς
2905 2298 3159 2372 εἰρῆσθαί
3202 2317 3292 2370 μοι
3343 2298 3509 2352 δοκεῖ.
3565 2298 3628 2350 Et

1940 2387 2000 2453 δέ
2034 2389 2132 2444 καὶ
2165 2388 2259 2441 τὸν
2286 2387 2476 2457 ἀγῶνα
2497 2388 2588 2441 τὸν
2613 2388 2876 2458 μέλλοντα
2899 2387 3297 2460 βουληθείημεν
3331 2385 3629 2451 ἐξετάζειν,

1941 2477 2032 2530 τὸν
2067 2476 2166 2547 μὲν
2187 2476 2428 2547 ὐψόμεθα
2447 2476 2701 2548 λαμπρὸν
2727 2477 2822 2530 καὶ
2853 2476 3214 2548 περίϐλεπτον
3248 2473 3631 2547 ἁρπαζόμενον

1944 2566 2001 2616 ἐν
2023 2565 2272 2634 νεφέλαις
2297 2567 2378 2629 εἰς
2406 2565 2713 2636 ἀπάντησιν
2740 2565 2833 2618 τοῦ
2859 2563 3065 2636 Κυρίου
3088 2566 3166 2626 είς
3189 2564 3347 2634 ἀέρα,
3374 2562 3516 2615 κατὰ
3539 2562 3630 2614 τὸν

1946 2653 2190 2722 ἡγεμόνα
2235 2652 2331 2706 καὶ
2377 2652 2670 2723 παιδευτὴν
2701 2651 2795 2705 τοῦ
2827 2651 3094 2726 σωτηρίου
3149 2652 3341 2705 τούτου
3377 2651 3493 2722 βίον
3538 2652 3633 2702 καὶ

1950 2739 2130 2808 πάσης
2170 2741 2373 2812 ἀρετῆς
2400 2757 2414 2770 ο
2444 2741 2472 2793 6
2512 2740 2570 2793 δὲ
2606 2739 2880 2810 βασιλεὺς,
2915 2741 3011 2793 ἐὰν
3062 2740 3160 2811 μὲν
3188 2739 3415 2802 δικαίως
3439 2737 3634 2808 φανείη

1947 2829 2044 2882 καὶ
2089 2828 2488 2901 φιλανθρώπως
2521 2829 2802 2900 διοικήσας
2844 2829 2942 2900 τὴν
2981 2829 3154 2902 ἀρχὴν
3189 2829 3348 2900 (πολὺ
3383 2829 3440 2882 δέ
3477 2827 3637 2881 τοῦτο

1954 2914 2222 2987 σπάνιον),
2263 2916 2544 2980 ἐλάττονος
2582 2916 2736 2970 ἔσται
2782 2917 3054 2989 σωτηρίας
3093 2935 3153 2970 τε
3193 2917 3289 2970 καὶ
3330 2916 3533 2987 τιμῆς⁹
3573 2917 3638 2966 οὔ

1952 3003 2062 3074 γὰρ
2105 3003 2240 3067 ἴσον,
2277 3004 2377 3057 ούκ
2427 3003 2541 3057 ἴσον
2583 3004 2837 3074 βασιλεύς
2887 3022 2947 3058 τε
2978 3005 3217 3076 χρηστὸς
3258 3005 3352 3057 καὶ
3406 3003 3641 3072 μοναχὸς

1954 3089 2140 3162 ἄκρως
2168 3092 2234 3161 τῇ
2271 3090 2365 3152 τοῦ
2399 3090 2536 3144 Θεοῦ
2567 3091 2792 3163 λατρεία
2823 3092 3020 3156 συζῶν.
3057 3093 3119 3144 Εἰ
3147 3092 3202 3146 δὲ
3245 3091 3440 3161 φανείη
3475 3107 3643 3161 πονη-

1958 3177 2052 3250 ρὸς
2096 3178 2191 3232 καὶ
2231 3178 2442 3242 σκαιὸς,
2480 3177 2691 3232 πολλῶν
2728 3179 2915 3233 κακῶν
2957 3178 3332 3250 ἐμπεπληκώς
3373 3180 3474 3250 τὴν
3511 3179 3642 3248 γῆν,

1956 3265 2040 3330 τίς
2085 3265 2152 3320 ἂν
2199 3269 2372 3320 εἰπεῖν
2414 3266 2670 3338 δυνηθείη
2728 3267 2828 3331 τὰς
2877 3268 3164 3340 συμφορὰς
3207 3264 3295 3332 αἷς
3340 3268 3642 3338 ὀφθήσεται

1958 3353 2336 3425 συνεχόμενος,
2357 3356 2492 3424 πυρὶ
2525 3355 2833 3424 καιόμενος,
2861 3355 3316 3426 μαστιγούμενος,
3354 3354 3646 3426 στρεϐλού-

1962 3457 2157 3512 μενος,
2219 3441 2444 3496 τοιαῦτα
2484 3442 2710 3512 πάσχων
2755 3442 2899 3515 άπερ
2944 3441 3068 3496 οὔτε
3117 3443 3262 3515 λόγῳ
3312 3444 3474 3516 ῥητὰ,
3520 3443 3646 3496 οὐδὲ

1961 3533 2108 3605 ἔργῳ
2151 3534 2365 3604 φορητά
2388 3551 2402 3600 ;
2429 3533 2616 3588 Ταῦτα
2647 3533 2823 3588 πάντα
2847 3533 2928 3587 δεῖ
2969 3533 3350 3606 λογιζομένους
3379 3535 3472 3588 καὶ
3511 3551 3648 3603 μαν-

1963 3622 2244 3686 θάνοντας,
2277 3621 2352 3693 μὴ
2375 3623 2503 3687 τοὺς
2542 3623 2909 3688 πλουτοῦντας
2946 3623 3247 3695 θαυμάζειν
3267 3642 3280 3656 ·
3319 3625 3347 3676 6
3381 3623 3489 3696 γὰρ
3522 3624 3648 3676 τού-

1961 3725 2073 3763 των
2105 3709 2374 3776 δεσπότης
2402 3710 2682 3782 πεφηνὼς,
2703 3711 2825 3765 οὐδὲ
2859 3711 3002 3766 κατά
3039 3713 3236 3782 μικρὸν
3275 3713 3445 3780 ἐγγὺς
3473 3712 3653 3768 ἐλθεῖν
3707 3780 3713 3784 ,

1962 3797 2186 3852 δύναται
2223 3799 2325 3870 τῆς
2351 3797 2446 3852 τοῦ
2481 3799 2717 3870 μοναχοῦ
2752 3801 2972 3872 ἀρετῆς.
3006 3801 3174 3853 Ὅταν
3212 3795 3305 3853 οὖν
3334 3800 3448 3872 ἴδῃς
3485 3800 3651 3855 πλού-

1967 3902 2081 3939 σιον
2120 3885 2308 3958 ἐσθῆτι
2341 3887 2778 3958 κεκοσμημένον,
2819 3885 3008 3958 χρυσῷ
3043 3887 3651 3958 καλλωπιζόμενον,ὲπ’

1965 3973 2261 4044 ὀχημάτων
2293 3976 2614 4046 φερόμενον,
2642 3975 2857 4040 ἐξόδους
2888 3975 3100 4042 ἐξιόντα
3123 3975 3405 4047 λαμπρὰς,
3439 3978 3513 4048 μὴ
3547 3995 3651 4048 μα-

1969 4063 2203 4132 καρίσῃς
2232 4057 2327 4114 τὸν
2356 4062 2670 4133 ἄνθρωπον·
2702 4063 3040 4134 πρόσκαιρος
3077 4064 3187 4136 γάρ
3216 4065 3244 4116 6
3280 4065 3530 4131 πλοῦτος,
3557 4069 3653 4118 καὶ

1967 4147 2032 4203 τὸ
2055 4149 2246 4202 δοκοῦν
2268 4144 2404 4202 εἶναι
2431 4149 2597 4203 καλὸν
2617 4148 2695 4219 τῷ
2717 4150 2818 4220 βίῳ
2838 4149 3014 4222 τούτῳ
3039 4151 3535 4223 συνδιαφθείρεται·
3566 4171 3654 4223 μο·

1971 4236 2132 4307 ναχὸν
2159 4236 2217 4289 δὲ
2247 4236 2368 4290 ἰδὼν
2401 4236 2688 4306 βαδίζοντα
2727 4237 2909 4306 μόνον,
2941 4239 3196 4292 ταπεινὸν
3222 4239 3316 4292 καὶ
3349 4241 3524 4311 πρᾶον
3559 4241 3659 4294 καὶ

1971 4326 2198 4396 ἡσύχιον
2231 4325 2325 4378 καί⁹
2351 4326 2582 4397 ἥμερον,
2617 4323 2860 4396 ζήλωσον
2892 4326 2984 4379 τὸν
3009 4325 3199 4399 ἀνδρα,
3237 4327 3440 4400 φάνηθι
3479 4345 3654 4400 μιμη-

178 4407 438 4476 σοφοῦντι
463 4411 520 4464 δὲ
551 4413 789 4480 ἄλυπος·
824 4418 916 4472 τὸν
965 4419 1076 4493 γάρ
1110 4421 1466 4496 ὑπερορῶντα
1501 4423 1731 4479 πλούτου
1775 4427 1870 4480 καὶ
1924 4412 2072 4484 ’στῆς
2099 4413 2199 4482 τῆς
2239 4412 2450 4466 ἐκείνου
2497 4413 2836 4483 φιλοσοφίας»
2875 4409 3028 4478 εὖξαι
3058 4414 3310 4484 γενέσθαι
3353 4415 3432 4486 τῷ
3461 4416 3656 4486 δικαίῳ

249 4519 276 4595 ς
300 4518 613 4595 §ic.(_'.oi.«3lin1
638 4530 958 4595 r9cte._Edit.
985 4547 1104 4585 vero
1125 4537 1214 4585 οὐκ
1245 4535 1420 4595 Ὀζίας.

223 4579 511 4668 ρῖςὲἒέἶῖῖῖξη
527 4590 618 4668 Ξίῗῖ
661 4579 1240 4668 Ἐτὶεκέοἶείέέτσίῆἓτῖἓδῦ
1261 4579 1512 4668 ἶοῖρῗἳιρκ
1545 4605 1646 4668 περί
1677 4603 1774 4651 τῶν
1797 4603 1865 4654 εδ.

173 4645 649 4728 ὠξιὶνῆἔῖοένιῶσξης
667 4655 832 4728 καῖἐἰις
851 4656 970 4706 κίνδ.
1129 4645 1556 4726 περιενηνεγμένης.

294 4703 490 4778 ροιριιρ.
511 4703 720 4778 πρὸ’τῶν
738 4703 943 4778 mw;

245 4762 278 4809 ἀ
302 4765 504 4819 Coislin.
527 4762 781 4840 εὶιατέρωνζ

1971 4499 2356 4573 ’παραπλήσιος
2383 4519 2396 4531 ”
2421 4502 2644 4555 Αἰτεῖτε
2663 4501 2792 4574 γὰρ,
2819 4503 2974 4573 φησὶ,
3023 4503 3118 4556 καὶ
3149 4501 3469 4570 δοθήσεται
3493 4503 3655 4575 ὑμῖν.

1979 4587 2164 4652 Ταῦτα
2187 4589 2298 4663 γὰρ
2333 4591 2409 4654 ὼς
2447 4590 2664 4662 ἀληθῶς
2711 4589 2852 4644 καλά
2880 4593 2975 4644 καὶ
3021 4593 3262 4664 σωτήρια
3293 4592 3390 4646 καὶ
3431 4592 3656 4664 μόνιμα,

1979 4676 2066 4731 διὰ
2096 4677 2196 4749 τήν
2223 4678 2316 4732 τοῦ
2360 4678 2598 4750 Χριστοῦ
2639 4677 3050 4750 φιλανθρωπίαν
3093 4680 3188 4732 καί
3228 4680 3518 4752 πρόνοιανο
3545 4673 3590 4746 ᾧ
3621 4680 3656 4750 ἡ

1982 4763 2107 4832 δόξα
2141 4767 2312 4821 καὶτὸ
2331 4767 2532 4838 κράτος
2565 4768 2644 4830 είς
2671 4767 2796 4830 τοὺς
2818 4765 3018 4830 αἰῶνας
3046 4766 3160 4822 τῶν
3188 4767 3416 4824 αἰώνων.
3466 4768 3656 4839 Ἀμήν.

2579 5081 2728 5168 /
2799 5045 2804 5050 .

2395 5309 2404 5318 ι

2366 5327 2388 5344 ,ο
