4032 6408
496 393 635 451 ὂίἒν

512 622 3526 653 NW

1504 382 1570 438 IN
1608 380 1795 439 DUOS
1835 381 1926 436 DE
1964 377 2506 437 COMPUNCTIONE
2544 380 2794 440 LIBROS

3630 398 3746 455 aues
3809 408 3815 417 -

979 1003 1104 1094 IN
1182 1000 1498 1098 DUOS
1571 1001 1723 1093 DE
1804 1001 2765 1102 COMPUNCTIONE
2852 1001 3285 1108 LIBROS

1784 1301 2605 1423 ADMONlT-IO

575 1947 698 2016 Quo
725 1954 970 2017 tempore
1003 1944 1174 2001 libros
1200 1943 1367 1999 hosce
1392 1942 1554 2011 duos,
1582 1955 1818 2013 quorum
1846 1941 1996 2012 prior
2025 1943 2096 1997 ad

509 2057 863 2121 Demetrium,
895 2055 1031 2110 alter
1062 2055 1131 2109 ad
1164 2052 1485 2109 Steleehium
1506 2050 1848 2116 inscribitur,
1869 2050 2098 2106 ediderit

507 2163 956 2236 Cbrysostomus,
1004 2162 1118 2232 ipse
1154 2160 1467 2217 subindicat
1495 2159 1591 2215 lib.
1629 2175 1669 2227 ι,
1705 2174 1859 2213 num.
1893 2159 1947 2225 6,
1998 2157 2096 2214 ubi

506 2277 584 2331 ait
613 2294 626 2330 :
663 2277 792 2329 Ὅτε
817 2274 928 2346 γὰρ
948 2271 1140 2344 πρώην
1167 2271 1280 2342 ἐγὼ
1308 2271 1590 2340 ἐγνώκειν,
1615 2271 1716 2344 τὴν
1741 2271 1896 2325 πόλιν
1912 2271 2095 2341 ἀφεὶς,

506 2386 600 2438 ἐπὶ
631 2384 730 2448 τὰς
746 2383 951 2455 σκηνὰς
976 2382 1086 2436 τῶν
1118 2380 1368 2453 μοναχῶν
1394 2380 1590 2446 ἐλθεῖν,
1607 2389 1737 2445 elc.,
1770 2374 1905 2435 Cum
1928 2396 2095 2450 nuper

503 2510 598 2564 ego
620 2493 985 2557 decrevissem,
1009 2491 1197 2545 relicta
1227 2492 1375 2557 urbe,
1415 2491 1485 2544 ad
1527 2490 1872 2545 tabernacula
1912 2506 2099 2544 mona-

504 2601 720 2655 chorum
769 2594 1030 2667 accedere,
1081 2598 1309 2654 sollicite
1342 2599 1642 2671 quaerebant
1672 2610 1722 2655 et
1755 2600 2092 2666 sciscitabar,

503 2708 769 2764 undenam
819 2709 1238 2764 necessariorum
1298 2719 1621 2764 commeatus
1676 2708 1965 2779 adfuturus
2016 2726 2100 2765 es-

506 2827 607 2884 set,
641 2828 748 2875 etc.
770 2818 908 2875 Cum
940 2820 1105 2891 igitur
1128 2820 1245 2875 haec
1291 2818 1531 2889 scripsit,
1573 2834 1750 2889 nuper
1781 2819 1849 2874 ad
1904 2834 2098 2875 mona-

503 2928 671 2983 steria
701 2934 1007 2983 secesserat
1043 2943 1057 2980 :
1087 2926 1314 2983 secessit
1339 2936 1524 2985 autem
1560 2943 1705 2983 anno
1727 2928 1834 2983 574
1857 2929 1942 2983 vel
1968 2928 2093 2984 575.

505 3038 661 3095 Unde
693 3038 943 3110 sequitur
972 3052 1119 3095 anno
1144 3038 1273 3105 575,
1308 3038 1393 3093 vel
1418 3037 1486 3092 ad
1516 3052 1793 3092 summum
1827 3038 1954 3105 576,
1978 3041 2097 3109 pri-

503 3165 654 3205 mum
685 3149 876 3205 saltem
905 3150 973 3203 ad
1000 3147 1332 3204 Demetrium
1365 3148 1566 3204 librum
1598 3149 1861 3205 emissum
1893 3149 2090 3219 fuisse;

503 3274 633 3314 nam
655 3259 703 3314 si
727 3258 959 3313 ulterius
994 3265 1207 3331 tempus
1234 3256 1706 3328 consignaremus,
1740 3273 1846 3315 vox
1874 3258 2092 3331 πρώην,

504 3386 688 3440 nuper,
713 3370 985 3440 quadrare
1012 3384 1124 3424 non
1162 3383 1326 3439 posse
1358 3367 1657 3424 videretur.

574 3477 980 3542 Tillemontius,
1012 3481 1107 3548 qui
1138 3477 1303 3534 allato
1342 3492 1507 3548 supra
1551 3478 1673 3534 loco
1705 3494 1815 3535 non
1845 3486 1931 3534 sat
1972 3479 2091 3534 ani-

503 3601 657 3642 mum
698 3584 1017 3642 adhibuisse
1059 3584 1295 3654 videtur,
1330 3587 1536 3658 quique
1565 3603 1755 3645 vocem
1787 3605 1954 3659 nuper
1983 3605 2095 3645 non

506 3697 759 3762 advertit,
794 3705 1005 3751 tantam
1057 3705 1250 3755 contra
1309 3697 1457 3753 hunc
1516 3699 1775 3769 temporis
1824 3701 2095 3758 calculum

505 3805 873 3862 ditlieultatem
918 3805 1212 3862 observare
1258 3820 1318 3862 se
1348 3814 1521 3877 putat,
1559 3806 1711 3880 [£22]
1754 3817 1812 3864 ut
1839 3820 1975 3880 pene
2001 3811 2097 3865 sb-

507 3915 707 3971 duetus
749 3916 806 3970 in
854 3914 1016 3970 aliam
1065 3916 1393 3971 sententiam
1443 3917 1696 3972 declinet.
1750 3918 1883 3988 Ejus
1928 3922 2094 3976 verba

508 4033 637 4080 sunt
665 4023 742 4096 (η)
774 4038 787 4078 :
819 4042 839 4077 ι
874 4023 1072 4080 Libros
1114 4024 1180 4079 de
1228 4025 1628 4095 compunctione
1658 4026 1800 4082 inter
1825 4043 1923 4084 eos
1951 4044 2093 4100 quos

506 4127 931 4201 Chrysostomus
966 4129 1022 4185 in
1076 4130 1372 4188 solitudine
1429 4133 1599 4189 edidit
1646 4135 1985 4205 reponimus,
2033 4148 2095 4193 ut

505 4222 602 4293 eos
617 4238 712 4309 qui
739 4253 843 4295 nos
859 4252 1187 4311 praecessere
1207 4254 1523 4312 sequamur,
1556 4258 1750 4315 nempe
1769 4245 2088 4314 Baronium,

505 4344 882 4402 llermantium
910 4354 966 4402 et
992 4346 1311 4418 Dupinium.
1339 4347 1528 4420 Neque
1572 4360 1752 4410 tamen
1785 4371 1896 4427 quo
1927 4372 2091 4428 argu-

508 4466 695 4510 mento
722 4456 874 4513 ducti
905 4456 961 4512 id
995 4458 1286 4513 statuerint
1324 4467 1408 4514 sat
1439 4461 1832 4532 perspicimus;
1858 4467 1969 4524 imo
2008 4470 2094 4525 vi-

508 4564 668 4621 detur
695 4564 813 4620 haec
862 4564 1109 4620 scribens
1141 4564 1568 4633 Chrysostomus
1611 4583 1671 4625 se
1712 4572 2091 4644 presbyterum

506 4671 774 4744 proﬁteri,
822 4686 949 4735 cum
982 4671 1055 4727 ait
1087 4689 1100 4727 :
1133 4670 1247 4726 Nos
1288 4680 1465 4726 autem
1507 4690 1619 4744 pra:
1662 4677 1813 4733 inani
1842 4680 2018 4750 gloria
2045 4694 2094 4740 et

507 4779 743 4835 absurda
770 4779 1058 4833 ambitione
1089 4778 1184 4833 hoc
1235 4779 1362 4834 item
1401 4793 1723 4854 praeceptum
1770 4803 1979 4857 pessum
2009 4793 2096 4849 de-

515 4891 732 4959 dimus,
781 4890 909 4945 dum
959 4899 1328 4960 corruptores,
1385 4892 1702 4965 incredulos,
1762 4899 2099 4973 hominesque

508 5000 767 5056 sexcentis
796 4999 938 5054 uitiis
959 5007 1173 5053 onustos
1203 5009 1393 5056 temere
1412 5010 1464 5055 et
1484 5004 1598 5058 sine
1610 5007 1854 5062 examine
1886 5011 1959 5064 ad
1983 5030 2096 5084 my-

508 5109 790 5165 steriorum
829 5108 1294 5179 participationem
1333 5110 1686 5180 admittimus,
1733 5127 1782 5171 et
1807 5128 2091 5190 antequam

510 5228 821 5274 accuratam
854 5219 1042 5273 mentis
1071 5219 1439 5290 sententicrque
1465 5238 1578 5277 sum
1608 5229 1976 5293 probationem
2003 5233 2092 5287 de-

510 5327 705 5396 derint,
755 5331 932 5384 omnia
983 5329 1096 5385 illis
1153 5330 1407 5401 dogmata
1472 5333 1787 5405 revelamus,
1826 5349 1933 5397 etc.
1963 5347 2093 5401 Scio

517 5432 703 5503 utique
726 5434 815 5492 hic
847 5436 1145 5508 generatim
1174 5437 1243 5492 de
1275 5437 1341 5494 iis
1375 5454 1496 5509 qua:
1532 5441 1587 5497 in
1616 5442 1857 5503 Ecclesia
1887 5456 2090 5520 passim

585 5632 664 5705 (α)
696 5637 816 5696 Not.
848 5646 880 5700 9
911 5646 966 5701 in
999 5647 1447 5731 Cltrysostomum.

2199 1944 2627 2004 admittebantur
2651 1949 2810 2007 malis
2843 1949 2931 2023 agi
2961 1970 2976 2009 :
3010 1969 3199 2011 verum
3240 1970 3309 2012 an
3341 1958 3513 2016 lector
3547 1961 3627 2017 vel
3658 1979 3760 2020 mo-

2198 2054 2406 2112 nachus
2432 2056 2511 2112 ita
2541 2057 2839 2129 loquatur?
2871 2060 3223 2123 Hermantius
3239 2078 3388 2127 certe
3420 2071 3546 2129 ideo
3566 2085 3764 2131 senten-

2200 2164 2330 2219 tiam
2358 2168 2612 2234 mutavit,
2632 2177 2832 2240 putans
2856 2172 2971 2229 haec
2987 2175 3276 2247 scripsisse
3305 2191 3562 2238 sanctum
3582 2184 3760 2243 virum.

2199 2288 2324 2329 cum
2357 2276 2620 2346 populum
2656 2278 2871 2349 publice
2900 2284 3137 2355 doceret,
3168 2287 3206 2344 i.
3236 2303 3288 2344 e.
3316 2305 3446 2346 eum
3483 2292 3593 2363 jam
3630 2310 3762 2366 pres-

2199 2381 2354 2454 byter
2385 2394 2549 2440 esset.
2584 2404 2605 2438 ι

2264 2490 2540 2553 Hactenus
2590 2497 2993 2573 Tillemontius,
3023 2506 3119 2577 qui
3166 2507 3294 2564 dum
3328 2511 3405 2565 ait
3440 2512 3680 2584 ignorare
3715 2530 3764 2570 se

2198 2617 2308 2672 quo
2338 2617 2660 2691 aggumento
2681 2609 2833 2666 ducti
2850 2611 3120 2671 Baronius
3141 2625 3197 2672 et
3217 2616 3308 2671 alii
3332 2616 3767 2692 Chrysostomum

2200 2711 2316 2768 haec
2345 2715 2633 2786 scripsisse
2665 2730 2858 2790 putent
2883 2722 2941 2779 in
2987 2740 3206 2783 secessu
3240 2737 3293 2783 et
3318 2729 3636 2799 solitudine,
3666 2734 3766 2787 haec

2199 2823 2577 2895 Chrysostomi
2607 2831 2793 2900 verba,
2832 2832 2970 2889 Cum
3000 2852 3164 2907 nuper
3189 2855 3281 2909 ego
3325 2840 3666 2899 decrevissem
3699 2861 3769 2897 re-

2198 2929 2328 2985 licta
2354 2934 2479 2989 urbe
2502 2936 2575 2990 ad
2596 2937 2941 2997 tabernacula
2978 2947 3647 3019 mouachorum’accedere,
3671 2967 3766 3008 non

2200 3043 2501 3102 advenisse
2523 3063 2582 3104 se
2602 3051 2785 3122 arguit
2811 3070 2824 3106 :
2850 3069 2976 3108 nam
2999 3055 3119 3112 luce
3148 3057 3351 3115 clarius
3371 3061 3588 3119 videtur
3610 3064 3766 3134 ipsum

2198 3156 2364 3225 paulo
2397 3169 2525 3229 post
2549 3177 2715 3233 quam
2746 3164 2853 3223 hoc
2894 3167 3226 3238 decreverat,
3256 3172 3373 3243 haec
3402 3176 3699 3247 scripsisse,
3722 3186 3768 3231 et

2199 3269 2418 3337 quidem
2450 3273 2581 3341 dum
2614 3275 2670 3331 in
2702 3292 2923 3335 secessu
2956 3279 3195 3352 degeret,
3227 3294 3290 3341 ut
3320 3297 3431 3342 tam
3462 3305 3525 3346 ex
3555 3290 3635 3345 his
3664 3305 3769 3344 ver-

2199 3383 2283 3439 bis
2327 3400 2493 3456 quam
2545 3403 2611 3444 ex
2665 3392 3020 3460 sequentibus
3064 3399 3479 3465 comprobatur.
3513 3402 3606 3457 llla
3652 3416 3765 3457 vero

2198 3510 2362 3564 quam
2384 3512 2448 3553 ex
2482 3496 2800 3556 Hermantio
2833 3501 2990 3559 aﬂ'ert
3040 3503 3350 3575 difﬁcultas,
3384 3510 3587 3567 nedum
3614 3514 3767 3582 possit

2197 3613 2308 3661 tam
2366 3616 2611 3678 apertum
2649 3613 3024 3671 testimonium
3059 3626 3323 3685 evertere,
3356 3622 3512 3678 nulla
3557 3639 3764 3693 prorsus

2198 3722 2301 3769 est.
2329 3713 2466 3770 Nam
2513 3733 2637 3772 cum
2673 3718 2789 3774 ait:
2817 3718 2935 3776 Nos
2980 3732 3156 3779 autem
3180 3742 3293 3796 pra:
3328 3731 3485 3785 inani
3525 3731 3688 3802 gloria
3726 3740 3767 3786 et

2198 3822 2430 3878 absurda
2460 3826 2746 3882 ambitione
2774 3830 2872 3884 hoc
2898 3831 3023 3886 item
3050 3846 3373 3907 pratceptum
3399 3856 3608 3908 pessum
3638 3840 3767 3896 dedi-

2198 3951 2339 4001 tnus,
2372 3934 2500 3988 dum
2532 3947 2888 4006 corruptores,
2932 3940 3260 4008 incredulos,
3286 3944 3625 4018 hominesque
3658 3961 3763 4000 ses-

2195 4043 2359 4098 centis
2384 4043 2525 4098 uitiis
2554 4054 2773 4100 onustos
2807 4056 2997 4102 temere
3028 4059 3077 4103 et
3103 4050 3217 4105 sine
3236 4056 3485 4110 examine
3504 4056 3573 4110 ad
3596 4065 3766 4126 myste-

2194 4152 2398 4207 riorum
2443 4155 2907 4226 participationem
2962 4159 3325 4229 admittimus,
3386 4175 3437 4220 et
3501 4178 3762 4238 antequam

2192 4271 2508 4316 accuratam
2530 4264 2718 4321 mentis
2751 4268 3125 4340 sententiarque
3168 4288 3280 4327 sum
3307 4274 3665 4342 probationem
3684 4277 3764 4328 dc-

2191 4370 2388 4439 derint,
2411 4374 2591 4428 omnia
2615 4374 2724 4429 illis
2747 4376 3000 4448 dogmata
3031 4381 3359 4451 reuelamus;
3390 4401 3453 4439 ac
3475 4386 3594 4441 licet
3622 4385 3765 4439 resti-

2201 4481 2325 4536 bula
2365 4484 2598 4538 nondum
2620 4485 2791 4541 videre
2806 4490 3095 4557 potuerint,
3122 4493 3399 4563 confestim
3423 4511 3512 4551 eos
3543 4498 3596 4550 in
3616 4494 3763 4563 adyta

2201 4591 2466 4658 ducimus,
2507 4601 2613 4650 etc.
2647 4612 2660 4648 :
2689 4610 2817 4650 cum
2862 4598 2976 4653 haec
3026 4599 3124 4666 ait,
3167 4600 3413 4671 inquam,
3464 4603 3762 4673 neutiquam

2202 4718 2262 4758 se
2285 4702 2536 4759 sociosve
2557 4718 2690 4759 suos
2705 4706 3053 4778 presbyteros
3083 4710 3187 4766 sub
3210 4710 3468 4769 Flaviano
3498 4711 3761 4784 quidpiam

2196 4807 2376 4862 simile
2405 4807 2699 4866 admisisse
2746 4812 3089 4880 testiﬁcatur,
3122 4824 3183 4870 ut
3227 4832 3389 4873 nemo
3415 4833 3523 4873 non
3573 4817 3760 4873 videat.

2193 4912 2288 4969 sed
2319 4912 2577 4971 familiari
2623 4915 2729 4972 sibi
2756 4927 2916 4990 tropo
2960 4936 3254 4991 personam
3298 4926 3412 4996 agit
3458 4940 3645 4980 eorum
3674 4920 3760 4991 qui

2195 5022 2327 5079 talia
2386 5023 2756 5083 admitterent.
2823 5029 2967 5085 Nihil
3023 5033 3172 5088 enim
3237 5034 3574 5106 frequentius
3628 5030 3759 5102 πρυ]

2199 5132 2656 5205 Chrysostomum
2703 5155 2867 5209 quam
2896 5142 3042 5211 quod
3085 5159 3300 5212 eorum,
3345 5146 3414 5203 de
3445 5144 3640 5215 quibus
3687 5139 3760 5192 vel

2191 5261 2429 5316 quorum
2461 5262 2627 5303 causa
2654 5249 2896 5318 disserit,
2925 5267 3214 5323 personam
3249 5267 3374 5329 agat
3405 5255 3761 5313 sacerdotum:

2193 5361 2933 5435 presbyterorum,etiamquc
2948 5381 3056 5421 non
3079 5382 3204 5424 raro
3226 5368 3655 5440 conjugatorum.
3678 5361 3761 5417 Sic

2190 5471 2329 5530 libro
2350 5472 2419 5527 ad
2464 5474 2918 5546 patremfﬁdetem,
2939 5493 3088 5534 num.
3114 5479 3167 5546 4,
3190 5488 3472 5551 postquam
3500 5478 3757 5552 probavit,
