4032 6416
241 373 341 430 591
356 377 371 397 ”
1678 365 1833 423 ADMl

1930 362 2079 417 lTlO.
3397 359 3522 413 392'

234 496 433 552 iisdem
465 494 654 550 oﬂiciis
682 495 950 551 obnoxios
982 496 1271 552 saeculares
1317 509 1440 552 esse
1473 495 1676 567 quibus
1701 510 1819 548 mo-

1931 486 2075 558 apud
2099 486 2548 557 Clirysostomum
2572 499 2856 556 personam
2878 477 3203 538 commutari
3236 479 3519 532 observes.

205 660 209 662 _
239 604 603 665 naehierant,
631 605 705 659 ita
743 604 1090 675 prosequitur
1123 623 1136 659 :
1175 603 1362 675 Itaque
1397 605 1667 676 quoniam,
1697 614 1756 657 ut
1790 620 1823 657 a
1932 596 2118 666 Itaque
2148 611 2314 665 supra
2345 603 2646 649 memoratu
2681 595 2824 662 loco,
2862 609 2970 647 non
3001 591 3070 646 ab
3118 591 3235 660 ipso
3283 587 3518 658 Chryso-

230 713 390 768 nobis
417 712 560 764 clare
602 713 1020 768 demonstratum
1051 726 1151 783 est,
1195 715 1380 770 iisdem
1415 732 1597 769 sumus
1639 714 1822 784 ofﬁciis
1934 713 2115 760 stomo
2149 705 2388 772 positum
2436 703 2698 772 temporis
2743 701 3014 758 calculum
3059 706 3392 763 evertamus,
3429 694 3522 750 sed
3587 705 3600 716 '

228 821 472 887 obnoxii,
532 821 721 890 quibus
786 825 1052 889 monachi,
1105 824 1400 894 faciliorem
1449 840 1822 894 percurramus
1937 813 2084 866 illam
2105 812 2207 881 ipsi
2229 810 2551 865 familiarem
2574 825 2928 880 personarum
2953 808 3309 862 mulationem
3337 819 3523 860 exem-

228 931 402 996 viam,
423 929 492 982 ad
514 946 729 1000 eamque
749 930 889 1000 ﬁlios
911 933 1268 986 aura/tamus.
1286 932 1352 988 Et
1381 934 1511 989 ibid.
1542 949 1698 988 num.
1731 933 1795 984 17

1292 932 1352 988 Ει
1381 934 1511 989 ibid.
1542 949 1698 988 num.
1731 933 1836 986 l7:
1944 924 2032 993 plo
2065 936 2205 977 novo
2235 923 2620 976 conﬁrmcmus
2652 928 2884 990 oportet.

229 1037 380 1109 Ergo
408 1055 502 1096 nec
531 1039 673 1107 ﬁlios
712 1053 920 1096 nostros
951 1060 982 1095 a
1001 1043 1205 1099 deserti
1238 1045 1652 1098 commoratione
1710 1051 1834 1096 ante
2013 1050 2519 1120 lutei-pretationem
2543 1065 2706 1119 porro
2731 1066 2926 1108 novam
2952 1049 3245 1115 edidimus,
3273 1047 3401 1119 quia
3431 1046 3520 1100 ἱΙΙἸ.

233 1159 441 1218 tempus
482 1150 834 1218 abducamus,
877 1153 967 1207 sed
1014 1156 1252 1209 sinamus
1301 1154 1616 1224 disciplinas
1671 1153 1845 1206 altius
1943 1167 2100 1214 vetus
2133 1157 2329 1213 incerti
2353 1156 2638 1226 scriptoris
2669 1159 3030 1230 paraphrasin
3075 1159 3398 1231 plerumque
3428 1173 3510 1211 sa.

229 1261 494 1330 ίιημνὶηιί,
532 1272 583 1318 et
627 1263 841 1333 plantas
898 1266 1168 1322 radicibus
1219 1267 1450 1336 ﬁrmari.
1483 1266 1593 1329 ,Sic
1625 1267 1849 1338 passim:-
1944 1267 2148 1340 piebat,
2180 1281 2283 1324 nec
2302 1265 2436 1323 satis
2465 1276 2720 1323 accurata
2749 1257 2912 1326 eratf
