4032 6462
1180 405 1268 462 DE
1302 400 1857 466 COMPUNCTIONE,
1899 400 1990 456 AD
2019 398 2440 455 DEMETRIUM
2488 397 2617 453 LIB.
2658 396 2698 452 l.

3475 396 3580 450 594

3092 628 3241 638 —-—--—-

865 1477 1218 1683 AD
1379 1473 1946 1684 DEM

2020 1465 3013 1677 ETBIUM

1539 2234 2361 2356 MONACHUM

1265 2795 1430 2886 DE
1523 2780 2640 2885 COMPUNCTIONE

1663 3383 1896 3446 LIBER
1943 3377 2236 3444 PRIMUS
2280 3377 2325 3437 ³.

389 4560 444 4617 Ι.
480 4558 612 4616 Cum
643 4566 695 4616 te
722 4559 877 4616 video
899 4600 914 4627 ,
941 4553 1096 4615 beate
1123 4557 1391 4626 Demetri,
1420 4557 1633 4614 assidue
1653 4557 1901 4613 insisten-

311 4661 426 4706 tem
451 4650 602 4718 mihi,
631 4659 686 4705 et
710 4650 876 4704 multa
897 4665 1016 4705 cum
1044 4650 1376 4706 vehementia
1396 4649 1463 4705 de
1490 4649 1907 4719 compunctione

309 4757 596 4797 sermones
625 4751 997 4810 exposcenlem
1016 4783 1028 4805 ,
1055 4742 1269 4796 beatum
1313 4750 1363 4797 te
1403 4757 1617 4811 semper
1646 4740 1899 4812 prmdico,

310 4835 586 4905 animique
630 4835 706 4889 tui
747 4833 1030 4904 puritatem
1078 4833 1331 4887 demiror.
1374 4832 1558 4904 Neque
1600 4835 1742 4890 enim
1790 4833 1903 4889 ﬁeri

311 4934 493 4996 potest
520 4939 838 4996 quemquam
881 4924 932 4978 in
966 4923 1267 4993 liujusmodi
1311 4926 1574 4978 sermonis
1597 4925 1780 4981 venire
1807 4925 1905 4980 de-

311 5015 604 5084 siderium,
657 5016 759 5070 nisi
802 5016 950 5084 prius
997 5029 1114 5069 sese
1153 5014 1318 5083 probe
1363 5015 1702 5084 purgaverit,
1749 5025 1908 5084 atque

313 5108 568 5163 omnibus
606 5107 949 5162 smcularibus
989 5106 1129 5159 curis
1176 5105 1420 5173 superior
1461 5107 1712 5159 evaserit.
1754 5106 1906 5174 Quod

315 5197 478 5254 facile
502 5195 870 5267 deprehendas
899 5197 1068 5259 exiis,
1092 5197 1180 5264 qui
1209 5196 1321 5264 pari
1344 5195 1613 5250 desiderio
1639 5206 1906 5264 tenentur,

315 5291 381 5345 in
401 5288 592 5358 quibus
617 5297 764 5344 tanta
789 5297 1010 5357 repente
1025 5286 1249 5361 mutatio
1270 5284 1519 5352 efﬁcitur,
1545 5294 1601 5340 ut
1625 5287 1909 5342 confestim

321 5382 382 5436 in
419 5380 608 5435 caelum
640 5378 1072 5434 transferantur:
1113 5379 1343 5431 animam
1391 5377 1588 5448 quippe
1628 5379 1912 5435 mundanis

318 5475 492 5540 curis,
513 5489 610 5530 ceu
637 5472 863 5528 vinculis
885 5473 1214 5544 gravissimis
1241 5473 1469 5528 solutam
1490 5514 1506 5540 ,
1539 5473 1608 5528 ita
1629 5474 1813 5530 sinunt
1843 5473 1912 5528 ad

393 5629 409 5659 ι
445 5635 544 5677 Duo
566 5625 672 5675 libri
696 5625 761 5674 de
794 5628 1161 5687 Compuuctione
1204 5627 1365 5677 collati
1396 5633 1510 5678 sunt
1531 5639 1642 5678 cum
1675 5626 1782 5676 cod.
1806 5625 1912 5676 ωι-

319 5691 457 5740 hert.
477 5689 647 5753 974_et
683 5701 792 5753 cum
824 5688 1039 5753 editione
1076 5688 1216 5741 savil.
1264 5696 1429 5752 Deest,
1470 5687 1590 5742 liber
1628 5687 1832 5753 primm,
1874 5690 1924 5739 in

322 5753 447 5803 Edit.
466 5749 606 5802 Savil.
634 5757 685 5799 et
701 5750 750 5798 in
771 5749 882 5798 cod.
911 5748 1119 5804 Colbert.

2007 4553 2280 4625 pmprium
2310 4555 2710 4626 naturalemque
2734 4553 2834 4610 sibi
2864 4554 3038 4611 locum
3072 4554 3342 4611 advolare.
3373 4555 3476 4612 Sed
3508 4563 3608 4614 hoc

2014 4646 2196 4702 multis
2237 4647 2450 4717 quidem
2494 4661 2592 4718 per
2639 4656 2801 4701 totam
2845 4647 3006 4700 vitam
3045 4662 3167 4701 raro
3207 4649 3458 4719 contingit
3505 4668 3516 4703 :
3557 4661 3608 4705 te

2013 4748 2211 4803 autem,
2244 4755 2276 4794 ο
2305 4739 2540 4796 divinum
2571 4750 2725 4808 caput
2746 4781 2760 4801 ,
2800 4739 2902 4794 hoc
2947 4754 3158 4810 semper
3185 4744 3612 4812 compunctionis

2017 4831 2137 4901 igne
2181 4831 2406 4902 ﬂagrare
2442 4833 2584 4885 novi.
2627 4832 2789 4900 Cujus
2837 4831 2912 4884 rei
2952 4839 3116 4884 testes
3153 4841 3276 4886 sunt
3315 4847 3500 4889 noctes
3529 4836 3610 4888 in-

2016 4938 2252 4990 somnes,
2279 4924 2630 4995 lacrymarum
2657 4923 2849 4988 fontes,
2869 4922 3170 4976 solitudinis
3191 4939 3341 4978 amor
3359 4925 3409 4978 in
3433 4927 3608 4979 anima

2020 5022 2104 5070 tua
2131 5023 2388 5084 perpetuo
2428 5013 2670 5069 residens
2699 5023 2754 5069 et
2793 5029 3126 5070 accrescens.
3168 5015 3420 5084 Quantam
3454 5018 3608 5086 igitur

2021 5120 2087 5159 ex
2116 5120 2364 5159 sermone
2389 5114 2571 5158 nostro
2603 5105 2694 5159 tibi
2723 5106 2962 5159 accessio
2997 5108 3302 5176 speranda?
3345 5108 3476 5161 Nam
3527 5109 3609 5160 vel

2021 5193 2124 5249 hoc
2166 5197 2369 5264 ipsum,
2418 5195 2558 5265 quod
2601 5210 2720 5250 cum
2749 5196 2815 5250 ad
2855 5197 3103 5252 verticem
3131 5197 3238 5267 jam
3267 5199 3606 5266 perveneris.

2022 5295 2178 5356 putes
2203 5295 2256 5341 te
2284 5301 2404 5340 cum
2440 5286 2586 5340 humi
2617 5289 2924 5357 repentibus
2951 5287 3234 5353 incedere,
3275 5289 3614 5357 animamque

2025 5384 2169 5430 tuam
2200 5377 2297 5430 alis
2338 5377 2691 5442 instructam,
2738 5379 2998 5448 lapideam
3041 5380 3318 5447 appelles,
3367 5379 3614 5450 quodque

2025 5464 2333 5537 frequenter
2357 5467 2631 5523 dexteram
2663 5485 2835 5524 meam
2863 5471 3176 5537 contingens
3202 5484 3265 5522 ac
3293 5469 3612 5526 dCOSCtllallS

2026 5575 2147 5613 cum
2176 5561 2426 5631 lacrymis
2455 5561 2599 5617 dicas
2618 5603 2633 5627 ,
2665 5563 2893 5617 Contcre
2920 5561 3235 5616 obduratum
3270 5576 3364 5615 cor
3390 5579 3566 5618 meum
3597 5581 3610 5620 :

2027 5660 2239 5720 quanta:
2266 5653 2486 5724 pietatis
2519 5661 2700 5724 quanti
2729 5651 2958 5706 fervoris
2989 5651 3197 5720 signum
3243 5667 3364 5706 esse
3408 5663 3608 5721 putan-

2032 5744 2157 5799 dum
2200 5745 2323 5800 cst?
2350 5743 2507 5800 Certe
2545 5744 2586 5801 si
2634 5752 2692 5798 ut
2722 5757 2819 5798 nos
2863 5742 3189 5799 dormientes
3228 5753 3510 5805 exeitarcs,
3551 5746 3620 5798 ad
