4032 6446
431 422 535 479 395

434 540 538 591 hoc
565 539 934 606 argumentum
958 526 1282 601 pertraxisti,
1306 530 1553 596 magnam
1578 523 1720 577 illam
1753 529 1897 577 tuam
1929 531 2018 573 sa-

432 626 684 696 pientiam
715 620 1208 693 providentiamque
1228 616 1468 694 approbo
1492 630 1507 680 ;
1538 613 1620 669 sin
1648 620 1824 667 autem
1850 617 1909 664 ut
1929 608 2023 662 tibi

433 715 779 779 consuleres,
828 721 977 766 ratus
1018 718 1071 766 te
1098 709 1364 764 excitante
1389 720 1524 777 opus
1564 704 1761 759 habere
1785 743 1801 769 ,
1844 699 2026 755 nescio

433 819 545 875 quo
571 812 725 873 pacto
754 816 853 855 nos
884 799 1099 854 aliunde
1127 798 1375 855 docueris
1394 838 1410 864 ,
1441 806 1491 851 te
1520 810 1625 849 non
1659 804 1838 848 nostra
1868 805 2026 860 egere

435 908 622 964 opera.
653 891 783 948 Utut
827 905 956 945 vero
982 889 1089 954 sit,
1124 889 1217 943 tibi
1259 886 1746 957 obtemperabimus
1775 892 1830 938 et
1865 881 2028 937 obse-

435 999 683 1053 quemur,
725 982 889 1037 nullis
939 996 1046 1035 non
1076 980 1368 1035 rationibus
1399 978 1663 1049 permoti,
1708 985 1795 1031 tua
1837 988 2030 1043 nempe

439 1074 492 1127 in
527 1074 694 1129 Deum
728 1071 918 1127 fiducia
942 1113 957 1137 ,
986 1070 1226 1126 studioso
1268 1082 1486 1140 rogatu,
1519 1083 1701 1123 amore
1729 1067 1920 1122 nostri.
1951 1064 2031 1119 Tu

358 1170 359 1173 “
436 1166 661 1235 gratiam
693 1164 958 1235 rependas
997 1164 1159 1219 velim
1205 1164 1451 1233 precibus
1498 1162 1638 1227 tuis,
1676 1168 1736 1215 ut
1765 1159 2032 1230 possimus

436 1266 494 1313 et
533 1257 699 1310 vitam
738 1254 1026 1311 emendare
1071 1262 1309 1309 nostram
1354 1254 1404 1320 ³,
1446 1260 1501 1308 et
1552 1253 1602 1305 in
1645 1250 1896 1321 prtesenti
1946 1248 2031 1318 di-

440 1364 604 1419 gnum
636 1347 907 1419 quidpiam
934 1345 1196 1417 proferre,
1225 1345 1366 1416 quod
1389 1346 1559 1415 possit
1582 1354 1635 1400 et
1656 1344 1896 1414 jacentes
1921 1342 2034 1396 ani-

446 1455 564 1494 mas
589 1439 816 1511 erigere,
848 1447 903 1495 et
930 1440 1184 1495 remissas
1226 1439 1590 1510 constringere
1620 1438 2035 1507 restituereque.

447 1531 599 1589 Unde
621 1532 780 1604 igitur
798 1533 971 1597 nobis,
993 1531 1136 1587 unde
1154 1530 1419 1586 sermonis
1437 1529 1714 1585 exordium
1732 1528 1867 1584 erit?
1884 1525 2036 1594 Quod

445 1623 521 1677 illi
560 1620 993 1689 fundamentum,
1035 1635 1193 1693 quam
1234 1621 1561 1691 crepidinem
1595 1634 1887 1691 ponamus,
1935 1620 2037 1675 nisi

446 1714 605 1769 verba
636 1713 866 1781 Christi,
900 1714 988 1784 qui
1015 1715 1241 1769 miseros
1270 1712 1528 1783 praedicat
1561 1728 1655 1768 eos
1692 1712 1781 1782 qui
1822 1712 2034 1776 rident,

445 1804 632 1860 beatos
651 1814 826 1861 autem
854 1819 949 1860 eos
977 1805 1068 1875 qui
1099 1805 1298 1874 lugent,
1321 1804 1401 1858 his
1430 1803 1608 1860 verbis
1638 1822 1651 1857 :
1679 1804 1821 1857 Beati
1848 1803 1935 1874 qui
1960 1803 2041 1857 lu-

446 1903 582 1964 gent,
605 1895 844 1961 quoniam
859 1895 958 1962 ipsi
969 1894 1362 1949 consolabuntur
1385 1897 1406 1965 (
1412 1892 1464 1947 Μ
1469 1894 1656 1948 atth.5.
1668 1891 1740 1965 5):
1764 1902 1839 1958 et,
1853 1891 1944 1947 Vae
1957 1892 2043 1963 qui

444 1986 621 2040 ridetis
635 2003 788 2053 nunc,
808 1987 1047 2055 quoniam
1071 1986 1303 2057 lugebitis
1333 1995 1378 2038 et
1402 1987 1584 2056 ﬂebitis
1606 1983 1756 2055 (Luc.
1772 1982 1945 2056 6.25).
1967 1986 2045 2041 Ae

446 2076 570 2148 jure
586 2079 780 2133 merito
810 2078 1027 2148 quidem
1049 2096 1060 2131 :
1082 2077 1256 2131 luctus
1276 2078 1417 2131 enim
1444 2092 1590 2143 vere,
1604 2078 1780 2132 luctus
1801 2092 1862 2131 ac
1876 2077 2047 2146 gemi-

458 2178 606 2221 tuum
626 2176 709 2222 est
730 2176 897 2222 tottnn
917 2168 1198 2238 praesentis
1215 2167 1337 2221 vita:
1362 2177 1589 2238 tempus:
1610 2176 1753 2221 tanta
1771 2167 2047 2222 calamitas

452 2259 757 2313 universum
786 2259 978 2312 invasit
1008 2258 1217 2324 orbem,
1252 2268 1396 2313 tanta
1427 2273 1614 2314 omnes
1639 2259 1884 2314 homines
1907 2258 2046 2315 deti-

452 2358 584 2404 nent
611 2350 765 2416 mala,
793 2358 852 2405 ut
878 2349 923 2404 si
944 2349 1061 2420 quis
1092 2350 1217 2403 velit
1244 2364 1305 2404 ea
1332 2359 1581 2405 accurate
1606 2348 1938 2420 perpendere
1957 2392 1972 2418 ,
2001 2350 2047 2406 si

453 2450 631 2496 tamen
674 2450 922 2497 accurate
964 2441 1172 2510 possit,
1216 2455 1507 2510 numquam
1548 2440 1707 2496 linem
1748 2440 1962 2510 lugendi
1993 2448 2049 2496 et

455 2532 784 2603 lacrymandi
814 2530 1048 2584 facturus
1087 2532 1193 2584 sit:
1230 2532 1300 2585 ita
1329 2545 1521 2601 nempe
1549 2532 1728 2586 omnia
1766 2547 1953 2587 eversa
1993 2539 2049 2587 et

454 2621 676 2676 confusa
707 2631 865 2685 sunt,
898 2622 970 2675 ita
999 2620 1201 2676 nullum
1237 2637 1462 2691 usquam
1503 2621 1716 2677 virtutis
1742 2622 2044 2692 vestigium.

454 2713 606 2779 Quod
654 2723 835 2767 autem
876 2712 1030 2783 longe
1073 2711 1337 2767 infelicius
1378 2720 1489 2779 est,
1535 2727 1636 2767 nos
1675 2713 2046 2782 occupantium

457 2803 719 2859 malorum
760 2818 828 2857 ne
869 2817 1084 2857 sensum
1121 2802 1334 2872 quidem
1376 2801 1464 2857 vel
1494 2800 1785 2868 habemus,
1815 2802 1900 2856 vel
1929 2801 2049 2857 aliis

455 2895 794 2964 praebemus;
836 2893 933 2948 sed
975 2893 1179 2948 similes
1221 2908 1407 2949 sumus
1450 2893 1663 2963 corpori
1713 2893 2049 2949 extrinsecus

458 2984 691 3048 florenti,
728 2983 1048 3038 intrinsecus
1076 2998 1205 3038 vero
1232 2984 1353 3053 igne
1378 2983 1693 3053 liquescenti
1723 3002 1734 3037 :
1768 2983 2050 3054 omnisque

461 3091 653 3131 sensus
681 3086 955 3145 expertes,
988 3075 1118 3130 nihil
1144 3075 1437 3131 differimus
1467 3091 1497 3130 a
1524 3086 1703 3132 mente
1728 3077 1928 3147 captis,
1959 3076 2050 3146 qui

463 3169 629 3224 multa
678 3169 975 3237 periculosa
1025 3177 1081 3224 et
1129 3169 1301 3238 turpia
1348 3169 1464 3223 sine
1494 3178 1640 3224 metu
1676 3170 1858 3225 dicunt
1881 3178 1936 3226 et
1964 3168 2048 3225 fa-

456 3261 623 3326 ciunt,
645 3276 741 3315 nec
757 3261 869 3315 ullo
886 3260 1087 3330 pudore
1109 3269 1379 3326 tenentur,
1401 3260 1494 3315 sed
1519 3261 1813 3330 gloriantur
1835 3261 2052 3318 adstan-

461 3351 709 3422 tibnsque
737 3367 797 3407 se
821 3352 1174 3422 sapientiores
1204 3366 1324 3407 esse
1351 3361 1556 3421 putant.
1584 3352 1656 3408 lta
1684 3363 1737 3409 et
1763 3368 1864 3409 nos
1882 3396 1897 3421 ,
1929 3369 2051 3409 cum

459 3445 638 3499 omnia
680 3456 800 3515 qua:
843 3436 1162 3514 aegrotorum
1205 3453 1329 3499 sunt
1354 3460 1604 3515 agamus,
1635 3462 1705 3501 ne
1743 3445 1847 3501 hoc
1876 3447 2049 3517 ipsum

459 3536 676 3607 quidem
697 3577 713 3600 ,
741 3535 883 3605 quod
914 3543 1261 3606 aegrotemus,
1308 3537 1526 3591 scimus.
1559 3538 1625 3591 At
1651 3538 1793 3592 enim
1819 3536 1961 3607 quod
1983 3537 2050 3592 ad

462 3640 663 3695 corpus
683 3632 923 3696 spectat,
947 3626 990 3679 si
1018 3626 1100 3682 vel
1129 3627 1260 3682 levis
1288 3627 1572 3681 infirmitas
1609 3627 1781 3692 adsit,
1815 3627 2053 3683 medicos

460 3717 825 3782 advocamus,
865 3717 1117 3787 pecunias
1158 3717 1518 3787 impendimus
1543 3759 1559 3785 ,
1604 3718 2051 3788 perseverantiam

462 3811 779 3868 exhibemus
801 3853 817 3876 ,
867 3827 965 3867 nec
995 3812 1138 3882 prius
1169 3812 1327 3867 tinem
1363 3810 1539 3866 omnia
1567 3811 1757 3881 agendi
1787 3809 2008 3865 facimus
2030 3852 2046 3878 ,

461 3906 623 3973 quam
664 3901 1036 3974 aegritudinem
1079 3902 1451 3972 deponamus;
1493 3902 1687 3955 animae
1716 3916 1845 3957 vero
1878 3903 2054 3972 quoti-

462 3993 638 4049 dianis
670 3994 975 4050 vulneribus
1004 3992 1266 4050 confossae
1286 4033 1301 4058 ,
1346 3992 1627 4061 discerptm
1655 3994 1930 4063 corporeis
1968 3994 2051 4048 af-

463 4083 818 4150 fectionibus,
849 4083 1055 4138 adustze
1077 4122 1092 4149 ,
1136 4097 1232 4152 per
1268 4082 1560 4152 praecipitia
1598 4091 1762 4149 actae,
1793 4097 1857 4137 ac
1881 4082 2055 4138 modis

463 4175 716 4251 omnibus
755 4174 1027 4245 pereuntis
1055 4216 1072 4240 ,
1117 4190 1185 4230 ne
1224 4175 1499 4230 minimam
1530 4175 1748 4245 quidem
1791 4176 2052 4230 rationem

465 4266 743 4324 habemus.
788 4267 956 4338 Hujus
989 4276 1164 4323 autem
1194 4268 1269 4322 rei
1298 4282 1457 4323 causa
1484 4276 1568 4323 est
1590 4310 1605 4336 ,
1651 4268 1794 4339 quod
1837 4268 2055 4324 morbus
2084 4338 2087 4339 ν

465 4372 653 4413 omnes
675 4359 971 4428 occuparit.
1001 4361 1079 4414 Ac
1102 4358 1550 4430 quemadmodum
1577 4401 1593 4427 ,
1638 4360 1681 4414 si
1711 4360 1851 4416 inter
1879 4376 2055 4431 aegros

465 4461 690 4515 corpore
729 4463 887 4502 nemo
916 4463 1078 4503 sanus
1120 4448 1297 4521 adsit,
1340 4449 1475 4503 nihil
1513 4449 1734 4518 impedit
1771 4451 2056 4519 quominus

470 4554 660 4593 omnes
685 4539 738 4593 in
764 4549 1059 4594 extremam
1098 4549 1255 4594 ruant
1283 4540 1577 4611 perniciem
1599 4581 1615 4606 ,
1642 4540 1856 4596 nemine
1884 4541 2056 4598 effrin-

468 4643 564 4683 nes
611 4642 797 4683 eorum
843 4629 1120 4697 cupidines
1162 4628 1447 4685 cohibente
1485 4647 1498 4683 :
1551 4632 1630 4685 sic
1654 4639 1710 4685 et
1748 4630 1889 4700 apud
1919 4646 2052 4699 nos,

467 4716 607 4789 quod
639 4732 797 4772 nemo
818 4717 1053 4786 perfecte
1075 4732 1240 4775 sanus
1268 4719 1321 4774 in
1350 4718 1453 4774 ﬁde
1473 4720 1562 4786 sit,
1594 4719 1690 4775 sed
1711 4735 1899 4775 omnes
1919 4763 1935 4789 ,
1964 4721 2055 4777 alii

470 4810 619 4878 plus,
644 4808 735 4864 alii
759 4810 936 4866 minus
957 4810 1317 4879 inﬁrmentur,
1350 4826 1509 4867 nemo
1537 4822 1620 4869 est
1644 4813 1734 4884 qui
1755 4812 2057 4883 iacentibus

468 4904 778 4973 opituletur.
835 4903 969 4959 Nam
1015 4906 1062 4961 si
1115 4905 1234 4976 quis
1279 4907 1616 4963 extrinsecus
1663 4907 1960 4975 accedens,
2002 4916 2059 4965 et

468 4994 664 5049 Christi
691 5002 954 5064 praecepta
976 5034 991 5061 ,
1020 5004 1073 5050 et
1097 4996 1221 5052 vitae
1261 5007 1459 5053 nostrae
1492 4997 1860 5054 confusionem
1888 4999 2058 5070 probe

468 5086 732 5152 didicerit,
761 5087 945 5142 nescio
973 5101 1042 5142 an
1081 5090 1359 5158 quospiam
1388 5088 1525 5143 alios
1551 5087 1768 5145 Christo
1796 5088 2053 5145 inimicio-

468 5192 575 5244 rcs,
599 5191 758 5248 quam
804 5190 903 5233 nos
942 5192 1063 5234 esse
1093 5177 1427 5235 arbitretur:
1467 5179 1541 5235 ita
1579 5180 1724 5237 enim
1756 5179 1894 5236 hanc
1916 5181 2053 5236 viam

469 5268 834 5336 decurrimus,
873 5282 938 5325 ac
978 5269 1023 5325 si
1067 5271 1387 5326 contrariam
1415 5271 1532 5344 ejus
1559 5272 1823 5328 mandatis
1853 5272 2057 5343 ingredi

471 5357 752 5415 vellemus.
1192 5358 1251 5377 "‘

535 5446 592 5502 Ω.
623 5448 702 5506 Ne
728 5451 848 5521 quis
880 5460 1057 5508 autem
1098 5451 1215 5508 haec
1255 5468 1353 5524 per
1393 5453 1721 5526 hyperbolen
1751 5454 1893 5510 dicta
1931 5469 2052 5513 esse

470 5538 771 5606 existimet,
811 5542 1321 5600 demonstrationem
1361 5543 1471 5614 jam
1510 5543 1703 5600 afferre
1752 5544 2054 5616 aggrediar,

472 5640 571 5683 nec
610 5629 825 5686 aliunde
847 5672 863 5697 ,
895 5649 1053 5702 quam
1098 5651 1162 5690 ex
1206 5636 1336 5704 ipsis
1364 5634 1563 5691 Christi
1605 5635 1890 5692 mandatis.
1920 5636 2058 5704 Quid

471 5730 598 5788 ergo
631 5718 706 5773 ait
739 5720 1019 5778 Christus?
1055 5724 1282 5781 Audistis
1309 5725 1428 5796 quia
1466 5726 1653 5781 dictum
1694 5734 1767 5783 est
1802 5728 2053 5801 antiquis,

536 5828 553 5861 ί
592 5833 753 5893 Deest,
778 5835 1008 5895 nostram,
1029 5835 1078 5883 in
1092 5834 1222 5886 Colb.
1248 5842 1446 5889 tantum.

1140 414 1199 470 S.
1236 408 1517 469 JOANNIS
1555 386 2029 464 CllRYSOSTOMl
2068 395 2388 457 ARCHIEP.
2430 395 2969 456 CONSTANTINOP.

3627 392 3726 447 ’596

2132 513 2255 569 Non
2283 515 2499 569 occides.
2530 513 2642 584 Ego
2670 523 2840 569 autent
2863 512 2976 566 dico
2997 510 3152 577 vobis,
3180 510 3300 581 quia
3326 510 3492 565 omnis
3513 526 3601 579 qut
3624 511 3723 562 ira-

2130 608 2289 661 scitur
2314 608 2463 679 fratri
2490 623 2580 661 suo
2605 609 2715 662 sine
2735 622 2909 673 causa,
2941 620 3055 659 reus
3078 604 3169 658 erit
3187 604 3405 674 judicio.
3440 602 3542 669 Qui
3560 614 3728 657 autem

2131 700 2316 755 dixerit
2346 701 2496 772 fratri
2532 716 2660 767 suo,
2690 715 2813 754 raca
2832 740 2848 765 ,
2878 714 2994 751 reus
3031 697 3125 750 erit
3154 696 3386 750 concilio.
3424 695 3527 760 Qui
3562 706 3727 750 autem

2133 792 2351 863 dixerit,
2379 795 2555 863 fatue,
2594 807 2711 845 reus
2745 790 2839 844 erit
2877 788 3116 860 gehennae
3140 787 3273 856 ignis
3306 785 3520 857 (Matth.
3552 786 3605 842 5.
3635 785 3725 841 2i.

2133 884 2245 955 22).
2273 883 2399 938 Hinc
2423 882 2638 953 quidem
2668 880 2931 937 Christus.
2960 877 3069 933 Nos
3098 886 3278 932 autem
3319 877 3438 947 plus
3461 918 3475 941 ,
3507 892 3664 946 quam
3694 876 3727 931 ii

2135 976 2225 1046 qui
2252 973 2511 1029 increduli
2551 981 2694 1037 sunt,
2727 972 2868 1027 hanc
2893 970 3063 1041 legem
3089 969 3380 1034 calcamus,
3413 969 3539 1023 dum
3567 970 3723 1023 innu-

2137 1067 2300 1122 meris
2325 1065 2563 1136 quotidie
2593 1063 2784 1119 fratres
2813 1071 3023 1117 nostros
3061 1061 3327 1116 allicimus
3365 1060 3723 1115 contumeliis.

2136 1156 2397 1226 Quodque
2427 1155 2596 1226 magis
2634 1154 2918 1210 ridiculum
2945 1160 3047 1216 est,
3080 1152 3205 1207 dum
3238 1152 3305 1206 ab
3333 1151 3435 1205 hac
3463 1166 3617 1215 voce,
3644 1155 3728 1221 fa-

2140 1257 2280 1313 tuus,
2303 1261 2575 1311 cavemus,
2608 1261 2751 1315 szepe
2782 1244 2883 1300 hac
2910 1243 3185 1315 graviores
3212 1244 3564 1297 contumelias
3591 1243 3729 1296 ἱππ)-

2136 1353 2344 1409 gamus,
2375 1338 2525 1408 quasi
2565 1353 2691 1393 vero
2719 1336 2846 1391 illud
2873 1336 3048 1391 solum
3077 1335 3300 1390 verbum
3331 1335 3420 1400 sit,
3446 1334 3532 1390 cui
3561 1334 3730 1403 depu-

2142 1438 2251 1483 tata
2289 1436 2372 1483 est
2411 1443 2590 1498 poena.
2631 1429 2703 1482 At
2731 1443 2819 1483 res
2858 1442 2965 1482 non
3011 1426 3083 1481 ita
3121 1440 3180 1482 se
3224 1424 3417 1491 habet,
3451 1424 3544 1479 sed
3587 1427 3729 1479 omni

2141 1520 2534 1577 contumelioso
2569 1519 2709 1576 hanc
2745 1519 2934 1575 indicit
2970 1532 3220 1589 pcenam,
3249 1529 3309 1572 ut
3345 1518 3520 1588 palam
3557 1525 3641 1573 est
3668 1534 3732 1572 ex

2143 1613 2229 1669 bis
2258 1612 2405 1668 Pauli
2430 1613 2649 1668 verbis:
2680 1611 2856 1666 Nolite
2875 1627 3063 1677 errare,
3091 1628 3249 1680 neque
3272 1610 3555 1683 fornicarii,
3579 1626 3733 1680 neque

2144 1706 2451 1772 idololatra,
2478 1721 2636 1774 neque
2671 1703 2911 1772 adulteri,
2944 1720 3105 1775 neque
3128 1703 3325 1769 molles,
3352 1718 3512 1773 neque
3539 1718 3734 1756 mascu-

2146 1799 2335 1853 lorum'
2356 1798 2698 1854 concubitores
2719 1838 2735 1863 ,
2770 1814 2929 1869 neque
2973 1800 3110 1868 fures
3134 1838 3149 1863 ,
3186 1812 3344 1864 neque
3376 1799 3516 1850 arari
3535 1837 3551 1861 ,
3579 1811 3739 1866 neque

2146 1892 2347 1959 ebriosi,
2373 1907 2532 1960 neque
2551 1890 2806 1957 maledici,
2833 1905 2991 1960 neque
3018 1904 3247 1956 rapaces,
3270 1903 3480 1959 regnum
3503 1884 3602 1940 Dei
3622 1902 3738 1957 pos-

2147 1985 2378 2039 sidebunt
2412 1982 2498 2058 (1.
2532 1982 2650 2039 Cor.
2681 1983 2737 2039 6.
2765 1982 2819 2039 9.
2861 1981 2982 2053 {0).
3020 1979 3174 2067 Quod
3216 1980 3262 2035 si
3298 1980 3377 2047 is,
3404 1978 3496 2049 qui
3533 1977 3737 2033 fatuum

2148 2086 2306 2135 vocat
2334 2076 2553 2134 fratrem
2581 2092 2734 2133 suum
2754 2119 2770 2141 ,
2803 2084 3050 2130 extremo
3082 2073 3274 2143 dignus
3307 2081 3392 2128 est
3425 2071 3687 2142 supplicio
3720 2088 3733 2124 :

2149 2172 2241 2243 qui
2268 2171 2571 2226 maleﬁcum
2591 2211 2606 2236 ,
2635 2169 2874 2224 invidum
2895 2209 2910 2235 ,
2942 2167 3284 2221 temerarium
3305 2207 3321 2230 ,
3354 2164 3528 2219 inanis
3553 2163 3741 2235 glorise

2150 2264 2401 2334 cupidum
2424 2263 2588 2329 dicit,
2616 2270 2673 2318 et
2698 2260 2894 2317 similia
2921 2260 3199 2314 innumera
3226 2258 3280 2312 in
3305 2273 3430 2313 eum
3459 2256 3740 2312 maledicta

2150 2354 2388 2423 conjicit,
2416 2353 2630 2424 quantis
2655 2368 2715 2408 se
2740 2351 3003 2423 gehennae
3039 2349 3269 2406 ﬂammis
3297 2348 3586 2404 obnoxium
3612 2348 3738 2403 red-

2150 2445 2266 2501 dit?
2296 2445 2430 2500 illud
2455 2445 2598 2500 enim
2618 2486 2632 2510 ,
2656 2444 2794 2515 {alue
2821 2451 2875 2498 et
2905 2458 3027 2496 raca
3045 2482 3060 2506 ,
3088 2441 3244 2511 longe
3278 2438 3450 2495 levius
3474 2446 3556 2493 est
3580 2452 3740 2508 supra

2150 2536 2329 2593 dictis.
2348 2536 2708 2604 Quamobrem
2736 2536 2826 2591 illo
2847 2536 3068 2600 omisso,
3089 2533 3190 2589 hoc
3213 2533 3460 2604 apposuit
3477 2532 3739 2593 Christus,

2151 2640 2212 2684 ut
2237 2628 2414 2685 discas
2441 2644 2507 2684 ex
2547 2628 2666 2699 ejus
2694 2626 2872 2683 verbis
2890 2668 2905 2693 ,
2932 2626 2977 2681 si
3011 2626 3182 2682 levius
3209 2624 3507 2681 convicium
3537 2621 3743 2693 gehen-

2152 2736 2276 2777 nam
2304 2721 2544 2786 attrahit,
2577 2721 2747 2775 multo
2776 2718 2949 2792 magis
2974 2734 3094 2790 quae
3117 2716 3363 2790 graviora
3390 2725 3446 2773 et
3478 2715 3742 2771 atrociora

2152 2819 2279 2866 sunt
2303 2810 2354 2866 id
2377 2810 2630 2866 eﬂ'ectura
2655 2825 2796 2866 esse.

2226 2901 2469 2957 Μαιεάίίεί
2504 2919 2539 2956 a
2574 2919 2729 2973 regno
2772 2902 3013 2956 cwlorum
3051 2898 3262 2956 exclusi.
3289 2929 3362 2941 —
3385 2898 3537 2967 Quod
3573 2898 3618 2953 si
3650 2899 3742 2969 qui

2153 2994 2462 3050 existiment
2489 2992 2541 3048 id
2568 3009 2662 3064 per
2687 2992 3016 3065 hyperbolen
3041 2992 3145 3047 dici
3168 2990 3479 3064 (nonnullos
3503 2989 3642 3044 enim
3666 2990 3747 3043 sic

2154 3084 2375 3141 affectos
2402 3084 2557 3151 novi,
2587 3084 2677 3155 qui
2707 3092 2897 3155 putant
2925 3083 3158 3138 terrendi
3188 3082 3360 3137 solum
3391 3096 3551 3137 causa
3581 3079 3748 3135 hasce

2154 3176 2327 3232 minas
2352 3176 2646 3245 intentari),
2668 3183 2833 3230 restat
2852 3183 2910 3230 ut
2930 3173 3222 3239 adulteros,
3245 3174 3592 3229 masculorum
3613 3187 3749 3227 con-

2154 3268 2466 3335 cubitores,
2504 3267 2727 3330 molles,
2758 3266 3062 3321 idololatras
3099 3280 3128 3319 a
3161 3274 3455 3320 memorato
3490 3262 3749 3333 supplicio

2156 3359 2411 3414 eximant.
2438 3357 2571 3413 Nam
2595 3357 2642 3413 si
2669 3357 2900 3413 terrendi
2927 3357 3098 3413 solum
3120 3371 3279 3412 causa
3302 3355 3572 3411 maledicis
3596 3369 3748 3408 com-

2157 3449 2389 3504 minatus
2417 3457 2517 3514 est,
2546 3448 2719 3519 palam
2740 3457 2824 3504 est
2851 3448 2988 3502 etde
3010 3446 3229 3517 reliquis
3248 3446 3489 3502 eamdem
3513 3437 3747 3499 esse'ra-

2157 3540 2358 3596 tionem
2390 3558 2403 3595 :
2433 3555 2555 3595 cum
2585 3540 2726 3594 enim
2764 3554 2952 3594 omnes
2981 3538 3138 3593 simul
3169 3536 3469 3607 posuisset,
3496 3535 3572 3589 sic
3596 3535 3747 3604 regni

2156 3631 2500 3686 amissionem
2532 3631 2726 3685 intulit.
2753 3628 2893 3697 Quid
2920 3629 3100 3699 igitur,
3128 3627 3355 3707 inquies,
3385 3625 3749 3681 maledicusne.

2157 3735 2279 3776 cum
2305 3720 2550 3776 adultero
2577 3730 2632 3776 et
2656 3721 2820 3775 molle
2849 3728 2904 3775 et
2925 3733 3086 3774 avaro
3107 3726 3164 3774 et
3187 3718 3465 3773 idololatra
3488 3718 3751 3787 ponetur?

2158 3810 2346 3867 Utrum
2377 3811 2616 3876 easdem,
2646 3826 2778 3880 quas
2808 3811 2906 3878 illi,
2940 3807 3133 3880 ‘pcenas
3161 3809 3382 3864 daturus
3410 3810 3498 3877 sit,
3526 3809 3755 3864 alterius

2158 3909 2243 3956 est
2267 3902 2521 3971 temporis
2548 3902 2819 3972 inquirere
2845 3920 2859 3956 :
2882 3901 3024 3973 quod
3049 3910 3226 3957 autem
3252 3916 3283 3956 a
3308 3916 3474 3971 regno
3497 3900 3750 3955 malorum

2158 3992 2405 4047 similiter
2448 3992 2694 4060 excidat,
2734 3992 2901 4047 Paulo
2946 3992 3109 4063 credo
3151 3991 3380 4056 dicenti,
3426 3990 3534 4045 imo
3572 3990 3755 4060 potius

2157 4083 2369 4139 Christo
2396 4097 2494 4154 per
2523 4084 2670 4138 illum
2698 4083 2963 4155 aperanti,
2992 4083 3134 4154 quod
3165 4098 3357 4154 nempe
3382 4098 3552 4153 neque
3577 4076 3629 4136 hi
3654 4099 3753 4137 ne-

2158 4189 2262 4246 que
2281 4173 2356 4229 illi
2381 4189 2601 4244 regnum
2631 4173 2725 4228 Dei
2756 4173 3055 4244 possessuri
3080 4173 3206 4229 sint.
3233 4171 3419 4243 Neque
3451 4172 3549 4227 hac
3574 4171 3751 4227 solum

2159 4266 2212 4320 in
2245 4279 2321 4331 re,
2350 4263 2446 4319 sed
2471 4263 2630 4320 etiam
2658 4264 2711 4319 in
2737 4264 2855 4318 aliis
2876 4263 3057 4320 multis
3082 4263 3292 4335 plurimi
3315 4265 3384 4318 ita
3405 4262 3574 4317 all‘ecti
3599 4272 3745 4330 sunt,

2162 4368 2219 4415 ut
2244 4376 2364 4431 qua:
2393 4359 2613 4416 omnino
2639 4367 2892 4415 eventura
2921 4367 3079 4427 sunt,
3110 4357 3452 4429 hyperbolice
3478 4357 3616 4413 dicta
3643 4371 3749 4427 pu-

2162 4459 2297 4507 tent.
2326 4451 2624 4506 Diabolicus
2645 4458 2821 4504 autem
2844 4457 2926 4504 est
2950 4446 3037 4504 hic
3066 4449 3306 4519 laqueus.
3332 4448 3403 4505 Ut
3425 4448 3564 4505 enim
3587 4446 3761 4503 futuri

2160 4542 2405 4614 supplicii
2434 4551 2637 4598 metum
2663 4541 2898 4596 solveret
2923 4539 3008 4604 iis,
3036 4542 3125 4611 qui
3152 4539 3207 4595 in
3234 4539 3455 4596 caritate
3481 4538 3575 4594 Dei
3601 4553 3759 4594 com-

2162 4635 2345 4707 puncti
2390 4643 2546 4690 erant
2596 4633 2636 4697 ¹,
2695 4647 2895 4703 eosque
2946 4630 3013 4686 ad
3054 4629 3451 4701 obsequendum
3490 4627 3762 4684 mandatis

2160 4727 2495 4786 remissiores
2516 4716 2804 4790 efﬁceret,
2851 4723 3171 4794 hyperboles
3206 4722 3623 4778 consolationem
3664 4720 3757 4775 in-

2160 4817 2341 4883 duxit,
2372 4831 2492 4886 quae
2520 4816 2573 4870 in
2604 4815 2855 4885 praesenti
2882 4813 3097 4884 quidem
3133 4814 3407 4884 segniores
3430 4811 3635 4867 animos
3664 4811 3757 4865 in-

2160 4923 2346 4965 escare
2371 4916 2578 4978 potest,
2605 4906 2698 4964 sed
2726 4907 2780 4962 in
2809 4906 2896 4962 die
2918 4906 3105 4978 judicii
3137 4904 3507 4977 redarguetur,
3537 4905 3759 4976 quando

2160 5000 2295 5056 nihil
2322 5000 2447 5055 inde
2483 5000 2615 5055 lucri
2644 4997 2901 5054 accedere
2928 4998 3143 5068 poterit.
3170 4997 3307 5067 Quid
3328 4997 3469 5052 enim
3486 5038 3500 5063 ,
3531 5011 3716 5066 quaeso
3737 5039 3756 5062 ,

2161 5090 2404 5149 utilitatis
2430 5091 2515 5159 iis,
2546 5090 2638 5161 qui
2668 5104 2812 5146 nunc
2840 5088 3051 5159 decepti
3073 5096 3233 5155 sunt,
3260 5088 3304 5145 si
3335 5096 3461 5144 tunc
3488 5086 3756 5142 fallaciam

2161 5193 2486 5255 agnoscant;
2516 5198 2640 5239 cum
2668 5181 2804 5238 nihil
2842 5197 2908 5237 ex
2948 5181 3263 5252 paenitentia
3298 5186 3551 5251 poterunt
3579 5177 3631 5232 in
3661 5193 3754 5232 re-

2160 5275 2494 5332 surrectione
2509 5273 2717 5345 iuvari?
2732 5272 2811 5328 Ne
2829 5272 3008 5343 itaque
3026 5271 3383 5341 nosmetipsos
3399 5268 3753 5340 decipiemus,

2163 5382 2337 5438 neque
2362 5366 2843 5423 circumveniamur
2872 5365 2925 5418 in
2956 5363 3247 5434 perniciem
3283 5370 3546 5426 nostram,
3580 5374 3755 5431 neque

2161 5457 2304 5514 aliud
2330 5457 2486 5514 nobis
2513 5456 2830 5527 supplicium
2858 5470 3234 5526 procuremus,
3262 5468 3453 5523 nempe
3480 5467 3545 5508 ex
3573 5451 3755 5507 inere-

2161 5549 2401 5605 dulitate.
2430 5547 2549 5604 Non
2582 5548 2726 5604 enim
2761 5547 2935 5603 solum
2975 5543 3239 5600 mandatis
3263 5541 3459 5598 Christi
3500 5558 3608 5597 non
3647 5541 3751 5595 ob-

2162 5651 2481 5712 temperare,
2517 5639 2806 5713 sed‘etiam
2846 5637 2911 5693 iis
2952 5650 3059 5692 non
3097 5636 3337 5702 credere,
3375 5633 3748 5705 gravissimum

2228 5775 2243 5807 ι
2270 5781 2398 5832 Haec,
2421 5771 2499 5833 iis,
2520 5769 2604 5834 qui
2619 5769 2669 5822 in
2693 5766 2894 5834 caritate
2919 5766 3009 5820 Dei
3028 5767 3479 5834 compunctierant,
3501 5766 3677 5817 desunt
3700 5765 3745 5814 in

2164 5835 2296 5889 COIb.
2325 5830 2448 5887 etin
2466 5830 2630 5897 Savil.,
2650 5839 2800 5896 atque
2824 5831 2874 5882 in
2895 5830 3060 5883 Iterat.
3087 5830 3271 5882 tantum
3302 5831 3560 5881 habentur.
