4032 6410
129 398 270 456 395

127 510 506 583 ἀποδέχομαι
552 511 652 582 τῆς
679 511 879 582 πολλῆς
903 527 917 544 ο
951 511 1001 564 εἰ
1030 511 1089 566 δὲ
1127 509 1346 580 ἀληθῶς
1370 509 1432 564 τὸ
1479 507 1678 562 σαυτοῦ
1719 522 1848 583 σκο-

125 591 300 654 πῶν,
331 579 431 644 καὶ
463 589 558 645 τοῦ
587 579 1040 661 διαναστῆσοντος
1074 579 1282 644 δεῖσθαι
1314 588 1572 660 νομίζων,
1603 586 1704 640 οὐκ
1731 579 1852 640 οἶδα

127 671 276 736 πῶς
313 671 386 725 ἀν
415 669 622 741 ἐτέρως
659 671 808 741 ἡμᾶς
837 667 1103 734 ἐδίδαξας,
1151 669 1233 722 ὅτι
1265 686 1347 722 σοι
1388 668 1496 722 τῶν
1535 667 1664 738 παρ’
1693 666 1852 738 ήμῶν

124 751 380 814 οὐδενὸς
407 750 508 804 δεῖ.
544 747 692 820 Πλὴν
727 748 864 802 ἀλλά
894 749 988 802 καὶ
1017 748 1191 812 οὓτως
1224 747 1442 820 εῖξομέν
1480 764 1584 813 σοι,
1615 747 1710 800 καὶ
1733 764 1854 800 πει-

129 829 486 902 σθησόμεθα
521 829 737 884 πάντων
757 829 964 891 ἐνεκεν,
993 829 1088 882 καὶ
1115 828 1216 899 τῆς
1251 828 1564 901 παρρησίας
1583 827 1686 898 τῆς
1714 827 1852 898 πρὸς

127 913 244 970 τὸν
267 911 414 965 Θεὸν
436 911 652 982 καὶτῆς
683 909 812 980 περί
831 909 930 980 τὴν
959 909 1179 980 αῖτησιν
1213 909 1471 980 σπουδῆς,
1505 909 1600 963 καὶ
1627 909 1727 978 τῆς
1763 925 1868 976 φισ,

129 991 277 1054 Mar-1
311 991 420 1061 τῆς
451 992 588 1059 πρὸς
615 990 768 1060 ἡμᾶς
789 1006 804 1021 °
844 991 906 1043 σὺ
939 990 998 1044 δέ
1025 991 1175 1061 ἡμᾶς
1215 990 1338 1046 ἀντὶ
1378 989 1585 1042 τούτων
1610 990 1732 1050 ταῖς
1762 987 1857 1040 εὐ-

127 1073 281 1142 χαῖς
305 1072 435 1133 ταῖς
467 1073 588 1133 σαῖς
622 1068 875 1139 ἀμείϐου,
898 1068 1050 1122 ὥστε·
1073 1071 1208 1140 ἡμῖν
1235 1081 1262 1110 ει
1294 1069 1388 1123 καὶ
1415 1069 1510 1121 τὸν
1541 1067 1654 1137 βίον
1680 1066 1851 1137 ὀρθω-

127 1151 328 1222 θῆναι
378 1147 474 1203 τοῦ
535 1148 748 1211 λοιποῦ,
793 1150 891 1202 καὶ
935 1151 994 1202 ἐν
1051 1149 1131 1220 τῷ
1178 1149 1408 1220 παρόντι
1455 1144 1749 1218 δυνηθῆναί
1797 1161 1851 1198 τι

125 1232 415 1300 γενναῖον
452 1231 647 1294 εἰπεῖν,
687 1229 782 1283 καί
817 1228 1000 1282 ἱκανὸν
1027 1229 1127 1292 τάς
1158 1246 1217 1282 τε
1259 1227 1522 1298 κειμένας
1549 1225 1852 1296 ἀναστῆσαι

128 1313 250 1365 καὶ
275 1309 386 1374 τὰς
408 1307 750 1380 παρειμένας
782 1307 1104 1377 ἐπισφίγξαι
1129 1307 1224 1361 καὶ
1249 1306 1620 1378 συγκροτῆσαι
1647 1303 1848 1374 ψυχάς.

127 1392 337 1446 Πόθεν
367 1384 462 1443 οὖν
489 1391 645 1460 ἡμῖν,
678 1389 840 1440 πόθεν
865 1388 1101 1458 ἀρκτέον
1141 1387 1333 1442 τούτου
1362 1386 1458 1440 τοῦ
1497 1385 1658 1454 λόγου
1683 1402 1698 1451 ;
1731 1383 1854 1438 τίνα

129 1470 316 1540 αὐτῷ
365 1467 637 1539 θεμέλιον,
679 1465 838 1522 ποίαν
871 1467 1113 1538 κρηπῖδα
1146 1467 1418 1539 θήσομεν;
1457 1460 1536 1519 Ἦ
1573 1465 1732 1536 δῆλον
1769 1465 1852 1517 ὅτι

130 1549 250 1604 τοῦ
309 1546 554 1618 Χριστοῦ
586 1546 655 1602 τὰ
691 1549 933 1620 ῥήματα,
959 1546 1027 1599 δι’
1060 1543 1137 1600 ὧν
1174 1545 1451 1608 ταλανίζει
1487 1545 1584 1616 μὲν
1611 1545 1738 1608 τούς
1767 1561 1854 1613 γε·

131 1629 418 1696 λῶντας,
462 1629 521 1680 ἐν
555 1629 615 1681 δέ
662 1629 776 1691 τοῖς
820 1626 1278 1699 μακαριζομένοις
1320 1625 1503 1696 τίθησι
1551 1625 1680 1688 τοὺς
1725 1641 1852 1678 πεν-

135 1709 420 1772 θοῦντας,
443 1706 642 1761 οὑτωσὶ
681 1707 852 1774 λέγων
875 1723 889 1737 ·
924 1705 1218 1776 Μακάριοι
1248 1709 1303 1759 οὶ
1341 1703 1730 1770 πενθοῦντες,
1761 1701 1853 1756 ὅτι

136 1789 337 1845 αὐτοὶ
365 1785 946 1856 παρακληθήσονται
964 1802 978 1818 ο
1003 1785 1116 1849 καὶ,
1151 1785 1294 1839 Οὐαὶ
1315 1787 1370 1839 οἱ
1389 1782 1684 1853 γελῶντες
1710 1783 1849 1846 νῦν,

139 1871 250 1925 ὅτι
275 1865 620 1933 πενθήσετε
648 1864 748 1920 καὶ
778 1865 1096 1920 κλαύσετε.
1121 1864 1230 1919 Καὶ
1264 1863 1408 1934 μάλα
1437 1863 1664 1926 εἰκότως
1685 1877 1698 1892 ·
1726 1862 1854 1915 πέν-

141 1951 289 2012 θους
326 1947 438 2019 γάρ
471 1943 710 2017 ἀληθῶς,
745 1944 976 2009 πένθους
1015 1944 1110 1998 καὶ
1135 1943 1386 2013 ὀδυρμῶν
1423 1945 1450 1996 6
1478 1939 1668 2013 παρὼν
1707 1941 1854 2004 ἅπας

142 2027 398 2098 καιρός·
442 2023 666 2095 τοιαύτη
703 2023 979 2094 Ῑσυμφορὰ
1019 2023 1116 2094 τὴν
1158 2022 1483 2092 οἰκουμένην
1527 2021 1853 2090 κατείληφεν

145 2109 408 2172 ἃπασαν,
459 2105 684 2159 τοιαῦτα
733 2103 981 2168 ἅπαντας
1037 2101 1358 2174 ἀνθρώπους
1407 2100 1620 2170 συνέχει
1669 2099 1848 2154 κακά·

147 2189 314 2258 ἆπερ
349 2185 403 2240 εἴ
437 2203 524 2247 τις
567 2183 705 2256 μετά
736 2182 1027 2255 ἀκριϐείας
1061 2181 1335 2246 ἐξετάζειν
1374 2179 1568 2244 ἐθέλοι,
1600 2179 1654 2233 εί
1678 2197 1742 2248 γε
1763 2179 1856 2233 δυ-

147 2266 330 2320 νατὸν
383 2263 525 2336 μετά
575 2261 889 2334 ἀκριϐείας,
953 2262 1015 2314 οὐ
1073 2261 1342 2314 παύσεται
1393 2259 1720 2330 ὀδυρόμενος
1759 2258 1854 2312 καὶ

153 2343 416 2400 πενθῶνο
473 2341 648 2406 οὕτως
691 2342 907 2397 ἅπαντα
970 2340 1374 2410 ἀνατέτραπται
1438 2340 1530 2392 καὶ
1585 2338 1858 2409 συγκέχυ-

156 2444 276 2493 ται,
314 2425 411 2480 καὶ
436 2423 636 2494 ἀρετῆς
664 2422 810 2492 ἴχνος
841 2419 1099 2490 οὐδαμοῦ.
1133 2419 1243 2472 Καὶ
1274 2420 1336 2472 τὸ
1363 2417 1428 2488 δὴ
1450 2417 1852 2488 χαλεπώτερον,

157 2508 250 2560 ὅτι
291 2503 404 2558 τῶν
451 2501 783 2572 συνεχόντων
829 2500 976 2570 ἡμᾶς
1009 2496 1196 2552 δεινῶν
1233 2497 1486 2566 αἴσθησιν
1529 2495 1654 2549 οὐτε
1701 2496 1856 2550 αὐτοὶ

160 2582 392 2654 ἔχομεν,
431 2579 557 2635 οὔτε
591 2579 772 2642 ἄλλοις
821 2577 1155 2648 παρέχομεν,
1189 2575 1304 2630 ἀλλ’
1347 2575 1604 2646 ἐοίκαμεν
1643 2573 1856 2654 σώματι

161 2653 373 2726 ἔξωθεν
407 2661 504 2733 μὲν
521 2659 792 2721 ἀνθοῦντι,
815 2656 994 2728 πολλῷ
1023 2657 1080 2710 δέ
1102 2655 1312 2710 ἔνδοθεν
1335 2655 1363 2694 b
1384 2654 1673 2732 τηκομένῳ
1699 2653 1852 2725 πυρί·

163 2742 273 2812 τῆς
305 2740 364 2794 δέ
393 2737 729 2810 ἀναλγησίας
760 2737 946 2790 ἕνεκεν
980 2735 1132 2789 οὐδὲν
1167 2734 1276 2788 τῶν
1310 2733 1736 2812 παραπαιόντων
1772 2733 1858 2812 ,δι-

167 2811 531 2891 ἐνηνόχαμεν,
553 2816 603 2871 οἳ
635 2815 803 2868 πολλά
831 2814 928 2886 μὲν
959 2813 1275 2868 ἐπικίνδυνα
1298 2815 1391 2866 καὶ
1425 2812 1626 2883 αἰσχρὰ
1651 2811 1744 2865 καὶ
1770 2811 1857 2864 λέ-

168 2915 334 2969 γουσι
387 2897 483 2951 καὶ
529 2895 861 2968 πράττουσιν
917 2892 1108 2958 ἀδεῶς,
1153 2891 1497 2963 αἰσχύνονται
1543 2891 1599 2946 δέ
1651 2891 1856 2945 τούτων

169 2979 349 3040 οὐδέν,
391 2975 527 3030 ἀλλά
557 2975 654 3028 καὶ
703 2973 1114 3044 ἐναϐρύνονται,
1155 2972 1251 3025 καὶ
1290 2971 1398 3025 τῶν
1440 2969 1858 3042 καθεστηκότων

176 3056 380 3128 μᾶλλον
419 3052 680 3122 ὑγιαίνειν
733 3052 1068 3123 νομίζουσιν.
1116 3050 1274 3104 Οῦτω
1311 3052 1376 3122 δὴ
1420 3053 1516 3105 καὶ
1563 3054 1742 3122 ἡμεῖς,
1789 3051 1860 3105 τὰ

173 3135 284 3189 τῶν
307 3132 608 3186 νοσούντων
645 3131 860 3185 ἅπαντα
887 3130 1236 3200 πράττοντες,
1269 3131 1388 3183 οὐδὲ
1408 3129 1542 3184 αὐτὸ
1565 3131 1740 3196 τοῦτο,
1775 3131 1856 3184 ὅτι

176 3212 464 3283 νοσοῦμεν,
494 3211 673 3282 ίσμεν.
715 3209 854 3262 Ἀλλ’
893 3209 984 3262 ἐπὶ
1013 3210 1110 3278 μὲν
1141 3207 1236 3260 τοῦ
1257 3207 1529 3278 σώματος,
1555 3207 1656 3262 κᾶν
1682 3209 1743 3262 τὸ
1763 3227 1858 3263 τυ-

178 3295 272 3365 χὸν
297 3294 447 3365 ἡμᾶς
474 3290 741 3363 ἐνοχλήσῃ
775 3289 948 3352 πάθος
979 3299 1026 3351 ο,
1055 3289 1149 3341 καὶ
1191 3289 1407 3358 ἰατροὺς
1439 3289 1733 3358 καλοῦμεν,
1766 3291 1860 3344 καὶ

183 3376 440 3448 χρήματα
491 3371 883 3448 ἀναλίσκομεν,
930 3368 1022 3448 καὶ
1073 3369 1370 3448 καρτερίαν
1413 3369 1857 3448 ἐπάικνύμεθα,

181 3446 277 3509 καὶ
315 3453 376 3505 οὐ
402 3451 666 3523 πρότερον
690 3446 1057 3518 ἀφιστάμεθα,
1081 3447 1297 3502 ᾶπαντα
1325 3447 1675 3519 πράττοντες.
1707 3447 1858 3520 [ιιι-ι]

181 3536 289 3597 ἕως
333 3531 398 3585 ἂν
427 3528 758 3600 ἀποθώμεθα
785 3529 848 3580 16
895 3527 1131 3580 λυποῦνο
1164 3525 1264 3596 τῆς
1291 3526 1347 3578 δὲ
1383 3525 1559 3597 ψυχῆς
1581 3527 1704 3580 καθ’
1727 3529 1858 3581 έκά..

188 3628 320 3682 στην
346 3609 556 3681 ἡμέραν
601 3608 991 3678 κεντουμένης,
1042 3606 1494 3678 σπαραττομένης
1526 3609 1638 3669 τοῖς
1667 3609 1861 3662 πάθεσι

185 3693 297 3753 τοῖς
331 3690 679 3759 σωματικοῖς,
710 3687 1027 3757 καιομένης,
1054 3684 1520 3756 κρημνιζομένης,
1552 3687 1648 3738 καὶ
1685 3687 1862 3741 πάντα

186 3770 386 3840 τρόπον
413 3765 788 3837 ἀπολλυούσης
835 3766 1056 3836 ἐαυτὴν,
1085 3764 1207 3818 ούδέ
1239 3763 1444 3836 βραχὺν
1465 3764 1662 3836 ἔχομεν
1684 3765 1860 3834 λόγον.

188 3849 264 3904 T6
281 3849 336 3902 δέ
364 3849 552 3910 αἴτιον,
584 3848 664 3900 ὅτι
701 3847 944 3910 ἅπαντας
973 3848 1007 3916 ἡ
1026 3843 1180 3908 νόσος
1205 3844 1500 3915 κατείληφε
1523 3861 1539 3879 ·
1567 3845 1663 3898 καὶ
1691 3847 1863 3902 καθά-

191 3945 298 4000 περ
342 3927 434 3980 ἐπὶ
479 3925 588 3979 τῶν
630 3927 948 3996 καμνόντων
1003 3923 1070 3976 τὰ
1103 3920 1352 3993 σώματα,
1402 3925 1450 3976 εἰ
1481 3924 1719 3995 συμϐαίη
1769 3942 1865 3995 μη-

189 4006 317 4060 δένα
357 4007 607 4076 παρεῖναι
646 4003 755 4057 τῶν
785 4001 1137 4071 ὑγιαινόντων
1171 4001 1376 4066 αὐτοῖς,
1399 4001 1550 4056 οὐδὲν
1572 4003 1633 4056 16
1657 4003 1865 4056 κωλύον

193 4087 436 4149 ἅπαντας
473 4086 553 4147 εἰς
591 4083 690 4154 τὴν
729 4081 962 4153 ἐσχάτην
995 4083 1330 4133 καταπεσεῖν
1370 4079 1599 4152 φθορὰν,
1635 4081 1866 4152 μηδενὸς

193 4163 369 4218 αὐτῶν
395 4163 492 4227 τὰς
523 4162 748 4230 ἀλόγους
783 4159 938 4212 ἐπιθυ
949 4158 1076 4228 μίας
1111 4157 1435 4228 κατέχοντος
1455 4176 1468 4188 ·
1491 4159 1636 4212 οὕτω
1663 4160 1758 4212 καὶ
1780 4161 1864 4228 ἐφ’

195 4242 348 4313 ἡμῶν
366 4241 455 4296 διὰ
483 4241 545 4294 16
567 4239 770 4312 μηδένα
791 4233 931 4290 εἶναι
961 4237 1052 4288 τὸν
1081 4235 1394 4304 ὑγιαίνοντα
1429 4237 1686 4309 καθαρῶς
1707 4240 1766 4292 ἐν
1799 4243 1864 4312 τῇ

195 4323 395 4385 πίστει,
426 4318 566 4374 ἀλλὰ
603 4319 810 4380 πάντας
839 4316 1164 4388 ἀρρωστεῖν,
1199 4315 1326 4378 τοὺς
1367 4315 1466 4384 μὲν
1504 4317 1568 4368 ἐκ
1601 4316 1866 4384 πλείονος,

195 4402 316 4464 τοὺς
335 4401 391 4454 δέ
417 4400 474 4466 ἐξ
499 4398 776 4460 ἐλάττονος
800 4396 1014 4466 μοίρας,
1035 4393 1210 4471 οὐδεὶς
1228 4395 1256 4446 ὁ
1275 4397 1387 4457 τοῖς
1415 4395 1686 4466 κειμένοις
1709 4399 1869 4471 ἐξαρ-

199 4479 368 4533 κέσων
390 4478 414 4518 d
456 4477 624 4532 ἐστίν,
669 4476 732 4528 Et
763 4475 874 4545 γάρ
899 4491 983 4536 τις
1018 4470 1217 4539 ἔξωθέν
1251 4473 1414 4527 ποθεν
1451 4476 1585 4546 ἡμῖν
1618 4470 1864 4543 ἐπιστὰς,

199 4560 290 4614 καὶ
315 4557 409 4612 τοῦ
431 4555 668 4630 Χριστοῦ
694 4555 762 4608 τὰ
785 4551 1200 4630 προστάγματα,
1234 4551 1444 4622 καὶτῆς
1470 4554 1741 4621 πολιτείας
1767 4556 1868 4627 τῆς

198 4629 602 4712 ἡμετέραςτὴν
641 4635 902 4704 σύγχυσιν
941 4629 1490 4712 καταμάθοιρκαλῶς,
1520 4635 1621 4688 οὐκ
1658 4631 1776 4690 οἶδα
1818 4638 1872 4692 ετ

199 4709 346 4782 τινας
370 4709 598 4788 ἐτέρους
625 4714 823 4786 μᾶλλον
855 4721 880 4750 ο
911 4710 1068 4784 ἡμῶν
1101 4709 1330 4780 ἐχθροὺς
1359 4711 1692 4785 ὑπολήψεται
1728 4712 1868 4771 εἶναι

199 4799 309 4868 τοῦ,
327 4794 562 4868 Χριστοῦ
585 4809 598 4824 ·
632 4793 886 4864 καθάπερ
920 4791 1028 4864 γὰρ
1073 4791 1467 4859 ἐσπουδακότες
1493 4794 1592 4867 τὴν
1619 4796 1868 4853 ἐναντίαν

200 4865 360 4932 αὐτοῦ
383 4865 561 4930 ἐλθεῖν
593 4875 706 4938 τοῖς
733 4872 1122 4942 ἐπιτάγμασιν,
1149 4869 1292 4927 οὕτω
1315 4873 1521 4946 ταύτην
1549 4865 1870 4948 ὧδεύσαμεν

266 4975 294 5011 ν
321 4955 458 5011 ὁδόν.

487 5031 573 5086 ἵνα
594 5033 666 5104 μή
693 5049 776 5094 τις
797 5030 1101 5102 ὑπερϐολῆς
1124 5026 1262 5085 εἶναι
1285 5031 1484 5104 νομίσῃ
1507 5031 1574 5086 τὰ
1595 5034 1816 5106 ῥήματα
1845 5035 1865 5076 ί

201 5114 270 5169 τὰ
292 5113 418 5185 παρ’
441 5112 618 5184 ἡμῶν,
639 5110 738 5182 τὴν
767 5109 1038 5174 ἀπόδειξιν
1060 5111 1359 5178 ἐπαγαγεῖν
1382 5111 1484 5182 ἤδη
1516 5114 1868 5183 πειράσομαι,

207 5192 466 5265 ἑτέρωθεν
525 5194 623 5264 μὲν
661 5188 980 5260 οὐδαμόθεν,
1019 5188 1128 5242 ἀπὸ
1166 5189 1223 5242 δέ
1274 5188 1454 5242 αὐτῶν
1493 5191 1600 5244 τῶν
1637 5192 1871 5248 ἐντολῶν

207 5273 296 5329 τοῦ
350 5271 608 5344 Χριστοῦ.
642 5271 710 5324 Τί
760 5265 853 5324 οῦν
894 5286 1056 5339 φησιν
1085 5271 1114 5323 6
1153 5268 1424 5339 Χριστόςς
1469 5270 1704 5340 Ἐρῤἐθή
1746 5273 1872 5340 τοῖς

208 5352 493 5424 ἀρχαίοις·
525 5353 608 5407 Οὐ
628 5351 974 5420 φονεύσεις.
1016 5347 1163 5418 Ἐγὼ
1180 5347 1250 5401 δὲ
1269 5347 1424 5418 λέγω
1453 5349 1612 5418 ὑμῖν,
1643 5351 1732 5405 ὅτι
1755 5352 1874 5419 πᾶς

208 5436 240 5489 ό
289 5429 660 5501 ὀργιζόμενος
691 5429 774 5494 τῷ
797 5426 1038 5498 ἀδελφῷ
1070 5427 1256 5483 αὐτοῦ
1281 5424 1434 5494 εἰκῆ,
1462 5427 1680 5499 ἔνοχος
1700 5431 1874 5486 ἔσται

207 5510 282 5582 τῇ
330 5512 521 5580 κρίσει
541 5528 554 5542 ·
597 5509 664 5578 ὃς
690 5509 742 5562 δ’
774 5509 850 5564 ἂν
880 5511 1018 5574 εἴπῃ
1048 5509 1129 5576 τῷ
1160 5507 1400 5577 ἀδελφῷ
1421 5509 1628 5574 αὑτοῦ,
1670 5511 1871 5579 Ῥακὰ,

271 5653 295 5684 ι
325 5650 464 5701 Ἦιιῖν
496 5651 641 5700 deest
660 5650 708 5699 in
734 5648 868 5701 Coib.
897 5653 1104 5698 tantum.

270 5711 453 5762 b"Colb.
481 5712 630 5760 ἔνδον.

271 5777 294 5835 ῗ
319 5771 752 5835 va6vixa1a1d6y
773 5771 937 5831 πάθος,
957 5773 1030 5822 sic
1061 5772 1198 5822 Coib.

267 5831 295 5874 d
315 5831 448 5896 Coiﬁ.
466 5833 700 5896 ἀρκέσων.

274 5897 298 5962 ‘_
317 5892 591 5962 §ic_9mh_es
610 5899 790 5962 ρι’·δειοιθ
806 5892 984 5962 Morel.
1009 5894 1092 5962 qui
1111 5893 1258 5962 habet
1284 5896 1466 5960 ἐτέρους
1487 5897 1654 5954 ἄλλους
1676 5900 1868 5962 μᾶλλον.

277 5956 298 5998 ί
321 5950 376 6008 in
396 5955 568 6006 Morel.
591 5950 697 6008 £010
715 5956 775 6004 τὰ
797 5953 983 6021 ῥήματα
1005 5950 1164 6006 deest.

1098 389 1188 449 DE
1225 368 1784 457 COMPUNCTIONE,
1825 393 1914 447 AD
1957 335 2386 450 οειιετιιιάιι.
2429 393 2562 454 LIB.
2603 395 2648 450 ι.

3512 402 3616 460 596
3663 416 3670 423 '

1951 507 2166 576 ἔνοχος
2207 508 2380 562 ἔσται
2431 509 2512 573 τῷ
2555 511 2882 581 συνεδρίῳο
2926 513 2994 580 ὃς
3023 513 3074 568 δ’
3105 512 3187 568 ἂν
3232 515 3395 584 ειπῃ,
3437 519 3624 579 Μωρέ.

1949 589 2165 660 ἔνοχος
2196 586 2368 642 ἕσται
2396 591 2483 654 εἰς
2515 589 2630 656 τὴν
2663 591 2915 659 γέενναν
2933 593 3041 648 τοῦ
3067 594 3274 660 πιιοός.
3305 592 3493 647 Ταῦτα
3530 600 3626 666 μὲι

1951 666 2046 723 οῦν
2073 673 2102 724 ό
2123 669 2380 740 Χριστός.
2407 669 2596 739 Ἡμεῖς
2619 670 2677 724 δὲ
2705 671 2812 725 τῶν
2841 671 3214 726 ἀπιστούντων
3245 673 3393 745 αὐτῷ
3425 674 3628 744 μᾶλλον

1952 750 2042 804 τὸν
2071 749 2232 820 νόμον
2263 748 2450 802 τοῦτον
2483 753 2960 823 κατεπατήσαμεν,
3000 751 3120 806 καθ’
3147 753 3383 823 ἐκάστην
3409 754 3628 824 ἡμέραν

1957 831 2178 902 μυρίαις
2225 831 2354 894 τοὺς
2401 829 2664 899 ἀδελφοὺς
2709 831 3001 896 πλύνοντες
3041 832 3350 904 λοιδορίαις.
3394 836 3506 889 Καὶ
3564 837 3625 888 16

1959 907 2017 979 δὴ
2051 908 2604 981 καταγελαστότερον,
2639 911 2723 964 ὄτι
2755 910 2818 964 τὸ
2837 911 3034 980 μωρὸς
3071 911 3242 982 ὄνομα
3273 914 3628 986 παραφυλατ-

1950 987 2186 1058 τόμενοι,
2214 987 2472 1052 πολλάκις
2492 989 2688 1062 ἐτέρας
2721 989 2915 1043 τούτου
2943 988 3130 1060 ὕϐρεις
3159 993 3490 1063 πικροτέρας
3529 995 3625 1046 ἐπ⁴

1952 1065 2177 1138 ἀγομεν,
2195 1067 2272 1132 ὡς
2299 1069 2507 1123 ἐκείνου
2541 1069 2703 1140 μόνου
2725 1069 2820 1123 τοῦ
2846 1063 3088 1140 ῥήματος
3112 1071 3212 1142 τὴν
3237 1071 3456 1126 κόλασιν
3479 1073 3601 1144 ἔχον
3617 1105 3628 1112 -

1952 1163 2062 1210 τος.
2093 1147 2166 1201 Τὸ
2186 1147 2244 1201 δὲ
2269 1149 2328 1200 οὐ
2359 1148 2599 1202 τοιοῦτόν
2625 1150 2793 1215 ἐστιν,
2819 1149 2958 1203 ἀλλά
2980 1149 3071 1203 τὸν
3097 1151 3354 1222 ὑϐριστὴν
3373 1152 3626 1218 καθάπαξ

1953 1225 2216 1290 κολάζων.
2249 1225 2410 1282 τοῦτο
2447 1227 2660 1283 τέθεικε
2696 1229 2757 1282 τὸ
2793 1229 3066 1300 ἐπιτίμιον
3093 1247 3105 1260 ·
3147 1231 3241 1284 καὶ⁹
3279 1231 3435 1300 δῆλον
3464 1231 3523 1296 ἐξ
3553 1225 3630 1286 ὧν

1952 1305 2046 1359 καὶ
2079 1305 2293 1370 Παῦλός
2345 1324 2509 1378 φησιν
2541 1316 2590 1374 ι,
2637 1309 2837 1362 οὑτωσὶ
2877 1309 3051 1378 λέγων
3073 1325 3086 1340 ο
3118 1309 3214 1378 Μὴ
3276 1309 3590 1365 πλανᾶσθε
3611 1329 3626 1343 ·

1951 1385 2091 1439 οὔτε
2131 1387 2360 1455 πόρνοι,
2398 1388 2536 1443 οὔτε
2574 1387 3018 1459 εἰδωλολάτραι,
3049 1391 3122 1444 οὐ
3151 1390 3374 1460 μοιχοὶ,
3405 1394 3478 1446 οὐ
3515 1407 3628 1462 μα-

1951 1463 2126 1518 λακοί
2169 1466 2307 1520 οὔτε
2338 1466 2772 1534 ἀρσενοκοῖται,
2824 1471 2897 1524 οὐ
2927 1470 3180 1524 κλέπται
3221 1471 3360 1525 οὔτε
3408 1476 3628 1526 πλεον-

1951 1541 2136 1606 έκται,
2175 1547 2248 1598 οὐ
2282 1545 2558 1614 μέθυσοι,
2588 1548 2662 1601 οὐ
2713 1548 2998 1616 λοίδοροι,
3029 1550 3144 1617 οὐχ
3179 1548 3466 1618 ἅρπαγες,
3513 1553 3630 1615 ,βα-

1953 1623 2195 1677 σιλείαν
2229 1624 2376 1679 Θεοῦ
2421 1625 2976 1695 κληρονομήσουσι.
3010 1627 3158 1680 Εἰδέ
3193 1629 3222 1682 ό
3248 1629 3430 1699 μωρὸν
3454 1629 3630 1698 λέγων

1952 1701 2044 1754 τὸν
2087 1702 2315 1773 ἀδελφὸν
2352 1703 2518 1758 αὐτοῦ
2551 1705 2651 1776 τῆς
2687 1705 2929 1778 ἐσχάτης
2971 1705 3246 1772 κολάσεώς
3277 1709 3426 1762 ἐστιν
3455 1709 3627 1774 ἄξιος,

1953 1785 1981 1836 6
2015 1782 2320 1854 κακοῦργον
2347 1783 2444 1837 καὶ
2478 1783 2747 1854 βάσκανον
2784 1786 2880 1840 καὶ
2917 1785 3118 1858 εὐχερῆ
3149 1788 3243 1840 καὶ
3271 1788 3548 1854 κενόδοξον
3577 1787 3629 1852 ιι,

1953 1867 2048 1920 καὶ⁵
2075 1865 2244 1938 μυρία
2269 1865 2406 1920 ἄλλα
2429 1866 2654 1920 τοιαῦτα
2677 1867 3024 1940 κακηγορῶν,
3048 1869 3214 1921 πόσον
3241 1868 3420 1939 ἐαυτῷ
3439 1870 3499 1922 τὸ
3529 1871 3628 1940 τῆς

1951 1945 2179 2016 γεέννης
2201 1944 2418 2011 συνάξει
2438 1945 2584 2016 πῦρ;
2613 1945 2686 1998 Τὸ
2712 1944 3036 2016 γάρ,Μωρὲ,
3067 1947 3162 2000 καὶ
3193 1947 3392 2010 Ῥακά,
3421 1948 3530 2001 τῶν
3552 1952 3628 2002 εί-

1957 2042 2021 2095 ρη
2032 2023 2209 2093 μένων
2275 2023 2456 2095 πολλῷ
2511 2025 2840 2094 κουφότερον
2859 2043 2874 2056 ·
2929 2025 3118 2096 διόπερ
3177 2027 3355 2079 ἐκεῖνο
3409 2030 3624 2098 παρεὶς,

1953 2101 2110 2156 τοῦτο
2153 2100 2398 2157 τέθεικεν
2429 2105 2457 2157 ό
2487 2103 2744 2174 Χριστὸς,
2777 2103 2862 2156 ἵνα.
2910 2103 3086 2176 μάθῃς
3127 2105 3229 2169 ὅτι,
3273 2106 3320 2158 εί
3361 2107 3424 2158 16
3455 2123 3625 2179 φορη‹

1953 2181 2172 2253 τότερον
2211 2180 2402 2252 λεχθὲν
2445 2180 2545 2252 τὴν
2579 2182 2800 2250 γέενναν
2833 2185 3131 2238 ἐπισπᾶται
3164 2187 3282 2238 κατ’
3320 2185 3484 2240 αὐτοῦ
3534 2187 3627 2240 τοῦ

1953 2259 2222 2329 λέγοντος,
2259 2260 2440 2332 πολλῷ
2473 2261 2673 2333 μᾶλλον
2713 2261 2782 2316 τὰ
2827 2261 3105 2335 βαρύτερα
3131 2265 3224 2318 καὶ
3253 2265 3630 2338 ἀφορητότερα

1953 2339 2110 2393 τοῦτο
2139 2340 2452 2408 ἐργάσεται.

2026 2419 2088 2472 El
2130 2419 2189 2472 δέ
2228 2435 2375 2483 τινες
2427 2419 2732 2492 ὑπερϐολὴν
2787 2419 2880 2474 τοῦ
2931 2419 3093 2490 λόγου
3157 2425 3629 2492 καταγινώσκουσι

1957 2501 2072 2570 (καὶ
2104 2500 2212 2570 γάρ
2245 2517 2397 2563 τινας
2433 2499 2550 2554 οἶδα
2585 2501 2743 2554 τοῦτο
2781 2501 3048 2567 παθόντας
3085 2502 3216 2572 ἐγὼ,
3257 2507 3350 2558 καὶ
3385 2507 3632 2578 νομίζον-

1952 2596 2052 2642 τας
2102 2579 2242 2650 ὑπὲρ
2299 2579 2394 2632 τοῦ
2455 2581 2690 2650 φοϐῆσαι
2747 2581 2905 2652 μόνον
2958 2581 3164 2652 ταύτην
3222 2585 3473 2655 εἰρῆσθαι
3533 2587 3631 2656 τὴν

1955 2658 2230 2728 ἀπειλὴν),
2279 2657 2398 2728 ὥρα
2449 2661 2646 2723 αὐτοὺς
2691 2661 2820 2724 τοὺς
2865 2661 3108 2730 μοιχοὺς,
3151 2664 3276 2726 τοὺς
3323 2665 3606 2732 ἀρσενοκοί

1955 2755 2075 2800 τας,
2093 2739 2217 2802 τοὺς
2247 2739 2544 2807 μαλακοὺς,
2569 2741 2697 2802 τοὺς
2733 2739 3124 2814 εἰδωλολάτρας
3157 2741 3174 2781 ί
3209 2741 3310 2811 τῆς
3336 2743 3632 2814 εἰρημένης

1959 2815 2114 2888 [125]
2131 2817 2496 2874 ἀπαλλάττειν
2527 2817 2825 2880 κολάσεως.
2846 2813 2908 2870 Εἰ
2929 2817 3038 2890 γὰρ
3059 2819 3226 2889 φόϐου
3261 2813 3419 2890 μόνον
3442 2813 3633 2876 ἕνεκεν

1956 2899 2070 2961 τοῖς
2099 2896 2360 2968 λοιδόροις
2385 2897 2674 2968 ἠπείλησε,
2711 2896 2870 2967 δῆλον
2905 2898 2987 2951 ὅτι
3013 2898 3287 2962 κάκείνοις
3310 2917 3322 2930 ·
3359 2901 3492 2966 ὁμοῦ
3522 2901 3632 2972 γὰρ

1959 2976 2204 3038 ἅπαντας
2240 2975 2582 3044 συναγαγὼν,
2610 2975 2782 3040 οὕτως
2815 2977 3066 3046 ἐπήγαγε
3101 2978 3202 3046 τῆς
3231 2977 3508 3046 βασιλείας
3535 2981 3632 3050 τὴν

1959 3054 2254 3108 ἔκπτωσιν.
2289 3055 2352 3106 Τί
2397 3051 2509 3119 οὖν,
2545 3055 2710 3124 φησίν
2735 3071 2748 3118 ;
2777 3056 2806 3108 6
2843 3055 3080 3127 λοίδορος
3130 3056 3269 3128 μετά
3301 3058 3392 3110 τοῦ
3443 3059 3631 3129 μοιχοῦ

1959 3136 2053 3188 καὶ
2089 3133 2184 3203 μα)
2197 3131 2331 3186 ακοῦ
2364 3133 2465 3206 καὶζ
2509 3133 2830 3186 πλεονέκτου
2877 3135 2970 3187 καὶ
3018 3135 3402 3206 εἰδωλολάτρου
3461 3138 3638 3190 κείσε-

1957 3199 2171 3276 ταιξΕἰ
2233 3212 2330 3281 μὲν
2379 3199 2510 3282 τῆφ
2531 3212 2701 3281 αὐτὴν
2741 3212 2926 3276 αὐτοῖς
2991 3211 3149 3267 δώσει
3209 3199 3398 3284 δίκην,
3445 3217 3633 3287 ἐτέφυ

1957 3290 2116 3344 τοῦτο
2167 3287 2404 3359 ζητῆσαι
2466 3289 2657 3360 καιροῦ
2687 3307 2702 3321 ·
2751 3291 2833 3344 ὅτι
2871 3290 2928 3343 δὲ
2977 3291 3076 3362 τῆς
3129 3293 3402 3362 βασιλείας
3434 3297 3636 3365 ὁμοίως

1959 3371 2272 3424 ἐκπεσεῖται
2341 3369 2602 3434 ἐκείνοις,
2669 3368 2750 3440 τῷ
2813 3371 3012 3441 Παύλῳ
3073 3372 3334 3442 πείθομαι
3390 3375 3632 3442 λέγοντι,

1963 3449 2164 3524 μᾶλλον
2205 3449 2262 3502 δέ
2298 3449 2377 3518 τῷ
2417 3449 2728 3521 ἐνεργοῦντι
2765 3449 2835 3503 δι’
2875 3452 3039 3505 αὐτοῦ
3075 3452 3295 3524 Χριστῴ
3329 3452 3376 3510 i.
3407 3453 3488 3507 ὅτι
3511 3453 3634 3506 οὔτε

1959 3523 2126 3594 οὗτοι,
2143 3529 2267 3582 οὐτε
2290 3531 2484 3581 ἐκεῖνοι
2513 3529 2789 3600 βασιλείαν
2811 3530 2945 3583 Θεοῦ
2969 3523 3490 3602 κληρονομήσουσιν.
3523 3533 3636 3584 Οὐκ

1963 3611 2055 3663 ἐπὶ
2083 3609 2272 3663 τούτου
2304 3608 2360 3662 δέ
2385 3608 2565 3678 μόνον,
2595 3608 2732 3662 ἀλλά
2756 3611 2848 3662 καὶ
2878 3610 2970 3664 ἐπὶ
2998 3610 3206 3664 πολλῶν
3229 3611 3428 3684 ἐτέρων
3453 3611 3636 3665 πολλοὶ

1961 3690 2118 3742 τοῦτο
2149 3687 2474 3752 πεπόνθασι,
2513 3688 2606 3741 καί¹
2651 3687 2723 3742 τὰ
2754 3687 2980 3754 πάντως⁹
3020 3688 3364 3760 ἐκϐησόμενα
3403 3691 3637 3760 ὑπερϐο-

1961 3768 2125 3832 λικῶς
2163 3767 2410 3839 εἰρῆσθαι
2463 3768 2766 3838 νομίζουσι’
2805 3768 3087 3838 διαϐολικὴ
3127 3768 3184 3821 δέ
3227 3770 3373 3821 ἐστιν
3421 3767 3560 3839 αῦτη
3603 3772 3636 3837 ἡ

1965 3849 2152 3918 παγίς.
2184 3849 2301 3902 Ἵνα
2327 3847 2436 3921 γὰρ
2458 3849 2550 3902 τὸν
2577 3848 2742 3918 φόϐον
2775 3849 2875 3920 τῆς
2911 3849 3209 3918 μελλούσης
3249 3849 3453 3922 ἐκλύσῃ
3479 3849 3640 3902 κολά-

1967 3945 2103 3991 σεως
2130 3926 2239 3981 τῶν
2267 3927 2678 3996 κατανυγέντων
2729 3929 2787 3982 ἐν
2829 3930 2896 3998 τῇ
2942 3926 3037 3980 τοῦ
3065 3927 3200 3980 Θεοῦ
3245 3927 3436 4000 ἀγάπῃ
3455 3929 3502 3993 li,
3543 3930 3639 3980 καὶ

1965 4005 2318 4078 χαυνοτέρους
2342 4005 2643 4077 ἐργάσηται
2683 4006 2812 4079 περὶ
2854 4007 2952 4077 τὴν
2987 4006 3235 4077 ὑπακοὴν
3269 4007 3366 4078 τῆς
3396 4007 3636 4078 ἐντολῆς,

1965 4087 2063 4158 τὴν
2095 4086 2202 4138 ἀπὸ
2228 4086 2326 4154 τῆς
2349 4086 2656 4156 ὑπερϐολῆς
2684 4087 3041 4156 παραμυθίαν
3061 4088 3376 4156 εἰσήγαγεν,
3426 4088 3506 4149 εἰς
3536 4089 3636 4157 μὲν

1967 4167 2028 4220 τὸ
2057 4164 2229 4236 παρὸν
2263 4165 2455 4234 ἱκανὴν
2497 4163 2827 4234 χαρίσασθαι
2857 4167 2980 4230 ταῖς
3014 4163 3411 4235 ῥᾳθυμοτέραις
3437 4167 3638 4234 ψυχαῖς

1969 4245 2218 4314 ἀπάτην,
2267 4243 2740 4314 ἐλεγχθησομένην
2793 4244 2851 4297 δὲ
2911 4243 3051 4298 κατά
3104 4242 3196 4295 τὸν
3256 4243 3354 4311 τῆς
3405 4241 3638 4312 κρίσεως

1969 4325 2178 4395 καιρὸν,
2210 4325 2298 4378 ὅτε
2336 4322 2527 4394 κέρδος
2555 4322 2730 4375 οὐδέν.
2757 4323 2822 4375 Τί
2855 4323 2964 4394 γὰρ
2989 4323 3200 4390 ὄφελος,
3237 4321 3358 4380 εἰπέ.
3397 4336 3510 4395 μοι,
3541 4319 3641 4372 νῦν

1968 4403 2366 4473 ἀπατηθέντας,
2410 4399 2530 4453 τότε
2557 4399 2787 4454 συνιδεῖν
2809 4402 2907 4472 τὴν
2944 4403 3180 4474 ἀπάτην,
3226 4404 3354 4457 ὅταν
3393 4403 3560 4473 μηδὲν

1968 4483 2077 4536 ἀπὸ
2111 4483 2214 4552 τῆς
2261 4479 2658 4552 μετανοίας·είς
2690 4481 2782 4533 τὸν
2809 4481 2908 4551 τῆς
2949 4482 3297 4546 ἀναστάσεως
3335 4482 3640 4536 ἀπόνασθαι

1968 4564 2155 4634 λόγον;
2195 4563 2286 4634 Μὴ
2317 4561 2381 4632 δὴ
2415 4561 2591 4633 μάτην
2623 4561 2921 4632 άπατῶμεν
2957 4562 3212 4627 ἑαυτοὺς,
3257 4563 3352 4614 καὶ¹
3395 4563 3637 4633 παραλο-

1968 4642 2250 4714 γιζώμεθα
2274 4643 2368 4696 ἐπὶ
2397 4642 2574 4713 κακῷ,
2602 4640 2736 4712 μηδέ
2766 4641 2960 4712 ἑτέραν
2986 4641 3388 4713 προκαλώμεθα
3419 4639 3438 4681 1
3464 4659 3641 4712 τιμωι

1977 4723 2117 4794 ρίαν,
2154 4721 2252 4794 τὴν
2278 4723 2341 4776 ἐκ
2365 4721 2464 4791 τῆς
2488 4723 2766 4786 ἀπιστίας.
2804 4723 2878 4774 Οὐ
2920 4720 3029 4793 γάρ
3069 4722 3228 4792 μόνον
3263 4723 3326 4775 τὸ
3357 4722 3430 4794 μὴ
3469 4721 3641 4776 εἴκειν

1972 4805 2090 4866 ταῖς
2122 4803 2362 4866 ἐντολαῖς
2387 4801 2478 4856 τοῦ
2511 4801 2767 4870 Χριστοῦ,
2799 4801 2934 4855 ἀλλά
2958 4802 3052 4855 καὶ¹
3073 4801 3134 4855 16
3164 4803 3414 4856 ἀπιστεῖν
3449 4801 3639 4862 αὐταῖς

1969 4882 2360 4953 χαλεπωτάτην
2385 4881 2583 4948 ἐπάγει
2605 4881 2704 4950 τὴν
2733 4880 2972 4934 κόλασιν·
2995 4879 3058 4934 16
3079 4881 3137 4934 δέ
3161 4881 3410 4935 ἀπιστεῖν
3430 4879 3640 4947 γίνεται

1969 4961 2036 5014 ἐκ
2074 4961 2168 5015 τοῦ
2203 4961 2336 5032 πρὸς
2379 4959 2478 5032 τὴν
2511 4958 2856 5031 ἐκπλήρωσιν
2897 4959 3214 5014 ἐκλελύσθαι
3249 4960 3360 5013 τῶν
3387 4957 3634 5012 ἐντολῶν.

2039 5103 2064 5142 ε
2094 5101 2177 5151 Sic
2197 5113 2370 5163 omnes
2391 5104 2573 5163 prater
2603 5099 2775 5163 Morel.
2799 5097 2882 5162 qui
2912 5098 3062 5163 habet
3083 5098 3274 5163 Παῦλος
3303 5099 3479 5163 οὑτωσί
3503 5115 3635 5161 φησι.

1973 5163 2084 5213 Mox
2111 5163 2261 5212 Savil.
2285 5161 2335 5210 in
2362 5159 2503 5211 téxtu
2528 5163 2638 5224 οὐτε
2661 5159 2849 5224 πόρνος,
2875 5162 2983 5210 οὕτε
3007 5161 3373 5224 εἰδωλολάτρης.
3405 5159 3458 5208 in
3481 5159 3636 5224 μισῇς.

1971 5225 2154 5289 πόρνοι,
2179 5224 2530 5289 εἰδωλολάτραι.
2548 5223 2676 5289 ibid.
2701 5221 2840 5280 Colb.
2853 5224 2962 5272 οὔτε
2981 5224 3156 5287 μοιχοὶ,
3169 5221 3280 5270 οὔτε
3298 5221 3518 5282 μαλακοὶ,
3531 5221 3640 5268 οὔτε

1972 5285 2318 5352 ἀρσενοκοῖται,
2342 5285 2452 5332 οὔτε
2471 5285 2702 5352 κλέπται.-
2723 5347 2752 5352 __
2873 5347 2884 5352 _
2920 5346 2955 5352 __
2986 5285 3091 5352 ruﬁ
3157 5343 3198 5352 __
3286 5343 3296 5352 _

2010 5343 2066 5420 λιι
2083 5347 2218 5416 Colp.
2237 5351 2350 5420 post
2383 5346 2626 5420 κενόδοξον
2643 5347 2780 5420 addit
2797 5347 2890 5420 ⁹καὶ.
2911 5345 3127 5420 ἀλαζόνα.
3155 5343 3260 5392 Mox
3282 5343 3412 5420 idem
3435 5359 3641 5420 κοιτῃγοξ

1975 5409 2087 5517 ρῶν,
2121 5405 2282 5456 mimis
2304 5415 2461 5456 recte.
2484 5407 2640 5458 Paulo
2663 5417 2771 5470 post
2795 5408 2926 5456 idem
2949 5407 3112 5463 πολλῷ
3150 5405 3452 5466 κουφότερον·
3479 5405 3642 5466 διόπερ

2000 5469 2146 5531 κεῖνο,
2175 5469 2373 5531 Αοωίεεὶε
2390 5468 2715 5531 interpositis,
2741 5468 2847 5531 Mox
2871 5467 3006 5518 Colb.
3029 5466 3172 5514 τοῦτο
3195 5465 3374 5521 έθηκεν.
3404 5464 3529 5514 Infra
3553 5466 3642 5514 Sa-

1975 5527 2060 5578 vil.
2091 5505 2146 5579 et:
2161 5529 2298 5581 Colb.
2323 5505 2588 5594 ἐργάσετέα,
2613 5506 2784 5580 Μόιῖοι.
2809 5530 3064 5592 ἐργάζεται.
3263 5505 3273 5521 ⁸

2045 5590 2061 5630 ί
2088 5591 2224 5632 Cnih-
2249 5591 2330 5632 καὶ
2371 5591 2480 5632 τοὺς
2523 5590 2870 5632 ἇοιτενοιοίταε-
2895 5589 2975 5632 καὶ
3007 5587 3115 5632 τοὺς
3152 5585 3409 5632 μαλακοὺς.
3432 5587 3514 5632 καὶ
3535 5586 3606 5632 τοὶ

2045 5590 2061 5630 ί
2088 5591 2224 5642 Coib.
2249 5591 2330 5640 καὶ
2349 5589 2482 5648 ’τοὺς
2523 5589 2879 5654 ἀρσενοκοίτας,
2895 5589 2975 5636 καὶ
3007 5589 3115 5643 τοὺς
3152 5589 3409 5648 μαλακοὺς,
3432 5589 3646 5642 καὶτοὺς

1979 5653 2064 5702 είδ.
2091 5653 2200 5702 Mox
2232 5654 2361 5702 idem
2383 5653 2531 5716 φόϐου
2564 5654 2646 5715 μὲν
2668 5653 2838 5700 ἕνεκεν.

2050 5714 2062 5755 i
2091 5714 2224 5755 Cni-h.
2251 5715 2300 5755 ἐν
2319 5715 2449 5755 αὐτῶ
2471 5714 2682 5755 Koma-1&3-
2710 5711 2832 5755 Infra
2856 5709 2994 5755 Colb.
3019 5710 3094 5755 ἐπὶ
3117 5711 3306 5755 πολλῶν
3331 5712 3502 5755 ἑτέοων
3527 5709 3644 5755 πολ-

2049 5714 2062 5764 i
2091 5714 2226 5765 Coib.
2251 5715 2300 5762 έν
2319 5709 2449 5776 αὐτῷ
2471 5709 2682 5776 Χριστῷ.
2709 5711 2832 5760 infra
2856 5709 2994 5761 Colb.
3019 5710 3094 5758 ἐπὶ
3117 5711 3306 5757 πολλῶν
3331 5712 3502 5772 ἐτέρων
3527 5709 3644 5756 πολ-

1981 5776 2073 5844 λοί,
2097 5773 2247 5844 _S_avil.
2275 5776 2350 5844 ἐπὶ
2371 5777 2558 5822 πολλῶν
2573 5773 2766 5844 πολλοί,
2783 5771 3054 5844 “gmina?
3077 5772 3451 5844 ézépyw’nongi.
3538 5835 3548 5844 ι
3595 5829 3638 5844 ’-

2097 5837 2350 5906 Regni?
2365 5835 2720 5906 κατωυγέντωχ
2747 5829 2793 5881 ἓν
2815 5839 2871 5906 τῇ
2901 5832 2988 5906 τοῦ
3017 5831 3140 5906 Θεοῦ
3156 5829 3355 5906 ’.ἀγάπῃ
3377 5832 3557 5882 desunt
3595 5829 3647 5876 in

1983 5897 2117 5947 Cnlb.
2149 5905 2202 5946 et
2221 5891 2286 5945 'in
2309 5897 2480 5953 Savil.,
2506 5891 2656 6004 inane
2680 5891 2860 5946 Morclf
2881 5902 3068 5948 tantum
3102 5891 3370 5944 habentur.

2047 5959 2066 6000 ι
2093 5959 2224 6009 Colb.
2250 5958 2576 6021 προσκαλῶν-ε
2597 5972 2645 6004 α.
