4032 6414
276 314 392 368 397

272 426 488 480 inducit
516 429 854 498 supplicium.
890 432 976 486 Illo
1011 447 1169 501 porro
1211 435 1551 493 incredulitas
1583 439 1780 506 paritur
1805 455 1871 493 ex

271 517 508 585 segnitie
549 518 601 572 in
638 523 990 589 exsequendis
1034 524 1314 580 mandatis.
1357 526 1488 581 Cum
1531 530 1671 583 enim
1714 532 1871 584 obse-

250 607 516 674 quentia:
543 610 877 665 securitatem
902 613 1053 666 nobis
1075 629 1388 685 comparare
1410 618 1676 685 nolumus,
1703 635 1873 688 neque

269 712 340 748 ea
375 695 549 751 facere
579 715 696 768 qua:
726 712 988 771 prtrcepta
1023 715 1145 758 sunt
1167 748 1181 772 ,
1217 692 1283 760 ut.
1306 708 1538 763 animum
1564 708 1871 764 futurorum

271 797 429 841 metu
459 788 750 843 liberemus
769 832 782 854 ,
815 794 1151 849 conscientia:
1177 812 1340 851 onere
1366 801 1565 868 gravati
1596 810 1650 855 et
1680 803 1872 870 prado-

266 881 402 944 cati,
426 882 692 949 ingentem
717 885 883 955 paratj
906 887 1151 955 supplicii
1181 899 1380 943 metum
1402 892 1632 960 abjicere
1656 894 1873 946 studen-

269 977 362 1023 tes
383 1011 399 1035 ,
434 970 486 1023 in
516 972 657 1025 aliud
683 987 780 1026 nos
808 975 1113 1031 barathrum
1147 980 1442 1048 prateipites
1468 982 1673 1050 agimus
1696 1024 1710 1047 ,
1738 983 1867 1036 dum

272 1062 563 1115 tormentis
606 1064 710 1117 illis
751 1064 908 1119 ﬁdem
952 1068 1288 1139 abrogamus.
1319 1072 1385 1124 At
1423 1073 1867 1141 quemadmodum

266 1150 333 1217 ii,
368 1152 454 1219 qui
484 1151 707 1208 ardente
729 1153 863 1208 febri
894 1165 1155 1223 tenentur,
1186 1162 1394 1216 etiamsi
1422 1163 1472 1215 in
1499 1177 1661 1231 aquas
1688 1177 1745 1218 se
1770 1164 1865 1218 fri-

264 1239 425 1308 gidas
455 1242 801 1310 conjccerint,
832 1245 1259 1313 prwfocatiouem
1289 1249 1431 1303 illam
1463 1266 1568 1304 non
1595 1253 1861 1319 amittunt,

263 1330 367 1384 sed
402 1348 597 1386 novum
625 1334 880 1403 adjiciunt
918 1337 1053 1406 ignis
1083 1339 1326 1393 ardorem
1354 1383 1367 1404 ,
1400 1342 1476 1395 sic
1516 1351 1570 1396 et
1609 1359 1702 1397 nos
1732 1359 1864 1398 con-

263 1425 515 1479 scientiae
545 1427 774 1483 stimulis
803 1429 1018 1499 agitati,
1052 1431 1102 1485 in
1135 1431 1454 1502 hyperboles
1490 1436 1732 1505 euripum
1768 1452 1864 1492 nos

256 1518 609 1589 praecipitare
634 1522 894 1591 cogimur,
921 1534 979 1577 ut
1002 1525 1178 1578 omnia
1206 1526 1257 1580 itt
1287 1536 1556 1595 posterum
1578 1529 1694 1583 sine
1718 1539 1862 1584 metu

264 1618 489 1675 peccata
534 1609 897 1667 adtnittamus.
945 1613 1059 1667 Non
1103 1614 1276 1669 solum
1322 1617 1462 1670 enim
1513 1618 1862 1685 prmseutibus

256 1698 553 1754 irascimur
582 1700 870 1768 fratribus,
899 1704 992 1758 sed
1022 1705 1181 1759 etiam
1225 1722 1344 1760 cum
1384 1706 1690 1763 absentibus
1719 1725 1859 1778 smpe

262 1792 538 1860 litigamus
561 1811 576 1850 :
601 1795 739 1863 quod
760 1811 887 1852 sane
909 1798 1133 1853 feritatis
1151 1814 1400 1854 excessus
1416 1809 1519 1855 est.
1542 1801 1608 1854 Et
1634 1801 1861 1870 majores

259 1883 482 1952 quidem
517 1888 946 1958 potentioresque
988 1891 1142 1943 nobis
1162 1930 1177 1954 ,
1208 1891 1416 1944 etiamsi
1446 1891 1656 1961 injuriis
1681 1906 1779 1946 nos
1806 1901 1861 1946 et

260 1977 606 2031 contumeliis
632 1978 883 2044 afﬁciant,
913 1996 1032 2035 cum
1061 1982 1425 2036 moderatione
1454 1998 1637 2052 magna
1670 1983 1860 2037 tolera-

260 2082 388 2121 mus
408 2084 592 2123 eorum
617 2080 759 2126 metu
781 2072 1020 2132 cohibiti.
1040 2075 1271 2143 aaquales
1293 2084 1469 2129 autem
1494 2074 1854 2142 inferioresve,

260 2176 333 2215 ne
364 2160 472 2214 hrsi
505 2162 740 2231 quidem,
760 2179 1077 2220 aversantur
1104 2176 1301 2223 tamen.
1326 2168 1553 2222 Tantum
1583 2169 1856 2224 hominum

260 2264 441 2307 metus
467 2254 665 2309 Christi
698 2257 872 2311 timori
906 2259 1180 2327 prtevalet.

337 2348 391 2399 5.
437 2345 610 2414 Ecqua
643 2347 855 2402 tandem
882 2350 1036 2405 nobis
1062 2351 1246 2406 salutis
1275 2365 1417 2421 Spes,
1450 2361 1647 2406 tantam
1679 2355 1857 2424 segni-

258 2438 417 2500 tietn,
437 2446 638 2490 tantum
655 2434 1019 2510 contemptum
1034 2442 1409 2497 exhibentibus
1424 2443 1449 2496 ’ἶ
1465 2443 1752 2512 undenam,
1772 2446 1856 2499 dic

262 2529 434 2583 mihi?
460 2532 594 2596 Quid
617 2546 799 2601 grave,
824 2532 950 2603 quid
975 2548 1261 2589 onerosum
1289 2550 1318 2588 a
1347 2536 1499 2590 nobis
1518 2537 1680 2605 exigit
1702 2536 1856 2591 Chri-

258 2623 419 2677 stus?
447 2621 523 2676 Ne
550 2624 796 2677 irascaris
817 2664 832 2691 ,
866 2624 1072 2694 inquit,
1116 2624 1267 2679 fratri
1298 2635 1387 2680 tuo
1417 2628 1533 2681 sine
1572 2642 1730 2681 causa
1759 2645 1771 2681 :
1804 2627 1854 2681 id

260 2728 428 2782 porro
448 2715 604 2785 longe
628 2714 835 2770 facilius
856 2724 961 2783 est,
981 2731 1139 2785 quam
1162 2718 1383 2772 alterum
1406 2716 1547 2772 ferre
1567 2718 1681 2771 sine
1697 2733 1853 2772 causa

259 2805 480 2859 iratum.
509 2803 582 2858 lbi
611 2805 751 2858 enim
791 2806 899 2874 jam
945 2815 1260 2875 congregata
1303 2816 1388 2861 est
1430 2806 1564 2875 ignis
1594 2807 1850 2871 materia;

257 2894 352 2948 h‘c
371 2910 496 2949 vero
522 2911 642 2949 cum
671 2896 801 2950 nihil
831 2911 1005 2950 causae
1031 2897 1217 2961 subsit,
1250 2906 1302 2951 tu
1331 2897 1444 2965 ipse
1468 2894 1736 2950 ﬂammam
1758 2911 1853 2951 ac-

254 2988 470 3043 cendis.
503 2987 687 3058 Neque
716 2991 857 3044 enim
902 3005 999 3059 par
1032 3005 1120 3045 res
1163 3000 1276 3056 est,
1311 2991 1417 3043 alio
1460 2988 1632 3044 facem
1664 2989 1851 3044 admo-

261 3089 420 3135 vente
442 3081 491 3134 id
517 3082 764 3146 tolerare,
796 3098 966 3153 neque
995 3083 1236 3150 accendi,
1266 3098 1327 3136 ac
1346 3082 1499 3135 nullo
1528 3084 1849 3147 concitante,

257 3175 562 3243 quiescere.
587 3176 860 3247 Siquidem
878 3178 968 3246 qui
992 3176 1117 3231 illud
1141 3193 1394 3246 superare
1418 3177 1604 3246 potuit,
1631 3192 1852 3231 summa!

257 3265 618 3334 pltil050phiaz
659 3266 1040 3322 documentum
1079 3265 1323 3321 exhibuit
1362 3267 1497 3336 :qui
1543 3274 1719 3320 autem
1752 3266 1852 3322 hoc

256 3359 510 3426 pnestitit
533 3399 545 3419 .
581 3358 709 3411 nihil
740 3358 1094 3411 admiratione
1138 3358 1356 3426 dignum
1387 3357 1511 3424 egit.
1557 3354 1688 3410 Cum
1722 3371 1852 3426 ergo

258 3449 407 3516 quod
436 3450 605 3520 majus
629 3459 711 3504 est
741 3461 961 3520 propter
986 3458 1184 3504 metunt
1214 3450 1488 3503 hominum
1516 3449 1846 3518 perﬁcimus,

258 3543 606 3611 quo‘dautcm
638 3544 813 3597 minus
839 3552 1053 3612 propter
1081 3543 1173 3597 Dei
1198 3544 1443 3596 timorem
1473 3550 1726 3611 praestare
1755 3556 1849 3595 nec

259 3638 475 3698 iutnus;
508 3634 776 3706 perpende
808 3645 1005 3705 quanto
1033 3633 1328 3703 supplicio,
1357 3641 1555 3703 quanto
1591 3630 1849 3686 cruciatui

261 3741 362 3780 nos
388 3727 647 3781 obnoxios
669 3727 1079 3781 constituamus.
1100 3725 1341 3781 Fratrem
1366 3739 1526 3795 porro
1546 3740 1650 3779 non
1673 3740 1852 3794 acqua-

260 3822 365 3875 lcm
389 3862 402 3881 ,
436 3837 538 3873 nott
571 3820 796 3873 liberum
825 3828 1027 3872 tantum
1069 3833 1189 3873 esse
1229 3827 1412 3888 putes,
1447 3816 1541 3872 sed
1576 3818 1734 3873 etiam
1766 3817 1849 3871 fa-

260 3912 462 3965 ntnlum
484 3928 498 3967 :
520 3909 657 3964 Nam
683 3911 735 3963 in
765 3909 966 3964 Christo
984 3909 1109 3964 Jcsu
1124 3925 1281 3978 neque
1307 3925 1476 3963 servus
1500 3925 1656 3978 neque
1678 3907 1807 3962 iiber
1828 3908 1846 3939 ί

262 4001 415 4075 (Gut.
471 4004 521 4057 5.
563 4002 632 4055 28
665 4001 716 4071 ),
753 3999 1046 4055 secundum
1070 4000 1381 4068 Apostolum
1419 4017 1430 4052 :
1469 4000 1538 4052 ita
1584 4008 1633 4052 ut
1673 3998 1715 4053 si
1766 3998 1848 4053 vel

260 4105 447 4150 contra
478 4095 701 4149 famulos
727 4094 843 4148 sine
872 4108 1031 4147 causa
1057 4092 1398 4157 ferociamus,
1424 4091 1637 4145 easdem
1662 4105 1848 4160 pinnas

261 4184 435 4239 daturi
464 4184 631 4238 simus
666 4202 678 4237 :
711 4198 832 4237 nam
865 4181 957 4236 ille
985 4195 1195 4251 quoque
1225 4180 1388 4234 frater
1417 4189 1515 4244 est,
1546 4190 1600 4234 et
1624 4195 1748 4234 vera
1781 4180 1844 4233 li-

264 4276 471 4331 bertate
499 4277 746 4340 donatus,
776 4289 899 4329 cum
932 4288 1094 4328 unum
1122 4271 1475 4339 eamdemque
1505 4270 1695 4325 habeat
1723 4269 1843 4339 Spi—

264 4369 425 4422 ritum
468 4369 510 4421 ³.
555 4368 685 4436 Quis
734 4367 913 4435 itaque
958 4364 1121 4418 vitam
1165 4362 1308 4417 omni
1348 4361 1587 4416 convicio
1625 4376 1844 4430 pttram,

265 4463 342 4514 ira
376 4458 723 4515 irrationabili
763 4467 855 4513 aut
898 4456 1040 4511 inani
1069 4469 1288 4509 vacuam
1334 4452 1590 4508 exhibere
1632 4451 1847 4520 potest?

264 4554 373 4608 Nec
403 4553 530 4608 mihi
574 4552 875 4621 quempiam
921 4550 1121 4619 alleges
1141 4589 1156 4613 ,
1185 4547 1268 4602 cui
1312 4544 1429 4600 haec
1460 4559 1582 4598 raro
1609 4542 1846 4612 contige-

263 4649 406 4712 rint,
436 4645 530 4701 sed
558 4645 647 4715 qui
689 4645 740 4698 in
781 4659 842 4699 ea
873 4656 1160 4712 numquam
1191 4637 1436 4695 inciderit
1464 4652 1477 4690 :
1510 4636 1681 4691 donec
1705 4635 1848 4689 enint

267 4740 319 4791 id
348 4738 500 4792 nobis
525 4734 847 4800 ostenderis,
869 4748 979 4788 non
1012 4733 1132 4787 ideo
1159 4746 1288 4785 sane
1317 4730 1487 4784 minas
1514 4728 1720 4782 solvere
1750 4741 1848 4795 po-
1877 4749 1884 4756 -

268 4832 394 4885 teris
432 4829 571 4896 quod
608 4828 710 4883 hoc
738 4842 842 4881 non
882 4824 1191 4894 frequenter
1215 4821 1489 4877 acciderit.
1522 4819 1729 4874 Etenim
1760 4818 1849 4886 qui

268 4924 490 4986 furatur,
522 4921 607 4974 vel
635 4919 721 4990 qui
754 4917 1043 4971 fornicatur
1065 4954 1080 4978 ,
1115 4913 1214 4967 etsi
1242 4912 1411 4965 semel
1441 4911 1493 4963 itt
1532 4911 1635 4965 hoc
1663 4924 1851 4978 pecca-

269 5031 376 5069 tum
401 5011 654 5077 incidant,
680 5026 785 5066 non
812 5011 929 5063 ideo
958 5005 1220 5077 supplicio
1245 5005 1558 5065 liberantur,
1580 5002 1721 5071 quod
1744 5017 1849 5079 non

266 5114 573 5177 frequenter
601 5104 654 5160 id
702 5101 1086 5173 perpetrarint,
1116 5096 1208 5152 sed
1253 5096 1375 5166 quia
1406 5094 1489 5150 vel
1533 5093 1696 5148 semel
1736 5092 1850 5147 ausi

267 5207 430 5267 sunt,
462 5201 769 5272 puniuntur.
800 5192 953 5261 Quod
993 5202 1168 5246 autem
1209 5199 1390 5259 postea
1429 5188 1701 5257 sequitur,
1734 5186 1848 5286 quis

270 5306 398 5355 non,
427 5290 527 5345 etsi
558 5288 788 5343 inﬁdelis
816 5288 884 5342 sit
902 5325 919 5350 ,
963 5284 1192 5337 fabulam
1216 5294 1336 5335 esse.
1361 5287 1590 5347 reputet,
1618 5293 1737 5332 cum
1770 5284 1853 5329 vi—

269 5392 390 5437 deat
415 5398 445 5435 a
467 5382 620 5436 nobis
643 5395 765 5435 cum
796 5387 937 5433 tanta
964 5375 1297 5432 vehementia
1323 5372 1547 5427 violari?
1572 5370 1702 5425 Nam
1729 5384 1850 5425 cum

335 5478 350 5505 ι
387 5472 520 5521 Plura
545 5471 729 5533 legisse
743 5470 937 5533 videtur
959 5473 1100 5517 vetus
1119 5466 1383 5533 interpres,
1400 5461 1484 5523 qui
1505 5461 1575 5510 sic
1594 5458 1772 5533 habet:
1798 5467 1853 5507 m

270 5534 456 5586 Christo
477 5530 778 5594 enimneque
801 5530 1018 5594 Judwus,
1047 5537 1201 5584 neque
1226 5532 1449 5594 graecus,
1493 5532 1645 5594 neque
1658 5532 1850 5594 servus,

272 5609 422 5657 neque
439 5594 578 5657 liber,
603 5587 755 5657 neque
769 5587 1026 5652 masculus,
1039 5599 1192 5651 neque
1214 5587 1416 5650 femina;
1431 5587 1516 5636 sed
1531 5593 1693 5631 armies
1706 5593 1852 5630 unum

271 5653 431 5710 minus
453 5656 503 5706 in
524 5653 726 5705 Christo.
989 5711 998 5715 _
1210 5705 1219 5715 ,
1277 5712 1287 5715 _
1368 5699 1428 5715 Αη
1470 5704 1481 5715 ,

338 5699 1169 5777 1"mtiliti-L-irim-t-imum,eamdemque
1204 5705 1374 5777 turbent
1389 5699 1645 5777 Spiritum,
1683 5714 1851 5777 neque

276 5785 322 5833 in
341 5780 502 5840 δεινὴ,
518 5766 692 5840 neque
708 5777 758 5825 in
773 5773 903 5827 colb.
923 5766 1124 5836 legitur,
1148 5771 1236 5822 sed
1260 5772 1309 5820 in
1332 5766 1493 5818 Morel.
1521 5772 1720 5816 tantum.

1126 322 1226 376 an:
1264 321 1807 393 conponamus,
1849 327 1941 382 AD
1971 329 2391 390 ocitcrntuu.
2437 336 2565 392 LIB.
2603 340 2648 395 t.

3450 363 3555 418 598

1980 440 2120 497 Deus
2147 443 2287 498 dicat
2315 462 2329 497 :
2364 446 2428 502 Si
2453 448 2604 513 o/fers
2629 468 2811 511 munita
2839 465 2977 511 tuum
2999 460 3067 512 ad
3093 463 3273 530 altare,
3306 476 3353 519 et
3379 470 3444 523 ibi
3473 490 3556 525 re-

1977 533 2215 587 cordatus
2239 539 2396 605 fueris
2420 541 2539 609 quia
2570 542 2725 610 frater
2752 555 2867 602 tuus
2896 549 3039 605 habet
3077 555 3272 624 aliquid
3293 560 3556 619 adversum

1978 631 2027 676 te
2048 664 2063 689 ,
2090 626 2317 695 relinque
2342 628 2411 680 ibi
2439 646 2618 685 manus
2648 644 2786 687 tuum
2815 650 2931 692 ante
2970 643 3129 698 altare
3151 687 3164 709 ,
3194 656 3240 700 ct
3265 649 3387 704 vade
3415 656 3557 722 prius

1975 718 2299 771 reconciliari
2319 721 2470 788 fratri
2500 730 2604 789 tuo,
2632 735 2679 777 et
2703 735 2822 778 tunc
2842 731 3040 785 veniens
3061 732 3188 801 o/I'er
3208 755 3389 795 munus
3413 718 3556 798 tuum

1980 805 1999 875 (
2014 804 2198 862 Matth.
2223 809 2273 862 5.
2294 810 2383 864 25.
2407 810 2512 878 24)
2534 830 2545 865 :
2569 830 2666 869 nos
2690 816 2820 871 bella
2846 830 3028 873 mutuo
3051 839 3314 895 gerentes,
3335 842 3388 886 et
3408 836 3557 888 exul-

1975 900 2136 952 cerati
2161 901 2358 967 anitno,
2385 903 2449 957 ad
2479 907 2661 961 altaria
2686 908 3009 968 accedimus.
3035 918 3109 971 Ac
3132 932 3252 974 cum
3284 922 3420 978 Deus
3443 937 3557 980 tan-

1968 997 2080 1042 tam
2108 993 2552 1052 reconciliationis
2573 1009 2768 1055 nostra:
2793 1018 2975 1059 curam
3008 1008 3215 1077 habeat,
3245 1022 3300 1067 ut
3326 1018 3557 1085 patiatur

1973 1082 2289 1138 sacriﬁcium
2308 1099 2461 1140 suum
2484 1089 2851 1158 imperfectum
2876 1098 3110 1165 manere,
3130 1112 3183 1156 et
3202 1082 3551 1164 ministerium

1968 1169 2323 1242 interrumpi,
2362 1176 2535 1232 donec
2575 1182 2844 1237 inimicitia
2886 1196 2940 1240 et
2978 1188 3053 1241 ira
3095 1191 3421 1260 deponatur,
3456 1214 3552 1253 nos

1972 1276 2083 1314 rem
2114 1263 2183 1316 ita
2210 1264 2361 1321 ﬂocci
2388 1267 2632 1339 facimus,
2667 1283 2721 1327 ut
2746 1277 2932 1344 capitis
2962 1281 3127 1335 nostri
3153 1282 3350 1340 damno
3376 1289 3554 1344 multis

1967 1353 2155 1408 diebus
2187 1358 2513 1417 inimicitiam
2552 1380 2848 1421 servemus.
2896 1369 3076 1441 Neque
3123 1375 3402 1433 iracundos
3432 1392 3550 1435 tan-

1970 1452 2078 1498 tum
2110 1447 2287 1514 plcet-it
2317 1451 2476 1517 Deus,
2499 1456 2594 1510 sed
2622 1457 2779 1513 ctiam
2804 1475 2897 1515 eos
2927 1464 3014 1532 qui
3046 1466 3342 1535 hujusntodi
3366 1474 3552 1528 morbo

1967 1537 2118 1592 liberi
2149 1539 2383 1598 offensos
2419 1546 2607 1622 fratres
2636 1551 2927 1621 negliguut.
2961 1555 3093 1623 Quia
3127 1560 3268 1614 enini
3302 1562 3547 1620 laesorum

1966 1640 2045 1681 est
2070 1629 2245 1697 irasci,
2273 1634 2316 1686 is
2341 1649 2490 1702 vero,
2512 1639 2599 1706 qui
2629 1640 2817 1708 injuria
2841 1642 3024 1709 afﬁcit,
3051 1662 3153 1701 non
3185 1649 3252 1703 ita
3277 1651 3428 1708 facile
3444 1654 3550 1712 hoc

1967 1720 2153 1774 morbo
2170 1724 2426 1791 capiatur,
2448 1726 2568 1782 ideo
2588 1728 2727 1785 hunc
2746 1731 2811 1785 ad
2834 1732 2981 1787 illum
3004 1736 3547 1802 adducit,ostcndens

1965 1826 2121 1879 poma
2146 1814 2439 1883 digniorem
2461 1833 2579 1874 esse
2602 1836 2720 1875 eunt
2748 1823 2837 1893 qui
2870 1829 3069 1894 peccati
3095 1831 3322 1886 radicem
3346 1837 3543 1903 posuit.

1964 1904 2034 1956 At
2060 1918 2157 1957 nos
2184 1921 2252 1959 ne
2281 1908 2360 1961 sic
2387 1909 2600 1976 quidem
2626 1915 2994 1981 emendamur,
3023 1918 3115 1973 sed
3140 1936 3235 1989 pro
3265 1922 3545 1980 levissimis

1962 1995 2122 2071 etiam
2140 1996 2299 2052 rebus
2313 1999 2498 2053 fratres
2512 2003 2920 2060 contristamus:
2938 2006 3128 2064 deinde
3141 2025 3203 2065 ac
3214 2012 3257 2066 si
3273 2013 3401 2068 nihil
3425 2032 3542 2070 mo-

1964 2083 2131 2139 lestia:
2145 2087 2492 2155 intulerimus,
2512 2091 2579 2144 ita
2595 2093 2924 2162 negligimus,
2942 2097 3138 2152 illatam
3154 2100 3396 2168 injuriam
3410 2105 3543 2159 obli-

1961 2174 2102 2230 vioni
2123 2175 2333 2241 damus,
2362 2178 2795 2251 inimicitiamque
2822 2186 2872 2239 in
2898 2186 3107 2256 lengum
3141 2198 3347 2257 tempus
3372 2203 3547 2249 extra-

1961 2275 2097 2321 ctam
2131 2266 2481 2337 despicimus,
2513 2272 2816 2340 ignorantes
2846 2285 2991 2329 tanto
3020 2278 3191 2346 majus
3219 2297 3313 2334 tios
3344 2285 3546 2353 suppli-

1960 2358 2100 2413 cium
2124 2360 2352 2414 inituros
2380 2376 2520 2424 esse,
2557 2374 2755 2431 quanto
2782 2367 3018 2433 pluribus
3056 2370 3241 2425 diebus
3279 2376 3544 2429 ttthtitim

1961 2450 2134 2505 locum
2176 2452 2510 2518 dederimus,
2560 2464 2614 2510 et
2666 2455 2766 2512 hoc
2810 2459 2955 2526 ipso,
3002 2470 3055 2515 et
3098 2464 3236 2530 qttod
3278 2467 3544 2522 difﬁcilior

1962 2554 2142 2611 postea
2177 2544 2234 2599 ﬁt
2258 2548 2638 2602 recoaciliatio.
2668 2549 3122 2616 Quemadmodum
3144 2556 3284 2609 enim
3310 2560 3540 2612 amicitia

1959 2633 2322 2703 obstringente
2343 2678 2358 2702 ,
2391 2638 2519 2691 nihil
2546 2638 2701 2694 facile
2727 2640 3025 2696 distrahere
3050 2683 3064 2707 ,
3100 2645 3227 2698 nihil
3255 2647 3537 2702 adversum

1959 2728 2103 2782 credi
2124 2731 2337 2797 poterit,
2358 2731 2435 2784 sic
2460 2730 2733 2787 inimicitia
2756 2735 2962 2789 animos
2990 2746 3203 2791 no~tros
3222 2752 3536 2809 occupante,

1959 2820 2134 2874 omnia
2161 2821 2330 2875 facilia
2357 2830 2410 2876 et
2432 2823 2589 2876 obvia
2623 2835 2745 2877 sunt
2777 2826 2842 2879 iis
2864 2867 2877 2889 ,
2904 2826 2993 2894 qui
3032 2829 3197 2880 rixam
3226 2845 3419 2899 augere
3449 2848 3541 2886 ve-

1959 2910 2076 2976 lint,
2109 2927 2227 2965 cum
2258 2912 2395 2966 bona
2427 2912 2644 2968 minime
2666 2955 2680 2977 ,
2712 2914 2844 2967 mala
2874 2931 2999 2968 vero
3025 2918 3193 2970 solum
3235 2919 3536 2974 credantur.

1959 2999 2256 3071 ldeojubet
2277 3042 2291 3067 ,
2323 3002 2463 3056 dono
2497 3004 2563 3056 ad
2594 2998 2761 3058 altare
2786 3005 3017 3060 ditnisso'
3039 3008 3182 3075 prius
3211 3011 3538 3065 reconciliari

1959 3090 2127 3157 fratri,
2155 3102 2211 3146 ut.
2230 3093 2519 3161 discamus,
2545 3095 2587 3148 si
2612 3095 2662 3148 itt
2687 3096 2777 3149 illo
2800 3105 3037 3165 tempore
3056 3102 3538 3157 reconciliationem

1956 3184 2170 3239 differre
2207 3201 2310 3239 non
2342 3186 2527 3252 liceat,
2567 3187 2735 3241 multo
2774 3188 2948 3242 minus
2989 3189 3148 3244 licere
3178 3192 3228 3244 in
3266 3194 3403 3247 aliis.
3434 3195 3538 3248 Nos

1956 3290 2083 3329 vero
2111 3276 2349 3347 sytnbola
2380 3277 2593 3346 quidem
2625 3292 2801 3331 rerum
2831 3288 3071 3333 tenemus
3097 3322 3109 3346 ,
3138 3298 3166 3335 a
3205 3284 3424 3336 veritate
3446 3301 3535 3336 au-

1957 3376 2061 3422 tcm
2095 3369 2205 3437 ipsa
2236 3369 2552 3431 excidimus,
2583 3369 2706 3422 dum
2739 3385 2834 3423 nos
2857 3381 2980 3424 ante
3008 3371 3128 3425 doni
3151 3373 3361 3441 quidem
3387 3376 3538 3428 obla-

1955 3459 2153 3513 tionem
2183 3468 2366 3513 mutuo
2395 3460 2786 3528 amplectimur,
2816 3459 2909 3514 sed
2940 3462 3090 3515 labiis
3124 3472 3322 3516 tantmn
3366 3473 3418 3518 et
3445 3481 3539 3520 ore

1954 3552 2006 3607 id
2034 3553 2257 3622 agimus.
2288 3556 2356 3607 At
2380 3567 2487 3607 non
2518 3553 2566 3606 id
2598 3553 2769 3606 solum
2792 3554 2903 3607 vult
2932 3554 3205 3620 Dominus,
3230 3556 3320 3609 sed
3348 3558 3538 3610 anima:

1953 3645 2112 3699 etiam
2134 3644 2371 3699 osculum
2394 3651 2449 3697 et
2475 3643 2776 3713 amplexum
2799 3642 2975 3697 cordis
2999 3645 3238 3713 proximo
3264 3645 3376 3699 dari
3399 3665 3410 3699 :
3436 3647 3538 3702 hoc

1954 3738 2100 3791 enim
2130 3752 2257 3792 vere
2300 3737 2546 3804 amplecti
2596 3736 2819 3801 dicitur;
2868 3736 2995 3789 illud
3037 3751 3162 3790 vero
3195 3740 3342 3806 quasi
3379 3754 3538 3795 scena

1953 3829 2195 3899 quaedam
2235 3839 2289 3883 et
2327 3829 2471 3883 larva
2514 3828 2735 3882 dicenda
2775 3837 2889 3894 est,
2922 3829 2989 3881 ita
3028 3829 3195 3898 utqui
3230 3830 3306 3884 sic
3333 3832 3538 3885 oscula-
3599 3860 3608 3870 -

1955 3930 2059 3987 tur,
2091 3921 2258 3989 magis
2289 3920 2455 3974 Deum
2484 3920 2654 3975 irritet
2676 3935 2837 3989 quam
2871 3919 3061 3989 placet.
3093 3920 3365 3976 Sinceram
3394 3925 3536 3978 enim

1952 4022 2008 4068 et
2034 4013 2299 4068 radicibus
2330 4014 2535 4067 ﬁrmam
2575 4012 2859 4067 amicitiam
2891 4013 3112 4082 requirit
3147 4029 3176 4068 a
3207 4016 3359 4070 nobis
3384 4058 3398 4081 ,
3430 4032 3536 4071 non

1953 4103 2091 4158 hanc
2132 4104 2284 4170 cujus
2331 4104 2563 4172 speciem
2621 4112 2671 4157 et
2716 4103 3060 4157 simulacrum
3113 4105 3378 4173 quoddam
3428 4109 3536 4161 cir~

1946 4193 2329 4257 'cumfcrimus,
2357 4194 2461 4246 vim
2505 4201 2680 4245 autem
2724 4206 2936 4245 onmem
2973 4195 3358 4255 exstinximus,
3396 4199 3536 4264 quod

1952 4295 2007 4341 ct
2048 4288 2217 4356 ipsum
2275 4284 2526 4338 iudicium
2574 4291 2657 4336 est
2709 4297 2927 4345 earum,
2969 4283 3159 4352 quibus
3205 4284 3533 4352 detinentur,

1953 4377 2310 4446 iniquitatum.
2343 4372 2480 4427 Nam
2499 4373 2737 4442 quoniam
2762 4371 3034 4425 abundavit
3061 4372 3318 4441 iniquitas,
3346 4375 3532 4443 inquit,

1951 4467 2239 4537 refrigescet
2262 4464 2446 4517 caritas
2474 4462 2743 4516 multorum
2774 4460 2999 4533 (Matth.
3033 4463 3123 4516 24.
3172 4462 3295 4534 12).
3332 4465 3395 4518 Ει
3425 4468 3536 4521 ha-c

1950 4560 2155 4630 agimus
2178 4558 2439 4623 homines,
2466 4556 2657 4626 quibus
2677 4556 2894 4609 vetitum
2921 4563 3004 4610 est.
3026 4556 3106 4610 vel
3134 4556 3311 4620 irasci,
3336 4558 3416 4612 vel
3443 4559 3539 4612 ini-

1952 4651 2120 4707 micos
2149 4650 2346 4704 habere
2378 4648 2652 4718 quospiam
2686 4663 2699 4699 :
2732 4653 2824 4701 aut
2851 4646 2894 4699 si
2927 4644 3061 4700 forte
3100 4645 3393 4701 habeamus
3416 4690 3431 4711 ,
3470 4650 3535 4702 ad

1953 4758 2114 4798 unum
2145 4750 2347 4796 tantum
2374 4739 2513 4794 diem
2540 4738 2738 4792 habere
2769 4737 3124 4805 permittintur
3159 4754 3171 4790 :
3201 4736 3314 4799 Sol,
3349 4739 3536 4805 inquit,

1953 4851 2053 4888 non
2083 4831 2277 4887 occidat
2305 4846 2456 4897 super
2482 4827 2800 4880 iracundiam
2826 4834 3038 4878 vestram
3068 4824 3299 4896 (Ep/tes.
3330 4828 3383 4880 4.
3408 4828 3477 4881 26
3496 4842 3537 4896 ).

1952 4925 2135 4994 Neque
2176 4922 2264 4976 hic
2290 4918 2668 4983 consistimus,
2708 4915 2802 4970 sed
2842 4924 2895 4969 et
2929 4915 3149 4969 insidias
3185 4917 3273 4971 alii
3314 4917 3365 4969 in
3406 4918 3541 4971 alios

1954 5015 2208 5071 struimus
2227 5052 2242 5078 ,
2275 5019 2330 5066 et
2355 5008 2531 5064 verbis
2556 5016 2610 5063 et
2634 5008 2798 5077 gestis
2827 5007 3023 5078 nostris
3057 5006 3298 5061 membra
3328 5007 3536 5075 proprie

1954 5105 2264 5161 mordentes
2280 5116 2341 5155 ac
2362 5100 2682 5154 devorantes
2706 5114 2719 5150 :
2744 5074 2884 5164 qudd
2906 5096 3088 5166 utique
3102 5105 3299 5165 aperta:
3322 5095 3540 5149 insanize

1946 5202 2053 5254 ‘est.
2086 5195 2294 5251 Etenim
2341 5190 2659 5247 insanabiles
2702 5189 3064 5243 daemoniacos
3103 5196 3157 5242 et
3186 5186 3410 5240 furiosos
3441 5174 3541 5240 hoc

1959 5290 2183 5345 maxime
2211 5287 2364 5355 signo
2389 5281 2767 5352 diguoscimus.
2806 5278 2943 5345 Quid
2969 5286 3146 5344 autem
3172 5277 3379 5343 de‘lege
3398 5277 3537 5330 circa

1954 5378 2341 5443 adversarium,
2365 5377 2505 5431 circa
2532 5373 2857 5444 illi-gitimam
2884 5367 3388 5439 concupiscentiam,
3416 5383 3541 5421 oena

1957 5473 2035 5527 los
2056 5468 2372 5539 impudicos,
2392 5465 2678 5520 amicitiam
2699 5460 3112 5517 irrationabilem
3134 5467 3189 5513 et
3207 5459 3538 5524 damnosam,

1955 5562 2226 5621 dicemus?
2254 5560 2453 5614 Oculus
2480 5558 2621 5612 enim
2661 5555 2851 5610 dexter
2885 5561 2940 5608 et
2979 5566 3167 5605 manus
3209 5550 3396 5605 dextra
3436 5566 3544 5605 non

1955 5657 2095 5713 aliud
2124 5636 2274 5710 nobis
2305 5652 2641 5708 subindicant
2661 5690 2675 5713 ,
2707 5663 2864 5718 quam
2896 5661 2990 5701 eos
3016 5645 3105 5713 qui
3135 5645 3332 5700 damno
3358 5653 3540 5698 nostro

1947 5763 2059 5805 .nos
2079 5754 2279 5803 amant.
2306 5744 2410 5801 Lex
2435 5757 2563 5799 vero
2587 5740 2654 5797 de
2675 5736 2960 5818 repudiatis
2983 5736 3256 5804 uxoribus,
3278 5750 3305 5788 a
3331 5734 3542 5805 quibus-
