  <div class='ocr_page' id='page_1' title='image "/cluster/home/n/w/nwhite01/storage/ocr_20150623/47:no.1:pt.1/coo.31924054869460/363.png"; bbox 0 0 4032 6420; ppageno 0'>
   <div class='ocr_carea' id='block_1_1' title="bbox 494 319 596 374">
    <p class='ocr_par' dir='ltr' id='par_1_1' title="bbox 494 319 596 374">
     <span class='ocr_line' id='line_1_1' title="bbox 494 319 596 374; baseline 0 0"><span class='ocrx_word' id='word_1_1' title='bbox 494 319 596 374; x_wconf 69' lang='grc' dir='ltr'><strong>δ’)ει</strong></span> 
     </span>
    </p>
   </div>
   <div class='ocr_carea' id='block_1_2' title="bbox 497 420 2087 493">
    <p class='ocr_par' dir='ltr' id='par_1_2' title="bbox 497 420 2087 493">
     <span class='ocr_line' id='line_1_2' title="bbox 497 420 2087 493; baseline -0.009 -5"><span class='ocrx_word' id='word_1_2' title='bbox 497 447 619 488; x_wconf 90' lang='lat' dir='ltr'><strong>nam</strong></span> <span class='ocrx_word' id='word_1_3' title='bbox 665 448 771 486; x_wconf 90' lang='lat' dir='ltr'><strong>non</strong></span> <span class='ocrx_word' id='word_1_4' title='bbox 835 433 1032 487; x_wconf 86' lang='lat' dir='ltr'><strong>violata</strong></span> <span class='ocrx_word' id='word_1_5' title='bbox 1087 438 1141 483; x_wconf 88' lang='lat' dir='ltr'><strong>et</strong></span> <span class='ocrx_word' id='word_1_6' title='bbox 1192 428 1514 483; x_wconf 92' lang='lat' dir='ltr'><strong>conculcata</strong></span> <span class='ocrx_word' id='word_1_7' title='bbox 1566 424 1880 493; x_wconf 88' lang='lat' dir='ltr'><strong>frequenter</strong></span> <span class='ocrx_word' id='word_1_8' title='bbox 1932 420 2087 475; x_wconf 82' lang='lat' dir='ltr'><strong>fuit?</strong></span> 
     </span>
    </p>
   </div>
   <div class='ocr_carea' id='block_1_3' title="bbox 554 505 2085 591">
    <p class='ocr_par' dir='ltr' id='par_1_3' title="bbox 554 505 2085 591">
     <span class='ocr_line' id='line_1_3' title="bbox 554 505 2085 591; baseline -0.013 -11"><span class='ocrx_word' id='word_1_9' title='bbox 554 526 624 579; x_wconf 71' lang='grc'><strong>’4.</strong></span> <span class='ocrx_word' id='word_1_10' title='bbox 664 521 796 579; x_wconf 81' lang='lat' dir='ltr'><strong>Nam</strong></span> <span class='ocrx_word' id='word_1_11' title='bbox 828 523 971 591; x_wconf 82' lang='lat' dir='ltr'><strong>leges</strong></span> <span class='ocrx_word' id='word_1_12' title='bbox 996 520 1063 574; x_wconf 92' lang='lat' dir='ltr'><strong>de</strong></span> <span class='ocrx_word' id='word_1_13' title='bbox 1092 531 1197 573; x_wconf 88' lang='lat' dir='ltr'><strong>non</strong></span> <span class='ocrx_word' id='word_1_14' title='bbox 1230 514 1460 587; x_wconf 77' lang='lat' dir='ltr'><strong>iurando</strong></span> <span class='ocrx_word' id='word_1_15' title='bbox 1486 511 1745 568; x_wconf 90' lang='lat' dir='ltr'><strong>erubesco</strong></span> <span class='ocrx_word' id='word_1_16' title='bbox 1764 507 2005 580; x_wconf 90' lang='lat' dir='ltr'><strong>proferre</strong></span> <span class='ocrx_word' id='word_1_17' title='bbox 2031 505 2085 560; x_wconf 91' lang='lat' dir='ltr'><strong>in</strong></span> 
     </span>
    </p>
   </div>
   <div class='ocr_carea' id='block_1_4' title="bbox 500 592 2083 681">
    <p class='ocr_par' dir='ltr' id='par_1_4' title="bbox 500 592 2083 681">
     <span class='ocr_line' id='line_1_4' title="bbox 500 592 2083 681; baseline -0.013 -9"><span class='ocrx_word' id='word_1_18' title='bbox 500 615 758 681; x_wconf 90' lang='lat' dir='ltr'><strong>medium,</strong></span> <span class='ocrx_word' id='word_1_19' title='bbox 785 629 888 667; x_wconf 93' lang='lat' dir='ltr'><strong>non</strong></span> <span class='ocrx_word' id='word_1_20' title='bbox 909 611 1084 666; x_wconf 87' lang='lat' dir='ltr'><strong>solum</strong></span> <span class='ocrx_word' id='word_1_21' title='bbox 1106 609 1175 663; x_wconf 91' lang='lat' dir='ltr'><strong>ob</strong></span> <span class='ocrx_word' id='word_1_22' title='bbox 1197 608 1523 678; x_wconf 88' lang='lat' dir='ltr'><strong>juramenta,</strong></span> <span class='ocrx_word' id='word_1_23' title='bbox 1551 603 1646 660; x_wconf 90' lang='lat' dir='ltr'><strong>sed</strong></span> <span class='ocrx_word' id='word_1_24' title='bbox 1676 602 1836 657; x_wconf 90' lang='lat' dir='ltr'><strong>etiam</strong></span> <span class='ocrx_word' id='word_1_25' title='bbox 1866 599 1936 655; x_wconf 88' lang='lat' dir='ltr'><strong>ob</strong></span> <span class='ocrx_word' id='word_1_26' title='bbox 1962 592 2083 669; x_wconf 81' lang='lat' dir='ltr'><strong>pcr-</strong></span> 
     </span>
    </p>
   </div>
   <div class='ocr_carea' id='block_1_5' title="bbox 496 690 2085 779">
    <p class='ocr_par' dir='ltr' id='par_1_5' title="bbox 496 690 2085 779">
     <span class='ocr_line' id='line_1_5' title="bbox 496 690 2085 779; baseline -0.012 -17"><span class='ocrx_word' id='word_1_27' title='bbox 496 708 631 779; x_wconf 86' lang='lat' dir='ltr'><strong>jnria</strong></span> <span class='ocrx_word' id='word_1_28' title='bbox 658 703 980 774; x_wconf 91' lang='lat' dir='ltr'><strong>frequentia.</strong></span> <span class='ocrx_word' id='word_1_29' title='bbox 1014 702 1224 757; x_wconf 83' lang='lat' dir='ltr'><strong>Etenim</strong></span> <span class='ocrx_word' id='word_1_30' title='bbox 1261 699 1308 755; x_wconf 93' lang='lat' dir='ltr'><strong>si</strong></span> <span class='ocrx_word' id='word_1_31' title='bbox 1335 698 1538 770; x_wconf 90' lang='lat' dir='ltr'><strong>jurare,</strong></span> <span class='ocrx_word' id='word_1_32' title='bbox 1570 694 1671 751; x_wconf 91' lang='lat' dir='ltr'><strong>etsi</strong></span> <span class='ocrx_word' id='word_1_33' title='bbox 1698 708 1847 757; x_wconf 91' lang='lat' dir='ltr'><strong>vere,</strong></span> <span class='ocrx_word' id='word_1_34' title='bbox 1880 690 2085 745; x_wconf 86' lang='lat' dir='ltr'><strong>crimen</strong></span> 
     </span>
    </p>
   </div>
   <div class='ocr_carea' id='block_1_6' title="bbox 498 784 2087 867">
    <p class='ocr_par' dir='ltr' id='par_1_6' title="bbox 498 784 2087 867">
     <span class='ocr_line' id='line_1_6' title="bbox 498 784 2087 867; baseline -0.011 -14"><span class='ocrx_word' id='word_1_35' title='bbox 498 806 600 865; x_wconf 91' lang='lat' dir='ltr'><strong>est,</strong></span> <span class='ocrx_word' id='word_1_36' title='bbox 638 807 695 853; x_wconf 88' lang='lat' dir='ltr'><strong>et</strong></span> <span class='ocrx_word' id='word_1_37' title='bbox 730 795 981 867; x_wconf 67' lang='lat' dir='ltr'><strong>praecepti</strong></span> <span class='ocrx_word' id='word_1_38' title='bbox 1024 792 1415 864; x_wconf 58' lang='lat' dir='ltr'><strong>praevaricatio,</strong></span> <span class='ocrx_word' id='word_1_39' title='bbox 1457 787 1747 859; x_wconf 86' lang='lat' dir='ltr'><strong>perjurium</strong></span> <span class='ocrx_word' id='word_1_40' title='bbox 1791 784 1881 840; x_wconf 92' lang='lat' dir='ltr'><strong>ubi</strong></span> <span class='ocrx_word' id='word_1_41' title='bbox 1921 796 2087 854; x_wconf 88' lang='lat' dir='ltr'><strong>pone-</strong></span> 
     </span>
    </p>
   </div>
   <div class='ocr_carea' id='block_1_7' title="bbox 498 874 2083 959">
    <p class='ocr_par' dir='ltr' id='par_1_7' title="bbox 498 874 2083 959">
     <span class='ocr_line' id='line_1_7' title="bbox 498 874 2083 959; baseline -0.011 -14"><span class='ocrx_word' id='word_1_42' title='bbox 498 890 659 945; x_wconf 83' lang='lat' dir='ltr'><strong>mus?</strong></span> <span class='ocrx_word' id='word_1_43' title='bbox 688 891 754 945; x_wconf 87' lang='lat' dir='ltr'><strong>Et</strong></span> <span class='ocrx_word' id='word_1_44' title='bbox 773 890 817 943; x_wconf 91' lang='lat' dir='ltr'><strong>si</strong></span> <span class='ocrx_word' id='word_1_45' title='bbox 848 888 902 944; x_wconf 91' lang='lat' dir='ltr'><strong>id</strong></span> <span class='ocrx_word' id='word_1_46' title='bbox 924 886 1067 959; x_wconf 89' lang='lat' dir='ltr'><strong>quod</strong></span> <span class='ocrx_word' id='word_1_47' title='bbox 1092 895 1164 941; x_wconf 82' lang='lat' dir='ltr'><strong>est</strong></span> <span class='ocrx_word' id='word_1_48' title='bbox 1192 894 1244 942; x_wconf 91' lang='lat' dir='ltr'><strong>et</strong></span> <span class='ocrx_word' id='word_1_49' title='bbox 1273 901 1375 939; x_wconf 90' lang='lat' dir='ltr'><strong>non</strong></span> <span class='ocrx_word' id='word_1_50' title='bbox 1395 881 1606 938; x_wconf 82' lang='lat' dir='ltr'><strong>excedit</strong></span> <span class='ocrx_word' id='word_1_51' title='bbox 1637 878 1849 951; x_wconf 78' lang='lat' dir='ltr'><strong>(Matth.</strong></span> <span class='ocrx_word' id='word_1_52' title='bbox 1880 877 1934 932; x_wconf 87' lang='lat'><strong>5.</strong></span> <span class='ocrx_word' id='word_1_53' title='bbox 1965 874 2083 944; x_wconf 84' lang='lat'><strong>&#39;57).</strong></span> 
     </span>
    </p>
   </div>
   <div class='ocr_carea' id='block_1_8' title="bbox 497 966 2085 1050">
    <p class='ocr_par' dir='ltr' id='par_1_8' title="bbox 497 966 2085 1050">
     <span class='ocr_line' id='line_1_8' title="bbox 497 966 2085 1050; baseline -0.009 -14"><span class='ocrx_word' id='word_1_54' title='bbox 497 998 528 1036; x_wconf 83' lang='lat' dir='ltr'><strong>a</strong></span> <span class='ocrx_word' id='word_1_55' title='bbox 556 981 700 1036; x_wconf 87' lang='lat' dir='ltr'><strong>malo</strong></span> <span class='ocrx_word' id='word_1_56' title='bbox 734 988 836 1043; x_wconf 90' lang='lat' dir='ltr'><strong>est,</strong></span> <span class='ocrx_word' id='word_1_57' title='bbox 868 978 1008 1050; x_wconf 92' lang='lat' dir='ltr'><strong>quod</strong></span> <span class='ocrx_word' id='word_1_58' title='bbox 1036 978 1137 1033; x_wconf 93' lang='lat' dir='ltr'><strong>hoc</strong></span> <span class='ocrx_word' id='word_1_59' title='bbox 1157 975 1316 1031; x_wconf 91' lang='lat' dir='ltr'><strong>etiam</strong></span> <span class='ocrx_word' id='word_1_60' title='bbox 1346 979 1653 1043; x_wconf 75' lang='lat' dir='ltr'><strong>exsuperat,</strong></span> <span class='ocrx_word' id='word_1_61' title='bbox 1679 986 1710 1024; x_wconf 90' lang='lat' dir='ltr'><strong>a</strong></span> <span class='ocrx_word' id='word_1_62' title='bbox 1735 984 1840 1039; x_wconf 92' lang='lat' dir='ltr'><strong>quo</strong></span> <span class='ocrx_word' id='word_1_63' title='bbox 1872 966 2085 1023; x_wconf 82' lang='lat' dir='ltr'><strong>tandem</strong></span> 
     </span>
    </p>
   </div>
   <div class='ocr_carea' id='block_1_9' title="bbox 495 1061 2088 1137">
    <p class='ocr_par' dir='ltr' id='par_1_9' title="bbox 495 1061 2088 1137">
     <span class='ocr_line' id='line_1_9' title="bbox 495 1061 2088 1137; baseline -0.009 -10"><span class='ocrx_word' id='word_1_64' title='bbox 495 1072 637 1127; x_wconf 86' lang='lat' dir='ltr'><strong>erit?</strong></span> <span class='ocrx_word' id='word_1_65' title='bbox 660 1070 862 1126; x_wconf 91' lang='lat' dir='ltr'><strong>Deinde</strong></span> <span class='ocrx_word' id='word_1_66' title='bbox 889 1084 1019 1126; x_wconf 90' lang='lat' dir='ltr'><strong>vero</strong></span> <span class='ocrx_word' id='word_1_67' title='bbox 1056 1069 1131 1123; x_wconf 90' lang='lat' dir='ltr'><strong>ait</strong></span> <span class='ocrx_word' id='word_1_68' title='bbox 1156 1084 1173 1125; x_wconf 90' lang='lat'><strong>:</strong></span> <span class='ocrx_word' id='word_1_69' title='bbox 1205 1067 1265 1123; x_wconf 92' lang='lat' dir='ltr'><strong>Si</strong></span> <span class='ocrx_word' id='word_1_70' title='bbox 1290 1067 1400 1137; x_wconf 85' lang='lat' dir='ltr'><strong>quis</strong></span> <span class='ocrx_word' id='word_1_71' title='bbox 1426 1075 1472 1119; x_wconf 86' lang='lat' dir='ltr'><strong>te</strong></span> <span class='ocrx_word' id='word_1_72' title='bbox 1509 1062 1803 1136; x_wconf 74' lang='lat' dir='ltr'><strong>percusserit</strong></span> <span class='ocrx_word' id='word_1_73' title='bbox 1828 1061 1881 1116; x_wconf 91' lang='lat' dir='ltr'><strong>in</strong></span> <span class='ocrx_word' id='word_1_74' title='bbox 1912 1061 2088 1115; x_wconf 77' lang='lat' dir='ltr'><strong>dexte-</strong></span> 
     </span>
    </p>
   </div>
   <div class='ocr_carea' id='block_1_10' title="bbox 496 1152 2088 1227">
    <p class='ocr_par' dir='ltr' id='par_1_10' title="bbox 496 1152 2088 1227">
     <span class='ocr_line' id='line_1_10' title="bbox 496 1152 2088 1227; baseline -0.009 -9"><span class='ocrx_word' id='word_1_75' title='bbox 496 1181 610 1220; x_wconf 77' lang='lat' dir='ltr'><strong>ram</strong></span> <span class='ocrx_word' id='word_1_76' title='bbox 655 1162 942 1227; x_wconf 74' lang='lat' dir='ltr'><strong>maxillam,</strong></span> <span class='ocrx_word' id='word_1_77' title='bbox 985 1169 1216 1216; x_wconf 82' lang='lat' dir='ltr'><strong>conuerte</strong></span> <span class='ocrx_word' id='word_1_78' title='bbox 1241 1160 1321 1214; x_wconf 89' lang='lat' dir='ltr'><strong>illi</strong></span> <span class='ocrx_word' id='word_1_79' title='bbox 1360 1168 1407 1213; x_wconf 91' lang='lat' dir='ltr'><strong>et</strong></span> <span class='ocrx_word' id='word_1_80' title='bbox 1435 1155 1688 1211; x_wconf 86' lang='lat' dir='ltr'><strong>alteram:</strong></span> <span class='ocrx_word' id='word_1_81' title='bbox 1716 1163 1764 1208; x_wconf 89' lang='lat' dir='ltr'><strong>et</strong></span> <span class='ocrx_word' id='word_1_82' title='bbox 1801 1154 1845 1209; x_wconf 89' lang='lat' dir='ltr'><strong>ei</strong></span> <span class='ocrx_word' id='word_1_83' title='bbox 1873 1152 2088 1224; x_wconf 76' lang='lat' dir='ltr'><strong>quivult</strong></span> 
     </span>
    </p>
   </div>
   <div class='ocr_carea' id='block_1_11' title="bbox 496 1244 2086 1327">
    <p class='ocr_par' dir='ltr' id='par_1_11' title="bbox 496 1244 2086 1327">
     <span class='ocr_line' id='line_1_11' title="bbox 496 1244 2086 1327; baseline -0.008 -18"><span class='ocrx_word' id='word_1_84' title='bbox 496 1265 660 1310; x_wconf 81' lang='lat' dir='ltr'><strong>tecum</strong></span> <span class='ocrx_word' id='word_1_85' title='bbox 677 1256 875 1327; x_wconf 83' lang='lat' dir='ltr'><strong>judicio</strong></span> <span class='ocrx_word' id='word_1_86' title='bbox 902 1254 1221 1319; x_wconf 81' lang='lat' dir='ltr'><strong>contendere,</strong></span> <span class='ocrx_word' id='word_1_87' title='bbox 1252 1262 1299 1307; x_wconf 88' lang='lat' dir='ltr'><strong>et</strong></span> <span class='ocrx_word' id='word_1_88' title='bbox 1339 1250 1564 1303; x_wconf 81' lang='lat' dir='ltr'><strong>tunicam</strong></span> <span class='ocrx_word' id='word_1_89' title='bbox 1603 1258 1745 1301; x_wconf 83' lang='lat' dir='ltr'><strong>tuam</strong></span> <span class='ocrx_word' id='word_1_90' title='bbox 1773 1246 1964 1308; x_wconf 81' lang='lat' dir='ltr'><strong>tollere,</strong></span> <span class='ocrx_word' id='word_1_91' title='bbox 2008 1244 2086 1297; x_wconf 87' lang='lat' dir='ltr'><strong>di-</strong></span> 
     </span>
    </p>
   </div>
   <div class='ocr_carea' id='block_1_12' title="bbox 495 1336 2089 1414">
    <p class='ocr_par' dir='ltr' id='par_1_12' title="bbox 495 1336 2089 1414">
     <span class='ocr_line' id='line_1_12' title="bbox 495 1336 2089 1414; baseline -0.006 -14"><span class='ocrx_word' id='word_1_92' title='bbox 495 1350 637 1402; x_wconf 88' lang='lat' dir='ltr'><strong>mitte</strong></span> <span class='ocrx_word' id='word_1_93' title='bbox 664 1350 709 1401; x_wconf 88' lang='lat' dir='ltr'><strong>ei</strong></span> <span class='ocrx_word' id='word_1_94' title='bbox 736 1357 783 1401; x_wconf 92' lang='lat' dir='ltr'><strong>et</strong></span> <span class='ocrx_word' id='word_1_95' title='bbox 824 1346 1037 1414; x_wconf 81' lang='lat' dir='ltr'><strong>pallium</strong></span> <span class='ocrx_word' id='word_1_96' title='bbox 1064 1361 1083 1399; x_wconf 91' lang='lat'><strong><em>:</em></strong></span> <span class='ocrx_word' id='word_1_97' title='bbox 1106 1354 1151 1398; x_wconf 90' lang='lat' dir='ltr'><strong>et</strong></span> <span class='ocrx_word' id='word_1_98' title='bbox 1181 1344 1479 1414; x_wconf 82' lang='lat' dir='ltr'><strong>quicumque</strong></span> <span class='ocrx_word' id='word_1_99' title='bbox 1516 1349 1563 1393; x_wconf 91' lang='lat' dir='ltr'><strong>te</strong></span> <span class='ocrx_word' id='word_1_100' title='bbox 1590 1337 1926 1410; x_wconf 83' lang='lat' dir='ltr'><strong>angariaverit</strong></span> <span class='ocrx_word' id='word_1_101' title='bbox 1951 1336 2089 1390; x_wconf 82' lang='lat' dir='ltr'><strong>mille</strong></span> 
     </span>
    </p>
   </div>
   <div class='ocr_carea' id='block_1_13' title="bbox 497 1430 2089 1510">
    <p class='ocr_par' dir='ltr' id='par_1_13' title="bbox 497 1430 2089 1510">
     <span class='ocr_line' id='line_1_13' title="bbox 497 1430 2089 1510; baseline -0.007 -18"><span class='ocrx_word' id='word_1_102' title='bbox 497 1457 696 1510; x_wconf 81' lang='lat' dir='ltr'><strong>passus,</strong></span> <span class='ocrx_word' id='word_1_103' title='bbox 725 1439 850 1492; x_wconf 78' lang='lat' dir='ltr'><strong>unde</strong></span> <span class='ocrx_word' id='word_1_104' title='bbox 871 1454 984 1492; x_wconf 90' lang='lat' dir='ltr'><strong>cum</strong></span> <span class='ocrx_word' id='word_1_105' title='bbox 1011 1436 1100 1492; x_wconf 84' lang='lat' dir='ltr'><strong>illo</strong></span> <span class='ocrx_word' id='word_1_106' title='bbox 1122 1446 1168 1490; x_wconf 87' lang='lat' dir='ltr'><strong>et</strong></span> <span class='ocrx_word' id='word_1_107' title='bbox 1196 1436 1321 1495; x_wconf 85' lang='lat' dir='ltr'><strong>duo.</strong></span> <span class='ocrx_word' id='word_1_108' title='bbox 1354 1434 1455 1502; x_wconf 83' lang='lat' dir='ltr'><strong>Qui</strong></span> <span class='ocrx_word' id='word_1_109' title='bbox 1479 1434 1603 1504; x_wconf 81' lang='lat' dir='ltr'><strong>petit</strong></span> <span class='ocrx_word' id='word_1_110' title='bbox 1622 1448 1655 1485; x_wconf 90' lang='lat' dir='ltr'><strong>a</strong></span> <span class='ocrx_word' id='word_1_111' title='bbox 1683 1441 1748 1496; x_wconf 85' lang='lat' dir='ltr'><strong>te,</strong></span> <span class='ocrx_word' id='word_1_112' title='bbox 1777 1430 1846 1484; x_wconf 88' lang='lat' dir='ltr'><strong>da</strong></span> <span class='ocrx_word' id='word_1_113' title='bbox 1870 1430 1914 1483; x_wconf 89' lang='lat' dir='ltr'><strong>ei</strong></span> <span class='ocrx_word' id='word_1_114' title='bbox 1939 1443 1959 1483; x_wconf 90' lang='lat'><strong><em>:</em></strong></span> <span class='ocrx_word' id='word_1_115' title='bbox 1983 1438 2031 1483; x_wconf 88' lang='lat' dir='ltr'><strong>et</strong></span> <span class='ocrx_word' id='word_1_116' title='bbox 2056 1444 2089 1481; x_wconf 90' lang='lat' dir='ltr'><strong>a</strong></span> 
     </span>
    </p>
   </div>
   <div class='ocr_carea' id='block_1_14' title="bbox 496 1522 2083 1600">
    <p class='ocr_par' dir='ltr' id='par_1_14' title="bbox 496 1522 2083 1600">
     <span class='ocr_line' id='line_1_14' title="bbox 496 1522 2083 1600; baseline -0.007 -13"><span class='ocrx_word' id='word_1_117' title='bbox 496 1535 691 1588; x_wconf 79' lang='lat' dir='ltr'><strong>uolente</strong></span> <span class='ocrx_word' id='word_1_118' title='bbox 720 1532 941 1586; x_wconf 87' lang='lat' dir='ltr'><strong>mutuari</strong></span> <span class='ocrx_word' id='word_1_119' title='bbox 968 1549 1000 1585; x_wconf 90' lang='lat' dir='ltr'><strong>a</strong></span> <span class='ocrx_word' id='word_1_120' title='bbox 1029 1540 1095 1594; x_wconf 85' lang='lat' dir='ltr'><strong>te,</strong></span> <span class='ocrx_word' id='word_1_121' title='bbox 1126 1547 1188 1584; x_wconf 88' lang='lat' dir='ltr'><strong>ne</strong></span> <span class='ocrx_word' id='word_1_122' title='bbox 1227 1527 1472 1583; x_wconf 77' lang='lat' dir='ltr'><strong>averteris</strong></span> <span class='ocrx_word' id='word_1_123' title='bbox 1504 1525 1718 1600; x_wconf 74' lang='lat' dir='ltr'><strong>(Matth.</strong></span> <span class='ocrx_word' id='word_1_124' title='bbox 1746 1525 1801 1580; x_wconf 84' lang='lat'><strong>5.</strong></span> <span class='ocrx_word' id='word_1_125' title='bbox 1834 1523 1924 1580; x_wconf 74' lang='lat'><strong>59.</strong></span> <span class='ocrx_word' id='word_1_126' title='bbox 1969 1522 2083 1593; x_wconf 76' lang='grc'><strong>42).</strong></span> 
     </span>
    </p>
   </div>
   <div class='ocr_carea' id='block_1_15' title="bbox 496 1613 2088 1692">
    <p class='ocr_par' dir='ltr' id='par_1_15' title="bbox 496 1613 2088 1692">
     <span class='ocr_line' id='line_1_15' title="bbox 496 1613 2088 1692; baseline -0.008 -13"><span class='ocrx_word' id='word_1_127' title='bbox 496 1625 633 1692; x_wconf 83' lang='lat' dir='ltr'><strong>Quid</strong></span> <span class='ocrx_word' id='word_1_128' title='bbox 664 1625 729 1677; x_wconf 89' lang='lat' dir='ltr'><strong>ad</strong></span> <span class='ocrx_word' id='word_1_129' title='bbox 762 1624 877 1677; x_wconf 76' lang='lat' dir='ltr'><strong>lucc</strong></span> <span class='ocrx_word' id='word_1_130' title='bbox 920 1622 1024 1677; x_wconf 85' lang='lat' dir='ltr'><strong>dici</strong></span> <span class='ocrx_word' id='word_1_131' title='bbox 1064 1619 1284 1692; x_wconf 87' lang='lat' dir='ltr'><strong>potest?</strong></span> <span class='ocrx_word' id='word_1_132' title='bbox 1310 1619 1414 1674; x_wconf 85' lang='lat' dir='ltr'><strong>Pro</strong></span> <span class='ocrx_word' id='word_1_133' title='bbox 1456 1617 1683 1688; x_wconf 84' lang='lat' dir='ltr'><strong>singulis</strong></span> <span class='ocrx_word' id='word_1_134' title='bbox 1721 1615 1866 1673; x_wconf 91' lang='lat' dir='ltr'><strong>enim</strong></span> <span class='ocrx_word' id='word_1_135' title='bbox 1910 1613 2088 1684; x_wconf 87' lang='lat' dir='ltr'><strong>hujus-</strong></span> 
     </span>
    </p>
   </div>
   <div class='ocr_carea' id='block_1_16' title="bbox 497 1702 2089 1777">
    <p class='ocr_par' dir='ltr' id='par_1_16' title="bbox 497 1702 2089 1777">
     <span class='ocr_line' id='line_1_16' title="bbox 497 1702 2089 1777; baseline -0.007 -8"><span class='ocrx_word' id='word_1_136' title='bbox 497 1715 639 1769; x_wconf 84' lang='lat' dir='ltr'><strong>modi</strong></span> <span class='ocrx_word' id='word_1_137' title='bbox 677 1715 832 1769; x_wconf 86' lang='lat' dir='ltr'><strong>dictis</strong></span> <span class='ocrx_word' id='word_1_138' title='bbox 868 1721 1037 1769; x_wconf 87' lang='lat' dir='ltr'><strong>restat</strong></span> <span class='ocrx_word' id='word_1_139' title='bbox 1062 1712 1236 1767; x_wconf 90' lang='lat' dir='ltr'><strong>solum</strong></span> <span class='ocrx_word' id='word_1_140' title='bbox 1280 1719 1338 1766; x_wconf 92' lang='lat' dir='ltr'><strong>ut</strong></span> <span class='ocrx_word' id='word_1_141' title='bbox 1363 1710 1609 1774; x_wconf 85' lang='lat' dir='ltr'><strong>fleamus,</strong></span> <span class='ocrx_word' id='word_1_142' title='bbox 1647 1715 1704 1763; x_wconf 90' lang='lat' dir='ltr'><strong>et</strong></span> <span class='ocrx_word' id='word_1_143' title='bbox 1744 1705 1949 1777; x_wconf 91' lang='lat' dir='ltr'><strong>pudore</strong></span> <span class='ocrx_word' id='word_1_144' title='bbox 1977 1702 2089 1760; x_wconf 93' lang='lat' dir='ltr'><strong>suf-</strong></span> 
     </span>
    </p>
   </div>
   <div class='ocr_carea' id='block_1_17' title="bbox 497 1798 2089 1872">
    <p class='ocr_par' dir='ltr' id='par_1_17' title="bbox 497 1798 2089 1872">
     <span class='ocr_line' id='line_1_17' title="bbox 497 1798 2089 1872; baseline -0.009 -11"><span class='ocrx_word' id='word_1_145' title='bbox 497 1807 784 1862; x_wconf 87' lang='lat' dir='ltr'><strong>fundamur</strong></span> <span class='ocrx_word' id='word_1_146' title='bbox 815 1823 829 1859; x_wconf 92' lang='lat'><strong>:</strong></span> <span class='ocrx_word' id='word_1_147' title='bbox 861 1805 935 1859; x_wconf 92' lang='lat' dir='ltr'><strong>ita</strong></span> <span class='ocrx_word' id='word_1_148' title='bbox 964 1819 1029 1858; x_wconf 90' lang='lat' dir='ltr'><strong>ex</strong></span> <span class='ocrx_word' id='word_1_149' title='bbox 1055 1803 1320 1857; x_wconf 81' lang='lat' dir='ltr'><strong>diametro</strong></span> <span class='ocrx_word' id='word_1_150' title='bbox 1357 1801 1658 1872; x_wconf 89' lang='lat' dir='ltr'><strong>oppositam</strong></span> <span class='ocrx_word' id='word_1_151' title='bbox 1697 1798 1838 1853; x_wconf 88' lang='lat' dir='ltr'><strong>viam</strong></span> <span class='ocrx_word' id='word_1_152' title='bbox 1882 1804 2089 1852; x_wconf 84' lang='lat' dir='ltr'><strong>sectan-</strong></span> 
     </span>
    </p>
   </div>
   <div class='ocr_carea' id='block_1_18' title="bbox 494 1890 2088 1965">
    <p class='ocr_par' dir='ltr' id='par_1_18' title="bbox 494 1890 2088 1965">
     <span class='ocr_line' id='line_1_18' title="bbox 494 1890 2088 1965; baseline -0.005 -14"><span class='ocrx_word' id='word_1_153' title='bbox 494 1907 594 1962; x_wconf 86' lang='lat' dir='ltr'><strong>tes,</strong></span> <span class='ocrx_word' id='word_1_154' title='bbox 635 1896 873 1965; x_wconf 88' lang='lat' dir='ltr'><strong>jndieiis,</strong></span> <span class='ocrx_word' id='word_1_155' title='bbox 920 1895 1131 1965; x_wconf 81' lang='lat' dir='ltr'><strong>pugnis,</strong></span> <span class='ocrx_word' id='word_1_156' title='bbox 1178 1893 1360 1948; x_wconf 87' lang='lat' dir='ltr'><strong>litibus</strong></span> <span class='ocrx_word' id='word_1_157' title='bbox 1409 1900 1464 1947; x_wconf 91' lang='lat' dir='ltr'><strong>et</strong></span> <span class='ocrx_word' id='word_1_158' title='bbox 1507 1890 1642 1945; x_wconf 90' lang='lat' dir='ltr'><strong>rixis</strong></span> <span class='ocrx_word' id='word_1_159' title='bbox 1681 1904 1840 1944; x_wconf 92' lang='lat' dir='ltr'><strong>omne</strong></span> <span class='ocrx_word' id='word_1_160' title='bbox 1879 1896 2088 1958; x_wconf 87' lang='lat' dir='ltr'><strong>tempus</strong></span> 
     </span>
    </p>
   </div>
   <div class='ocr_carea' id='block_1_19' title="bbox 497 1983 2090 2055">
    <p class='ocr_par' dir='ltr' id='par_1_19' title="bbox 497 1983 2090 2055">
     <span class='ocr_line' id='line_1_19' title="bbox 497 1983 2090 2055; baseline -0.006 -12"><span class='ocrx_word' id='word_1_161' title='bbox 497 1991 851 2050; x_wconf 83' lang='lat' dir='ltr'><strong>insumentes,</strong></span> <span class='ocrx_word' id='word_1_162' title='bbox 890 2004 958 2042; x_wconf 91' lang='lat' dir='ltr'><strong>ne</strong></span> <span class='ocrx_word' id='word_1_163' title='bbox 984 1986 1260 2041; x_wconf 89' lang='lat' dir='ltr'><strong>minimam</strong></span> <span class='ocrx_word' id='word_1_164' title='bbox 1288 1983 1501 2055; x_wconf 88' lang='lat' dir='ltr'><strong>quidem</strong></span> <span class='ocrx_word' id='word_1_165' title='bbox 1526 1991 1618 2037; x_wconf 90' lang='lat' dir='ltr'><strong>aut</strong></span> <span class='ocrx_word' id='word_1_166' title='bbox 1645 1996 1822 2038; x_wconf 89' lang='lat' dir='ltr'><strong>rerum</strong></span> <span class='ocrx_word' id='word_1_167' title='bbox 1850 1990 1944 2035; x_wconf 91' lang='lat' dir='ltr'><strong>aut</strong></span> <span class='ocrx_word' id='word_1_168' title='bbox 1969 1994 2090 2034; x_wconf 86' lang='lat' dir='ltr'><strong>ver-</strong></span> 
     </span>
    </p>
   </div>
   <div class='ocr_carea' id='block_1_20' title="bbox 496 2061 2087 2143">
    <p class='ocr_par' dir='ltr' id='par_1_20' title="bbox 496 2061 2087 2143">
     <span class='ocr_line' id='line_1_20' title="bbox 496 2061 2087 2143; baseline -0.005 -8"><span class='ocrx_word' id='word_1_169' title='bbox 496 2082 685 2135; x_wconf 89' lang='lat' dir='ltr'><strong>borum</strong></span> <span class='ocrx_word' id='word_1_170' title='bbox 727 2078 1032 2133; x_wconf 85' lang='lat' dir='ltr'><strong>molestiam</strong></span> <span class='ocrx_word' id='word_1_171' title='bbox 1068 2077 1386 2143; x_wconf 87' lang='lat' dir='ltr'><strong>toleramus,</strong></span> <span class='ocrx_word' id='word_1_172' title='bbox 1431 2073 1525 2130; x_wconf 89' lang='lat' dir='ltr'><strong>sed</strong></span> <span class='ocrx_word' id='word_1_173' title='bbox 1557 2072 1641 2128; x_wconf 90' lang='lat' dir='ltr'><strong>vel</strong></span> <span class='ocrx_word' id='word_1_174' title='bbox 1679 2086 1777 2140; x_wconf 83' lang='lat' dir='ltr'><strong>pro</strong></span> <span class='ocrx_word' id='word_1_175' title='bbox 1803 2061 2087 2128; x_wconf 75' lang='lat' dir='ltr'><strong>levissimis</strong></span> 
     </span>
    </p>
   </div>
   <div class='ocr_carea' id='block_1_21' title="bbox 495 2169 807 2226">
    <p class='ocr_par' dir='ltr' id='par_1_21' title="bbox 495 2169 807 2226">
     <span class='ocr_line' id='line_1_21' title="bbox 495 2169 807 2226; baseline -0.006 -2"><span class='ocrx_word' id='word_1_176' title='bbox 495 2169 807 2226; x_wconf 90' lang='lat' dir='ltr'><strong>ferocimus.</strong></span> 
     </span>
    </p>
   </div>
   <div class='ocr_carea' id='block_1_22' title="bbox 566 2254 2087 2332">
    <p class='ocr_par' dir='ltr' id='par_1_22' title="bbox 566 2254 2087 2332">
     <span class='ocr_line' id='line_1_22' title="bbox 566 2254 2087 2332; baseline -0.004 -17"><span class='ocrx_word' id='word_1_177' title='bbox 566 2259 895 2332; x_wconf 67' lang='lat' dir='ltr'><strong>Evangelia:</strong></span> <span class='ocrx_word' id='word_1_178' title='bbox 942 2259 1060 2314; x_wconf 63' lang='lat' dir='ltr'><strong>vitae</strong></span> <span class='ocrx_word' id='word_1_179' title='bbox 1100 2256 1359 2328; x_wconf 79' lang='lat' dir='ltr'><strong>perfectio.</strong></span> <span class='ocrx_word' id='word_1_180' title='bbox 1397 2284 1471 2298; x_wconf 88' lang='lat'>—</span> <span class='ocrx_word' id='word_1_181' title='bbox 1511 2254 1663 2322; x_wconf 85' lang='lat' dir='ltr'><strong>Quod</strong></span> <span class='ocrx_word' id='word_1_182' title='bbox 1709 2254 1755 2310; x_wconf 90' lang='lat' dir='ltr'><strong>si</strong></span> <span class='ocrx_word' id='word_1_183' title='bbox 1807 2254 2087 2326; x_wconf 83' lang='lat' dir='ltr'><strong>quospiam</strong></span> 
     </span>
    </p>
   </div>
   <div class='ocr_carea' id='block_1_23' title="bbox 494 2348 2089 2423">
    <p class='ocr_par' dir='ltr' id='par_1_23' title="bbox 494 2348 2089 2423">
     <span class='ocr_line' id='line_1_23' title="bbox 494 2348 2089 2423; baseline -0.002 -16"><span class='ocrx_word' id='word_1_184' title='bbox 494 2352 736 2423; x_wconf 84' lang='lat' dir='ltr'><strong>proferre</strong></span> <span class='ocrx_word' id='word_1_185' title='bbox 767 2351 962 2423; x_wconf 88' lang='lat' dir='ltr'><strong>possis,</strong></span> <span class='ocrx_word' id='word_1_186' title='bbox 1009 2349 1100 2420; x_wconf 89' lang='lat' dir='ltr'><strong>qui</strong></span> <span class='ocrx_word' id='word_1_187' title='bbox 1155 2348 1321 2403; x_wconf 90' lang='lat' dir='ltr'><strong>multa</strong></span> <span class='ocrx_word' id='word_1_188' title='bbox 1361 2348 1685 2419; x_wconf 89' lang='lat' dir='ltr'><strong>pauperibus</strong></span> <span class='ocrx_word' id='word_1_189' title='bbox 1711 2349 2003 2418; x_wconf 87' lang='lat' dir='ltr'><strong>erogarint,</strong></span> <span class='ocrx_word' id='word_1_190' title='bbox 2032 2356 2089 2404; x_wconf 88' lang='lat' dir='ltr'><strong>et</strong></span> 
     </span>
    </p>
   </div>
   <div class='ocr_carea' id='block_1_24' title="bbox 496 2439 2084 2514">
    <p class='ocr_par' dir='ltr' id='par_1_24' title="bbox 496 2439 2084 2514">
     <span class='ocr_line' id='line_1_24' title="bbox 496 2439 2084 2514; baseline -0.002 -18"><span class='ocrx_word' id='word_1_191' title='bbox 496 2454 679 2514; x_wconf 89' lang='lat' dir='ltr'><strong>postea</strong></span> <span class='ocrx_word' id='word_1_192' title='bbox 726 2441 1054 2514; x_wconf 82' lang='lat' dir='ltr'><strong>paupertatis</strong></span> <span class='ocrx_word' id='word_1_193' title='bbox 1099 2454 1260 2495; x_wconf 89' lang='lat' dir='ltr'><strong>causa</strong></span> <span class='ocrx_word' id='word_1_194' title='bbox 1308 2439 1361 2494; x_wconf 92' lang='lat' dir='ltr'><strong>in</strong></span> <span class='ocrx_word' id='word_1_195' title='bbox 1406 2448 1769 2511; x_wconf 78' lang='lat' dir='ltr'><strong>contemptum</strong></span> <span class='ocrx_word' id='word_1_196' title='bbox 1820 2440 2084 2505; x_wconf 76' lang='lat' dir='ltr'><strong>venerint,</strong></span> 
     </span>
    </p>
   </div>
   <div class='ocr_carea' id='block_1_25' title="bbox 494 2529 2086 2603">
    <p class='ocr_par' dir='ltr' id='par_1_25' title="bbox 494 2529 2086 2603">
     <span class='ocr_line' id='line_1_25' title="bbox 494 2529 2086 2603; baseline -0.002 -16"><span class='ocrx_word' id='word_1_197' title='bbox 494 2536 881 2603; x_wconf 86' lang='lat' dir='ltr'><strong>innumeraquc</strong></span> <span class='ocrx_word' id='word_1_198' title='bbox 907 2532 1044 2586; x_wconf 91' lang='lat' dir='ltr'><strong>mala</strong></span> <span class='ocrx_word' id='word_1_199' title='bbox 1077 2529 1320 2601; x_wconf 85' lang='lat' dir='ltr'><strong>perpessi</strong></span> <span class='ocrx_word' id='word_1_200' title='bbox 1355 2529 1482 2598; x_wconf 92' lang='lat' dir='ltr'><strong>sint,</strong></span> <span class='ocrx_word' id='word_1_201' title='bbox 1515 2545 1714 2601; x_wconf 89' lang='lat' dir='ltr'><strong>paucos</strong></span> <span class='ocrx_word' id='word_1_202' title='bbox 1754 2531 2086 2587; x_wconf 85' lang='lat' dir='ltr'><strong>rarissimos-</strong></span> 
     </span>
    </p>
   </div>
   <div class='ocr_carea' id='block_1_26' title="bbox 491 2621 2087 2695">
    <p class='ocr_par' dir='ltr' id='par_1_26' title="bbox 491 2621 2087 2695">
     <span class='ocr_line' id='line_1_26' title="bbox 491 2621 2087 2695; baseline 0.001 -18"><span class='ocrx_word' id='word_1_203' title='bbox 491 2640 597 2695; x_wconf 89' lang='lat' dir='ltr'><strong>que</strong></span> <span class='ocrx_word' id='word_1_204' title='bbox 634 2625 768 2679; x_wconf 90' lang='lat' dir='ltr'><strong>tales</strong></span> <span class='ocrx_word' id='word_1_205' title='bbox 810 2622 1155 2687; x_wconf 83' lang='lat' dir='ltr'><strong>numerabis;</strong></span> <span class='ocrx_word' id='word_1_206' title='bbox 1192 2629 1424 2676; x_wconf 90' lang='lat' dir='ltr'><strong>attamen</strong></span> <span class='ocrx_word' id='word_1_207' title='bbox 1474 2621 1698 2689; x_wconf 90' lang='lat' dir='ltr'><strong>nullum,</strong></span> <span class='ocrx_word' id='word_1_208' title='bbox 1738 2623 1951 2692; x_wconf 89' lang='lat' dir='ltr'><strong>qualem</strong></span> <span class='ocrx_word' id='word_1_209' title='bbox 2000 2623 2087 2678; x_wconf 89' lang='lat' dir='ltr'><strong>hic</strong></span> 
     </span>
    </p>
   </div>
   <div class='ocr_carea' id='block_1_27' title="bbox 491 2711 2083 2786">
    <p class='ocr_par' dir='ltr' id='par_1_27' title="bbox 491 2711 2083 2786">
     <span class='ocr_line' id='line_1_27' title="bbox 491 2711 2083 2786; baseline -0.004 -14"><span class='ocrx_word' id='word_1_210' title='bbox 491 2716 865 2782; x_wconf 86' lang='lat' dir='ltr'><strong>describimus,</strong></span> <span class='ocrx_word' id='word_1_211' title='bbox 889 2713 1267 2786; x_wconf 82' lang='lat' dir='ltr'><strong>philosophum</strong></span> <span class='ocrx_word' id='word_1_212' title='bbox 1294 2711 1544 2768; x_wconf 84' lang='lat' dir='ltr'><strong>ostendes</strong></span> <span class='ocrx_word' id='word_1_213' title='bbox 1572 2730 1587 2767; x_wconf 90' lang='lat'><strong>:</strong></span> <span class='ocrx_word' id='word_1_214' title='bbox 1613 2713 1729 2768; x_wconf 81' lang='lat' dir='ltr'><strong>haec</strong></span> <span class='ocrx_word' id='word_1_215' title='bbox 1757 2714 1952 2783; x_wconf 88' lang='lat' dir='ltr'><strong>quippe</strong></span> <span class='ocrx_word' id='word_1_216' title='bbox 1979 2714 2083 2767; x_wconf 86' lang='lat' dir='ltr'><strong>vita</strong></span> 
     </span>
    </p>
   </div>
   <div class='ocr_carea' id='block_1_28' title="bbox 493 2803 2085 2879">
    <p class='ocr_par' dir='ltr' id='par_1_28' title="bbox 493 2803 2085 2879">
     <span class='ocr_line' id='line_1_28' title="bbox 493 2803 2085 2879; baseline -0.004 -17"><span class='ocrx_word' id='word_1_217' title='bbox 493 2810 649 2879; x_wconf 81' lang='lat' dir='ltr'><strong>longe</strong></span> <span class='ocrx_word' id='word_1_218' title='bbox 689 2806 857 2877; x_wconf 88' lang='lat' dir='ltr'><strong>magis</strong></span> <span class='ocrx_word' id='word_1_219' title='bbox 894 2821 1052 2876; x_wconf 87' lang='lat' dir='ltr'><strong>quam</strong></span> <span class='ocrx_word' id='word_1_220' title='bbox 1101 2806 1189 2860; x_wconf 90' lang='lat' dir='ltr'><strong>illa</strong></span> <span class='ocrx_word' id='word_1_221' title='bbox 1225 2804 1517 2875; x_wconf 81' lang='lat' dir='ltr'><strong>Spiritualis</strong></span> <span class='ocrx_word' id='word_1_222' title='bbox 1561 2812 1666 2860; x_wconf 88' lang='lat' dir='ltr'><strong>est.</strong></span> <span class='ocrx_word' id='word_1_223' title='bbox 1717 2803 1901 2873; x_wconf 88' lang='lat' dir='ltr'><strong>Neque</strong></span> <span class='ocrx_word' id='word_1_224' title='bbox 1940 2804 2085 2858; x_wconf 90' lang='lat' dir='ltr'><strong>enim</strong></span> 
     </span>
    </p>
   </div>
   <div class='ocr_carea' id='block_1_29' title="bbox 491 2894 2083 2969">
    <p class='ocr_par' dir='ltr' id='par_1_29' title="bbox 491 2894 2083 2969">
     <span class='ocr_line' id='line_1_29' title="bbox 491 2894 2083 2969; baseline -0.005 -14"><span class='ocrx_word' id='word_1_225' title='bbox 491 2899 698 2969; x_wconf 73' lang='lat' dir='ltr'><strong>aequale</strong></span> <span class='ocrx_word' id='word_1_226' title='bbox 727 2905 812 2951; x_wconf 92' lang='lat' dir='ltr'><strong>est</strong></span> <span class='ocrx_word' id='word_1_227' title='bbox 853 2905 1042 2966; x_wconf 89' lang='lat' dir='ltr'><strong>sponte</strong></span> <span class='ocrx_word' id='word_1_228' title='bbox 1080 2895 1280 2965; x_wconf 86' lang='lat' dir='ltr'><strong>largiri,</strong></span> <span class='ocrx_word' id='word_1_229' title='bbox 1309 2903 1363 2949; x_wconf 93' lang='lat' dir='ltr'><strong>et</strong></span> <span class='ocrx_word' id='word_1_230' title='bbox 1388 2895 1635 2950; x_wconf 91' lang='lat' dir='ltr'><strong>omnibus</strong></span> <span class='ocrx_word' id='word_1_231' title='bbox 1671 2894 1955 2963; x_wconf 89' lang='lat' dir='ltr'><strong>spoliatum</strong></span> <span class='ocrx_word' id='word_1_232' title='bbox 1986 2909 2083 2963; x_wconf 85' lang='lat' dir='ltr'><strong>pa-</strong></span> 
     </span>
    </p>
   </div>
   <div class='ocr_carea' id='block_1_30' title="bbox 496 2985 2084 3056">
    <p class='ocr_par' dir='ltr' id='par_1_30' title="bbox 496 2985 2084 3056">
     <span class='ocr_line' id='line_1_30' title="bbox 496 2985 2084 3056; baseline -0.001 -13"><span class='ocrx_word' id='word_1_233' title='bbox 496 2990 691 3044; x_wconf 90' lang='lat' dir='ltr'><strong>tienter</strong></span> <span class='ocrx_word' id='word_1_234' title='bbox 715 2988 875 3042; x_wconf 85' lang='lat' dir='ltr'><strong>ferre.</strong></span> <span class='ocrx_word' id='word_1_235' title='bbox 908 2986 1105 3056; x_wconf 86' lang='lat' dir='ltr'><strong>Ecquid</strong></span> <span class='ocrx_word' id='word_1_236' title='bbox 1134 2986 1254 3041; x_wconf 88' lang='lat' dir='ltr'><strong>dico</strong></span> <span class='ocrx_word' id='word_1_237' title='bbox 1294 2985 1471 3043; x_wconf 86' lang='lat' dir='ltr'><strong>ferre?</strong></span> <span class='ocrx_word' id='word_1_238' title='bbox 1502 3001 1624 3040; x_wconf 90' lang='lat' dir='ltr'><strong>nam</strong></span> <span class='ocrx_word' id='word_1_239' title='bbox 1650 2985 1793 3055; x_wconf 86' lang='lat' dir='ltr'><strong>quod</strong></span> <span class='ocrx_word' id='word_1_240' title='bbox 1835 2985 2084 3041; x_wconf 90' lang='lat' dir='ltr'><strong>Christus</strong></span> 
     </span>
    </p>
   </div>
   <div class='ocr_carea' id='block_1_31' title="bbox 492 3076 2084 3149">
    <p class='ocr_par' dir='ltr' id='par_1_31' title="bbox 492 3076 2084 3149">
     <span class='ocr_line' id='line_1_31' title="bbox 492 3076 2084 3149; baseline -0.001 -15"><span class='ocrx_word' id='word_1_241' title='bbox 492 3080 625 3135; x_wconf 83' lang='lat' dir='ltr'><strong>dixit</strong></span> <span class='ocrx_word' id='word_1_242' title='bbox 644 3079 744 3134; x_wconf 87' lang='lat' dir='ltr'><strong>hoc</strong></span> <span class='ocrx_word' id='word_1_243' title='bbox 769 3079 924 3149; x_wconf 84' lang='lat' dir='ltr'><strong>longe</strong></span> <span class='ocrx_word' id='word_1_244' title='bbox 955 3078 1294 3148; x_wconf 75' lang='lat' dir='ltr'><strong>prmstantius</strong></span> <span class='ocrx_word' id='word_1_245' title='bbox 1320 3086 1440 3133; x_wconf 90' lang='lat' dir='ltr'><strong>est:</strong></span> <span class='ocrx_word' id='word_1_246' title='bbox 1472 3076 1732 3148; x_wconf 88' lang='lat' dir='ltr'><strong>siquidem</strong></span> <span class='ocrx_word' id='word_1_247' title='bbox 1764 3092 1943 3133; x_wconf 89' lang='lat' dir='ltr'><strong>sermo</strong></span> <span class='ocrx_word' id='word_1_248' title='bbox 1969 3078 2084 3147; x_wconf 89' lang='lat' dir='ltr'><strong>ejus</strong></span> 
     </span>
    </p>
   </div>
   <div class='ocr_carea' id='block_1_32' title="bbox 493 3168 2092 3239">
    <p class='ocr_par' dir='ltr' id='par_1_32' title="bbox 493 3168 2092 3239">
     <span class='ocr_line' id='line_1_32' title="bbox 493 3168 2092 3239; baseline -0.002 -12"><span class='ocrx_word' id='word_1_249' title='bbox 493 3173 743 3227; x_wconf 83' lang='lat' dir='ltr'><strong>laesorum</strong></span> <span class='ocrx_word' id='word_1_250' title='bbox 774 3171 983 3227; x_wconf 88' lang='lat' dir='ltr'><strong>animos</strong></span> <span class='ocrx_word' id='word_1_251' title='bbox 1022 3170 1092 3225; x_wconf 91' lang='lat' dir='ltr'><strong>ab</strong></span> <span class='ocrx_word' id='word_1_252' title='bbox 1119 3170 1195 3224; x_wconf 90' lang='lat' dir='ltr'><strong>ira</strong></span> <span class='ocrx_word' id='word_1_253' title='bbox 1238 3178 1425 3226; x_wconf 88' lang='lat' dir='ltr'><strong>contra</strong></span> <span class='ocrx_word' id='word_1_254' title='bbox 1452 3168 1713 3224; x_wconf 72' lang='lat' dir='ltr'><strong>laedentes</strong></span> <span class='ocrx_word' id='word_1_255' title='bbox 1741 3183 1913 3239; x_wconf 87' lang='lat' dir='ltr'><strong>usque</strong></span> <span class='ocrx_word' id='word_1_256' title='bbox 1946 3168 2092 3224; x_wconf 81' lang='lat' dir='ltr'><strong>adeo</strong></span> 
     </span>
    </p>
   </div>
   <div class='ocr_carea' id='block_1_33' title="bbox 489 3261 2081 3335">
    <p class='ocr_par' dir='ltr' id='par_1_33' title="bbox 489 3261 2081 3335">
     <span class='ocr_line' id='line_1_33' title="bbox 489 3261 2081 3335; baseline -0.001 -18"><span class='ocrx_word' id='word_1_257' title='bbox 489 3264 705 3328; x_wconf 81' lang='lat' dir='ltr'><strong>avertit,</strong></span> <span class='ocrx_word' id='word_1_258' title='bbox 750 3271 807 3335; x_wconf 88' lang='lat' dir='ltr'><strong>ut</strong></span> <span class='ocrx_word' id='word_1_259' title='bbox 835 3278 940 3318; x_wconf 92' lang='lat' dir='ltr'><strong>non</strong></span> <span class='ocrx_word' id='word_1_260' title='bbox 987 3261 1146 3317; x_wconf 88' lang='lat' dir='ltr'><strong>modo</strong></span> <span class='ocrx_word' id='word_1_261' title='bbox 1173 3261 1243 3317; x_wconf 89' lang='lat' dir='ltr'><strong>de</strong></span> <span class='ocrx_word' id='word_1_262' title='bbox 1274 3262 1440 3331; x_wconf 87' lang='lat' dir='ltr'><strong>raptis</strong></span> <span class='ocrx_word' id='word_1_263' title='bbox 1480 3261 1737 3331; x_wconf 91' lang='lat' dir='ltr'><strong>conqueri</strong></span> <span class='ocrx_word' id='word_1_264' title='bbox 1767 3276 1871 3315; x_wconf 92' lang='lat' dir='ltr'><strong>non</strong></span> <span class='ocrx_word' id='word_1_265' title='bbox 1917 3261 2081 3327; x_wconf 87' lang='lat' dir='ltr'><strong>sinat,</strong></span> 
     </span>
    </p>
   </div>
   <div class='ocr_carea' id='block_1_34' title="bbox 491 3351 2080 3425">
    <p class='ocr_par' dir='ltr' id='par_1_34' title="bbox 491 3351 2080 3425">
     <span class='ocr_line' id='line_1_34' title="bbox 491 3351 2080 3425; baseline -0.004 -13"><span class='ocrx_word' id='word_1_266' title='bbox 491 3356 586 3413; x_wconf 90' lang='lat' dir='ltr'><strong>sed</strong></span> <span class='ocrx_word' id='word_1_267' title='bbox 609 3357 769 3412; x_wconf 89' lang='lat' dir='ltr'><strong>etiam</strong></span> <span class='ocrx_word' id='word_1_268' title='bbox 792 3371 876 3419; x_wconf 90' lang='lat' dir='ltr'><strong>ea,</strong></span> <span class='ocrx_word' id='word_1_269' title='bbox 907 3370 1029 3425; x_wconf 65' lang='lat' dir='ltr'><strong>quae</strong></span> <span class='ocrx_word' id='word_1_270' title='bbox 1058 3354 1240 3409; x_wconf 89' lang='lat' dir='ltr'><strong>relicta</strong></span> <span class='ocrx_word' id='word_1_271' title='bbox 1270 3361 1416 3419; x_wconf 89' lang='lat' dir='ltr'><strong>sunt,</strong></span> <span class='ocrx_word' id='word_1_272' title='bbox 1445 3362 1639 3422; x_wconf 89' lang='lat' dir='ltr'><strong>sponte</strong></span> <span class='ocrx_word' id='word_1_273' title='bbox 1664 3351 1860 3408; x_wconf 70' lang='lat' dir='ltr'><strong>offerre</strong></span> <span class='ocrx_word' id='word_1_274' title='bbox 1874 3352 2080 3423; x_wconf 89' lang='lat' dir='ltr'><strong>jubeat,</strong></span> 
     </span>
    </p>
   </div>
   <div class='ocr_carea' id='block_1_35' title="bbox 490 3440 2083 3517">
    <p class='ocr_par' dir='ltr' id='par_1_35' title="bbox 490 3440 2083 3517">
     <span class='ocr_line' id='line_1_35' title="bbox 490 3440 2083 3517; baseline -0.003 -13"><span class='ocrx_word' id='word_1_275' title='bbox 490 3458 546 3504; x_wconf 91' lang='lat' dir='ltr'><strong>et</strong></span> <span class='ocrx_word' id='word_1_276' title='bbox 579 3447 836 3517; x_wconf 85' lang='lat' dir='ltr'><strong>majorem</strong></span> <span class='ocrx_word' id='word_1_277' title='bbox 880 3446 946 3501; x_wconf 93' lang='lat' dir='ltr'><strong>ad</strong></span> <span class='ocrx_word' id='word_1_278' title='bbox 988 3445 1127 3499; x_wconf 91' lang='lat' dir='ltr'><strong>mala</strong></span> <span class='ocrx_word' id='word_1_279' title='bbox 1173 3443 1388 3499; x_wconf 85' lang='lat' dir='ltr'><strong>ferenda</strong></span> <span class='ocrx_word' id='word_1_280' title='bbox 1429 3440 1759 3499; x_wconf 87' lang='lat' dir='ltr'><strong>alacritatem</strong></span> <span class='ocrx_word' id='word_1_281' title='bbox 1804 3445 2083 3513; x_wconf 81' lang='lat' dir='ltr'><strong>exhibere,</strong></span> 
     </span>
    </p>
   </div>
   <div class='ocr_carea' id='block_1_36' title="bbox 494 3534 2131 3608">
    <p class='ocr_par' dir='ltr' id='par_1_36' title="bbox 494 3534 2131 3608">
     <span class='ocr_line' id='line_1_36' title="bbox 494 3534 2131 3608; baseline -0.002 -15"><span class='ocrx_word' id='word_1_282' title='bbox 494 3556 652 3608; x_wconf 85' lang='lat' dir='ltr'><strong>quam</strong></span> <span class='ocrx_word' id='word_1_283' title='bbox 684 3539 757 3591; x_wconf 88' lang='lat' dir='ltr'><strong>illi</strong></span> <span class='ocrx_word' id='word_1_284' title='bbox 783 3537 849 3591; x_wconf 89' lang='lat' dir='ltr'><strong>ad</strong></span> <span class='ocrx_word' id='word_1_285' title='bbox 881 3536 1157 3592; x_wconf 87' lang='lat' dir='ltr'><strong>inferenda</strong></span> <span class='ocrx_word' id='word_1_286' title='bbox 1185 3534 1469 3591; x_wconf 86' lang='lat' dir='ltr'><strong>insaniam.</strong></span> <span class='ocrx_word' id='word_1_287' title='bbox 1494 3534 1627 3589; x_wconf 87' lang='lat' dir='ltr'><strong>Nam</strong></span> <span class='ocrx_word' id='word_1_288' title='bbox 1653 3548 1774 3590; x_wconf 88' lang='lat' dir='ltr'><strong>cum</strong></span> <span class='ocrx_word' id='word_1_289' title='bbox 1803 3536 1849 3590; x_wconf 90' lang='lat' dir='ltr'><strong>is</strong></span> <span class='ocrx_word' id='word_1_290' title='bbox 1868 3536 1960 3606; x_wconf 93' lang='lat' dir='ltr'><strong>qui</strong></span> <span class='ocrx_word' id='word_1_291' title='bbox 1988 3536 2085 3590; x_wconf 64' lang='grc' dir='ltr'><strong>ιω-</strong></span> <span class='ocrx_word' id='word_1_292' title='bbox 2127 3548 2131 3551; x_wconf 90' lang='grc'><strong>·</strong></span> 
     </span>
    </p>
   </div>
   <div class='ocr_carea' id='block_1_37' title="bbox 496 3628 2085 3700">
    <p class='ocr_par' dir='ltr' id='par_1_37' title="bbox 496 3628 2085 3700">
     <span class='ocr_line' id='line_1_37' title="bbox 496 3628 2085 3700; baseline -0.003 -13"><span class='ocrx_word' id='word_1_293' title='bbox 496 3634 627 3689; x_wconf 91' lang='lat' dir='ltr'><strong>dere</strong></span> <span class='ocrx_word' id='word_1_294' title='bbox 652 3633 784 3700; x_wconf 86' lang='lat' dir='ltr'><strong>vult,</strong></span> <span class='ocrx_word' id='word_1_295' title='bbox 826 3646 947 3686; x_wconf 90' lang='lat' dir='ltr'><strong>eum</strong></span> <span class='ocrx_word' id='word_1_296' title='bbox 974 3647 1133 3700; x_wconf 83' lang='lat' dir='ltr'><strong>quem</strong></span> <span class='ocrx_word' id='word_1_297' title='bbox 1166 3629 1309 3684; x_wconf 82' lang='lat' dir='ltr'><strong>laedit</strong></span> <span class='ocrx_word' id='word_1_298' title='bbox 1337 3629 1660 3700; x_wconf 87' lang='lat' dir='ltr'><strong>paratiorem</strong></span> <span class='ocrx_word' id='word_1_299' title='bbox 1684 3628 1750 3683; x_wconf 90' lang='lat' dir='ltr'><strong>ad</strong></span> <span class='ocrx_word' id='word_1_300' title='bbox 1776 3629 2085 3699; x_wconf 91' lang='lat' dir='ltr'><strong>patiendum</strong></span> 
     </span>
    </p>
   </div>
   <div class='ocr_carea' id='block_1_38' title="bbox 495 3720 2088 3794">
    <p class='ocr_par' dir='ltr' id='par_1_38' title="bbox 495 3720 2088 3794">
     <span class='ocr_line' id='line_1_38' title="bbox 495 3720 2088 3794; baseline -0.003 -15"><span class='ocrx_word' id='word_1_301' title='bbox 495 3724 717 3789; x_wconf 85' lang='lat' dir='ltr'><strong>invenit,</strong></span> <span class='ocrx_word' id='word_1_302' title='bbox 764 3738 925 3794; x_wconf 82' lang='lat' dir='ltr'><strong>quant</strong></span> <span class='ocrx_word' id='word_1_303' title='bbox 971 3722 1061 3777; x_wconf 90' lang='lat' dir='ltr'><strong>ille</strong></span> <span class='ocrx_word' id='word_1_304' title='bbox 1104 3720 1369 3787; x_wconf 90' lang='lat' dir='ltr'><strong>voluerat,</strong></span> <span class='ocrx_word' id='word_1_305' title='bbox 1417 3727 1473 3775; x_wconf 92' lang='lat' dir='ltr'><strong>et</strong></span> <span class='ocrx_word' id='word_1_306' title='bbox 1520 3729 1803 3791; x_wconf 89' lang='lat' dir='ltr'><strong>postquam</strong></span> <span class='ocrx_word' id='word_1_307' title='bbox 1843 3720 2088 3791; x_wconf 84' lang='lat' dir='ltr'><strong>implevit</strong></span> 
     </span>
    </p>
   </div>
   <div class='ocr_carea' id='block_1_39' title="bbox 432 3811 2084 3884">
    <p class='ocr_par' dir='ltr' id='par_1_39' title="bbox 432 3811 2084 3884">
     <span class='ocr_line' id='line_1_39' title="bbox 432 3811 2084 3884; baseline -0.005 -10"><span class='ocrx_word' id='word_1_308' title='bbox 432 3858 451 3874; x_wconf 93' lang='lat'><strong>.</strong></span> <span class='ocrx_word' id='word_1_309' title='bbox 494 3814 984 3884; x_wconf 85' lang='lat' dir='ltr'><strong>concupiscentiam</strong></span> <span class='ocrx_word' id='word_1_310' title='bbox 1011 3827 1184 3877; x_wconf 88' lang='lat' dir='ltr'><strong>suam,</strong></span> <span class='ocrx_word' id='word_1_311' title='bbox 1212 3826 1334 3865; x_wconf 92' lang='lat' dir='ltr'><strong>eum</strong></span> <span class='ocrx_word' id='word_1_312' title='bbox 1360 3825 1519 3881; x_wconf 92' lang='lat' dir='ltr'><strong>quem</strong></span> <span class='ocrx_word' id='word_1_313' title='bbox 1556 3811 1788 3877; x_wconf 63' lang='lat' dir='ltr'><strong>laeserat,</strong></span> <span class='ocrx_word' id='word_1_314' title='bbox 1816 3826 1884 3867; x_wconf 88' lang='lat' dir='ltr'><strong>ex</strong></span> <span class='ocrx_word' id='word_1_315' title='bbox 1912 3812 2084 3867; x_wconf 86' lang='lat' dir='ltr'><strong>abun-</strong></span> 
     </span>
    </p>
   </div>
   <div class='ocr_carea' id='block_1_40' title="bbox 495 3901 2087 3974">
    <p class='ocr_par' dir='ltr' id='par_1_40' title="bbox 495 3901 2087 3974">
     <span class='ocr_line' id='line_1_40' title="bbox 495 3901 2087 3974; baseline -0.001 -14"><span class='ocrx_word' id='word_1_316' title='bbox 495 3907 643 3960; x_wconf 87' lang='lat' dir='ltr'><strong>danti</strong></span> <span class='ocrx_word' id='word_1_317' title='bbox 685 3905 831 3959; x_wconf 88' lang='lat' dir='ltr'><strong>videt</strong></span> <span class='ocrx_word' id='word_1_318' title='bbox 873 3903 940 3959; x_wconf 87' lang='lat' dir='ltr'><strong>ad</strong></span> <span class='ocrx_word' id='word_1_319' title='bbox 982 3903 1085 3956; x_wconf 90' lang='lat' dir='ltr'><strong>alia</strong></span> <span class='ocrx_word' id='word_1_320' title='bbox 1131 3901 1380 3972; x_wconf 87' lang='lat' dir='ltr'><strong>patienda</strong></span> <span class='ocrx_word' id='word_1_321' title='bbox 1435 3902 1762 3972; x_wconf 84' lang='lat' dir='ltr'><strong>proniorem,</strong></span> <span class='ocrx_word' id='word_1_322' title='bbox 1803 3914 2087 3974; x_wconf 89' lang='lat' dir='ltr'><strong>superatus</strong></span> 
     </span>
    </p>
   </div>
   <div class='ocr_carea' id='block_1_41' title="bbox 492 3995 2082 4067">
    <p class='ocr_par' dir='ltr' id='par_1_41' title="bbox 492 3995 2082 4067">
     <span class='ocr_line' id='line_1_41' title="bbox 492 3995 2082 4067; baseline 0 -14"><span class='ocrx_word' id='word_1_323' title='bbox 492 3998 755 4061; x_wconf 87' lang='lat' dir='ltr'><strong>discedit,</strong></span> <span class='ocrx_word' id='word_1_324' title='bbox 814 3997 883 4052; x_wconf 89' lang='lat' dir='ltr'><strong>de</strong></span> <span class='ocrx_word' id='word_1_325' title='bbox 941 3996 1240 4052; x_wconf 72' lang='lat' dir='ltr'><strong>tolerantia:</strong></span> <span class='ocrx_word' id='word_1_326' title='bbox 1303 3995 1668 4067; x_wconf 74' lang='lat' dir='ltr'><strong>magnitudine</strong></span> <span class='ocrx_word' id='word_1_327' title='bbox 1716 3996 2082 4065; x_wconf 87' lang='lat' dir='ltr'><strong>erubescens,</strong></span> 
     </span>
    </p>
   </div>
   <div class='ocr_carea' id='block_1_42' title="bbox 496 4086 2082 4162">
    <p class='ocr_par' dir='ltr' id='par_1_42' title="bbox 496 4086 2082 4162">
     <span class='ocr_line' id='line_1_42' title="bbox 496 4086 2082 4162; baseline -0.001 -17"><span class='ocrx_word' id='word_1_328' title='bbox 496 4090 742 4162; x_wconf 87' lang='lat' dir='ltr'><strong>quamvis</strong></span> <span class='ocrx_word' id='word_1_329' title='bbox 786 4088 918 4155; x_wconf 88' lang='lat' dir='ltr'><strong>fera,</strong></span> <span class='ocrx_word' id='word_1_330' title='bbox 964 4088 1209 4159; x_wconf 86' lang='lat' dir='ltr'><strong>quamvis</strong></span> <span class='ocrx_word' id='word_1_331' title='bbox 1251 4087 1539 4142; x_wconf 88' lang='lat' dir='ltr'><strong>immanius</strong></span> <span class='ocrx_word' id='word_1_332' title='bbox 1587 4087 1859 4159; x_wconf 91' lang='lat' dir='ltr'><strong>quidpiam</strong></span> <span class='ocrx_word' id='word_1_333' title='bbox 1901 4086 2082 4155; x_wconf 90' lang='lat' dir='ltr'><strong>fuerit,</strong></span> 
     </span>
    </p>
   </div>
   <div class='ocr_carea' id='block_1_43' title="bbox 497 4180 2085 4253">
    <p class='ocr_par' dir='ltr' id='par_1_43' title="bbox 497 4180 2085 4253">
     <span class='ocr_line' id='line_1_43' title="bbox 497 4180 2085 4253; baseline -0.003 -13"><span class='ocrx_word' id='word_1_334' title='bbox 497 4182 829 4241; x_wconf 84' lang='lat' dir='ltr'><strong>moderatior</strong></span> <span class='ocrx_word' id='word_1_335' title='bbox 864 4181 1077 4237; x_wconf 88' lang='lat' dir='ltr'><strong>tandem</strong></span> <span class='ocrx_word' id='word_1_336' title='bbox 1121 4180 1334 4247; x_wconf 87' lang='lat' dir='ltr'><strong>evadet,</strong></span> <span class='ocrx_word' id='word_1_337' title='bbox 1370 4190 1657 4252; x_wconf 88' lang='lat' dir='ltr'><strong>conspecta</strong></span> <span class='ocrx_word' id='word_1_338' title='bbox 1695 4192 1806 4238; x_wconf 92' lang='lat' dir='ltr'><strong>tum</strong></span> <span class='ocrx_word' id='word_1_339' title='bbox 1850 4184 2085 4253; x_wconf 88' lang='lat' dir='ltr'><strong>nequitia</strong></span> 
     </span>
    </p>
   </div>
   <div class='ocr_carea' id='block_1_44' title="bbox 495 4273 2090 4346">
    <p class='ocr_par' dir='ltr' id='par_1_44' title="bbox 495 4273 2090 4346">
     <span class='ocr_line' id='line_1_44' title="bbox 495 4273 2090 4346; baseline -0.001 -13"><span class='ocrx_word' id='word_1_340' title='bbox 495 4292 614 4343; x_wconf 89' lang='lat' dir='ltr'><strong>sua,</strong></span> <span class='ocrx_word' id='word_1_341' title='bbox 641 4283 750 4329; x_wconf 91' lang='lat' dir='ltr'><strong>tum</strong></span> <span class='ocrx_word' id='word_1_342' title='bbox 796 4274 937 4329; x_wconf 91' lang='lat' dir='ltr'><strong>illius</strong></span> <span class='ocrx_word' id='word_1_343' title='bbox 974 4274 1172 4329; x_wconf 90' lang='lat' dir='ltr'><strong>virtute</strong></span> <span class='ocrx_word' id='word_1_344' title='bbox 1198 4288 1293 4343; x_wconf 91' lang='lat' dir='ltr'><strong>per</strong></span> <span class='ocrx_word' id='word_1_345' title='bbox 1321 4273 1515 4329; x_wconf 88' lang='lat' dir='ltr'><strong>factam</strong></span> <span class='ocrx_word' id='word_1_346' title='bbox 1562 4277 1839 4346; x_wconf 89' lang='lat' dir='ltr'><strong>utriusque</strong></span> <span class='ocrx_word' id='word_1_347' title='bbox 1878 4291 2090 4346; x_wconf 85' lang='lat' dir='ltr'><strong>compa-</strong></span> 
     </span>
    </p>
   </div>
   <div class='ocr_carea' id='block_1_45' title="bbox 494 4366 2084 4440">
    <p class='ocr_par' dir='ltr' id='par_1_45' title="bbox 494 4366 2084 4440">
     <span class='ocr_line' id='line_1_45' title="bbox 494 4366 2084 4440; baseline 0 -17"><span class='ocrx_word' id='word_1_348' title='bbox 494 4369 779 4423; x_wconf 85' lang='lat' dir='ltr'><strong>rationem.</strong></span> <span class='ocrx_word' id='word_1_349' title='bbox 835 4366 984 4421; x_wconf 84' lang='lat' dir='ltr'><strong>lianc</strong></span> <span class='ocrx_word' id='word_1_350' title='bbox 1028 4381 1128 4436; x_wconf 85' lang='lat' dir='ltr'><strong>ego</strong></span> <span class='ocrx_word' id='word_1_351' title='bbox 1178 4382 1320 4420; x_wconf 91' lang='lat' dir='ltr'><strong>nunc</strong></span> <span class='ocrx_word' id='word_1_352' title='bbox 1367 4382 1551 4436; x_wconf 72' lang='lat' dir='ltr'><strong>qumro</strong></span> <span class='ocrx_word' id='word_1_353' title='bbox 1605 4368 1764 4422; x_wconf 91' lang='lat' dir='ltr'><strong>vitam</strong></span> <span class='ocrx_word' id='word_1_354' title='bbox 1817 4384 1977 4440; x_wconf 89' lang='lat' dir='ltr'><strong>quam</strong></span> <span class='ocrx_word' id='word_1_355' title='bbox 2030 4371 2084 4424; x_wconf 91' lang='lat' dir='ltr'><strong>in</strong></span> 
     </span>
    </p>
   </div>
   <div class='ocr_carea' id='block_1_46' title="bbox 494 4458 2085 4533">
    <p class='ocr_par' dir='ltr' id='par_1_46' title="bbox 494 4458 2085 4533">
     <span class='ocr_line' id='line_1_46' title="bbox 494 4458 2085 4533; baseline 0.003 -20"><span class='ocrx_word' id='word_1_356' title='bbox 494 4459 787 4528; x_wconf 81' lang='lat' dir='ltr'><strong>Seripturis</strong></span> <span class='ocrx_word' id='word_1_357' title='bbox 831 4468 1035 4512; x_wconf 91' lang='lat' dir='ltr'><strong>tantum</strong></span> <span class='ocrx_word' id='word_1_358' title='bbox 1078 4458 1405 4527; x_wconf 86' lang='lat' dir='ltr'><strong>propositam</strong></span> <span class='ocrx_word' id='word_1_359' title='bbox 1438 4460 1613 4525; x_wconf 90' lang='lat' dir='ltr'><strong>video,</strong></span> <span class='ocrx_word' id='word_1_360' title='bbox 1645 4459 1771 4516; x_wconf 89' lang='lat' dir='ltr'><strong>alibi</strong></span> <span class='ocrx_word' id='word_1_361' title='bbox 1798 4477 1926 4517; x_wconf 86' lang='lat' dir='ltr'><strong>vero</strong></span> <span class='ocrx_word' id='word_1_362' title='bbox 1951 4477 2085 4533; x_wconf 87' lang='lat' dir='ltr'><strong>ope-</strong></span> 
     </span>
    </p>
   </div>
   <div class='ocr_carea' id='block_1_47' title="bbox 493 4550 2084 4625">
    <p class='ocr_par' dir='ltr' id='par_1_47' title="bbox 493 4550 2084 4625">
     <span class='ocr_line' id='line_1_47' title="bbox 493 4550 2084 4625; baseline 0.004 -20"><span class='ocrx_word' id='word_1_363' title='bbox 493 4551 640 4605; x_wconf 87' lang='lat' dir='ltr'><strong>ribus</strong></span> <span class='ocrx_word' id='word_1_364' title='bbox 666 4550 960 4604; x_wconf 81' lang='lat' dir='ltr'><strong>exhibitam</strong></span> <span class='ocrx_word' id='word_1_365' title='bbox 991 4565 1276 4619; x_wconf 88' lang='lat' dir='ltr'><strong>nusquam.</strong></span> <span class='ocrx_word' id='word_1_366' title='bbox 1308 4550 1418 4605; x_wconf 83' lang='lat' dir='ltr'><strong>Nec</strong></span> <span class='ocrx_word' id='word_1_367' title='bbox 1442 4552 1576 4606; x_wconf 90' lang='lat' dir='ltr'><strong>mibi</strong></span> <span class='ocrx_word' id='word_1_368' title='bbox 1602 4552 1748 4608; x_wconf 90' lang='lat' dir='ltr'><strong>dicas</strong></span> <span class='ocrx_word' id='word_1_369' title='bbox 1778 4557 2084 4625; x_wconf 86' lang='lat' dir='ltr'><strong>quempiam</strong></span> 
     </span>
    </p>
   </div>
   <div class='ocr_carea' id='block_1_48' title="bbox 495 4639 2087 4714">
    <p class='ocr_par' dir='ltr' id='par_1_48' title="bbox 495 4639 2087 4714">
     <span class='ocr_line' id='line_1_48' title="bbox 495 4639 2087 4714; baseline 0.005 -22"><span class='ocrx_word' id='word_1_370' title='bbox 495 4641 679 4694; x_wconf 68' lang='lat' dir='ltr'><strong>laesum</strong></span> <span class='ocrx_word' id='word_1_371' title='bbox 717 4639 985 4708; x_wconf 89' lang='lat' dir='ltr'><strong>patienter</strong></span> <span class='ocrx_word' id='word_1_372' title='bbox 1026 4639 1246 4703; x_wconf 85' lang='lat' dir='ltr'><strong>tulisse;</strong></span> <span class='ocrx_word' id='word_1_373' title='bbox 1294 4640 1346 4693; x_wconf 91' lang='lat' dir='ltr'><strong>id</strong></span> <span class='ocrx_word' id='word_1_374' title='bbox 1382 4641 1527 4695; x_wconf 89' lang='lat' dir='ltr'><strong>enim</strong></span> <span class='ocrx_word' id='word_1_375' title='bbox 1558 4643 1731 4714; x_wconf 86' lang='lat' dir='ltr'><strong>potuit</strong></span> <span class='ocrx_word' id='word_1_376' title='bbox 1756 4644 1967 4700; x_wconf 90' lang='lat' dir='ltr'><strong>defectu</strong></span> <span class='ocrx_word' id='word_1_377' title='bbox 2009 4646 2087 4701; x_wconf 83' lang='lat' dir='ltr'><strong>vi-</strong></span> 
     </span>
    </p>
   </div>
   <div class='ocr_carea' id='block_1_49' title="bbox 491 4728 2086 4806">
    <p class='ocr_par' dir='ltr' id='par_1_49' title="bbox 491 4728 2086 4806">
     <span class='ocr_line' id='line_1_49' title="bbox 491 4728 2086 4806; baseline 0.006 -23"><span class='ocrx_word' id='word_1_378' title='bbox 491 4732 630 4783; x_wconf 91' lang='lat' dir='ltr'><strong>rium</strong></span> <span class='ocrx_word' id='word_1_379' title='bbox 650 4729 985 4799; x_wconf 88' lang='lat' dir='ltr'><strong>contingere.</strong></span> <span class='ocrx_word' id='word_1_380' title='bbox 1016 4728 1110 4785; x_wconf 91' lang='lat' dir='ltr'><strong>Sin</strong></span> <span class='ocrx_word' id='word_1_381' title='bbox 1146 4731 1307 4784; x_wconf 85' lang='lat' dir='ltr'><strong>etiam</strong></span> <span class='ocrx_word' id='word_1_382' title='bbox 1335 4747 1457 4786; x_wconf 90' lang='lat' dir='ltr'><strong>cum</strong></span> <span class='ocrx_word' id='word_1_383' title='bbox 1492 4734 1807 4803; x_wconf 65' lang='lat' dir='ltr'><strong>aequalibus,</strong></span> <span class='ocrx_word' id='word_1_384' title='bbox 1839 4752 1975 4806; x_wconf 91' lang='lat' dir='ltr'><strong>quos</strong></span> <span class='ocrx_word' id='word_1_385' title='bbox 2006 4739 2086 4793; x_wconf 84' lang='lat' dir='ltr'><strong>ul-</strong></span> 
     </span>
    </p>
   </div>
   <div class='ocr_carea' id='block_1_50' title="bbox 491 4819 2084 4899">
    <p class='ocr_par' dir='ltr' id='par_1_50' title="bbox 491 4819 2084 4899">
     <span class='ocr_line' id='line_1_50' title="bbox 491 4819 2084 4899; baseline 0.008 -28"><span class='ocrx_word' id='word_1_386' title='bbox 491 4819 618 4874; x_wconf 74' lang='lat' dir='ltr'><strong>uisci</strong></span> <span class='ocrx_word' id='word_1_387' title='bbox 656 4829 883 4890; x_wconf 87' lang='lat' dir='ltr'><strong>poterat,</strong></span> <span class='ocrx_word' id='word_1_388' title='bbox 932 4820 983 4874; x_wconf 90' lang='lat' dir='ltr'><strong>id</strong></span> <span class='ocrx_word' id='word_1_389' title='bbox 1025 4821 1348 4889; x_wconf 75' lang='lat' dir='ltr'><strong>exhibuerit,</strong></span> <span class='ocrx_word' id='word_1_390' title='bbox 1394 4830 1452 4878; x_wconf 90' lang='lat' dir='ltr'><strong>at</strong></span> <span class='ocrx_word' id='word_1_391' title='bbox 1493 4841 1599 4880; x_wconf 94' lang='lat' dir='ltr'><strong>non</strong></span> <span class='ocrx_word' id='word_1_392' title='bbox 1646 4840 1713 4882; x_wconf 91' lang='lat' dir='ltr'><strong>eo</strong></span> <span class='ocrx_word' id='word_1_393' title='bbox 1748 4843 1917 4899; x_wconf 84' lang='lat' dir='ltr'><strong>usque</strong></span> <span class='ocrx_word' id='word_1_394' title='bbox 1958 4845 2084 4898; x_wconf 83' lang='lat' dir='ltr'><strong>pro-</strong></span> 
     </span>
    </p>
   </div>
   <div class='ocr_carea' id='block_1_51' title="bbox 492 4913 2084 4992">
    <p class='ocr_par' dir='ltr' id='par_1_51' title="bbox 492 4913 2084 4992">
     <span class='ocr_line' id='line_1_51' title="bbox 492 4913 2084 4992; baseline 0.006 -24"><span class='ocrx_word' id='word_1_395' title='bbox 492 4914 674 4979; x_wconf 87' lang='lat' dir='ltr'><strong>cessit,</strong></span> <span class='ocrx_word' id='word_1_396' title='bbox 726 4921 784 4967; x_wconf 90' lang='lat' dir='ltr'><strong>ut</strong></span> <span class='ocrx_word' id='word_1_397' title='bbox 821 4913 939 4982; x_wconf 84' lang='lat' dir='ltr'><strong>ejus</strong></span> <span class='ocrx_word' id='word_1_398' title='bbox 981 4917 1473 4985; x_wconf 84' lang='lat' dir='ltr'><strong>concupiscentiam</strong></span> <span class='ocrx_word' id='word_1_399' title='bbox 1517 4930 1818 4989; x_wconf 87' lang='lat' dir='ltr'><strong>superaret,</strong></span> <span class='ocrx_word' id='word_1_400' title='bbox 1870 4931 1927 4979; x_wconf 88' lang='lat' dir='ltr'><strong>et</strong></span> <span class='ocrx_word' id='word_1_401' title='bbox 1966 4923 2084 4992; x_wconf 87' lang='lat' dir='ltr'><strong>plus</strong></span> 
     </span>
    </p>
   </div>
   <div class='ocr_carea' id='block_1_52' title="bbox 489 5003 2086 5083">
    <p class='ocr_par' dir='ltr' id='par_1_52' title="bbox 489 5003 2086 5083">
     <span class='ocr_line' id='line_1_52' title="bbox 489 5003 2086 5083; baseline 0.009 -28"><span class='ocrx_word' id='word_1_402' title='bbox 489 5019 652 5073; x_wconf 84' lang='lat' dir='ltr'><strong>quam</strong></span> <span class='ocrx_word' id='word_1_403' title='bbox 677 5003 845 5058; x_wconf 83' lang='lat' dir='ltr'><strong>vellet</strong></span> <span class='ocrx_word' id='word_1_404' title='bbox 872 5003 1048 5072; x_wconf 86' lang='lat' dir='ltr'><strong>daret,</strong></span> <span class='ocrx_word' id='word_1_405' title='bbox 1074 5008 1672 5081; x_wconf 84' lang='lat' dir='ltr'><strong>magnanimitatemque</strong></span> <span class='ocrx_word' id='word_1_406' title='bbox 1690 5026 1863 5079; x_wconf 84' lang='lat' dir='ltr'><strong>suam,</strong></span> <span class='ocrx_word' id='word_1_407' title='bbox 1888 5023 2086 5083; x_wconf 64' lang='lat' dir='ltr'><strong>praeter</strong></span> 
     </span>
    </p>
   </div>
   <div class='ocr_carea' id='block_1_53' title="bbox 491 5096 2083 5177">
    <p class='ocr_par' dir='ltr' id='par_1_53' title="bbox 491 5096 2083 5177">
     <span class='ocr_line' id='line_1_53' title="bbox 491 5096 2083 5177; baseline 0.008 -27"><span class='ocrx_word' id='word_1_408' title='bbox 491 5104 644 5165; x_wconf 85' lang='lat' dir='ltr'><strong>rapta</strong></span> <span class='ocrx_word' id='word_1_409' title='bbox 689 5096 887 5152; x_wconf 90' lang='lat' dir='ltr'><strong>additis</strong></span> <span class='ocrx_word' id='word_1_410' title='bbox 913 5097 1144 5154; x_wconf 89' lang='lat' dir='ltr'><strong>libenter</strong></span> <span class='ocrx_word' id='word_1_411' title='bbox 1174 5101 1315 5177; x_wconf 85' lang='lat' dir='ltr'><strong>aliis,</strong></span> <span class='ocrx_word' id='word_1_412' title='bbox 1355 5105 1683 5160; x_wconf 86' lang='lat' dir='ltr'><strong>ostenderet.</strong></span> <span class='ocrx_word' id='word_1_413' title='bbox 1710 5105 1865 5172; x_wconf 87' lang='lat' dir='ltr'><strong>Quod</strong></span> <span class='ocrx_word' id='word_1_414' title='bbox 1902 5118 2083 5163; x_wconf 88' lang='lat' dir='ltr'><strong>autem</strong></span> 
     </span>
    </p>
   </div>
   <div class='ocr_carea' id='block_1_54' title="bbox 494 5180 2084 5271">
    <p class='ocr_par' dir='ltr' id='par_1_54' title="bbox 494 5180 2084 5271">
     <span class='ocr_line' id='line_1_54' title="bbox 494 5180 2084 5271; baseline 0.009 -30"><span class='ocrx_word' id='word_1_415' title='bbox 494 5180 580 5242; x_wconf 89' lang='lat' dir='ltr'><strong>his</strong></span> <span class='ocrx_word' id='word_1_416' title='bbox 603 5187 763 5260; x_wconf 77' lang='lat' dir='ltr'><strong>longe</strong></span> <span class='ocrx_word' id='word_1_417' title='bbox 788 5192 1034 5259; x_wconf 89' lang='lat' dir='ltr'><strong>superius</strong></span> <span class='ocrx_word' id='word_1_418' title='bbox 1059 5201 1163 5260; x_wconf 88' lang='lat' dir='ltr'><strong>est,</strong></span> <span class='ocrx_word' id='word_1_419' title='bbox 1190 5192 1258 5248; x_wconf 90' lang='lat' dir='ltr'><strong>ad</strong></span> <span class='ocrx_word' id='word_1_420' title='bbox 1281 5194 1562 5267; x_wconf 90' lang='lat' dir='ltr'><strong>ipsumque</strong></span> <span class='ocrx_word' id='word_1_421' title='bbox 1591 5199 1849 5255; x_wconf 88' lang='lat' dir='ltr'><strong>verticem</strong></span> <span class='ocrx_word' id='word_1_422' title='bbox 1877 5200 2084 5271; x_wconf 54' lang='lat' dir='ltr'><strong>pertins</strong></span> 
     </span>
    </p>
   </div>
   <div class='ocr_carea' id='block_1_55' title="bbox 490 5281 2081 5360">
    <p class='ocr_par' dir='ltr' id='par_1_55' title="bbox 490 5281 2081 5360">
     <span class='ocr_line' id='line_1_55' title="bbox 490 5281 2081 5360; baseline 0.01 -27"><span class='ocrx_word' id='word_1_423' title='bbox 490 5281 588 5349; x_wconf 82' lang='lat' dir='ltr'><strong>git,</strong></span> <span class='ocrx_word' id='word_1_424' title='bbox 628 5294 725 5336; x_wconf 88' lang='lat' dir='ltr'><strong>eos</strong></span> <span class='ocrx_word' id='word_1_425' title='bbox 751 5282 843 5352; x_wconf 81' lang='lat' dir='ltr'><strong>qui</strong></span> <span class='ocrx_word' id='word_1_426' title='bbox 884 5283 1007 5338; x_wconf 89' lang='lat' dir='ltr'><strong>talia</strong></span> <span class='ocrx_word' id='word_1_427' title='bbox 1037 5294 1222 5356; x_wconf 88' lang='lat' dir='ltr'><strong>agunt,</strong></span> <span class='ocrx_word' id='word_1_428' title='bbox 1254 5297 1308 5341; x_wconf 91' lang='lat' dir='ltr'><strong>et</strong></span> <span class='ocrx_word' id='word_1_429' title='bbox 1336 5290 1450 5345; x_wconf 91' lang='lat' dir='ltr'><strong>sive</strong></span> <span class='ocrx_word' id='word_1_430' title='bbox 1486 5289 1539 5343; x_wconf 92' lang='lat' dir='ltr'><strong>in</strong></span> <span class='ocrx_word' id='word_1_431' title='bbox 1570 5292 1832 5360; x_wconf 89' lang='lat' dir='ltr'><strong>pecuniis,</strong></span> <span class='ocrx_word' id='word_1_432' title='bbox 1875 5293 1988 5349; x_wconf 86' lang='lat' dir='ltr'><strong>sive</strong></span> <span class='ocrx_word' id='word_1_433' title='bbox 2028 5296 2081 5349; x_wconf 92' lang='lat' dir='ltr'><strong>in</strong></span> 
     </span>
    </p>
   </div>
   <div class='ocr_carea' id='block_1_56' title="bbox 491 5370 2084 5456">
    <p class='ocr_par' dir='ltr' id='par_1_56' title="bbox 491 5370 2084 5456">
     <span class='ocr_line' id='line_1_56' title="bbox 491 5370 2084 5456; baseline 0.01 -31"><span class='ocrx_word' id='word_1_434' title='bbox 491 5370 840 5445; x_wconf 61' lang='lat' dir='ltr'><strong>corporibus,</strong></span> <span class='ocrx_word' id='word_1_435' title='bbox 885 5375 1114 5447; x_wconf 86' lang='lat' dir='ltr'><strong>aliisque</strong></span> <span class='ocrx_word' id='word_1_436' title='bbox 1160 5378 1412 5435; x_wconf 88' lang='lat' dir='ltr'><strong>omnibus</strong></span> <span class='ocrx_word' id='word_1_437' title='bbox 1453 5380 1835 5438; x_wconf 87' lang='lat' dir='ltr'><strong>documentum</strong></span> <span class='ocrx_word' id='word_1_438' title='bbox 1884 5385 2084 5456; x_wconf 82' lang='lat' dir='ltr'><strong>impor-</strong></span> 
     </span>
    </p>
   </div>
   <div class='ocr_carea' id='block_1_57' title="bbox 495 5465 2085 5544">
    <p class='ocr_par' dir='ltr' id='par_1_57' title="bbox 495 5465 2085 5544">
     <span class='ocr_line' id='line_1_57' title="bbox 495 5465 2085 5544; baseline 0.013 -30"><span class='ocrx_word' id='word_1_439' title='bbox 495 5472 631 5531; x_wconf 85' lang='lat' dir='ltr'><strong>tant,</strong></span> <span class='ocrx_word' id='word_1_440' title='bbox 673 5466 727 5520; x_wconf 93' lang='lat' dir='ltr'><strong>in</strong></span> <span class='ocrx_word' id='word_1_441' title='bbox 772 5465 1090 5533; x_wconf 89' lang='lat' dir='ltr'><strong>amicorum,</strong></span> <span class='ocrx_word' id='word_1_442' title='bbox 1137 5469 1246 5524; x_wconf 90' lang='lat' dir='ltr'><strong>imo</strong></span> <span class='ocrx_word' id='word_1_443' title='bbox 1273 5472 1567 5527; x_wconf 88' lang='lat' dir='ltr'><strong>amicorum</strong></span> <span class='ocrx_word' id='word_1_444' title='bbox 1592 5476 1945 5544; x_wconf 89' lang='lat' dir='ltr'><strong>genuinorum</strong></span> <span class='ocrx_word' id='word_1_445' title='bbox 1985 5495 2085 5533; x_wconf 83' lang='lat' dir='ltr'><strong>nu-</strong></span> 
     </span>
    </p>
   </div>
   <div class='ocr_carea' id='block_1_58' title="bbox 494 5557 2084 5641">
    <p class='ocr_par' dir='ltr' id='par_1_58' title="bbox 494 5557 2084 5641">
     <span class='ocr_line' id='line_1_58' title="bbox 494 5557 2084 5641; baseline 0.014 -36"><span class='ocrx_word' id='word_1_446' title='bbox 494 5567 644 5607; x_wconf 78' lang='lat' dir='ltr'><strong>rnero</strong></span> <span class='ocrx_word' id='word_1_447' title='bbox 669 5557 1001 5614; x_wconf 88' lang='lat' dir='ltr'><strong>constituere</strong></span> <span class='ocrx_word' id='word_1_448' title='bbox 1029 5560 1191 5630; x_wconf 87' lang='lat' dir='ltr'><strong>jussit</strong></span> <span class='ocrx_word' id='word_1_449' title='bbox 1212 5561 1477 5619; x_wconf 88' lang='lat' dir='ltr'><strong>Christus.</strong></span> <span class='ocrx_word' id='word_1_450' title='bbox 1505 5564 1637 5621; x_wconf 88' lang='lat' dir='ltr'><strong>Nam</strong></span> <span class='ocrx_word' id='word_1_451' title='bbox 1665 5567 1813 5637; x_wconf 90' lang='lat' dir='ltr'><strong>dicit,</strong></span> <span class='ocrx_word' id='word_1_452' title='bbox 1854 5572 2084 5641; x_wconf 87' lang='lat' dir='ltr'><strong>rapienti</strong></span> 
     </span>
    </p>
   </div>
   <div class='ocr_carea' id='block_1_59' title="bbox 493 5643 2079 5724">
    <p class='ocr_par' dir='ltr' id='par_1_59' title="bbox 493 5643 2079 5724">
     <span class='ocr_line' id='line_1_59' title="bbox 493 5643 2079 5724; baseline 0.016 -31"><span class='ocrx_word' id='word_1_453' title='bbox 493 5650 548 5694; x_wconf 75' lang='lat' dir='ltr'><strong>et</strong></span> <span class='ocrx_word' id='word_1_454' title='bbox 589 5643 854 5701; x_wconf 89' lang='lat' dir='ltr'><strong>auferenti</strong></span> <span class='ocrx_word' id='word_1_455' title='bbox 898 5664 967 5705; x_wconf 86' lang='lat' dir='ltr'><strong>ne</strong></span> <span class='ocrx_word' id='word_1_456' title='bbox 1006 5652 1180 5707; x_wconf 91' lang='lat' dir='ltr'><strong>solum</strong></span> <span class='ocrx_word' id='word_1_457' title='bbox 1222 5653 1363 5709; x_wconf 90' lang='lat' dir='ltr'><strong>dona</strong></span> <span class='ocrx_word' id='word_1_458' title='bbox 1405 5656 1508 5711; x_wconf 77' lang='lat' dir='ltr'><strong>alia</strong></span> <span class='ocrx_word' id='word_1_459' title='bbox 1553 5657 1739 5724; x_wconf 86' lang='lat' dir='ltr'><strong>addas,</strong></span> <span class='ocrx_word' id='word_1_460' title='bbox 1790 5662 1885 5717; x_wconf 84' lang='lat' dir='ltr'><strong>sed</strong></span> <span class='ocrx_word' id='word_1_461' title='bbox 1918 5664 2079 5718; x_wconf 90' lang='lat' dir='ltr'><strong>etiam</strong></span> 
     </span>
    </p>
   </div>
   <div class='ocr_carea' id='block_1_60' title="bbox 491 5730 2078 5827">
    <p class='ocr_par' dir='ltr' id='par_1_60' title="bbox 491 5730 2078 5827">
     <span class='ocr_line' id='line_1_60' title="bbox 491 5730 2078 5827; baseline 0.02 -41"><span class='ocrx_word' id='word_1_462' title='bbox 491 5730 664 5801; x_wconf 86' lang='lat' dir='ltr'><strong>ipsum</strong></span> <span class='ocrx_word' id='word_1_463' title='bbox 694 5735 1171 5798; x_wconf 87' lang='lat' dir='ltr'><strong>vehementissimo</strong></span> <span class='ocrx_word' id='word_1_464' title='bbox 1215 5753 1270 5802; x_wconf 87' lang='lat' dir='ltr'><strong>et</strong></span> <span class='ocrx_word' id='word_1_465' title='bbox 1306 5745 1518 5805; x_wconf 84' lang='lat' dir='ltr'><strong>sincero</strong></span> <span class='ocrx_word' id='word_1_466' title='bbox 1544 5763 1726 5807; x_wconf 87' lang='lat' dir='ltr'><strong>amore</strong></span> <span class='ocrx_word' id='word_1_467' title='bbox 1753 5752 1931 5827; x_wconf 82' lang='lat' dir='ltr'><strong>dilige.</strong></span> <span class='ocrx_word' id='word_1_468' title='bbox 1963 5757 2078 5817; x_wconf 85' lang='lat' dir='ltr'><strong>lloc</strong></span> 
     </span>
    </p>
   </div>
   <div class='ocr_carea' id='block_1_61' title="bbox 1164 296 2086 368">
    <p class='ocr_par' dir='ltr' id='par_1_61' title="bbox 1164 298 2086 368">
     <span class='ocr_line' id='line_1_61' title="bbox 1164 298 2086 368; baseline -0.012 -1"><span class='ocrx_word' id='word_1_469' title='bbox 1164 312 1220 368; x_wconf 91' lang='lat' dir='ltr'><strong>S.</strong></span> <span class='ocrx_word' id='word_1_470' title='bbox 1257 307 1538 367; x_wconf 68' lang='lat' dir='ltr'><strong>JOANNlS</strong></span> <span class='ocrx_word' id='word_1_471' title='bbox 1577 298 2049 360; x_wconf 66' lang='grc' dir='ltr'>οιιίιϊδοδτοιι</span> <span class='ocrx_word' id='word_1_472' title='bbox 2079 336 2086 356; x_wconf 76' lang='grc'><strong><em>4</em></strong></span> 
     </span>
    </p>
   </div>
   <div class='ocr_carea' id='block_1_62' title="bbox 2191 296 2980 368">
    <p class='ocr_par' dir='ltr' id='par_1_62' title="bbox 2191 296 2980 357">
     <span class='ocr_line' id='line_1_62' title="bbox 2191 296 2980 357; baseline -0.006 0"><span class='ocrx_word' id='word_1_473' title='bbox 2191 298 2401 357; x_wconf 70' lang='grc' dir='ltr'><strong>ΞΗΙΕΡ.</strong></span> <span class='ocrx_word' id='word_1_474' title='bbox 2439 296 2980 356; x_wconf 75' lang='lat' dir='ltr'><strong>CONSTANTINOP.</strong></span> 
     </span>
    </p>
   </div>
   <div class='ocr_carea' id='block_1_63' title="bbox 3683 296 3779 351">
    <p class='ocr_par' dir='ltr' id='par_1_63' title="bbox 3683 296 3779 351">
     <span class='ocr_line' id='line_1_63' title="bbox 3683 296 3779 351; baseline -0.021 0"><span class='ocrx_word' id='word_1_475' title='bbox 3683 296 3779 351; x_wconf 73' lang='grc' dir='ltr'><strong>ιου</strong></span> 
     </span>
    </p>
   </div>
   <div class='ocr_carea' id='block_1_64' title="bbox 2198 407 3785 479">
    <p class='ocr_par' dir='ltr' id='par_1_64' title="bbox 2198 407 3785 479">
     <span class='ocr_line' id='line_1_64' title="bbox 2198 407 3785 479; baseline -0.006 -10"><span class='ocrx_word' id='word_1_476' title='bbox 2198 427 2361 479; x_wconf 84' lang='lat' dir='ltr'><strong>sane,</strong></span> <span class='ocrx_word' id='word_1_477' title='bbox 2389 411 2492 469; x_wconf 86' lang='lat' dir='ltr'><strong>hoc</strong></span> <span class='ocrx_word' id='word_1_478' title='bbox 2515 411 2789 468; x_wconf 90' lang='lat' dir='ltr'><strong>declarare</strong></span> <span class='ocrx_word' id='word_1_479' title='bbox 2829 426 2950 465; x_wconf 91' lang='lat' dir='ltr'><strong>cum</strong></span> <span class='ocrx_word' id='word_1_480' title='bbox 2981 408 3170 477; x_wconf 89' lang='lat' dir='ltr'><strong>vellet,</strong></span> <span class='ocrx_word' id='word_1_481' title='bbox 3206 408 3282 464; x_wconf 83' lang='lat' dir='ltr'><strong>ait</strong></span> <span class='ocrx_word' id='word_1_482' title='bbox 3320 426 3335 463; x_wconf 86' lang='lat'><strong>:</strong></span> <span class='ocrx_word' id='word_1_483' title='bbox 3375 407 3534 463; x_wconf 85' lang='lat' dir='ltr'><strong>Orate</strong></span> <span class='ocrx_word' id='word_1_484' title='bbox 3571 424 3667 479; x_wconf 81' lang='lat' dir='ltr'><strong>pro</strong></span> <span class='ocrx_word' id='word_1_485' title='bbox 3705 427 3785 461; x_wconf 79' lang='lat' dir='ltr'><strong>ca.</strong></span> 
     </span>
    </p>
   </div>
   <div class='ocr_carea' id='block_1_65' title="bbox 2196 500 3782 575">
    <p class='ocr_par' dir='ltr' id='par_1_65' title="bbox 2196 500 3782 575">
     <span class='ocr_line' id='line_1_65' title="bbox 2196 500 3782 575; baseline -0.002 -16"><span class='ocrx_word' id='word_1_486' title='bbox 2196 504 2659 559; x_wconf 72' lang='lat' dir='ltr'><strong>lunmiann&#39;bussos</strong></span> <span class='ocrx_word' id='word_1_487' title='bbox 2681 501 2828 575; x_wconf 83' lang='lat' dir='ltr'><strong>(Luc.</strong></span> <span class='ocrx_word' id='word_1_488' title='bbox 2856 500 2910 557; x_wconf 91' lang='lat'><strong>6.</strong></span> <span class='ocrx_word' id='word_1_489' title='bbox 2929 500 3021 573; x_wconf 76' lang='lat'><strong>28)</strong></span> <span class='ocrx_word' id='word_1_490' title='bbox 3052 519 3066 556; x_wconf 89' lang='lat'><strong>:</strong></span> <span class='ocrx_word' id='word_1_491' title='bbox 3093 500 3234 572; x_wconf 88' lang='lat' dir='ltr'><strong>quod</strong></span> <span class='ocrx_word' id='word_1_492' title='bbox 3263 515 3360 571; x_wconf 90' lang='lat' dir='ltr'><strong>pro</strong></span> <span class='ocrx_word' id='word_1_493' title='bbox 3386 501 3517 556; x_wconf 89' lang='lat' dir='ltr'><strong>solis</strong></span> <span class='ocrx_word' id='word_1_494' title='bbox 3538 501 3626 567; x_wconf 92' lang='lat' dir='ltr'><strong>iis,</strong></span> <span class='ocrx_word' id='word_1_495' title='bbox 3650 516 3782 571; x_wconf 87' lang='lat' dir='ltr'><strong>quos</strong></span> 
     </span>
    </p>
   </div>
   <div class='ocr_carea' id='block_1_66' title="bbox 2195 594 3783 666">
    <p class='ocr_par' dir='ltr' id='par_1_66' title="bbox 2195 594 3783 666">
     <span class='ocr_line' id='line_1_66' title="bbox 2195 594 3783 666; baseline 0.001 -16"><span class='ocrx_word' id='word_1_496' title='bbox 2195 596 2481 651; x_wconf 87' lang='lat' dir='ltr'><strong>admodum</strong></span> <span class='ocrx_word' id='word_1_497' title='bbox 2506 596 2801 666; x_wconf 83' lang='lat' dir='ltr'><strong>diligimus,</strong></span> <span class='ocrx_word' id='word_1_498' title='bbox 2847 597 3024 651; x_wconf 90' lang='lat' dir='ltr'><strong>facere</strong></span> <span class='ocrx_word' id='word_1_499' title='bbox 3057 595 3316 651; x_wconf 87' lang='lat' dir='ltr'><strong>solemus.</strong></span> <span class='ocrx_word' id='word_1_500' title='bbox 3359 594 3440 650; x_wconf 84' lang='lat' dir='ltr'><strong>Ne</strong></span> <span class='ocrx_word' id='word_1_501' title='bbox 3477 610 3610 650; x_wconf 84' lang='lat' dir='ltr'><strong>vero</strong></span> <span class='ocrx_word' id='word_1_502' title='bbox 3632 606 3783 665; x_wconf 87' lang='lat' dir='ltr'><strong>putes</strong></span> 
     </span>
    </p>
   </div>
   <div class='ocr_carea' id='block_1_67' title="bbox 2198 686 3781 760">
    <p class='ocr_par' dir='ltr' id='par_1_67' title="bbox 2198 686 3781 760">
     <span class='ocr_line' id='line_1_67' title="bbox 2198 686 3781 760; baseline 0 -17"><span class='ocrx_word' id='word_1_503' title='bbox 2198 689 2317 747; x_wconf 50' lang='lat' dir='ltr'><strong>lucc</strong></span> <span class='ocrx_word' id='word_1_504' title='bbox 2341 690 2501 745; x_wconf 88' lang='lat' dir='ltr'><strong>verba</strong></span> <span class='ocrx_word' id='word_1_505' title='bbox 2531 686 2879 760; x_wconf 85' lang='lat' dir='ltr'><strong>hyperbolice</strong></span> <span class='ocrx_word' id='word_1_506' title='bbox 2904 687 3045 744; x_wconf 90' lang='lat' dir='ltr'><strong>dicta</strong></span> <span class='ocrx_word' id='word_1_507' title='bbox 3079 686 3263 752; x_wconf 89' lang='lat' dir='ltr'><strong>fuisse,</strong></span> <span class='ocrx_word' id='word_1_508' title='bbox 3296 701 3433 742; x_wconf 88' lang='lat' dir='ltr'><strong>neve</strong></span> <span class='ocrx_word' id='word_1_509' title='bbox 3461 686 3781 743; x_wconf 88' lang='lat' dir='ltr'><strong>diabolicam</strong></span> 
     </span>
    </p>
   </div>
   <div class='ocr_carea' id='block_1_68' title="bbox 2196 779 3784 849">
    <p class='ocr_par' dir='ltr' id='par_1_68' title="bbox 2196 779 3784 849">
     <span class='ocr_line' id='line_1_68' title="bbox 2196 779 3784 849; baseline -0.001 -14"><span class='ocrx_word' id='word_1_510' title='bbox 2196 781 2415 836; x_wconf 68' lang='lat' dir='ltr'><strong>Leucas</strong></span> <span class='ocrx_word' id='word_1_511' title='bbox 2454 779 2742 844; x_wconf 83' lang='lat' dir='ltr'><strong>fallaciam,</strong></span> <span class='ocrx_word' id='word_1_512' title='bbox 2778 779 3043 834; x_wconf 89' lang='lat' dir='ltr'><strong>rationem</strong></span> <span class='ocrx_word' id='word_1_513' title='bbox 3073 787 3128 834; x_wconf 92' lang='lat' dir='ltr'><strong>et</strong></span> <span class='ocrx_word' id='word_1_514' title='bbox 3151 792 3370 832; x_wconf 90' lang='lat' dir='ltr'><strong>causam</strong></span> <span class='ocrx_word' id='word_1_515' title='bbox 3397 788 3784 849; x_wconf 83' lang='lat' dir='ltr'><strong>congruentem</strong></span> 
     </span>
    </p>
   </div>
   <div class='ocr_carea' id='block_1_69' title="bbox 2202 869 3783 939">
    <p class='ocr_par' dir='ltr' id='par_1_69' title="bbox 2202 869 3783 939">
     <span class='ocr_line' id='line_1_69' title="bbox 2202 869 3783 939; baseline -0.003 -13"><span class='ocrx_word' id='word_1_516' title='bbox 2202 870 2349 926; x_wconf 60' lang='lat' dir='ltr'><strong>affert</strong></span> <span class='ocrx_word' id='word_1_517' title='bbox 2369 869 2454 925; x_wconf 90' lang='lat' dir='ltr'><strong>bis</strong></span> <span class='ocrx_word' id='word_1_518' title='bbox 2473 872 2654 926; x_wconf 89' lang='lat' dir='ltr'><strong>verbis</strong></span> <span class='ocrx_word' id='word_1_519' title='bbox 2683 887 2697 924; x_wconf 90' lang='lat'><strong>:</strong></span> <span class='ocrx_word' id='word_1_520' title='bbox 2729 869 2789 925; x_wconf 88' lang='lat' dir='ltr'><strong>Si</strong></span> <span class='ocrx_word' id='word_1_521' title='bbox 2816 871 2950 923; x_wconf 88' lang='lat' dir='ltr'><strong>enim</strong></span> <span class='ocrx_word' id='word_1_522' title='bbox 2987 869 3268 923; x_wconf 70' lang='lat' dir='ltr'><strong>dilexeritis</strong></span> <span class='ocrx_word' id='word_1_523' title='bbox 3298 885 3404 934; x_wconf 87' lang='lat' dir='ltr'><strong>eos,</strong></span> <span class='ocrx_word' id='word_1_524' title='bbox 3431 870 3519 939; x_wconf 84' lang='lat' dir='ltr'><strong>qui</strong></span> <span class='ocrx_word' id='word_1_525' title='bbox 3547 885 3635 923; x_wconf 81' lang='lat' dir='ltr'><strong>vos</strong></span> <span class='ocrx_word' id='word_1_526' title='bbox 3660 869 3783 923; x_wconf 82' lang='lat' dir='ltr'><strong>dili-</strong></span> 
     </span>
    </p>
   </div>
   <div class='ocr_carea' id='block_1_70' title="bbox 2193 960 3785 1034">
    <p class='ocr_par' dir='ltr' id='par_1_70' title="bbox 2193 960 3785 1034">
     <span class='ocr_line' id='line_1_70' title="bbox 2193 960 3785 1034; baseline -0.003 -17"><span class='ocrx_word' id='word_1_527' title='bbox 2193 974 2340 1032; x_wconf 55' lang='lat' dir='ltr'><strong>gunt,</strong></span> <span class='ocrx_word' id='word_1_528' title='bbox 2398 979 2550 1034; x_wconf 84' lang='lat' dir='ltr'><strong>quant</strong></span> <span class='ocrx_word' id='word_1_529' title='bbox 2594 962 2871 1016; x_wconf 85' lang='lat' dir='ltr'><strong>mercedem</strong></span> <span class='ocrx_word' id='word_1_530' title='bbox 2913 961 3144 1015; x_wconf 73' lang='lat' dir='ltr'><strong>habetis?</strong></span> <span class='ocrx_word' id='word_1_531' title='bbox 3186 976 3355 1015; x_wconf 73' lang='lat' dir='ltr'><strong>nonne</strong></span> <span class='ocrx_word' id='word_1_532' title='bbox 3396 960 3655 1033; x_wconf 80' lang='lat' dir='ltr'><strong>publicani</strong></span> <span class='ocrx_word' id='word_1_533' title='bbox 3700 960 3785 1013; x_wconf 86' lang='lat' dir='ltr'><strong>id-</strong></span> 
     </span>
    </p>
   </div>
   <div class='ocr_carea' id='block_1_71' title="bbox 2194 1050 3784 1126">
    <p class='ocr_par' dir='ltr' id='par_1_71' title="bbox 2194 1050 3784 1126">
     <span class='ocr_line' id='line_1_71' title="bbox 2194 1050 3784 1126; baseline -0.004 -17"><span class='ocrx_word' id='word_1_534' title='bbox 2194 1072 2361 1123; x_wconf 67' lang='lat' dir='ltr'><strong>tpsum</strong></span> <span class='ocrx_word' id='word_1_535' title='bbox 2388 1054 2616 1126; x_wconf 75' lang='lat' dir='ltr'><strong>faciunt?</strong></span> <span class='ocrx_word' id='word_1_536' title='bbox 2645 1052 2708 1107; x_wconf 85' lang='lat' dir='ltr'><strong>Et</strong></span> <span class='ocrx_word' id='word_1_537' title='bbox 2744 1053 2790 1107; x_wconf 88' lang='lat' dir='ltr'><strong>si</strong></span> <span class='ocrx_word' id='word_1_538' title='bbox 2817 1052 3039 1122; x_wconf 71' lang='lat' dir='ltr'><strong>amplexi</strong></span> <span class='ocrx_word' id='word_1_539' title='bbox 3066 1050 3261 1122; x_wconf 80' lang='lat' dir='ltr'><strong>fueritis</strong></span> <span class='ocrx_word' id='word_1_540' title='bbox 3291 1066 3399 1116; x_wconf 87' lang='lat' dir='ltr'><strong>eos,</strong></span> <span class='ocrx_word' id='word_1_541' title='bbox 3425 1051 3511 1123; x_wconf 87' lang='lat' dir='ltr'><strong>qui</strong></span> <span class='ocrx_word' id='word_1_542' title='bbox 3553 1066 3643 1104; x_wconf 79' lang='lat' dir='ltr'><strong>vos</strong></span> <span class='ocrx_word' id='word_1_543' title='bbox 3670 1066 3784 1103; x_wconf 84' lang='lat' dir='ltr'><strong>am-</strong></span> 
     </span>
    </p>
   </div>
   <div class='ocr_carea' id='block_1_72' title="bbox 2195 1144 3788 1217">
    <p class='ocr_par' dir='ltr' id='par_1_72' title="bbox 2195 1144 3788 1217">
     <span class='ocr_line' id='line_1_72' title="bbox 2195 1144 3788 1217; baseline -0.003 -15"><span class='ocrx_word' id='word_1_544' title='bbox 2195 1149 2500 1215; x_wconf 82' lang='lat' dir='ltr'><strong>plectuntur,</strong></span> <span class='ocrx_word' id='word_1_545' title='bbox 2532 1146 2656 1217; x_wconf 83' lang='lat' dir='ltr'><strong>quid</strong></span> <span class='ocrx_word' id='word_1_546' title='bbox 2684 1146 2905 1217; x_wconf 86' lang='lat' dir='ltr'><strong>amplius</strong></span> <span class='ocrx_word' id='word_1_547' title='bbox 2934 1144 3144 1216; x_wconf 78' lang='lat' dir='ltr'><strong>facitis?</strong></span> <span class='ocrx_word' id='word_1_548' title='bbox 3173 1160 3339 1198; x_wconf 82' lang='lat' dir='ltr'><strong>nonne</strong></span> <span class='ocrx_word' id='word_1_549' title='bbox 3379 1152 3427 1198; x_wconf 78' lang='lat' dir='ltr'><strong>ct</strong></span> <span class='ocrx_word' id='word_1_550' title='bbox 3466 1144 3654 1199; x_wconf 78' lang='lat' dir='ltr'><strong>ethnici</strong></span> <span class='ocrx_word' id='word_1_551' title='bbox 3693 1144 3788 1198; x_wconf 78' lang='lat' dir='ltr'><strong>hoc</strong></span> 
     </span>
    </p>
   </div>
   <div class='ocr_carea' id='block_1_73' title="bbox 2195 1236 3788 1312">
    <p class='ocr_par' dir='ltr' id='par_1_73' title="bbox 2195 1236 3788 1312">
     <span class='ocr_line' id='line_1_73' title="bbox 2195 1236 3788 1312; baseline -0.001 -19"><span class='ocrx_word' id='word_1_552' title='bbox 2195 1240 2389 1308; x_wconf 75' lang='lat' dir='ltr'><strong>faciunt</strong></span> <span class='ocrx_word' id='word_1_553' title='bbox 2418 1238 2568 1312; x_wconf 88' lang='lat' dir='ltr'><strong>(Luc.</strong></span> <span class='ocrx_word' id='word_1_554' title='bbox 2599 1239 2652 1293; x_wconf 82' lang='grc'>6.</span> <span class='ocrx_word' id='word_1_555' title='bbox 2685 1237 2819 1309; x_wconf 73' lang='lat'><strong>5‘2)?</strong></span> <span class='ocrx_word' id='word_1_556' title='bbox 2857 1237 2989 1293; x_wconf 84' lang='lat' dir='ltr'><strong>Cum</strong></span> <span class='ocrx_word' id='word_1_557' title='bbox 3033 1237 3191 1306; x_wconf 79' lang='lat' dir='ltr'><strong>igitur</strong></span> <span class='ocrx_word' id='word_1_558' title='bbox 3218 1252 3249 1290; x_wconf 89' lang='lat' dir='ltr'><strong>a</strong></span> <span class='ocrx_word' id='word_1_559' title='bbox 3276 1236 3595 1307; x_wconf 86' lang='lat' dir='ltr'><strong>publicanis,</strong></span> <span class='ocrx_word' id='word_1_560' title='bbox 3624 1246 3788 1306; x_wconf 82' lang='lat' dir='ltr'><strong>atque</strong></span> 
     </span>
    </p>
   </div>
   <div class='ocr_carea' id='block_1_74' title="bbox 2195 1328 3879 1399">
    <p class='ocr_par' dir='ltr' id='par_1_74' title="bbox 2195 1328 3879 1399">
     <span class='ocr_line' id='line_1_74' title="bbox 2195 1328 3879 1399; baseline -0.002 -12"><span class='ocrx_word' id='word_1_561' title='bbox 2195 1331 2424 1387; x_wconf 91' lang='lat' dir='ltr'><strong>ethnicis</strong></span> <span class='ocrx_word' id='word_1_562' title='bbox 2453 1329 2584 1385; x_wconf 90' lang='lat' dir='ltr'><strong>nihil</strong></span> <span class='ocrx_word' id='word_1_563' title='bbox 2621 1330 2720 1385; x_wconf 88' lang='lat' dir='ltr'><strong>hac</strong></span> <span class='ocrx_word' id='word_1_564' title='bbox 2757 1330 2808 1384; x_wconf 96' lang='lat' dir='ltr'><strong>in</strong></span> <span class='ocrx_word' id='word_1_565' title='bbox 2836 1345 2898 1384; x_wconf 86' lang='lat' dir='ltr'><strong>re</strong></span> <span class='ocrx_word' id='word_1_566' title='bbox 2922 1328 3254 1394; x_wconf 79' lang='lat' dir='ltr'><strong>dill‘eramus,</strong></span> <span class='ocrx_word' id='word_1_567' title='bbox 3281 1328 3554 1398; x_wconf 85' lang='lat' dir='ltr'><strong>quomodo</strong></span> <span class='ocrx_word' id='word_1_568' title='bbox 3576 1343 3607 1382; x_wconf 92' lang='lat' dir='ltr'><strong>a</strong></span> <span class='ocrx_word' id='word_1_569' title='bbox 3637 1328 3785 1384; x_wconf 90' lang='lat' dir='ltr'><strong>luctu</strong></span> <span class='ocrx_word' id='word_1_570' title='bbox 3865 1390 3879 1399; x_wconf 59' lang='grc'><em>,</em></span> 
     </span>
    </p>
   </div>
   <div class='ocr_carea' id='block_1_75' title="bbox 2194 1419 3787 1492">
    <p class='ocr_par' dir='ltr' id='par_1_75' title="bbox 2194 1419 3787 1492">
     <span class='ocr_line' id='line_1_75' title="bbox 2194 1419 3787 1492; baseline -0.001 -16"><span class='ocrx_word' id='word_1_571' title='bbox 2194 1432 2250 1476; x_wconf 91' lang='lat' dir='ltr'><strong>et</strong></span> <span class='ocrx_word' id='word_1_572' title='bbox 2274 1437 2304 1475; x_wconf 90' lang='lat' dir='ltr'><strong>a</strong></span> <span class='ocrx_word' id='word_1_573' title='bbox 2335 1421 2583 1492; x_wconf 82' lang='lat' dir='ltr'><strong>laerymis</strong></span> <span class='ocrx_word' id='word_1_574' title='bbox 2608 1420 3005 1491; x_wconf 82' lang='lat' dir='ltr'><strong>temperemus?</strong></span> <span class='ocrx_word' id='word_1_575' title='bbox 3029 1419 3134 1475; x_wconf 90' lang='lat' dir='ltr'><strong>Sed</strong></span> <span class='ocrx_word' id='word_1_576' title='bbox 3162 1420 3363 1474; x_wconf 89' lang='lat' dir='ltr'><strong>utinam</strong></span> <span class='ocrx_word' id='word_1_577' title='bbox 3385 1419 3489 1474; x_wconf 90' lang='lat' dir='ltr'><strong>hoc</strong></span> <span class='ocrx_word' id='word_1_578' title='bbox 3508 1419 3787 1476; x_wconf 78' lang='lat' dir='ltr'><strong>dumtaxat</strong></span> 
     </span>
    </p>
   </div>
   <div class='ocr_carea' id='block_1_76' title="bbox 2195 1511 3783 1569">
    <p class='ocr_par' dir='ltr' id='par_1_76' title="bbox 2195 1511 3783 1569">
     <span class='ocr_line' id='line_1_76' title="bbox 2195 1511 3783 1569; baseline -0.002 0"><span class='ocrx_word' id='word_1_579' title='bbox 2195 1514 2396 1569; x_wconf 89' lang='lat' dir='ltr'><strong>malum</strong></span> <span class='ocrx_word' id='word_1_580' title='bbox 2421 1513 2637 1568; x_wconf 88' lang='lat' dir='ltr'><strong>adesset</strong></span> <span class='ocrx_word' id='word_1_581' title='bbox 2661 1530 2677 1569; x_wconf 91' lang='lat'><strong>:</strong></span> <span class='ocrx_word' id='word_1_582' title='bbox 2706 1527 2849 1567; x_wconf 91' lang='lat' dir='ltr'><strong>nunc</strong></span> <span class='ocrx_word' id='word_1_583' title='bbox 2869 1512 3014 1567; x_wconf 91' lang='lat' dir='ltr'><strong>enim</strong></span> <span class='ocrx_word' id='word_1_584' title='bbox 3041 1520 3246 1567; x_wconf 89' lang='lat' dir='ltr'><strong>tantum</strong></span> <span class='ocrx_word' id='word_1_585' title='bbox 3276 1512 3429 1567; x_wconf 88' lang='lat' dir='ltr'><strong>abest</strong></span> <span class='ocrx_word' id='word_1_586' title='bbox 3457 1520 3516 1565; x_wconf 91' lang='lat' dir='ltr'><strong>ut</strong></span> <span class='ocrx_word' id='word_1_587' title='bbox 3538 1511 3783 1566; x_wconf 83' lang='lat' dir='ltr'><strong>inimicos</strong></span> 
     </span>
    </p>
   </div>
   <div class='ocr_carea' id='block_1_77' title="bbox 2193 1604 3783 1676">
    <p class='ocr_par' dir='ltr' id='par_1_77' title="bbox 2193 1604 3783 1676">
     <span class='ocr_line' id='line_1_77' title="bbox 2193 1604 3783 1676; baseline -0.001 -15"><span class='ocrx_word' id='word_1_588' title='bbox 2193 1606 2497 1676; x_wconf 80' lang='lat' dir='ltr'><strong>diligamus,</strong></span> <span class='ocrx_word' id='word_1_589' title='bbox 2534 1615 2593 1660; x_wconf 90' lang='lat' dir='ltr'><strong>ut</strong></span> <span class='ocrx_word' id='word_1_590' title='bbox 2620 1606 2781 1660; x_wconf 90' lang='lat' dir='ltr'><strong>etiam</strong></span> <span class='ocrx_word' id='word_1_591' title='bbox 2827 1619 2923 1660; x_wconf 90' lang='lat' dir='ltr'><strong>eos</strong></span> <span class='ocrx_word' id='word_1_592' title='bbox 2950 1605 3041 1674; x_wconf 93' lang='lat' dir='ltr'><strong>qui</strong></span> <span class='ocrx_word' id='word_1_593' title='bbox 3086 1620 3185 1660; x_wconf 92' lang='lat' dir='ltr'><strong>nos</strong></span> <span class='ocrx_word' id='word_1_594' title='bbox 3223 1604 3449 1674; x_wconf 85' lang='lat' dir='ltr'><strong>diligunt</strong></span> <span class='ocrx_word' id='word_1_595' title='bbox 3473 1619 3783 1660; x_wconf 88' lang='lat' dir='ltr'><strong>aversemur</strong></span> 
     </span>
    </p>
   </div>
   <div class='ocr_carea' id='block_1_78' title="bbox 2193 1694 3785 1766">
    <p class='ocr_par' dir='ltr' id='par_1_78' title="bbox 2193 1694 3785 1766">
     <span class='ocr_line' id='line_1_78' title="bbox 2193 1694 3785 1766; baseline -0.001 -13"><span class='ocrx_word' id='word_1_596' title='bbox 2193 1706 2250 1753; x_wconf 90' lang='lat' dir='ltr'><strong>et</strong></span> <span class='ocrx_word' id='word_1_597' title='bbox 2270 1697 2394 1752; x_wconf 89' lang='lat' dir='ltr'><strong>odio</strong></span> <span class='ocrx_word' id='word_1_598' title='bbox 2418 1696 2731 1751; x_wconf 88' lang='lat' dir='ltr'><strong>habeamus.</strong></span> <span class='ocrx_word' id='word_1_599' title='bbox 2753 1694 2997 1752; x_wconf 84' lang='lat' dir='ltr'><strong>Invidere</strong></span> <span class='ocrx_word' id='word_1_600' title='bbox 3017 1711 3247 1766; x_wconf 88' lang='lat' dir='ltr'><strong>namque</strong></span> <span class='ocrx_word' id='word_1_601' title='bbox 3268 1695 3395 1761; x_wconf 90' lang='lat' dir='ltr'><strong>illis,</strong></span> <span class='ocrx_word' id='word_1_602' title='bbox 3418 1695 3600 1749; x_wconf 88' lang='lat' dir='ltr'><strong>verbis</strong></span> <span class='ocrx_word' id='word_1_603' title='bbox 3622 1704 3785 1763; x_wconf 81' lang='lat' dir='ltr'><strong>atque</strong></span> 
     </span>
    </p>
   </div>
   <div class='ocr_carea' id='block_1_79' title="bbox 2192 1786 3771 1860">
    <p class='ocr_par' dir='ltr' id='par_1_79' title="bbox 2192 1786 3771 1860">
     <span class='ocr_line' id='line_1_79' title="bbox 2192 1786 3771 1860; baseline -0.002 -16"><span class='ocrx_word' id='word_1_604' title='bbox 2192 1790 2358 1860; x_wconf 87' lang='lat' dir='ltr'><strong>gestis</strong></span> <span class='ocrx_word' id='word_1_605' title='bbox 2383 1789 2581 1844; x_wconf 89' lang='lat' dir='ltr'><strong>nostris</strong></span> <span class='ocrx_word' id='word_1_606' title='bbox 2614 1788 2840 1859; x_wconf 88' lang='lat' dir='ltr'><strong>gloriam</strong></span> <span class='ocrx_word' id='word_1_607' title='bbox 2868 1796 2925 1843; x_wconf 89' lang='lat' dir='ltr'><strong>et</strong></span> <span class='ocrx_word' id='word_1_608' title='bbox 2963 1786 3154 1842; x_wconf 89' lang='lat' dir='ltr'><strong>famam</strong></span> <span class='ocrx_word' id='word_1_609' title='bbox 3194 1788 3299 1841; x_wconf 92' lang='lat' dir='ltr'><strong>illis</strong></span> <span class='ocrx_word' id='word_1_610' title='bbox 3329 1786 3562 1851; x_wconf 87' lang='lat' dir='ltr'><strong>auferre,</strong></span> <span class='ocrx_word' id='word_1_611' title='bbox 3593 1786 3771 1841; x_wconf 84' lang='lat' dir='ltr'><strong>edien-</strong></span> 
     </span>
    </p>
   </div>
   <div class='ocr_carea' id='block_1_80' title="bbox 2197 1877 3784 1937">
    <p class='ocr_par' dir='ltr' id='par_1_80' title="bbox 2197 1877 3784 1937">
     <span class='ocr_line' id='line_1_80' title="bbox 2197 1877 3784 1937; baseline -0.003 0"><span class='ocrx_word' id='word_1_612' title='bbox 2197 1883 2328 1937; x_wconf 92' lang='lat' dir='ltr'><strong>tium</strong></span> <span class='ocrx_word' id='word_1_613' title='bbox 2365 1889 2421 1935; x_wconf 89' lang='lat' dir='ltr'><strong>et</strong></span> <span class='ocrx_word' id='word_1_614' title='bbox 2449 1881 2810 1936; x_wconf 86' lang='lat' dir='ltr'><strong>aversantium</strong></span> <span class='ocrx_word' id='word_1_615' title='bbox 2847 1889 2949 1934; x_wconf 89' lang='lat' dir='ltr'><strong>est.</strong></span> <span class='ocrx_word' id='word_1_616' title='bbox 2979 1879 3055 1934; x_wconf 88' lang='lat' dir='ltr'><strong>Ita</strong></span> <span class='ocrx_word' id='word_1_617' title='bbox 3085 1895 3191 1933; x_wconf 92' lang='lat' dir='ltr'><strong>non</strong></span> <span class='ocrx_word' id='word_1_618' title='bbox 3236 1879 3409 1934; x_wconf 87' lang='lat' dir='ltr'><strong>solum</strong></span> <span class='ocrx_word' id='word_1_619' title='bbox 3442 1878 3512 1933; x_wconf 90' lang='lat' dir='ltr'><strong>ab</strong></span> <span class='ocrx_word' id='word_1_620' title='bbox 3554 1877 3784 1932; x_wconf 79' lang='lat' dir='ltr'><strong>ethnicis</strong></span> 
     </span>
    </p>
   </div>
   <div class='ocr_carea' id='block_1_81' title="bbox 2195 1964 3784 2040">
    <p class='ocr_par' dir='ltr' id='par_1_81' title="bbox 2195 1964 3784 2040">
     <span class='ocr_line' id='line_1_81' title="bbox 2195 1964 3784 2040; baseline -0.006 -11"><span class='ocrx_word' id='word_1_621' title='bbox 2195 1973 2327 2029; x_wconf 88' lang='lat' dir='ltr'><strong>nihil</strong></span> <span class='ocrx_word' id='word_1_622' title='bbox 2354 1972 2672 2039; x_wconf 70' lang='lat' dir='ltr'><strong>differimus,</strong></span> <span class='ocrx_word' id='word_1_623' title='bbox 2706 1970 2798 2026; x_wconf 91' lang='lat' dir='ltr'><strong>sed</strong></span> <span class='ocrx_word' id='word_1_624' title='bbox 2826 1986 2887 2025; x_wconf 91' lang='lat' dir='ltr'><strong>ea</strong></span> <span class='ocrx_word' id='word_1_625' title='bbox 2939 1971 2990 2025; x_wconf 92' lang='lat' dir='ltr'><strong>in</strong></span> <span class='ocrx_word' id='word_1_626' title='bbox 3032 1985 3092 2025; x_wconf 92' lang='lat' dir='ltr'><strong>re</strong></span> <span class='ocrx_word' id='word_1_627' title='bbox 3120 1970 3278 2040; x_wconf 83' lang='lat' dir='ltr'><strong>longe</strong></span> <span class='ocrx_word' id='word_1_628' title='bbox 3304 1970 3489 2039; x_wconf 88' lang='lat' dir='ltr'><strong>pejore</strong></span> <span class='ocrx_word' id='word_1_629' title='bbox 3517 1964 3678 2038; x_wconf 84' lang='lat' dir='ltr'><strong>quam</strong></span> <span class='ocrx_word' id='word_1_630' title='bbox 3707 1967 3784 2021; x_wconf 87' lang='lat' dir='ltr'><strong>illi</strong></span> 
     </span>
    </p>
   </div>
   <div class='ocr_carea' id='block_1_82' title="bbox 2193 2060 3784 2132">
    <p class='ocr_par' dir='ltr' id='par_1_82' title="bbox 2193 2060 3784 2132">
     <span class='ocr_line' id='line_1_82' title="bbox 2193 2060 3784 2132; baseline -0.006 -11"><span class='ocrx_word' id='word_1_631' title='bbox 2193 2065 2390 2121; x_wconf 78' lang='lat' dir='ltr'><strong>all‘cctu</strong></span> <span class='ocrx_word' id='word_1_632' title='bbox 2411 2079 2616 2120; x_wconf 91' lang='lat' dir='ltr'><strong>sumus.</strong></span> <span class='ocrx_word' id='word_1_633' title='bbox 2655 2065 2736 2119; x_wconf 82' lang='lat' dir='ltr'><strong>Ac</strong></span> <span class='ocrx_word' id='word_1_634' title='bbox 2759 2063 3005 2118; x_wconf 87' lang='lat' dir='ltr'><strong>Christus</strong></span> <span class='ocrx_word' id='word_1_635' title='bbox 3025 2061 3239 2132; x_wconf 91' lang='lat' dir='ltr'><strong>quidem</strong></span> <span class='ocrx_word' id='word_1_636' title='bbox 3271 2077 3368 2131; x_wconf 91' lang='lat' dir='ltr'><strong>pro</strong></span> <span class='ocrx_word' id='word_1_637' title='bbox 3403 2060 3784 2116; x_wconf 85' lang='lat' dir='ltr'><strong>calumnianti-</strong></span> 
     </span>
    </p>
   </div>
   <div class='ocr_carea' id='block_1_83' title="bbox 2195 2151 3787 2225">
    <p class='ocr_par' dir='ltr' id='par_1_83' title="bbox 2195 2151 3787 2225">
     <span class='ocr_line' id='line_1_83' title="bbox 2195 2151 3787 2225; baseline -0.004 -13"><span class='ocrx_word' id='word_1_638' title='bbox 2195 2157 2297 2213; x_wconf 86' lang='lat' dir='ltr'><strong>bus</strong></span> <span class='ocrx_word' id='word_1_639' title='bbox 2337 2170 2492 2212; x_wconf 87' lang='lat' dir='ltr'><strong>orare</strong></span> <span class='ocrx_word' id='word_1_640' title='bbox 2524 2155 2706 2225; x_wconf 91' lang='lat' dir='ltr'><strong>jussit,</strong></span> <span class='ocrx_word' id='word_1_641' title='bbox 2747 2170 2847 2209; x_wconf 90' lang='lat' dir='ltr'><strong>nos</strong></span> <span class='ocrx_word' id='word_1_642' title='bbox 2883 2164 3062 2209; x_wconf 90' lang='lat' dir='ltr'><strong>autem</strong></span> <span class='ocrx_word' id='word_1_643' title='bbox 3093 2152 3246 2208; x_wconf 88' lang='lat' dir='ltr'><strong>dolos</strong></span> <span class='ocrx_word' id='word_1_644' title='bbox 3280 2151 3686 2216; x_wconf 89' lang='lat' dir='ltr'><strong>concinnamus,</strong></span> <span class='ocrx_word' id='word_1_645' title='bbox 3730 2161 3787 2206; x_wconf 93' lang='lat' dir='ltr'><strong>et</strong></span> 
     </span>
    </p>
   </div>
   <div class='ocr_carea' id='block_1_84' title="bbox 2193 2242 3785 2317">
    <p class='ocr_par' dir='ltr' id='par_1_84' title="bbox 2193 2242 3785 2317">
     <span class='ocr_line' id='line_1_84' title="bbox 2193 2242 3785 2317; baseline -0.004 -14"><span class='ocrx_word' id='word_1_646' title='bbox 2193 2247 2633 2303; x_wconf 87' lang='lat' dir='ltr'><strong>maledicentihus</strong></span> <span class='ocrx_word' id='word_1_647' title='bbox 2665 2246 2986 2302; x_wconf 90' lang='lat' dir='ltr'><strong>benedicere</strong></span> <span class='ocrx_word' id='word_1_648' title='bbox 3018 2244 3178 2317; x_wconf 90' lang='lat' dir='ltr'><strong>jussi,</strong></span> <span class='ocrx_word' id='word_1_649' title='bbox 3222 2242 3444 2300; x_wconf 89' lang='lat' dir='ltr'><strong>eosdem</strong></span> <span class='ocrx_word' id='word_1_650' title='bbox 3489 2242 3785 2298; x_wconf 86' lang='lat' dir='ltr'><strong>innumeris</strong></span> 
     </span>
    </p>
   </div>
   <div class='ocr_carea' id='block_1_85' title="bbox 2192 2340 2822 2395">
    <p class='ocr_par' dir='ltr' id='par_1_85' title="bbox 2192 2340 2822 2395">
     <span class='ocr_line' id='line_1_85' title="bbox 2192 2340 2822 2395; baseline -0.005 -1"><span class='ocrx_word' id='word_1_651' title='bbox 2192 2340 2494 2395; x_wconf 83' lang='lat' dir='ltr'><strong>maledictis</strong></span> <span class='ocrx_word' id='word_1_652' title='bbox 2516 2353 2822 2394; x_wconf 87' lang='lat' dir='ltr'><strong>oneramus.</strong></span> 
     </span>
    </p>
   </div>
   <div class='ocr_carea' id='block_1_86' title="bbox 2274 2426 3785 2502">
    <p class='ocr_par' dir='ltr' id='par_1_86' title="bbox 2274 2426 3785 2502">
     <span class='ocr_line' id='line_1_86' title="bbox 2274 2426 3785 2502; baseline -0.001 -18"><span class='ocrx_word' id='word_1_653' title='bbox 2274 2430 2417 2485; x_wconf 82' lang='lat' dir='ltr'><strong>Vana</strong></span> <span class='ocrx_word' id='word_1_654' title='bbox 2438 2431 2602 2502; x_wconf 86' lang='lat' dir='ltr'><strong>gloria</strong></span> <span class='ocrx_word' id='word_1_655' title='bbox 2630 2430 2762 2484; x_wconf 84' lang='lat' dir='ltr'><strong>bona</strong></span> <span class='ocrx_word' id='word_1_656' title='bbox 2790 2446 2945 2500; x_wconf 85' lang='lat' dir='ltr'><strong>opera</strong></span> <span class='ocrx_word' id='word_1_657' title='bbox 2972 2428 3175 2483; x_wconf 88' lang='lat' dir='ltr'><strong>inutilia</strong></span> <span class='ocrx_word' id='word_1_658' title='bbox 3208 2427 3395 2482; x_wconf 85' lang='lat' dir='ltr'><strong>reddit.</strong></span> <span class='ocrx_word' id='word_1_659' title='bbox 3424 2455 3497 2469; x_wconf 89' lang='lat'><strong>—</strong></span> <span class='ocrx_word' id='word_1_660' title='bbox 3519 2426 3657 2497; x_wconf 85' lang='lat' dir='ltr'><strong>Quid</strong></span> <span class='ocrx_word' id='word_1_661' title='bbox 3683 2426 3785 2482; x_wconf 86' lang='lat' dir='ltr'><strong>hac</strong></span> 
     </span>
    </p>
   </div>
   <div class='ocr_carea' id='block_1_87' title="bbox 2189 2520 3788 2596">
    <p class='ocr_par' dir='ltr' id='par_1_87' title="bbox 2189 2520 3788 2596">
     <span class='ocr_line' id='line_1_87' title="bbox 2189 2520 3788 2596; baseline -0.005 -15"><span class='ocrx_word' id='word_1_662' title='bbox 2189 2526 2461 2581; x_wconf 78' lang='lat' dir='ltr'><strong>Contraria</strong></span> <span class='ocrx_word' id='word_1_663' title='bbox 2489 2524 2683 2596; x_wconf 87' lang='lat' dir='ltr'><strong>agendi</strong></span> <span class='ocrx_word' id='word_1_664' title='bbox 2725 2525 2935 2580; x_wconf 89' lang='lat' dir='ltr'><strong>ratione</strong></span> <span class='ocrx_word' id='word_1_665' title='bbox 2978 2522 3370 2588; x_wconf 89' lang='lat' dir='ltr'><strong>vehementius,</strong></span> <span class='ocrx_word' id='word_1_666' title='bbox 3403 2520 3532 2592; x_wconf 85' lang='lat' dir='ltr'><strong>quid</strong></span> <span class='ocrx_word' id='word_1_667' title='bbox 3570 2520 3788 2591; x_wconf 80' lang='lat' dir='ltr'><strong>gravius</strong></span> 
     </span>
    </p>
   </div>
   <div class='ocr_carea' id='block_1_88' title="bbox 2191 2612 3782 2689">
    <p class='ocr_par' dir='ltr' id='par_1_88' title="bbox 2191 2612 3782 2689">
     <span class='ocr_line' id='line_1_88' title="bbox 2191 2612 3782 2689; baseline -0.003 -17"><span class='ocrx_word' id='word_1_668' title='bbox 2191 2616 2293 2672; x_wconf 90' lang='lat' dir='ltr'><strong>hac</strong></span> <span class='ocrx_word' id='word_1_669' title='bbox 2336 2632 2547 2689; x_wconf 89' lang='lat' dir='ltr'><strong>pugna,</strong></span> <span class='ocrx_word' id='word_1_670' title='bbox 2597 2631 2700 2687; x_wconf 90' lang='lat' dir='ltr'><strong>qua</strong></span> <span class='ocrx_word' id='word_1_671' title='bbox 2750 2624 2937 2670; x_wconf 89' lang='lat' dir='ltr'><strong>contra</strong></span> <span class='ocrx_word' id='word_1_672' title='bbox 2992 2615 3353 2685; x_wconf 86' lang='lat' dir='ltr'><strong>legislatorem</strong></span> <span class='ocrx_word' id='word_1_673' title='bbox 3396 2612 3782 2678; x_wconf 87' lang='lat' dir='ltr'><strong>decertamus,</strong></span> 
     </span>
    </p>
   </div>
   <div class='ocr_carea' id='block_1_89' title="bbox 2188 2704 3789 2778">
    <p class='ocr_par' dir='ltr' id='par_1_89' title="bbox 2188 2704 3789 2778">
     <span class='ocr_line' id='line_1_89' title="bbox 2188 2704 3789 2778; baseline -0.004 -14"><span class='ocrx_word' id='word_1_674' title='bbox 2188 2709 2440 2764; x_wconf 88' lang='lat' dir='ltr'><strong>omnibus</strong></span> <span class='ocrx_word' id='word_1_675' title='bbox 2488 2708 2603 2778; x_wconf 87' lang='lat' dir='ltr'><strong>ejus</strong></span> <span class='ocrx_word' id='word_1_676' title='bbox 2630 2707 2911 2777; x_wconf 70' lang='lat' dir='ltr'><strong>pra3ceptis</strong></span> <span class='ocrx_word' id='word_1_677' title='bbox 2937 2705 3151 2762; x_wconf 87' lang='lat' dir='ltr'><strong>adversi</strong></span> <span class='ocrx_word' id='word_1_678' title='bbox 3193 2705 3433 2761; x_wconf 75' lang='lat' dir='ltr'><strong>stantes?</strong></span> <span class='ocrx_word' id='word_1_679' title='bbox 3473 2704 3603 2759; x_wconf 84' lang='lat' dir='ltr'><strong>Nam</strong></span> <span class='ocrx_word' id='word_1_680' title='bbox 3631 2719 3789 2758; x_wconf 68' lang='lat' dir='ltr'><strong>vanae</strong></span> 
     </span>
    </p>
   </div>
   <div class='ocr_carea' id='block_1_90' title="bbox 2187 2796 3787 2871">
    <p class='ocr_par' dir='ltr' id='par_1_90' title="bbox 2187 2796 3787 2871">
     <span class='ocr_line' id='line_1_90' title="bbox 2187 2796 3787 2871; baseline -0.003 -16"><span class='ocrx_word' id='word_1_681' title='bbox 2187 2799 2373 2871; x_wconf 67' lang='lat' dir='ltr'><strong>gloriae</strong></span> <span class='ocrx_word' id='word_1_682' title='bbox 2417 2798 2777 2870; x_wconf 87' lang='lat' dir='ltr'><strong>tyrannidem,</strong></span> <span class='ocrx_word' id='word_1_683' title='bbox 2831 2814 2991 2869; x_wconf 90' lang='lat' dir='ltr'><strong>quam</strong></span> <span class='ocrx_word' id='word_1_684' title='bbox 3038 2798 3152 2868; x_wconf 90' lang='lat' dir='ltr'><strong>ipse</strong></span> <span class='ocrx_word' id='word_1_685' title='bbox 3198 2796 3547 2867; x_wconf 87' lang='lat' dir='ltr'><strong>sequentibus</strong></span> <span class='ocrx_word' id='word_1_686' title='bbox 3599 2796 3787 2851; x_wconf 72' lang='lat' dir='ltr'><strong>verbis</strong></span> 
     </span>
    </p>
   </div>
   <div class='ocr_carea' id='block_1_91' title="bbox 2189 2886 3786 2958">
    <p class='ocr_par' dir='ltr' id='par_1_91' title="bbox 2189 2886 3786 2958">
     <span class='ocr_line' id='line_1_91' title="bbox 2189 2886 3786 2958; baseline -0.003 -12"><span class='ocrx_word' id='word_1_687' title='bbox 2189 2892 2435 2955; x_wconf 88' lang='lat' dir='ltr'><strong>destruit,</strong></span> <span class='ocrx_word' id='word_1_688' title='bbox 2460 2904 2557 2945; x_wconf 91' lang='lat' dir='ltr'><strong>nos</strong></span> <span class='ocrx_word' id='word_1_689' title='bbox 2576 2890 2843 2955; x_wconf 79' lang='lat' dir='ltr'><strong>auximus,</strong></span> <span class='ocrx_word' id='word_1_690' title='bbox 2868 2889 2996 2944; x_wconf 89' lang='lat' dir='ltr'><strong>dum</strong></span> <span class='ocrx_word' id='word_1_691' title='bbox 3021 2904 3142 2944; x_wconf 90' lang='lat' dir='ltr'><strong>eam</strong></span> <span class='ocrx_word' id='word_1_692' title='bbox 3168 2904 3277 2945; x_wconf 92' lang='lat' dir='ltr'><strong>non</strong></span> <span class='ocrx_word' id='word_1_693' title='bbox 3300 2888 3353 2942; x_wconf 92' lang='lat' dir='ltr'><strong>in</strong></span> <span class='ocrx_word' id='word_1_694' title='bbox 3384 2902 3571 2958; x_wconf 88' lang='lat' dir='ltr'><strong>preces</strong></span> <span class='ocrx_word' id='word_1_695' title='bbox 3597 2886 3786 2947; x_wconf 89' lang='lat' dir='ltr'><strong>modo.</strong></span> 
     </span>
    </p>
   </div>
   <div class='ocr_carea' id='block_1_92' title="bbox 2182 2980 3786 3055">
    <p class='ocr_par' dir='ltr' id='par_1_92' title="bbox 2182 2980 3786 3055">
     <span class='ocr_line' id='line_1_92' title="bbox 2182 2980 3786 3055; baseline -0.001 -20"><span class='ocrx_word' id='word_1_696' title='bbox 2182 2984 2386 3055; x_wconf 79' lang='lat' dir='ltr'><strong>jejunia</strong></span> <span class='ocrx_word' id='word_1_697' title='bbox 2425 2993 2481 3039; x_wconf 91' lang='lat' dir='ltr'><strong>et</strong></span> <span class='ocrx_word' id='word_1_698' title='bbox 2523 2984 2921 3050; x_wconf 77' lang='lat' dir='ltr'><strong>elcetnosynas,</strong></span> <span class='ocrx_word' id='word_1_699' title='bbox 2965 2982 3059 3037; x_wconf 90' lang='lat' dir='ltr'><strong>sed</strong></span> <span class='ocrx_word' id='word_1_700' title='bbox 3105 2983 3158 3037; x_wconf 92' lang='lat' dir='ltr'><strong>in</strong></span> <span class='ocrx_word' id='word_1_701' title='bbox 3202 2982 3307 3036; x_wconf 88' lang='lat' dir='ltr'><strong>alia</strong></span> <span class='ocrx_word' id='word_1_702' title='bbox 3346 2994 3559 3051; x_wconf 91' lang='lat' dir='ltr'><strong>quoque</strong></span> <span class='ocrx_word' id='word_1_703' title='bbox 3601 2980 3786 3036; x_wconf 77' lang='lat' dir='ltr'><strong>omnia</strong></span> 
     </span>
    </p>
   </div>
   <div class='ocr_carea' id='block_1_93' title="bbox 2190 3072 3787 3145">
    <p class='ocr_par' dir='ltr' id='par_1_93' title="bbox 2190 3072 3787 3145">
     <span class='ocr_line' id='line_1_93' title="bbox 2190 3072 3787 3145; baseline -0.003 -15"><span class='ocrx_word' id='word_1_704' title='bbox 2190 3076 2533 3142; x_wconf 83' lang='lat' dir='ltr'><strong>induxitnus,</strong></span> <span class='ocrx_word' id='word_1_705' title='bbox 2582 3075 2739 3145; x_wconf 90' lang='lat' dir='ltr'><strong>eique</strong></span> <span class='ocrx_word' id='word_1_706' title='bbox 2783 3074 2902 3144; x_wconf 88' lang='lat' dir='ltr'><strong>plus</strong></span> <span class='ocrx_word' id='word_1_707' title='bbox 2957 3089 3116 3144; x_wconf 89' lang='lat' dir='ltr'><strong>quam</strong></span> <span class='ocrx_word' id='word_1_708' title='bbox 3164 3074 3309 3128; x_wconf 88' lang='lat' dir='ltr'><strong>servi</strong></span> <span class='ocrx_word' id='word_1_709' title='bbox 3364 3074 3382 3105; x_wconf 77' lang='grc'>⁸</span> <span class='ocrx_word' id='word_1_710' title='bbox 3418 3072 3640 3144; x_wconf 89' lang='lat' dir='ltr'><strong>quilibet</strong></span> <span class='ocrx_word' id='word_1_711' title='bbox 3679 3086 3787 3126; x_wconf 89' lang='lat' dir='ltr'><strong>nos</strong></span> 
     </span>
    </p>
   </div>
   <div class='ocr_carea' id='block_1_94' title="bbox 2189 3164 3783 3238">
    <p class='ocr_par' dir='ltr' id='par_1_94' title="bbox 2189 3164 3783 3238">
     <span class='ocr_line' id='line_1_94' title="bbox 2189 3164 3783 3238; baseline -0.003 -16"><span class='ocrx_word' id='word_1_712' title='bbox 2189 3168 2502 3238; x_wconf 85' lang='lat' dir='ltr'><strong>subjicimus</strong></span> <span class='ocrx_word' id='word_1_713' title='bbox 2526 3185 2538 3222; x_wconf 88' lang='lat'><strong>:</strong></span> <span class='ocrx_word' id='word_1_714' title='bbox 2567 3182 2726 3238; x_wconf 92' lang='lat' dir='ltr'><strong>quam</strong></span> <span class='ocrx_word' id='word_1_715' title='bbox 2753 3181 2890 3236; x_wconf 91' lang='lat' dir='ltr'><strong>rem,</strong></span> <span class='ocrx_word' id='word_1_716' title='bbox 2931 3166 3073 3237; x_wconf 89' lang='lat' dir='ltr'><strong>quod</strong></span> <span class='ocrx_word' id='word_1_717' title='bbox 3104 3165 3385 3221; x_wconf 82' lang='lat' dir='ltr'><strong>manifesta</strong></span> <span class='ocrx_word' id='word_1_718' title='bbox 3416 3165 3661 3221; x_wconf 84' lang='lat' dir='ltr'><strong>omnibus</strong></span> <span class='ocrx_word' id='word_1_719' title='bbox 3685 3164 3783 3226; x_wconf 86' lang='lat' dir='ltr'><strong>sit,</strong></span> 
     </span>
    </p>
   </div>
   <div class='ocr_carea' id='block_1_95' title="bbox 2189 3256 3785 3330">
    <p class='ocr_par' dir='ltr' id='par_1_95' title="bbox 2189 3256 3785 3330">
     <span class='ocr_line' id='line_1_95' title="bbox 2189 3256 3785 3330; baseline -0.003 -17"><span class='ocrx_word' id='word_1_720' title='bbox 2189 3269 2476 3330; x_wconf 74' lang='lat' dir='ltr'><strong>prtetereo,</strong></span> <span class='ocrx_word' id='word_1_721' title='bbox 2525 3259 2628 3315; x_wconf 91' lang='lat' dir='ltr'><strong>hoc</strong></span> <span class='ocrx_word' id='word_1_722' title='bbox 2665 3260 2896 3330; x_wconf 86' lang='lat' dir='ltr'><strong>adjecto,</strong></span> <span class='ocrx_word' id='word_1_723' title='bbox 2941 3274 3134 3329; x_wconf 86' lang='lat' dir='ltr'><strong>nempe</strong></span> <span class='ocrx_word' id='word_1_724' title='bbox 3177 3274 3244 3314; x_wconf 84' lang='lat' dir='ltr'><strong>ex</strong></span> <span class='ocrx_word' id='word_1_725' title='bbox 3286 3258 3588 3314; x_wconf 90' lang='lat' dir='ltr'><strong>hominibus</strong></span> <span class='ocrx_word' id='word_1_726' title='bbox 3620 3256 3785 3321; x_wconf 86' lang='lat' dir='ltr'><strong>alios,</strong></span> 
     </span>
    </p>
   </div>
   <div class='ocr_carea' id='block_1_96' title="bbox 2190 3340 3787 3423">
    <p class='ocr_par' dir='ltr' id='par_1_96' title="bbox 2190 3340 3787 3423">
     <span class='ocr_line' id='line_1_96' title="bbox 2190 3340 3787 3423; baseline -0.003 -15"><span class='ocrx_word' id='word_1_727' title='bbox 2190 3362 2470 3423; x_wconf 87' lang='lat' dir='ltr'><strong>postquam</strong></span> <span class='ocrx_word' id='word_1_728' title='bbox 2510 3360 2752 3408; x_wconf 85' lang='lat' dir='ltr'><strong>extremo</strong></span> <span class='ocrx_word' id='word_1_729' title='bbox 2786 3352 3115 3422; x_wconf 87' lang='lat' dir='ltr'><strong>contemptui</strong></span> <span class='ocrx_word' id='word_1_730' title='bbox 3153 3340 3214 3407; x_wconf 86' lang='lat' dir='ltr'><strong>se</strong></span> <span class='ocrx_word' id='word_1_731' title='bbox 3256 3350 3593 3415; x_wconf 86' lang='lat' dir='ltr'><strong>dediderunt,</strong></span> <span class='ocrx_word' id='word_1_732' title='bbox 3636 3349 3787 3404; x_wconf 71' lang='lat' dir='ltr'><strong>nulla</strong></span> 
     </span>
    </p>
   </div>
   <div class='ocr_carea' id='block_1_97' title="bbox 2190 3442 3786 3516">
    <p class='ocr_par' dir='ltr' id='par_1_97' title="bbox 2190 3442 3786 3516">
     <span class='ocr_line' id='line_1_97' title="bbox 2190 3442 3786 3516; baseline -0.003 -16"><span class='ocrx_word' id='word_1_733' title='bbox 2190 3455 2457 3516; x_wconf 67' lang='lat' dir='ltr'><strong>praecepta</strong></span> <span class='ocrx_word' id='word_1_734' title='bbox 2482 3461 2710 3507; x_wconf 83' lang='lat' dir='ltr'><strong>curare:</strong></span> <span class='ocrx_word' id='word_1_735' title='bbox 2739 3446 2875 3501; x_wconf 91' lang='lat' dir='ltr'><strong>alios</strong></span> <span class='ocrx_word' id='word_1_736' title='bbox 2901 3461 3033 3502; x_wconf 87' lang='lat' dir='ltr'><strong>vero</strong></span> <span class='ocrx_word' id='word_1_737' title='bbox 3062 3444 3322 3515; x_wconf 87' lang='lat' dir='ltr'><strong>tantisper</strong></span> <span class='ocrx_word' id='word_1_738' title='bbox 3349 3443 3567 3513; x_wconf 88' lang='lat' dir='ltr'><strong>obsequi</strong></span> <span class='ocrx_word' id='word_1_739' title='bbox 3591 3442 3786 3496; x_wconf 86' lang='lat' dir='ltr'><strong>volen-</strong></span> 
     </span>
    </p>
   </div>
   <div class='ocr_carea' id='block_1_98' title="bbox 2192 3533 3786 3608">
    <p class='ocr_par' dir='ltr' id='par_1_98' title="bbox 2192 3533 3786 3608">
     <span class='ocr_line' id='line_1_98' title="bbox 2192 3533 3786 3608; baseline -0.008 -14"><span class='ocrx_word' id='word_1_740' title='bbox 2192 3546 2291 3604; x_wconf 84' lang='lat' dir='ltr'><strong>tes,</strong></span> <span class='ocrx_word' id='word_1_741' title='bbox 2335 3547 2391 3593; x_wconf 94' lang='lat' dir='ltr'><strong>et</strong></span> <span class='ocrx_word' id='word_1_742' title='bbox 2415 3538 2591 3608; x_wconf 89' lang='lat' dir='ltr'><strong>aliqua</strong></span> <span class='ocrx_word' id='word_1_743' title='bbox 2634 3552 2851 3594; x_wconf 87' lang='lat' dir='ltr'><strong>servare</strong></span> <span class='ocrx_word' id='word_1_744' title='bbox 2876 3547 3141 3607; x_wconf 62' lang='lat' dir='ltr'><strong>praecepta</strong></span> <span class='ocrx_word' id='word_1_745' title='bbox 3186 3535 3483 3601; x_wconf 89' lang='lat' dir='ltr'><strong>studentes,</strong></span> <span class='ocrx_word' id='word_1_746' title='bbox 3514 3534 3566 3588; x_wconf 92' lang='lat' dir='ltr'><strong>in</strong></span> <span class='ocrx_word' id='word_1_747' title='bbox 3612 3533 3786 3597; x_wconf 81' lang='lat' dir='ltr'><strong>idem,</strong></span> 
     </span>
    </p>
   </div>
   <div class='ocr_carea' id='block_1_99' title="bbox 2188 3627 3787 3701">
    <p class='ocr_par' dir='ltr' id='par_1_99' title="bbox 2188 3627 3787 3701">
     <span class='ocr_line' id='line_1_99' title="bbox 2188 3627 3787 3701; baseline -0.004 -15"><span class='ocrx_word' id='word_1_748' title='bbox 2188 3639 2350 3701; x_wconf 84' lang='lat' dir='ltr'><strong>atque</strong></span> <span class='ocrx_word' id='word_1_749' title='bbox 2379 3631 2476 3696; x_wconf 92' lang='lat' dir='ltr'><strong>illi,</strong></span> <span class='ocrx_word' id='word_1_750' title='bbox 2499 3631 2878 3686; x_wconf 85' lang='lat' dir='ltr'><strong>detrimentum</strong></span> <span class='ocrx_word' id='word_1_751' title='bbox 2922 3645 3104 3697; x_wconf 91' lang='lat' dir='ltr'><strong>ruere,</strong></span> <span class='ocrx_word' id='word_1_752' title='bbox 3131 3630 3273 3700; x_wconf 90' lang='lat' dir='ltr'><strong>quod</strong></span> <span class='ocrx_word' id='word_1_753' title='bbox 3299 3630 3468 3684; x_wconf 92' lang='lat' dir='ltr'><strong>nolint</strong></span> <span class='ocrx_word' id='word_1_754' title='bbox 3494 3644 3639 3682; x_wconf 80' lang='lat' dir='ltr'><strong>vana:</strong></span> <span class='ocrx_word' id='word_1_755' title='bbox 3662 3627 3787 3697; x_wconf 89' lang='lat' dir='ltr'><strong>glo-</strong></span> 
     </span>
    </p>
   </div>
   <div class='ocr_carea' id='block_1_100' title="bbox 2188 3722 3787 3794">
    <p class='ocr_par' dir='ltr' id='par_1_100' title="bbox 2188 3722 3787 3794">
     <span class='ocr_line' id='line_1_100' title="bbox 2188 3722 3787 3794; baseline -0.003 -15"><span class='ocrx_word' id='word_1_756' title='bbox 2188 3724 2283 3779; x_wconf 61' lang='lat' dir='ltr'><strong>rise</strong></span> <span class='ocrx_word' id='word_1_757' title='bbox 2324 3723 2536 3779; x_wconf 87' lang='lat' dir='ltr'><strong>vincula</strong></span> <span class='ocrx_word' id='word_1_758' title='bbox 2581 3723 2873 3794; x_wconf 91' lang='lat' dir='ltr'><strong>deponere.</strong></span> <span class='ocrx_word' id='word_1_759' title='bbox 2919 3724 2987 3779; x_wconf 84' lang='lat' dir='ltr'><strong>Et</strong></span> <span class='ocrx_word' id='word_1_760' title='bbox 3036 3724 3173 3779; x_wconf 89' lang='lat' dir='ltr'><strong>alius</strong></span> <span class='ocrx_word' id='word_1_761' title='bbox 3219 3723 3435 3794; x_wconf 91' lang='lat' dir='ltr'><strong>quidem</strong></span> <span class='ocrx_word' id='word_1_762' title='bbox 3480 3722 3787 3777; x_wconf 86' lang='lat' dir='ltr'><strong>nullatenus</strong></span> 
     </span>
    </p>
   </div>
   <div class='ocr_carea' id='block_1_101' title="bbox 2190 3817 3784 3889">
    <p class='ocr_par' dir='ltr' id='par_1_101' title="bbox 2190 3817 3784 3889">
     <span class='ocr_line' id='line_1_101' title="bbox 2190 3817 3784 3889; baseline -0.004 -15"><span class='ocrx_word' id='word_1_763' title='bbox 2190 3818 2586 3889; x_wconf 86' lang='lat' dir='ltr'><strong>eleemosynam</strong></span> <span class='ocrx_word' id='word_1_764' title='bbox 2614 3825 2818 3888; x_wconf 88' lang='lat' dir='ltr'><strong>erogat,</strong></span> <span class='ocrx_word' id='word_1_765' title='bbox 2848 3818 2938 3888; x_wconf 91' lang='lat' dir='ltr'><strong>qui</strong></span> <span class='ocrx_word' id='word_1_766' title='bbox 2972 3828 3150 3872; x_wconf 90' lang='lat' dir='ltr'><strong>autem</strong></span> <span class='ocrx_word' id='word_1_767' title='bbox 3179 3817 3364 3887; x_wconf 86' lang='lat' dir='ltr'><strong>egenis</strong></span> <span class='ocrx_word' id='word_1_768' title='bbox 3391 3830 3604 3871; x_wconf 89' lang='lat' dir='ltr'><strong>suorum</strong></span> <span class='ocrx_word' id='word_1_769' title='bbox 3628 3829 3784 3883; x_wconf 71' lang='lat' dir='ltr'><strong>qure-</strong></span> 
     </span>
    </p>
   </div>
   <div class='ocr_carea' id='block_1_102' title="bbox 2189 3905 3789 3981">
    <p class='ocr_par' dir='ltr' id='par_1_102' title="bbox 2189 3905 3789 3981">
     <span class='ocr_line' id='line_1_102' title="bbox 2189 3905 3789 3981; baseline -0.003 -15"><span class='ocrx_word' id='word_1_770' title='bbox 2189 3909 2311 3966; x_wconf 85' lang='lat' dir='ltr'><strong>dam</strong></span> <span class='ocrx_word' id='word_1_771' title='bbox 2345 3911 2583 3981; x_wconf 82' lang='lat' dir='ltr'><strong>largitur,</strong></span> <span class='ocrx_word' id='word_1_772' title='bbox 2613 3909 2710 3966; x_wconf 91' lang='lat' dir='ltr'><strong>sed</strong></span> <span class='ocrx_word' id='word_1_773' title='bbox 2738 3924 2870 3963; x_wconf 90' lang='lat' dir='ltr'><strong>vana</strong></span> <span class='ocrx_word' id='word_1_774' title='bbox 2898 3918 3178 3979; x_wconf 89' lang='lat' dir='ltr'><strong>permotus</strong></span> <span class='ocrx_word' id='word_1_775' title='bbox 3201 3908 3390 3979; x_wconf 87' lang='lat' dir='ltr'><strong>gloria,</strong></span> <span class='ocrx_word' id='word_1_776' title='bbox 3425 3923 3529 3962; x_wconf 91' lang='lat' dir='ltr'><strong>non</strong></span> <span class='ocrx_word' id='word_1_777' title='bbox 3558 3905 3789 3962; x_wconf 78' lang='lat' dir='ltr'><strong>meliore</strong></span> 
     </span>
    </p>
   </div>
   <div class='ocr_carea' id='block_1_103' title="bbox 2190 3998 3790 4071">
    <p class='ocr_par' dir='ltr' id='par_1_103' title="bbox 2190 3998 3790 4071">
     <span class='ocr_line' id='line_1_103' title="bbox 2190 3998 3790 4071; baseline -0.004 -14"><span class='ocrx_word' id='word_1_778' title='bbox 2190 4001 2496 4058; x_wconf 90' lang='lat' dir='ltr'><strong>conditione</strong></span> <span class='ocrx_word' id='word_1_779' title='bbox 2534 4011 2638 4064; x_wconf 91' lang='lat' dir='ltr'><strong>est,</strong></span> <span class='ocrx_word' id='word_1_780' title='bbox 2675 4015 2836 4071; x_wconf 89' lang='lat' dir='ltr'><strong>quam</strong></span> <span class='ocrx_word' id='word_1_781' title='bbox 2875 4001 2923 4055; x_wconf 90' lang='lat' dir='ltr'><strong>is</strong></span> <span class='ocrx_word' id='word_1_782' title='bbox 2964 4000 3055 4070; x_wconf 91' lang='lat' dir='ltr'><strong>qui</strong></span> <span class='ocrx_word' id='word_1_783' title='bbox 3101 3999 3236 4054; x_wconf 88' lang='lat' dir='ltr'><strong>nihil</strong></span> <span class='ocrx_word' id='word_1_784' title='bbox 3272 3998 3439 4054; x_wconf 89' lang='lat' dir='ltr'><strong>dedit.</strong></span> <span class='ocrx_word' id='word_1_785' title='bbox 3475 3998 3564 4053; x_wconf 91' lang='lat' dir='ltr'><strong>Sic</strong></span> <span class='ocrx_word' id='word_1_786' title='bbox 3594 4011 3790 4051; x_wconf 75' lang='lat' dir='ltr'><strong>omnes</strong></span> 
     </span>
    </p>
   </div>
   <div class='ocr_carea' id='block_1_104' title="bbox 2190 4089 3787 4165">
    <p class='ocr_par' dir='ltr' id='par_1_104' title="bbox 2190 4089 3787 4165">
     <span class='ocr_line' id='line_1_104' title="bbox 2190 4089 3787 4165; baseline -0.003 -16"><span class='ocrx_word' id='word_1_787' title='bbox 2190 4094 2429 4165; x_wconf 90' lang='lat' dir='ltr'><strong>undique</strong></span> <span class='ocrx_word' id='word_1_788' title='bbox 2470 4094 2522 4148; x_wconf 92' lang='lat' dir='ltr'><strong>in</strong></span> <span class='ocrx_word' id='word_1_789' title='bbox 2562 4094 2784 4164; x_wconf 89' lang='lat' dir='ltr'><strong>laqueos</strong></span> <span class='ocrx_word' id='word_1_790' title='bbox 2819 4107 2948 4148; x_wconf 89' lang='lat' dir='ltr'><strong>suos</strong></span> <span class='ocrx_word' id='word_1_791' title='bbox 2986 4092 3172 4164; x_wconf 91' lang='lat' dir='ltr'><strong>injecit</strong></span> <span class='ocrx_word' id='word_1_792' title='bbox 3213 4092 3497 4163; x_wconf 83' lang='lat' dir='ltr'><strong>malignus.</strong></span> <span class='ocrx_word' id='word_1_793' title='bbox 3538 4089 3686 4157; x_wconf 86' lang='lat' dir='ltr'><strong>Quod</strong></span> <span class='ocrx_word' id='word_1_794' title='bbox 3731 4091 3787 4144; x_wconf 87' lang='lat' dir='ltr'><strong>si</strong></span> 
     </span>
    </p>
   </div>
   <div class='ocr_carea' id='block_1_105' title="bbox 2190 4184 3787 4256">
    <p class='ocr_par' dir='ltr' id='par_1_105' title="bbox 2190 4184 3787 4256">
     <span class='ocr_line' id='line_1_105' title="bbox 2190 4184 3787 4256; baseline -0.001 -17"><span class='ocrx_word' id='word_1_795' title='bbox 2190 4187 2309 4256; x_wconf 90' lang='lat' dir='ltr'><strong>quis</strong></span> <span class='ocrx_word' id='word_1_796' title='bbox 2346 4185 2449 4241; x_wconf 91' lang='lat' dir='ltr'><strong>hoc</strong></span> <span class='ocrx_word' id='word_1_797' title='bbox 2478 4184 2858 4241; x_wconf 88' lang='lat' dir='ltr'><strong>detrimentum</strong></span> <span class='ocrx_word' id='word_1_798' title='bbox 2885 4187 3056 4241; x_wconf 89' lang='lat' dir='ltr'><strong>vitare</strong></span> <span class='ocrx_word' id='word_1_799' title='bbox 3085 4186 3274 4255; x_wconf 90' lang='lat' dir='ltr'><strong>possit,</strong></span> <span class='ocrx_word' id='word_1_800' title='bbox 3316 4186 3547 4239; x_wconf 89' lang='lat' dir='ltr'><strong>amentia</strong></span> <span class='ocrx_word' id='word_1_801' title='bbox 3588 4186 3787 4239; x_wconf 87' lang='lat' dir='ltr'><strong>iterum</strong></span> 
     </span>
    </p>
   </div>
   <div class='ocr_carea' id='block_1_106' title="bbox 2190 4276 3789 4349">
    <p class='ocr_par' dir='ltr' id='par_1_106' title="bbox 2190 4276 3789 4349">
     <span class='ocr_line' id='line_1_106' title="bbox 2190 4276 3789 4349; baseline -0.002 -16"><span class='ocrx_word' id='word_1_802' title='bbox 2190 4289 2488 4349; x_wconf 88' lang='lat' dir='ltr'><strong>correptus,</strong></span> <span class='ocrx_word' id='word_1_803' title='bbox 2532 4278 2589 4333; x_wconf 90' lang='lat' dir='ltr'><strong>in</strong></span> <span class='ocrx_word' id='word_1_804' title='bbox 2628 4277 2874 4335; x_wconf 89' lang='lat' dir='ltr'><strong>eamdem</strong></span> <span class='ocrx_word' id='word_1_805' title='bbox 2904 4279 3112 4333; x_wconf 90' lang='lat' dir='ltr'><strong>ruinam</strong></span> <span class='ocrx_word' id='word_1_806' title='bbox 3146 4277 3362 4343; x_wconf 91' lang='lat' dir='ltr'><strong>incidet,</strong></span> <span class='ocrx_word' id='word_1_807' title='bbox 3397 4277 3505 4331; x_wconf 90' lang='lat' dir='ltr'><strong>imo</strong></span> <span class='ocrx_word' id='word_1_808' title='bbox 3546 4278 3595 4331; x_wconf 92' lang='lat' dir='ltr'><strong>in</strong></span> <span class='ocrx_word' id='word_1_809' title='bbox 3622 4276 3789 4345; x_wconf 78' lang='lat' dir='ltr'><strong>longe</strong></span> 
     </span>
    </p>
   </div>
   <div class='ocr_carea' id='block_1_107' title="bbox 2189 4365 3788 4439">
    <p class='ocr_par' dir='ltr' id='par_1_107' title="bbox 2189 4365 3788 4439">
     <span class='ocr_line' id='line_1_107' title="bbox 2189 4365 3788 4439; baseline -0.003 -16"><span class='ocrx_word' id='word_1_810' title='bbox 2189 4369 2533 4439; x_wconf 87' lang='lat' dir='ltr'><strong>graviorem:</strong></span> <span class='ocrx_word' id='word_1_811' title='bbox 2568 4384 2673 4424; x_wconf 92' lang='lat' dir='ltr'><strong>non</strong></span> <span class='ocrx_word' id='word_1_812' title='bbox 2721 4370 2896 4425; x_wconf 88' lang='lat' dir='ltr'><strong>solum</strong></span> <span class='ocrx_word' id='word_1_813' title='bbox 2940 4369 3108 4433; x_wconf 91' lang='lat' dir='ltr'><strong>enim,</strong></span> <span class='ocrx_word' id='word_1_814' title='bbox 3153 4377 3211 4424; x_wconf 93' lang='lat' dir='ltr'><strong>ut</strong></span> <span class='ocrx_word' id='word_1_815' title='bbox 3251 4379 3397 4433; x_wconf 91' lang='lat' dir='ltr'><strong>ante,</strong></span> <span class='ocrx_word' id='word_1_816' title='bbox 3448 4383 3569 4424; x_wconf 90' lang='lat' dir='ltr'><strong>cum</strong></span> <span class='ocrx_word' id='word_1_817' title='bbox 3611 4365 3788 4421; x_wconf 80' lang='lat' dir='ltr'><strong>detri-</strong></span> 
     </span>
    </p>
   </div>
   <div class='ocr_carea' id='block_1_108' title="bbox 2190 4458 3789 4526">
    <p class='ocr_par' dir='ltr' id='par_1_108' title="bbox 2190 4458 3789 4526">
     <span class='ocr_line' id='line_1_108' title="bbox 2190 4458 3789 4526; baseline 0 -12"><span class='ocrx_word' id='word_1_818' title='bbox 2190 4470 2372 4516; x_wconf 89' lang='lat' dir='ltr'><strong>mento</strong></span> <span class='ocrx_word' id='word_1_819' title='bbox 2398 4462 2621 4526; x_wconf 90' lang='lat' dir='ltr'><strong>recedit,</strong></span> <span class='ocrx_word' id='word_1_820' title='bbox 2655 4460 2751 4517; x_wconf 90' lang='lat' dir='ltr'><strong>sed</strong></span> <span class='ocrx_word' id='word_1_821' title='bbox 2797 4475 2938 4517; x_wconf 90' lang='lat' dir='ltr'><strong>novo</strong></span> <span class='ocrx_word' id='word_1_822' title='bbox 2962 4461 3123 4516; x_wconf 84' lang='lat' dir='ltr'><strong>etiam</strong></span> <span class='ocrx_word' id='word_1_823' title='bbox 3150 4459 3374 4516; x_wconf 76' lang='lat' dir='ltr'><strong>allectus</strong></span> <span class='ocrx_word' id='word_1_824' title='bbox 3401 4460 3561 4515; x_wconf 90' lang='lat' dir='ltr'><strong>malo.</strong></span> <span class='ocrx_word' id='word_1_825' title='bbox 3591 4458 3789 4514; x_wconf 81' lang='lat' dir='ltr'><strong>Multos</strong></span> 
     </span>
    </p>
   </div>
   <div class='ocr_carea' id='block_1_109' title="bbox 2189 4550 3788 4622">
    <p class='ocr_par' dir='ltr' id='par_1_109' title="bbox 2189 4550 3788 4622">
     <span class='ocr_line' id='line_1_109' title="bbox 2189 4550 3788 4622; baseline 0.001 -19"><span class='ocrx_word' id='word_1_826' title='bbox 2189 4566 2290 4621; x_wconf 84' lang='lat' dir='ltr'><strong>ego</strong></span> <span class='ocrx_word' id='word_1_827' title='bbox 2334 4553 2477 4617; x_wconf 88' lang='lat' dir='ltr'><strong>novi,</strong></span> <span class='ocrx_word' id='word_1_828' title='bbox 2529 4552 2617 4622; x_wconf 92' lang='lat' dir='ltr'><strong>qui</strong></span> <span class='ocrx_word' id='word_1_829' title='bbox 2653 4567 2759 4607; x_wconf 94' lang='lat' dir='ltr'><strong>non</strong></span> <span class='ocrx_word' id='word_1_830' title='bbox 2802 4551 2889 4607; x_wconf 92' lang='lat' dir='ltr'><strong>his</strong></span> <span class='ocrx_word' id='word_1_831' title='bbox 2930 4552 3101 4606; x_wconf 88' lang='lat' dir='ltr'><strong>solum</strong></span> <span class='ocrx_word' id='word_1_832' title='bbox 3145 4552 3321 4607; x_wconf 89' lang='lat' dir='ltr'><strong>causis</strong></span> <span class='ocrx_word' id='word_1_833' title='bbox 3360 4550 3641 4616; x_wconf 90' lang='lat' dir='ltr'><strong>ducuntur,</strong></span> <span class='ocrx_word' id='word_1_834' title='bbox 3685 4551 3788 4605; x_wconf 87' lang='lat' dir='ltr'><strong>sed</strong></span> 
     </span>
    </p>
   </div>
   <div class='ocr_carea' id='block_1_110' title="bbox 2191 4641 3789 4712">
    <p class='ocr_par' dir='ltr' id='par_1_110' title="bbox 2191 4641 3789 4712">
     <span class='ocr_line' id='line_1_110' title="bbox 2191 4641 3789 4712; baseline 0.001 -16"><span class='ocrx_word' id='word_1_835' title='bbox 2191 4657 2376 4698; x_wconf 89' lang='lat' dir='ltr'><strong>amore</strong></span> <span class='ocrx_word' id='word_1_836' title='bbox 2418 4643 2582 4697; x_wconf 90' lang='lat' dir='ltr'><strong>etiam</strong></span> <span class='ocrx_word' id='word_1_837' title='bbox 2610 4643 2694 4697; x_wconf 90' lang='lat' dir='ltr'><strong>vel</strong></span> <span class='ocrx_word' id='word_1_838' title='bbox 2718 4643 3039 4709; x_wconf 88' lang='lat' dir='ltr'><strong>reverentia,</strong></span> <span class='ocrx_word' id='word_1_839' title='bbox 3071 4642 3260 4698; x_wconf 84' lang='lat' dir='ltr'><strong>aliisve</strong></span> <span class='ocrx_word' id='word_1_840' title='bbox 3287 4642 3567 4707; x_wconf 89' lang='lat' dir='ltr'><strong>similibus,</strong></span> <span class='ocrx_word' id='word_1_841' title='bbox 3597 4641 3789 4712; x_wconf 82' lang='lat' dir='ltr'><strong>egenis</strong></span> 
     </span>
    </p>
   </div>
   <div class='ocr_carea' id='block_1_111' title="bbox 2190 4734 3788 4803">
    <p class='ocr_par' dir='ltr' id='par_1_111' title="bbox 2190 4734 3788 4803">
     <span class='ocr_line' id='line_1_111' title="bbox 2190 4734 3788 4803; baseline 0 -16"><span class='ocrx_word' id='word_1_842' title='bbox 2190 4748 2345 4801; x_wconf 79' lang='lat' dir='ltr'><strong>opem</strong></span> <span class='ocrx_word' id='word_1_843' title='bbox 2373 4746 2740 4803; x_wconf 89' lang='lat' dir='ltr'><strong>procurantes,</strong></span> <span class='ocrx_word' id='word_1_844' title='bbox 2776 4750 2882 4788; x_wconf 91' lang='lat' dir='ltr'><strong>non</strong></span> <span class='ocrx_word' id='word_1_845' title='bbox 2904 4743 3083 4789; x_wconf 91' lang='lat' dir='ltr'><strong>autem</strong></span> <span class='ocrx_word' id='word_1_846' title='bbox 3107 4749 3175 4789; x_wconf 89' lang='lat' dir='ltr'><strong>ex</strong></span> <span class='ocrx_word' id='word_1_847' title='bbox 3197 4735 3290 4789; x_wconf 88' lang='lat' dir='ltr'><strong>Dei</strong></span> <span class='ocrx_word' id='word_1_848' title='bbox 3315 4734 3509 4788; x_wconf 91' lang='lat' dir='ltr'><strong>timore</strong></span> <span class='ocrx_word' id='word_1_849' title='bbox 3532 4742 3623 4788; x_wconf 91' lang='lat' dir='ltr'><strong>aut</strong></span> <span class='ocrx_word' id='word_1_850' title='bbox 3642 4748 3788 4801; x_wconf 74' lang='lat' dir='ltr'><strong>prte—</strong></span> 
     </span>
    </p>
   </div>
   <div class='ocr_carea' id='block_1_112' title="bbox 2189 4823 3787 4896">
    <p class='ocr_par' dir='ltr' id='par_1_112' title="bbox 2189 4823 3787 4896">
     <span class='ocr_line' id='line_1_112' title="bbox 2189 4823 3787 4896; baseline 0 -18"><span class='ocrx_word' id='word_1_851' title='bbox 2189 4833 2365 4894; x_wconf 89' lang='lat' dir='ltr'><strong>ccpto.</strong></span> <span class='ocrx_word' id='word_1_852' title='bbox 2386 4825 2520 4878; x_wconf 85' lang='lat' dir='ltr'><strong>Cum</strong></span> <span class='ocrx_word' id='word_1_853' title='bbox 2549 4825 2726 4895; x_wconf 89' lang='lat' dir='ltr'><strong>itaque</strong></span> <span class='ocrx_word' id='word_1_854' title='bbox 2748 4835 2825 4881; x_wconf 91' lang='lat' dir='ltr'><strong>tot</strong></span> <span class='ocrx_word' id='word_1_855' title='bbox 2851 4824 3156 4896; x_wconf 79' lang='lat' dir='ltr'><strong>hujusmodi</strong></span> <span class='ocrx_word' id='word_1_856' title='bbox 3186 4825 3291 4879; x_wconf 92' lang='lat' dir='ltr'><strong>sint</strong></span> <span class='ocrx_word' id='word_1_857' title='bbox 3313 4841 3432 4895; x_wconf 75' lang='lat' dir='ltr'><strong>qua:</strong></span> <span class='ocrx_word' id='word_1_858' title='bbox 3458 4840 3618 4895; x_wconf 87' lang='lat' dir='ltr'><strong>opera</strong></span> <span class='ocrx_word' id='word_1_859' title='bbox 3641 4823 3787 4879; x_wconf 82' lang='lat' dir='ltr'><strong>bona</strong></span> 
     </span>
    </p>
   </div>
   <div class='ocr_carea' id='block_1_113' title="bbox 2140 4914 3785 4987">
    <p class='ocr_par' dir='ltr' id='par_1_113' title="bbox 2140 4914 3785 4987">
     <span class='ocr_line' id='line_1_113' title="bbox 2140 4914 3785 4987; baseline -0.001 -18"><span class='ocrx_word' id='word_1_860' title='bbox 2140 4915 2145 4919; x_wconf 75' lang='grc'><strong><em>’</em></strong></span> <span class='ocrx_word' id='word_1_861' title='bbox 2190 4915 2531 4982; x_wconf 86' lang='lat' dir='ltr'><strong>labefactent,</strong></span> <span class='ocrx_word' id='word_1_862' title='bbox 2561 4918 2680 4987; x_wconf 89' lang='lat' dir='ltr'><strong>quis</strong></span> <span class='ocrx_word' id='word_1_863' title='bbox 2720 4932 2785 4972; x_wconf 90' lang='lat' dir='ltr'><strong>ex</strong></span> <span class='ocrx_word' id='word_1_864' title='bbox 2828 4917 2916 4981; x_wconf 88' lang='lat' dir='ltr'><strong>iis,</strong></span> <span class='ocrx_word' id='word_1_865' title='bbox 2953 4916 3143 4987; x_wconf 69' lang='lat' dir='ltr'><strong>quilin</strong></span> <span class='ocrx_word' id='word_1_866' title='bbox 3175 4915 3292 4970; x_wconf 72' lang='lat' dir='ltr'><strong>hmo</strong></span> <span class='ocrx_word' id='word_1_867' title='bbox 3335 4915 3471 4970; x_wconf 88' lang='lat' dir='ltr'><strong>mala</strong></span> <span class='ocrx_word' id='word_1_868' title='bbox 3516 4914 3785 4981; x_wconf 87' lang='lat' dir='ltr'><strong>incidunt,</strong></span> 
     </span>
    </p>
   </div>
   <div class='ocr_carea' id='block_1_114' title="bbox 2189 5007 3144 5079">
    <p class='ocr_par' dir='ltr' id='par_1_114' title="bbox 2189 5007 3144 5079">
     <span class='ocr_line' id='line_1_114' title="bbox 2189 5007 3144 5079; baseline 0 -17"><span class='ocrx_word' id='word_1_869' title='bbox 2189 5007 2344 5063; x_wconf 89' lang='lat' dir='ltr'><strong>facile</strong></span> <span class='ocrx_word' id='word_1_870' title='bbox 2373 5010 2567 5077; x_wconf 89' lang='lat' dir='ltr'><strong>poterit</strong></span> <span class='ocrx_word' id='word_1_871' title='bbox 2595 5009 2821 5064; x_wconf 89' lang='lat' dir='ltr'><strong>salutem</strong></span> <span class='ocrx_word' id='word_1_872' title='bbox 2852 5007 3144 5079; x_wconf 85' lang='lat' dir='ltr'><strong>consequi?</strong></span> 
     </span>
    </p>
   </div>
   <div class='ocr_carea' id='block_1_115' title="bbox 2262 5098 3786 5174">
    <p class='ocr_par' dir='ltr' id='par_1_115' title="bbox 2262 5098 3786 5174">
     <span class='ocr_line' id='line_1_115' title="bbox 2262 5098 3786 5174; baseline -0.001 -18"><span class='ocrx_word' id='word_1_873' title='bbox 2262 5102 2316 5156; x_wconf 84' lang='grc'>5.</span> <span class='ocrx_word' id='word_1_874' title='bbox 2345 5101 2481 5156; x_wconf 83' lang='lat' dir='ltr'><strong>Illud</strong></span> <span class='ocrx_word' id='word_1_875' title='bbox 2509 5111 2687 5156; x_wconf 87' lang='lat' dir='ltr'><strong>autem</strong></span> <span class='ocrx_word' id='word_1_876' title='bbox 2718 5100 2932 5174; x_wconf 79' lang='lat' dir='ltr'><strong>(Matth.</strong></span> <span class='ocrx_word' id='word_1_877' title='bbox 2965 5101 3018 5155; x_wconf 85' lang='lat'><strong>6.</strong></span> <span class='ocrx_word' id='word_1_878' title='bbox 3045 5100 3113 5155; x_wconf 79' lang='grc'><strong>12</strong></span> <span class='ocrx_word' id='word_1_879' title='bbox 3133 5102 3149 5171; x_wconf 95' lang='grc'><strong>)</strong></span> <span class='ocrx_word' id='word_1_880' title='bbox 3173 5143 3187 5167; x_wconf 88' lang='grc'><em>,</em></span> <span class='ocrx_word' id='word_1_881' title='bbox 3216 5098 3426 5155; x_wconf 84' lang='lat' dir='ltr'><strong>Dimitte</strong></span> <span class='ocrx_word' id='word_1_882' title='bbox 3450 5100 3592 5156; x_wconf 84' lang='lat' dir='ltr'><strong>nobis</strong></span> <span class='ocrx_word' id='word_1_883' title='bbox 3616 5100 3786 5154; x_wconf 72' lang='lat' dir='ltr'><strong>debita</strong></span> 
     </span>
    </p>
   </div>
   <div class='ocr_carea' id='block_1_116' title="bbox 2189 5191 3780 5261">
    <p class='ocr_par' dir='ltr' id='par_1_116' title="bbox 2189 5191 3780 5261">
     <span class='ocr_line' id='line_1_116' title="bbox 2189 5191 3780 5261; baseline -0.001 -15"><span class='ocrx_word' id='word_1_884' title='bbox 2189 5203 2363 5249; x_wconf 86' lang='lat' dir='ltr'><strong>nostra</strong></span> <span class='ocrx_word' id='word_1_885' title='bbox 2381 5234 2397 5261; x_wconf 87' lang='lat'><strong>,</strong></span> <span class='ocrx_word' id='word_1_886' title='bbox 2427 5194 2558 5248; x_wconf 87' lang='lat' dir='ltr'><strong>sicut</strong></span> <span class='ocrx_word' id='word_1_887' title='bbox 2578 5203 2625 5247; x_wconf 89' lang='lat' dir='ltr'><strong>et</strong></span> <span class='ocrx_word' id='word_1_888' title='bbox 2649 5210 2742 5247; x_wconf 88' lang='lat' dir='ltr'><strong>nos</strong></span> <span class='ocrx_word' id='word_1_889' title='bbox 2757 5193 3058 5247; x_wconf 80' lang='lat' dir='ltr'><strong>dimittimus</strong></span> <span class='ocrx_word' id='word_1_890' title='bbox 3082 5192 3388 5246; x_wconf 80' lang='lat' dir='ltr'><strong>debitoribus</strong></span> <span class='ocrx_word' id='word_1_891' title='bbox 3414 5193 3599 5248; x_wconf 86' lang='lat' dir='ltr'><strong>nostris</strong></span> <span class='ocrx_word' id='word_1_892' title='bbox 3616 5234 3632 5258; x_wconf 87' lang='lat'><strong>,</strong></span> <span class='ocrx_word' id='word_1_893' title='bbox 3656 5191 3780 5255; x_wconf 81' lang='lat' dir='ltr'><strong>hoc,</strong></span> 
     </span>
    </p>
   </div>
   <div class='ocr_carea' id='block_1_117' title="bbox 2190 5282 3779 5354">
    <p class='ocr_par' dir='ltr' id='par_1_117' title="bbox 2190 5282 3779 5354">
     <span class='ocr_line' id='line_1_117' title="bbox 2190 5282 3779 5354; baseline -0.001 -17"><span class='ocrx_word' id='word_1_894' title='bbox 2190 5283 2439 5353; x_wconf 88' lang='lat' dir='ltr'><strong>inquam,</strong></span> <span class='ocrx_word' id='word_1_895' title='bbox 2471 5285 2590 5354; x_wconf 91' lang='lat' dir='ltr'><strong>quis</strong></span> <span class='ocrx_word' id='word_1_896' title='bbox 2616 5299 2738 5339; x_wconf 92' lang='lat' dir='ltr'><strong>cum</strong></span> <span class='ocrx_word' id='word_1_897' title='bbox 2783 5283 2976 5338; x_wconf 83' lang='lat' dir='ltr'><strong>fiducia</strong></span> <span class='ocrx_word' id='word_1_898' title='bbox 3023 5283 3204 5339; x_wconf 87' lang='lat' dir='ltr'><strong>dicat?</strong></span> <span class='ocrx_word' id='word_1_899' title='bbox 3233 5282 3461 5338; x_wconf 83' lang='lat' dir='ltr'><strong>Etiamsi</strong></span> <span class='ocrx_word' id='word_1_900' title='bbox 3502 5284 3779 5338; x_wconf 75' lang='lat' dir='ltr'><strong>enimnon</strong></span> 
     </span>
    </p>
   </div>
   <div class='ocr_carea' id='block_1_118' title="bbox 2191 5376 3784 5445">
    <p class='ocr_par' dir='ltr' id='par_1_118' title="bbox 2191 5376 3784 5445">
     <span class='ocr_line' id='line_1_118' title="bbox 2191 5376 3784 5445; baseline 0 -14"><span class='ocrx_word' id='word_1_901' title='bbox 2191 5376 2446 5432; x_wconf 68' lang='lat' dir='ltr'><strong>lzcdamus</strong></span> <span class='ocrx_word' id='word_1_902' title='bbox 2483 5378 2729 5433; x_wconf 89' lang='lat' dir='ltr'><strong>inimicos</strong></span> <span class='ocrx_word' id='word_1_903' title='bbox 2754 5420 2769 5445; x_wconf 94' lang='lat'><strong>,</strong></span> <span class='ocrx_word' id='word_1_904' title='bbox 2811 5378 3005 5433; x_wconf 88' lang='lat' dir='ltr'><strong>vulnus</strong></span> <span class='ocrx_word' id='word_1_905' title='bbox 3045 5385 3224 5432; x_wconf 89' lang='lat' dir='ltr'><strong>tamen</strong></span> <span class='ocrx_word' id='word_1_906' title='bbox 3264 5376 3563 5432; x_wconf 84' lang='lat' dir='ltr'><strong>insanabile</strong></span> <span class='ocrx_word' id='word_1_907' title='bbox 3601 5391 3784 5431; x_wconf 85' lang='lat' dir='ltr'><strong>scrva-</strong></span> 
     </span>
    </p>
   </div>
   <div class='ocr_carea' id='block_1_119' title="bbox 2189 5469 3779 5540">
    <p class='ocr_par' dir='ltr' id='par_1_119' title="bbox 2189 5469 3779 5540">
     <span class='ocr_line' id='line_1_119' title="bbox 2189 5469 3779 5540; baseline 0 -16"><span class='ocrx_word' id='word_1_908' title='bbox 2189 5484 2329 5524; x_wconf 86' lang='lat' dir='ltr'><strong>mus.</strong></span> <span class='ocrx_word' id='word_1_909' title='bbox 2347 5469 2592 5526; x_wconf 86' lang='lat' dir='ltr'><strong>Christus</strong></span> <span class='ocrx_word' id='word_1_910' title='bbox 2611 5484 2741 5525; x_wconf 85' lang='lat' dir='ltr'><strong>vero</strong></span> <span class='ocrx_word' id='word_1_911' title='bbox 2761 5484 2868 5526; x_wconf 88' lang='lat' dir='ltr'><strong>non</strong></span> <span class='ocrx_word' id='word_1_912' title='bbox 2890 5480 2948 5525; x_wconf 84' lang='lat' dir='ltr'><strong>ut</strong></span> <span class='ocrx_word' id='word_1_913' title='bbox 2968 5471 3041 5526; x_wconf 79' lang='lat' dir='ltr'><strong>ita</strong></span> <span class='ocrx_word' id='word_1_914' title='bbox 3060 5470 3234 5525; x_wconf 89' lang='lat' dir='ltr'><strong>solum</strong></span> <span class='ocrx_word' id='word_1_915' title='bbox 3256 5470 3588 5526; x_wconf 86' lang='lat' dir='ltr'><strong>dimittamus</strong></span> <span class='ocrx_word' id='word_1_916' title='bbox 3609 5478 3779 5540; x_wconf 87' lang='lat' dir='ltr'><strong>optat,</strong></span> 
     </span>
    </p>
   </div>
   <div class='ocr_carea' id='block_1_120' title="bbox 2188 5560 3781 5633">
    <p class='ocr_par' dir='ltr' id='par_1_120' title="bbox 2188 5560 3781 5633">
     <span class='ocr_line' id='line_1_120' title="bbox 2188 5560 3781 5633; baseline -0.002 -17"><span class='ocrx_word' id='word_1_917' title='bbox 2188 5561 2286 5616; x_wconf 88' lang='lat' dir='ltr'><strong>sed</strong></span> <span class='ocrx_word' id='word_1_918' title='bbox 2332 5569 2390 5616; x_wconf 90' lang='lat' dir='ltr'><strong>ut</strong></span> <span class='ocrx_word' id='word_1_919' title='bbox 2430 5576 2525 5617; x_wconf 91' lang='lat' dir='ltr'><strong>eos</strong></span> <span class='ocrx_word' id='word_1_920' title='bbox 2570 5562 2709 5617; x_wconf 89' lang='lat' dir='ltr'><strong>inter</strong></span> <span class='ocrx_word' id='word_1_921' title='bbox 2756 5562 2959 5633; x_wconf 89' lang='lat' dir='ltr'><strong>primos</strong></span> <span class='ocrx_word' id='word_1_922' title='bbox 2994 5561 3196 5617; x_wconf 90' lang='lat' dir='ltr'><strong>amicos</strong></span> <span class='ocrx_word' id='word_1_923' title='bbox 3242 5576 3608 5617; x_wconf 88' lang='lat' dir='ltr'><strong>numeremus.</strong></span> <span class='ocrx_word' id='word_1_924' title='bbox 3656 5560 3781 5614; x_wconf 88' lang='lat' dir='ltr'><strong>Ideo</strong></span> 
     </span>
    </p>
   </div>
   <div class='ocr_carea' id='block_1_121' title="bbox 2189 5652 3779 5726">
    <p class='ocr_par' dir='ltr' id='par_1_121' title="bbox 2189 5652 3779 5726">
     <span class='ocr_line' id='line_1_121' title="bbox 2189 5652 3779 5726; baseline -0.001 -18"><span class='ocrx_word' id='word_1_925' title='bbox 2189 5652 2400 5725; x_wconf 87' lang='lat' dir='ltr'><strong>itaque,</strong></span> <span class='ocrx_word' id='word_1_926' title='bbox 2443 5664 2500 5709; x_wconf 92' lang='lat' dir='ltr'><strong>ut</strong></span> <span class='ocrx_word' id='word_1_927' title='bbox 2541 5656 2689 5725; x_wconf 89' lang='lat' dir='ltr'><strong>prius</strong></span> <span class='ocrx_word' id='word_1_928' title='bbox 2716 5655 2860 5719; x_wconf 80' lang='lat' dir='ltr'><strong>dixi,</strong></span> <span class='ocrx_word' id='word_1_929' title='bbox 2905 5672 3001 5723; x_wconf 84' lang='lat' dir='ltr'><strong>pro</strong></span> <span class='ocrx_word' id='word_1_930' title='bbox 3039 5656 3101 5711; x_wconf 91' lang='lat' dir='ltr'><strong>iis</strong></span> <span class='ocrx_word' id='word_1_931' title='bbox 3128 5670 3285 5711; x_wconf 90' lang='lat' dir='ltr'><strong>orare</strong></span> <span class='ocrx_word' id='word_1_932' title='bbox 3309 5654 3486 5726; x_wconf 87' lang='lat' dir='ltr'><strong>jussit.</strong></span> <span class='ocrx_word' id='word_1_933' title='bbox 3527 5652 3582 5710; x_wconf 90' lang='lat' dir='ltr'><strong>Si</strong></span> <span class='ocrx_word' id='word_1_934' title='bbox 3621 5667 3779 5724; x_wconf 89' lang='lat' dir='ltr'><strong>porro</strong></span> 
     </span>
    </p>
   </div>
   <div class='ocr_carea' id='block_1_122' title="bbox 2259 5769 3005 5835">
    <p class='ocr_par' dir='ltr' id='par_1_122' title="bbox 2259 5769 3005 5835">
     <span class='ocr_line' id='line_1_122' title="bbox 2259 5769 3005 5835; baseline 0 -16"><span class='ocrx_word' id='word_1_935' title='bbox 2259 5772 2273 5803; x_wconf 78' lang='grc' dir='ltr'>ί</span> <span class='ocrx_word' id='word_1_936' title='bbox 2312 5778 2431 5835; x_wconf 77' lang='lat' dir='ltr'><strong>vox,</strong></span> <span class='ocrx_word' id='word_1_937' title='bbox 2457 5770 2610 5833; x_wconf 74' lang='lat' dir='ltr'><strong>servi,</strong></span> <span class='ocrx_word' id='word_1_938' title='bbox 2634 5769 2779 5821; x_wconf 88' lang='lat' dir='ltr'><strong>deest</strong></span> <span class='ocrx_word' id='word_1_939' title='bbox 2801 5770 2850 5819; x_wconf 85' lang='lat' dir='ltr'><strong>in</strong></span> <span class='ocrx_word' id='word_1_940' title='bbox 2873 5771 3005 5821; x_wconf 86' lang='lat' dir='ltr'><strong>Colb.</strong></span> 
     </span>
    </p>
   </div>
  </div>
