4032 6454
266 338 361 396 601
1094 324 1101 329 ’
1151 330 1240 389 DE
1276 326 1829 394 COMPUNCTIONE,
1870 322 1963 381 AD
2003 316 2432 384 DEMETRIUM.
2474 323 2603 383 LIB.
2646 324 2687 383 I.

266 456 398 511 nihil
430 454 643 527 quidem
692 452 875 517 laedas,
917 450 1013 508 sed
1039 448 1347 515 averseris,
1381 460 1485 502 nec
1512 444 1723 517 placide
1773 457 1861 497 re-

267 549 466 617 spicias
484 590 499 614 ,
525 548 819 617 vulnusque
842 546 895 600 in
915 544 1096 602 animo
1116 556 1401 598 conserves
1421 581 1439 608 ,
1462 538 1698 596 nondum
1722 553 1858 608 pra:-

267 648 485 709 ccptum
539 648 865 709 exsequutus
924 653 1026 704 es,
1074 635 1214 707 quod
1264 634 1504 690 Christus
1551 631 1715 687 dedit.
1758 629 1866 685 Cur

269 745 404 801 ergo
438 730 610 785 Deum
642 730 726 795 iis,
758 730 845 799 qui
870 729 921 784 in
952 738 1003 783 te
1032 726 1391 798 peccaverint,
1427 723 1715 796 propitium
1745 736 1866 778 esse

268 838 429 893 rogas
454 862 470 887 ,
495 838 616 876 cum
646 820 883 877 nondum
915 830 969 876 tu
1001 820 1131 890 ipsis
1158 819 1417 889 propitius
1453 817 1574 872 sis?
1603 815 1735 871 Illud
1769 831 1866 868 au-

270 926 379 974 tem
426 916 659 971 irridens
698 916 912 987 quidam
959 914 1261 985 sapientum
1310 914 1386 967 ait
1418 929 1431 966 :
1465 910 1633 966 "omo
1670 906 1869 992 homini

269 1018 532 1063 conservat
562 1010 690 1062 iram
714 1050 730 1073 ,
759 1017 806 1062 et
824 1025 858 1061 a
883 1007 1097 1061 Domino
1124 1006 1309 1076 quierit
1350 1003 1645 1058 medelam?
1674 1002 1870 1056 miseri-

269 1101 502 1156 cordiam
540 1118 641 1156 non
665 1099 812 1155 habet
850 1117 969 1171 erga
995 1100 1247 1153 hominem
1272 1096 1366 1152 sibi
1393 1096 1638 1166 a'qualem
1661 1136 1677 1162 ,
1708 1104 1752 1147 et
1779 1110 1869 1163 pro

275 1205 479 1265 peccato
500 1210 591 1249 suo
616 1193 892 1262 precatur?
929 1209 1048 1247 caro
1074 1209 1188 1245 cum
1214 1192 1323 1262 ipse
1346 1191 1411 1244 sit
1435 1228 1451 1256 ,
1483 1199 1647 1244 servat
1692 1188 1822 1242 iram
1846 1187 1871 1241 1’

274 1296 320 1339 et
348 1285 462 1353 quis
505 1283 862 1354 propitiabitur
907 1283 1124 1353 peccatis
1164 1283 1276 1351 ejus
1308 1280 1509 1351 (Eccli.
1540 1284 1635 1340 28.
1686 1276 1868 1349 5-5)?

281 1375 483 1431 Vellem
510 1376 618 1444 jam
665 1375 827 1430 silere
862 1383 918 1429 et
962 1374 1231 1428 sermonis
1270 1386 1488 1426 cursum
1529 1381 1721 1426 snstere
1755 1387 1767 1423 :
1798 1369 1871 1424 ita

274 1466 483 1537 pudore
534 1463 740 1520 afﬁcior
765 1501 781 1530 ,
840 1478 1138 1533 vereorque
1183 1462 1404 1517 ulterius
1452 1460 1696 1531 progredi
1728 1459 1873 1515 :hoc

273 1560 420 1613 enim
445 1558 664 1623 bellum,
693 1555 836 1627 quod
866 1557 1132 1610 movimus
1153 1562 1340 1609 contra
1364 1563 1627 1623 praecepta
1648 1550 1869 1618 Christi,

276 1649 721 1718 inimicitiamqt‘te
774 1645 1314 1711 irreconciliabilcm,
1366 1643 1566 1699 clarius
1612 1643 1714 1697 hoc
1755 1656 1868 1698 ser‘

275 1755 437 1795 moue
465 1740 881 1795 demonstratur.
913 1736 1021 1793 Sed
1063 1736 1189 1807 quid
1233 1735 1368 1791 lucri
1418 1750 1485 1790 ex
1524 1734 1737 1790 silentio
1767 1750 1866 1788 no-

275 1843 426 1901 stro,
455 1835 616 1889 rebus
646 1833 776 1902 ipsis
822 1846 1052 1903 pugnam
1083 1830 1230 1884 illam
1270 1828 1644 1895 clamantibus,
1681 1835 1736 1883 et
1778 1827 1871 1881 illo

273 1928 367 1998 qui
394 1925 838 1996 nosjudicaturus
862 1933 964 1990 est,
986 1922 1166 1979 omnia
1187 1920 1466 1992 perspicue
1489 1927 1872 1991 cognoscente,

275 2019 368 2078 vel
396 2029 522 2075 ante
545 2034 725 2075 rerum
760 2016 1051 2074 eventum?
1080 2016 1413 2084 Prmceptum
1448 2013 1577 2068 illud
1615 2028 1719 2067 non
1753 2012 1875 2069 the-

274 2111 586 2169 saurizandi
617 2113 669 2165 in
711 2119 888 2175 terra,
939 2108 1035 2164 sed
1083 2100 1333 2173 in'caelo,
1385 2105 1597 2161 etiamsi
1639 2119 1873 2176 paucos,

276 2204 569 2260 nonnullos
598 2210 776 2257 tamen
801 2200 1040 2272 reperias
1062 2241 1077 2266 ,
1103 2199 1195 2271 qui
1218 2207 1469 2254 accurate
1501 2196 1873 2253 custodierint.

273 2295 412 2351 Nam
430 2294 611 2350 caueri
629 2307 839 2361 omnes,
857 2306 921 2347 ac
935 2292 978 2347 si
993 2291 1321 2347 contrarium
1340 2304 1563 2361 prorsus
1576 2288 1873 2356 audissent,

270 2386 519 2457 iussique
548 2393 731 2441 essent
753 2384 806 2438 in
834 2392 973 2438 terra
998 2382 1361 2437 thesaurizare
1382 2421 1398 2448 ,
1446 2379 1669 2435 dimisso
1695 2380 1832 2434 ccelo
1857 2418 1873 2446 ,

276 2480 507 2536 terrenis
526 2478 775 2533 omnibus
792 2491 1012 2548 prorsus
1026 2476 1324 2541 adhazrent,
1345 2482 1400 2529 et
1416 2473 1604 2528 insano
1626 2472 1875 2542 pecunias

276 2570 567 2642 colligendi
608 2569 786 2624 studio
815 2576 1082 2631 tenentur,
1115 2566 1390 2634 Deumque
1414 2562 1540 2619 odio
1571 2562 1832 2617 habentes
1857 2602 1871 2627 ,

274 2679 585 2719 mamonam
612 2662 837 2731 diligunt
866 2677 879 2714 :
907 2658 1033 2713 illud
1066 2668 1242 2712 autem
1263 2699 1277 2721 ,
1329 2654 1419 2710 Ne
1449 2655 1653 2710 solliciti
1677 2655 1787 2708 sitis
1812 2653 1877 2706 de

276 2754 503 2808 crastino
533 2754 547 2783 ¹
593 2751 806 2824 (Matth.
837 2750 891 2806 6.
927 2749 1054 2821 54),
1088 2747 1359 2803 neminem
1404 2746 1486 2802 vel
1531 2744 1744 2801 audisse
1791 2744 1873 2800 vel

275 2832 592 2916 amplexum
639 2859 762 2899 esse
809 2842 933 2897 novi
981 2842 1051 2896 ob
1110 2840 1235 2896 fidei
1280 2848 1478 2895 nostrae
1536 2840 1871 2895 tenuitatem.

274 2936 615 3007 Quapropter
658 2935 760 2988 hoc
803 2943 1127 3004 praeceptum
1176 2946 1286 3001 prae
1336 2929 1539 3001 pudore
1569 2929 1875 2999 prmteribo.

275 3026 573 3094 Oportebat
600 3024 816 3079 Christo
843 3040 960 3078 eam
990 3021 1308 3079 sententiam
1335 3021 1649 3090 simpliciter
1682 3020 1875 3076 ferenti

275 3116 441 3172 fidem
472 3116 704 3183 habere;
735 3130 877 3170 nunc
903 3124 1112 3179 autem,
1147 3115 1272 3170 licet
1298 3114 1490 3169 invicta
1521 3113 1799 3168 ratiocinia
1820 3122 1876 3167 et

274 3210 526 3280 exempla
552 3209 779 3276 afferat,
807 3209 986 3264 avium
1012 3206 1265 3263 videlicet
1288 3217 1341 3261 et
1370 3206 1497 3261 fmni
1521 3246 1535 3273 ,
1565 3205 1665 3275 ipsi
1695 3215 1873 3259 tamen

273 3318 390 3357 non
439 3301 745 3367 credimus;
800 3300 896 3356 sed
947 3299 1400 3370 quemadmodum
1453 3297 1555 3368 ipsi
1608 3298 1871 3369 gentiles,

273 3394 391 3449 imo
418 3391 644 3447 forLasse
677 3391 912 3446 timidius
936 3406 1093 3461 quam
1124 3390 1237 3457 illi,
1268 3391 1368 3445 etsi
1392 3404 1488 3459 pro
1517 3389 1620 3443 illis
1668 3387 1875 3456 precari

274 3500 389 3541 non
409 3485 721 3555 jubeamur,
754 3499 971 3540 onmem
1005 3484 1056 3537 in
1090 3483 1174 3538 his
1204 3483 1334 3553 ipsis
1365 3482 1525 3537 rebus
1555 3480 1873 3537 sollicitudi-

277 3592 406 3632 nem
451 3575 829 3647 impendimus.
862 3575 974 3630 lloc
1022 3575 1219 3645 igitur,
1265 3583 1321 3627 ut
1359 3573 1502 3641 dixi,
1550 3581 1874 3645 praeceptum

274 3685 406 3726 cum
437 3670 634 3724 rubore
659 3668 948 3740 prasteribo
970 3708 985 3735 ,
1020 3677 1075 3722 et
1115 3666 1182 3722 ad
1229 3667 1506 3737 sequentia
1544 3680 1759 3736 pergam
1782 3702 1797 3732 ,
1830 3667 1874 3720 si

277 3762 423 3820 forte
473 3778 571 3833 pro
615 3761 925 3831 huiusmodi
975 3760 1179 3831 pudore
1219 3759 1449 3828 aliquam
1479 3800 1495 3826 ,
1526 3760 1609 3815 vel
1661 3768 1874 3813 tenuem

277 3853 706 3908 consolationem
738 3853 1023 3922 reperiam.
1047 3851 1184 3919 Quid
1206 3866 1334 3922 ergo
1355 3851 1485 3905 dicit
1512 3850 1738 3921 postea?
1764 3849 1881 3904 No-

280 3946 373 4000 lite
388 3946 657 4015 judicare,
699 3953 755 3999 ut
784 3961 886 3999 non
925 3945 1228 4015 jadicemini
1255 3943 1471 4016 (Matth.
1500 3944 1553 4000 7.
1586 3942 1661 4016 ι’).
1714 3944 1878 4000 Puta-

279 4036 411 4091 ham
434 4052 531 4106 ego
561 4036 647 4091 hic
685 4051 773 4091 me
812 4033 1042 4106 aliquam
1074 4036 1295 4106 pudoris
1321 4036 1751 4092 consolationem
1788 4050 1877 4091 re.

280 4135 560 4198 perturum
586 4142 707 4183 esse
730 4143 744 4192 ;
790 4128 885 4183 sed
914 4127 1070 4181 video
1093 4127 1334 4197 ejusdem
1366 4128 1582 4197 pudoris
1608 4129 1878 4184 accessio-

283 4233 413 4274 nem
446 4234 552 4274 non
582 4218 879 4274 minimam.
910 4219 1121 4274 Etenim
1154 4219 1361 4273 etiamsi
1403 4218 1535 4272 nihil
1564 4218 1708 4273 aliud
1755 4219 1880 4274 mali

282 4309 601 4364 fecissemus
625 4351 639 4376 ,
663 4310 747 4365 vel
781 4311 880 4364 hoc
906 4325 1069 4364 unum
1102 4317 1287 4379 posset
1333 4323 1433 4363 nos
1479 4308 1533 4362 in
1580 4318 1881 4365 extremam

283 4400 589 4472 gehennam
616 4401 915 4467 abducere;
963 4402 1035 4454 ita
1078 4400 1285 4455 scilicet
1326 4400 1626 4455 alienorum
1658 4399 1884 4455 delicto-

286 4509 412 4550 rum
459 4495 637 4549 accrbi
676 4494 883 4565 judices
927 4494 1214 4562 sedemus,
1265 4494 1390 4549 dum
1441 4495 1617 4549 trabes
1652 4505 1883 4558 nostras

288 4589 618 4657 despicimus
646 4607 664 4643 ς
696 4597 855 4660 atque
899 4590 953 4645 in
983 4590 1173 4646 alienis
1221 4589 1432 4644 curiose
1460 4588 1793 4659 inquirendis
1831 4596 1884 4645 et

285 4680 609 4735 damnandis
640 4690 747 4735 tota
776 4681 884 4735 vita
917 4682 1249 4736 consumitur
1272 4689 1475 4735 nostra.
1506 4681 1583 4735 Ac
1614 4680 1882 4736 neminem

287 4770 451 4825 facile
495 4771 770 4836 invenias,
817 4786 918 4826 nec
962 4772 1276 4827 sazcularem
1306 4772 1514 4839 virum,
1564 4787 1662 4827 nec
1698 4787 1885 4827 mona-

286 4861 580 4928 chum,nec
596 4862 849 4917 clericum
862 4863 977 4929 ',ab
994 4863 1097 4918 hac
1110 4864 1264 4934 culpa
1280 4864 1533 4920 liberum:
1549 4865 1756 4919 etiamsi
1774 4872 1881 4920 tan-

289 4964 349 5006 ta
378 4953 722 5007 comminatio
749 4953 988 5022 adjaceat
1016 4971 1029 5007 :
1063 4952 1128 5008 In
1156 4970 1255 5024 quo
1296 4955 1429 5008 enim
1459 4956 1659 5027 judicio
1679 4956 1883 5027 judica-

292 5046 466 5100 veritis
495 5088 509 5114 ,
553 5046 951 5116 jttdicabimini,
1034 5043 1228 5115 inquit,
1278 5057 1326 5103 et
1397 5050 1450 5102 in
1510 5065 1609 5120 qua
1651 5066 1888 5105 mensura

292 5138 457 5191 mensi
484 5138 704 5207 fueritis,
729 5137 1015 5191 remetietur
1037 5139 1173 5190 vobis
1203 5135 1414 5208 (Matth.
1448 5139 1499 5193 7.
1526 5140 1608 5208 2).
1635 5142 1885 5195 Attamen

291 5243 420 5285 cum
452 5229 550 5284 hoc
581 5237 856 5300 peccatum
904 5236 1104 5282 tantam
1150 5243 1412 5283 annexam
1464 5244 1712 5299 ptenam,
1766 5232 1888 5287 nul-

294 5325 515 5393 iamque
561 5324 889 5394 voluptatem
947 5319 1174 5389 habeat,
1225 5337 1414 5377 onmes
1458 5324 1510 5378 in
1558 5324 1659 5379 hoc
1690 5325 1887 5381 malum

296 5415 606 5486 prmcipitcs
622 5415 906 5481 currimus,
928 5429 991 5470 ac
1010 5414 1054 5469 si
1077 5413 1130 5468 id
1148 5413 1534 5482 studeamus,in
1550 5416 1650 5471 hoc
1665 5427 1888 5474 conten—

295 5506 495 5563 damus
516 5515 573 5561 ut
592 5522 701 5561 non
719 5520 813 5576 per
824 5520 988 5562 unam
1012 5505 1211 5571 solum,
1231 5504 1325 5559 sed
1348 5520 1444 5576 per
1465 5505 1662 5562 multas
1678 5523 1889 5580 quoque

362 5621 561 5684 {DeesL
581 5618 641 5684 de
664 5618 966 5684 crastino,_l_n
988 5618 1117 5684 Coll).
1144 5618 1390 5684 ttox__haec.
1406 5618 1465 5684 ob
1486 5617 1605 5684 ﬁdei
1624 5627 1800 5673 nostra:
1821 5629 1892 5672 te-

283 5679 542 5790 nuitatetg,
565 5683 745 5791 dlesunt.
767 5684 818 5732 in
838 5678 968 5730 Coll).
996 5687 1049 5730 et
1070 5681 1118 5730 in
1152 5678 1312 5740 Savil.,
1338 5682 1426 5731 sed
1448 5678 1508 5731 ad
1531 5686 1721 5734 seriem
1737 5687 1890 5749 perti-

285 5756 422 5791 nere
446 5756 489 5791 vt
527 5757 588 5790 en
614 5758 685 5791 ur.

285 5756 422 5797 ποτε
446 5756 685 5791 νιαιιιιιιιν.

356 5808 377 5839 ³
413 5804 585 5855 Verba.
603 5817 689 5853 nec
712 5800 962 5854 clericum.
981 5803 1030 5851 in
1051 5801 1183 5852 coll).
1210 5810 1261 5851 et
1284 5803 1423 5853 Savil.
1443 5803 1637 5857 desunt.

636 5886 898 5941 l’s'rttOL.
947 5884 1062 5943 (in.
1112 5886 1168 5945 Χ
1182 5883 1362 5949 LVII.

3453 328 3484 381 6
3498 327 3564 382 ‘32

1972 439 2085 493 vias
2098 437 2150 493 in
2167 437 2426 509 gehennae
2442 442 2711 496 caminum
2732 438 3300 513 ingrcdiamur.Neque
3315 439 3491 496 solum
3510 443 3563 498 in

1972 544 2033 585 ea
2050 544 2170 602 quze
2181 528 2450 587 laboriosa
2467 546 2588 590 esse
2606 532 2871 601 videntur,
2886 534 2979 591 sed
2997 534 3156 591 etiam
3182 536 3197 568 ί
3215 535 3271 591 in
3288 535 3488 592 leviora
3502 537 3563 592 il«

1972 623 2036 679 lis
2060 622 2308 681 similiter
2327 623 2632 693 incidimus,
2655 635 2710 683 et
2731 626 2846 686 haec
2863 637 2919 684 et
2952 628 3041 685 illa
3073 630 3272 701 pariter
3296 640 3561 700 transgre-

1972 715 2182 771 dientes
2214 732 2228 768 :
2255 729 2319 772 ac
2341 730 2439 787 per
2465 715 2602 773 levia
2633 718 2963 775 ostendimus
2986 761 3002 785 ,
3031 736 3129 777 nos
3167 722 3466 779 difficiliora
3496 722 3561 780 ol:

1973 813 2361 878 eontemptum,
2398 822 2504 863 non
2551 807 2620 865 ob
2645 812 2959 880 gravitatem
3004 824 3426 885 praeceptorum,
3458 832 3555 873 nor.

1975 897 2253 968 perficere.
2283 898 2441 967 Nam,
2472 901 2560 958 dic
2588 902 2719 958 mihi
2743 943 2760 971 ,
2793 905 2921 975 quid
2969 905 3169 962 laboris
3190 906 3330 965 inest
3359 910 3413 965 in
3457 925 3565 966 non

1973 987 2187 1047 curiose
2216 992 2586 1064 perquirendis
2612 995 2801 1051 alienis
2827 998 3084 1068 negotiis,
3113 1008 3164 1055 ct
3192 1000 3245 1055 in
3287 1017 3392 1056 non
3417 1002 3570 1057 dam-

1977 1081 2170 1137 nandis
2199 1085 2566 1153 proximorum
2604 1085 2858 1143 delictis?
2891 1089 3090 1144 Comra
3119 1106 3248 1147 vero
3297 1092 3570 1149 laboratur

1976 1189 2106 1230 sane
2137 1176 2192 1230 in
2237 1178 2447 1233 curiosa
2496 1179 2585 1234 tali
2629 1182 3016 1251 perquisitione
3047 1196 3100 1241 et
3151 1185 3206 1240 in
3248 1186 3453 1256 judicio
3502 1189 3569 1243 de

1975 1266 2096 1323 aliis
2124 1268 2367 1324 ferendo.
2395 1271 2525 1339 Quis
2547 1272 2708 1343 igitur
2730 1274 2843 1329 haec
2870 1276 3115 1344 audiens,
3145 1277 3300 1333 nobis
3321 1295 3571 1350 umquam

1976 1352 2196 1427 credat,
2226 1362 2368 1431 quod
2398 1362 2605 1419 scilicet
2633 1381 2699 1421 ex
2734 1367 2997 1437 segnitie,
3030 1384 3138 1424 non
3167 1379 3348 1426 autem
3376 1371 3447 1427 de
3492 1372 3572 1427 iu-

1976 1452 2183 1508 dustria
2210 1464 2263 1509 et
2305 1455 2517 1512 defectu
2560 1458 2846 1514 voluntatis
2885 1461 2953 1515 ad
2984 1462 3440 1531 praevaricaudum
3483 1479 3574 1520 ac-

1956 1540 2270 1600 cedamus?
2297 1546 2431 1601 Cum
2455 1549 2599 1603 enim
2626 1565 2746 1620 qua:
2786 1552 3187 1624 praecipiuntur,
3219 1555 3356 1611 levia
3392 1565 3448 1612 et
3490 1556 3572 1611 fa-

1977 1637 2099 1691 cilia
2128 1647 2253 1692 sunt
2280 1639 2616 1707 volentibus;
2658 1658 2778 1713 qua:
2807 1654 2984 1699 autem
3014 1656 3285 1712 vetantur,
3311 1649 3489 1719 gravia
3516 1658 3573 1705 ει

1978 1729 2175 1785 laboris
2205 1731 2361 1801 plena
2381 1769 2397 1800 ,
2431 1748 2640 1805 nosque
2679 1744 2857 1792 tamen
2883 1738 3105 1794 dimisso
3136 1751 3423 1811 praecepto,
3453 1757 3573 1813 quat

1978 1821 2142 1877 vetita
2185 1832 2311 1878 sunt
2359 1823 2629 1883 facimus:
2660 1843 2839 1884 annon
2889 1832 3247 1888 comendendi
3291 1849 3413 1890 cum
3460 1836 3575 1891 Deo

1978 1929 2159 1981 causa,
2190 1930 2288 1971 nos
2314 1919 2429 1974 lucc
2458 1930 2674 1989 peccata
2695 1921 2980 1979 admittere
3003 1924 3185 1981 dicent
3213 1926 3460 1982 inimici?
3488 1930 3575 1983 At-

1979 2007 2124 2061 enim
2151 2008 2292 2079 quod
2323 2010 2454 2064 nihil
2481 2010 2683 2066 laboris
2708 2014 2990 2082 praeceptis
3030 2014 3231 2071 Christi
3263 2017 3388 2071 insit
3410 2058 3425 2084 ,
3461 2018 3577 2087 ipse

1981 2099 2349 2168 pronuntiavit
2397 2100 2484 2156 his
2528 2101 2747 2157 verbis:
2783 2102 2969 2159 Tollite
2993 2105 3184 2175 jugum
3225 2122 3392 2161 meum
3428 2123 3578 2177 super

1981 2205 2070 2244 vos
2095 2206 2115 2245 :
2129 2193 2317 2263 jugum
2355 2192 2490 2246 enim
2521 2210 2688 2248 meum
2733 2210 2887 2250 suave
2912 2206 2988 2251 est
3028 2205 3073 2251 et
3103 2214 3231 2252 onus
3277 2215 3442 2254 meum
3473 2200 3579 2255 tm

1983 2283 2199 2355 (Matth.
2233 2287 2315 2341 11.
2339 2285 2458 2357 29)ι
2490 2286 2596 2343 Sed
2624 2302 2723 2343 nos
2748 2288 3047 2346 incredibili
3088 2291 3316 2362 segnitie
3358 2291 3413 2348 id
3452 2292 3578 2349 faci-

1983 2392 2103 2432 mus
2123 2417 2138 2442 ,
2166 2388 2225 2432 ut
2245 2395 2363 2448 qua:
2392 2379 2527 2434 levia
2554 2390 2678 2434 sunt
2696 2420 2713 2448 ,
2737 2381 2918 2436 multis
2941 2381 3126 2453 gravia
3145 2391 3459 2453 appareant.

2059 2468 2212 2524 Levia
2244 2486 2335 2541 per
2360 2472 2623 2542 segnitiem
2641 2473 2816 2543 gravia
2838 2513 2854 2541 ,
2879 2485 2925 2527 et
2950 2474 3125 2545 gravia
3153 2490 3242 2547 per
3264 2474 3579 2532 alacritatem

1984 2561 2112 2615 levia
2131 2561 2650 2633 elﬁciuntur.-—Sane
2674 2564 2722 2619 ei
2745 2565 2831 2635 qui
2849 2579 3063 2633 semper
3086 2566 3241 2620 otiari
3269 2575 3324 2622 et
3343 2566 3580 2625 dormire

1983 2654 2146 2722 velit,
2177 2654 2260 2708 vel
2291 2654 2404 2725 ipse
2443 2655 2593 2710 cibus
2640 2665 2693 2711 et
2723 2666 2879 2726 potus
2906 2670 3124 2725 prorsus
3154 2671 3416 2714 onerosus
3458 2673 3581 2715 esse

1984 2746 2214 2813 videtur;
2256 2747 2347 2817 qui
2378 2762 2504 2803 vero
2533 2747 2751 2818 vigilant
2779 2758 2835 2803 et
2877 2748 3177 2816 excubant,
3218 2764 3287 2804 ne
3316 2748 3580 2805 mirabilia

1983 2838 2197 2909 quidem
2238 2847 2293 2894 et
2320 2839 2485 2894 ardua
2515 2839 2816 2911 refugiunt,
2863 2840 2959 2896 sed
2989 2855 3109 2896 cum
3152 2841 3345 2910 majori
3388 2841 3580 2897 ﬁducia

1986 2931 2103 2987 haec
2124 2932 2338 3002 aggredi
2368 2933 2590 3000 audent,
2612 2948 2770 3004 quam
2788 2933 2921 2989 levia
2943 2947 3135 3003 segnes
3154 2943 3210 2991 et
3236 2934 3581 2991 somnolenti.

1983 3026 2128 3083 Nihil
2155 3028 2320 3094 enim,
2346 3026 2477 3081 nihil
2500 3027 2682 3097 utique
2700 3028 2770 3081 ita
2795 3025 2953 3082 facile
2981 3035 3064 3083 est
3086 3068 3101 3096 ,
3135 3027 3261 3098 quin
3289 3027 3580 3083 admodum

1983 3136 2146 3191 grave
2174 3129 2229 3176 et
2256 3136 2543 3176 onerosum
2574 3120 2766 3190 ingens
2794 3129 2981 3176 nostra
3006 3121 3267 3191 segnities
3293 3121 3580 3177 ostendat:

1988 3212 2439 3283 quemadmodum
2487 3212 2620 3268 nihil
2663 3212 2734 3266 ita
2780 3211 2973 3268 durum
3005 3220 3096 3266 aut
3136 3211 3390 3281 difficile,
3438 3210 3582 3283 quod

1987 3321 2094 3361 non
2126 3304 2427 3361 sollicitudo
2456 3314 2511 3361 et
2556 3305 2803 3360 alacritas
2853 3303 3140 3359 admodum
3171 3302 3327 3360 facile
3371 3304 3584 3362 reddat:

1989 3398 2256 3466 Quidnam
2277 3439 2291 3463 ,
2339 3396 2425 3452 dic
2472 3397 2602 3452 mihi
2625 3438 2638 3463 ,
2670 3396 2952 3452 molestius
2977 3404 3128 3464 erat,
3157 3411 3314 3467 quam
3345 3394 3584 3466 quotidie

1990 3492 2316 3563 periclitari,
2347 3492 2455 3547 imo
2506 3490 2696 3561 capitis
2748 3490 3043 3561 perieulum
3082 3488 3308 3545 subire?
3333 3489 3585 3544 Attamen

1988 3584 2041 3639 id
2084 3584 2202 3640 leve
2237 3584 2452 3639 vocavit
2491 3583 2680 3639 beatus
2718 3581 2916 3638 Paulus
2960 3583 3044 3638 his
3081 3581 3259 3637 verbis
3284 3597 3297 3635 :
3322 3579 3393 3634 Id
3424 3581 3582 3646 enim,

1989 3680 2124 3750 quod
2152 3677 2204 3732 in
2231 3677 2472 3748 presenti
2496 3685 2569 3731 est
2595 3684 2999 3731 momentanettm
3021 3684 3068 3730 et
3093 3675 3199 3730 lere
3223 3673 3583 3740 tribulationis,

1985 3786 2144 3840 supra
2194 3768 2480 3823 modumin
2530 3766 2838 3822 sublimitate
2877 3775 3119 3823 wternum
3160 3764 3337 3837 gloria:
3386 3763 3586 3834 pondus

1986 3868 2222 3930 operatur
2266 3865 2319 3919 in
2352 3863 2499 3918 nobis
2521 3856 2880 3935 (2.Cor.4.i7.
2903 3856 3016 3930 i8).
3059 3856 3193 3912 Natn
3218 3854 3320 3911 etsi
3366 3870 3455 3910 res
3485 3864 3584 3909 na-

1988 3963 2104 4008 tura
2135 3953 2316 4024 gravis
2344 3954 2413 4009 sit
2438 3995 2453 4021 ,
2485 3968 2582 4023 spe
2609 3963 2788 4009 tamen
2820 3953 3118 4008 futurorum
3141 3951 3277 4007 levis
3305 3949 3537 4005 efficitur
3566 3960 3581 4002 ε

1987 4060 2146 4114 quam
2182 4045 2273 4099 ille
2307 4060 2525 4101 causam
2555 4045 2732 4116 posuit
2770 4046 2998 4101 dicens:
3034 4043 3159 4098 Non
3195 4042 3587 4114 contemplanti-

1991 4136 2081 4189 bus
2109 4135 2252 4188 nobis
2276 4151 2389 4206 quis
2406 4134 2643 4188 videntur
2663 4176 2678 4201 ,
2711 4134 2802 4188 sed
2829 4149 2942 4204 qua:
2967 4149 3068 4187 non
3094 4133 3345 4187 videntur.

1982 4205 1989 4285 ἶ
2061 4226 2116 4281 6.
2153 4226 2438 4282 Videamus
2467 4241 2586 4296 qua:
2608 4233 2908 4297 sequuntur
2936 4241 2950 4279 :
2980 4222 3159 4278 Nolite
3182 4265 3196 4291 ,
3228 4220 3400 4293 inquit
3421 4264 3435 4286 ,
3463 4217 3588 4279 dare

1984 4299 2165 4376 saneta
2190 4319 2398 4374 canibus
2418 4362 2433 4387 ,
2461 4334 2621 4389 neque
2647 4318 2860 4373 mittatis
2908 4317 3215 4389 margaritas
3243 4324 3431 4371 vestras
3470 4325 3588 4370 ante

1990 4430 2171 4485 porcos
2224 4412 2437 4486 (Matth.
2470 4414 2522 4467 7.
2551 4412 2628 4481 6).
2657 4411 2815 4468 Certe
2864 4411 3110 4467 Christus
3162 4408 3301 4465 hanc
3335 4408 3586 4479 prtecepti

1991 4521 2144 4562 more
2167 4506 2342 4576 legem
2367 4505 2537 4573 dedit,
2567 4521 2666 4562 nos
2687 4512 2865 4560 autem
2896 4517 3007 4574 pra:
3036 4502 3180 4558 inani
3212 4501 3381 4574 gloria
3412 4510 3464 4555 et
3490 4501 3587 4556 ah-

1992 4597 2151 4654 surda
2197 4598 2491 4653 ambitione
2520 4598 2623 4654 hoc
2650 4592 2777 4653 item
2822 4604 3149 4668 praeceptum
3181 4609 3392 4667 pessum
3432 4594 3588 4649 dedi-

1993 4694 2133 4756 mus,
2161 4690 2288 4747 dum
2315 4700 2659 4762 corruptores
2682 4731 2696 4757 ,
2723 4689 3044 4754 incredulos,
3077 4687 3431 4760 hominesque
3469 4704 3591 4743 sex-

1993 4787 2164 4845 centis
2188 4787 2331 4845 vitiis
2352 4796 2595 4854 onustos,
2629 4796 2829 4841 temere
2861 4796 2914 4841 et
2935 4785 3051 4840 sine
3077 4783 3328 4840 examine
3373 4781 3442 4837 ad
3473 4794 3592 4855 my-

1993 4885 2282 4939 steriorum
2311 4881 2768 4952 participationem
2820 4877 3154 4933 admittimus
3182 4918 3198 4944 ,
3224 4887 3278 4933 et
3303 4884 3588 4945 antequam

1995 4984 2298 5034 accuratam
2353 4975 2548 5030 mentis
2595 4970 2984 5042 sententizeque
3039 4986 3153 5028 suae
3221 4970 3590 5043 probationem

1997 5068 2280 5131 dederint,
2324 5066 2503 5121 omnia
2546 5064 2650 5120 illis
2695 5064 2942 5135 dogmata
2981 5065 3321 5128 revelamus;
3359 5076 3423 5117 ac
3465 5060 3591 5116 licet

1996 5158 2260 5216 vestibula
2295 5156 2528 5231 nondum
2557 5155 2738 5211 videre
2762 5155 3052 5226 potuerint,
3081 5153 3366 5210 confestim
3408 5164 3505 5208 eos
3538 5153 3590 5206 in

1998 5253 2156 5324 adyta
2198 5252 2462 5307 ducimus.
2499 5249 2629 5316 Qua:
2667 5264 2825 5304 causa
2875 5247 2977 5303 fuit
3029 5256 3087 5305 ut
3131 5247 3347 5318 quidam
3393 5261 3458 5300 ex
3510 5244 3588 5298 sic

1998 5344 2219 5402 initiatis
2242 5345 2348 5399 cito
2369 5344 2668 5399 resilientes
2687 5386 2702 5411 ,
2736 5342 3011 5398 innumera
3034 5341 3172 5395 mala
3208 5337 3583 5409 pcrpctrariut.

1998 5439 2078 5496 Ac
2107 5454 2214 5494 non
2243 5438 2295 5492 in
2319 5437 2440 5498 aliis
2465 5445 2667 5491 tantum
2697 5472 2715 5503 ,
2738 5434 2834 5492 sed
2866 5437 2919 5491 in
2949 5434 3105 5490 nobis
3130 5433 3259 5503 ipsis
3285 5431 3587 5486 horribilis-

2000 5533 2194 5588 simum
2228 5530 2332 5585 hoc
2361 5539 2683 5601 praeceptum
2724 5528 3077 5601 despicimus,
3106 5524 3320 5595 quando
3367 5523 3587 5580 immor-

2004 5623 2196 5680 talibus
2246 5623 2518 5695 mysteriis
2566 5616 2927 5691 participaturi
2955 5659 2970 5684 ,
3001 5616 3308 5687 impuritate
3335 5625 3390 5672 et
3416 5615 3587 5688 impu-

2071 5804 2090 5841 ⁸
2124 5807 2196 5859 sic
2215 5807 2355 5859 sant.
2380 5813 2433 5857 et
2453 5803 2583 5855 Colb.
2609 5810 2658 5853 ιη
2681 5800 2845 5852 Morel.
2869 5800 3031 5866 deest,
3054 5800 3209 5851 etaim.

3172 5884 3251 5945 2⁷3
