4032 6406
1257 335 1313 391 S.
1352 329 1629 389 JOANNIS
1665 317 2140 382 CllRYSOSTOMl
2181 317 2496 372 ARCIIIEP.
2537 314 3069 372 CONSTANTINOP.
3691 320 3778 376 to;

2241 434 2513 503 phantitc;
2547 447 2640 487 seu
2682 431 2920 501 gladius,
2949 431 3106 500 ignis,
3159 428 3353 484 ferrum
3375 469 3390 494 ,
3424 428 3563 494 ferae,
3593 431 3780 486 demer-

2237 525 2455 588 siones;
2485 523 2596 575 sive
2629 521 2816 583 fames,
2849 521 3066 574 morbus
3095 528 3149 574 et
3196 519 3374 573 omnia
3408 534 3524 588 qua:
3555 519 3619 573 ab
3653 521 3780 574 initio

2241 616 2293 670 in
2323 617 2422 670 hac
2451 617 2556 668 vita
2579 612 3203 683 continguntaccrbiora,
3235 624 3432 674 annon,
3470 625 3660 680 (ευωεο,
3687 610 3782 667 hzec

2240 706 2487 761 irridebis
2513 714 2568 760 et
2586 704 2887 774 despicies?
2911 718 2977 757 an
3011 703 3079 757 de
3122 701 3228 756 illis
3253 702 3332 755 vel
3360 702 3627 756 minimum
3660 705 3782 774 cogi-

2239 797 2412 851 tabis?
2447 795 2650 865 Ecquid
2701 792 3002 863 hujusmodi
3029 793 3206 846 animo
3248 779 3532 858 stolidius,
3565 792 3680 862 quid
3715 795 3782 846 vi.

2243 890 2364 953 lius,
2389 887 2516 957 quid
2544 885 2828 941 miserius?
2850 884 3150 940 Ca‘lestium
3176 882 3444 937 desiderio
3468 890 3673 952 captum
3693 899 3781 938 non

2239 981 2359 1034 dico
2407 987 2610 1033 tantum
2658 977 2890 1046 quietem
2934 989 3177 1045 quaarere
3221 987 3324 1028 non
3351 973 3584 1040 debere,
3613 974 3698 1029 sed
3727 991 3783 1030 ne

2238 1071 2354 1140 ejus
2381 1069 2594 1140 quidem
2623 1070 2897 1138 praesentis
2929 1066 3120 1120 alTectn
3161 1065 3383 1120 moveri.
3416 1065 3682 1130 Quomodo
3705 1067 3782 1121 ab-

2239 1163 2455 1214 surdum
2488 1174 2592 1213 non
2622 1158 2781 1213 fuerit
2815 1172 2944 1224 eos,
2987 1156 3076 1226 qui
3102 1155 3294 1226 ineptis
3339 1155 3604 1210 amoribus
3626 1165 3781 1212 tenen-

2243 1265 2347 1317 tur,
2376 1253 2566 1306 amatis
2589 1253 2658 1305 ita
2686 1267 2744 1305 se
2772 1259 2912 1304 totos
2933 1249 3128 1303 dedere
3148 1288 3164 1313 ,
3189 1255 3249 1302 ut
3269 1255 3463 1316 praeter
3488 1261 3578 1302 eos
3603 1262 3784 1302 eorum-

2241 1360 2346 1413 que
2379 1343 2704 1397 consortium
2748 1341 2878 1394 nihil
2924 1354 3108 1394 eorum
3153 1354 3271 1407 quae
3305 1338 3358 1391 in
3412 1337 3509 1392 hac
3539 1338 3639 1392 vita
3680 1350 3786 1394 sunt

2247 1434 2388 1504 (sunt
2416 1442 2592 1488 autem
2619 1433 2753 1487 bene
2777 1429 2994 1502 multa),
3024 1429 3178 1484 dulce
3219 1428 3524 1484 existiment
3551 1446 3564 1482 :
3591 1444 3680 1482 nos
3705 1446 3783 1483 au-

2243 1537 2370 1592 tem,
2403 1526 2491 1596 qui
2519 1541 2624 1579 non
2663 1525 2842 1593 inepto
2870 1521 3100 1592 quodam
3126 1561 3141 1587 ,
3172 1521 3265 1576 sed
3284 1520 3529 1574 omnium
3565 1535 3785 1590 supremo

2243 1634 2425 1674 amore
2451 1629 2692 1672 tenemur
2716 1659 2730 1682 ,
2764 1632 2868 1670 non
2913 1616 3083 1670 solum
3116 1621 3431 1684 prazsentem
3463 1614 3678 1684 quietem
3697 1631 3783 1668 non

2244 1715 2536 1784 despicere,
2567 1713 2658 1768 sed
2690 1715 2850 1768 etiam
2873 1713 3146 1768 absentem
3177 1711 3483 1783 requirere?

2315 1810 2365 1861 7.
2398 1807 2618 1863 Caelestis
2648 1805 2882 1860 desiderii
2905 1807 2977 1860 vis
3005 1807 3197 1876 ingens.
3234 1834 3307 1846 —-
3349 1803 3536 1858 Nullus
3561 1802 3784 1857 hactenus

2243 1897 2516 1952 carissime
2536 1940 2550 1964 ,
2599 1899 2668 1950 ita
2709 1897 2998 1951 caelestium
3025 1894 3288 1950 desiderio
3317 1903 3591 1962 correptus
3615 1903 3683 1948 est
3701 1935 3714 1959 ,
3741 1902 3789 1945 ut

2243 1988 2436 2056 corripi
2468 2003 2562 2057 par
2587 1995 2701 2041 erat
2728 2005 2742 2041 :
2770 1986 3003 2056 alioquin
3026 2000 3144 2054 qua:
3171 1985 3352 2055 gravia
3379 1984 3618 2045 videntur
3635 1986 3784 2046 esse',

2245 2071 2485 2133 umbram
2512 2078 2801 2146 iudicasset
2834 2085 2889 2133 et
2926 2076 3222 2130 irrisionem
3257 2090 3522 2145 magnam.
3553 2073 3683 2130 Sane
3715 2075 3787 2143 qui

2243 2169 2524 2238 priescntia
2559 2168 2779 2236 SllSpiCil
2800 2208 2815 2234 ,
2849 2181 3136 2236 numquam
3165 2163 3465 2220 futurorum
3494 2163 3786 2233 contempla-

2247 2260 2739 2344 tione‘dignabitur:
2769 2259 2857 2329 qui
2883 2266 3059 2312 autem
3087 2257 3172 2311 illa
3192 2256 3440 2326 despicit,
3464 2264 3518 2312 et
3536 2255 3699 2311 omnia
3723 2255 3788 2309 ni-

2246 2351 2355 2405 hilo
2381 2351 2597 2405 meliora
2619 2365 2759 2417 esse,
2791 2364 2946 2418 quam
2976 2348 3190 2403 umbras
3213 2355 3268 2402 et
3297 2347 3506 2402 somnia
3531 2345 3782 2406 existimat,

2245 2442 2352 2497 cito
2391 2455 2580 2511 magna
2611 2440 2697 2494 illa
2735 2448 2791 2494 et
2839 2438 3132 2509 spiritualia
3179 2446 3513 2506 assequetur.
3570 2436 3634 2490 lis
3668 2433 3787 2490 enim

2246 2532 2438 2602 quibus
2461 2531 2654 2587 bonum
2682 2530 2818 2584 istud
2843 2545 2968 2585 vere
2992 2529 3493 2604 obtigeritttantam
3531 2527 3630 2582 vim
3659 2525 3787 2582 exhi-

2246 2625 2408 2690 bebit,
2439 2633 2689 2693 quantam
2717 2623 2850 2692 ignis
2878 2623 2930 2676 in
2959 2621 3126 2690 spinis
3159 2638 3171 2674 :
3199 2621 3298 2676 etsi
3329 2620 3616 2675 innumeris
3644 2617 3790 2671 homi-

2248 2730 2368 2768 nem
2401 2713 2659 2769 invenerit
2687 2711 3030 2783 prmfocatum
3061 2711 3245 2779 malis,
3277 2711 3460 2765 multis
3482 2717 3786 2779 peccatorum

2249 2803 2501 2859 funiculis
2529 2803 2838 2857 obstrictum
2861 2843 2875 2867 ,
2907 2801 3252 2872 cupiditatum
3282 2800 3495 2855 flamma
3522 2799 3786 2860 incensum,

2248 2911 2439 2966 magno
2486 2895 2817 2951 saecularium
2862 2895 3192 2964 negotiorum
3243 2893 3474 2948 tumultu
3523 2891 3805 2950 obsessum,

2249 2987 2425 3042 omnia
2475 2987 2560 3041 illa
2610 3001 2706 3041 ceu
2755 2985 2984 3055 quodam
3032 2984 3240 3054 ﬂagello
3286 2985 3467 3038 statim
3511 2981 3712 3051 expulsa
3737 2979 3790 3031 ab

2249 3082 2424 3137 anima
2453 3080 2636 3151 procul
2662 3079 2844 3150 abigit.
2890 3081 2967 3134 Ac
3001 3077 3447 3149 quemadmodum
3473 3085 3646 3131 contra
3670 3070 3788 3126 venti

2251 3174 2462 3233 violenti
2511 3174 2763 3248 impetum
2807 3173 2976 3249 pulvis
3016 3173 3235 3245 exiguus
3261 3184 3546 3244 numquam
3575 3165 3788 3220 steterit.

2251 3273 2327 3326 sic
2369 3270 2720 3326 absurdarum
2763 3267 3309 3337 concupiscentiarum
3353 3261 3629 3319 multitudo
3664 3272 3789 3313 com-

2251 3361 2550 3434 punctinnis
2578 3361 2908 3431 ingruentem
2935 3359 3041 3413 vim
3069 3357 3209 3412 ferre
3233 3369 3338 3410 non
3368 3353 3592 3425 poterit,
3633 3347 3715 3402 sed
3736 3344 3790 3399 de

2253 3453 2429 3508 medio
2457 3453 2671 3507 tolletur
2696 3465 2760 3506 ac
2789 3450 3119 3519 dispergetur
3152 3446 3308 3501 citius
3356 3461 3520 3516 quam
3571 3438 3726 3512 pulvis
3748 3445 3791 3489 et

2255 3544 2453 3598 fumus.
2482 3542 2636 3610 Quod
2665 3542 2710 3596 si
2747 3555 3030 3609 corporum
3062 3553 3211 3593 amor
3240 3551 3410 3605 usque
3436 3534 3568 3588 adeo
3593 3531 3790 3585 animam

2254 3634 2306 3688 in
2345 3634 2653 3689 servitutem
2679 3631 2891 3702 redigit,
2918 3638 2977 3684 ut
3012 3630 3078 3684 ab
3106 3628 3352 3683 omnibus
3378 3640 3493 3682 eam
3523 3623 3726 3684 avellat,
3752 3627 3794 3670 et

2256 3724 2422 3779 solius
2451 3723 2637 3777 amica:
2667 3720 2931 3792 tyrannidi
2977 3719 3312 3787 obstringat,
3365 3714 3492 3782 quid
3538 3728 3637 3768 non
3664 3708 3794 3764 faciat

2254 3815 2450 3871 Christi
2481 3829 2648 3879 amor,
2673 3821 2727 3869 et
2761 3813 2901 3867 illius
2929 3809 3202 3866 amittendi
3231 3808 3445 3863 metus?
3473 3800 3796 3872 Quemadmo-

2256 3906 2381 3962 dum
2402 3905 2543 3960 enim
2573 3903 2786 3959 difﬁcile
2811 3911 2892 3958 est
2917 3944 2932 3969 ,
2962 3902 3068 3956 imo
3095 3900 3206 3955 ﬁeri
3237 3898 3442 3968 nequit,
3466 3905 3521 3951 ut
3545 3907 3684 3964 aqua:
3708 3889 3792 3942 mi-

2257 4005 2468 4054 sceatur
2493 3995 2628 4064 ignis
2661 4012 2674 4047 :
2705 3995 2776 4049 ita
2815 4006 2913 4047 nec
2937 3993 3258 4061 voluptatem
3286 3997 3342 4044 et
3369 3983 3795 4057 oompunctionetu

2257 4088 2415 4144 simul
2457 4101 2650 4156 cogere
2690 4100 3008 4156 possumus;
3057 4098 3176 4138 nam
3224 4081 3338 4135 hate
3382 4077 3638 4134 contraria
3675 4077 3796 4129 sunt.

2259 4195 2423 4251 seque
2459 4187 2641 4234 mutuo
2679 4179 2978 4232 destruunt.
3031 4173 3238 4230 Etenim
3279 4171 3395 4226 haec
3418 4167 3625 4239 quidem
3651 4163 3800 4228 lacry—

2260 4285 2467 4326 marum
2496 4278 2550 4324 ct
2590 4266 2951 4338 temperantia:
2980 4272 3150 4319 mater
3177 4273 3256 4318 est
3283 4301 3298 4328 ,
3341 4261 3432 4314 illa
3467 4271 3592 4312 vero
3615 4255 3737 4308 risus
3757 4255 3802 4301 et

2262 4363 2479 4418 insaniae
2510 4380 2522 4416 :
2552 4361 2668 4416 hzec
2705 4361 2878 4415 levem
2906 4367 2961 4414 et
2981 4357 3080 4412 alis
3106 4359 3416 4410 instructam
3442 4351 3663 4405 animam
3689 4341 3798 4398 red-

2262 4455 2358 4518 dit,
2384 4455 2471 4509 illa
2497 4453 2714 4524 plumbo
2737 4451 3034 4522 graviorem
3061 4446 3356 4502 constituit.
3389 4445 3456 4498 Et
3477 4443 3577 4496 hoc
3596 4453 3694 4494 non
3715 4447 3798 4502 ego

2261 4545 2440 4598 verbis
2469 4522 2601 4597 meis
2626 4583 2642 4608 ,
2693 4541 2787 4596 sed
2817 4541 2932 4609 ejus
2957 4539 3046 4609 qui
3075 4537 3329 4608 praeclara
3357 4529 3653 4603 huiusmodi
3673 4522 3800 4592 cupi-

2263 4635 2429 4688 ditate
2457 4633 2755 4700 tenebatur,
2777 4631 3146 4685 demonstrare
3173 4626 3403 4682 tentabo.
3433 4623 3561 4690 Quis
3594 4619 3677 4674 ille
3697 4611 3802 4669 eSt?

2267 4725 2384 4794 Ipse
2408 4737 2589 4777 amore
2615 4721 2810 4775 Christi
2837 4721 3086 4774 incensus
3110 4717 3304 4772 Paulus
3327 4755 3342 4780 ,
3371 4715 3458 4784 qui
3485 4712 3596 4781 ejus
3619 4703 3804 4761 deside-

2267 4816 2348 4870 rio
2380 4829 2546 4884 usque
2592 4811 2726 4867 adeo
2776 4812 3088 4865 vulneratus
3135 4816 3281 4872 erat,
3330 4814 3388 4860 ut
3422 4803 3490 4858 de
3513 4813 3654 4856 mora
3681 4804 3728 4850 et
3751 4791 3806 4845 dc

554 350 656 402 403

558 460 734 513 denna
767 455 907 526 pleni
941 451 990 507 id
1014 451 1237 522 agimus.
1261 446 1369 503 Nec
1399 446 1486 500 illa
1509 443 1680 499 solum
1710 447 1974 511 praecepta
1997 477 2010 502 ,
2035 433 2129 490 sed

554 549 709 600 etiam
737 560 797 601 ea
824 559 944 615 qum
995 547 1288 611 sequuntur
1311 538 1379 592 ab
1407 535 1653 593 omnibus
1689 529 1878 585 violari
1923 527 2128 580 videas.

556 639 685 692 Cum
735 635 878 690 enim
922 632 1166 687 Christus
1219 628 1414 685 dixerit
1455 643 1469 680 :
1517 624 1857 692 Quivcumque
1883 616 2034 670 vultis
2077 623 2134 668 ut

559 729 749 796 faciant
776 727 914 780 vobis
951 722 1178 778 homines
1197 762 1212 788 ,
1253 720 1326 773 ita
1358 719 1375 750 ¹
1401 726 1449 772 et
1476 731 1561 769 vos
1589 713 1740 783 facite
1767 710 1870 763 illis
1915 703 2131 776 (Matth.

557 819 609 871 7.
644 817 734 886 l2)
759 832 774 880 ;
805 829 905 870 nos
932 813 1109 868 omnia
1157 810 1378 865 facimus
1403 821 1464 860 ea
1486 847 1500 870 ,
1527 817 1646 874 qua:
1692 797 1799 870 pati
1842 797 2092 851 nolumus
2111 837 2128 860 ,

557 884 771 976 acjnssi
799 921 894 976 per
920 911 1198 974 angustam
1238 906 1443 969 portam
1473 897 1672 950 intrare
1702 932 1718 958 ,
1750 891 1910 944 latam
1938 884 2134 955 ubique

559 975 936 1068 perquirimus.
996 991 1147 1061 Quod
1192 1003 1351 1061 porro
1394 985 1678 1041 saeculares
1724 978 1936 1050 quidam
1997 975 2134 1028 hanc

559 1091 948 1159 amplectantur
972 1094 1024 1140 ct
1047 1091 1257 1149 ament,
1283 1095 1388 1136 non
1415 1091 1584 1147 usque
1625 1074 1758 1129 adeo
1787 1070 1976 1126 mirum
2004 1075 2086 1121 est
2117 1082 2131 1131 ;

561 1181 700 1250 quod
731 1188 906 1233 autem
947 1176 1043 1230 viri
1071 1174 1159 1244 qui
1187 1187 1306 1228 sese
1348 1166 1676 1224 crucifixisse
1713 1162 1986 1225 videntur,
2016 1171 2133 1213 eam

564 1273 682 1342 plus
711 1284 868 1341 quam
895 1268 969 1323 illi
994 1273 1263 1322 sectentur
1285 1304 1300 1329 ,
1344 1262 1445 1316 hoc
1473 1273 1603 1314 sane
1642 1266 1912 1326 stuporem
1953 1253 2138 1320 ingen-

568 1377 672 1420 tem
701 1363 856 1418 alfert
882 1403 897 1428 ,
931 1361 1039 1414 imo
1067 1359 1240 1428 potius
1268 1354 1531 1424 :enigmati
1560 1349 1750 1406 similis
1781 1361 1868 1401 res
1906 1345 2133 1398 videtur.

567 1454 853 1510 Monachos
890 1452 1032 1508 enim
1063 1445 1442 1519 propemodum
1471 1457 1678 1508 omnes,
1707 1441 1750 1494 si
1781 1437 1846 1492 ad
1870 1435 2134 1508 quoddam

565 1544 914 1603 ministerium
938 1542 1119 1596 venire
1141 1536 1430 1608 rogaveris,
1455 1533 1571 1588 haec
1593 1531 1770 1588 statim
1795 1539 1850 1584 et
1877 1528 1927 1581 in
1955 1525 2138 1596 primis

565 1640 840 1708 loquentes
865 1634 1092 1697 audias;
1128 1631 1461 1686 sciscitantur
1489 1639 1699 1693 nempe.
1742 1636 1866 1675 num
1893 1619 1960 1673 ibi
1991 1620 2140 1687 quie-

569 1742 675 1784 tem
726 1725 963 1781 inveuire
1016 1721 1262 1792 possint,
1291 1728 1344 1773 et
1387 1731 1512 1771 num
1562 1713 1803 1782 requiem
1853 1721 2140 1778 procurare

569 1820 736 1890 possit
777 1817 820 1871 is
849 1815 938 1885 qui
981 1811 1332 1867 accersitzac
1371 1807 1512 1862 ultro
1540 1804 1778 1872 citroque
1798 1799 1993 1870 quietis
2039 1811 2138 1850 no-

569 1889 691 1969 men
716 1911 981 1982 jactitant.
1009 1904 1146 1972 Quid
1186 1904 1294 1968 ais,
1335 1901 1406 1955 mi
1436 1898 1635 1953 hom-0?
1671 1896 1723 1950 in
1754 1902 1898 1948 arcta
1923 1890 2005 1944 via
2059 1889 2140 1942 in-

567 2004 759 2058 cedere
780 2001 959 2070 jussus
991 1997 1059 2053 de
1079 1995 1259 2065 quiete
1303 1993 1616 2060 interrogas,
1645 1996 1694 2042 et
1724 2001 1818 2056 per
1864 1991 2138 2053 angustam

567 2102 773 2165 portam
800 2093 997 2146 intrare
1017 2089 1198 2157 jussus
1219 2084 1380 2138 latam
1419 2079 1656 2151 quae-ris?
1697 2075 1825 2146 quid
1879 2074 1980 2128 hac
2028 2087 2143 2141 per-

567 2185 816 2241 versitate
845 2179 1078 2235 deterius
1102 2177 1125 2230 ?
1149 2175 1226 2231 Ne
1245 2188 1372 2228 vero
1403 2183 1554 2242 putes
1599 2184 1689 2224 me
1716 2167 1831 2221 lucc
1874 2165 2140 2220 dicentem

568 2279 698 2332 alios
738 2272 1128 2336 condemnare,
1183 2281 1296 2320 rem
1365 2278 1452 2318 me
1499 2267 1825 2332 spectantem
1890 2254 2138 2309 narrabo.

639 2365 1020 2436 Cltrysostomus
1041 2359 1108 2413 ad
1128 2355 1488 2412 monachorum
1505 2349 1827 2405 tabernacula
1850 2346 2052 2402 secedit.
2071 2373 2144 2384 --

569 2458 702 2514 Cum
725 2470 892 2526 nuper
919 2466 1019 2522 ego
1042 2447 1420 2511 decrevissem,
1462 2443 1645 2498 relicta
1687 2439 1841 2504 urbe,
1865 2436 1932 2491 ad
1963 2436 2142 2490 taber-

569 2549 754 2611 nacula
778 2543 1157 2602 monachorum
1178 2537 1435 2594 accedere
1459 2577 1475 2603 ,
1499 2532 1732 2590 sollicite
1760 2528 2061 2601 qurercbam
2089 2535 2143 2580 et

569 2638 875 2697 sciscitabar
895 2633 1156 2690 undeuam
1187 2627 1610 2685 necessariorum
1637 2628 1968 2678 commeatus
1993 2617 2144 2672 adfu-

571 2741 721 2786 turus
765 2735 907 2784 esset
931 2765 948 2794 ,
977 2731 1033 2778 et
1061 2737 1188 2776 num
1231 2720 1345 2774 fieri
1375 2723 1555 2788 posset
1579 2723 1637 2768 ut
1675 2712 1826 2783 panis
1845 2723 2036 2764 recens
2081 2722 2144 2762 ac

573 2821 794 2876 diumus
839 2814 1244 2876 comederetnr;
1273 2825 1339 2864 an
1379 2808 1498 2877 quis
1552 2820 1637 2860 me
1683 2810 1965 2858 coacturus
2002 2807 2146 2853 esset

572 2911 760 2968 eodem
801 2907 875 2961 uti
899 2905 1020 2960 oleo
1046 2917 1142 2973 pro
1168 2901 1384 2955 lucerna
1407 2905 1459 2952 et
1488 2910 1584 2966 pro
1619 2892 1740 2949 cibo
1765 2908 1780 2958 ;
1802 2906 1870 2945 an
1913 2889 2032 2960 quis
2059 2903 2147 2943 me

573 3002 894 3073 impulsurus
917 2996 982 3052 ad
1004 2996 1251 3050 miseram
1298 2991 1622 3062 leguminum
1661 3000 1874 3050 escam;
1903 2998 1970 3038 an
2014 2981 2149 3037 assi-

571 3103 822 3170 gnaturus
850 3103 984 3159 opus
1023 3086 1244 3152 durum,
1280 3092 1338 3138 ut
1371 3090 1453 3138 est
1485 3079 1687 3144 fodere,
1734 3076 1872 3148 ligna
1914 3074 2144 3138 deferre,

574 3167 763 3262 aquam
812 3191 1170 3258 comportare,
1199 3187 1253 3240 ct
1275 3185 1469 3238 caetera
1498 3174 1673 3230 omnia
1716 3169 2012 3247 bnjnsmodi
2043 3168 2147 3220 mi—
2185 3167 2188 3170 ’

576 3281 794 3340 nisteria
819 3287 916 3334 -:et
958 3287 1019 3334 ut
1063 3276 1366 3333 summatim
1397 3273 1568 3329 dicam
1597 3313 1613 3339 ,
1661 3270 1824 3325 multa
1856 3267 1922 3323 de
1973 3265 2148 3336 quiete

575 3372 816 3443 corporis
845 3368 1218 3440 percontabar.
1249 3368 1320 3422 At
1344 3365 1379 3420 ii
1425 3364 1516 3435 qui
1543 3362 1630 3418 vel
1661 3360 1956 3432 principum
1989 3355 2147 3417 mini-

577 3463 738 3518 steria
760 3503 780 3529 ,
802 3460 883 3515 vel
912 3459 1240 3530 publicorum
1271 3455 1604 3525 negotiorum
1631 3448 2147 3506 administrationem

576 3553 907 3622 suscipiunt,
947 3548 1078 3604 nihil
1125 3547 1316 3602 horum
1343 3544 1716 3608 sciscitantur,
1757 3540 1852 3596 sed
1903 3538 2074 3594 solum
2104 3536 2150 3592 si

577 3660 665 3701 res
695 3645 842 3699 lucro
873 3640 1046 3696 futura
1076 3639 1170 3702 sit,
1203 3639 1372 3701 lucro,
1401 3636 1636 3704 inquam,
1667 3630 1946 3702 temporali
1974 3627 2150 3699 :quod

577 3739 621 3792 si
674 3737 776 3792 hoc
814 3747 1029 3805 sperare
1055 3733 1299 3795 valeant,
1333 3743 1438 3782 non
1483 3726 1693 3782 labores
1715 3766 1727 3790 ,
1750 3739 1853 3779 non
1875 3721 2112 3794 pericula
2132 3761 2147 3788 ,

581 3846 686 3885 non
711 3828 1084 3901 ignominiam,
1117 3839 1223 3879 non
1268 3821 1480 3878 servilia
1522 3818 1846 3883 ministeria,
1884 3831 1990 3870 non
2032 3828 2153 3884 per-

583 3922 941 3993 egrinationes
975 3919 1193 3988 longas,
1221 3930 1325 3970 non
1367 3913 1670 3968 diuturnam
1697 3909 1752 3964 in
1791 3908 1892 3961 alia
1937 3904 2152 3975 regione

586 4010 1055 4068 commorationem
1087 4049 1101 4074 ,
1131 4021 1234 4060 non
1282 4000 1632 4058 contumelias
1655 4040 1670 4066 ,
1700 4013 1806 4052 non
1849 3997 2147 4061 cruciatus,

586 4120 691 4158 non
717 4111 1010 4171 temporum
1039 4098 1416 4161 mutationem,
1446 4108 1550 4147 non
1572 4090 1867 4162 periculum
1886 4104 1913 4140 a
1941 4093 2155 4156 sperato

585 4196 690 4250 fine
719 4191 998 4248 aberrandi
1022 4232 1037 4259 ,
1064 4205 1171 4245 non
1196 4195 1566 4259 prmmaturam
1609 4190 1833 4238 mortem
1859 4221 1876 4248 ,
1903 4195 2008 4234 non
2064 4193 2152 4232 se-

584 4289 908 4361 parationem
946 4300 979 4340 a
1025 4281 1365 4348 domesticis,
1410 4292 1516 4334 non
1547 4276 1728 4330 uxoris
1784 4283 1836 4329 et
1869 4272 2154 4326 liberorum

585 4360 946 4442 solitudinem,
976 4390 1079 4429 non
1107 4373 1265 4428 aliam
1288 4369 1590 4441 quampiam
1617 4365 1985 4421 difficultatem
2013 4360 2158 4430 cogi-

589 4479 701 4524 tant
726 4486 740 4534 ;
781 4468 872 4522 sed
904 4465 1246 4537 pecuniarum
1269 4460 1535 4532 cupidine,
1567 4471 1665 4512 ceu
1691 4463 1929 4510 amentes
1957 4450 2155 4515 effecti,

587 4560 764 4615 omnia
792 4557 1020 4612 subeunt
1057 4553 1191 4608 mala
1217 4594 1232 4619 ,
1264 4567 1382 4621 quae
1416 4550 1480 4603 ad
1511 4549 1648 4602 hanc
1699 4545 1996 4601 conducere
2035 4557 2160 4614 pos-

587 4653 712 4705 sint.
741 4648 848 4702 Nos
882 4655 1056 4700 autem
1087 4643 1278 4712 quibus
1315 4657 1420 4695 non
1448 4637 1687 4709 pecunia:
1715 4677 1729 4702 ,
1763 4650 1937 4705 neque
1981 4643 2118 4688 terra
2139 4674 2155 4700 ,

588 4741 683 4796 sed
732 4737 918 4793 caelum
957 4733 1269 4805 pr0ponitur
1307 4741 1358 4786 ct
1398 4729 1627 4784 caelestia
1677 4728 1815 4782 bona
1842 4767 1856 4793 ,
1911 4740 2028 4794 qua:
2062 4737 2161 4778 nec

587 4833 774 4886 oculus
799 4828 968 4892 vidit,
1012 4841 1113 4882 nec
1139 4825 1283 4880 auris
1324 4822 1563 4886 audivit,
1587 4834 1686 4874 nec
1714 4819 1766 4872 in
1809 4832 1903 4872 cor
1931 4815 2161 4870 hominis

597 4922 978 4987 ascenderunt,
1006 4918 1072 4973 de
1101 4918 1276 4987 quiete
1304 4915 1637 4972 sciscitamur
1668 4930 1681 4965 :
1713 4924 1882 4980 usque
1913 4907 2046 4962 adeo
2073 4919 2162 4960 su-

593 5031 711 5070 mus
755 5013 858 5067 illis
886 5009 1302 5066 miserabiliores
1338 5015 1393 5062 et
1420 5004 1712 5060 molliores.
1740 5000 1878 5070 Quid
1921 4999 2001 5052 ais
2027 5037 2043 5064 ,
2087 4995 2161 5049 mi

595 5109 757 5163 homo
768 5106 816 5159 "i
837 5105 888 5158 in
903 5103 1162 5158 caelumne
1180 5098 1489 5164 mittendus,
1506 5096 1576 5149 ibi
1594 5108 1811 5164 regnum
1826 5099 2159 5170 accepturus,

599 5195 930 5268 percontaris
955 5209 1021 5248 an
1052 5190 1179 5262 quid
1209 5190 1278 5245 sit
1305 5188 1528 5243 arduum
1569 5186 1624 5240 in
1662 5185 1744 5238 via
1778 5191 1834 5238 et
1854 5174 2162 5251 peregrina-

595 5291 740 5345 tione
766 5285 1069 5358 hujusmodi
1090 5325 1105 5349 ,
1129 5290 1184 5338 et
1215 5296 1325 5337 non
1374 5290 1428 5334 te
1475 5277 1639 5348 pudet
1660 5317 1677 5343 ,
1706 5290 1811 5330 non
1849 5270 2118 5328 erunescis
2144 5308 2162 5337 ,

594 5397 692 5436 nec
721 5392 775 5437 te
796 5379 896 5436 sub
923 5387 1118 5433 terram
1140 5371 1392 5430 defodis?
1420 5368 1640 5425 Etiamsi
1664 5365 1841 5421 omnia
1870 5406 1887 5427 .
1920 5377 2040 5433 quae
2063 5359 2165 5415 ho-

596 5472 827 5527 minibus
872 5470 1182 5538 contingere
1208 5470 1470 5537 possunt,
1512 5459 1648 5514 mala
1701 5464 2016 5520 occurrant,
2053 5452 2168 5507 sive

601 5562 858 5627 convicia,
897 5564 1009 5617 sive
1035 5556 1373 5614 contumelia:
1398 5596 1414 5622 ,
1441 5553 1553 5607 sive
1594 5549 1898 5619 ignominia:
1921 5556 1977 5603 et
2009 5559 2167 5617 syco-

665 5693 683 5722 ¹
718 5693 848 5742 Colb.
873 5696 1045 5742 omittit
1066 5693 1150 5751 ita,
1176 5689 1381 5746 etinfra,
1403 5700 1504 5737 nos.

664 5751 686 5782 ³
719 5757 768 5801 1η
785 5754 914 5802 Colb.
942 5755 1110 5812 deest,
1133 5753 1199 5803 mi
1219 5753 1375 5800 Iumw.
1922 5752 1963 5771 ’

2267 4881 2706 4975 peregrinationis
2729 4901 2886 4972 hujus
2911 4899 3254 4955 diuturnitate
3279 4893 3670 4964 ingemisceret:
3691 4881 3807 4936 Nam

2266 4997 2352 5067 qui
2386 5012 2555 5050 sumus
2580 5036 2595 5062 ,
2642 4993 2844 5065 inquit,
2889 4993 2941 5046 in
2970 4989 3290 5044 tabernaculo
3332 4986 3426 5039 hoc
3471 4975 3809 5052 ingemiscimus

2271 5061 2347 5159 ξε.
2376 5086 2493 5140 Cor.
2521 5061 2653 5152 5.4)
2685 5061 3063 5138 {desiderabat
3087 5087 3263 5132 tamen
3308 5083 3364 5129 et
3396 5071 3633 5133 volebat,
3662 5061 3812 5158 adhoc

2271 5175 2358 5232 hic
2399 5190 2617 5231 manere
2658 5182 2876 5244 pr0pter
2916 5169 3183 5226 Christum
3215 5184 3228 5220 :
3259 5164 3596 5223 Permanere,
3644 5149 3808 5220 inquit.

2271 5285 2351 5322 me
2368 5269 2421 5321 in
2458 5282 2607 5319 carne
2632 5237 2964 5318 necessarium
2992 5266 3194 5330 propter
3221 5272 3306 5311 vos
3332 5252 3588 5326 (Philipp.
3620 5247 3668 5300 Ι.
3693 5237 3810 5307 Ξυὶ

2273 5359 2324 5415 id
2351 5367 2467 5425 est,
2498 5366 2556 5412 ut
2597 5355 2728 5410 fides
2764 5355 2816 5408 in
2848 5352 3120 5408 Christum
3148 5352 3446 5418 augeretur.
3493 5339 3614 5395 Ideo
3645 5332 3813 5388 famem

2337 5494 2356 5561 ξ
2551 5495 2678 5561 post»
2697 5484 2864 5561 armata
2879 5472 3620 5561 ,videeeseedeasmr
3633 5463 3817 5561 tam:

2272 5559 2344 5605 set
2365 5526 3278 5611 eﬁ’ﬁikz’in‘éi’nﬁiiigﬁaiiifiﬁioﬁibit
3293 5526 3442 5611 iam:
3477 5526 3816 5611 13643132

2275 5591 3817 5678 ὢᾒῑᾱξιλπῖέέίδτιριδῖῖῖέῆςοῖεέςενξαεητρεειίαςς.εςηηεα,ιεοί;.εεξξῖ

2275 5647 3392 5731 ita...12:53am:gessissegessisse
3406 5647 3816 5731 ρπιρωροεερξῖῗξν

2284 5711 3148 5797 ﬁsaﬁé'id'ié‘ibi,‘6&i§iue
3169 5711 3235 5775 est
3255 5722 3278 5774 ?
3298 5711 3476 5772 ibidem
3495 5711 3812 5766 desiderantur-
