4032 6420
205 494 320 552 ‘05

204 623 266 668 et
294 614 437 667 sitim
465 622 520 668 et
541 610 828 667 nuditatem
854 616 908 666 et
931 608 1135 663 vincula
1161 617 1214 663 et
1242 617 1444 665 mortes
1458 616 1512 663 et
1531 616 1791 663 transma-

204 710 332 764 rina
374 707 560 762 itinera
590 715 643 761 et
686 703 955 774 naufragia
983 712 1037 758 et
1076 702 1177 757 alia
1216 701 1393 756 omnia
1434 715 1553 770 quae
1602 712 1792 755 recen-

204 798 319 851 suit
374 795 705 860 sustinebat,
762 809 825 849 ac
868 807 974 847 non
1022 791 1194 846 solum
1249 791 1365 845 lnec
1416 804 1521 844 non
1567 788 1793 844 moleste

207 888 465 951 ferebat,
516 884 610 940 sed
659 884 817 938 etiam
854 881 1117 953 gaudebat
1151 897 1167 935 :
1198 894 1356 935 causa
1388 888 1565 934 autem
1603 879 1788 932 horum

206 990 332 1036 erat
355 981 371 1012 ¹
397 993 548 1033 amor
590 976 784 1032 Christi
831 993 845 1030 :
894 989 1058 1046 quare
1084 972 1294 1029 dicebat
1321 990 1335 1026 :
1363 971 1431 1026 In
1457 972 1536 1026 his
1562 971 1791 1026 omnibus

202 1086 511 1142 superamus
537 1077 741 1139 propter
776 1083 890 1122 eum
925 1068 1012 1138 qui
1053 1064 1230 1120 dilexit
1268 1080 1359 1119 nos
1388 1063 1560 1136 (Rom.
1590 1063 1644 1117 8.
1676 1059 1789 1133 57).

205 1163 325 1216 Nec
371 1160 493 1216 ideo
530 1159 784 1214 mireris:
813 1173 935 1213 nam
974 1158 1019 1212 si
1058 1173 1209 1212 amor
1251 1156 1525 1211 hominum
1564 1163 1789 1210 mortem

207 1267 362 1321 szepe
410 1251 666 1306 audacter
712 1249 865 1305 adire
904 1247 1067 1315 fecit,
1120 1247 1246 1317 quid
1291 1262 1396 1301 non
1444 1245 1598 1301 faciat
1640 1260 1792 1299 amor

206 1342 453 1398 Christi?
492 1355 652 1411 quam
682 1339 1048 1394 difficultatem
1098 1353 1203 1391 non
1250 1337 1419 1391 levem
1466 1335 1658 1390 faciet?
1704 1334 1793 1390 Sic

206 1433 393 1491 omnia
422 1432 500 1486 illi
531 1430 829 1485 tolerabilia
872 1436 1061 1493 erant,
1114 1427 1255 1497 quod
1299 1427 1365 1482 ad
1411 1426 1662 1482 dilectum
1705 1440 1792 1480 so-

209 1521 490 1577 lummodo
539 1520 867 1589 respiceret,
911 1526 967 1573 et
1007 1517 1149 1588 quod
1192 1524 1406 1587 propter
1434 1516 1580 1570 illum
1612 1515 1790 1570 omnia

209 1612 363 1683 pati,
407 1610 552 1666 omni
595 1610 863 1680 voluptate
900 1619 953 1664 et
994 1608 1197 1664 deliciis
1226 1608 1396 1675 majus
1436 1607 1786 1673 existimaret,

205 1704 355 1774 quod
381 1717 511 1759 sane
538 1717 723 1758 verum
764 1710 865 1756 est.
914 1699 1028 1755 Non
1075 1699 1217 1754 enim
1264 1698 1620 1753 arbitrabatur
1647 1712 1706 1752 se
1733 1697 1789 1751 in

208 1805 358 1850 terra
384 1808 525 1861 esse,
555 1794 639 1848 vel
679 1793 733 1847 in
765 1791 1011 1861 praesenti
1035 1792 1141 1844 vita
1166 1789 1359 1860 degere
1383 1829 1397 1851 ,
1428 1790 1510 1843 vel
1540 1803 1658 1842 cum
1688 1787 1788 1842 ho-

209 1884 448 1939 minibus
474 1881 809 1946 conversari;
854 1880 948 1935 sed
988 1895 1050 1934 ac
1090 1880 1133 1934 si
1159 1880 1270 1949 jam
1296 1879 1562 1933 calestem
1590 1887 1788 1932 sortem

206 1975 500 2040 obtineret,
527 1987 591 2027 ac
617 1987 737 2027 cum
768 1972 974 2041 angelis
1002 1970 1240 2040 degeret,
1273 1984 1491 2038 regnum
1524 1967 1792 2036 acciperet

207 2076 266 2122 et
302 2065 436 2120 facie
477 2062 544 2119 ad
590 2062 779 2118 faciem
825 2062 917 2116 illo
962 2061 1270 2116 frueretur:
1304 2061 1382 2115 sic
1424 2068 1478 2114 et
1522 2058 1694 2113 dulcia
1734 2066 1791 2113 et

210 2155 384 2209 tristia
402 2195 419 2220 ,
467 2168 587 2224 quae
614 2154 665 2207 in
697 2152 796 2207 hoc
823 2151 1020 2206 mundo
1041 2160 1164 2205 sunt
1190 2190 1204 2214 ,
1236 2149 1645 2217 contemnebat,
1673 2149 1792 2203 nul-

208 2246 426 2315 iamque
452 2243 653 2314 requiei
676 2243 818 2298 illius
839 2284 853 2307 ,
886 2257 1041 2311 quam
1086 2240 1298 2295 assidue
1326 2240 1668 2310 inquirimus,
1701 2254 1790 2293 ra-

209 2340 414 2392 tionem
444 2328 704 2402 habebat;
733 2334 826 2390 sed
849 2334 1110 2390 clamabat
1134 2334 1318 2388 dicens
1348 2350 1360 2386 :
1394 2331 1563 2402 Usque
1582 2333 1633 2386 in
1662 2333 1791 2386 hanc

208 2431 390 2481 horam
413 2437 460 2481 et
478 2427 725 2483 esurimus
748 2467 763 2492 ,
790 2436 838 2479 et
863 2425 1057 2479 sitimus
1080 2466 1096 2490 ,
1127 2433 1173 2478 et
1201 2424 1322 2477 nudi
1345 2439 1520 2477 sumus
1539 2463 1553 2488 ,
1583 2432 1628 2477 et
1653 2424 1792 2476 cola-

211 2521 329 2591 phis
343 2520 603 2584 ctedimur,
626 2527 673 2573 et
700 2517 956 2572 instabiles
980 2533 1172 2582 sumus,
1204 2525 1250 2569 et
1274 2514 1557 2569 laboramus
1578 2531 1792 2583 operan-

210 2623 283 2665 tes
327 2610 558 2664 manibus
585 2609 769 2663 nostris
798 2623 817 2660 :
844 2608 1190 2662 maledicimur
1211 2617 1257 2660 et
1285 2606 1617 2659 benedicimus
1636 2647 1650 2672 ,
1679 2622 1793 2675 per-

205 2702 554 2775 sequutionem
594 2699 817 2768 patimur
845 2705 891 2753 et
920 2698 1255 2763 sustinemus,
1301 2696 1706 2767 blasphemamur
1748 2706 1792 2751 et

206 2795 530 2848 obsecramus
558 2807 576 2846 :
602 2799 858 2860 tamquam
897 2798 1225 2861 purgamenta
1252 2788 1426 2842 mundi
1450 2788 1571 2857 facti
1598 2804 1789 2853 sumus,

206 2883 436 2939 omnium
478 2883 756 2952 pcripsema
812 2901 977 2955 usque
1020 2881 1193 2935 adhuc
1235 2879 1309 2949 (l.
1338 2879 1455 2934 Cor.
1489 2880 1541 2932 4.
1580 2878 1787 2948 11-15).

207 2975 346 3030 Cum
388 2972 532 3028 enim
568 2971 737 3027 semel
781 2971 965 3025 oculos
1008 2970 1201 3024 animae
1250 2970 1306 3024 in
1343 2969 1529 3024 carlum
1564 2983 1794 3024 conver-

210 3066 403 3127 tisset,
448 3070 502 3117 et
543 3061 835 3116 caelestium
881 3060 1275 3130 pulchritudine
1322 3070 1508 3129 captus
1534 3068 1708 3125 esset,
1738 3060 1789 3112 in

208 3165 412 3210 terram
464 3152 657 3208 reverti
717 3167 824 3206 non
871 3152 1195 3218 sustinebat;
1251 3152 1343 3207 sed
1403 3152 1544 3206 velut
1594 3167 1794 3221 pauper

204 3247 426 3317 quidam
444 3254 499 3300 et
527 3246 700 3313 inops,
732 3243 788 3297 in
817 3242 1041 3298 obscura
1064 3253 1119 3299 et
1140 3245 1225 3299 vili
1250 3245 1563 3299 domuncula
1582 3260 1794 3314 semper

208 3335 451 3391 inclusus
477 3376 492 3400 ,
534 3334 579 3388 si
626 3348 805 3403 regem
848 3332 1025 3388 videat
1061 3348 1192 3389 auro
1218 3334 1386 3388 multo
1411 3343 1463 3389 et
1490 3334 1793 3404 lapillorum

206 3430 499 3500 splendore
528 3431 834 3503 fulgentem,
864 3447 1150 3502 numquam
1190 3432 1332 3488 volet
1360 3440 1541 3500 postea
1569 3430 1637 3485 de
1662 3446 1795 3499 pau-

207 3525 430 3590 percula
459 3525 618 3580 domo
659 3540 754 3580 sua
796 3526 1030 3595 cogitare
1050 3564 1064 3588 ,
1107 3523 1200 3578 sed
1233 3523 1358 3577 nihil
1389 3538 1492 3577 non
1520 3535 1639 3593 aget
1659 3533 1715 3576 ut
1742 3523 1794 3578 in

208 3616 360 3669 illam
382 3615 601 3671 domum
627 3631 686 3671 se
714 3615 1020 3678 transferat,
1051 3615 1097 3670 si
1123 3615 1236 3670 fieri
1266 3616 1434 3683 possit
1466 3632 1478 3668 :
1508 3614 1584 3669 sic
1609 3615 1796 3669 beatus

212 3706 326 3767 ille,
356 3721 478 3760 cum
507 3707 741 3761 ca-lestia
773 3706 997 3760 intuitus
1025 3715 1202 3772 esset,
1244 3705 1401 3774 hujus
1426 3705 1546 3759 vita:
1572 3720 1798 3774 panper-

210 3805 377 3851 tatcm
429 3798 756 3865 despiciebat
790 3817 804 3853 :
834 3807 887 3852 et
931 3814 1051 3853 cum
1102 3798 1402 3853 hominibus
1443 3797 1655 3868 quidem
1701 3812 1798 3867 pro

211 3889 537 3944 necessitate
567 3892 807 3959 corporis
838 3890 1185 3957 versabatur,
1230 3890 1297 3945 ad
1329 3890 1525 3945 nullam
1556 3905 1682 3946 vero
1706 3905 1796 3946 re-

210 3994 333 4032 rum
361 3979 695 4036 saecularium
717 3994 777 4034 se
793 3981 1158 4049 convertebat,
1185 3982 1278 4037 sed
1308 3996 1366 4038 se
1391 3989 1560 4037 totum
1582 3981 1634 4035 in
1655 3981 1797 4036 illam

210 4068 484 4124 civitatem
514 4069 889 4126 transferebat.

290 4157 443 4214 Pauli
466 4176 609 4214 amor
641 4160 1195 4230 vehemens.—Ecquid
1218 4161 1403 4229 loquar
1429 4161 1497 4217 de
1525 4161 1800 4230 praesentis

216 4251 340 4305 vitm
364 4252 651 4307 aerumnis?
680 4252 851 4306 Tanto
873 4252 1067 4321 quippe
1091 4250 1288 4307 Christi
1316 4266 1498 4307 amore
1523 4251 1797 4322 ﬂagrabat,

214 4351 276 4396 ut
294 4340 338 4395 si
365 4339 700 4413 propositum
724 4341 823 4398 sibi
839 4341 1025 4397 fuisset
1045 4342 1370 4397 immortales
1399 4342 1520 4396 illos
1538 4343 1801 4397 cruciatus

217 4446 317 4503 pro
331 4418 540 4486 Christo
554 4432 753 4500 subire,
772 4448 838 4489 ne
852 4433 954 4488 hoc
967 4432 1178 4503 quidem
1192 4441 1508 4489 recusasset.
1530 4432 1644 4487 Non
1660 4433 1801 4487 enim

217 4524 662 4593 quemadmodum
683 4540 783 4581 nos
793 4526 1127 4594 mercenarii,
1145 4527 1231 4596 qui
1244 4525 1539 4595 gehennam
1554 4524 1802 4581 formida-

219 4626 341 4668 mus
361 4623 416 4669 et
440 4629 664 4685 regnum
686 4615 1131 4685 concupiscimus,
1154 4615 1231 4670 sic
1256 4615 1343 4670 ille
1370 4615 1582 4670 Christo
1597 4616 1802 4671 servie-

221 4701 314 4757 bat
336 4719 350 4767 ;
372 4703 464 4759 sed
480 4704 585 4760 alio
601 4704 756 4774 longe
771 4706 1137 4774 praestantiore
1153 4705 1492 4776 beatioreque
1516 4720 1698 4760 amore
1717 4721 1806 4761 ca-

224 4803 364 4865 ptus,
407 4796 584 4849 omnia
618 4795 912 4865 patiebatur
938 4804 993 4851 et
1016 4796 1203 4867 agebat
1231 4796 1371 4855 nulla
1399 4797 1503 4851 alia
1526 4796 1594 4852 de
1622 4811 1801 4864 causa,

219 4899 379 4955 quam
396 4894 451 4939 ut
465 4886 635 4940 amori
650 4900 774 4955 erga
785 4886 1049 4940 Christum
1065 4900 1162 4940 suo
1177 4885 1505 4942 satisfaceret
1522 4903 1535 4939 :
1555 4888 1642 4956 qui
1655 4902 1805 4942 amor

221 4974 358 5030 adeo
373 4985 604 5032 mentem
620 4980 735 5045 ejus
752 4977 966 5040 vicerat,
992 4984 1050 5030 ut
1066 4975 1208 5046 quod
1226 4976 1298 5029 illi
1311 4976 1485 5030 carius
1504 4986 1637 5037 erat,
1656 4992 1804 5033 netu-

224 5079 292 5135 pe
316 5079 434 5120 esse
460 5080 579 5122 cum
605 5066 841 5132 Christo,
861 5080 957 5135 pro
976 5080 1081 5136 quo
1104 5074 1157 5120 et
1179 5066 1475 5136 gehennam
1504 5075 1558 5122 et
1582 5082 1802 5137 regnum

222 5154 477 5211 caelorum
524 5155 876 5227 despiciebat,
928 5154 1028 5209 hoc
1076 5156 1269 5224 ipsum,
1299 5155 1533 5224 inquam,
1577 5157 1806 5214 libenter

158 5246 161 5249 λ
225 5236 525 5313 desereret,
570 5262 633 5302 ac
669 5254 883 5317 propter
925 5244 1189 5300 Christum
1218 5244 1624 5301 inenarrabilem
1654 5247 1803 5301 illum

224 5338 455 5403 lapsum,
490 5338 639 5407 quasi
671 5352 783 5391 rem
809 5335 1265 5406 Optabilissimam,
1299 5334 1456 5390 vellet
1481 5338 1723 5406 amplecti
1750 5344 1805 5393 et

224 5443 412 5498 magna
441 5445 561 5484 cum
592 5429 862 5484 alacritate
884 5430 1171 5497 suscipere.

296 5520 351 5575 8.
394 5522 463 5574 At
503 5519 728 5576 fortasse
756 5536 895 5575 nunc
922 5520 1203 5576 obscurum
1243 5518 1425 5573 multis
1453 5517 1659 5572 videtur
1686 5531 1805 5574 esse

225 5613 368 5683 quod
396 5614 595 5668 dictum
634 5621 717 5669 est
745 5631 758 5666 :
805 5629 925 5669 eum
951 5622 1127 5668 autem
1158 5613 1209 5667 id
1242 5612 1435 5666 clarius
1461 5626 1800 5679 enarravero,

224 5717 354 5761 tunc
405 5704 717 5759 incredibile
764 5700 1029 5758 videbitur
1077 5702 1139 5757 iis
1184 5703 1350 5771 ipsis,
1419 5702 1609 5771 quibus
1650 5710 1804 5756 antea

228 5799 519 5854 obscurum
542 5803 675 5850 erat.
701 5794 945 5865 Nihilque
975 5794 1199 5849 mirum:
1221 5810 1342 5848 nam
1366 5794 1551 5849 beatus
1579 5794 1665 5848 ille
1685 5809 1804 5848 cum

291 5912 307 5942 ι
334 5915 453 5966 Vox,
480 5911 601 5966 erat,
616 5912 665 5957 et
680 5903 799 5957 infra
822 5904 988 5966 verba,
1009 5917 1157 5968 quare
1181 5903 1385 5984 diccbat,
1409 5905 1587 5954 desunt
1607 5905 1655 5954 in
1672 5905 1800 5954 Colb.

1063 489 1152 545 ne
1189 490 1733 552 COMPUNC'I'IO‘NE.
1774 488 1867 546 Αο
1903 482 2329 550 numerumn,
2370 444 2579 543 1.13.}.

3365 494 3469 551 ιοε

1899 602 2002 658 sibi
2028 602 2184 658 ﬁdem
2212 603 2353 658 circa
2381 602 2495 657 hmo
2520 618 2625 659 non
2653 604 2945 662 habendam
2971 621 3091 663 esse
3114 618 3468 680 exspectaret,

1899 692 2014 749 haec
2038 694 2292 764 prtemisit
2325 711 2338 747 :
2373 693 2642 749 Veritatem
2666 695 2777 750 dico
2801 696 2854 751 in
2878 695 3094 764 Chnsto,
3120 716 3219 755 non
3235 703 3468 771 mentior,

1900 789 2234 842 testimonium
2271 790 2394 842 mihi
2422 789 2706 860 perhibente
2732 793 3031 846 conscientia
3064 810 3173 848 mea
3195 796 3248 849 in
3273 795 3472 867 Spiritu

1897 892 2071 937 sancto
2093 882 2269 955 (Rom.
2299 884 2353 939 9.
2380 884 2725 955 l).Atlamcn
2748 884 2829 939 his
2858 885 3076 955 adjectis
3096 888 3472 958 advocatisque

1896 974 2089 1029 talibus
2109 976 2448 1033 conscientia:
2472 992 2582 1032 suze
2608 977 2849 1041 testibus,
2876 980 3035 1032 etiam
3063 995 3200 1035 nunc
3225 996 3327 1036 non
3355 998 3475 1036 cre-

1896 1062 2197 1132 ditur.Quid
2220 1067 2374 1135 igitur
2396 1067 2503 1121 vult
2522 1067 2737 1123 dicere?
2753 1067 2911 1123 Audi.
2930 1068 3210 1139 Postquam
3229 1071 3295 1126 de
3315 1073 3472 1139 hujus

1858 1230 1863 1235 Α
1899 1153 2082 1207 mundi
2115 1155 2367 1209 aerumnis
2390 1156 2637 1211 disseruit
2666 1172 2727 1212 ac
2750 1157 2882 1212 dixit
2915 1174 2928 1210 :
2955 1156 3079 1223 Quis
3104 1176 3194 1213 nos
3221 1163 3471 1232 separabit

1896 1259 1928 1296 a
1940 1245 2148 1299 caritate
2161 1246 2344 1300 Christi
2361 1246 2673 1315 ?tribulntio,
2689 1266 2755 1303 an
2772 1250 3025 1321 angustia,
3047 1266 3111 1305 an
3134 1254 3470 1322 persequutio,

1898 1353 1967 1390 an
1990 1338 2168 1405 fames,
2192 1356 2258 1393 an
2276 1341 2497 1403 auditas,
2520 1357 2585 1395 an
2603 1342 2904 1412 periculum,
2925 1360 2988 1397 an
3005 1344 3208 1414 gladius
3225 1343 3396 1415 (Rom.
3416 1345 3470 1400 8.

1895 1426 1981 1481 55.
1999 1426 2085 1483 38.
2103 1428 2220 1499 59)?
2246 1439 2299 1484 et
2326 1431 2573 1488 omnibus
2598 1449 2714 1503 quae
2728 1433 2780 1489 in
2801 1442 2941 1490 terra
2967 1442 3090 1489 sunt
3110 1434 3406 1501 recensitis,
3423 1438 3475 1489 in

1895 1518 2082 1574 czelum
2104 1521 2340 1576 ascendit
2371 1540 2385 1579 :
2432 1533 2593 1595 utque
2620 1526 2879 1591 ostendat,
2913 1540 3018 1581 non
3050 1540 3297 1595 magnum
3323 1525 3476 1596 quid-

1895 1612 2034 1679 piam
2054 1627 2174 1668 esse
2196 1614 2353 1683 hujus
2379 1615 2499 1670 vitae
2530 1618 2802 1674 cruciatus
2837 1626 3053 1686 propter
3079 1615 3348 1671 Christum
3374 1617 3475 1672 de-

1893 1702 2119 1771 spicere,
2147 1704 2224 1759 sic
2251 1701 2412 1759 infert
2448 1722 2462 1759 :
2508 1704 2685 1774 Neque
2706 1707 2891 1775 angeli,
2935 1722 3095 1775 neque
3128 1706 3471 1777 Principatus,

1894 1807 2053 1862 neque
2104 1792 2340 1859 Virtutes,
2388 1810 2546 1864 neque
2587 1795 2846 1857 instanlia,
2887 1812 3046 1865 neque
3075 1799 3269 1867 futura,
3319 1813 3473 1868 neque

1895 1883 2132 1950 altitudo,
2166 1901 2323 1955 neque
2352 1885 2683 1957 profundum,
2716 1903 2875 1957 neque
2894 1898 3125 1942 creatura
3164 1890 3268 1942 alia
3293 1890 3475 1960 poterit

1895 1991 1987 2030 nos
2027 1993 2265 2048 separare
2304 1996 2335 2032 a
2376 1979 2586 2034 caritate
2632 1978 2745 2045 Dei,
2791 1996 2903 2050 qua:
2930 1991 3001 2035 est
3041 1983 3094 2035 in
3127 1980 3325 2036 Christo
3350 1981 3475 2035 Jesn

1898 2065 2118 2122 Domino
2153 2078 2344 2123 nostra.
2371 2070 2523 2138 Quod
2549 2080 2724 2126 autem
2753 2071 2879 2125 dicit
2907 2072 3010 2126 tale
3039 2081 3138 2127 est.
3165 2073 3278 2127 Non
3303 2074 3475 2128 solum

1899 2156 2143 2213 homines
2172 2173 2257 2214 me
2287 2172 2390 2214 non
2420 2168 2671 2231 poterunt
2701 2160 2768 2214 ab
2807 2161 2909 2216 hoc
2935 2177 3116 2216 amore
3144 2162 3472 2229 abstrahere,

1903 2248 1999 2301 sed
2024 2263 2194 2318 neque
2221 2250 2415 2319 angeli,
2467 2264 2639 2319 neque
2681 2252 2728 2306 si
2768 2267 2955 2308 omnes
2980 2253 3222 2308 ctelestes
3246 2253 3478 2309 Virtutes

1897 2340 1949 2393 in
1981 2339 2083 2395 hoc
2116 2342 2504 2411 conspirarent,
2545 2343 2597 2397 id
2624 2343 2841 2399 efficere
2885 2353 3122 2425 possent.
3152 2345 3287 2413 Quid
3316 2346 3477 2400 dico?

1898 2445 2069 2499 neque
2094 2431 2137 2486 si
2162 2446 2193 2486 e
2222 2445 2387 2502 regno
2411 2432 2677 2499 excidere,
2710 2449 2882 2503 neque
2907 2434 2950 2488 si
2982 2434 3033 2488 in
3061 2435 3358 2504 gehennam
3392 2437 3475 2492 inc

1894 2522 2077 2577 cidere
2104 2534 2319 2592 propter
2344 2522 2612 2577 Christum
2634 2533 2921 2593 oporteret,
2972 2524 3021 2579 id
3063 2526 3189 2580 mihi
3216 2528 3470 2582 formida-

1897 2610 2001 2665 bile
2028 2621 2191 2667 esset.
2221 2611 2353 2666 Nam
2378 2612 2600 2667 altitudo
2629 2622 2680 2668 et
2710 2614 3048 2683 profundum,
3090 2615 3195 2669 vita
3222 2624 3276 2670 et
3304 2630 3470 2683 mors,

1899 2700 2024 2753 nihil
2074 2701 2213 2755 aliud
2254 2717 2410 2771 quam
2456 2702 2557 2757 hoc
2609 2703 2896 2758 declarant.
2947 2704 3001 2758 ld
3031 2706 3046 2737 ¹
3078 2720 3202 2760 vero
3244 2706 3474 2773 dicebat,

1897 2806 2003 2846 non
2041 2792 2181 2862 quod
2209 2794 2383 2863 angeli
2416 2795 2663 2849 tentaturi
2690 2806 2868 2851 essent
2893 2796 3065 2865 ipsum
3092 2812 3121 2850 a
3147 2796 3360 2852 Christo
3387 2813 3477 2854 se-

1900 2901 2120 2954 parare;
2177 2887 2272 2941 sed
2301 2902 2362 2942 ea
2389 2903 2507 2958 qua:
2546 2904 2833 2959 numquam
2876 2891 3183 2959 contingere
3230 2902 3474 2959 possunt,

1900 2977 2062 3030 verbo
2114 2985 2270 3032 tenus
2309 2978 2578 3047 proponit,
2624 2988 2682 3033 ut
2720 2980 3135 3049 magnitudinem
3173 2984 3372 3037 amoris
3397 2997 3479 3038 sut

1897 3064 2189 3129 declarare,
2212 3066 2560 3138 clunibusque
2577 3068 2748 3136 palam
2769 3068 2942 3123 facere
2963 3070 3148 3138 possit.
3169 3070 3312 3125 Talis
3329 3087 3479 3126 nam-

1897 3168 1998 3221 que
2022 3155 2310 3210 amantium
2333 3171 2447 3211 mos
2472 3165 2554 3210 est
2582 3175 2596 3212 :
2627 3172 2731 3211 non
2759 3166 2977 3225 possunt
2998 3158 3209 3212 silentio
3236 3175 3474 3215 amorem

1896 3259 2050 3297 suum
2080 3254 2274 3315 tegere,
2304 3246 2395 3301 sed
2423 3246 2765 3302 familiaribus
2791 3248 3037 3302 omnibus
3060 3248 3323 3305 ﬂammam
3352 3252 3479 3307 ell'e-

1898 3342 2041 3399 runt,
2090 3345 2148 3389 ut
2186 3335 2493 3390 assiduitate
2531 3339 2780 3393 narrandi
2820 3342 3056 3395 animum
3102 3341 3367 3396 desiderio
3398 3344 3481 3397 in-

1897 3426 2039 3492 genti
2072 3425 2379 3495 flagrantem
2426 3428 2667 3497 mitigent
2717 3444 2781 3484 ac
2823 3441 3084 3485 recreent.
3124 3432 3276 3499 Quod
3305 3434 3478 3502 ipsum

1902 3524 2026 3572 tunc
2053 3516 2177 3573 fecit
2204 3519 2385 3573 beatus
2415 3520 2524 3585 ille,
2561 3522 2845 3592 omniaque
2874 3538 3121 3579 sermone
3145 3527 3472 3594 complexus,

1901 3611 2200 3679 przeseutia,
2240 3610 2434 3679 futura,
2470 3613 2758 3682 praeterita,
2789 3630 2908 3685 quae
2950 3632 3236 3686 numquam
3264 3618 3475 3673 contin-

1899 3715 2027 3770 gere
2056 3711 2319 3772 poterant,
2350 3705 2575 3761 visibilis
2604 3717 2658 3762 et
2684 3708 2986 3775 invisibilia,
3026 3725 3237 3765 omnem
3264 3712 3475 3766 crucia-

1904 3802 2035 3859 tum,
2065 3810 2278 3850 omnem
2296 3796 2559 3865 quietem;
2590 3798 2738 3867 quasi
2772 3799 2885 3853 inec
2909 3815 3016 3853 non
3045 3800 3144 3854 sibi
3175 3800 3482 3855 sufficerent

1902 3882 1967 3937 ad
2013 3884 2257 3939 aﬂ'ectum
2293 3900 2446 3940 suum
2491 3887 2889 3953 declarandum,
2935 3898 3209 3959 postquam
3263 3900 3339 3944 tot
3377 3891 3480 3945 alia

1903 3988 2008 4028 non
2040 3975 2348 4029 exsistentia
2377 3977 2655 4047 supposuit
2680 3989 2732 4033 et
2754 3980 2942 4034 extulit
2971 3980 3115 4049 (nam
3144 3980 3291 4045 illud,
3334 3998 3479 4035 crea-

1905 4074 2018 4119 tura
2051 4067 2175 4132 alia,
2222 4066 2291 4122 de
2336 4084 2442 4121 non
2486 4069 2867 4125 exsistentibus
2896 4070 3149 4138 dicitur);
3192 4071 3269 4124 sic
3306 4072 3483 4126 intulit

1902 4159 2191 4214 ostendens
2219 4158 2347 4213 nihil
2372 4174 2531 4227 supra
2560 4159 2824 4213 dictorum
2855 4175 3012 4229 posse
3048 4176 3145 4215 nos
3167 4174 3416 4229 separare
3450 4179 3480 4216 a

1903 4249 2123 4304 Caritate
2152 4250 2264 4314 Dei,
2292 4266 2410 4319 qua:
2438 4259 2519 4304 est
2544 4249 2597 4303 in
2617 4248 2830 4303 Chrino
2861 4249 2988 4305 Jesu
3023 4251 3246 4305 Domino
3272 4261 3477 4305 nostro.

1906 4339 1973 4393 Et
1991 4340 2080 4394 ille
2099 4340 2309 4410 quidem
2338 4354 2571 4395 amorem
2600 4354 2752 4395 suum
2782 4341 2832 4395 in
2875 4348 3072 4394 tantam
3101 4340 3479 4397 sublimitatem

1904 4430 2134 4486 extulit:
2166 4445 2263 4486 nos
2288 4438 2489 4498 autem,
2535 4431 2624 4502 qui
2663 4430 2793 4501 jussi
2832 4446 3013 4487 sumus
3046 4434 3160 4503 ejus
3188 4433 3481 4491 imitatores

1903 4534 2044 4585 esse,
2079 4535 2146 4576 ne
2174 4520 2294 4576 vita:
2318 4520 2530 4590 quidem
2561 4521 2715 4592 hujus
2743 4537 3010 4577 aerumnas
3057 4521 3211 4578 facile
3238 4523 3476 4588 ferimus,

1907 4613 2001 4669 sed
2023 4629 2127 4668 non
2154 4613 2348 4677 minus,
2367 4628 2525 4684 quam
2542 4614 2921 4676 febricitantes,
2945 4629 3252 4680 maeremus,
3271 4625 3325 4670 et
3341 4616 3481 4670 indi-

1906 4720 2148 4773 gnamur.
2171 4704 2303 4760 Nam
2331 4704 2517 4774 longus
2551 4703 2637 4759 hic
2662 4705 2899 4770 morbus,
2930 4705 3018 4774 qui
3045 4704 3248 4760 animas
3275 4716 3483 4762 nostras

1907 4797 2201 4865 occupavit,
2219 4794 2563 4849 diuturnitate
2584 4794 2888 4849 insanabilis
2913 4795 3100 4859 evasit,
3128 4805 3183 4848 ut
3202 4795 3271 4849 ita
3287 4795 3480 4861 dicam,

1907 4901 1970 4943 ac
1994 4886 2280 4957 perfectam
2309 4884 2668 4940 valetudinem
2699 4899 2767 4939 ne
2795 4884 3028 4953 cogitare
3050 4885 3267 4955 quidem
3293 4901 3480 4955 possu-

1907 4992 2029 5032 mus
2058 4995 2072 5031 :
2106 4978 2213 5031 imo
2241 4976 2401 5032 etiam
2429 4975 2584 5031 nobis
2609 4990 2671 5030 ea
2697 4990 2803 5030 non
2827 4975 2963 5030 ultra
2995 4978 3297 5048 recuperari
3324 4993 3481 5045 posse

1907 5066 2132 5122 videtur.
2186 5066 2242 5122 Si
2287 5079 2416 5120 vero
2449 5065 2751 5135 quempiam
2797 5065 3074 5121 audiamus
3115 5067 3386 5138 apostolos
3430 5068 3482 5120 in

1907 5157 2139 5212 medium
2168 5156 2547 5225 proferenlem,
2576 5165 2632 5211 et
2658 5171 2840 5212 eorum
2866 5158 3117 5226 praeclara
3157 5171 3317 5227 opera
3358 5171 3484 5210 nar-

1907 5260 2136 5316 rantem,
2182 5265 2301 5305 cum
2330 5251 2507 5306 statim
2547 5250 2727 5321 lugere
2755 5250 3097 5318 deberemus,
3149 5249 3288 5320 quod
3315 5264 3484 5317 usque

1907 5342 2042 5397 adeo
2071 5342 2173 5395 illis
2199 5339 2479 5396 inferiores
2497 5341 2684 5406 simus,
2717 5356 2787 5398 ne
2815 5349 3087 5411 peccatum
3114 5339 3325 5409 quidem
3364 5353 3483 5393 eam

1907 5448 2021 5487 rem
2053 5446 2174 5488 esse
2203 5442 2465 5502 putamus,
2490 5434 2585 5489 sed
2611 5434 2763 5503 quasi
2792 5449 2897 5488 non
2925 5433 3091 5503 possit
3118 5431 3328 5485 culmen
3356 5430 3484 5483 illud

1907 5522 2113 5593 attingi,
2158 5525 2229 5576 ita
2269 5523 2496 5578 remisse
2531 5523 2793 5594 degimus.
2838 5523 2894 5578 Si
2931 5523 3049 5593 quis
3076 5535 3289 5575 causam
3318 5527 3484 5590 petat,

1909 5615 2085 5671 Statim
2122 5615 2354 5684 ineptam
2398 5614 2534 5671 hanc
2558 5615 2960 5672 excusationem
2998 5611 3361 5683 proferimus:
3393 5611 3488 5666 Ille

1912 5704 2104 5759 Paulus
2131 5713 2269 5770 erat,
2314 5705 2403 5760 ille
2433 5705 2640 5769 Petrus,
2676 5706 2763 5759 ille
2790 5703 3041 5760 Joannes.
3085 5701 3222 5771 Quid
3252 5702 3350 5758 sibi
3380 5700 3488 5756 vult

1911 5795 2058 5861 illud,
2089 5794 2180 5851 Ille
2206 5796 2400 5853 Paulus
2423 5806 2559 5864 erat,
2612 5796 2702 5849 ille
2730 5795 2916 5849 Petrus
2943 5796 3097 5849 erat?
3145 5796 3356 5858 Annon,
3401 5790 3488 5845 dic

1973 5908 1990 5937 ¹
2027 5904 2178 5956 Colb..
2226 5897 2347 5955 nihil
2370 5902 2506 5954 aliud
2529 5915 2670 5965 quam
2695 5901 2796 5953 Ιιαέ
2815 5909 2921 5952 sunt
2948 5940 2960 5952 .
2988 5912 3053 5953 Ea
3075 5915 3209 5964 vero,
3237 5909 3333 5952 etc.
