4032 6412
618 470 718 524 ⁸07

613 585 762 648 mihi,
809 579 1045 651 ejusdem
1099 579 1170 634 illi
1215 588 1418 632 natura:
1447 585 1722 632 consortes
1771 572 1963 630 erant?
2010 587 2188 626 annon

611 673 798 727 eadem
828 673 911 726 via
956 672 1008 724 in
1049 669 1184 724 hanc
1221 669 1381 722 vitam
1410 665 1757 736 prodierant?
1785 679 1960 719 annon
2002 664 2189 718 iisdem

611 763 744 817 cibis
790 761 976 816 nutriti
1006 759 1264 815 fuerant?
1303 773 1482 812 annon
1525 757 1770 812 eumdem
1799 755 2190 825 respiraverant

609 853 835 908 aerem?
860 867 1038 907 nonne
1077 850 1262 906 iisdem
1305 850 1464 903 rebus
1493 847 1815 903 utebantur?
1862 861 2040 902 nonne
2067 847 2188 916 qui-

609 945 729 998 dam
755 945 990 1014 ipsorum
1021 957 1216 998 uxores
1237 941 1498 996 duxerant
1523 949 1579 996 et
1606 939 1806 996 liberos
1844 947 2190 1008 susceperant

607 1035 697 1088 alii
729 1050 858 1088 vero
890 1043 1038 1088 artes
1065 1033 1348 1088 saeculares
1373 1032 1714 1096 exercebant,
1767 1029 1855 1084 alii
1891 1029 2104 1084 demum
2137 1029 2188 1084 in

610 1127 783 1194 ipsum
800 1125 1049 1194 nequitia:
1069 1125 1374 1178 barathrum
1392 1122 1594 1193 delapsi
1621 1123 1867 1178 fuerant?
1887 1131 1954 1176 At
1977 1139 2183 1192 magna,

609 1217 838 1286 inquies,
869 1215 1180 1272 fruebantur
1203 1215 1294 1270 Dei
1319 1216 1507 1285 gratia.
1531 1215 1638 1272 Sed
1664 1216 1708 1269 si
1733 1215 1946 1285 quidem
1969 1214 2188 1284 jubere-

609 1324 732 1362 mur
777 1315 1016 1362 mortuos
1079 1309 1360 1374 suscitare,
1415 1322 1678 1363 caecorum
1723 1307 1909 1362 oculos
1955 1307 2186 1375 aperire,

611 1400 851 1468 leprosos
879 1399 1156 1464 mundare,
1180 1399 1397 1454 claudos
1417 1399 1640 1469 erigere,
1674 1399 1945 1455 dannones
1971 1399 2183 1469 ejicere,

609 1490 852 1559 aliosque
873 1489 1074 1544 similes
1094 1489 1310 1544 morbos
1324 1503 1532 1552 sanare,
1559 1497 1859 1558 opportune
1877 1499 2055 1559 posset
2075 1489 2189 1544 haec

609 1584 882 1634 excusatio
907 1578 1133 1649 proferri
1168 1597 1181 1632 :
1221 1580 1302 1634 sin
1329 1587 1576 1633 accurata
1607 1581 1726 1633 vita:
1757 1580 1890 1634 ratio
1920 1595 2187 1649 propona-

610 1684 695 1725 tur
729 1681 782 1727 et
807 1672 1168 1742 obsequentia:
1213 1671 1490 1733 exhibitio,
1518 1686 1634 1742 qua:
1664 1673 2010 1725 consonantia
2051 1672 2190 1727 inter

609 1763 709 1816 hoc
739 1773 792 1816 et
822 1763 988 1816 illud?

681 1855 744 1908 ln
775 1855 1020 1924 baptismo
1049 1855 1264 1926 gratiam
1296 1863 1341 1907 et
1363 1853 1613 1924 Spiritum
1639 1863 1867 1908 sumtum
1896 1855 2184 1922 recipimus.

607 1976 676 1987 ο-
696 1948 902 2001 Etenim
932 1957 987 2000 tu
1013 1947 1171 2001 etiam
1206 1947 1256 1998 in
1286 1945 1546 2012 baptismo
1564 1945 1740 1998 divina
1770 1945 1967 2014 potitus
1992 1961 2049 1999 es
2068 1960 2188 2014 gra-

609 2039 679 2090 tia
701 2077 716 2101 ,
746 2051 809 2092 ac
834 2037 1050 2105 spiritus
1072 2036 1335 2104 particeps
1360 2033 1540 2100 fuisti,
1571 2035 1780 2089 etiamsi
1814 2051 1918 2088 non
1945 2045 2003 2089 ut
2031 2036 2180 2104 signa

608 2131 794 2187 ederes
818 2171 832 2194 ,
862 2131 956 2185 sed
980 2141 1236 2200 quantum
1257 2131 1384 2184 satis
1411 2140 1526 2185 erat
1551 2129 1617 2183 ad
1643 2139 1845 2184 rectum
1889 2137 1944 2182 et
1971 2142 2188 2182 accura-

610 2233 720 2276 tum
748 2223 869 2277 vita:
899 2222 1196 2276 institutum
1223 2239 1236 2275 :
1261 2221 1331 2275 ita
1363 2231 1418 2275 ut
1443 2220 1708 2289 pernicies
1736 2235 1801 2274 ex
1831 2218 1943 2273 sola
1963 2217 2188 2288 segnitie

609 2326 791 2371 nostra
817 2315 1088 2385 procedat.
1121 2313 1262 2370 Sane
1286 2315 1532 2370 Christus
1564 2315 1616 2368 in
1637 2313 1722 2369 die
1754 2314 1842 2368 illa
1887 2298 2007 2368 non‘
2039 2314 2186 2383 signa

609 2409 888 2464 edentibus
917 2408 1230 2478 simpliciter
1273 2423 1492 2462 munera
1523 2406 1650 2471 dat,
1693 2406 1786 2462 sed
1828 2407 1894 2462 iis
1919 2407 2006 2477 qui
2038 2421 2186 2460 man-

609 2501 729 2554 data
757 2507 849 2554 sua
878 2509 1002 2554 sunt
1031 2499 1338 2570 exsequuti:
1373 2515 1492 2553 nam
1518 2539 1534 2565 ,
1576 2497 1747 2553 Venite
1769 2539 1782 2563 ,
1818 2499 2007 2567 inquit,
2037 2499 2185 2552 bene-

612 2593 736 2646 dicti
766 2591 937 2646 Patris
958 2591 1056 2646 mei
1078 2633 1093 2656 ,
1137 2592 1384 2661 possidete
1410 2600 1750 2660 pra’paratum
1777 2590 1910 2644 vobis
1930 2605 2138 2660 regnum
2157 2605 2188 2641 a

613 2684 965 2738 constitutione
988 2683 1163 2736 mundi
1187 2722 1201 2746 ,
1233 2697 1339 2736 non
1367 2681 1488 2751 quia
1516 2680 1771 2734 miracula
1801 2680 2064 2741 cdidistis,
2093 2678 2188 2733 sed

609 2778 729 2846 quia
755 2777 935 2831 esurici
963 2818 978 2840 ,
1004 2784 1051 2829 et
1075 2757 1282 2829 dedistis
1310 2774 1436 2827 mihi
1460 2773 1767 2826 manducare
1789 2789 1806 2836 ;
1833 2772 1966 2825 sitivi
1987 2811 2003 2837 ,
2031 2780 2078 2824 et
2101 2772 2190 2824 de-

609 2869 755 2922 distis
783 2868 906 2921 mihi
935 2867 1098 2922 bibere
1120 2881 1139 2930 ;
1168 2867 1348 2935 hospes
1387 2881 1545 2930 erant,
1569 2875 1615 2918 et
1639 2864 1908 2934 collegistis
1935 2879 2012 2916 me
2039 2879 2057 2928 ;
2088 2879 2186 2916 nu-

611 2958 730 3023 dus,
761 2967 806 3010 et
831 2958 1097 3027 operuistis
1122 2973 1199 3010 me
1218 2974 1237 3022 ;
1258 2957 1489 3023 inﬁrmus
1519 2955 1595 3024 fui
1619 2995 1633 3019 ,
1665 2965 1711 3008 et
1732 2954 1968 3008 visitastis
1993 2969 2111 3016 me;
2136 2953 2189 3006 in

609 3067 808 3106 carcere
827 3067 984 3115 eram,
1003 3059 1048 3104 et
1075 3051 1275 3104 uenistis
1301 3049 1370 3103 ad
1391 3065 1468 3102 me
1517 3049 1535 3118 (
1567 3047 1752 3102 Matth.
1774 3047 1865 3101 25.
1890 3047 1958 3101 54
1978 3047 2017 3117 ).
2041 3047 2109 3100 Ει
2137 3047 2186 3100 in

612 3141 1028 3199 beatitudiuibus
1067 3155 1326 3210 nusquam
1373 3140 1524 3210 signa
1549 3147 1832 3210 operantes
1861 3139 2050 3207 ponit,
2093 3137 2187 3192 sed

610 3234 700 3304 qui
729 3234 890 3288 vitam
915 3231 1082 3303 probe
1102 3231 1322 3288 ducunt.

683 3326 736 3380 9.
768 3325 1087 3396 ltaquelicet
1109 3325 1198 3380 illa
1219 3324 1387 3395 gratia
1420 3339 1562 3380 nunc
1591 3332 1863 3379 contracta
1886 3323 1956 3378 sit
1987 3365 2002 3389 ,
2036 3323 2087 3377 id
2118 3323 2188 3376 ni-

613 3420 687 3474 hil
707 3419 859 3473 nohis
875 3418 1112 3473 nocebit:
1140 3432 1312 3487 neque
1338 3417 1460 3471 inde
1481 3430 1578 3471 nos
1601 3431 1856 3471 excusare
1871 3413 2185 3485 poterimus,

609 3509 820 3580 quando
847 3508 1139 3563 facinorum
1170 3517 1472 3562 nostrorum
1501 3507 1760 3561 rationem
1803 3506 2067 3560 dabimus.
2114 3505 2190 3560 Si-

611 3599 826 3669 quidem
856 3599 1040 3653 beatos
1062 3597 1182 3651 illos
1209 3613 1313 3652 non
1351 3597 1420 3653 ob
1461 3597 1611 3668 signa
1640 3597 1929 3652 miramur:
1961 3612 2083 3650 nam
2102 3597 2186 3650 illa

612 3690 680 3746 ad
707 3691 940 3745 divinam
979 3703 1196 3758 prorsus
1232 3688 1524 3758 potentiam
1559 3689 1576 3720 ¹
1611 3688 1896 3758 pertinent,
1935 3687 2187 3757 sedquod

613 3783 774 3838 vitam
786 3780 1078 3850 angelicam
1100 3778 1438 3834 exhibuerint
1461 3796 1473 3830 :
1495 3779 1596 3832 hoc
1621 3787 1797 3834 autem
1819 3793 1940 3832 cum
1957 3791 2190 3847 superno

614 3883 766 3940 nutu,
797 3873 956 3928 etiam
997 3872 1205 3926 illorum
1236 3870 1490 3940 propositi
1518 3884 1653 3939 opus
1689 3877 1791 3924 est.
1845 3869 1912 3924 Et
1938 3868 2041 3924 hoc
2080 3884 2187 3923 non

613 3981 713 4036 ego
737 3965 880 4030 dico,
907 3964 999 4018 sed
1042 3964 1086 4018 is
1113 3966 1226 4034 ipse
1253 3962 1449 4019 Christi
1496 3963 1748 4018 imitator.
1797 3961 2022 4031 Quando
2047 3964 2188 4017 enim

615 4056 890 4126 discipulis
913 4055 1155 4111 scribens
1182 4065 1368 4109 contra
1398 4053 1869 4124 pseudoapostolos
1897 4054 2190 4110 contende-

613 4147 699 4202 bat
729 4186 744 4210 ,
775 4154 832 4200 ut
858 4145 1145 4202 discrimen
1177 4147 1313 4200 inter
1335 4146 1610 4216 probatum
1657 4153 1712 4201 et
1759 4145 2056 4214 improbum
2085 4145 2188 4199 mi-

615 4238 893 4292 nisterium
921 4237 1237 4302 declararet,
1273 4251 1376 4290 nou
1401 4252 1428 4289 a
1454 4236 1619 4306 signis
1641 4277 1655 4302 ,
1698 4235 1792 4290 sed
1832 4235 1899 4290 ab
1937 4235 2190 4304 operibus

614 4330 662 4384 id
691 4329 915 4384 faciebat
944 4329 1026 4384 his
1051 4329 1228 4384 verbis
1258 4347 1271 4382 :
1306 4327 1529 4382 Ministri
1557 4327 1742 4382 Christi
1771 4337 1885 4382 sunt
1905 4329 2001 4381 l‘ut
2023 4328 2190 4382 minus

613 4421 813 4491 sapiens
833 4421 966 4484 dico,
998 4421 1113 4491 plus
1134 4435 1224 4490 ego
1254 4436 1271 4473 :
1295 4421 1348 4472 iu
1377 4419 1631 4474 laboribus
1653 4419 1906 4490 plurimis,
1937 4420 1990 4474 in
2012 4435 2186 4474 carce-

614 4510 748 4564 ribus
771 4510 1128 4574 abundantius,
1159 4511 1213 4563 in
1245 4510 1407 4579 plagis
1431 4525 1587 4579 supra
1611 4509 1838 4576 modum,
1869 4511 1921 4564 in
1949 4511 2189 4565 mortibus

615 4604 897 4670 frequenter
924 4613 994 4654 :a
1017 4599 1213 4654 Judazis
1234 4601 1496 4669 quinquies
1523 4601 1874 4670 quadragenas
1901 4619 2002 4655 una
2023 4603 2189 4656 minus

611 4692 801 4759 «ccepi,
831 4701 906 4744 ter
931 4691 1082 4760 virgis
1105 4707 1264 4745 cwsus
1289 4708 1402 4744 sum
1425 4733 1440 4758 ,
1465 4693 1617 4746 semel
1645 4693 1903 4762 lapidatus
1927 4712 2038 4748 sum
2071 4737 2085 4760 ,
2117 4707 2191 4750 ter

616 4781 940 4850 naufragium
964 4782 1060 4852 feci
1085 4821 1099 4846 ,
1128 4792 1273 4836 nocte
1296 4790 1340 4835 et
1362 4782 1443 4836 die
1462 4783 1513 4835 in
1537 4784 1792 4854 profundo
1819 4787 1973 4838 maris
1995 4788 2070 4857 fui
2093 4804 2110 4839 :
2135 4789 2188 4840 in

612 4871 870 4925 itineribus
897 4875 1181 4942 frequenter
1203 4913 1217 4939 ,
1243 4873 1477 4942 periculis
1513 4875 1780 4943 [inminuat
1805 4917 1822 4944 ,
1857 4878 2088 4944 periculis
2114 4878 2188 4930 la-

615 4972 836 5024 tronum,
861 4961 1097 5030 periculis
1122 4980 1185 5017 e1:
1206 4980 1402 5034 genere,
1425 4965 1661 5034 periculis
1681 4981 1744 5019 ea:
1763 4966 1992 5036 gentibus
2023 5008 2035 5029 ,
2067 4968 2192 5037 peri-

606 5053 736 5108 culis
763 5053 816 5106 in
858 5053 1056 5107 civitate
1080 5094 1094 5118 ,
1139 5055 1370 5124 periculis
1407 5057 1460 5110 in
1505 5058 1812 5123 solitudine,
1864 5061 2098 5128 periculis
2139 5062 2191 5113 in

614 5146 761 5206 mari,
788 5143 1022 5212 periculis
1042 5144 1094 5198 in
1120 5145 1265 5215 falsis
1293 5147 1531 5216 fratribus
1553 5163 1572 5201 :
1599 5149 1651 5202 in
1675 5149 1844 5202 labore
1865 5160 1912 5204 et
1941 5166 2187 5216 cerumna,

617 5235 669 5286 in
697 5234 882 5304 vigiliis
922 5237 1205 5304 frequenter
1225 5276 1240 5300 ,
1271 5235 1324 5288 in
1349 5241 1484 5306 fame
1520 5247 1568 5292 et
1595 5238 1682 5292 siti
1709 5279 1723 5303 ,
1758 5239 1810 5292 in
1845 5241 2058 5309 jejuniis
2089 5241 2188 5308 fre-

609 5335 815 5392 quenter
832 5366 845 5389 ,
879 5325 932 5378 in
973 5326 1162 5397 frigore
1184 5333 1232 5378 et
1252 5326 1499 5380 nuditate.
1527 5326 1725 5382 Prteter
1747 5328 1838 5382 illa
1866 5347 1978 5397 qua:
1998 5331 2187 5384 extrin-

611 5432 754 5469 secus
771 5426 905 5480 sunt,
926 5417 1167 5470 instantia
1188 5433 1297 5470 mea
1315 5417 1630 5486 quotidiana,
1654 5421 1938 5474 sollicitudo
1963 5423 2186 5476 omnium

622 5505 986 5560 Ecclesiarum.
1021 5507 1144 5574 Quis
1186 5508 1512 5575 inﬁrmatur,
1544 5519 1593 5562 et
1635 5526 1725 5580 ego
1767 5529 1868 5565 non
1908 5514 2137 5581 in/irmor
2163 5516 2188 5567 ?

611 5601 720 5658 quis
740 5599 1136 5666 scandalizatur,
1159 5609 1207 5653 et
1218 5616 1308 5668 ego
1333 5617 1432 5654 non
1457 5617 1578 5654 uror
1601 5601 1676 5672 (2.
1701 5594 1818 5656 Cor.
1846 5606 1930 5659 ll.
1953 5607 2024 5660 25
2055 5606 2146 5675 29)
2163 5609 2186 5658 ‘l

623 5682 741 5738 Ideo
767 5701 866 5754 ego
895 5690 1169 5757 apostolos
1195 5689 1450 5759 admiror,
1481 5699 1662 5762 utpote
1693 5695 1779 5762 qui
1808 5695 2184 5766 sineoperibus

677 5857 690 5888 '
717 5859 926 5923 Quidam,
942 5864 1164 5929 gratiam.

1320 465 1377 520 S.
1417 463 1694 520 JUANNIS
1731 457 2200 517 CHRYSOSTOMI
2240 459 2550 517 ARCIIIEP.
2591 464 3115 530 CONSTANTINOP.

3774 486 3873 541 ωε

2302 589 2396 642 per
2413 575 2862 646 dispensationem
2876 586 3156 653 quamdam
3186 587 3332 659 signa
3357 592 3614 649 exitibere
3633 602 3873 654 concessi

2297 674 2442 756 sunt,
2471 683 2574 721 non
2603 669 2760 724 modo
2790 686 2892 726 non
2918 674 3256 733 admirabiles
3286 719 3300 744 ,
3329 680 3424 735 sed
3455 683 3617 737 etiam
3654 688 3872 756 reprobi

2297 753 2493 810 fuerint
2519 799 2534 823 ,
2567 767 2623 813 ut
2646 760 2882 817 declarat
2904 763 3147 821 Christus
3170 768 3254 824 his
3274 771 3448 826 verbis
3477 791 3491 828 :
3521 773 3678 829 Multi
3703 753 3870 833 dicent

2297 847 2421 900 mihi
2456 849 2507 901 in
2537 849 2620 903 die
2651 851 2742 905 illa
2765 893 2781 918 ,
2805 852 3022 910 Domine
3051 898 3066 921 ,
3116 857 3333 914 Domine
3359 902 3374 926 ,
3402 879 3569 918 nonne
3595 866 3649 918 in
3677 870 3874 924 nomine

2295 951 2380 994 tuo
2402 943 2823 1012 prophetavimus,
2846 957 2893 1002 et
2924 949 2977 1002 in
3002 951 3202 1004 nomine
3225 961 3310 1006 tuo
3336 954 3586 1009 dtemonia
3610 958 3868 1027 ejecimus,

2295 1035 2422 1087 etin
2452 1037 2652 1091 nomine
2693 1047 2778 1092 tuo
2829 1041 3032 1094 uirtutes
3073 1043 3256 1098 multas
3303 1046 3516 1115 fecimus
3541 1048 3568 1101 .9
3615 1048 3685 1102 Et
3708 1050 3870 1106 dicant

2295 1123 2397 1177 illis
2419 1141 2436 1178 :
2461 1125 2692 1180 Recedite
2719 1145 2749 1180 a
2771 1145 2849 1182 me
2875 1146 3046 1185 omnes
3087 1133 3174 1201 qui
3197 1119 3479 1202 aperanrini
3506 1138 3827 1206 iniquitatem
3854 1159 3872 1204 :

2295 1230 2568 1285 numquam
2597 1219 2711 1271 novi
2739 1234 2823 1273 vos
2850 1219 3060 1291 (.ilatth.
3081 1223 3133 1276 7.
3154 1223 3244 1277 22.
3270 1224 3382 1296 9.3).
3417 1226 3619 1284 Idcirco
3643 1230 3872 1300 discipu-

2296 1305 2373 1358 los
2403 1305 2478 1360 sic
2519 1308 2764 1364 monebat
2793 1327 2804 1362 :
2862 1309 3038 1366 Nolite
3063 1313 3284 1382 gaudere
3311 1316 3428 1384 quia
3457 1319 3711 1373 dwmonia
3741 1323 3873 1377 robis

2294 1396 2647 1466 subjiciuntur,
2677 1399 2764 1452 sed
2791 1401 2909 1469 quia
2939 1402 3142 1456 nomina
3157 1415 3318 1457 vestra
3338 1406 3526 1475 scripta
3547 1419 3666 1462 sunt
3693 1410 3746 1464 in
3772 1426 3867 1464 cc-

2294 1487 2355 1540 lis
2377 1485 2528 1558 (Luc.
2562 1487 2650 1545 10.
2683 1490 2796 1560 20).
2816 1489 2932 1545 Vita
2951 1492 3092 1546 enim
3118 1495 3282 1562 proba
3299 1497 3457 1550 etiam
3486 1497 3867 1564 illisdestituta,

2293 1592 2520 1632 coronas
2549 1579 2770 1649 accipiet
2795 1621 2811 1647 ,
2860 1597 2956 1637 nec
2984 1583 3250 1654 quidpiam
3282 1586 3457 1641 minus
3484 1587 3702 1644 habebit
3726 1591 3863 1660 quod

2294 1670 2396 1723 illis
2422 1681 2640 1727 careat:
2682 1673 2788 1728 vita
2816 1683 2994 1730 autem
3013 1677 3189 1747 iniqua
3215 1693 3280 1734 ne
3305 1693 3426 1733 cum
3455 1679 3621 1750 signis
3649 1683 3863 1750 quidem

2293 1763 2608 1832 supplicium
2639 1764 2871 1836 effugere
2906 1767 3119 1837 poterit.
3153 1767 3333 1838 Itaque
3357 1784 3751 1839 supervacanea
3791 1783 3870 1828 est

2294 1855 2379 1910 illa
2411 1856 2656 1926 loquendi
2692 1859 2871 1923 ratio;
2923 1874 3021 1915 nec
3065 1870 3263 1918 tantum
3292 1877 3686 1931 supervacanea
3713 1905 3729 1931 ,
3780 1865 3867 1920 sed

2292 1947 2452 2001 etiam
2480 1949 2798 2020 periculosa,
2828 1966 2945 2020 quae
2964 1951 3143 2009 multis
3169 1953 3540 2010 haereticorum
3567 1970 3727 2011 ansas
3742 1974 3867 2027 pne-

2293 2036 2424 2091 bere
2480 2039 2664 2106 possit.
2706 2040 2836 2094 Nam
2886 2042 2931 2095 si
2978 2042 3054 2096 illi
3101 2058 3204 2097 non
3255 2059 3318 2098 ex
3353 2047 3626 2114 pr0posilo
3671 2062 3768 2102 suo
3797 2048 3866 2103 sic

2294 2130 2564 2185 mirabiles
2591 2134 2904 2199 evasissent,
2938 2133 3030 2188 sed
3055 2149 3146 2204 per
3172 2134 3368 2190 Christi
3390 2139 3614 2206 gratiam
3640 2147 3861 2202 tantum,

2294 2221 2420 2290 quid
2447 2221 2700 2290 impediat
2726 2225 3009 2292 quominus
3038 2241 3224 2281 omnes
3252 2227 3385 2281 tales
3409 2227 3711 2283 efficiantur
3738 2232 3762 2280 Υ

2366 2311 2543 2367 Gratia
2581 2330 2783 2385 operam
2828 2325 3050 2369 nostram
3079 2318 3298 2386 requirit.
3325 2347 3396 2358 -
3418 2318 3597 2375 Gratia
3635 2335 3859 2390 namque

2294 2405 2394 2459 nisi
2439 2421 2654 2476 operam
2685 2415 2919 2461 nostram
2959 2408 3105 2478 prius
3148 2409 3483 2478 requireret,
3510 2409 3791 2466 confertim
3820 2413 3865 2466 in

2292 2497 2529 2552 omnium
2567 2498 2773 2552 animas
2798 2497 2962 2554 effusa
3005 2509 3387 2570 esset:'neque
3427 2501 3569 2555 enim
3617 2517 3869 2571 persona-

2291 2602 2410 2641 rum
2455 2595 2705 2657 acceptor
2742 2597 2825 2644 est
2875 2588 3034 2644 Deus.
3083 2588 3186 2645 Sed
3224 2591 3588 2661 quia‘operam
3638 2603 3866 2646 nostram

2293 2680 2514 2750 requirit
2538 2721 2552 2744 ,
2583 2679 2704 2735 ideo
2726 2680 2861 2736 alios
2885 2681 3098 2751 quidem
3125 2683 3364 2751 sequitur
3388 2693 3439 2737 et
3463 2698 3581 2737 cum
3615 2682 3723 2738 illis
3752 2700 3866 2753 per-

2295 2780 2475 2826 manet
2500 2812 2513 2836 ,
2544 2773 2612 2826 ab
2636 2772 2755 2828 aliis
2782 2773 2993 2838 evolat,
3034 2774 3266 2844 reliquos
3293 2783 3468 2828 autem
3497 2790 3564 2830 ne
3611 2790 3644 2830 a
3677 2777 3866 2846 princi-

2293 2862 2382 2932 pio
2426 2863 2641 2932 quidem
2689 2864 2918 2934 attingit.
2968 2863 3120 2931 Quod
3170 2880 3298 2918 vero
3344 2865 3670 2934 propositum
3726 2867 3868 2936 prius

2292 2961 2588 3020 scrutatus,
2616 2955 2694 3009 sic
2713 2956 2938 3024 gratiam
2965 2954 3170 3010 dederit
3211 2956 3350 3011 Deus
3373 2997 3387 3021 ,
3419 2964 3706 3026 antequam
3743 2957 3862 3012 bea-

2295 3051 2378 3097 tus
2408 3043 2497 3098 ille
2523 3045 2795 3114 quidpiam
2823 3043 3063 3099 mirabile
3103 3045 3430 3101 exhibuisset
3451 3087 3464 3111 ,
3496 3046 3616 3100 audi
3648 3047 3777 3116 quid
3806 3048 3868 3103 de

2293 3136 2385 3193 illo
2406 3136 2592 3193 dicat:
2649 3136 2746 3192 Vas
2789 3138 3039 3192 electionis
3071 3149 3144 3192 est
3190 3139 3314 3192 mihi
3338 3180 3352 3204 ,
3386 3148 3440 3192 ut
3480 3147 3639 3208 portet
3692 3155 3866 3192 nomen

2292 3245 2459 3283 meum
2488 3245 2656 3283 coram
2679 3230 2907 3300 gentibus
2937 3239 2984 3283 et
3009 3229 3204 3300 regibus
3239 3239 3285 3284 et
3321 3230 3457 3282 omni
3497 3245 3676 3301 genere
3704 3227 3868 3283 Israel

2293 3321 2429 3391 (Act.
2455 3321 2508 3377 9.
2532 3319 2644 3391 l5).
2675 3320 2797 3376 llaec
2821 3321 2988 3391 gratia
3015 3321 3250 3375 nondum
3270 3329 3529 3390 praesente
3554 3319 3863 3375 testiﬁcatus

2293 3423 2374 3470 est
2405 3415 2477 3480 is,
2505 3413 2592 3482 qui
2615 3412 2774 3467 corda
2803 3421 2984 3467 nostra
3006 3420 3291 3466 scrutatur.
3320 3411 3396 3466 Ne
3426 3412 3602 3481 itaque
3628 3420 3865 3466 nosmet-

2295 3507 2440 3577 ipsos
2465 3505 2814 3576 decipiamus,
2847 3504 3061 3569 dilecti,
3091 3505 3330 3560 dicentes
3361 3519 3466 3560 non
3497 3518 3652 3574 posse
3681 3519 3867 3573 quent-

2295 3598 2432 3666 piam
2451 3596 2600 3652 Pauli
2622 3595 2849 3652 similem
2877 3609 3016 3651 esse.
3037 3595 3248 3651 Etenim
3275 3605 3526 3666 quantum
3551 3596 3616 3650 ad
3642 3596 3864 3665 gratiam

2292 3690 2505 3758 quidem
2542 3698 2598 3744 et
2641 3690 2788 3759 signa
2837 3703 2942 3742 non
2989 3689 3122 3742 alter
3161 3688 3356 3743 Paulus
3399 3696 3580 3758 postea
3619 3689 3743 3752 erit,
3775 3687 3866 3742 sed

2292 3791 2548 3852 quantum
2583 3781 2648 3836 ad
2686 3781 2808 3836 vita:
2837 3780 3166 3850 diligentiam
3193 3823 3207 3848 ,
3240 3781 3479 3850 quisquis
3506 3779 3731 3834 voluerit
3767 3779 3865 3832 lut-

2289 3872 2518 3942 jusmodi
2559 3887 2680 3928 esse
2727 3873 2921 3942 poterit
2954 3890 2967 3926 :
2995 3872 3133 3943 quod
3181 3873 3227 3926 si
3273 3873 3405 3927 tales
3425 3885 3682 3941 nusquam
3725 3872 3861 3926 essi-

2294 3973 2472 4028 stant,
2500 3980 2565 4018 ex
2595 3979 2662 4019 eo
2685 3962 2826 4033 quod
2856 3963 3025 4018 nolint
3052 3972 3257 4018 tantum
3279 3963 3554 4027 contingit.
3581 3963 3648 4016 At
3687 3963 3868 4016 nescio

2294 4055 2560 4125 quomodo
2587 4055 2638 4108 in
2667 4055 2802 4109 hanc
2821 4055 3201 4110 absurditatem
3227 4053 3475 4124 delapsus
3496 4054 3688 4117 sim,ut
3719 4053 3869 4108 Pauli

2294 4148 2496 4203 similes
2541 4163 2681 4203 nunc
2724 4147 3010 4218 requiram,
3039 4161 3158 4200 cum
3205 4160 3303 4200 nec
3345 4147 3502 4200 tertio
3543 4159 3641 4199 nec
3683 4154 3870 4213 quarto

2295 4249 2417 4308 post
2443 4239 2586 4293 illum
2615 4238 2782 4308 gradu
2827 4237 3032 4308 positos
3061 4235 3242 4292 videre
3267 4250 3479 4306 queam.
3517 4235 3639 4290 Ideo
3679 4249 3872 4304 nempe

2295 4332 2602 4404 lugendum,
2626 4331 3018 4388 lamentandum
3044 4339 3096 4386 et
3137 4327 3488 4400 plangendum
3530 4335 3612 4384 est
3635 4343 3738 4382 non
3769 4342 3870 4381 una

2294 4425 2376 4479 vel
2406 4425 2571 4480 altera
2594 4425 2682 4478 die
2707 4466 2722 4490 ,
2751 4423 2846 4480 sed
2873 4439 2966 4493 per
2993 4431 3155 4477 totam
3181 4422 3343 4476 vitam
3371 4441 3384 4476 :
3407 4437 3526 4474 nam
3549 4421 3591 4474 si
3621 4419 3736 4489 quis
3770 4419 3871 4472 hoc

2295 4529 2354 4568 se
2398 4516 2556 4570 modo
2599 4515 2847 4569 affectum
2893 4515 3225 4586 praestiterit,
3274 4528 3378 4567 non
3429 4512 3579 4566 facile
3620 4512 3873 4580 deinceps

2297 4606 2554 4675 peccabit.
2581 4605 2731 4673 Quod
2785 4608 2829 4659 si
2884 4605 2965 4659 his
3015 4621 3120 4659 non
3152 4605 3338 4660 credas
3393 4603 3583 4668 dictis,
3632 4603 3872 4672 lugentes

2297 4697 2574 4751 considera
2614 4711 2728 4761 eos,
2758 4697 2847 4766 qui
2872 4696 3014 4752 luctu
3045 4696 3284 4750 saeculari
3316 4696 3650 4759 cruciantur;
3677 4709 3781 4747 non
3811 4711 3870 4747 ex

2299 4789 2654 4844 multitudinis
2678 4803 2901 4845 numero
2923 4831 2938 4855 ,
2985 4805 3157 4860 neque
3182 4805 3365 4845 eorum
3391 4830 3405 4852 ,
3433 4789 3520 4858 qui
3551 4787 3869 4841 laboriosam

2297 4880 2457 4932 vitam
2493 4880 2716 4945 ducunt,
2745 4879 2840 4935 sed
2883 4895 2946 4935 ex
2985 4893 3209 4933 numero
3250 4878 3593 4933 delicatorum
3619 4877 3870 4938 illorum,

2296 4969 2386 5038 qui
2411 4969 2540 5022 nihil
2570 4969 2712 5024 aliud
2757 4977 2990 5036 norunt,
3025 4983 3183 5037 quam
3228 4967 3466 5022 delicias.
3513 4967 3572 5020 lli
3600 4966 3734 5020 enim
3769 5007 3786 5030 ,
3825 4965 3870 5015 ltl

2298 5059 2385 5128 qui
2415 5059 2657 5115 ebrietati
2684 5069 2738 5114 et
2765 5059 2933 5114 ventri
2963 5058 3202 5124 student,
3232 5057 3322 5126 qui
3351 5056 3567 5125 prandia
3609 5068 3775 5122 usque
3808 5053 3869 5106 ad

2296 5165 2579 5218 vesperum
2625 5150 2960 5220 producunt,
2991 5158 3048 5204 et
3093 5164 3274 5204 omnes
3317 5147 3382 5201 ad
3425 5148 3648 5226 mediam
3701 5160 3870 5214 usque

2299 5247 2509 5293 noctem
2541 5281 2553 5303 ,
2585 5240 2674 5308 qtti
2705 5239 2878 5293 aliena
2903 5241 3151 5308 rapiunt,
3184 5241 3270 5308 qui
3295 5253 3466 5307 neque
3489 5238 3732 5308 pauperi,
3772 5253 3867 5290 ne-

2299 5344 2402 5398 que
2425 5329 2613 5391 vidure,
2647 5344 2816 5398 neque
2846 5330 2986 5398 inopi
3021 5337 3276 5398 parcunt,
3305 5328 3394 5397 qui
3435 5342 3672 5397 magnam
3717 5327 3866 5379 exhi-

2299 5418 2428 5472 bent
2445 5419 2832 5484 crndelitatem,
2851 5421 2895 5474 si
2921 5419 3132 5488 quando
3161 5420 3300 5472 luctu
3327 5418 3469 5485 gravi
3496 5417 3864 5486 corripiantur,

2299 5509 2386 5577 qui
2419 5509 2584 5577 possit
2630 5509 2858 5562 animant
2905 5507 3146 5562 funditus
3191 5522 3406 5562 movere
3443 5515 3498 5561 et
3534 5503 3861 5576 perturbare,

2301 5609 2423 5654 tunc
2455 5601 2630 5654 missis
2657 5601 2761 5655 illis
2790 5601 3118 5670 voluptuosis
3145 5601 3405 5669 iniquisve
3428 5597 3861 5670 cogitationibus,

2300 5690 2352 5743 in
2385 5690 2823 5758 pluiosotihorum
2855 5692 3011 5744 vitam
3038 5705 3095 5745 se
3131 5693 3473 5756 transferunt,
3506 5689 3860 5748 severitatem,

2301 5781 2534 5849 vigilias,
2569 5781 2710 5833 humi
2763 5781 3097 5836 cubationem
3125 5824 3138 5846 ,
3171 5782 3503 5836 tolerantiam
3525 5821 3540 5845 ,
3567 5780 3857 5850 jejunium,

2302 5870 2588 5938 silentium,
2623 5869 2956 5940 modestiam,
2981 5872 3350 5938 humilitatem,
3382 5867 3854 5936 humanitatemque
