4032 6420
669 374 697 386 μ

270 477 374 537 409

270 590 553 665 plurimam
569 589 819 640 exercent
840 596 853 633 :
876 591 936 632 ac
960 575 1083 629 licet
1110 571 1277 625 aliena
1298 576 1487 634 rapere
1501 557 1726 618 soleant,
1747 564 1840 604 sua

271 642 402 738 :uuc
436 675 638 748 placide
662 674 955 743 largiuntur
983 684 996 721 :
1027 659 1235 719 etiamsi
1256 657 1378 740 quis
1402 664 1588 708 eorum
1616 642 1770 700 bonis
1794 646 1849 695 et

274 770 459 828 domui
501 768 595 823 toti
626 766 798 835 ignem
825 760 1088 829 subjicere
1114 752 1261 815 velit,
1294 734 1399 801 non
1423 744 1845 799 commoventur.

271 862 470 918 Multos
514 872 613 927 ego
662 854 785 909 novi
838 859 956 921 post
1009 844 1403 902 carissimorum
1468 830 1807 888 amissionem
1832 863 1846 889 ,

270 960 462 1015 relicta
504 956 638 1010 urbe
678 953 899 1021 ejusque
947 939 1261 1004 commodis,
1288 938 1341 991 in
1388 943 1514 1003 agro
1563 925 1717 981 sedes
1758 932 1853 990 po-

273 1058 452 1112 suisse
472 1096 487 1118 ,
520 1019 757 1119 aliosque
785 1019 948 1113 prope
972 1036 1343 1093 defunctorum
1387 1019 1665 1092 sepulchra
1710 1023 1851 1069 stru-

275 1150 385 1207 etis
406 1145 637 1206 uadibus,
665 1140 737 1195 ibi
777 1137 938 1191 vitam
980 1128 1257 1186 clausisse.
1287 1121 1482 1175 Verum
1507 1113 1574 1167 de
1600 1110 1682 1164 bis
1702 1108 1853 1161 alias.

277 1243 453 1299 Porro
494 1237 665 1292 donec
706 1232 883 1287 luctus
924 1212 1387 1295 perseveraverit,
1422 1207 1561 1262 nulla
1609 1201 1740 1271 ipsis
1775 1204 1860 1252 est

276 1328 629 1407 praesentium
675 1325 694 1356 ί
725 1321 899 1385 ratio;
951 1326 1136 1369 verum
1190 1309 1429 1361 insanam
1481 1298 1624 1352 illam
1665 1289 1859 1346 sollici-

279 1380 525 1479 l'udinem
549 1458 565 1482 ,
591 1427 748 1485 quam
778 1409 846 1464 de
870 1380 1142 1461 servandis
1170 1407 1225 1453 et
1251 1388 1559 1462 colligendis
1595 1380 1856 1457 pecuniis,

281 1514 356 1571 de
374 1474 692 1581 acquirenda
718 1499 953 1573 potentia
981 1504 1034 1550 et
1057 1491 1222 1563 gloria
1268 1483 1407 1555 apud
1441 1474 1859 1538 multitudinem,

285 1621 388 1663 ceu
409 1599 671 1673 quoddam
720 1596 920 1651 faenum
949 1597 1039 1643 aut
1069 1582 1191 1640 fumi
1237 1580 1422 1634 florem
1470 1569 1716 1627 maeroris
1742 1567 1863 1635 igne

283 1695 669 1753 comburentes
692 1728 708 1755 ,
739 1687 806 1740 ab
833 1682 1013 1737 animo
1054 1691 1151 1731 suo
1193 1668 1506 1741 repudiant;
1538 1664 1590 1717 in
1634 1668 1864 1713 tantam-

287 1804 396 1861 que
424 1796 552 1841 tunc
580 1751 970 1853 philoSOphiatn
1020 1784 1172 1825 mens
1195 1776 1378 1820 eorum
1405 1774 1464 1813 se
1492 1751 1741 1811 transfert
1764 1790 1778 1813 ,
1809 1754 1867 1801 ut

290 1850 362 1940 de
388 1884 509 1936 vitze
553 1850 911 1944 voluptatibus
945 1879 1012 1919 ne
1039 1861 1199 1917 verba
1234 1854 1447 1927 quidem
1485 1850 1657 1902 facere
1681 1854 1867 1913 quem-

292 1975 436 2044 piam
489 1937 789 2038 palianthr;
829 1957 923 2014 sed
967 1951 1142 2009 omnia
1169 1991 1183 2015 ,
1213 1962 1331 2017 qua)
1374 1944 1425 1997 in
1462 1937 1667 1994 deliciis
1712 1941 1868 1987 antea

292 2072 487 2125 erant,
531 2058 715 2114 odiosa
760 2060 885 2106 tunc
937 2054 990 2100 et
1035 2042 1224 2096 acerba
1251 2035 1572 2092 videantur:
1606 2033 1871 2090 nemoque

299 2168 429 2213 tunc
480 2154 593 2207 sive
630 2143 1065 2203 domesticorum,
1098 2134 1209 2189 sive
1256 2127 1548 2185 amicorum
1599 2118 1669 2173 de
1710 2115 1872 2171 rebus

298 2250 461 2316 hujus
490 2239 693 2303 mundi,
717 2236 803 2291 vel
838 2229 1125 2287 admodum
1152 2219 1480 2291 urgentibus,
1502 2225 1686 2267 vocem
1714 2207 1872 2262 emit-

1170 2314 1197 2316 η
1449 2313 1456 2316 Α
1526 2302 1538 2316 .
1564 2303 1597 2316 ..
1705 2295 1871 2316 ηιμ,-

297 2295 415 2393 ιθιΪθ
442 2332 665 2395 audeat;
694 2324 788 2381 sed
815 2321 991 2377 omnia
1017 2314 1379 2385 repudiantur,
1410 2313 1463 2361 et
1491 2295 1875 2373 philosophicis

297 2426 637 2486 sermonibus
664 2418 859 2476 cedunt
883 2434 896 2468 :
919 2412 1197 2478 animaque
1225 2415 1349 2459 tunc
1366 2443 1382 2468 ,
1412 2396 1667 2467 magiStro
1694 2393 1836 2445 luctu
1857 2429 1872 2454 ,

298 2538 401 2577 ceu
434 2520 487 2572 in
518 2529 671 2570 sacro
697 2508 928 2580 quodam
970 2503 1089 2557 loco
1133 2497 1351 2552 docetur
1390 2492 1635 2543 humanae
1675 2490 1878 2536 natura:

297 2612 558 2668 vilitatem
585 2648 600 2674 ,
628 2600 907 2677 prmseutis
943 2592 1123 2653 sccculi
1166 2587 1477 2644 brevitatem
1499 2623 1511 2645 ,
1544 2574 1876 2634 szccularium

301 2719 485 2763 rerum
524 2695 1021 2767 corruptibilitatem
1075 2698 1129 2742 et
1172 2678 1609 2740 instabilitatem,
1655 2685 1829 2726 sceme
1857 2667 1879 2697 ¹

304 2809 485 2853 rerum
508 2807 627 2861 qua:
664 2794 921 2858 geruntur
950 2776 1302 2833 histrioniam.
1346 2770 1494 2824 Tunc
1539 2774 1760 2831 magnus
1788 2773 1880 2827 pc-

295 2886 589 2943 cuniarutn
637 2884 1010 2944 contemptus,
1049 2870 1128 2924 ira
1179 2864 1417 2927 tollitur,
1449 2856 1665 2912 ambitio
1708 2850 1886 2920 despi-

307 2980 450 3034 citur
480 2994 496 3030 :
526 2989 625 3030 nec
648 2972 784 3025 livor
807 2978 1067 3035 occupare
1091 3003 1105 3027 ,
1139 2974 1237 3013 nec
1279 2951 1579 3023 arrogantia
1604 2949 1739 3001 ultra
1768 2959 1883 2998 mo-

308 3073 437 3128 dum
467 3067 732 3125 extollere
757 3069 930 3132 potest
980 3056 1099 3113 eum
1122 3097 1135 3119 ,
1163 3052 1250 3123 qui
1291 3051 1436 3104 luctu
1466 3044 1710 3099 atteritur
1737 3058 1750 3094 :
1781 3054 1885 3120 non

468 3112 731 3125 ww"-.-
760 3112 927 3132 τη---
1124 3112 1134 3119 ,
1180 3112 1197 3123 _

310 3157 737 3229 concupiscentia
765 3152 1015 3207 lascivum
1059 3144 1326 3206 incendit;
1358 3138 1452 3195 sed
1502 3135 1604 3190 illis
1644 3112 1889 3185 omnibus

313 3256 511 3326 fugatis
534 3295 549 3319 ,
594 3265 697 3304 una
735 3248 909 3303 solum
955 3240 1202 3312 cogitatio
1234 3235 1469 3295 obtinet,
1501 3243 1618 3298 qure
1656 3223 1889 3280 defuncti

313 3349 602 3419 imaginem
656 3341 1017 3396 indesinenter
1068 3335 1223 3387 oil'ert
1270 3348 1283 3383 :
1332 3328 1431 3382 hoc
1476 3326 1656 3383 cibus,
1690 3328 1846 3390 potus
1875 3359 1889 3381 ,

315 3452 535 3496 somnus
559 3475 575 3500 ,
602 3433 848 3500 voluptas
874 3469 889 3494 ,
945 3424 1154 3493 requies
1179 3463 1193 3487 ,
1226 3416 1520 3474 consolatio
1560 3410 1724 3467 multa
1748 3426 1760 3462 :
1793 3408 1894 3466 hoc

316 3530 487 3602 gloria
512 3568 528 3593 ,
560 3523 756 3581 divitim
778 3563 791 3585 ,
820 3516 1053 3588 potentia
1077 3556 1090 3579 ,
1125 3512 1388 3579 voluptas.

396 3621 482 3675 lO.
522 3618 609 3674 Sic
636 3628 732 3669 nos
770 3615 1039 3681 oporteret
1068 3604 1314 3658 amissam
1358 3599 1540 3666 lugere
1566 3594 1789 3649 salutem
1831 3602 1897 3642 nc

320 3712 449 3782 quid
491 3708 716 3778 amplius
742 3680 914 3757 dicam
946 3716 960 3754 :
987 3695 1102 3752 desi
1124 3694 1255 3748 lerio
1304 3691 1395 3744 illo
1427 3697 1575 3742 tanto
1621 3695 1674 3737 et
1707 3680 1897 3736 alacri-

322 3812 435 3859 tate
476 3814 609 3870 0pus
662 3791 851 3850 esset”
894 3802 1079 3844 omnes
1105 3783 1315 3839 oculum
1358 3779 1549 3833 mentis
1593 3775 1719 3831 illuc
1767 3770 1897 3824 diri-

323 3907 489 3963 gere,
521 3888 742 3959 ejusque
780 3880 1091 3938 memoriam
1136 3885 1189 3929 et
1234 3874 1456 3927 formam
1502 3867 1741 3921 omnium
1783 3863 1903 3916 loco

326 3982 482 4038 nobis
504 3994 639 4034 esse.
664 3977 814 4031 Nunc
836 3981 1011 4027 autem
1035 3968 1121 4039 qui
1150 3967 1285 4021 filios
1302 3973 1353 4018 et
1375 3976 1569 4017 uxores
1587 3959 1899 4021 amiserunt,

326 4071 462 4129 nihil
506 4067 645 4123 aliud
685 4066 739 4123 in
790 4071 971 4118 mente
1019 4067 1266 4120 versant,
1298 4068 1455 4125 quam
1504 4060 1561 4106 ut
1604 4051 1903 4105 ablaturum

327 4162 588 4232 imagines
636 4155 737 4221 sibi
777 4153 1124 4222 confingant:
1154 4162 1252 4201 nos
1289 4153 1501 4209 autem,
1546 4142 1633 4212 qui
1685 4155 1905 4209 regnum

332 4254 587 4309 caelorum
615 4245 943 4319 perdidimus
976 4281 992 4305 ,
1022 4239 1197 4295 omnia
1238 4235 1412 4305 potius
1436 4275 1451 4299 ,
1480 4247 1635 4302 quam
1664 4230 1792 4284 illud
1818 4244 1909 4284 co-

332 4345 587 4415 gitamus.
615 4342 691 4395 Ac
720 4337 928 4392 illorum
956 4330 1168 4402 quidem
1196 4340 1355 4382 nemo
1394 4326 1493 4379 etsi
1555 4321 1702 4394 regio
1724 4321 1794 4377 sit
1812 4334 1905 4393 ge-

334 4449 498 4498 nere,
528 4433 594 4488 de
633 4432 777 4486 luctu
818 4427 975 4482 solito
1009 4422 1323 4483 erubescet;
1355 4415 1449 4472 sed
1478 4413 1622 4468 humi
1663 4410 1908 4472 sedebit,

334 4522 531 4582 acerbe
558 4520 792 4589 lugebit,
824 4524 1026 4573 vestem
1051 4509 1274 4567 mutabit
1299 4550 1312 4572 ,
1337 4508 1543 4575 aliaque
1569 4501 1770 4566 omnia,
1797 4513 1914 4569 qum

340 4612 646 4684 hujusmodi
669 4610 959 4665 cruciatum
990 4604 1331 4665 comitantur,
1361 4612 1550 4668 magna
1579 4611 1699 4651 cum
1728 4591 1916 4647 alacri-

342 4717 454 4760 tate
480 4705 613 4759 l'cret
642 4720 657 4758 :
689 4717 793 4759 non
823 4698 1072 4770 cogitabit
1099 4697 1165 4757 de
1204 4692 1516 4750 educatione
1537 4733 1552 4755 ,
1582 4688 1648 4744 de
1679 4685 1918 4755 corporis

342 4795 549 4860 habitu,
574 4791 765 4846 nonde
788 4788 992 4844 morbis
1016 4787 1107 4857 qui
1136 4785 1204 4839 ab
1231 4781 1491 4853 ejusmodi
1513 4779 1763 4833 aerumnis
1792 4776 1922 4830 acci-

345 4886 480 4940 dere
507 4891 761 4954 possunt,
794 4878 887 4935 sed
929 4877 1103 4932 omnia
1150 4873 1433 4928 admodum
1479 4870 1632 4924 facile
1671 4867 1825 4922 feret.
1859 4865 1924 4919 Et

350 4978 467 5034 hmc
495 4991 599 5031 non
624 4972 783 5028 modo
808 4969 928 5034 viri,
958 4968 1049 5023 sed
1078 4967 1234 5022 etiam
1264 4961 1644 5026 mulieres,etsi
1667 4960 1820 5015 valde
1840 4960 1922 5013 in-

353 5073 542 5132 firma,
566 5067 839 5130 exhibent,
861 5063 1049 5130 hisque
1073 5061 1230 5115 etiam
1261 5058 1481 5128 majora.
1498 5055 1605 5110 Nos
1632 5063 1808 5107 autem
1837 5052 1926 5121 qui

355 5177 463 5218 non
486 5159 625 5215 ﬁlios
645 5200 661 5224 ,
695 5170 803 5211 non
834 5166 1028 5207 uxores
1052 5190 1065 5215 ,
1099 5148 1193 5205 sed
1227 5148 1417 5201 animae
1459 5144 1749 5216 perniciem
1781 5143 1930 5212 luge-

357 5270 498 5317 mus,
528 5253 736 5317 anima;
765 5249 979 5318 inquam
1004 5287 1018 5309 ,
1045 5260 1152 5299 non
1190 5242 1398 5307 alienae,
1427 5239 1519 5294 sed
1562 5246 1778 5301 nostra),
1806 5251 1930 5290 cor-

361 5345 504 5417 poris
543 5341 964 5398 imbecillitatem
1017 5337 1283 5406 fiugimus,
1311 5334 1587 5401 victusque
1630 5326 1928 5383 mollitiem.

364 5442 536 5507 Atqt'e
580 5435 780 5489 utinam
822 5432 908 5485 hic
951 5438 1057 5486 stet
1098 5428 1298 5482 malum
1329 5443 1341 5478 :
1371 5433 1425 5478 at
1473 5439 1539 5477 nc
1587 5422 1671 5475 illa
1720 5417 1933 5489 quidem

430 5591 451 5684 ;
478 5597 592 5646 vox,
616 5582 936 5693 praecutiunt,
962 5580 1106 5629 deest
1127 5580 1175 5627 in
1195 5575 1328 5625 colb.

486 5655 532 5693 in
554 5657 616 5693 C0
635 5649 704 5693 b..
727 5655 916 5693 maamv
938 5653 1109 5691 scena.

488 5655 532 5697 in
554 5649 704 5704 C0|b.,
727 5655 916 5706 magna:
938 5653 1109 5706 scema.

434 5712 455 5743 ³
490 5711 658 5768 verba,
680 5687 795 5767 ἆμιιδ
808 5687 1139 5765 ἷέᾶιιξίιέὲῦἡι
1157 5700 1209 5749 in
1229 5696 1379 5756 Colb.,
1403 5703 1451 5745 et
1475 5706 1602 5752 mox,
1626 5689 1774 5748 nobis,
1804 5687 1946 5737 deest

369 5789 416 5828 ru
441 5770 634 5823 colem.

1150 453 1238 510 DE
1266 430 1809 506 COMPUNCTIONE,
1847 428 1939 484 AD
1979 421 2399 482 DEMETRIUM.
2425 420 2550 476 LIB.
2591 417 2632 473 1.

3415 404 3518 460 MO

1952 542 2176 596 facimus
2201 581 2215 601 ,
2242 537 2294 592 in
2318 537 2506 608 quibus
2535 530 2773 603 corporis
2802 541 2962 600 opere
2986 539 3093 581 non
3116 534 3354 593 egemus.
3383 518 3518 587 Quid

1951 635 2125 693 enim.
2155 626 2241 686 dic
2271 629 2397 685 mihi
2423 668 2437 694 ,
2462 625 2703 696 corporis
2734 623 2937 677 viribus
2983 634 3117 689 opus
3155 625 3238 671 est
3258 657 3272 681 ,
3307 612 3521 683 quando

1952 739 2047 780 cor
2074 732 2351 778 conterere
2376 718 2632 774 debemus
2654 758 2668 782 ,
2700 729 2821 769 cum
2849 711 3035 782 vigiles
3055 706 3261 780 precari
3289 712 3522 775 Oportet,

1954 832 2073 872 cum
2101 822 2315 884 peccata
2342 809 2660 879 rccogitare,
2693 803 3044 873 arrogantiam
3070 809 3119 854 et
3148 806 3409 853 tumorem
3435 793 3526 848 de-

1958 923 2156 976 ponere
2175 946 2190 971 ,
2224 911 2456 959 mentem
2486 896 2824 969 deprimere?
2854 894 2979 949 llaec
3005 893 3199 963 quippe
3227 897 3353 945 sunt
3371 930 3385 954 ,
3409 901 3529 956 quae

1959 998 2124 1053 Deum
2152 995 2305 1049 nobis
2331 993 2570 1063 placant,
2598 1002 2698 1044 nec
2723 987 2889 1041 multo
2920 992 3078 1054 egent
3103 982 3304 1035 labore.
3348 978 3531 1045 Neque

1962 1099 2138 1145 tamen
2179 1087 2293 1141 haee
2333 1085 2572 1140 facimus.
2600 1080 2785 1150 Neque
2828 1077 2971 1133 enim
3021 1075 3103 1128 hic
3148 1074 3293 1127 solus
3327 1076 3410 1125 est
3453 1068 3532 1122 lu~

1960 1179 2117 1251 gendi
2140 1176 2346 1240 modus,
2371 1179 2416 1230 si
2441 1189 2596 1228 sacco
2616 1172 2972 1240 accingamur,
3000 1166 3054 1220 in
3083 1161 3405 1219 domuncula
3435 1172 3532 1212 nos

1962 1274 2270 1331 claudamus
2296 1313 2310 1337 ,
2342 1270 2425 1325 vel
2450 1270 2500 1322 in
2531 1266 2768 1322 tenebris
2792 1262 3073 1318 sedeamus
3093 1300 3108 1325 ,
3136 1255 3232 1312 sed
3253 1256 3298 1309 si
3325 1251 3537 1309 assidue

1965 1364 2279 1421 memoriam
2305 1362 2616 1417 delictorum
2655 1353 3089 1412 circumferamus
3112 1390 3127 1415 ,
3154 1344 3537 1404 conscientiam

1966 1458 2369 1521 examinemus,
2426 1453 2527 1508 vite
2573 1447 2956 1520 longitudinem
3008 1445 3310 1514 frequenter
3355 1435 3539 1491 metia-

1970 1568 2110 1615 mur,
2133 1558 2387 1620 quantutn
2418 1545 2622 1600 scilicet
2649 1557 2678 1595 a
2708 1554 2872 1609 regno
2899 1537 3151 1592 ca~lorum
3173 1532 3450 1587 distemus.
3481 1527 3541 1581 Et

1968 1640 2237 1714 quomodo
2256 1681 2270 1705 ,
2297 1638 2533 1707 inquies,
2563 1636 2665 1689 hoc
2690 1633 2803 1687 fieri
2824 1627 3058 1699 poterit?
3084 1625 3197 1691 Qua
3227 1622 3432 1676 ratione
3449 1618 3474 1670 ?
3499 1616 3544 1670 si

1968 1735 2263 1806 gehennam
2310 1743 2521 1797 semper
2562 1740 2673 1796 pra:
2715 1722 2882 1778 oculis
2925 1719 3250 1780 habeamus,
3282 1726 3393 1785 nec‘
3438 1725 3543 1764 non

1970 1824 2187 1894 angelos
2212 1821 2407 1890 ubique
2438 1820 2675 1872 locorum
2714 1822 2839 1869 tunc
2863 1811 3252 1869 discurrentes,
3284 1810 3443 1869 atque
3479 1813 3543 1854 ex

1972 1917 2220 1971 universo
2261 1912 2392 1965 orbe
2430 1915 2812 1977 congregantes
2861 1915 2956 1957 eos
3006 1899 3096 1968 qui
3145 1898 3197 1950 in
3246 1894 3545 1963 gehennam

1973 2002 2267 2061 abducendi
2291 2009 2450 2055 sunt:
2483 1998 2528 2053 si
2548 1996 2842 2065 cogitemus
2864 1990 3025 2045 etiam
3050 1992 3303 2057 quantum
3326 1979 3547 2044 malum,

1974 2095 2216 2167 gcltcnna
2240 2091 2503 2159 seposita,
2535 2084 2742 2143 excludi
2774 2097 2801 2136 a
2825 2095 2991 2151 regno
3024 2078 3298 2132 caelorum.
3340 2070 3549 2125 Etenim

1978 2189 2183 2245 etiamsi
2227 2186 2369 2241 nulla
2419 2190 2562 2239 esset
2606 2179 2744 2251 ignis
2770 2177 2912 2232 illius
2939 2170 3313 2232 comminatio,
3343 2166 3552 2221 etiamsi

1980 2279 2296 2335 immortalia
2326 2275 2582 2346 supplicia
2611 2287 2716 2327 non
2749 2283 2848 2324 nos
2887 2272 3186 2329 manerent,
3220 2259 3350 2315 illud
3380 2257 3553 2312 solum

1979 2373 2116 2443 quod
2158 2366 2491 2425 abalienandi
2538 2376 2777 2420 essemus
2819 2375 2846 2413 a
2872 2356 3105 2421 Christo,
3136 2359 3412 2407 mansueto
3443 2349 3553 2413 illo,

1980 2475 2033 2520 et
2078 2465 2348 2517 hominum
2403 2466 2677 2519 amatore,
2728 2452 2817 2521 qui
2853 2449 3087 2518 seipsum
3136 2461 3232 2515 pro
3281 2443 3436 2498 nobis
3491 2439 3554 2492 ad

1983 2567 2210 2613 mortem
2239 2551 2474 2616 tradidit,
2502 2556 2559 2603 et
2598 2545 2776 2601 omnia
2808 2557 2994 2613 passus
3019 2546 3121 2602 est,
3154 2545 3211 2591 ut
3249 2549 3348 2589 nos
3373 2533 3440 2587 ab
3465 2532 3558 2586 illo

1985 2649 2243 2719 supplicio
2261 2646 2535 2708 liberaret,
2557 2649 2610 2693 et
2629 2635 2775 2693 Patri
2800 2649 2897 2688 suo
2921 2628 3310 2690 reconciliaret,
3339 2623 3428 2692 qui
3465 2635 3558 2689 per

1985 2742 2179 2798 delicta
2211 2746 2389 2793 nostra
2420 2734 2585 2803 ipsius
2610 2728 2805 2784 inimici
2836 2737 3052 2780 eramus
3072 2764 3087 2787 ,
3119 2718 3323 2775 etiamsi
3354 2731 3382 2769 a
3406 2712 3561 2769 bonis

1991 2836 2093 2888 illis
2123 2828 2440 2902 prepositis,
2468 2819 2823 2879 ineffabilibus
2864 2826 2918 2871 et
2961 2810 3351 2867 immortalibus
3375 2847 3390 2872 ,
3420 2803 3562 2859 exci-

1989 2925 2116 2980 dere
2167 2937 2275 2976 non
2327 2918 2683 2978 deberemus;
2716 2909 2842 2965 illud
2863 2949 2879 2975 ,
2908 2909 3120 2976 inquam
3146 2944 3160 2969 ,
3190 2901 3364 2956 solum
3419 2896 3563 2951 omni

1992 3013 2255 3083 supplicio
2276 3009 2446 3078 majus
2461 3018 2561 3070 est,
2587 3002 2886 3068 sufficitque
2912 2996 2976 3051 ad
2998 2991 3333 3049 excitandum
3361 2986 3565 3042 animas

1993 3115 2227 3165 nostras,
2258 3109 2312 3154 et
2342 3091 2764 3168 persuadendum
2810 3098 2864 3143 ut
2894 3099 3108 3152 semper
3152 3080 3387 3150 vigilent.
3434 3075 3564 3130 Nam

1994 3199 2039 3253 si
2082 3195 2165 3250 vel
2209 3207 2330 3247 cum
2376 3188 2608 3257 legimus
2645 3178 2948 3249 exemplum
2994 3173 3225 3241 quinque
3270 3167 3567 3235 virginum,

1995 3306 2064 3360 qu
2084 3304 2126 3342 rs
2155 3284 2257 3339 olei
2292 3277 2508 3350 penuria
2536 3283 2684 3330 extra
2710 3268 2888 3341 sponsi
2917 3262 3214 3320 cubiculum
3236 3256 3479 3318 exclusit,
3503 3253 3571 3308 de

1999 3352 2212 3436 illarum
2242 3369 2535 3429 infortunio
2562 3362 2779 3437 perinde
2807 3368 2966 3428 atque
2999 3356 3101 3410 illa:
3126 3352 3369 3407 dolemus
3410 3355 3569 3414 atque

2001 3472 2314 3529 turbamur;
2366 3464 2409 3518 si
2466 3459 2762 3529 cogitemus
2816 3465 2914 3504 nos
2964 3447 3109 3516 ipsos
3161 3442 3229 3495 ob
3291 3437 3569 3508 segnitiem

2001 3572 2236 3620 nostram
2268 3557 2494 3626 idipsum
2516 3559 2767 3620 passuros
2794 3555 2932 3603 esse,
2965 3537 3082 3608 quis
3108 3536 3178 3589 ita
3202 3530 3441 3601 lapideus
3468 3526 3573 3582 erit

2002 3667 2083 3721 ut,
2112 3652 2285 3707 anima
2312 3659 2525 3714 semper
2556 3642 2657 3694 hoc
2700 3632 2942 3701 exemplo
2983 3628 3274 3688 concitata,
3305 3623 3357 3675 in
3403 3620 3571 3688 negli-

2002 3745 2238 3817 gentiam
2292 3737 2486 3795 cadat?
2530 3733 2842 3788 Poteramus
2870 3721 3084 3793 quidem
3114 3729 3416 3771 sermonem
3457 3714 3575 3764 lon~

2004 3840 2123 3911 gius
2159 3833 2485 3906 producere,
2516 3824 2611 3880 sed
2639 3821 2761 3892 quia
2790 3812 3104 3871 obedientite
3150 3808 3317 3879 gratia
3359 3804 3531 3858 solmn
3561 3842 3577 3867 ,

2007 3896 2058 3987 Et
2087 3896 2191 3981 non
2214 3924 2313 3978 alia
2331 3921 2398 3976 de
2425 3929 2584 3975 causa
2606 3913 2765 3965 lucca
2787 3906 2940 3961 nobis
2956 3903 3093 3957 dicta
3115 3908 3258 3962 sunt,
3284 3896 3403 3965 plus
3423 3907 3579 3962 quam

2010 4018 2141 4075 satis
2168 4022 2345 4069 erunt.
2376 4009 2507 4064 Nam
2538 4003 2701 4074 probe
2730 3999 2853 4054 novi
2884 4004 2935 4051 te
2963 3984 3389 4059 compunctionis
3416 3984 3581 4035 virtu-

2010 4121 2117 4167 tem
2153 4103 2387 4176 perfecte
2421 4108 2605 4153 tenere
2627 4132 2643 4157 ,
2671 4100 2726 4145 et
2759 4089 2876 4144 aliis
2903 4099 3020 4140 eam
3050 4094 3206 4150 posse
3226 4077 3307 4130 vel
3338 4075 3581 4129 silentem

2013 4166 2247 4262 tradere,
2275 4195 2318 4250 si
2340 4192 2541 4247 vellent
2567 4193 2769 4239 tantum
2796 4178 2861 4232 ad
2893 4179 3054 4230 breve
3093 4182 3299 4239 tempus
3324 4182 3443 4221 cum
3478 4166 3588 4232 pic-

2014 4300 2122 4347 tate
2172 4297 2258 4342 tua
2302 4283 2512 4343 vivere,
2543 4276 2809 4339 vitamque
2836 4268 2977 4321 illam
3029 4259 3334 4316 crucilixam
3382 4255 3583 4308 videre.

2015 4384 2089 4438 lta
2119 4391 2175 4434 ut
2196 4420 2209 4444 ,
2236 4378 2279 4432 si
2312 4374 2475 4428 Velint
2501 4370 2566 4431 ii,
2593 4365 2681 4436 qui
2712 4375 2853 4417 nunc
2881 4359 3100 4418 vivunt,
3127 4347 3588 4418 compunctionem

2015 4473 2288 4534 ediscere,
2347 4462 2415 4519 ad
2465 4454 2818 4515 habitaculum
2863 4459 3010 4503 tuum
3060 4459 3117 4498 se
3146 4438 3455 4499 conferant;
3503 4437 3592 4505 qui

2019 4580 2147 4623 vero
2188 4570 2308 4631 post
2347 4554 2508 4615 futuri
2540 4557 2695 4614 sunt,
2725 4552 2872 4616 gesta
2905 4548 2992 4594 tua
3030 4535 3275 4598 audiant,
3308 4536 3551 4599 oporteat
3578 4543 3592 4581 :

2022 4668 2265 4726 magnam
2322 4649 2462 4705 enim
2524 4642 2588 4696 ad
2647 4639 2696 4693 id
2738 4650 2892 4704 opem
2948 4629 3225 4683 allaturum
3295 4635 3415 4675 esse
3471 4626 3598 4687 puto

2024 4752 2105 4806 vel
2147 4749 2267 4801 vita:
2316 4752 2419 4797 tuac
2478 4734 2875 4792 narrationem.
2904 4722 3260 4792 Quamobrem
3287 4758 3303 4781 ,
3346 4714 3597 4774 obsecro,

2025 4844 2171 4897 vices
2228 4828 2357 4891 mihi
2417 4826 2717 4898 rependas,
2769 4831 3058 4890 precesque
3117 4822 3235 4868 tuas
3285 4812 3339 4866 in
3401 4820 3604 4861 merce-

2028 4935 2149 4990 dem
2197 4928 2430 4989 tribuas;
2463 4924 2532 4977 ita
2576 4928 2634 4973 ut
2661 4932 2766 4971 non
2820 4911 2978 4967 modo
3007 4910 3076 4963 de
3102 4905 3508 4976 compunctiooe
3531 4902 3605 4952 lo-

2030 5039 2185 5095 quar,
2213 5018 2307 5074 sed
2333 5026 2386 5071 et
2407 5028 2517 5068 rem
2561 5011 2730 5079 ipsam
2763 5002 3012 5074 operibus
3035 4999 3336 5055 exhibeam.
3359 4990 3606 5059 Quando-

2034 5114 2247 5186 quidem
2276 5106 2518 5162 doctrina
2545 5102 2661 5155 siue
2680 5111 2843 5167 opere
2870 5108 2975 5149 non
2998 5090 3156 5145 modo
3179 5086 3311 5142 nihil
3335 5082 3491 5147 lucri,
3514 5080 3609 5134 sed

2036 5208 2195 5263 etiam
2227 5200 2601 5256 detrimentum
2648 5203 2895 5259 magnum
2921 5194 2976 5241 et
3003 5178 3502 5238 condemnationem
3528 5171 3587 5225 af
3592 5200 3611 5211 -

2043 5298 2145 5353 fert
2167 5296 2215 5350 ei
2239 5335 2253 5358 ,
2286 5291 2517 5361 quicum
2550 5292 2694 5339 tanta
2721 5277 2966 5336 socordia
2991 5276 3152 5329 vitam
3183 5269 3395 5324 ordinat
3434 5276 3609 5317 suam.

2046 5390 2064 5421 ³
2105 5385 2226 5439 Νοη
2255 5383 2408 5446 enim,
2459 5375 2662 5446 inquit,
2699 5371 2859 5426 omnis
2901 5368 2983 5438 qui
3019 5365 3141 5417 dicit
3166 5359 3326 5422 mihi,
3354 5352 3607 5418 Domine,

2052 5477 2268 5535 Domine
2291 5515 2307 5539 ,
2332 5472 2418 5526 sed
2446 5469 2531 5540 qui
2561 5466 2724 5521 fecerit
2752 5472 2798 5518 et
2823 5458 3045 5515 docuerit
3064 5496 3078 5519 ,
3108 5453 3190 5506 hic
3224 5462 3439 5518 magnus
3464 5459 3616 5498 uoca-

2056 5570 2187 5623 bitur
2215 5567 2269 5619 in
2292 5538 2713 5633 regno—calorum
2738 5550 2943 5625 (Matth.
2965 5548 3117 5607 7.21.
3135 5552 3190 5601 et
3213 5540 3267 5596 5.
3288 5538 3407 5607 l9).

2119 5739 2133 5770 ¹
2172 5743 2271 5783 ιιίε(
2303 5741 2456 5794 usque
2475 5725 2531 5774 ad
2554 5722 2697 5772 finem
2719 5717 2896 5763 desunt
2916 5711 2966 5759 in
2985 5673 3124 5757 Savil.
