4032 6398
563 373 657 428 ill
1200 435 1209 443 ο
1295 371 1354 430 S.
1391 372 1668 435 JOANNIS
1702 378 2180 441 CHRYSOSTOMI
2216 385 2531 444 ARCHIEP.
2572 389 3103 453 CONSTANTINOP.
3697 411 3788 467 ιη

1341 585 1618 729 AD
1723 528 3058 788 STELEEﬁffJﬁ:

2530 521 2721 536 ἡ

2731 521 3595 551 ---..................,-,-,,

1708 812 1814 875 ΕΤ
1854 813 1961 875 DE
2001 813 2662 895 COMPUNCTIONE,

1422 958 1904 1067 LIBER
1980 960 2165 1110 SE
2177 960 2599 1071 CU‘ND
2612 968 2790 1075 US
2837 971 2910 1075 ι.

1932 1166 2414 1248 num-Qa»...-

612 1343 663 1398 l.
703 1340 770 1396 Et
797 1337 1064 1411 quomodo
1089 1338 1205 1395 ﬁeri
1235 1339 1420 1409 possit,
1451 1348 1634 1395 sancte
1662 1339 1757 1395 Dei
1782 1338 1966 1405 homo,
1993 1336 2114 1393 Ste-

538 1434 696 1497 lechi,
724 1431 864 1504 quod
888 1434 1142 1500 imperas,
1170 1439 1229 1486 ut
1248 1430 1316 1486 ab
1334 1429 1510 1486 anima
1530 1431 1603 1486 ita
1621 1429 1830 1485 inﬁrma
1856 1440 1913 1486 et
1931 1430 2117 1502 frigida

538 1523 605 1579 de
632 1522 1040 1592 compunctione
1066 1534 1341 1576 sermones
1368 1520 1632 1577 edantur?
1659 1521 1961 1579 Putoenim
1981 1537 2116 1592 opus

535 1631 654 1672 esse
669 1631 812 1683 eum,
830 1615 921 1687 qui
950 1616 1002 1670 in
1026 1614 1126 1671 hac
1148 1616 1369 1671 materia
1393 1615 1591 1686 aliquid
1608 1616 1732 1671 boni
1752 1615 1992 1672 dicturus
2008 1626 2110 1685 est,

534 1720 645 1776 pne
685 1707 932 1762 omnibus
970 1705 1089 1762 aliis
1129 1705 1232 1761 hoc
1270 1706 1447 1761 studio
1475 1708 1497 1738 ³
1527 1707 1733 1762 fervere
1767 1715 1818 1761 ct
1861 1707 2110 1773 incendi,

533 1799 607 1859 ita
631 1806 689 1852 ut
708 1796 871 1853 verba
887 1811 1005 1868 qua:
1025 1797 1300 1867 proferunt
1318 1798 1567 1853 candenti
1588 1797 1729 1854 ferro
1745 1798 2113 1855 vehementius

532 1892 584 1945 in
615 1889 917 1945 auditorum
957 1890 1163 1945 animos
1209 1889 1443 1944 incidere
1484 1890 1714 1945 valeant.
1741 1889 1905 1945 Nobis
1933 1900 2110 1945 autem

531 1981 670 2051 ignis
697 1979 998 2050 huiusmodi
1028 1995 1133 2033 non
1173 1979 1325 2035 adest
1348 2020 1363 2043 ,
1395 1979 1492 2035 sed
1521 1981 1697 2035 omnia
1728 1983 1982 2036 interiora
2011 1996 2110 2037 no-

531 2080 639 2125 stra
676 2076 801 2124 sunt
836 2061 971 2124 cinis
998 2076 1054 2124 et
1085 2069 1275 2137 pulvis.
1308 2067 1586 2124 Undenam
1610 2111 1625 2135 ,
1657 2069 1743 2126 dic
1775 2071 1903 2125 mihi
1927 2110 1942 2134 ,
1972 2071 2111 2127 unde

533 2161 802 2215 ﬂammam
823 2159 1174 2215 accendamus
1195 2160 1361 2223 illam,
1379 2175 1501 2214 cum
1518 2176 1688 2231 neque
1708 2161 1933 2217 scintilla
1950 2161 2107 2229 adsit,

532 2268 706 2322 neque
740 2252 881 2323 ligna
905 2251 1214 2322 subjaceant
1235 2293 1251 2317 ,
1283 2266 1455 2323 neque
1479 2252 1697 2322 spiritus
1720 2252 1787 2308 ad
1815 2254 1956 2309 illam
1988 2270 2111 2325 per-

529 2342 754 2397 ﬂandam
768 2341 1032 2405 adveniat,
1048 2341 1117 2396 ob
1127 2340 1403 2411 caliginem
1416 2341 1437 2372 ⁸
1449 2356 1642 2413 nempe
1653 2343 1797 2398 illam
1816 2345 2105 2415 ingentem,

526 2449 684 2505 quam
726 2435 805 2489 vis
848 2442 1188 2505 peccatorum
1229 2434 1421 2501 animm
1460 2442 1656 2490 nostra:
1689 2434 1970 2491 obtendit?
1993 2436 2108 2508 Ego

526 2525 740 2596 quidem
771 2539 875 2580 non
903 2524 1046 2591 novi,
1077 2523 1171 2580 sed
1203 2531 1350 2580 tuum
1380 2533 1464 2580 est
1489 2523 1689 2593 dicere,
1718 2526 1808 2596 qui
1834 2526 2066 2597 imperas
2087 2569 2104 2595 ,

525 2632 632 2688 quo
654 2626 807 2687 pacto
822 2616 1027 2687 jussum
1050 2626 1197 2671 tuum
1219 2616 1271 2670 in
1288 2628 1422 2686 Opus
1442 2616 1716 2686 procedat,
1737 2625 1791 2672 et
1808 2632 2108 2689 congruen-

526 2718 630 2765 tem
663 2709 823 2764 linem
851 2715 1183 2778 assequatur.
1217 2706 1326 2763 Nos
1361 2716 1509 2763 certe
1534 2707 1724 2778 lingua:
1748 2708 2104 2779 praebebimus

525 2799 916 2864 ministerium;
949 2807 1004 2853 tu
1031 2812 1158 2853 vero
1182 2812 1405 2867 precare
1429 2812 1575 2865 eum,
1601 2798 1691 2868 qui
1720 2807 1873 2854 sanat
1898 2801 2101 2856 contri-

525 2898 610 2945 tos
648 2889 847 2956 corde,
872 2890 960 2960 qui
988 2889 1079 2944 dat
1113 2888 1466 2959 pusillanimis
1494 2889 1945 2959 longanimitatem
1966 2932 1980 2957 ,
2011 2893 2102 2962 qui

524 2982 742 3036 suscitat
760 2982 827 3036 de
855 2991 992 3037 terra
1021 2996 1328 3060 pauperem,
1350 2992 1408 3041 ut
1433 2982 1575 3038 hunc
1595 2984 1648 3038 in
1678 2985 1830 3039 nobis
1855 2985 2103 3042 incendat

521 3077 718 3147 ignem,
741 3076 829 3147 qui
853 3074 1136 3131 humanam
1163 3091 1377 3131 omnem
1401 3076 1761 3132 inﬁrmitatem
1788 3078 1925 3133 solet
1942 3078 2104 3135 absu-

522 3181 693 3229 mere,
714 3181 776 3221 ac
798 3181 1066 3233 somnum,
1091 3167 1370 3237 segnitiem
1396 3167 1813 3239 gravitatemque
1831 3170 2099 3225 carnalem

522 3258 875 3327 ιιτιυειοίιιιιθτο
901 3299 916 3323 ,
942 3259 1237 3330 animmque
1260 3261 1373 3315 alas
1400 3259 1466 3315 ad
1492 3259 1680 3316 cmlum
1710 3261 1963 3319 sublimes
1987 3263 2097 3318 eri-

516 3366 644 3420 gere
671 3367 685 3405 :
715 3352 784 3407 ab
818 3352 905 3406 illa
932 3361 1110 3407 autem
1149 3354 1332 3423 apside
1352 3396 1368 3421 ,
1396 3370 1494 3409 ceu
1522 3372 1588 3411 ex
1615 3358 1845 3426 quodam
1882 3360 2098 3416 excelso

519 3442 716 3497 vertice
735 3484 749 3507 ,
777 3457 991 3497 omnem
1018 3442 1042 3474 ³
1063 3444 1296 3498 ostendit
1334 3446 1610 3514 prmsentis
1648 3448 1771 3502 vita:
1812 3451 2097 3507 vanitatem

517 3531 934 3601 emcmitamque
953 3532 1207 3601 speciem.
1232 3534 1329 3599 Qui
1352 3536 1494 3590 enim
1522 3538 1835 3606 nequeilluc
1858 3541 2093 3612 avolare,

517 3640 688 3694 neque
713 3623 765 3678 in
795 3624 878 3677 illa
907 3623 1117 3693 specula
1143 3624 1332 3680 sedere
1358 3632 1561 3695 potuit,
1593 3631 1637 3682 is
1665 3644 1835 3700 neque
1863 3640 2092 3700 terrain,

517 3729 688 3784 neque
729 3722 939 3770 terrena
981 3715 1190 3785 negotia
1219 3715 1261 3782 ',
1312 3724 1369 3770 ut
1405 3716 1583 3772 videre
1622 3733 1719 3787 par
1756 3729 1878 3788 est,
1917 3721 2095 3778 videre

514 3815 711 3877 potest.
737 3806 872 3874 Quia
898 3808 1039 3864 enim
1067 3808 1228 3862 multa
1258 3819 1411 3877 sunt,
1439 3826 1557 3879 qua:
1584 3811 1720 3867 visui
1747 3814 1992 3869 tenebras
2014 3813 2095 3869 of-

518 3899 763 3965 fundunt,
795 3900 960 3953 multa
987 3915 1106 3970 qua:
1128 3900 1365 3954 auditum
1396 3902 1627 3968 turbant,
1659 3904 1827 3959 multa
1850 3920 1968 3975 qua:
1994 3908 2095 3962 lin-

514 4005 669 4059 guam
695 3989 1043 4059 prmpediunt,
1078 3999 1289 4060 oportet
1313 4005 1457 4056 eum,
1484 3992 1553 4047 ab
1580 3994 1725 4048 omni
1753 3996 1979 4051 tumultu
2006 4006 2092 4052 at-

514 4096 618 4151 que
643 4081 788 4136 furno
806 4080 1144 4150 subductum,
1172 4083 1238 4138 ad
1266 4083 1406 4139 illam
1448 4085 1786 4143 solitudinem
1812 4089 2087 4157 secedere,

511 4174 598 4228 ubi
627 4189 814 4245 magna
844 4175 1219 4246 tranquillitas,
1244 4192 1372 4246 pura
1394 4180 1673 4246 serenitas,
1694 4182 1949 4238 tumultus
1969 4185 2092 4239 nul-

510 4267 625 4323 lus:
653 4269 747 4322 sed
773 4268 910 4322 oculi
938 4267 991 4323 in
1015 4285 1176 4324 unum
1211 4271 1301 4326 Dei
1331 4286 1566 4328 amorem
1590 4273 1610 4305 ⁸
1632 4274 1819 4331 intenti
1850 4292 1955 4332 non
1985 4278 2091 4336 alio

510 4355 802 4425 declinant,
835 4374 990 4415 aures
1017 4376 1144 4415 vero
1170 4362 1519 4428 inconcussas,
1551 4366 1640 4419 uni
1671 4376 1872 4423 tantum
1899 4371 1975 4425 rei
2000 4387 2091 4426 vas

512 4455 652 4510 caut,
677 4462 869 4518 nempe
887 4449 1186 4505 divinorum
1208 4452 1539 4522 eloquiorum
1558 4456 1781 4524 auditui,
1806 4469 1861 4515 et
1880 4462 2089 4519 suavis-

510 4536 659 4589 simae
685 4537 1050 4608 Spiritualique
1071 4540 1352 4597 audienda:
1376 4545 1727 4615 symphonia},
1755 4565 1873 4619 quae
1896 4555 2085 4621 semel,

506 4637 662 4696 capto
688 4628 869 4683 animo
891 4668 907 4694 ,
937 4638 1083 4685 tanta
1117 4632 1167 4686 vi
1202 4632 1505 4690 dominatur
1526 4677 1541 4701 ,
1573 4648 1629 4691 ut
1667 4639 1751 4694 illa
1793 4653 2086 4711 pertractus

507 4716 733 4771 melodia
767 4732 937 4788 neque
961 4720 1170 4789 cibum,
1202 4739 1376 4794 neque
1402 4737 1601 4797 potum,
1636 4747 1811 4802 neque
1838 4748 2083 4794 somnum

506 4822 627 4863 cum
655 4809 922 4880 voluptate
947 4814 1139 4885 capiat.
1162 4816 1345 4888 Itaque
1367 4835 1463 4877 nec
1489 4826 1824 4883 saecularium
1847 4835 2086 4903 negotio-

506 4916 622 4955 rum
648 4902 929 4968 tumultus,
954 4920 1123 4976 neque
1146 4911 1502 4978 corporalium
1529 4916 1682 4972 turba
1708 4934 1906 4987 rerum,
1926 4902 2084 4979 teno-

506 5005 620 5046 rem
663 4993 809 5047 illum
844 4994 1085 5051 relaxare
1117 4987 1308 5055 valeat.
1339 5002 1421 5057 Ad
1450 5012 1650 5061 tantam
1675 5011 1816 5065 enim
1843 5013 1864 5045 ⁷
1888 5015 2085 5071 anima:

502 5083 877 5140 sublimitatem
907 5085 1101 5142 inﬁma:
1135 5089 1293 5161 hujus
1331 5099 1657 5165 tempestatis
1688 5105 1940 5174 strepitus
1972 5122 2080 5166 non

786 5323 835 5365 tn
852 5319 1014 5383 Savil.,
1038 5296 1832 5391 cmﬁé'uuségﬁmz
1839 5296 1923 5395 “(fe

555 5435 578 5533 ἒ
602 5438 1328 5533 ,Ἠιέἒξίτηθὲ-η.3¹ιὲἓ.νεξξὲτιὶξιὲι..¹ιοε
1347 5451 1540 5518 εειιάως
1569 5459 1658 5508 θεά
1685 5460 1816 5512 εοιιιο
1838 5472 1892 5515 ει
1910 5468 2069 5533 snit.

492 5486 578 5581 ’θος
600 5486 831 5581 ﬁdelia;
843 5486 1246 5581 subaudi-Sensit:

606 5561 652 5602 In
669 5557 822 5620 (.olb.,
837 5557 1085 5620 pudorem'.

555 5608 577 5687 ξ
608 5618 741 5687 apud
760 5608 913 5687 οὸξὶιὶζ
1142 5629 1275 5681 nobis
1296 5634 1517 5687 ostendit.

549 5671 572 5760 :
605 5671 1677 5778 Paret
1699 5704 2006 5763 ευιυειιοτηι

548 5736 572 5822 ξ
605 5736 1061 5822 L‘E.E°‘2;1?81‘I'Ei§¥
1073 5736 1127 5822 ἑνὶ
1145 5736 1638 5822 ξάιέἐῖᾶιῖὲῗᾶῗιῦῧέῖ

609 5800 726 5857 Vox,
745 5800 906 5863 acini;
905 5800 1052 5857 deest
1069 5811 1119 5860 in
1140 5800 1271 5864 Colb.

2223 1343 2474 1415 pertingit
2493 1362 2506 1413 ;
2525 1362 2708 1403 verum
2722 1351 3167 1421 quemadmodum
3184 1356 3241 1423 ii,
3255 1360 3343 1430 qui
3359 1360 3426 1417 ad
3446 1363 3781 1430 altissunosse

2228 1437 2505 1495 contulere
2525 1450 2755 1511 montes,
2779 1445 2910 1501 nihil
2926 1462 3110 1504 eorum
3131 1449 3312 1523 vident
3329 1454 3413 1510 vel
3427 1457 3659 1526 audiunt,
3675 1479 3779 1534 qua

2233 1525 2286 1579 in
2313 1527 2444 1583 urbe
2469 1541 2727 1599 geruntur
2750 1536 2835 1591 vel
2858 1536 3128 1608 dicuntur,
3157 1542 3250 1598 sed
3274 1543 3558 1603 obscurum
3585 1525 3776 1610 dumta-

2229 1626 2321 1672 xat
2355 1626 2412 1674 et
2445 1619 2787 1691 injucundum
2810 1626 2827 1661 ⁸
2849 1628 3136 1696 clamorem
3168 1633 3422 1704 audiunt,
3458 1640 3778 1701 stridentibus

2231 1710 2407 1780 vespis
2436 1712 2605 1769 nihilo
2632 1717 2952 1786 suaviorem,
2980 1722 3058 1776 sic
3083 1723 3139 1789 ii,
3169 1725 3258 1795 qui
3287 1742 3314 1779 a
3344 1731 3677 1791 saecularibus
3701 1752 3776 1791 re-

2223 1799 2325 1856 bus
2368 1816 2488 1859 esse
2534 1804 2866 1864 abduxerunt
2910 1820 2967 1866 et
3007 1813 3074 1867 ad
3116 1817 3408 1885 Spiritualis
3455 1822 3777 1894 philosophia:

2220 1903 2474 1948 cacumen
2501 1894 2850 1965 advolarunt,
2884 1901 3011 1957 nihil
3046 1918 3230 1961 eorum
3261 1923 3380 1977 quae
3406 1912 3546 1981 apud
3575 1929 3666 1969 nos
3691 1930 3774 1986 ge-

2219 1993 2412 2039 runtur
2449 2001 2611 2044 sensu
2658 1992 2989 2062 percipiunt;
3038 2012 3231 2067 corpus
3278 2002 3420 2057 enim
3466 2012 3521 2059 et
3558 2009 3776 2076 corporis

2223 2086 2430 2140 sensus,
2452 2075 2625 2135 donec
2644 2082 2818 2137 anima
2840 2084 2978 2145 circa
3003 2095 3194 2142 terram
3220 2103 3482 2161 versatur,
3509 2075 3776 2153 innumeris

2220 2163 2364 2219 illam
2407 2167 2632 2225 vinculis
2673 2174 3082 2245 constringunt,
3127 2180 3493 2249 gravissimam
3538 2182 3774 2240 {luxarum

2224 2254 2549 2326 voluptatum
2581 2269 2949 2333 tempestatem
2976 2267 3206 2338 undique
3230 2270 3560 2341 colligentes.
3589 2275 3774 2329 Etenim

2215 2347 2447 2417 auditus,
2466 2350 2630 2420 visus,
2655 2361 2845 2421 tactus,
2867 2356 3120 2414 odoratus
3145 2369 3199 2415 et
3221 2361 3425 2432 lingua;
3455 2374 3771 2420 externorum

2217 2438 2477 2495 malorum
2494 2442 2720 2519 plurima
2737 2446 2792 2500 in
2811 2447 2950 2502 illam
2969 2448 3244 2506 inducunt.
3262 2451 3393 2506 Cum
3414 2470 3541 2509 vero
3556 2456 3773 2511 sublimis

2213 2528 2463 2599 efﬁcitur,
2493 2541 2549 2588 et
2571 2535 2739 2591 otium
2764 2552 2918 2593 suum
2946 2539 3015 2595 ad
3039 2541 3334 2611 spiritualia
3359 2547 3639 2614 convertit,
3662 2556 3772 2603 tunc

2213 2619 2469 2691 malignas
2496 2624 2848 2695 cogitationes
2872 2628 3113 2699 ingressu
3139 2642 3323 2689 arcet:
3347 2650 3456 2690 non
3487 2651 3667 2693 sensus
3687 2638 3772 2693 ob-

2212 2719 2419 2784 turaus,
2441 2713 2536 2769 sed
2558 2730 2744 2772 eorum
2766 2721 3131 2788 operationem
3160 2724 3228 2779 ad
3248 2724 3623 2784 sublimitatem
3646 2731 3769 2786 illam

2213 2800 2517 2858 traducens.
2539 2804 2999 2873 Quemadmodum
3018 2813 3160 2868 enim
3181 2814 3397 2870 domina
3421 2819 3656 2888 quaedam
3677 2819 3769 2874 for-

2212 2892 2481 2950 midabilis
2498 2905 2554 2951 et
2572 2912 2781 2965 severa,
2802 2916 2921 2971 qua:
2936 2914 3257 2973 unguentum
3276 2908 3461 2963 condit
3480 2911 3766 2979 pretiosum,

2208 2983 2519 3055 magnisque
2534 2989 2831 3057 sumptibus
2850 3007 2913 3047 ac
2934 2994 3217 3050 multorum
3241 2998 3487 3054 manibus
3517 3000 3581 3054 ad
3607 3001 3768 3055 condi-

2209 3082 2382 3130 turam
2421 3092 2557 3148 opus
2595 3079 2786 3148 habet,
2819 3085 3038 3141 ancillas
3077 3090 3339 3145 suscitans
3373 3102 3431 3146 ct
3465 3108 3728 3149 accersens
3749 3134 3764 3160 ,

2174 3214 2179 3219 .
2207 3164 2367 3220 aliam
2402 3167 2552 3238 jubet
2586 3182 2822 3227 aromata
2853 3175 3085 3231 nondum
3113 3178 3164 3233 in
3192 3194 3324 3249 opus
3352 3182 3583 3239 admissa
3608 3185 3766 3239 cribro

2204 3271 2520 3326 secernere,
2552 3261 2707 3316 aliam
2736 3274 2948 3335 arrepta
2991 3266 3197 3325 bilance
3223 3279 3279 3325 et
3305 3280 3505 3328 statera
3541 3283 3764 3330 accurate

2203 3346 2466 3421 dispicere
2489 3368 2557 3408 ne
2584 3354 2704 3424 plus
2732 3356 2815 3411 vel
2845 3358 3199 3431 minus‘quam
3225 3377 3322 3433 par
3350 3374 3435 3419 est
3464 3366 3514 3419 in
3541 3366 3761 3421 conditu-

2202 3455 2316 3497 ram
2356 3442 2647 3500 admissum
2680 3446 2878 3518 justam
2919 3466 3218 3507 mensuram
3260 3455 3480 3524 perdat,
3508 3458 3657 3514 aliam
3683 3472 3761 3512 co-

2200 3548 2365 3602 quere
2389 3550 2507 3604 qua:
2532 3539 2804 3608 coquenda
2836 3553 2979 3611 sunt,
3008 3543 3164 3599 aliam
3195 3554 3367 3602 terere
3391 3554 3511 3618 quae
3541 3550 3757 3613 terenda,

2199 3621 2345 3678 illam
2361 3625 2465 3679 alia
2490 3627 2608 3703 aliis
2629 3632 3000 3698 commiscere,
3020 3634 3164 3689 illam
3185 3653 3305 3692 cum
3325 3639 3594 3695 alabastro
3611 3653 3757 3706 Stare,

2198 3712 2354 3768 aliam
2381 3732 2501 3772 cum
2530 3719 2637 3772 alio
2661 3734 2790 3776 vase
2809 3763 2824 3789 ,
2851 3723 3010 3779 aliam
3038 3726 3179 3782 aliud
3207 3729 3475 3799 quidpiam
3512 3741 3753 3787 traCtare'

2198 3804 2380 3876 sicque
2405 3823 2589 3864 earum
2618 3821 2823 3868 mentes
2850 3815 3004 3870 simul
3030 3826 3084 3873 et
3105 3834 3291 3875 manus
3311 3824 3459 3891 operi
3482 3825 3755 3895 applicans,

2199 3895 2330 3950 nihil
2359 3902 2629 3971 corrumpi
2670 3904 2833 3971 sinit,
2866 3922 3078 3977 semper
3111 3910 3358 3969 insistens
3377 3955 3392 3980 ,
3423 3931 3530 3971 nou
3559 3916 3757 3987 permit-

2203 3997 2321 4043 tens
2348 3999 2496 4045 extra
2526 3996 2724 4065 vagari,
2744 4008 2835 4053 aut
2861 3999 2965 4055 alio
2990 4013 3261 4071 aspccmm
3290 4005 3552 4064 divertere
3579 4025 3590 4061 :
3617 4009 3688 4062 sic
3710 4015 3757 4062 et

2197 4079 2692 4151 anima-pretiosum
2721 4086 3184 4161 hoc-unguentum
3217 4110 3520 4166 praeparans
3538 4139 3553 4165 ,
3582 4112 3757 4166 nempe

2197 4176 2660 4243 compunctionem
2682 4221 2698 4247 ,
2739 4194 2928 4238 sensus
2964 4184 3033 4240 ad
3070 4187 3298 4257 seipsam
3329 4199 3549 4256 evocat,
3585 4204 3752 4246 eorum

2195 4265 2559 4332 praescindens
2594 4272 2894 4343 segnitiem.
2940 4276 2997 4331 Si
3037 4278 3250 4348 quando
3285 4289 3462 4336 autem
3501 4283 3754 4351 contingat

2194 4356 2339 4412 illam
2371 4359 2424 4413 in
2454 4375 2513 4416 se
2537 4377 2848 4420 conversam
2884 4367 3153 4438 quidpiam
3176 4386 3361 4427 eorum
3388 4376 3619 4445 cogitare
3646 4388 3752 4444 qua:

2192 4446 2260 4500 ad
2286 4449 2605 4517 probitatem
2634 4461 2687 4507 et
2716 4454 2808 4509 Dei
2839 4456 3085 4525 placitum
3115 4468 3389 4529 spectant,
3420 4477 3607 4518 sensus
3631 4478 3749 4532 ope-

2176 4539 2398 4612 ratione
2416 4555 2513 4597 sua
2534 4558 2732 4600 vacuos
2749 4548 3022 4604 constituit
3041 4565 3056 4615 ;
3083 4565 3151 4605 ne
3171 4552 3295 4622 quid
3313 4567 3748 4622 supervacaneum

2191 4628 2563 4701 intempestive
2612 4636 2924 4696 inducentes
2951 4682 2968 4709 ,
3020 4642 3281 4699 internam
3333 4648 3748 4717 tranquillitatem

2188 4723 2517 4790 perturbent.
2546 4725 2723 4792 Quare
2746 4729 2791 4783 si
2819 4744 2979 4786 voces
3001 4734 3247 4801 auribus,
3274 4738 3570 4805 Spectacula
3593 4737 3749 4792 oculis

2188 4811 2465 4880 accidant,
2512 4816 2644 4871 nihil
2689 4818 3089 4890 intromittitur,
3133 4823 3353 4895 singulis
3397 4827 3745 4882 membrorum

2187 4902 2584 4970 operationibus
2611 4908 2678 4963 ad
2704 4911 2936 4966 animam
2972 4915 3265 4969 conversis.
3293 4916 3495 4986 Ecquid
3523 4933 3676 4973 voces
3700 4926 3746 4970 et

2185 4996 2483 5061 spectacula
2506 5013 2766 5069 memoro,
2785 5016 2905 5056 cum
2927 5004 3077 5058 multi
3100 5004 3151 5059 in
3173 5004 3270 5062 hoc
3293 5009 3446 5075 positi
3468 5019 3623 5076 statu,
3648 5023 3742 5062 neu

2186 5083 2348 5140 modo
2375 5095 2758 5155 prmtcreuntes
2784 5108 2963 5148 coram
2983 5135 2998 5161 ,
3029 5097 3123 5151 sed
3153 5099 3312 5153 etiam
3343 5115 3403 5156 se
3429 5101 3741 5175 exagitantcs

2184 5186 2291 5227 non
2319 5176 2589 5232 sentiant?
2615 5179 2781 5236 Tanta
2806 5184 3000 5254 quippe
3027 5195 3109 5240 est
3135 5189 3324 5244 animae
3352 5190 3540 5258 virtus,
3572 5202 3625 5245 ut
3652 5207 3739 5244 vo-

2182 5263 2312 5319 lenti
2338 5265 2493 5322 facile
2518 5269 2588 5323 sit
2616 5270 2669 5325 in
2698 5282 2836 5327 terra
2865 5275 3079 5345 quidem
3109 5281 3306 5335 versari
3329 5320 3346 5346 ,
3377 5283 3469 5337 sed
3492 5324 3509 5350 ,
3535 5298 3597 5338 ac
3621 5284 3663 5337 si
3692 5283 3738 5335 in

2180 5353 2316 5407 caelo
2344 5355 2547 5425 sedeat,
2577 5360 2709 5417 nihil
2728 5377 2912 5418 eorum
2932 5380 3051 5434 qua:
3077 5368 3129 5422 in
3160 5379 3296 5425 terra
3317 5382 3570 5442 geruntur
3588 5386 3736 5427 sensu

2179 5444 2477 5512 percipere.

2247 5532 2302 5585 2.
2345 5534 2488 5588 Talis
2515 5546 2629 5591 erat
2655 5537 2841 5595 beatus
2866 5541 3059 5601 Paulus
3077 5585 3092 5611 ,
3123 5548 3212 5618 qui
3240 5550 3425 5606 mediis
3454 5553 3505 5607 in
3532 5551 3734 5611 urbibus

2176 5633 2433 5688 versans,
2471 5633 2676 5682 tantum
2709 5645 2742 5685 a
2779 5634 3131 5698 praesentibus
3172 5639 3393 5710 aberat,
3429 5652 3673 5713 quantum
3705 5655 3730 5693 a

2177 5724 2506 5771 mortuorum
2547 5719 2895 5778 cadaveribus
2937 5726 3205 5785 absumus.
3235 5731 3367 5788 Cum
3405 5735 3543 5790 enim
3573 5732 3728 5798 dicit,

2243 5848 2260 5876 ³
2294 5853 2366 5897 Sic
2387 5849 2546 5912 Savil.,
2571 5851 2659 5901 sed
2681 5852 2833 5917 Colb.,
2858 5856 3079 5909 debilem.
