4032 6428
364 330 466 382 H3

365 439 497 492 Mihi
526 440 743 495 mundus
767 440 1039 509 cruciﬁxus
1063 450 1133 495 est
1160 441 1181 509 (
1206 441 1376 497 Colat.
1404 443 1460 499 6.
1488 444 1554 498 14
1575 443 1593 515 )
1617 485 1632 511 ,
1662 443 1799 499 hanc
1827 458 1938 500 me-

366 538 536 584 morat
561 531 1034 597 insensibilitatem,
1069 534 1176 588 imo
1204 535 1377 602 potius
1405 550 1508 590 non
1537 537 1672 591 hanc
1698 545 1900 591 tantum
1921 578 1937 604 ,

360 620 455 675 sed
476 621 631 676 aliam
659 623 836 689 talem,
866 634 923 677 ut
947 623 1138 693 duplex
1162 625 1249 679 illa
1271 624 1447 681 fuerit.
1469 626 1585 682 Non
1604 627 1746 682 enim
1766 628 1938 682 solum

361 710 515 776 dixit,
538 710 668 765 Mihi
688 713 905 767 uitandus
919 715 1192 783 cruciﬁxus
1213 726 1306 781 est,
1326 717 1398 770 ita
1419 725 1475 771 ut
1498 727 1680 786 postea
1696 720 1936 786 tacuerit,

359 801 453 856 sed
485 818 582 873 per
617 804 923 873 adjunetnm
963 806 1120 860 aliam
1160 807 1473 878 signiﬁcavit
1505 809 1720 876 dicens,
1753 809 1822 863 Et
1849 826 1940 881 ego

359 895 572 949 mundo.
600 895 788 966 Magna
814 905 960 951 certe
987 897 1320 968 philosophia
1348 908 1446 964 est,
1476 909 1660 969 putare
1685 899 1937 953 mundum

358 998 481 1038 esse
508 992 795 1051 mortuum,
829 987 922 1042 sed
955 988 1108 1061 longe
1138 987 1327 1057 major,
1357 1003 1482 1059 erga
1508 989 1760 1043 mundum
1789 990 1939 1059 quasi

358 1083 626 1130 mortuum
658 1076 906 1132 aﬂ‘eetum
936 1093 1075 1133 esse.
1107 1079 1259 1144 Quod
1287 1079 1464 1149 itaque
1484 1080 1684 1134 Paulus
1703 1080 1943 1135 declara-

357 1166 435 1220 vit
462 1166 764 1236 hujusmodi
790 1178 871 1223 est
895 1187 909 1224 :
932 1169 1060 1225 dicit
1085 1170 1227 1225 enim
1256 1185 1360 1225 non
1386 1185 1444 1226 se
1475 1181 1676 1225 tantum
1701 1172 1887 1227 abesse
1907 1187 1937 1226 a

357 1258 713 1327 praesentibus
734 1299 750 1325 ,
778 1268 1032 1329 quantum
1067 1261 1302 1316 viventes
1326 1275 1356 1314 a
1380 1262 1624 1327 mortuis,
1655 1261 1748 1316 sed
1775 1277 1940 1331 quan-

358 1358 473 1403 tum
513 1348 708 1402 mortui
737 1363 766 1402 a
797 1350 1043 1404 mortuis.
1073 1349 1171 1418 Qui
1203 1351 1346 1405 enim
1371 1351 1532 1416 vivit,
1558 1352 1766 1408 etiamsi
1793 1368 1938 1407 mor-

355 1448 507 1494 tuum
532 1453 636 1493 non
661 1441 1020 1508 concupiscat,
1043 1449 1099 1495 at
1122 1442 1227 1496 alio
1253 1441 1411 1496 modo
1439 1443 1623 1509 sentit,
1649 1443 1762 1497 sive
1780 1444 1941 1499 mire-

354 1538 446 1585 tur
468 1532 717 1599 prostrati
744 1529 1218 1600 pulchritudinem,
1242 1532 1354 1587 sive
1380 1533 1552 1602 ipsum
1573 1535 1855 1589 miseretur
1875 1550 1940 1590 ac

354 1620 600 1691 deploret
630 1639 644 1675 :
675 1633 913 1676 mortuus
937 1631 1114 1677 autem
1140 1639 1264 1693 erga
1301 1633 1567 1678 mortuum
1598 1640 1665 1679 ne
1695 1625 1782 1680 tali
1813 1625 1934 1695 qui-

354 1710 479 1765 dem
503 1710 694 1766 aﬂ‘ectu
713 1721 814 1766 est.
834 1712 946 1767 Hoc
966 1713 1124 1783 igitur
1142 1713 1416 1769 declarare
1435 1730 1556 1770 cum
1582 1715 1759 1782 vellet,
1785 1725 1932 1785 post-

353 1815 515 1870 quam
542 1800 767 1868 dixerat,
797 1802 928 1856 Mihi
953 1803 1169 1857 mundus
1195 1805 1466 1873 cruciﬁxus
1494 1813 1594 1871 est,
1619 1805 1840 1873 addidit,
1867 1806 1937 1860 Et

354 1907 447 1962 ego
462 1892 669 1946 mundo.
688 1892 851 1948 Vides
870 1907 1027 1963 quam
1043 1895 1199 1963 longe
1219 1894 1405 1949 aberat
1418 1895 1487 1950 ab
1502 1896 1652 1963 orbe,
1672 1897 1939 1966 quomodo

360 1983 416 2037 in
447 1993 587 2038 terra
608 1983 859 2054 gradiens
880 1985 947 2040 ad
974 1985 1145 2055 ipsum
1171 1987 1489 2041 trausilierat
1507 1986 1621 2041 caeli
1648 1987 1938 2042 verticem?

432 2077 591 2131 Pauli
619 2094 741 2149 erga
769 2077 1025 2133 Christum
1053 2094 1196 2132 amor
1227 2080 1375 2133 caelos
1403 2095 1573 2133 omnes
1609 2080 1936 2134 transcendit.

353 2200 428 2214 σ-
453 2170 531 2225 Ne
573 2170 702 2225 mibi
747 2185 1141 2227 commemores
1185 2171 1447 2225 montium
1490 2172 1789 2239 cacumina,
1832 2187 1937 2228 non

353 2264 542 2330 saltus,
588 2277 694 2317 non
732 2263 918 2328 valles,
963 2278 1069 2317 non
1107 2262 1447 2327 solitudinem
1493 2262 1718 2329 inviam;
1766 2278 1941 2333 neque

354 2357 499 2412 enim
532 2356 645 2411 haec
686 2357 799 2410 sola
829 2356 959 2410 satis
992 2364 1116 2410 sunt
1153 2355 1218 2410 ad
1244 2356 1437 2410 animae
1476 2355 1761 2411 tumultum
1787 2355 1936 2409 aufes

361 2448 608 2513 tendum,
639 2448 734 2505 sed
773 2448 857 2502 illa
889 2462 1026 2516 Opus
1055 2455 1137 2502 est
1169 2447 1403 2511 ﬂannna,
1434 2462 1590 2517 quam
1618 2447 1859 2502 Christus
1885 2448 1936 2501 in

361 2541 512 2595 Pauli
542 2541 717 2595 anima
739 2540 1002 2603 incendit;
1040 2539 1226 2595 beatus
1254 2547 1431 2593 autem
1462 2538 1549 2593 ille
1579 2553 1674 2607 per
1693 2539 1939 2607 spiritua-

356 2631 463 2686 lem
499 2632 633 2685 hanc
659 2631 1033 2700 cogitationem
1062 2630 1229 2698 ipsam
1251 2628 1400 2696 fovit,
1419 2637 1473 2684 et
1486 2628 1554 2683 ad
1586 2637 1783 2682 tantam
1809 2628 1938 2683 sub-

357 2722 638 2776 limitatem
682 2721 908 2785 extulit,
965 2728 1023 2775 ut
1063 2735 1184 2774 cum
1230 2734 1260 2773 a
1309 2728 1449 2774 terra
1502 2719 1829 2788 incepisset,
1873 2718 1941 2772 ad

362 2813 536 2883 ipsum
560 2814 745 2869 cadum
778 2811 1072 2882 pertigerit,
1104 2812 1210 2867 imo
1250 2819 1304 2866 et
1340 2813 1406 2865 ad
1434 2813 1620 2866 cadum
1667 2812 1758 2866 illo
1784 2826 1941 2880 supe-

357 2907 496 2971 rius,
523 2914 577 2961 et
606 2906 671 2960 ad
703 2905 844 2959 aliud
878 2906 1069 2959 iterum
1101 2921 1114 2957 :
1145 2905 1257 2972 ipse
1284 2918 1513 2973 namque
1543 2918 1710 2974 usque
1735 2902 1801 2956 ad
1832 2910 1940 2956 ter-

360 3000 490 3054 tium
527 2998 715 3053 cailum
758 3007 941 3066 raptus
977 3004 1059 3051 est
1096 3012 1108 3048 :
1142 3011 1293 3050 amor
1334 3004 1514 3049 autem
1555 2994 1673 3065 ejus
1716 3002 1771 3048 et
1814 3008 1942 3063 erga

357 3090 629 3145 Christum
671 3089 884 3143 dilectio
915 3104 1019 3141 non
1063 3095 1171 3142 tres
1208 3086 1405 3150 solum,
1436 3085 1528 3139 sed
1559 3100 1745 3138 omnes
1781 3085 1940 3138 etiam

356 3182 523 3236 caelos
548 3179 893 3235 transcendit.
914 3177 1044 3233 Nam
1067 3193 1292 3247 corpore
1319 3176 1528 3246 quidem
1558 3175 1778 3244 pusillus
1802 3184 1940 3243 erat,

359 3274 599 3342 nihilque
627 3272 857 3341 amplius
895 3287 1053 3341 quam
1092 3286 1189 3324 nos
1219 3272 1268 3323 in
1310 3270 1409 3322 hac
1445 3284 1505 3322 re
1532 3267 1715 3320 habuit
1743 3284 1756 3318 :
1789 3267 1946 3335 spiri-

358 3364 491 3420 tnali
533 3373 711 3417 autem
760 3361 952 3416 affectu
1005 3374 1194 3415 omnes
1242 3360 1333 3429 qui
1387 3359 1439 3411 in
1484 3368 1623 3411 terra
1666 3366 1946 3411 versantur

361 3454 608 3510 homines
638 3453 798 3524 longo
830 3451 1110 3507 intervallo
1140 3450 1427 3519 superavit.
1462 3449 1643 3518 Neque
1670 3449 1869 3502 errabit
1900 3450 1944 3502 si

336 3540 484 3616 lquis
528 3552 771 3601 sanctum
804 3544 950 3598 illum
978 3544 1120 3598 circa
1159 3557 1271 3596 rem
1301 3541 1439 3595 hanc
1468 3541 1694 3610 imagine
1720 3542 1809 3594 tali
1850 3556 1946 3595 ex-

360 3638 563 3708 primat
604 3656 618 3693 :
659 3635 1105 3707 quemadmodum
1152 3634 1196 3688 si
1243 3631 1456 3687 ﬂamma
1497 3632 1741 3702 quaedam
1782 3640 1946 3686 totam

362 3739 523 3784 terra:
541 3727 873 3799 superﬁciem
901 3739 1188 3796 occupans,
1211 3733 1262 3780 et
1290 3725 1341 3778 in
1364 3724 1527 3777 altum
1553 3723 1688 3777 elata
1716 3722 1949 3792 undique

364 3821 638 3876 ctelestem
668 3818 906 3888 apsidem
948 3823 1250 3887 praetereat,
1297 3824 1353 3871 et
1395 3830 1573 3869 aerem
1606 3810 1773 3883 supra
1804 3813 1949 3868 illam

370 3914 605 3983 positum
635 3910 954 3980 pervadens,
985 3909 1098 3964 sive
1126 3923 1220 3963 aer
1246 3907 1336 3962 ille
1361 3907 1459 3973 sit,
1492 3907 1605 3961 sive
1633 3904 1775 3960 aliud
1795 3905 1950 3975 quid-

364 4006 520 4070 libet,
577 4003 948 4058 intermedium
989 4001 1217 4056 duorum
1254 3998 1670 4067 etclornmJgne
1710 3996 1945 4065 repleat;

363 4112 542 4166 neque
566 4096 654 4150 hic
671 4109 886 4149 cursum
908 4094 1081 4157 sistat,
1103 4091 1197 4146 sed
1222 4090 1287 4145 ad
1314 4090 1526 4145 tertium
1549 4090 1709 4144 etiam
1731 4096 1951 4158 repente

365 4194 678 4251 transmeet,
712 4183 996 4253 omniaque
1025 4197 1187 4237 unum
1218 4195 1408 4249 rogum
1442 4178 1659 4245 efﬁciat,
1690 4185 1847 4231 tantae
1873 4177 1951 4230 la-

366 4266 611 4332 titudinis
639 4283 889 4345 quantam
918 4271 1079 4327 habet
1107 4271 1354 4327 universa
1384 4277 1546 4333 terra,
1578 4275 1736 4322 tanta:
1767 4266 1950 4321 altitu-

366 4369 532 4436 dinis,
562 4375 818 4438 quantum
847 4365 1005 4435 spatii
1029 4379 1059 4418 a
1085 4362 1242 4418 tertio
1271 4361 1405 4416 caelo
1433 4359 1500 4414 ad
1528 4374 1628 4414 nos
1649 4372 1817 4427 usque
1844 4364 1948 4411 est.

366 4460 448 4518 Ne
470 4462 549 4516 sic
570 4460 787 4531 quidem
817 4467 944 4530 puto
968 4458 1056 4513 vel
1093 4464 1298 4527 partem
1337 4450 1717 4523 aliquantulam
1753 4449 1952 4504 amoris

368 4553 487 4623 ejus
525 4568 612 4607 me
649 4552 1000 4621 expressisse.
1030 4547 1181 4615 Quod
1209 4556 1386 4602 autem
1428 4544 1546 4599 haec
1584 4558 1689 4598 non
1715 4542 1825 4597 sint
1859 4554 1955 4611 per

370 4644 700 4718 hyperbolen
729 4644 892 4711 dicta,
924 4643 1108 4697 videre
1147 4641 1344 4711 poterit
1370 4637 1612 4709 quisquis
1646 4651 1707 4691 ea
1739 4634 1949 4705 legerit,

370 4754 490 4809 qum
532 4737 599 4792 ad
657 4737 984 4792 Demetrium
1034 4735 1220 4791 eadem
1271 4733 1339 4788 de
1384 4747 1444 4788 re
1490 4730 1821 4801 scripsimus.
1868 4728 1957 4784 Sic

370 4838 584 4901 oportet
607 4827 878 4883 Christum
906 4839 1108 4891 amare,
1140 4826 1219 4880 sic
1245 4839 1275 4879 a
1301 4824 1463 4879 rebus
1488 4822 1837 4893 praesentibus
1862 4820 1955 4875 ab-

371 4923 583 4976 sistere.
618 4920 773 4975 Tales
797 4926 950 4973 erant
976 4924 1281 4971 sanctorum
1312 4914 1693 4984 prophetarum
1720 4912 1917 4966 anima:
1937 4951 1954 4977 ,

372 5015 601 5083 ideoque
621 5013 753 5067 alios
772 5017 1093 5080 acceperunt
1114 5008 1319 5063 oculos.
1344 5006 1486 5061 Sane
1504 5005 1645 5076 quod
1668 5006 1741 5058 illi
1766 5019 1796 5057 a
1816 5020 1957 5074 pra:-

371 5104 614 5160 sentibns
654 5118 716 5158 se
746 5108 1109 5172 segregarem,
1150 5097 1203 5152 id
1245 5098 1453 5151 illorum
1498 5096 1785 5165 diligentiae
1823 5109 1958 5164 opus

371 5205 490 5252 erat
518 5212 532 5249 :
559 5194 701 5266 quod
726 5207 857 5248 vero
885 5199 1069 5261 postea
1091 5188 1182 5243 alii
1223 5188 1324 5242 sibi
1354 5186 1689 5255 aperirentur
1726 5184 1792 5239 ad
1821 5183 1962 5237 futu-

371 5304 557 5345 rorum
602 5284 1106 5355 contemplationem
1141 5281 1308 5348 oeuli,
1350 5278 1477 5334 illud
1514 5278 1727 5333 demum
1760 5276 1959 5331 divina:

375 5381 564 5453 gratiae
587 5386 723 5434 erat.
752 5376 897 5432 Talis
934 5382 1051 5429 erat
1077 5372 1323 5436 Elismus,
1351 5368 1442 5445 qui
1471 5376 1750 5438 postquam
1779 5365 1959 5421 omnia

373 5471 656 5529 saecularia
690 5469 953 5539 despexit,
985 5466 1136 5536 regni
1172 5464 1403 5520 caelestis
1432 5474 1617 5516 amore
1640 5468 1825 5529 captus
1852 5465 1957 5522 est,

380 5563 775 5635 prmsentiaqne
799 5558 978 5614 omnia
1016 5556 1240 5627 respuit,
1272 5568 1499 5625 regnum
1522 5565 1734 5621 nempe,
1768 5558 1958 5620 poten-

377 5666 530 5721 tiam,
568 5653 793 5724 gloriam
838 5660 893 5705 et
932 5653 1189 5705 honorem
1234 5648 1301 5703 ab
1339 5645 1588 5701 omnibus
1627 5642 1955 5706 exhibitum;

376 5746 513 5804 vidit
543 5760 605 5802 ea
631 5761 748 5818 quae
778 5743 950 5799 nullus
978 5756 1228 5814 nunquam
1266 5739 1504 5807 viderat,
1549 5744 1783 5792 montem
1814 5742 1958 5789 Inte-

1246 331 1333 386 DE
1370 318 1913 403 COMPUNCTIONE,
1954 334 2045 391 AD
2078 333 2534 391 STELECHIUM.
2574 334 2702 390 LIB.
2742 333 2806 388 ιι.

3516 334 3617 389 Ui

2047 459 2223 514 grnm,
2253 458 2505 513 equorum
2538 445 2836 515 ignem-um.
2867 458 3117 499 curruum
3141 485 3155 508 ,
3188 444 3516 513 militumque
3543 447 3611 500 si-

2043 533 2245 589 milium
2269 534 2504 589 exercitu
2529 543 2794 603 opertum.
2817 533 2948 589 Nam
2970 534 3059 604 qui
3086 535 3367 604 praesentia
3387 533 3613 590 admira-

2045 634 2163 692 tur,
2220 624 2517 679 futurornm
2571 626 3017 694 contemplatione
3078 640 3365 694 numquam
3427 626 3616 695 dignus

2045 716 2323 771 habebitur
2352 733 2366 770 :
2398 716 2487 786 qui
2518 724 2693 770 autem
2726 718 2810 769 illa
2841 716 3087 786 deSpieit,
3118 725 3174 771 et
3200 717 3367 771 nihilo
3392 718 3615 772 meliora

2044 816 2194 876 putat
2231 806 2417 861 umbra
2459 816 2513 860 et
2551 807 2785 873 somnio,
2820 807 2928 861 cito
2966 822 3154 877 magna
3199 807 3286 862 illa
3325 808 3617 877 spiritualia

2043 908 2415 967 consequetur.
2438 898 2875 969 Quandoquidem
2902 910 2955 953 et
2980 913 3078 953 nos
3101 885 3310 954 divitias
3335 901 3462 955 viris
3486 915 3615 956 con-

2041 996 2289 1058 gruentes
2310 989 2428 1043 ﬁliis
2443 991 2640 1044 nostris
2666 988 2998 1055 exhibemus,
3022 1004 3142 1044 cum
3163 990 3280 1044 illos
3307 990 3452 1045 viros
3471 1005 3615 1057 esse,

2042 1086 2097 1133 et
2122 1079 2343 1147 puerilia
2372 1080 2548 1133 omnia
2579 1079 2854 1148 despicere
2880 1078 3124 1133 videmus
3150 1096 3165 1134 :
3195 1079 3444 1148 quamdiu
3473 1082 3616 1134 enim

2044 1169 2132 1223 illa
2173 1170 2455 1234 mirantur,
2500 1169 2581 1223 his
2623 1171 2742 1224 illos
2777 1170 3021 1240 indignos
3059 1169 3396 1224 arbitramur.
3425 1172 3616 1225 Anima

2042 1259 2236 1329 quippe
2265 1273 2383 1329 qua:
2412 1274 2571 1329 parva
2593 1267 2650 1313 et
2676 1259 2951 1315 smcularia
2976 1258 3254 1328 despicere
3279 1273 3382 1312 non
3410 1257 3613 1322 didicit,

2040 1350 2275 1405 caelestia
2320 1350 2500 1404 mirari
2548 1365 2655 1404 non
2702 1349 2927 1419 poterit;
2979 1350 3200 1420 parique
3239 1348 3399 1403 modo
3441 1348 3485 1402 si
3527 1348 3615 1402 illa

2040 1442 2284 1507 miretur,
2315 1456 2420 1497 non
2443 1441 2634 1511 poterit
2662 1440 2778 1496 haec
2804 1456 2911 1495 non
2942 1440 3185 1496 irridere.
3217 1440 3329 1494 Hoc
3355 1448 3411 1495 et
3434 1439 3617 1494 beatus

2041 1532 2238 1589 Paulus
2276 1533 2487 1588 dicebat
2534 1552 2549 1588 :
2584 1548 2903 1603 quamquam
2945 1533 3090 1587 enim
3135 1531 3333 1587 dictum
3378 1532 3507 1586 illud
3550 1532 3619 1587 de

2041 1622 2380 1693 dogmatibus
2423 1623 2683 1692 prolatum
2714 1632 2819 1689 est,
2856 1631 3156 1691 opportune
3194 1631 3368 1677 mitten
3405 1623 3472 1677 de
3498 1637 3617 1676 mos

2041 1713 2190 1768 ribus
2215 1713 2356 1783 etde
2380 1713 2534 1767 donis
2556 1713 2764 1767 dicatur
2791 1729 2805 1766 :
2830 1712 3078 1766 Animalia
3106 1711 3255 1765 homo
3279 1728 3381 1766 non
3408 1713 3620 1782 percipit

2039 1821 2100 1859 ea
2119 1819 2231 1871 quae
2256 1814 2369 1857 sunt
2391 1803 2613 1873 Spiritus
2636 1803 2733 1857 Dei
2754 1804 2827 1876 (l.
2860 1803 2978 1859 Cor.
3008 1803 3064 1857 Ξ.
3095 1802 3206 1873 14).
3685 1796 3691 1803 ’

2111 1896 2164 1951 5.
2195 1894 2363 1948 David
2406 1895 2659 1950 Christum
2702 1896 2933 1950 ardenter
2973 1896 3192 1948 amabat.
3219 1925 3292 1935 —
3322 1894 3393 1950 Ut
3435 1896 3613 1966 itaque

2041 1985 2304 2051 dicebam,
2349 1985 2760 2040 sollicitudinem
2802 1985 3172 2054 requiramus,
3220 2000 3328 2039 non
3376 1985 3615 2040 locorum

2043 2087 2269 2141 tantum,
2300 2077 2393 2131 sed
2433 2078 2592 2131 etiam
2621 2076 2877 2145 propositi
2911 2092 2924 2128 :
2956 2084 3116 2145 atque
3142 2084 3265 2130 ante
3291 2077 3468 2129 omnia
3500 2077 3619 2130 ani—

2042 2182 2184 2221 mam
2209 2165 2466 2220 ducamus
2493 2166 2544 2219 in
2577 2165 2748 2235 ipsam
2779 2180 2884 2219 non
2912 2164 3202 2219 babitatam
3233 2173 3455 2220 terram.
3484 2168 3619 2222 Cum

2042 2257 2134 2311 tali
2156 2272 2385 2326 namque
2413 2256 2575 2310 animi
2605 2255 2797 2311 aﬂ'ectu
2824 2256 3011 2311 beatus
3037 2255 3223 2322 David,
3252 2257 3438 2312 urbem
3473 2257 3621 2312 ineo-

2043 2345 2157 2400 lens
2180 2354 2236 2400 et
2261 2361 2480 2415 regnum
2509 2345 2886 2400 administrans
2915 2345 3241 2415 inﬁnitisque
3264 2346 3620 2402 circumdatus

2042 2438 2205 2504 curis,
2231 2438 2502 2491 ardentius
2521 2453 2678 2506 quam
2702 2438 2758 2503 ii,
2786 2437 2875 2507 qui
2902 2437 3241 2492 solitudinem
3268 2447 3618 2507 occuparunt,

2043 2529 2210 2582 amori
2242 2527 2438 2582 Christi
2478 2528 2803 2583 adhaerebat.
2849 2528 3139 2601 Laerymas
3167 2531 3310 2585 enim
3340 2530 3458 2585 illas
3477 2571 3492 2595 ,
3522 2547 3619 2601 ge-

2043 2618 2240 2683 mitus,
2300 2628 2350 2673 et
2402 2618 2559 2673 ﬂetus
2611 2620 2699 2674 die
2748 2628 3010 2690 nocteque
3059 2620 3277 2688 eﬂ‘usos,
3324 2622 3413 2676 vix
3454 2638 3617 2677 unum

2044 2709 2245 2765 duosve
2271 2725 2478 2777 eorum,
2510 2711 2600 2780 qui
2631 2724 2771 2765 nunc
2794 2711 3033 2765 cruciﬁxi
3062 2721 3219 2778 sunt,
3248 2710 3505 2766 exhibere
3533 2712 3619 2766 vi-

2044 2801 2284 2866 deamus,
2313 2802 2358 2855 si
2401 2812 2576 2857 tamen
2607 2803 2867 2872 quispiam
2909 2804 3223 2873 reperiatur.
3254 2804 3436 2873 Neque
3476 2806 3617 2860 enim

2045 2894 2205 2949 ﬂetus
2231 2904 2432 2948 tantum
2463 2895 2838 2950 considerandi
2865 2904 3008 2960 sunt,
3042 2896 3135 2951 sed
3164 2897 3283 2967 quis
3310 2898 3431 2952 illos
3458 2898 3620 2955 emit-

2046 2993 2182 3040 teret
2205 2984 2487 3055 diligenter
2526 2987 2931 3055 perspiciamus.
2962 2987 3078 3042 Non
3111 2988 3249 3043 idem
3281 2997 3363 3043 est
3392 2989 3444 3043 in
3475 2998 3620 3048 tanta

2046 3074 2300 3144 dignitate
2324 3076 2576 3143 positum,
2600 3077 2667 3131 ab
2692 3076 2938 3131 omnibus
2966 3077 3152 3131 honori
3181 3080 3439 3147 habitum,
3463 3095 3622 3151 quem

2045 3181 2206 3222 nemo
2248 3167 2522 3235 increpare
2566 3175 2764 3235 posset,
2815 3166 3103 3231 humiliari,
3152 3168 3422 3222 incurvari
3461 3184 3626 3240 seque

2047 3260 2219 3329 ipsum
2251 3273 2542 3323 macerare,
2572 3266 2731 3327 atque
2767 3257 2870 3311 hoc
2911 3257 3084 3325 ipsum
3125 3257 3302 3313 facere
3342 3259 3509 3322 illum,
3537 3259 3623 3314 cui

2047 3351 2177 3406 nihil
2219 3351 2407 3404 horum
2450 3358 2735 3418 competat.
2777 3347 3051 3418 Siquidem
3098 3349 3263 3404 multa
3302 3365 3395 3404 rex
3441 3349 3623 3413 habet.

2048 3460 2165 3514 qua:
2198 3444 2368 3512 ipsum
2406 3442 2472 3497 ad
2515 3457 2633 3497 sese
2668 3442 3043 3497 eﬂ‘undendum
3086 3442 3371 3509 adducant,
3399 3457 3625 3512 qumque

2048 3534 2343 3603 impediant
2369 3533 2653 3602 quominus
2696 3533 2924 3586 animam
2964 3533 3179 3602 colligat
3207 3547 3378 3587 suam.
3414 3532 3627 3587 Diurnis

2051 3640 2281 3694 namque
2307 3623 2512 3677 deliciis
2542 3631 2596 3677 et
2623 3623 2882 3677 conviviis
2905 3622 3241 3689 dissolvitur,
3265 3637 3329 3677 ac
3355 3623 3531 3677 mullis
3555 3621 3627 3677 εἴη

2052 3714 2247 3778 ﬁcitur,
2282 3714 2496 3768 inﬂatur
2522 3714 2758 3783 potentia
2787 3728 2884 3768 sua
2917 3721 2973 3768 et
3000 3714 3052 3768 in
3080 3705 3440 3783 arrogantiam
3468 3712 3627 3769 effer-

2053 3812 2139 3859 tur
2167 3821 2180 3857 :
2215 3804 2360 3858 illum
2383 3803 2568 3874 gloria:
2596 3820 2746 3859 amor
2775 3804 2899 3868 urit,
2946 3818 3047 3859 nec
3095 3804 3271 3859 minus
3315 3818 3626 3873 corporum,

2053 3896 2287 3966 potentia
2332 3897 2562 3965 genitus,
2592 3903 2646 3950 et
2672 3895 2902 3949 nutritus
2937 3893 3165 3951 deliciis.
3197 3893 3277 3949 Ad
3310 3893 3426 3949 haec
3469 3901 3627 3948 cura-

2052 4004 2169 4042 rum
2201 3987 2440 4043 turbines
2477 3987 2650 4055 ipsum
2681 3985 2912 4056 undique
2949 3985 3263 4041 invadentes
3299 4000 3404 4039 non
3431 3985 3629 4051 minus,

2052 4093 2211 4149 quam
2256 4078 2332 4132 illi
2374 4078 2464 4131 alii
2504 4076 2748 4141 aﬂ‘eetus,
2794 4077 2959 4145 ipsius
2999 4077 3234 4131 animum
3277 4076 3629 4145 perturbant:

2053 4184 2219 4239 quare
2244 4184 2312 4223 ne
2340 4167 2620 4221 minimum
2645 4165 2858 4233 quidem
2886 4167 3225 4236 eompunetio
3254 4167 3452 4220 aditum
3478 4167 3631 4220 inve-

2055 4260 2172 4316 nire
2199 4258 2393 4328 poterit
2421 4265 2497 4311 tot
2525 4255 2907 4311 munitionibus
2936 4253 3149 4324 repulsa
3175 4272 3188 4308 :
3221 4269 3365 4324 agre
3400 4269 3633 4324 namque

2053 4351 2135 4408 vel
2178 4352 2229 4404 in
2269 4349 2445 4403 anima
2481 4346 2565 4404 his
2602 4346 2843 4401 obicibus
2886 4345 3051 4400 libera
3093 4344 3197 4400 hoc
3231 4345 3427 4401 bonum
3469 4344 3633 4399 inseri

2056 4450 2252 4513 potest.
2301 4440 2547 4494 Privatus
2591 4446 2771 4493 autem
2814 4436 2974 4491 homo
3025 4434 3325 4504 hujusmodi
3375 4434 3634 4489 tumultus

2058 4545 2249 4603 expers
2288 4531 2507 4585 omnino
2554 4537 2657 4594 est,
2709 4528 2813 4583 nisi
2863 4527 2932 4582 sit
2979 4524 3265 4580 admodum
3316 4538 3631 4594 perversos;

2057 4624 2403 4698 quamobrem
2431 4637 2551 4677 eum
2577 4620 2768 4678 minori
2798 4618 3108 4675 difﬁcultate
3135 4618 3331 4686 poterit
3356 4616 3491 4670 hanc
3520 4630 3633 4671 rem

2059 4719 2235 4786 adire,
2269 4731 2429 4788 quam
2462 4717 2507 4770 is
2537 4715 2626 4785 qui
2658 4714 2711 4769 in
2753 4714 3010 4784 potentia,
3041 4711 3267 4780 imperio
3291 4718 3342 4766 et
3369 4708 3516 4765 cultu
3545 4706 3637 4761 tali

2058 4810 2225 4881 degit.
2256 4810 2335 4865 Ac
2360 4804 2805 4877 quemadmodum
2835 4801 3073 4868 difﬁcile,
3104 4802 3214 4856 imo
3234 4798 3414 4870 potius
3439 4799 3636 4868 impos-

2059 4904 2216 4959 sibile
2244 4909 2326 4957 est
2354 4901 2528 4970 ignem
2551 4912 2674 4952 cum
2701 4909 2836 4965 aqua
2872 4893 3120 4971 miscere,
3153 4892 3224 4946 ita
3255 4905 3361 4947 non
3389 4899 3517 4958 puto
3545 4886 3637 4944 de-

2060 4995 2210 5052 licias
2235 5001 2290 5048 et
2315 4988 2779 5061 compunctlonem
2807 4984 2965 5039 simul
2991 4999 3111 5039 esse
3140 4996 3298 5052 posse
3327 4999 3340 5034 :
3370 4990 3493 5034 nam
3521 4978 3638 5035 haec

2065 5084 2329 5145 contraria
2372 5091 2516 5148 sunt,
2559 5090 2611 5135 et
2659 5093 2819 5133 unum
2863 5078 2931 5132 ab
2976 5075 3143 5133 altero
3186 5071 3500 5127 destruitur.
3543 5070 3636 5124 illa

2063 5180 2205 5234 enim
2250 5186 2421 5230 mater
2469 5181 2552 5228 est
2590 5172 2941 5241 laerymarum
2997 5175 3050 5221 et
3094 5161 3484 5233 temperantiae,
3524 5161 3640 5216 haec

2062 5271 2203 5326 risus
2229 5278 2284 5323 et
2321 5266 2581 5323 insanitas
2614 5264 2701 5319 illa
2722 5263 2894 5317 levem
2923 5269 2977 5316 et
3002 5258 3100 5314 alis
3129 5257 3440 5313 instructam
3476 5250 3643 5307 efﬁcit

2064 5363 2317 5428 animam,
2345 5360 2429 5415 ha:
2455 5372 2583 5415 vero
2617 5354 2839 5428 plumbo
2867 5351 3164 5422 graviorem
3191 5346 3539 5405 constituunt.
3570 5344 3642 5398 At

2062 5453 2300 5520 nondum
2329 5450 2381 5506 id
2407 5448 2548 5520 quod
2573 5446 2747 5517 majus
2772 5452 2857 5500 est
2883 5442 3011 5507 dixi,
3042 5437 3292 5495 Davidem
3317 5434 3521 5491 scilicet
3542 5433 3638 5489 illo

2065 5554 2307 5614 tempore
2334 5541 2552 5606 vixisse,
2581 5553 2687 5609 quo
2713 5550 2819 5591 non
2845 5542 2985 5589 tanta
3013 5527 3381 5601 postulabatur
3404 5525 3527 5580 vitae
3551 5525 3639 5580 di-

2065 5634 2318 5707 ligentia;
2350 5649 2449 5689 nos
2482 5639 2657 5686 autem
2687 5641 2829 5683 nunc
2867 5625 2920 5679 in
2947 5631 3219 5679 certamen
3244 5616 3642 5680 descendimus,

2070 5745 2191 5787 cum
2231 5744 2338 5785 non
2384 5726 2487 5782 alia
2529 5720 2688 5779 modo
2714 5717 2926 5784 delicta,
2969 5714 3062 5771 sed
3107 5714 3221 5785 ipse
3261 5710 3401 5769 risus
3437 5707 3645 5775 magnis
