4032 6404
524 309 624 363 415

522 420 787 474 obnoxius
835 426 916 472 est
958 417 1158 486 pugnis,
1203 416 1296 470 sed
1339 417 1512 472 luctus
1545 423 1600 472 et
1633 414 1848 470 afﬂictio
1893 414 2089 484 ubique

521 507 783 564 laudatur.
825 507 1072 560 Attamen
1123 506 1308 561 beatus
1354 507 1443 561 ille
1487 507 1569 561 his
1616 505 1864 560 omnibus
1909 505 2090 559 fractis

519 596 778 660 obicibus,
810 595 887 649 sic
911 595 1053 648 illam
1081 594 1290 650 fortiter
1316 597 1567 666 suscepit,
1596 596 1749 666 quasi
1777 611 1912 650 unus
1942 604 2090 651 esset

518 703 582 739 ex
605 685 973 749 multitudine,
1009 700 1071 738 ac
1099 700 1167 739 ne
1206 701 1300 755 per
1325 687 1590 740 somnium
1623 685 1835 756 quidem
1867 700 2088 756 regnum

518 777 782 845 regiamve
837 765 1284 844 magniﬁcentiam
1337 777 1556 832 vidisset
1607 795 1621 831 :
1674 786 1983 848 tantamque
2033 777 2087 830 in

518 881 778 936 purpura,
808 866 859 920 in
891 866 1187 922 diademate
1216 876 1268 921 et
1305 867 1356 920 in
1386 867 1532 936 regio
1554 867 1689 921 solio
1713 867 2086 936 compunctio-

519 973 637 1009 nem
669 956 936 1022 exhibuit,
967 965 1218 1026 quantam
1246 957 1290 1010 is
1318 960 1407 1026 qui
1436 957 1488 1010 in
1514 971 1691 1023 sacco,
1725 956 1778 1011 in
1806 956 2006 1023 cinere,
2036 965 2092 1012 et

518 1047 567 1097 in
601 1045 887 1100 solitudine
926 1044 1094 1100 sedet.
1137 1046 1370 1102 Atenim
1393 1045 1479 1116 iis,
1512 1045 1704 1114 quibus
1747 1045 1849 1100 hoc
1889 1045 2087 1099 bonum

516 1152 644 1192 vere
683 1138 1074 1208 supervenerit,
1108 1145 1309 1192 tantum
1355 1138 1520 1192 robur
1556 1138 1800 1203 exhibet,
1832 1146 2086 1206 quantum

514 1229 650 1297 ignis
696 1229 749 1282 in
792 1229 981 1297 spinis.
1037 1229 1148 1283 lloc
1191 1230 1432 1298 quamvis
1480 1227 1750 1284 hominem
1796 1229 2089 1284 innumeris

516 1317 856 1386 prtel‘oeatum
899 1319 1053 1373 malis
1081 1320 1330 1389 reperiat,
1357 1321 1599 1390 quamvis
1631 1319 1813 1376 multis
1842 1327 2086 1391 peccato-

518 1426 634 1463 rum
695 1411 940 1465 funiculis
992 1412 1372 1476 constrictum,
1428 1413 1670 1482 quamvis
1718 1413 2086 1467 vehementem

513 1501 748 1555 otl'endat
774 1503 1324 1571 eoncupiseentiarutn
1351 1501 1640 1570 ﬂammam,
1669 1505 1910 1573 quamvis
1947 1504 2086 1559 mul-

515 1603 623 1647 tum
646 1594 1075 1650 circumstantem
1097 1596 1426 1650 srecularium
1449 1611 1626 1650 rerum
1651 1597 1952 1661 tumultum,
1975 1597 2088 1652 haec

512 1682 690 1736 omnia
717 1682 892 1736 subito
921 1697 1017 1738 ceu
1043 1683 1273 1753 quodam
1308 1683 1517 1754 ﬂagello
1545 1685 1782 1756 depellit,
1823 1695 1877 1740 et
1901 1686 2086 1756 procul

440 1768 450 1776 ’
511 1773 672 1841 abigit
701 1773 767 1827 ab
795 1774 990 1828 anima.
1019 1775 1098 1829 Ac
1125 1774 1569 1844 quemadmodum
1591 1787 1776 1831 contra
1803 1777 2086 1840 vimJ-enti

511 1862 840 1918 vehementis
869 1881 1151 1934 numquam
1177 1867 1349 1920 tenuis
1374 1867 1544 1935 pulvis
1566 1867 1792 1934 steterit,
1821 1868 1890 1921 ita
1914 1882 2086 1936 neque

511 1953 1059 2022 concupiscentiarum
1082 1954 1814 2025 multitudo-compunctionis
1836 1957 2086 2026 ingruen-

511 2051 617 2096 tem
645 2045 748 2096 vim
775 2044 1037 2099 sustinere
1065 2045 1281 2114 poterit,
1310 2046 1404 2100 sed
1432 2047 1519 2100 illa
1549 2047 1860 2114 destruitur,
1891 2048 2084 2118 pulve-

512 2147 676 2201 reqne
712 2147 776 2187 ac
818 2132 964 2188 fumo
1004 2133 1161 2188 citius
1205 2135 1511 2204 dissipatur.
1544 2136 1674 2191 Nam
1717 2139 1762 2192 si
1800 2153 2085 2209 corporum

510 2239 663 2278 amor
707 2225 938 2277 animam
983 2225 1054 2278 ita
1099 2227 1359 2295 captivam
1404 2227 1588 2290 efﬁcit.
1634 2239 1692 2284 ut
1730 2231 1798 2285 ab
1839 2232 2085 2289 omnibus

510 2313 652 2367 illam
684 2313 930 2381 abducat,
950 2307 1144 2384 unique
1171 2316 1356 2370 amicae
1376 2319 1639 2388 tyrannidi
1668 2320 1934 2388 subjiciat,
1959 2321 2085 2391 quid

511 2417 616 2456 non
647 2402 846 2458 efﬁciat
868 2419 1018 2459 atnor
1049 2405 1268 2471 Christi,
1299 2417 1576 2479 metusque
1601 2425 1668 2464 ne
1699 2411 1788 2465 ille
1813 2412 2028 2466 secedat
2053 2428 2082 2468 a

509 2492 706 2546 nobis?
731 2493 881 2561 Quod
908 2503 1195 2565 utrumque
1230 2497 1302 2552 ita
1338 2499 1614 2568 prepheta:
1643 2501 1879 2556 animum
1912 2505 2082 2573 agita-

509 2583 616 2648 bat,
662 2593 719 2637 ut
756 2584 1042 2654 aliquando
1079 2587 1281 2642 diceret
1311 2607 1325 2641 :
1359 2588 1796 2655 Quemadmodum
1832 2593 2085 2648 desiderat

508 2691 679 2729 cervus
703 2675 772 2729 ad
807 2679 970 2746 fontes
995 2694 1266 2748 aquarum,
1292 2681 1364 2732 ita
1390 2680 1645 2734 desiderat
1674 2683 1846 2736 anima
1883 2701 1992 2738 mea
2015 2687 2084 2739 ad

509 2777 574 2835 te,
621 2769 756 2824 Deus
783 2769 951 2840 (Psal.
977 2773 1066 2826 41.
1113 2773 1204 2843 1);
1249 2787 1312 2827 ac
1353 2789 1557 2839 rursus,
1591 2776 1773 2829 Anima
1808 2793 1920 2830 mea
1953 2779 2082 2831 sicut

509 2868 640 2912 terra
664 2861 771 2912 sine
808 2876 940 2930 aqua
966 2861 1091 2925 tibi;
1120 2870 1194 2926 et,
1239 2863 1466 2917 Adhtesit
1503 2865 1672 2918 anima
1698 2883 1809 2920 mea
1846 2877 1958 2938 post
1998 2878 2082 2933 te;

507 2950 792 3020 aliquando
815 2962 1012 3019 autem,
1044 2953 1280 3022 Domine,
1307 2971 1369 3009 ne
1398 2957 1449 3010 in
1471 2961 1644 3029 furore
1669 2968 1754 3013 tuo
1775 2977 1959 3032 arguas
1981 2977 2078 3025 me,

508 3056 665 3110 neque
703 3042 756 3096 in
784 3043 861 3096 ira
901 3053 988 3098 tua
1022 3047 1267 3116 corripias
1293 3063 1373 3102 me
1400 3047 1569 3118 (Psat.
1603 3049 1724 3105 142.
1754 3050 1806 3106 6.
1837 3060 1883 3105 et
1907 3050 1995 3106 62.
2023 3051 2077 3109 9.

509 3143 555 3188 et
577 3133 629 3188 6.
657 3134 736 3206 2).

577 3245 630 3298 4.
672 3243 944 3315 Inscriptio
971 3250 1169 3318 psalmi,
1201 3251 1304 3306 Pro
1331 3262 1537 3321 octava,
1568 3256 1689 3326 quid
1711 3256 1980 3326 signiﬁcat.
2009 3287 2082 3300 -—

507 3333 617 3389 Nec
633 3335 760 3390 mihi
791 3339 1050 3408 quispiam
1082 3340 1409 3412 dieatipsum
1430 3387 1444 3410 ,
1471 3354 1527 3399 ut
1554 3357 1828 3416 peceatum
1872 3349 2079 3419 lugeret

502 3439 690 3492 suum,
715 3425 854 3480 hunc
877 3429 1154 3498 scripsisse
1175 3433 1455 3501 psalmum:
1475 3453 1645 3506 neque
1664 3438 1804 3492 enim
1831 3441 1958 3494 illud
1987 3456 2079 3496 ve-

502 3528 619 3567 rum
636 3524 736 3579 est,
772 3531 941 3585 neque
959 3518 1008 3570 id
1037 3522 1292 3588 suspicari
1323 3526 1732 3594 permittuntea,
1763 3544 1882 3597 quae
1910 3531 1961 3583 in
1991 3532 2075 3584 in-

501 3605 787 3674 scriptione
807 3616 1089 3676 ponuntur.
1106 3609 1215 3664 Nisi
1243 3612 1384 3666 enim
1401 3624 1580 3683 posset
1607 3631 1972 3687 argumentum
1997 3621 2075 3675 in-

501 3691 756 3765 scriptum
773 3699 1000 3764 OStendi,
1025 3699 1164 3755 hunc
1180 3703 1439 3771 psalmum
1459 3706 1643 3762 liceret
1669 3709 1742 3764 illi
1769 3711 1846 3766 rei
1871 3713 2072 3769 adscri-

501 3783 626 3840 bere
654 3787 770 3840 :sin
790 3803 916 3842 vero
945 3789 990 3843 is
1009 3791 1096 3858 qui
1128 3806 1223 3859 pro
1251 3803 1470 3862 peccato
1495 3795 1669 3852 dictus
1695 3808 1798 3867 est,
1828 3804 2073 3860 omnibus

498 3885 580 3930 est
606 3877 936 3942 manifestus,
957 3879 1041 3934 hic
1060 3889 1234 3936 autem
1255 3883 1413 3938 aliam
1438 3885 1600 3941 habet
1617 3889 1931 3960 hypothesin
1953 3912 1965 3948 :
1984 3911 2069 3961 ne,

497 3979 695 4033 qumso,
715 3981 782 4020 ne
801 3967 975 4022 divina
992 3967 1399 4042 confundamus,
1417 3991 1549 4031 neve
1561 3976 1930 4048 dogmatibusa
1953 3985 2074 4054 Spi-

493 4055 595 4108 ritu
614 4057 833 4124 prolatis
845 4061 1318 4117 accommodatiora
1337 4077 1457 4121 esse
1473 4074 1651 4122 nostra
1670 4071 1940 4127 ratiocinia
1958 4090 2072 4143 pro-

495 4148 814 4204 nuntiemus.
841 4150 1091 4216 Quaenam
1119 4153 1279 4224 igitur
1301 4165 1384 4211 est
1407 4159 1721 4230 inscriptio?
1743 4161 1849 4217 Pro
1893 4176 2068 4221 octava

493 4237 660 4302 (Psat.
685 4241 738 4296 6.
760 4240 834 4313 1).
852 4243 1103 4310 Quamam
1121 4262 1248 4303 vero
1268 4257 1572 4328 estoctava,
1590 4253 1690 4308 nisi
1711 4255 1824 4312 dies
1849 4258 1934 4313 illa
1962 4259 2068 4317 Do-

491 4331 822 4403 minimagna
839 4345 892 4390 et
921 4338 1224 4408 conspicua,
1257 4349 1316 4394 ut
1339 4342 1580 4398 clibanus
1594 4347 1942 4420 ardens,qu'.e
1972 4369 2064 4407 su-

489 4433 680 4488 pernas
700 4423 928 4480 Virtutes
954 4435 1180 4484 tremere
1201 4432 1322 4486 facit
1341 4431 1606 4503 (Virtutes,
1623 4436 1809 4507 inquit,
1827 4441 2064 4496 enatorum

489 4515 812 4568 movebuntur
859 4515 1069 4588 [Matt/1.
1105 4521 1196 4575 24.
1241 4521 1394 4594 29]),
1445 4541 1579 4594 qua:-
1617 4529 1792 4598 ignem
1846 4533 2061 4591 exhibet

486 4602 612 4671 Regi
652 4613 776 4658 tunc
806 4605 879 4660 illi
900 4614 1350 4675 pmcurrentem?
1374 4613 1623 4670 Octavam
1653 4629 1827 4675 autem
1856 4627 2063 4681 vocavit

485 4692 660 4758 illam,
689 4702 856 4748 status
885 4699 1226 4754 mutationem
1270 4702 1578 4772 declarans,
1612 4724 1818 4765 necnon
1864 4713 2058 4770 futurae

485 4785 603 4837 vita:
628 4788 1044 4842 renovationem.
1069 4791 1309 4848 Praesens
1333 4809 1561 4866 namque
1593 4801 1694 4853 vita
1743 4802 1873 4856 nihil
1914 4805 2056 4860 aliud

485 4883 566 4930 est
586 4917 600 4942 ,
631 4891 788 4946 quam
833 4877 1124 4953 hebdomas
1166 4899 1267 4938 una
1288 4926 1304 4952 ,
1331 4902 1449 4956 quae
1479 4889 1584 4944 vita
1615 4891 1798 4962 incipit
1826 4908 1855 4948 a
1888 4896 2054 4964 prima

479 4963 600 5034 die,
628 4967 820 5022 desinit
866 4969 918 5024 in
967 4973 1282 5041 septimam:
1313 4992 1377 5030 ac
1415 4995 1624 5036 rursum
1673 4983 1859 5039 iisdem
1886 4963 2052 5041 inter-

478 5057 631 5114 vallis
679 5060 961 5131 circumit,
991 5074 1046 5119 et
1069 5065 1135 5120 ad
1161 5067 1301 5123 idem
1349 5070 1662 5144 principium
1702 5080 1965 5147 recurrit,
1996 5089 2052 5136 et

474 5147 526 5203 in
574 5150 734 5207 ﬁnem
775 5154 1069 5212 descendit.
1092 5160 1269 5225 Quare
1296 5172 1534 5220 octavam
1556 5167 1698 5222 diem
1721 5185 1880 5226 nemo
1903 5172 2052 5228 dixe-

472 5244 541 5300 rit
566 5261 687 5304 esse
713 5248 1059 5318 Dominicam,
1087 5254 1183 5310 sed
1231 5257 1474 5326 primam.
1506 5259 1686 5332 Neque
1724 5264 1868 5319 enim
1914 5266 2048 5322 heb-

476 5332 718 5394 domadis
757 5340 987 5398 circulus
1020 5344 1072 5399 in
1116 5357 1359 5403 octavum
1399 5366 1678 5406 numerum
1719 5355 2044 5414 extenditur.

470 5421 608 5480 Cum
633 5438 810 5486 autem
837 5433 952 5490 haec
979 5439 1157 5492 omnia
1186 5440 1512 5495 cessaverint
1545 5453 1601 5496 et
1627 5445 1882 5502 dissoluta
1924 5447 2044 5504 fue-

472 5517 599 5586 rint,
646 5531 773 5578 tunc
811 5527 1064 5596 ogdoadis
1116 5545 1304 5586 cursus
1351 5534 1401 5587 in
1446 5536 1678 5590 medium
1727 5539 2007 5597 adducitur
2026 5561 2046 5604 :_

470 5620 643 5679 neque
678 5615 820 5668 enim
872 5633 1083 5674 rursum
1150 5623 1218 5677 ad
1271 5626 1586 5695 principium
1643 5633 1905 5699 recurrit,
1949 5635 2044 5690 sed

468 5701 817 5769 sequentibus
840 5706 1134 5768 intervallis
1154 5712 1340 5770 haeret.
1369 5716 1630 5787 Propheta
1654 5720 1811 5790 igitur
1824 5722 2042 5781 picem-

1252 303 1306 360 S.
1346 302 1626 360 JOANNIS
1666 298 2133 358 CIIRYSOSTOMI
2170 299 2486 360 ARCHIEP.
2525 291 3057 360 CONSTANTINOP.

3643 312 3728 369 H6

2198 417 2497 485 punctionis
2525 420 2829 488 inscriptam
2853 436 3064 491 semper
3101 421 3289 491 judicii
3333 428 3621 483 memoriam
3649 431 3729 486 lia-

2196 505 2346 570 huit.
2371 507 2618 578 diemque
2643 510 2788 564 illam
2814 511 2864 564 in
2893 521 3040 566 tanto
3068 511 3214 567 cultu
3245 555 3260 581 ,
3291 514 3341 568 in
3370 519 3522 571 tantis
3555 521 3727 577 divitiis

2195 595 2405 650 assidue
2432 597 2610 653 animo
2635 600 2915 667 versabat,
2947 617 3102 671 quam
3130 618 3228 658 nos
3279 605 3360 660 vel
3411 607 3461 661 in
3509 612 3732 668 :erumnis

2195 687 2468 743 constituti
2511 689 2596 743 vix
2627 690 2680 744 in
2728 693 3038 746 memoriam
3082 709 3394 766 revocamus
3429 715 3530 755 :ac
3561 702 3729 770 judicia

2193 775 2309 844 ejus
2347 776 2651 848 frequenter
2701 781 2976 837 revolvens
3021 783 3162 840 hunc
3215 787 3428 856 scripsit
3470 791 3722 859 psalmum.

2194 866 2394 938 Ecquid
2420 867 2586 924 dicit?
2615 869 2860 938 Domine,
2887 889 2948 927 ne
2986 873 3039 928 in
3082 875 3256 944 furore
3296 887 3379 936 tuo
3422 897 3595 950 arguas
3634 900 3726 950 me,

2193 973 2352 1030 neque
2395 960 2449 1013 in
2503 961 2580 1014 ira
2632 971 2719 1016 tua
2767 965 3012 1036 corripias
3066 983 3176 1033 me,
3237 967 3463 1026 furorem
3513 983 3565 1028 et
3611 976 3725 1034 iram

2193 1049 2462 1118 appellans
2483 1052 2725 1121 supplicii
2757 1054 3178 1114 vehementiam:
3205 1072 3422 1116 noverat
3457 1065 3591 1119 enim
3635 1083 3721 1122 nu-

2193 1154 2313 1194 men
2343 1155 2564 1209 prorsus
2583 1159 2702 1201 esse
2724 1145 2945 1203 επρειυε
2969 1164 3200 1218 expers;
3233 1169 3543 1228 quamquam
3576 1167 3728 1216 tamen

2193 1231 2292 1286 sibi
2317 1233 2562 1289 conscius
2593 1245 2707 1291 erat
2728 1277 2744 1303 ,
2771 1252 2876 1293 non
2905 1253 3118 1309 poenam
3144 1251 3198 1320 et
3221 1245 3525 1316 supplicium
3571 1249 3730 1307 deberi

2191 1323 2328 1389 sibi,
2360 1325 2454 1380 sed
2484 1325 2742 1384 honorem
2768 1339 2823 1386 et
2865 1346 3112 1388 coronas.
3137 1334 3406 1406 Siquidem
3453 1339 3576 1396 ﬁdes
3596 1385 3608 1408 ,
3654 1361 3732 1414 per

2190 1431 2348 1486 quam
2381 1418 2796 1490 alienigenarum
2819 1425 3006 1479 turrim
3048 1426 3342 1494 destruxit,
3371 1440 3424 1486 et
3465 1435 3730 1491 universam

2190 1507 2492 1566 Judaeorum
2519 1522 2731 1582 gentem
2762 1531 2826 1571 ex
2847 1517 2974 1586 ipsis
3000 1521 3166 1588 portis
3186 1523 3374 1578 mortis
3411 1526 3623 1596 eripuit,
3649 1526 3730 1583 be-

2191 1601 2435 1658 neﬁcium
2466 1606 2678 1662 inimico
2708 1623 2806 1662 suo
2834 1611 3019 1674 semel,
3052 1612 3134 1667 bis
3153 1622 3207 1668 et
3233 1614 3429 1684 pluries
3445 1619 3728 1687 praestitum,

2189 1707 2252 1747 ac
2273 1708 2381 1762 prae
2407 1696 2655 1753 omnibus
2671 1698 2846 1754 divina
2877 1701 2943 1756 de
2968 1702 3083 1770 ipso
3120 1705 3322 1772 prolata
3372 1710 3642 1775 sententia,
3667 1720 3732 1765 to-

2191 1789 2296 1835 tam
2325 1783 2424 1838 viri
2446 1787 2693 1842 virtutem
2724 1790 2855 1845 satis
2889 1791 3227 1863 declarabat,
3261 1797 3520 1869 etiamque
3555 1802 3728 1872 magis,

2189 1889 2346 1943 quam
2373 1876 2484 1946 ipsa
2517 1879 2767 1947 praeclare
2788 1891 2957 1952 gesta.
2980 1883 3152 1955 Opera
3183 1887 3380 1959 quippe
3429 1893 3732 1960 quantumvis

2189 1979 2389 2035 magna.
2408 1977 2464 2022 et
2484 1969 2793 2027 admiranda
2820 1973 2873 2028 in
2897 1976 3022 2030 mali
3049 1979 3406 2048 su3picionem
3435 1984 3602 2037 vocari
3628 1999 3729 2052 pos.

2188 2065 2344 2123 sunt,
2368 2058 2468 2111 etsi
2496 2069 2552 2113 ut
2575 2061 2860 2130 plurimum
2882 2067 3024 2120 omni
3068 2069 3372 2138 suspicione
3391 2072 3548 2127 libera
3578 2083 3732 2128 essent

2184 2143 2315 2214 justi
2337 2147 2478 2203 illius
2506 2166 2705 2220 opera:
2736 2168 2855 2209 cum
2899 2166 3076 2212 autem
3104 2158 3246 2215 Deus
3291 2162 3404 2232 ipse
3451 2165 3589 2218 testis
3631 2175 3731 2232 est,

2176 2239 2317 2294 tunc
2358 2241 2535 2298 nullus
2582 2253 2664 2299 est
2691 2247 2977 2318 su5picioni
3020 2250 3167 2307 locus
3199 2270 3213 2306 :
3241 2254 3342 2310 nisi
3381 2257 3517 2310 enim
3545 2272 3733 2312 accurato

2197 2333 2464 2391 tissimam
2502 2337 2720 2395 virtutis
2759 2342 3136 2414 probationem
3211 2344 3567 2412 exhibuisset,
3595 2363 3728 2402 num-

2187 2436 2345 2489 quam
2395 2434 2538 2478 esset
2580 2427 2793 2482 cteleste
2831 2433 3154 2500 praeconium
3211 2448 3581 2506 consequutus.
3613 2439 3727 2506 Quid

2187 2511 2348 2580 igitur
2370 2514 2438 2569 de
2480 2516 2570 2571 illo
2605 2516 2734 2573 dicit
2760 2519 2935 2575 Deus?
2954 2521 3135 2578 Inveni
3176 2525 3346 2580 David
3389 2528 3541 2596 ﬁlium
3561 2527 3727 2593 Jesste,

2187 2605 2349 2658 uirum
2392 2609 2666 2663 secundum
2691 2628 2779 2666 cor
2821 2629 2984 2667 meum
3003 2615 3075 2688 (1.
3098 2613 3225 2688 Reg.
3254 2618 3343 2673 15.
3375 2619 3482 2690 14).
3513 2623 3729 2674 Attamen

2186 2705 2307 2764 post
2334 2698 2440 2753 tale
2459 2699 2713 2768 judicium
2733 2744 2748 2769 ,
2777 2713 2897 2773 post
2940 2714 3082 2760 tanta
3114 2708 3371 2778 praeclare
3397 2722 3538 2781 gesta
3556 2753 3569 2774 ,
3598 2711 3727 2765 dam-

2186 2795 2428 2844 natorum
2457 2801 2512 2844 et
2539 2793 2735 2848 nullam
2777 2810 2900 2866 erga
2945 2797 3112 2852 Deum
3158 2799 3405 2856 ﬁduciam
3455 2803 3728 2857 trahentium

2185 2878 2347 2933 verba
2376 2881 2627 2948 protulit,
2654 2893 2711 2937 ut
2737 2876 3098 2956 evangelicum
3133 2889 3265 2946 illud
3313 2893 3578 2964 impleret:
3623 2894 3728 2948 Cum

2184 2971 2352 3023 omnia
2384 2971 2628 3040 feceritis,
2668 2975 2856 3045 dicite,
2889 2978 3036 3033 Servi
3061 2981 3267 3036 inutiles
3303 3000 3470 3038 sumus
3498 2983 3632 3057 (Luc.
3653 2985 3725 3038 l'l.

2184 3059 2296 3134 10).
2342 3062 2480 3130 Quid
2521 3064 2748 3136 amplius
2797 3068 2931 3123 dixit
2978 3071 3294 3140 publicanus
3332 3075 3420 3130 ille
3468 3075 3727 3130 innumeris

2182 3153 2338 3208 malis
2388 3164 2632 3224 onustus,
2683 3161 2771 3228 qui
2799 3174 2867 3214 ne
2907 3160 2958 3214 in
3005 3163 3190 3216 ezelum
3237 3163 3451 3233 quidem
3492 3165 3728 3234 respicere

2182 3245 2443 3313 audebat,
2499 3263 2673 3318 neque
2721 3249 2932 3320 longum
2978 3260 3159 3308 texere
3201 3269 3532 3322 sermonem,
3581 3269 3728 3324 neque

2181 3350 2346 3406 prope
2371 3337 2698 3394 Pharisaeum
2732 3340 2908 3395 stare?
2933 3341 3024 3398 llle
3046 3343 3308 3414 siquidem
3329 3345 3662 3417 exprobrabat
3683 3345 3724 3397 ei

2180 3430 2399 3485 dicens:
2429 3430 2548 3484 Non
2571 3449 2679 3485 sum
2707 3433 2836 3487 sicut
2863 3437 3029 3489 cteteri
3066 3437 3331 3492 hominum
3355 3481 3370 3507 ,
3409 3449 3638 3510 raptores.
3662 3438 3726 3488 in-

2171 3522 2331 3590 justi,
2355 3523 2574 3576 adulteri
2595 3564 2608 3585 ,
2642 3533 2730 3576 aut
2765 3525 2892 3578 sicut
2919 3526 3002 3580 hic
3024 3527 3326 3598 publicanus
3351 3530 3498 3600 (Luc.
3525 3530 3603 3584 18.
3621 3528 3724 3597 li):

2179 3611 2265 3665 hic
2291 3627 2417 3667 vero
2445 3627 2507 3666 ac
2533 3615 2575 3668 si
2606 3613 2737 3670 nihil
2775 3615 2964 3672 durum
2992 3620 3261 3685 audisset,
3287 3622 3482 3676 dictum
3509 3621 3723 3688 excepit,

2178 3717 2241 3757 ac
2271 3719 2374 3758 non
2407 3705 2566 3760 modo
2606 3706 2910 3778 indignatus
2944 3725 3049 3764 non
3095 3721 3210 3776 est,
3255 3714 3351 3769 sed
3401 3714 3550 3768 etiam
3598 3712 3722 3764 illum

2177 3794 2276 3848 sibi
2300 3798 2742 3852 contumeliosum
2773 3809 2824 3854 et
2847 3811 3182 3871 arr0gantem
3205 3845 3220 3870 ,
3248 3812 3397 3859 tanto
3435 3803 3600 3858 affecit
3641 3801 3723 3854 ho-

2175 3900 2339 3951 nore,
2372 3895 2430 3939 ut
2468 3903 2535 3941 ne
2569 3897 2709 3943 terra
2757 3891 3000 3960 quidem,
3045 3909 3203 3962 quam
3251 3896 3342 3950 ille
3391 3896 3722 3960 ealeabat,sa

2174 3975 2390 4045 dignum
2423 3978 2787 4036 existimaret:
2811 3996 2874 4036 ac
2902 3984 3124 4038 verbum
3155 3985 3368 4054 quidem
3396 3987 3587 4039 nullum
3615 3997 3718 4054 pro-

2175 4068 2448 4133 tulit,nisi
2471 4079 2528 4124 ut
2547 4072 2894 4128 conﬁteretur
2921 4083 3137 4144 peccata
3181 4090 3274 4130 sua
3300 4093 3316 4143 ;
3346 4085 3525 4146 pectus
3561 4084 3718 4128 autem

2171 4158 2480 4230 frequenter
2536 4165 2870 4233 percutiens,
2927 4169 3005 4223 sic
3051 4169 3269 4240 rogabat
3319 4171 3417 4224 sibi
3461 4168 3717 4239 prepitium

2169 4266 2287 4307 esse
2311 4253 2497 4308 Deum.
2522 4255 2627 4311 Sed
2654 4258 2792 4327 quod
2820 4259 2934 4313 haec
2961 4269 3173 4330 ageret,
3205 4261 3336 4315 nihil
3367 4262 3580 4315 mirum:
3611 4271 3715 4312 nam

2167 4352 2505 4411 peccatorum
2527 4345 2808 4401 multitudo
2835 4347 2984 4402 illum
3007 4389 3022 4414 ,
3059 4350 3220 4404 vellet
3239 4351 3436 4417 nollet,
3467 4348 3603 4403 humi
3641 4361 3716 4399 rc-

2167 4433 2377 4501 spicere
2401 4437 2622 4506 cogebat
2645 4455 2658 4490 :
2678 4438 2818 4507 quod
2833 4449 3010 4494 autem
3031 4441 3204 4510 justus
3225 4450 3276 4496 et
3301 4442 3558 4498 nullorum
3581 4435 3716 4492 simi.

2166 4524 2294 4578 lium
2337 4527 2437 4581 sibi
2464 4527 2738 4595 conscius,
2768 4544 2887 4584 cum
2933 4529 3118 4585 eadem
3157 4546 3258 4601 qua
3305 4532 3602 4602 publicanus
3642 4525 3714 4578 sui

2164 4615 2553 4683 itnprobatione
2595 4619 2845 4687 accedat,
2887 4620 3013 4674 illud
3052 4635 3180 4676 sane
3232 4621 3472 4677 mirabile
3520 4629 3628 4684 est,
3669 4624 3713 4670 ct

2163 4711 2324 4763 animi
2352 4727 2476 4766 vere
2503 4713 2717 4766 centriti
2741 4714 2972 4784 signum.
3014 4714 3097 4770 Ab
3126 4715 3217 4770 illo
3269 4715 3408 4770 enim
3431 4755 3444 4778 ,
3471 4711 3708 4780 Propitius

2161 4810 2265 4854 esto
2299 4803 2430 4858 mihi
2482 4805 2747 4874 peccatori
2784 4803 2970 4879 (Ibid.
2986 4803 3097 4878 15),
3121 4806 3174 4859 in
3202 4821 3306 4876 quo
3345 4805 3517 4860 diﬂ'ert
3557 4799 3702 4864 illud,

2161 4891 2396 4958 Domine,
2422 4897 2744 4964 neinfurorc
2779 4906 2865 4950 tuo
2890 4914 3078 4966 arguas
3119 4915 3226 4966 me,
3273 4914 3428 4968 neque
3451 4898 3501 4950 in
3543 4896 3614 4948 ira
3635 4903 3710 4944 tua

2159 4984 2405 5052 corripias
2431 5001 2509 5038 me
2529 4984 2698 5057 (Psal.
2727 4987 2782 5042 6.
2813 4987 2910 5058 2)?
2939 4988 3050 5043 lmo
3080 4991 3252 5059 potius
3277 4990 3378 5044 hoc
3405 5003 3556 5060 quam
3593 4983 3706 5038 illud

2158 5073 2314 5145 longe
2333 5077 2506 5144 majus
2529 5087 2631 5132 est.
2650 5078 2782 5133 Nam
2805 5079 3116 5149 publicanus
3133 5096 3200 5136 ne
3222 5081 3288 5136 ad
3307 5081 3494 5136 caelum
3515 5077 3705 5147 quidem

2155 5166 2419 5235 respicere
2443 5168 2705 5234 audebat;
2730 5169 2906 5240 justus
2937 5180 3116 5226 autem
3147 5173 3321 5241 majus
3348 5170 3608 5240 quidpiam
3635 5166 3704 5218 fa-

2155 5256 2351 5310 ciebat.
2386 5257 2480 5313 llle
2499 5258 2732 5326 dicebat,
2764 5258 3029 5330 Propitius
3053 5272 3155 5315 esto
3179 5262 3334 5326 mihi;
3365 5261 3448 5314 hic
3489 5274 3554 5313 ne
3588 5252 3702 5310 illud

2153 5349 2365 5416 quidem
2416 5351 2599 5407 dicere
2648 5353 2896 5408 audebat.
2952 5351 3136 5423 Neque
3176 5355 3316 5409 enim
3362 5353 3590 5415 dicebat,
3630 5345 3700 5400 Ne

2150 5456 2336 5511 arguas
2379 5442 2519 5509 mc‘,
2550 5441 2667 5508 sed,
2707 5441 2790 5497 Ne
2816 5444 2870 5496 in
2914 5448 3086 5514 furore
3114 5454 3236 5509 tuo;
3264 5457 3466 5512 neque,
3493 5439 3568 5494 Ne
3603 5451 3701 5490 cor-

2149 5529 2308 5601 ripias
2335 5547 2432 5596 me,
2457 5532 2552 5587 sed
2571 5573 2588 5598 ,
2620 5531 2704 5586 Ne
2729 5533 2781 5588 in
2801 5534 2880 5586 ira
2906 5542 2996 5587 tua
3013 5549 3033 5589 :
3054 5549 3158 5588 non
3187 5547 3370 5603 poenas
3415 5546 3515 5585 non
3567 5527 3694 5582 luere

2156 5621 2428 5690 postulans
2447 5662 2463 5685 ,
2491 5621 2588 5677 sed
2633 5638 2742 5678 non
2771 5632 2879 5679 tam
2901 5624 3272 5680 vehementes:
3303 5623 3369 5677 ita
3401 5629 3458 5678 ut
3485 5617 3693 5686 undiquc

2213 5735 2230 5766 ⁸
2261 5734 2335 5786 Sic
2363 5735 2496 5788 eotb.
2521 5735 2727 5791 etSavil.
2757 5745 2806 5789 tn
2827 5735 2989 5791 Morel.
3011 5739 3233 5801 quedam
3251 5735 3469 5787 deerant.
