4032 6422
181 295 281 348 είΙῦ

178 404 288 477 ἔχει
325 410 427 480 τὴν
455 409 696 476 κόλασιν,
722 412 1025 469 ἐπαινεῖται
1048 416 1106 470 δὲ
1133 415 1410 487 πανταχοῦ
1435 417 1496 470 16
1528 418 1748 472 πενθεῖν
1776 419 1871 472 καὶ

167 497 233 550 τὸ
257 497 558 552 θλίϐεσθαι.
592 500 731 553 Ἀλλ’
755 503 904 573 ὅμως
927 507 955 558 6
979 504 1249 577 μακάριος
1270 506 1475 568 ἐκεῖνος
1499 504 1677 558 πάντα
1697 504 1871 560 ταῦτα

161 586 440 658 διακόψας
485 590 555 643 16
604 589 924 657 κωλύματα,
974 592 1148 656 οὕτως
1188 592 1363 662 αὑτῆς
1408 592 1708 646 ἐπελάϐετο
1750 609 1872 662 σφο-

170 674 341 745 ὂρῶς,
369 675 447 740 ὡς
474 676 585 730 τῶν
618 678 827 733 πολλῶν
855 675 935 743 εἷς
975 679 1072 746 ῶν,
1096 680 1189 733 καὶ
1220 679 1353 751 μηδὲ
1386 679 1520 752 ὄναρ
1554 679 1685 733 ποτὲ
1726 678 1873 750 βασι-

174 761 346 827 λείαν,
381 763 517 834 μηδέ
559 766 658 837 τὴν
695 767 754 820 ἐν
789 766 1078 837 βασιλείοις
1117 766 1467 821 πολυτέλειαν
1510 767 1868 838 θεασάμενος,

174 853 268 904 καὶ
297 851 569 923 τοσαύτην
589 854 647 908 ἐν
676 854 951 927 ἁλουργίδι
977 856 1072 909 καὶ
1098 855 1388 927 διαδήματι
1408 854 1503 909 καὶ
1526 854 1700 927 θρόνῳ
1725 854 1873 925 βασι-

170 939 311 1011 λικῴ
327 942 424 1013 τήν
448 943 737 1011 κατάνυξιν
757 943 906 1018 [145]
929 943 1256 1010 ἐπεδείξατο,
1275 945 1407 1017 ὅσην
1425 946 1453 998 6
1478 944 1537 998 ἐν
1560 944 1751 1017 σάκκῳ
1777 945 1871 999 καὶ

172 1028 358 1100 σποδῷ
399 1030 493 1083 καὶ
535 1031 594 1084 ἐν
640 1031 849 1103 ἐρημίᾳ
878 1032 1205 1103 καθήμενος.
1239 1033 1350 1085 Καὶ
1389 1030 1499 1103 γάρ
1528 1028 1609 1096 οἷς
1640 1031 1707 1086 ἂν
1734 1049 1870 1104 γνη-

171 1116 306 1180 σίως
338 1115 495 1170 τοῦτο
535 1118 911 1190 παραγένηται
937 1119 999 1172 16
1035 1119 1219 1183 καλὸν,
1254 1118 1524 1191 τοσαύτην
1561 1118 1869 1174 ἐπιδείκνυ-

165 1220 263 1257 ται
297 1203 396 1275 τὴν
426 1206 598 1276 ἰσχὺν,
617 1206 748 1278 ὅσην
771 1207 830 1261 ἐν
855 1208 975 1271 ταῖς
1002 1206 1268 1271 ἀκάνθαις
1294 1206 1356 1260 16
1371 1206 1504 1277 πῦρ.
1524 1205 1696 1260 Τοῦτο
1716 1218 1742 1247 α
1766 1206 1871 1261 κᾶν

167 1290 277 1344 ὑπὸ
309 1291 519 1362 μυρίων
542 1292 846 1364 ἀγχόμενον
883 1292 1019 1365 εὕρῃ
1060 1293 1267 1359 κακῶν,
1299 1292 1401 1347 κᾶν
1436 1292 1607 1346 πολλά
1630 1292 1701 1345 16
1732 1311 1873 1365 σχοι-

165 1379 260 1431 νία
296 1378 407 1430 τῶν
450 1379 866 1451 ἁμαρτημάτων
900 1381 1311 1451 περικείμενον,
1355 1378 1458 1433 κᾶν
1500 1379 1736 1452 σφοδρὰν
1762 1380 1871 1434 τῶν

164 1466 479 1538 ἐπιθυμιῶν
511 1467 609 1539 τὴν
642 1468 815 1538 φλόγα
841 1468 1125 1534 καίουσαν,
1149 1468 1253 1522 κᾶν
1275 1469 1445 1521 πολὺν
1470 1467 1579 1521 τῶν
1602 1467 1869 1539 βιωτικῶν

165 1554 516 1625 πραγμάτων
558 1555 898 1626 περιεστῶτα
938 1554 1188 1628 θόρυϐον,
1222 1556 1401 1610 πάντα
1440 1557 1622 1609 ἐκεῖνα
1667 1555 1871 1619 εὐθέως

166 1642 379 1715 σφοδρᾷ
407 1660 510 1718 τινι
535 1644 760 1715 μάστιγι
792 1643 912 1699 κατ’
936 1644 1109 1716 ἄκρας
1134 1644 1163 1685 1³
1191 1644 1490 1699 ἐλαύνουσα
1523 1644 1712 1718 πόρρω
1735 1644 1870 1700 καθ-

167 1730 357 1802 ίστησι
397 1715 495 1802 τῆς
541 1731 742 1805 ψυχῆς.
771 1734 883 1787 Καὶ
926 1715 1177 1806 καθάπερ
1206 1734 1343 1805 πρὸς
1373 1734 1574 1805 ἀνέμου
1599 1715 1731 1804 βίαν
1768 1735 1868 1805 ῥα-

164 1818 364 1889 γδαίου
414 1821 514 1874 οὑκ
556 1821 623 1875 ἀν
668 1838 799 1874 ποτε
828 1821 990 1893 σταίη
1039 1823 1188 1886 κόνις
1216 1822 1409 1893 λεπτὴ,
1448 1821 1620 1886 οὕτως
1658 1822 1780 1875 οὑδὲ
1808 1823 1871 1876 16

164 1906 279 1958 τῶν
321 1906 625 1979 ἐπιθυμιῶν
664 1908 871 1980 πλῆθος
907 1908 1253 1974 κατανύξεως
1292 1909 1474 1981 ῥύμην
1520 1909 1869 1981 ἐμπεσοῦσαν

163 1994 459 2066 δυνήσεται
503 1996 770 2066 ἐνεγκεῖν,
794 1995 911 2051 ἀλλ’
956 1996 1279 2067 ἀφανίζεται
1331 1997 1427 2050 καὶ
1470 1997 1737 2068 διαχεῖται
1777 1997 1871 2050 καλ⁸

166 2082 375 2146 κόνεως
402 2083 496 2138 καὶ
524 2084 735 2138 καπνοῦ
770 2084 964 2140 θᾶττον
996 2086 1219 2149 παντός.
1253 2086 1317 2138 Εἰ
1343 2085 1452 2156 γὰρ
1484 2086 1514 2138 6
1540 2085 1648 2138 τῶν
1683 2085 1871 2155 σωμά-

164 2186 279 2221 των
313 2169 453 2241 ἔρως
476 2169 619 2225 οὕτω
646 2170 931 2225 δουλοῦται
957 2172 1060 2244 τὴν
1097 2171 1299 2242 ψυχὴν,
1337 2170 1415 2235 ὡς
1447 2170 1664 2225 πάντων
1701 2170 1871 2243 αὐτὴν

166 2259 504 2326 ἀπαγαγεῖν,
528 2258 625 2313 καὶ
658 2260 727 2331 τῇ
753 2258 855 2331 τῆς
890 2259 1174 2332 ἐρωμένης
1209 2258 1559 2332 προσηλῶσαι
1598 2259 1870 2331 τυραννίδι

168 2345 336 2419 μόνῃ.
360 2345 413 2398 τί
446 2346 546 2399 οὐκ
581 2347 648 2401 ἂν
682 2348 711 2400 6
745 2347 839 2401 τοῦ
874 2347 1115 2417 Χριστοῦ
1150 2347 1315 2411 πόθος
1341 2348 1659 2420 ἐργάσαιτο,
1695 2348 1871 2401 καὶτὸ

164 2434 290 2497 δέος
312 2433 409 2505 τῆς
434 2433 642 2488 ἐκείνου
676 2434 1085 2506 ἀλλοτριώσεως
1107 2446 1127 2475 ε
1155 2453 1168 2501 ;
1190 2437 1369 2509 ’Δπερ
1396 2437 1681 2509 ἀμφότερα
1699 2438 1869 2492 ταῦτα

165 2520 347 2586 οὕτως
380 2521 611 2594 ἔστρεφε
649 2522 742 2576 τοῦ
799 2525 1076 2595 προφήτου
1114 2525 1212 2595 τὴν
1247 2523 1446 2595 ψυχὴν,
1478 2524 1552 2588 ώς
1596 2525 1728 2578 ποτέ
1773 2525 1871 2596 μὲν

163 2608 350 2679 λέγειν
374 2626 389 2642 ο
418 2612 527 2665 Ὀν
561 2613 788 2680 τρόπον
824 2611 1103 2668 ἐπιποθεῖ
1135 2613 1175 2681 ἠ
1217 2611 1445 2682 ἔλαφος
1485 2612 1583 2666 ἐπὶ
1618 2612 1725 2680 τὰς
1761 2629 1873 2681 πη-

167 2699 285 2769 τὰς
315 2697 434 2753 τῶν
464 2697 718 2767 ὑδάτων,
754 2698 943 2767 οὕτως
972 2699 1249 2754 ἐπιποθεῖ
1279 2700 1319 2767 ἡ
1359 2699 1530 2769 ψυχή
1565 2717 1685 2769 μου
1723 2699 1872 2769 πρὸς

167 2786 270 2850 σὲ,
301 2790 335 2841 ό
367 2787 540 2853 Θεός·
584 2788 680 2841 καὶ
709 2786 893 2855 πάλιν,
928 2787 990 2847 Ἠ
1024 2786 1196 2856 ψυχή
1221 2804 1342 2857 μου
1382 2787 1463 2852 ὡς
1504 2785 1581 2857 τῆ
1614 2786 1873 2855 ἄνυδρός

169 2889 304 2929 σοι’
333 2875 449 2939 καὶ,
497 2875 842 2944 Ἐκολλήθη
882 2876 921 2945 ἡ
969 2874 1141 2944 ψυχή
1183 2892 1303 2944 μου
1334 2875 1527 2929 ὀπίσω
1558 2888 1707 2929 σου·
1741 2876 1873 2928 ποτὲ

165 2960 250 3023 δὲ,
277 2962 475 3029 Κύριε,
494 2961 581 3031 μὴ
606 2958 686 3031 τῷ
712 2960 877 3033 θυμῷ
898 2979 1015 3017 σου
1038 2962 1298 3033 ἐλέγξῃς
1322 2980 1419 3033 με,
1441 2964 1597 3032 μηδὲ
1625 2960 1700 3031 τῇ
1728 2962 1874 3032 ὀργῇ

170 3064 298 3103 σου
320 3050 659 3119 παιδεύσῃς
675 3067 773 3120 με.

246 3135 311 3191 δ’.
344 3136 457 3189 Καὶ
490 3137 565 3208 μή
606 3154 696 3208 μοι
737 3136 944 3207 λεγέτω
982 3156 1086 3202 τις,
1121 3140 1204 3193 ὅτι
1248 3138 1348 3210 τὴν
1392 3136 1671 3210 ἁμαρτίαν
1708 3136 1873 3190 αὑτοῦ

173 3222 393 3278 πενθῶν
415 3224 607 3279 τοῦτον
633 3224 841 3297 ἔγραψε
866 3226 957 3281 τὸν
981 3226 1216 3299 ψαλμόνο
1256 3228 1316 3281 οὑ
1338 3226 1445 3301 γὰρ
1472 3226 1670 3295 ἀληθὲς
1693 3224 1872 3288 τοῦτο,

172 3310 301 3365 οὐδὲ
346 3311 625 3382 ἀφίησινά
653 3312 996 3368 ὑποπτεῦσαί
1044 3332 1096 3367 τι
1135 3314 1374 3368 τοιοῦτον
1423 3314 1493 3367 τὰ
1540 3315 1880 3383 ἐπιγεγραμ-

178 3400 319 3471 μένα
339 3402 545 3456 ἀνωθεν
569 3402 892 3474 γράμματα.
915 3402 979 3456 Εἰ
1004 3403 1101 3473 μὲν
1122 3402 1231 3475 γὰρ
1263 3403 1448 3475 μηδεὶς
1475 3398 1589 3474 εἶχε
1612 3402 1711 3473 τὴν
1745 3400 1879 3454 ὑπό-

175 3491 328 3546 θεσιν
360 3492 533 3560 δεῖξαι
566 3493 1101 3566 προγεγραμμένην,
1128 3494 1255 3565 ἐνῆν
1294 3492 1373 3564 τῷ
1415 3491 1726 3564 βουλομένῳ
1754 3488 1880 3543 τοῦ·

175 3600 271 3636 τον
300 3582 532 3647 ἐκείνοις
566 3584 809 3655 ἀρμόσαι
842 3586 954 3648 τοῖς
983 3584 1277 3655 πράγμασι
1320 3584 1413 3637 τὸν
1452 3580 1699 3654 ψαλμόν·
1742 3581 1790 3633 εί
1821 3579 1879 3634 δὲ

174 3672 207 3724 6
231 3672 319 3724 ἐπ’
341 3671 573 3735 ἐκείνοις
597 3670 809 3743 λεχθεὶς
834 3683 859 3711 ε
881 3671 1039 3742 δῆλός
1076 3672 1247 3738 ἐστιν,
1285 3664 1441 3735 οὗτος
1461 3670 1516 3724 δὲ
1544 3670 1737 3741 ἑτέραν
1768 3670 1880 3739 ἔχει

177 3757 281 3828 τὴν
319 3756 595 3823 ὑπόθεσιν,
625 3758 721 3829 μὴ,
772 3757 1096 3828 παρακαλῶ,
1143 3757 1216 3830 μὴ
1258 3757 1581 3828 συγχέωμεν
1631 3756 1701 3810 16
1739 3756 1880 3821 θεῖα,

184 3844 322 3917 μηδὲ
363 3845 471 3898 τῶν
514 3845 621 3899 6116
650 3844 971 3916 Πνεύματος
1003 3846 1309 3919 εἰρημένων
1343 3845 1630 3916 δογμάτων
1674 3861 1881 3916 κυριω-

177 3933 375 4003 τέρους
426 3927 566 3988 εἶναι
620 3933 748 3997 τοὺς
793 3934 1100 4006 ἡμετέρους
1143 3933 1512 4005 ψηφιζώμεθα
1566 3931 1880 4003 λογισμούς.

180 4022 283 4085 Τίς
308 4016 400 4076 οῦν
428 4022 576 4076 ἐστιν
594 4024 629 4093 ἡ
656 4023 937 4094 ἐπιγραφή
967 4039 981 4088 ;
1015 4022 1187 4091 Ὑπὲρ
1209 4022 1317 4090 τῆς
1338 4020 1577 4092 ὀγδόης,
1606 4021 1762 4093 φησί.
1788 4021 1885 4084 Τίς

181 4108 242 4163 δέ
269 4111 414 4163 ἐστιν
454 4112 486 4181 ἡ
527 4110 709 4181 ὀγδόη,
737 4109 910 4179 ἀλλ’ἢ
942 4111 976 4181 ἡ
1024 4109 1208 4181 ἡμέρα
1243 4110 1334 4163 τοῦ
1370 4109 1576 4181 Κυρίου
1608 4110 1639 4179 ἡ
1674 4108 1884 4191 μεγάλη

182 4195 284 4249 καλ⁸
315 4195 605 4267 ἐπιφανὴς,
639 4198 672 4267 ἡ
712 4196 788 4260 ὡς
817 4195 1071 4259 κλίϐανος
1108 4196 1397 4267 καιομένη,
1447 4197 1481 4266 ἡ
1520 4195 1615 4248 καλ⁵
1644 4198 1744 4258 τὰς
1772 4194 1886 4248 ἀνω

178 4283 446 4354 δυνάμεις
480 4284 705 4357 τρέμειν
734 4282 1230 4356 παρασκευάζουσα
1260 4282 1725 4353 (Σεισθήσονται
1752 4282 1882 4353 γὰρ,

185 4374 344 4443 φησὶ,
376 4372 474 4425 καὶ
509 4370 795 4441 δυνάμεις
826 4370 845 4411 ί
878 4371 997 4425 τῶν
1030 4368 1348 4440 οὐρανῶν),
1373 4371 1407 4440 ἡ
1431 4368 1544 4441 πῦρ
1567 4368 1886 4444 δεικνύουσα

184 4457 489 4530 προτρέχον
523 4456 615 4512 τοῦ
650 4458 915 4529 βασιλέως
946 4458 1069 4512 τότε
1090 4457 1337 4524 ἐκείνους
1378 4456 1603 4528 Ὸγδόην
1633 4455 1688 4510 δὲ
1717 4455 1887 4528 αὐτὴν

184 4547 434 4613 ἐκάλεσε,
475 4547 538 4601 16
571 4548 674 4619 τῆς
719 4549 1104 4612 καταστάσεως
1139 4547 1544 4620 ἐνηλλαγμένον
1578 4546 1883 4619 ἐμφαίνων,

184 4637 286 4690 καὶ
334 4636 436 4707 τῆς
480 4636 782 4709 μελλούσης
828 4636 976 4707 ζωῆς
1014 4638 1115 4710 τὴν
1154 4637 1474 4692 ἀνανέωσιν.
1513 4637 1571 4690 Ὀ
1626 4636 1727 4708 μὲν
1777 4636 1887 4709 γὰρ

186 4724 381 4795 παρὼν
420 4724 534 4796 βίος
585 4725 738 4779 οὐδὲν
784 4725 970 4798 ἕτερόν
1014 4726 1190 4790 ἐστιν,
1232 4724 1348 4780 ἀλλ’
1400 4725 1434 4795 ἢ
1477 4724 1712 4796 ἑϐδομὰς
1764 4723 1885 4793 μία,

186 4808 493 4878 ἀρχόμενος
543 4809 643 4880 μὲν
687 4808 797 4862 ἀπὸ
833 4809 934 4881 τῆς
984 4809 1210 4881 πρώτης
1251 4810 1485 4882 ἡμέρας.
1523 4808 1790 4864 τελευτῶν
1830 4808 1889 4863 δὲ

186 4889 273 4950 είς
298 4889 395 4960 τὴν
424 4891 684 4963 ἑϐδόμην,
714 4892 808 4946 καὶ
842 4891 1005 4946 πάλιν
1048 4895 1161 4957 τοῖς
1194 4893 1379 4957 αὐτοῖς
1413 4893 1889 4965 ἀνακυκλούμενος

186 4972 542 5045 διαστήμασι,
577 4976 674 5029 καὶ
709 4977 788 5038 είς
818 4974 916 5047 τὴν
946 4975 1116 5048 αὐτὴν
1160 4974 1324 5029 ἀνιὼν
1363 4975 1558 5049 ἀρχὴν,
1591 4976 1684 5031 καὶ
1714 4992 1887 5030 κατα-

189 5054 396 5111 ϐαίνων
441 5060 522 5123 εἰς
555 5060 655 5130 τὴν
683 5059 959 5126 τελευτήν.
992 5058 1193 5131 Διόπερ
1225 5058 1418 5129 ὀγδόην
1459 5058 1673 5131 ἡμέραν
1700 5059 1801 5112 οὐκ
1823 5059 1889 5113 ἀν

186 5156 279 5202 τις
312 5140 454 5194 εἴποι
484 5142 615 5196 ποτέ
662 5141 760 5213 τὴν
794 5142 821 5181 ⁸
848 5139 1156 5211 Κυριακὴν,
1204 5140 1340 5195 ἀλλά
1390 5140 1643 5211 πρώτην*
1670 5142 1730 5193 οὐ
1780 5140 1888 5215 γάρ

189 5222 493 5279 ἐκτείνεται
534 5227 615 5289 εἰς
657 5224 842 5294 ὃγδοον
879 5222 1113 5296 ἀριθμὸν
1154 5226 1182 5277 6
1219 5224 1318 5295 τῆς
1341 5222 1635 5294 ἑϐδομάδος
1665 5222 1887 5290 κύκλος.

260 5327 289 5394 ξ
312 5327 469 5394 Τοῦτο
488 5328 704 5394 ᾶοεσιῄἱο
723 5330 863 5381 Colb.
888 5328 1002 5380 Mox
1029 5328 1165 5379 idem
1192 5327 1472 5393 ἀγχόμενος,
1494 5335 1548 5378 οι
1565 5328 1886 5394 περικείμενα.

192 5386 477 5456 Ιιιζῐεῃάεω
494 5393 577 5456 τὸν
597 5392 840 5456 θόρυϐονη-
957 5395 976 5412 ⁸
1111 5453 1120 5456 _
1417 5404 1441 5456 --

258 5451 287 5491 δ
312 5451 396 5502 Sic
406 5460 449 5501 'e
468 5452 606 5504 Colb.
634 5449 687 5503 e't
710 5451 864 5504 Savil.
888 5453 1254 5515 rescripsimus,
1275 5449 1453 5503 Morel.
1473 5456 1530 5503 et
1546 5465 1610 5502 ex
1633 5464 1696 5503 eo
1714 5451 1886 5503 Monlf.

189 5514 304 5566 κατ’
324 5513 490 5566 ἄκραν.
513 5514 649 5565 Εοιτ.

262 5553 286 5641 ξ
316 5553 745 5641 ξὸῖιῖῖῇῖέὲέῖθεν
763 5576 1140 5641 ἀλλοτριώσεως.
1156 5574 1213 5626 ιιι
1224 5575 1405 5626 eodem
1426 5587 1543 5626 mox
1563 5574 1716 5625 ταῦτα
1724 5576 1886 5627 deest.

260 5634 287 5677 δ
312 5637 449 5702 Golb-
475 5634 585 5702 οὐδὲ
604 5639 696 5702 γὰρ
717 5634 933 5702 ἀφίησμνό

264 5712 291 5743 ο
316 5699 455 5764 ροιι).
483 5701 524 5747 εί
546 5700 599 5748 δὲ
618 5698 648 5748 6
672 5698 939 5764 μέν’ἐκεῖνα
956 5700 1152 5764 λεχθείς.
1173 5698 1326 5764 Ρδυ-Ιο
1342 5705 1455 5764 pos!
1469 5699 1606 5764 idem
1625 5699 1890 5764 πνεύματος

196 5760 454 5836 δογμάτων
497 5760 811 5825 κυριωτέρους
855 5761 970 5809 εἶναι
1001 5760 1110 5819 τοὺς
1131 5760 1389 5825 ἡμετέρους
1433 5760 1716 5825 ἀξιώσωμεν
1746 5760 1887 5823 λογι-

204 5838 457 5957 ﬁgit
472 5883 630 5957 φησὶν,
655 5884 957 5957 αίΛδυνάμεις.

265 5947 294 5991 ι
313 5946 400 6003 Εἷς
419 5943 654 6005 τελευτήν.
687 5943 886 6008 Ὀγδέἡν
911 5948 1086 6012 ἡμέραν
1112 5947 1201 5996 οὑκ
1219 5948 1276 5996 ἂν
1298 5945 1548 6013 προσείποι
1572 5943 1820 6005 ram-Colb.

1110 300 1197 355 DE
1231 298 1797 370 COMPUNCTIONE,
1839 303 1930 358 AD
1971 303 2441 363 STELECHIUM.
2488 307 2618 363 LIB.
2661 308 2722 365 ll.

3567 317 3668 374 “6

1984 420 2156 474 ’Όταν
2195 420 2254 474 δὲ
2292 422 2464 476 ταῦτα
2506 423 2685 477 πάντα
2718 423 2995 496 παύσηται
3035 425 3131 481 καὶ
3173 426 3469 501 καταλυθῇ,
3498 430 3617 485 τότε
3646 435 3676 489 6

1976 504 2082 574 τῆς
2110 504 2361 587 ὀγδοάδος
2388 508 2588 579 δρόμος
2628 512 2707 569 είς
2739 509 2903 580 μέσον
2942 510 3167 579 ἄγεται·
3205 512 3267 565 οὑ
3291 512 3398 584 γάρ
3445 514 3676 587 ἀνατρέ-

1978 602 2065 654 χει
2094 586 2258 641 πάλιν
2287 589 2381 641 ἐπὶ
2412 590 2514 661 τὴν
2541 590 2734 661 ἀρχὴν,
2767 590 2903 645 ἀλλά
2934 590 3040 645 τῶν
3078 592 3206 663 ἑξῆς
3235 593 3417 664 ἔχεται
3447 586 3672 670 διαστη-

1982 670 2189 738 μάτων.
2226 671 2283 724 '0
2311 673 2490 727 τοίνυν
2530 676 2816 745 προφήτης
2841 675 2947 728 6116
2984 675 3184 746 πολλῆς
3214 678 3557 744 κατανύξεως
3582 683 3675 750 ὲγ-

1978 754 2374 825 γεγραμμένην
2388 755 2488 826 τῆς
2506 757 2741 826 κρίσεως
2767 757 2866 825 τὴν
2894 760 3111 830 μνήμην
3141 760 3291 833 [146]
3312 756 3425 832 εἶχε
3446 763 3673 817 διαπαν-

1978 836 2093 900 τὸς,
2122 838 2218 890 καὶ
2254 836 2354 908 τὴν
2399 838 2614 910 ἡμέραν
2656 840 2873 911 ἐκείνην
2906 843 2964 894 ὲν
3000 844 3236 916 τοσαύτῃ
3276 845 3544 917 θεραπείᾳ
3578 847 3670 901 καὶ

1977 922 2158 991 τρυφῇ
2185 920 2448 990 διηνεκῶς
2474 922 2503 962 h
2528 922 2758 993 ἔστρεφε
2784 924 2914 995 παρ’
2939 926 3136 998 ἐαυτῷ,
3157 929 3222 999 ἥν
3246 930 3303 983 ἐν
3322 931 3441 993 ταῖς
3461 928 3672 999 θλίψεσι

1983 1002 2137 1073 μόλις
2161 1004 2322 1075 ἡμεῖς
2341 1006 2419 1069 είς
2445 1007 2668 1077 μνήμην
2686 1006 3037 1079 λαμϐάνομεν
3055 1026 3070 1041 ·
3104 1014 3199 1065 καὶ
3226 1013 3294 1065 16
3323 1012 3564 1083 κρίματα
3586 1014 3675 1068 αὑ-

1977 1084 2075 1140 τοῦ
2109 1087 2350 1158 συνεχῶς
2387 1089 2840 1159 ἀναλογιζόμενος
2877 1090 3063 1145 τοῦτον
3095 1093 3301 1166 ἔγραψε
3326 1096 3416 1149 τὸν
3435 1096 3671 1169 ψαλμὸν.

1979 1171 2090 1225 Καὶ
2130 1172 2184 1224 τί
2218 1189 2384 1243 φησι;
2426 1172 2624 1239 Κύριε,
2670 1172 2758 1243 μὴ
2799 1172 2880 1239 τῷ
2925 1174 3091 1244 θυμῷ
3132 1192 3248 1231 σου
3288 1177 3544 1248 ἐλέγξῃς
3572 1194 3671 1246 με,

1973 1253 2132 1322 μηδὲ
2165 1252 2242 1323 τῇ
2280 1252 2431 1324 ὀργῇ
2475 1271 2592 1309 σου
2630 1256 2964 1326 παιδεύσῃς
2998 1274 3108 1329 με·
3155 1258 3325 1330 θυμὸν
3376 1262 3469 1314 καλ⁸
3506 1261 3674 1333 ὀργὴν

1978 1337 2152 1406 λέγων
2182 1337 2281 1409 τὴν
2312 1339 2562 1392 ἐπίτασιν
2599 1340 2698 1411 τῆς
2738 1341 3008 1412 τιμωρίας
3036 1338 3164 1413 (οἶδε
3189 1344 3299 1417 γὰρ
3344 1344 3539 1409 παντὸς
3571 1346 3676 1398 πά·

1980 1421 2105 1486 θους
2129 1422 2191 1475 16
2218 1421 2374 1475 Θεῖον
2404 1422 2881 1495 ἀπηλλαγμένον),
2923 1425 3101 1479 καίτοι
3126 1444 3190 1494 γε
3211 1427 3389 1498 ἐαυτῷ
3423 1426 3677 1491 συνειδὼς

1979 1505 2038 1557 οὑ
2071 1506 2346 1569 κολάσεως
2368 1505 2489 1558 οὑδὲ
2520 1508 2816 1580 τιμωρίας,
2847 1508 2985 1562 ἀλλά
3011 1510 3179 1581 τιμῆς
3201 1510 3326 1576 ἄξια
3357 1512 3452 1564 καὶ
3480 1512 3680 1580 στεφά-

1979 1605 2105 1644 νων.
2132 1589 2205 1642 Ἥ
2229 1606 2287 1643 τε
2329 1590 2438 1662 γάρ
2473 1590 2677 1655 πίστις,
2719 1590 2785 1645 δι’
2812 1586 2881 1664 ἧς
2918 1595 3224 1665 κατήνεγκε
3268 1593 3360 1647 16v
3391 1593 3500 1648 τῶν
3529 1593 3679 1648 ἀλλο·

1980 1670 2162 1740 φύλων
2193 1671 2426 1744 πύργον,
2463 1672 2558 1726 καὶ
2600 1673 2663 1727 τὸ
2698 1676 2808 1727 πᾶν
2840 1674 2951 1728 τῶν
2995 1676 3266 1731 Ἰουδαίων
3309 1676 3462 1741 ἔθνος
3493 1675 3551 1741 ἐξ
3579 1678 3679 1729 αύ-

1978 1754 2087 1808 τῶν
2115 1755 2334 1827 ἥρπασε
2366 1756 2476 1810 τῶν
2524 1755 2620 1809 τοῦ
2657 1756 2889 1812 θανάτου
2924 1759 3130 1824 πυλῶν,
3171 1760 3207 1831 ἡ
3249 1778 3310 1813 τε
3341 1762 3423 1824 είς
3450 1759 3542 1813 τὸν
3566 1759 3685 1828 ἡδις

1979 1839 2188 1909 κηκότα
2223 1839 2511 1910 εὐεργεσία
2541 1842 2809 1913 γενομένη
2843 1844 2936 1899 καὶ
2980 1843 3132 1908 ἆπαξ
3171 1843 3265 1897 καὶ
3301 1843 3383 1906 δὶς
3418 1843 3512 1897 καὶ
3548 1841 3679 1895 πολ-

1978 1922 2155 1985 λάκις,
2187 1922 2283 1975 καὶ
2327 1922 2434 1994 πρὸ
2473 1923 2681 1977 τούτων
2737 1925 2770 1995 ἡ
2816 1924 2911 1978 τοῦ
2944 1923 3082 1979 Θεοῦ
3122 1925 3253 1997 περὶ
3293 1924 3461 1979 αὑτοῦ
3498 1923 3678 1995 ψῆφος

1979 2003 2342 2075 ἐξενεχθεῖσα,
2370 2007 2552 2060 πᾶσαν
2585 2006 2745 2078 ἱκανὴ
2772 2006 2943 2072 δεῖξαι
2973 2007 3067 2061 τοῦ
3097 2008 3289 2080 ἀνδρὸς
3319 2008 3417 2079 τὴν
3452 2006 3677 2078 ἀρετὴν,

1980 2088 2075 2142 καὶ
2109 2088 2218 2142 τῶν
2263 2088 2706 2160 κατορθωμάτων
2735 2090 2936 2159 μᾶλλον
2969 2091 3173 2145 αὑτῶν.
3210 2090 3291 2146 Τὰ
3333 2091 3430 2161 μὲν
3460 2088 3569 2161 γὰρ
3597 2089 3682 2161 έρ-

1979 2190 2075 2242 γα,
2096 2174 2200 2228 κᾶν
2295 2174 2509 2245 μεγάλα
2538 2174 2633 2229 καὶ
2667 2173 3142 2245 θαυμαστὰ,ὂμως
3170 2173 3383 2245 πονηρά
3410 2175 3683 2229 ὑποπτευ-

1980 2257 2141 2327 θῆναι
2168 2258 2372 2311 δύναιτ’
2401 2257 2490 2322 ἂν,
2519 2260 2569 2311 εί
2614 2258 2707 2311 καὶ
2736 2258 2806 2310 16
2835 2256 3073 2328 μάλιστα
3104 2256 3285 2329 πάσης
3314 2256 3550 2327 ὑποψίας
3575 2257 3682 2309 ἀπ-

1980 2340 2217 2410 ήλλακτο
2258 2341 2354 2395 τοῦ
2406 2341 2620 2395 δικαίου
2668 2341 2736 2394 τὰ
2773 2340 3205 2413 κατορθώματα·
3237 2342 3366 2395 ὅταν
3392 2340 3450 2393 δέ
3480 2341 3508 2393 6
3545 2337 3682 2401 Θεὸς

1978 2426 2007 2478 6
2038 2422 2412 2497 μαρτυρῶνῇ,
2441 2425 2621 2495 πάσης
2652 2426 2667 2465 ί
2703 2424 2860 2489 ἐκτὸς
2889 2425 3125 2489 ὑποψίας
3151 2426 3185 2496 ἡ
3215 2424 3394 2495 ψῆφός
3424 2424 3680 2481 ἐστινθοὺ

1979 2509 2109 2579 γάρ,
2146 2510 2195 2560 εί
2239 2509 2314 2580 μή
2345 2508 2444 2581 τὴν
2486 2508 2889 2580 ἀκριϐεστάτην
2932 2508 3168 2578 βάσανον
3199 2508 3301 2578 τῆς
3343 2506 3547 2579 ἀρετῆς
3578 2509 3679 2559 ὲπ-

1980 2590 2240 2655 εδείξατο,
2276 2594 2376 2662 τῆς
2415 2593 2472 2645 ἐν
2500 2595 2613 2655 τοῖς
2640 2592 2889 2663 οὐρανοῖς
2920 2589 3308 2661 ἀνακηρύξεως
3357 2590 3548 2660 ἔτυχεν
3593 2588 3678 2643 ἄν·

1981 2674 2048 2728 Τί
2077 2670 2171 2728 οὖν
2215 2677 2245 2729 6
2285 2675 2416 2739 Θεός
2442 2692 2575 2749 φησι
2614 2676 2742 2747 περὶ
2770 2674 2968 2742 αὑτούς
3009 2670 3207 2743 Εὗρον
3229 2673 3412 2729 Δαυῒδ
3433 2674 3539 2728 τὸν
3573 2673 3682 2731 τοῦ

1994 2757 2235 2825 Ἰεσσαί,
2272 2758 2463 2829 ἄνδρα
2506 2760 2659 2814 κατὰ
2696 2759 2814 2827 τὴν
2854 2758 3110 2827 καρδίαν
3153 2775 3295 2831 μου.
3347 2757 3485 2811 Ἀλλ’
3533 2758 3684 2828 ὅμως

1986 2842 2124 2913 μετά
2145 2842 2245 2914 τὴν
2265 2843 2524 2914 τοιαύτην
2546 2844 2726 2915 κρίσιν
2749 2843 2843 2897 καὶ
2869 2842 2968 2907 τὰς
2992 2842 3259 2906 τοσαύτας
3289 2840 3681 2913 ἀνδραγαθίας,

1982 2926 2051 2980 16
2104 2926 2216 2981 τῶν
2272 2928 2741 2998 κατεγνωσμένων
2780 2926 3079 2998 ἐφθέγγετο
3113 2928 3354 2998 ῥήματα,
3395 2926 3489 2979 καὶ
3540 2923 3686 2979 οὐδε-

1987 3011 2118 3081 μίαν
2153 3010 2389 3082 ἐχόντων
2426 3012 2739 3083 παρρησίαν
2766 3012 2904 3083 πρὸς
2940 3011 3032 3065 τὸν
3075 3010 3227 3075 Θεὸν,
3260 3008 3483 3082 πληρῶν
3510 3009 3686 3061 ἐκεῖνο
3804 3054 3819 3075 ,

1983 3092 2046 3145 16
2091 3093 2483 3163 εὑαγγελικὸν,
2532 3095 2613 3160 16,
2652 3095 2832 3149 Ὅταν
2870 3094 3069 3148 πάντα
3094 3092 3425 3161 ποιήσητε,
3472 3092 3681 3160 λέγετε,

1984 3177 2066 3230 ὅτι
2134 3177 2377 3248 Ἂχρεῖοι
2407 3176 2618 3232 δοῦλοί
2653 3178 2860 3249 ἐσμεν.
2901 3177 2966 3231 Τί
3009 3176 3211 3230 τούτων
3246 3187 3259 3225 1
3293 3175 3471 3229 πλέον’
3485 3173 3685 3244 ἐφθέγ-

1988 3259 2117 3326 ξατο
2147 3263 2176 3315 6
2198 3260 2369 3325 ὅντως
2398 3260 2607 3332 μυρίων
2633 3261 2819 3332 γέμων
2853 3258 3040 3313 κακῶν
3068 3260 3097 3311 6
3122 3256 3360 3329 τελώνης
3390 3259 3617 3322 ἐκεῖνος,
3656 3259 3685 3311 6

1990 3342 2125 3414 μηδὲ
2150 3342 2451 3413 ἀναϐλέψαι
2480 3344 2560 3407 είς
2588 3346 2679 3397 16v
2714 3342 2941 3414 οὐρανὸν
2972 3341 3280 3412 ὑπομένων,
3315 3340 3448 3411 μηδὲ
3472 3339 3685 3410 μακρὸν

1987 3428 2304 3482 κατατεῖναι
2354 3428 2533 3495 λόγον,
2573 3426 2707 3498 μηδὲ
2756 3424 2983 3496 πλησίον
3029 3423 3222 3495 στῆναι
3264 3422 3357 3476 τοῦ
3390 3422 3683 3492 Φαρισαίου

1986 3510 2238 3581 τολμῶν;
2278 3511 2338 3564 'U
2386 3509 2483 3581 μὲν
2524 3510 2632 3580 γάρ
2682 3508 2955 3572 ὠνείδιζεν
3000 3506 3163 3561 αὑτὸν
3202 3506 3395 3575 λέγων,
3431 3506 3511 3559 ὃτι
3562 3508 3685 3561 Οὐκ

1988 3592 2105 3661 εἰμὶ
2141 3593 2222 3659 ὡς
2260 3595 2315 3647 οί
2359 3592 2562 3647 λοιποὶ
2601 3591 2721 3648 τῶν
2758 3590 3107 3661 ἀνθρώπων,
3150 3588 3434 3661 ἅρπαγες,
3470 3589 3681 3661 ἄδικοι,

1984 3660 2207 3733 μοιχοὶ,
2250 3663 2290 3733 ἢ
2336 3662 2436 3718 καὶ
2605 3660 2783 3730 οὗτος
2827 3660 3187 3731 ὀίτελώνησ
3224 3663 3252 3715 6
3296 3660 3353 3715 δὲ
3398 3662 3475 3725 ώς
3518 3660 3685 3734 μηδὲν

1990 3747 2228 3811 ἀκούσας
2254 3748 2514 3819 δυσχερὲς
2548 3748 2642 3802 καὶ
2671 3745 2996 3810 κατεδέξατο
3031 3746 3093 3799 16
3129 3744 3339 3816 λεχθὲν,
3369 3744 3463 3798 καὶ
3495 3745 3556 3797 οὐ
3590 3743 3686 3814 μό-

1991 3847 2081 3884 νον
2100 3831 2200 3884 οὑκ
2223 3831 2629 3903 ἠγανάκτησεν,
2663 3830 2800 3885 ἀλλά
2822 3830 2917 3883 καὶ
2946 3830 3037 3882 τὸν
3064 3828 3325 3900 ὑϐριστὴν
3348 3829 3553 3881 ἐκεῖνον
3589 3827 3685 3880 καὶ

1993 3917 2229 3983 ἀλαζόνα
2254 3918 2492 3991 τοσαύτῃ
2521 3918 2786 3990 τετίμηκε
2812 3920 2968 3989 τιμῇ,
3007 3916 3084 3978 ὡς
3112 3915 3246 3987 μηδὲ
3276 3919 3377 3987 τῆς
3412 3915 3686 3985 πατουμέ·
3767 3983 3774 3990 ,

1993 4020 2089 4073 νης
2117 4004 2207 4055 ὑπ’
2250 4001 2460 4057 ἐκείνου
2505 4005 2608 4073 γῆς
2655 4002 2803 4070 ἀξιον
2860 3998 2997 4055 εἶναι
3043 4000 3288 4072 νομίζειν
3332 3998 3557 4053 έαυτόν’
3592 3998 3688 4052 καὶ

1993 4088 2150 4207 ρῆμα
2191 4086 2292 4157 μὲν
2334 4081 2488 4139 εἶπεν
2537 4086 2709 4149 οὐδὲν,
2754 4084 2893 4155 πλὴν
2933 4085 3057 4137 ὅσον
3098 4084 3199 4146 τὰς
3235 4083 3510 4155 ἁμαρτίας
3555 4084 3686 4151 δμο-

2025 4157 2222 4208 ογῆσαι
2270 4154 2367 4208 τάε
2410 4155 2606 4208 ἑαυτοῦ
2632 4171 2646 4184 °
2697 4153 2767 4207 16
2804 4156 2860 4207 δὲ
2910 4154 3110 4208 στέρνα
3157 4153 3374 4205 τύπτων
3418 4152 3684 4208 σφοδρῶς.

1994 4169 2222 4226 λογησαι
2270 4169 2367 4218 τας
2410 4169 2606 4209 εαυτου
2632 4171 2646 4184 ο
2697 4169 2767 4207 τα
2804 4169 2860 4207 οε
2910 4169 3110 4223 στερνα
3157 4170 3374 4205 τύπτων
3418 4169 3684 4222 σφοορως,

1994 4225 2135 4279 οὓτω
2162 4224 2463 4296 παρεκάλει
2501 4225 2659 4277 ίλεων
2695 4223 2949 4292 γενέσθαι
2990 4225 3081 4275 τὸν
3112 4221 3268 4277 Θεόν.
3302 4221 3459 4275 Ἀλλά
3490 4221 3552 4273 16
3588 4221 3688 4291 μὲν

1993 4310 2203 4362 ἐκεῖνον
2252 4306 2425 4361 ταῦτα
2483 4310 2658 4363 ποιεῖν
2705 4307 2858 4360 οὐδὲν
2917 4303 3265 4375 θαυμαστόνι
3306 4304 3368 4356 τὸ
3421 4303 3531 4373 γὰρ
3577 4302 3687 4355 τῶν

1993 4391 2411 4463 ἁμαρτημάτων
2462 4390 2665 4461 πλῆθος
2685 4390 2781 4445 καὶ
2851 4389 3045 4443 ἑκόντα
3104 4387 3265 4441 αὐτὸν
3323 4388 3419 4439 καὶ
3485 4388 3688 4440 ἄκοντα

1994 4475 2147 4527 κάτω
2181 4474 2411 4528 κύπτειν
2457 4475 2770 4546 ἠνάγκαζε*
2816 4474 2878 4526 τὸ
2928 4473 2986 4526 δὲ
3024 4470 3114 4525 τὸν
3157 4469 3364 4524 δίκαιον
3402 4470 3495 4522 καὶ
3525 4469 3688 4540 μηδὲν

1994 4557 2174 4628 ἐαυτῷ
2210 4557 2489 4612 συνειδότα
2540 4558 2781 4612 τοιοῦτον
2831 4555 2969 4628 μετά
3013 4556 3115 4626 τῆς
3154 4554 3325 4625 αὐτῆς
3361 4553 3440 4625 τῷ
3482 4551 3687 4624 τελώνῃ

1995 4643 2278 4715 προσιέναι
2313 4642 2339 4682 ι
2372 4641 2787 4712 καταγνώσεως,
2816 4639 2976 4695 τοῦτό
2999 4642 3114 4694 ἐστι
3150 4638 3211 4693 16
3240 4636 3565 4708 παράδοξον,
3597 4641 3689 4692 καὶ

1994 4726 2175 4798 ψυχῆς
2233 4725 2405 4790 ὅντως
2452 4725 2923 4797 συντετριμμένης
2959 4726 3203 4796 σημεῖον.
3239 4721 3346 4775 Τοῦ
3378 4720 3509 4794 γὰρ,
3546 4721 3689 4775 Ἰλά-

1996 4809 2176 4877 σθητί
2198 4825 2299 4878 μοι
2346 4805 2426 4874 τῷ
2466 4807 2812 4878 ἁμαρτωλῷ,
2847 4808 2902 4861 τί
2940 4808 3213 4880 διενήνοχε
3254 4804 3340 4871 16,
3380 4803 3577 4873 Κύριε,
3601 4803 3687 4873 μὴ

1996 4891 2077 4958 τῷ
2106 4889 2270 4961 θυμῷ
2303 4905 2420 4945 σου
2446 4890 2703 4962 ἐλέγξῃς
2723 4908 2821 4961 με,
2846 4890 3004 4962 μηδὲ
3030 4890 3106 4960 τῇ
3133 4888 3282 4959 ὀργῇ
3310 4902 3428 4942 σου
3457 4886 3689 4941 παιδεύ-

1996 4986 2120 5043 σῃς
2158 4989 2282 5044 μσς
2333 4966 2547 5029 Μᾶλλον
2606 4974 2663 5027 δὲ
2707 4974 2866 5027 τοῦτο
2912 4975 3123 5029 ἐκείνου
3174 4975 3270 5027 καὶ
3308 4970 3489 5043 πολλῷ
3529 4969 3688 5025 πλέον

1997 5056 2166 5113 ἐστίν.
2213 5057 2271 5110 '0
2306 5058 2403 5128 μὲν
2436 5058 2546 5130 γὰρ
2584 5056 2820 5129 τελώνης
2863 5058 2984 5113 οὑδὲ
3013 5056 3312 5125 ἀναϐλέψαι
3350 5055 3432 5117 είς
3471 5053 3562 5127 τὸν
3596 5053 3689 5107 οὑ-

2001 5141 2160 5211 ρανὸν
2198 5141 2299 5195 οὑκ
2329 5141 2651 5213 ἐτόλμησεν,
2681 5143 2711 5194 6
2739 5142 2795 5195 δέ
2818 5142 3026 5206 δίκαιος
3061 5141 3250 5195 τούτου
3292 5135 3688 5213 μεῖζονὺτοίη-

1998 5239 2112 5277 σεν.
2146 5223 2381 5285 Ἐκεῖνος
2421 5211 2521 5293 μὲν
2556 5224 2666 5295 γὰρ
2704 5222 2910 5293 ἔλεγεν,
2947 5221 3247 5291 Ἰλάσθητί
3274 5238 3399 5290 μοι,
3439 5211 3595 5282 οὗτος
3631 5219 3687 5272 δέ

1996 5305 2119 5360 οὑδέ
2153 5304 2315 5358 τοῦτο
2343 5305 2648 5378 ἐθάρρησεν
2677 5309 2852 5361 εἰπεῖν
2871 5322 2884 5336 ·
2915 5307 2977 5360 οὑ
3004 5306 3113 5377 γάρ
3141 5299 3286 5370 εἷπε,
3309 5301 3407 5370 Μὴ
3432 5300 3687 5373 ἀλέγξῃς

1991 5406 2092 5461 με,
2120 5387 2139 5428 ι
2167 5389 2324 5452 ἀλλὰ,
2347 5389 2445 5458 Μὴ
2485 5388 2567 5456 τῷ
2592 5386 2744 5463 [147]
2767 5389 2933 5460 θυμῷ
2974 5405 3110 5451 σου,
3133 5386 3272 5450 οὐδὲ,
3304 5384 3403 5453 Μὴ
3446 5383 3688 5437 παιδεύ-

1997 5487 2117 5542 σῃς
2132 5490 2230 5543 με,
2252 5473 2407 5537 ἀλλά,
2438 5474 2535 5543 Μὴ
2565 5473 2643 5545 τῇ
2681 5473 2829 5547 ὀργῇ
2865 5489 3003 5541 σου,
3035 5473 3095 5526 οὑ
3135 5470 3195 5525 16
3227 5470 3303 5542 μὴ
3332 5467 3684 5539 κολασθῆναι,

1996 5557 2136 5614 ἀλλά
2159 5558 2222 5612 16
2252 5557 2327 5629 μὴ
2360 5558 2565 5631 σφόδρα
2592 5558 2748 5613 τοῦτο
2782 5555 2974 5613 παθεῖν
3006 5554 3192 5611 αἰτῶν.
3223 5553 3388 5608 ’Ὥστε
3420 5551 3687 5606 πάντοθεν

2061 5692 2089 5732 1³
2115 5692 2252 5744 Colb.
2284 5693 2552 5750 διαπαντός.

2062 5756 2082 5797 ἱ
2109 5755 2245 5818 Colb.
2269 5754 2382 5818 ὅταν
2408 5756 2459 5818 δὲ
2480 5757 2598 5812 Θεὸς
2620 5757 2647 5803 ὁ
2670 5754 2935 5818 μαρτυρῶν,
2954 5754 3130 5814 πάσης.

2071 5818 2085 5869 1
2118 5817 2254 5867 Colb.
2277 5817 2323 5863 τί
2344 5817 2530 5865 τούτου.

2065 5884 2087 5940 ‘F
2111 5878 2250 5929 Colb.
2271 5878 2533 5940 προσεῖναι.

2067 5939 2084 5980 ι
2108 5943 2189 5992 Sic
2209 5938 2346 5988 Colb.
2372 5945 2422 5988 et
2445 5939 2596 5988 εει-ἣ.
2620 5938 2677 5988 In
2700 5938 2873 5990 Morel.
2898 5939 3121 6004 quedam
3141 5938 3368 6001 dgeranl.
