4032 6412
230 393 340 451 417

225 506 397 562 animi
423 505 542 577 ejus
562 506 832 565 humilitas
858 522 1141 582 appareat,
1172 524 1228 571 et
1257 517 1397 587 quod
1419 532 1480 573 se
1508 527 1655 575 tanto
1681 535 1809 590 sup-

225 601 395 669 plicio
446 601 667 671 dignum
720 615 964 673 putaret,
996 614 1052 661 et
1074 607 1215 677 quod
1246 624 1353 664 non
1385 611 1611 667 auderet
1659 621 1823 668 totam

224 693 444 747 veniam
474 708 505 747 a
531 694 639 749 Deo
662 697 962 765 postulare;
996 697 1153 770 idque
1180 717 1311 757 sane
1332 718 1519 759 eorum
1545 715 1630 760 est
1649 707 1738 776 qui
1766 721 1827 761 se

224 781 524 838 admodum
539 784 874 863 damnandos
887 799 1131 855 censent,
1151 800 1206 847 et
1223 807 1531 862 persuasum
1550 795 1745 852 habent
1767 812 1828 852 se

218 875 466 930 omnium
521 875 798 933 hominum
850 881 1206 951 nequissimos
1259 899 1400 941 esse.
1447 886 1600 955 Quod
1644 897 1823 944 autem

220 964 401 1034 majus
415 974 518 1031 est,
538 967 639 1022 hoc
659 968 831 1037 ipsum
852 985 960 1025 non
984 972 1348 1030 vehementius
1366 977 1561 1046 ptmiri,
1575 992 1641 1033 ex
1662 978 1826 1033 mise-

216 1054 454 1109 ricordia
473 1064 528 1111 et
545 1057 827 1114 clementia
844 1059 959 1124 Dei,
980 1069 1163 1131 utpote
1188 1062 1453 1132 infirmus,
1479 1065 1579 1121 sibi
1601 1068 1822 1124 concedi

217 1145 479 1214 rogabat:
512 1145 756 1202 Miserere
784 1150 905 1216 mei,
937 1150 1143 1222 inquit,
1169 1155 1411 1223 quoniam
1432 1156 1671 1226 inﬁrmus
1704 1175 1817 1212 sum

219 1233 395 1304 (Psal.
420 1236 477 1292 6.
493 1237 569 1307 ὅ).
589 1238 725 1307 Quid
753 1242 980 1312 hociqui
1004 1245 1094 1299 tali
1117 1246 1419 1302 testimonio
1442 1248 1690 1319 dignatus
1715 1260 1820 1319 est,

217 1337 275 1382 et
284 1327 481 1398 judicia
502 1330 595 1386 Dei
619 1347 726 1386 non
751 1332 951 1389 oblitus
974 1336 1246 1410 erat(nam
1268 1339 1364 1408 ait,
1383 1339 1593 1396 Iudicia
1609 1352 1696 1397 tua
1717 1360 1819 1401 non

214 1436 337 1473 sum
379 1421 564 1475 oblitus
592 1421 768 1495 [PsaL
803 1425 927 1481 118.
962 1424 1100 1501 30]),
1131 1429 1222 1499 qui
1253 1429 1369 1500 ipso
1422 1432 1536 1488 sole
1580 1434 1819 1504 splendi-

215 1511 343 1566 dius
368 1512 510 1569 lncet
528 1556 541 1580 ,
566 1514 654 1570 hic
676 1516 799 1571 talia
829 1516 1030 1588 profert
1054 1520 1251 1577 verba?
1276 1522 1472 1578 Etiam.
1515 1524 1629 1580 Hoc
1672 1528 1818 1582 enim

215 1604 465 1660 mirabile
490 1615 606 1673 est,
650 1607 793 1678 quod
834 1616 941 1664 tam
988 1625 1180 1689 magna
1220 1623 1500 1683 operatus,
1534 1615 1668 1671 nihil
1696 1633 1816 1673 um-

215 1711 379 1766 quam
407 1698 581 1767 magni
601 1697 670 1754 de
693 1713 754 1761 se
780 1699 861 1756 vel
885 1700 1082 1757 dixerit
1101 1703 1183 1759 vel
1213 1706 1473 1771 senserit,
1503 1707 1597 1762 sed
1615 1723 1675 1764 se
1699 1723 1816 1764 om-

214 1789 367 1842 nium
392 1789 743 1848 novissimum
772 1802 1081 1864 reputaret,
1112 1803 1168 1852 et
1185 1812 1252 1852 ex
1281 1797 1396 1853 sola
1418 1799 1511 1854 Dei
1530 1799 1813 1857 clementia

214 1881 445 1936 salutem
476 1885 734 1954 consequi
760 1894 1009 1956 rogaret,
1038 1901 1103 1943 ac
1131 1888 1177 1943 si
1208 1887 1447 1946 diceret:
1475 1891 1675 1962 Dignus
1698 1894 1818 1965 qni-

220 1971 347 2026 dem
369 1987 487 2026 sum
502 1974 767 2044 supplicio
788 1975 1169 2049 indeprecabili
1185 1989 1266 2047 ,et
1286 1980 1671 2040 immortalibus
1697 2001 1816 2055 pce-

200 2067 330 2132 ,nis;
358 2074 412 2120 at
436 2067 577 2136 quod
598 2067 652 2123 id
678 2084 784 2125 non
811 2071 1044 2143 amplius
1072 2073 1214 2130 ferre
1238 2077 1440 2145 possim
1457 2119 1473 2142 ,
1505 2093 1637 2150 rogo
1663 2080 1816 2136 solu-

216 2159 415 2211 tionem
433 2173 462 2213 a
482 2162 836 2230 praesentibus
855 2164 1009 2221 malis
1031 2184 1044 2221 :
1064 2169 1513 2238 quemadmodum
1541 2173 1722 2229 famuli
1739 2176 1814 2231 tui

212 2240 310 2316 qui
327 2248 605 2306 innumera
628 2253 836 2309 scelera
863 2266 1268 2327 perpetrarunt,
1302 2277 1593 2333 numquam
1622 2264 1808 2322 dicere

213 2348 440 2409 possunt
462 2355 522 2396 se
547 2357 654 2398 non
678 2358 936 2414 peccasse
960 2365 975 2415 ;
1001 2349 1125 2420 quia
1150 2360 1330 2407 autem
1358 2352 1692 2423 ﬂagellorum
1719 2356 1817 2412 do-

221 2432 308 2488 lor
334 2434 683 2493 intolerabilis
720 2447 832 2505 est,
865 2451 1055 2511 rogant
1095 2442 1311 2499 demum
1350 2445 1579 2517 mitigari
1611 2448 1811 2519 plagas.

216 2522 333 2595 Ego
370 2534 547 2583 autem
591 2538 721 2598 puto
774 2530 924 2587 illum
965 2533 1124 2588 aliam
1177 2550 1390 2607 quoque
1446 2537 1812 2596 infirmitatem

214 2616 574 2675 subindicare.
606 2619 776 2689 Quam
815 2638 945 2678 vero
970 2623 1158 2679 illam?
1204 2642 1322 2682 eam
1373 2643 1494 2698 qua;
1530 2629 1600 2684 ab
1647 2631 1812 2686 animi

215 2724 448 2766 maerore
467 2719 520 2766 et
545 2726 575 2765 a
600 2713 885 2782 gemitibus
904 2716 1245 2785 procedebat.
1269 2717 1420 2775 Solet
1441 2721 1586 2776 enim
1609 2721 1813 2778 doloris

212 2815 489 2868 excessus,
511 2817 633 2857 cum
656 2804 942 2861 violentior
961 2807 1145 2875 instat,
1174 2817 1341 2867 totam
1357 2812 1550 2868 anima:
1564 2815 1670 2869 vim
1689 2830 1812 2871 cor-

213 2894 427 2978 rodere.
451 2895 615 2966 ldque
637 2906 764 2968 puto
804 2908 1048 2957 sanctum
1079 2902 1251 2958 virum
1280 2919 1401 2961 esse
1435 2921 1650 2975 passum
1670 2907 1812 2978 quod

214 3001 332 3043 sese
350 2969 637 3045 admodum
659 2989 958 3059 damnaret,
977 3005 1032 3050 et
1051 2994 1194 3066 quod
1213 3012 1502 3069 numquam
1523 3015 1649 3070 spes
1672 3002 1809 3056 bona

213 3089 549 3151 suppeteret,
591 3083 686 3139 sed
710 3084 936 3142 adversa
960 3102 1173 3159 semper
1197 3092 1542 3160 exspectatio.
1587 3093 1654 3148 Et
1707 3093 1812 3150 hoc

214 3189 276 3227 ex
303 3176 645 3244 sequentibus
669 3178 846 3247 palam
867 3177 993 3236 facit
1023 3198 1037 3235 :
1062 3196 1184 3237 nam
1200 3182 1442 3238 Miserere
1460 3185 1575 3253 mei,
1604 3185 1807 3255 adjicit,

213 3265 450 3333 quoniam
490 3267 726 3336 inﬁrmus
758 3287 871 3325 sum
894 3287 915 3326 :
954 3289 1081 3327 sana
1124 3290 1236 3341 me,
1287 3275 1524 3345 Domine,
1569 3280 1811 3348 quoniam

216 3356 515 3411 conturbata
547 3370 665 3414 sunt
695 3378 812 3417 ossa
858 3380 1003 3432 mea,
1034 3375 1081 3420 et
1121 3367 1293 3421 anima
1342 3385 1455 3423 mea
1493 3369 1689 3425 turbata
1736 3380 1809 3425 est

213 3447 363 3502 ualde
384 3465 403 3504 :
430 3466 550 3504 cum
581 3453 728 3521 prius
753 3453 1005 3521 dixisset,
1031 3456 1273 3525 Domine,
1304 3475 1366 3514 ne
1395 3463 1448 3514 in
1496 3463 1669 3532 furore
1724 3472 1809 3516 tuo

213 3555 401 3609 arguas
422 3558 500 3594 me
528 3541 697 3614 (Psal.
725 3544 780 3599 6.
813 3545 889 3615 5).
919 3546 1071 3613 Quod
1092 3546 1147 3602 si
1168 3543 1267 3602 ille.
1297 3551 1387 3619 qui
1426 3552 1807 3607 conscientiam

214 3630 285 3683 ita
313 3644 496 3698 puram
521 3631 782 3703 habebat,
816 3646 968 3707 rogat
995 3653 1064 3693 ne
1092 3654 1312 3710 operum
1341 3656 1566 3698 examen
1589 3658 1808 3700 accura-

214 3728 327 3775 tum
356 3722 447 3777 fiat
480 3742 494 3778 :
530 3725 656 3794 quid
703 3741 809 3786 nos.
854 3727 1109 3785 faciemus
1150 3731 1242 3801 qui
1281 3741 1360 3788 tot
1388 3734 1542 3789 malis
1588 3735 1809 3791 involuti

214 3829 430 3880 sumus,
462 3825 510 3871 et
537 3824 740 3872 tantum
769 3819 837 3874 ab
865 3819 985 3889 ejus
1024 3820 1216 3876 fiducia
1269 3823 1427 3894 longe
1470 3840 1691 3892 sumus,
1743 3841 1807 3882 ac

218 3922 321 3961 nec
379 3909 921 3981 quantulamcumque
960 3913 1078 3980 ejus
1106 3913 1457 3971 confessionis
1486 3926 1810 3986 partem‘ex-

217 3998 528 4053 hibnimus?
550 3999 726 4068 Quare
747 4002 906 4073 igitur
933 4003 1121 4061 beatus
1150 4006 1240 4060 ille
1290 4007 1369 4062 sic
1410 4008 1807 4064 conﬁtebatur?

218 4087 481 4143 Didicerat
512 4090 716 4144 scilicet
739 4091 1005 4146 neminem
1028 4093 1309 4162 justificari
1340 4110 1526 4151 coram
1578 4099 1688 4154 Deo
1709 4140 1724 4165 ,
1751 4108 1808 4155 et

210 4179 408 4248 justum
429 4180 514 4235 vix
531 4181 752 4237 salutem
775 4185 1417 4254 consequi.Quamobrem
1438 4204 1578 4244 nunc
1594 4191 1806 4261 quidem

211 4282 366 4342 rogat
383 4272 587 4340 dicens,
625 4272 746 4328 Non
771 4275 925 4330 intres
964 4277 1018 4329 in
1045 4277 1299 4347 judicium
1344 4295 1462 4332 cum
1490 4296 1633 4334 seruo
1675 4291 1762 4335 tuo
1789 4283 1806 4315 ί

213 4363 386 4433 (Psal.
418 4365 539 4419 142.
566 4365 649 4433 2);
674 4382 818 4421 nunc
837 4382 988 4434 vero,
1017 4367 1258 4423 Miserere
1276 4371 1392 4435 mei,
1426 4370 1660 4440 Domine,
1680 4391 1808 4444 quo-

211 4456 353 4508 niam
382 4456 615 4524 inﬁrmus
633 4474 764 4511 sum.

287 4547 342 4601 5.
373 4546 484 4602 Hoc
512 4550 654 4602 enim
686 4565 781 4620 par
809 4559 895 4605 est
921 4550 1115 4622 ubique
1140 4553 1507 4616 considerare,
1536 4556 1807 4626 quomodo

212 4654 478 4710 nusquam
522 4642 774 4711 przeclara
823 4655 974 4713 gesta
1018 4660 1114 4700 sua
1156 4656 1442 4713 memoret,
1486 4647 1582 4702 sed
1629 4648 1682 4703 in
1715 4650 1806 4704 Dei

212 4731 651 4786 misericordiam
700 4734 926 4788 salutem
973 4750 1124 4790 suam
1169 4738 1438 4807 conjiciat.
1485 4738 1618 4795 Illud
1662 4743 1806 4796 enim

212 4823 433 4877 contriti
462 4831 545 4878 est
597 4824 796 4890 animi,
826 4824 957 4879 illud
1005 4826 1266 4882 humiliati
1312 4832 1559 4898 spiritus,
1592 4832 1722 4887 illud
1754 4833 1807 4887 in

208 4930 376 4971 causa
425 4925 539 4971 erat
565 4917 705 4987 quod
752 4932 942 4987 magna
973 4928 1223 4986 Operatus
1272 4921 1390 4989 plus
1419 4938 1577 4992 quam
1619 4940 1808 4994 pecca-

208 5015 362 5062 tores
386 5007 597 5062 timeret
637 5021 700 5061 ac
733 5015 1011 5063 tremeret.
1041 5008 1194 5075 Quod
1220 5018 1398 5065 autem
1445 5021 1699 5069 tremeret
1742 5031 1806 5071 ac

209 5106 478 5152 metueret
507 5098 630 5152 audi
659 5098 832 5168 ipsum
864 5097 1133 5154 dicentem
1165 5118 1179 5154 :
1223 5100 1285 5156 Si
1307 5101 1598 5169 iniquitates
1639 5103 1809 5157 obser-

207 5189 427 5251 vaveris,
443 5186 687 5252 Domine;
699 5188 932 5255 Domine,
949 5190 1061 5257 quis
1079 5191 1342 5246 sustinebit
1364 5191 1537 5263 (Psal.
1564 5194 1689 5250 129.
1708 5196 1807 5266 5)?

209 5280 449 5336 Noverat
475 5283 640 5348 enim,
669 5290 726 5337 et
752 5283 897 5338 clare
926 5294 1164 5349 noverat,
1195 5296 1296 5339 nos
1315 5299 1439 5340 esse
1478 5286 1593 5341 Deo
1620 5287 1805 5343 multis

206 5364 410 5426 debitis
429 5372 691 5428 obnoxios
711 5414 728 5439 ,
759 5381 815 5429 et
846 5372 1064 5428 minima
1089 5383 1302 5443 peccata
1334 5390 1581 5445 magnam
1609 5379 1805 5432 mereri

210 5476 452 5532 penam.
484 5462 716 5518 Noverat
761 5463 850 5518 diu
879 5474 1006 5519 ante
1048 5465 1326 5535 praescius,
1360 5479 1493 5534 quas
1536 5464 1683 5536 leges
1709 5481 1806 5538 po-

204 5552 411 5609 siturus
435 5564 580 5610 esset
601 5553 851 5633 Christus
877 5565 1134 5612 venturus
1158 5573 1172 5609 :
1219 5571 1325 5610 non
1365 5556 1591 5612 caedium
1618 5559 1802 5625 modo,

202 5647 304 5700 sed
336 5646 497 5700 etiam
523 5645 1395 5714 contumeliarum,conviciorum,
1423 5650 1684 5704 malarum
1713 5665 1806 5705 co-

202 5722 560 5808 gitationum,
589 5738 750 5803 risus,
799 5739 956 5795 otiosi
1002 5741 1299 5804 sermonis,
1327 5741 1672 5797 scurrilitatis
1693 5784 1707 5808 ,
1738 5758 1802 5798 ac

271 5830 287 5895 ξ
327 5828 400 5877 sic
432 5828 593 5889 pergit
611 5827 762 5886 που»,
796 5842 1017 5895 apprime
1036 5830 1214 5895 sciebat
1253 5833 1381 5895 quod
1393 5831 1557 5893 justus
1594 5830 1699 5895 ipse
1721 5830 1804 5884 via:

198 5890 421 5943 saltuum
445 5901 463 5938 :
487 5896 775 5950 quum-apter
799 5890 1003 5951 dicebat,
1026 5892 1251 5943 Miserere
1266 5890 1407 5945 'ntet'f
1616 5890 1625 5895 ’
1782 5924 1791 5929 -

560 5979 829 6042 ΡΑτιιοι..
878 5980 994 6042 Gn.
1043 5982 1294 6046 XLVII.

1125 401 1211 458 DE
1238 401 1789 476 COMPUNCTIONE,
1830 410 1921 464 AD
1956 410 2410 477 STELECHIUM.
2453 422 2581 481 LIB.
2623 427 2686 484 11.

3419 442 3521 501 618

1935 526 2200 584 minorum
2246 533 2406 590 etiam
2457 553 2631 595 rerum
2684 558 2899 614 gravem
2941 548 3056 607 fore
3097 553 3351 613 ultionem
3404 572 3520 613 ere-

1931 615 2112 717 debat.
2140 620 2477 696 Quapropter
2503 630 2733 702 Paulus,
2764 638 2864 694 etsi
2893 642 3217 701 nulliusaibi
3242 650 3518 717 conscius,

1931 705 2144 765 diccbat
2167 754 2181 777 ,
2214 713 2365 770 Nihil
2392 719 2518 774 mihi
2544 727 2774 782 conscius
2809 746 2954 794 sum,
2985 736 3077 790 sed
3100 753 3200 793 non
3226 740 3279 795 in
3305 742 3402 796 hoc
3428 705 3521 807 ju:

1929 800 2306 901 stin-coturnum
2328 809 2403 882 (1.
2435 811 2555 869 Cor.
2573 816 2628 871 4.
2647 818 2727 889 4).
2754 819 2861 877 Cur
2887 830 3103 883 autem?
3122 831 3278 901 Quia,
3305 800 3517 893 etiamsi

1930 892 2058 948 nihil
2087 898 2210 953 mali
2237 898 2486 972 fecisset,
2521 922 2695 979 neque
2723 915 2868 970 enim
2910 919 3129 992 fecerat,
3160 926 3374 987 modum
3418 927 3518 983 ho-

1929 986 2078 1087 noris
2133 988 2244 1045 Deo
2292 993 2557 1064 referendi
2629 1002 2935 1074 implevisse
2984 1026 3043 1067 se
3114 986 3241 1071 non
3272 1020 3513 1087 putabat.

1928 1074 2153 1136 Etiamsi
2183 1083 2325 1139 enim
2364 1093 2667 1149 sexcenties
2695 1100 3020 1168 moriamur,
3049 1105 3255 1163 etiamsi
3299 1125 3512 1167 onmem

1926 1168 2276 1262 exhibeamus
2305 1177 2555 1237 virtutem
2575 1225 2591 1249 ,
2621 1186 2754 1244 nihil
2796 1190 3014 1262 dignum
3040 1195 3315 1256 reddimus
3340 1201 3513 1258 hono-

1926 1259 2096 1329 ribus,
2122 1266 2317 1336 quibus
2341 1286 2372 1326 a
2399 1273 2510 1331 Deo
2529 1276 2708 1334 aﬂ‘ecti
2730 1259 2938 1339 sumus.

1994 1354 2095 1460 Dei
2131 1363 2447 1428 protidentia
2469 1386 2587 1442 ergo
2620 1372 2891 1433 hominem.
2914 1407 2987 1421 --
3008 1380 3142 1438 Vide
3183 1385 3328 1441 enim
3376 1403 3512 1460 quo-
3554 1412 3557 1415 δ

1923 1447 2107 1549 modo,
2138 1467 2260 1507 cum
2291 1458 2439 1513 nullo
2463 1475 2528 1515 ex
2555 1466 2755 1523 nostris
2774 1479 2978 1540 egeret,
3011 1472 3106 1529 sed
3133 1474 3233 1531 sibi
3262 1477 3377 1549 ipse
3394 1447 3512 1534 ’δηΐ-

1923 1540 2129 1633 fieeret,
2168 1555 2274 1601 non
2317 1550 2608 1609 existentes
2655 1573 2753 1614 nos
2796 1562 3028 1620 existere
3075 1564 3233 1633 fecit,
3278 1540 3510 1627 animam

1923 1628 2202 1702 inspiravit
2226 1639 2439 1708 qualem
2469 1644 2603 1701 nulli
2631 1663 2698 1703 ex
2727 1654 2955 1708 terrenis
2980 1655 3320 1726 animalibus,
3354 1677 3512 1732 para-

1921 1721 2096 1780 disum
2122 1728 2403 1801 plantavit,
2431 1738 2623 1795 caelum
2661 1744 2918 1812 extendit,
2950 1756 3146 1804 terram
3191 1721 3507 1823 substravit,

1922 1814 2204 1875 luminaria
2233 1824 2479 1882 accendit
2520 1829 2821 1901 Splendida,
2852 1844 3050 1893 terram
3094 1843 3318 1912 stagnis,
3343 1814 3507 1901 fonti;

1922 1906 2042 2002 bus,
2089 1908 2418 1983 fluminibus,
2463 1918 2688 1978 ﬂoribus
2727 1934 2782 1979 et
2828 1928 3023 1997 plantis
3059 1906 3508 2002 orna'vitpctclum
3563 1945 3565 1947 ’

1920 2000 2068 2055 vario
2106 2013 2374 2061 astrorum
2427 2009 2595 2068 choro
2624 2013 2904 2086 distinxit,
2938 2031 3150 2078 noctem
3196 2000 3303 2083 non
3332 2030 3511 2087 minus

1920 2105 2078 2160 quam
2107 2092 2250 2149 diem
2299 2097 2484 2154 utilem
2534 2102 2659 2158 fecit
2702 2117 2920 2178 propter
2944 2111 3180 2181 quietem
3227 2124 3282 2173 et
3306 2119 3449 2175 vires
3479 2136 3508 2176 a

1920 2193 2112 2237 somno
2139 2197 2431 2255 reparatas.
2463 2191 2593 2248 Nam
2622 2208 2842 2253 somnus
2871 2215 2977 2256 non
3008 2204 3186 2261 minus
3209 2223 3366 2279 quam
3397 2210 3505 2266 cibi

1919 2286 2145 2343 corpora
2174 2288 2355 2334 nostra
2378 2281 2492 2349 alit,
2519 2287 2674 2341 utve]
2707 2287 2830 2344 inde
2858 2291 3031 2361 palam
3058 2305 3160 2363 est,
3186 2298 3327 2368 quod
3356 2298 3512 2355 famis

1919 2367 2134 2436 quidem
2188 2373 2382 2428 multas
2406 2389 2550 2444 sarpe
2578 2376 2696 2434 dies
2723 2380 2937 2437 tolerari
2987 2367 3264 2444 videamus
3309 2391 3511 2463 absque

1919 2469 2109 2513 somno
2131 2470 2307 2516 autem
2345 2464 2431 2519 vix
2473 2481 2689 2535 paucas.
2722 2470 2817 2527 llle
2846 2476 3036 2546 estqui
3063 2477 3166 2534 diei
3196 2480 3462 2538 flammam
3489 2526 3505 2550 ,

1918 2549 2031 2606 sive
2058 2567 2123 2607 ex
2177 2555 2328 2609 radio
2372 2558 2555 2626 solari,
2586 2564 2699 2619 sive
2725 2580 2794 2620 ex
2825 2566 3031 2622 diurnis
3068 2569 3342 2627 laboribus
3380 2591 3509 2646 pro-

1918 2644 2116 2707 veniat,
2141 2646 2425 2718 refrigerat
2448 2664 2502 2708 et
2530 2654 2807 2724 dissolvit,
2836 2659 3021 2731 sicque
3048 2679 3146 2718 nos
3175 2644 3393 2737 vegetos
3421 2685 3509 2725 re-

1918 2736 2094 2792 stituit
2121 2749 2174 2793 et
2197 2741 2460 2799 adeundis
2499 2746 2691 2805 iterum
2735 2751 3008 2809 laboribus
3036 2770 3194 2824 pares
3221 2736 3502 2829 :hyberna

1917 2846 2047 2887 vero
2074 2843 2391 2905 tempestate
2416 2855 2517 2894 nox
2543 2841 2783 2913 longiore
2803 2860 2963 2902 cursu
2986 2849 3103 2918 plus
3129 2851 3284 2907 nobis
3303 2856 3509 2909 confert

1917 2922 2120 2993 requiei
2150 2934 2202 2979 et
2229 2926 2428 2996 solatii,
2477 2930 2605 2987 dum
2636 2948 2734 2988 nos
2780 2935 2879 2990 sub
2906 2944 3047 2993 tecto
3083 2955 3301 2997 manere
3342 2945 3505 3015 cogit.

1917 3012 2177 3070 Tenebrae
2204 3028 2378 3073 autem
2421 3035 2525 3075 non
2556 3021 2748 3078 frustra
2777 3042 2875 3082 nec
2898 3037 3100 3086 temere
3130 3031 3254 3088 huic
3285 3012 3506 3105 tempori

1916 3102 2183 3173 deputata:
2204 3117 2327 3163 sunt
2352 3110 2466 3175 ,sed
2490 3127 2586 3181 pro
2610 3115 2797 3184 majori
2821 3119 3022 3187 quiete.
3046 3102 3504 3186 Quemadmodum

1917 3196 2062 3250 enim
2091 3207 2288 3254 matres
2312 3203 2478 3270 prolis
2504 3215 2747 3261 amantes
2767 3250 2783 3275 ,
2819 3224 2941 3264 cum
2977 3214 3253 3283 vagientes
3278 3216 3531 3274 infantes

1915 3286 1981 3340 ad
2023 3288 2255 3358 quietem
2307 3305 2617 3360 provocant,
2655 3298 2795 3353 ulnis
2841 3303 3171 3372 complexos,
3222 3307 3506 3378 tunicaque

1916 3378 2103 3433 oculos
2154 3395 2340 3436 eorum
2387 3386 2692 3461 cpericntcs
2747 3388 2987 3448 dormire
3041 3394 3292 3450 faciunt:
3348 3399 3425 3452 sic
3450 3409 3505 3453 et

1919 3471 2060 3527 Deus
2098 3483 2367 3545 tamquam
2408 3480 2649 3536 velamen
2679 3484 2947 3553 quoddam
2996 3487 3245 3543 tenebras
3297 3505 3389 3559 per
3418 3507 3506 3545 or-

1918 3562 2039 3618 bem
2067 3568 2399 3636 expandens,
2430 3570 2675 3628 homines
2697 3589 2728 3630 a
2757 3575 3032 3634 laboribus
3056 3580 3332 3650 quiescere
3358 3581 3501 3639 facit.

1915 3655 2025 3711 Nisi
2055 3659 2199 3713 enim
2231 3661 2302 3715 ita
2329 3672 2506 3729 esset,
2539 3665 2720 3721 nimiis
2748 3669 2976 3739 negotiis
3015 3671 3101 3725 vel
3147 3674 3384 3741 pecunia:
3413 3690 3504 3729 co-

1915 3749 2102 3818 gendae
2125 3751 2417 3820 cupiditate
2447 3770 2633 3812 omnes
2660 3758 3120 3817 distraheremur:
3153 3780 3304 3829 nunc
3323 3775 3501 3820 autem

1915 3856 2014 3896 nos
2063 3843 2148 3898 vel
2180 3845 2375 3902 invitos
2411 3849 2689 3907 remittere
2732 3852 2957 3908 sudores
3000 3854 3161 3920 facit;
3195 3871 3294 3911 nec
3336 3858 3501 3913 modo

1914 3936 2231 4005 corporibus
2249 3978 2265 4005 ,
2296 3938 2391 3994 sed
2420 3940 2581 3996 etiam
2609 3944 2824 4010 animis,
2851 3960 2958 4000 non
2999 3947 3176 4003 minus
3196 3964 3356 4020 quam
3384 3965 3504 4005 cor-

1913 4027 2160 4097 poribus,
2209 4021 2447 4102 quietem
2498 4034 2583 4089 hic
2629 4051 2811 4091 rerum
2862 4037 2996 4093 ordo
3045 4051 3318 4110 procurat.
3365 4041 3502 4110 Quid

1915 4121 2058 4175 enim
2080 4122 2292 4176 dicatur
2306 4123 2373 4178 de
2398 4127 2653 4194 temporis
2676 4127 2832 4197 hujus
2850 4129 3027 4197 quiete
3044 4141 3095 4185 et
3118 4133 3503 4203 tranquillitate

1915 4221 1971 4268 et
2014 4216 2285 4284 quomodo
2313 4217 2492 4270 ornnia
2537 4219 2751 4273 silentio
2799 4219 2953 4289 plena
2981 4228 3037 4275 et
3078 4223 3306 4277 tumultu
3337 4240 3501 4279 vacua

1914 4304 2041 4370 sint,
2072 4306 2379 4377 nulliusque
2405 4324 2508 4363 vox
2535 4310 2782 4365 audiatur
2803 4312 2948 4367 velut
2976 4313 3029 4368 in
3062 4313 3169 4379 die,
3200 4315 3287 4369 ubi
3314 4316 3401 4370 alii
3434 4317 3502 4371 de

1915 4384 2657 4470 paupertateconqueruntur,
2685 4402 2774 4457 alii
2801 4402 3053 4460 damnum
3084 4405 3185 4461 sibi
3223 4407 3501 4476 importari

1915 4490 2167 4555 clamant,
2198 4490 2287 4545 alii
2321 4492 2538 4549 morbos
2564 4495 2861 4567 mutilaque
2885 4512 3110 4566 corpora
3140 4499 3343 4569 lugent,
3376 4516 3501 4571 pars

1915 4580 2335 4651 prepinquorum
2367 4593 2626 4652 mortem,
2660 4601 2784 4656 pars
2825 4586 3086 4657 jacturaut
3128 4589 3498 4660 pecuniarum,

1914 4671 2004 4725 alii
2027 4671 2289 4728 humanas
2310 4675 2441 4731 alias
2466 4692 2751 4741 aerumnas,
2779 4695 2897 4750 qua:
2922 4694 3050 4734 sane
3074 4679 3318 4750 plurima:
3344 4694 3501 4738 sunt:

1914 4779 1980 4818 ex
2003 4765 2195 4834 quibus
2222 4767 2470 4821 omnibus
2487 4768 2647 4822 veluti
2674 4771 2919 4838 procellis
2935 4771 3188 4841 eripiens,
3213 4771 3504 4829 humanum

1913 4869 2078 4923 genus
2102 4854 2170 4909 ad
2194 4868 2404 4923 portum
2434 4872 2585 4911 suum
2607 4869 2710 4913 nox
2741 4861 2949 4929 recipit.
2974 4862 3101 4917 Haec
3124 4865 3278 4920 nobis
3297 4881 3325 4919 a
3349 4876 3506 4921 nocte

1914 4945 2052 5001 bona
2105 4947 2484 5014 conferuntur,
2534 4966 2563 5004 a
2612 4949 2703 5005 die
2757 4961 2936 5006 autem
2989 4953 3112 5022 illa,
3142 4972 3262 5026 qua:
3305 4957 3505 5011 scimus

1914 5038 2170 5092 universi.
2201 5039 2337 5106 Quid
2364 5056 2493 5094 vero
2520 5041 2732 5096 dicatur
2769 5042 2837 5097 de
2862 5048 3172 5100 commercii
3217 5045 3506 5103 facultate?

1913 5128 2122 5184 Etenim
2155 5146 2220 5185 ne
2244 5131 2490 5186 itinerum
2522 5133 2800 5203 longitudo
2828 5149 2927 5189 nos
2955 5151 2985 5189 a
3017 5147 3201 5191 mutuo
3225 5139 3506 5193 consortio

1911 5230 2199 5286 averteret,
2231 5222 2529 5278 breviorem
2553 5225 2707 5280 nobis
2729 5227 2869 5281 viam
2902 5244 3049 5285 mare
3074 5229 3278 5285 scilicet
3308 5233 3503 5302 ubique

1911 5327 2010 5383 per
2036 5313 2222 5369 orbem
2242 5315 2382 5370 Deus
2400 5314 2628 5384 diffudit,
2656 5327 2716 5372 ut
2739 5319 2792 5374 in
2815 5321 2944 5375 orbe
2967 5330 3078 5375 toto
3095 5323 3244 5392 quasi
3272 5323 3323 5376 in
3341 5322 3502 5377 domo

1909 5420 2017 5460 una
2061 5404 2395 5475 habitantes,
2441 5407 2525 5479 sic
2561 5405 2872 5479 frequenter
2913 5412 3179 5482 possimus
3230 5412 3320 5466 alii
3368 5414 3499 5469 alios

1910 5498 2082 5563 adire,
2116 5509 2178 5554 ut
2204 5513 2297 5555 sua
2328 5501 2527 5572 quique
2552 5504 2833 5561 commoda
2874 5504 3133 5574 proximis
3163 5506 3275 5563 suis
3305 5507 3500 5579 singuli

1911 5589 2204 5658 tradentes,
2226 5591 2399 5646 aliena
2445 5602 2633 5649 mutuo
2675 5594 2956 5663 recipiant,
2984 5603 3040 5648 et
3083 5611 3299 5665 parvam
3344 5607 3502 5653 terrae

1911 5682 2211 5751 portionem
2241 5695 2591 5756 occupantes,
2624 5686 2873 5741 omnibus
2899 5686 3097 5757 ubique
3125 5690 3317 5760 positis
3346 5690 3500 5746 bonis

1908 5777 2061 5846 quasi
2105 5777 2307 5833 domini
2363 5779 2638 5850 potiantur
2683 5797 2698 5835 :
2752 5781 3202 5851 quemadmodum
3253 5786 3306 5841 in
3360 5786 3496 5838 lauta

1910 5884 2094 5925 mensa
2122 5870 2340 5941 singulis
2370 5873 2625 5941 convivis,
2652 5889 2769 5945 qua:
2795 5885 2915 5929 ante
2946 5891 3003 5930 se
3037 5879 3204 5944 posita
3233 5886 3355 5929 sunt
3384 5876 3495 5929 aliis

3084 5981 3163 6043 2's
