4032 6406
490 540 644 607 longe
669 533 888 591 remotis
908 532 1061 598 dare,
1087 540 1139 586 et
1167 528 1234 583 ab
1264 527 1390 593 illis,
1420 538 1539 594 qua:
1564 535 1729 592 penes
1755 533 1814 573 se
1839 514 2058 575 habent,

408 468 415 473 .
480 410 583 471 419
634 410 692 468 S.
736 412 924 469 JOAN.
959 406 1349 467 CllllYSOS’l‘.
1390 399 1709 458 ABCil'El’.
1742 390 2290 454 CONSTANTINOP.
2322 388 2409 444 DE
2431 379 2824 441 COMPUNCT.
2868 376 2954 434 AD
2990 369 3318 433 STELECH.
3348 368 3476 427 LIB.
3519 367 3582 423 ll.
3636 365 3744 420 1Ξο

2168 508 2394 563 faciebat
2421 508 2440 577 (
2465 522 2497 563 e
2522 521 2581 561 re
2608 516 2836 574 namque
2856 499 3012 555 fuerit
3038 497 3185 554 illum
3210 495 3386 551 denuo
3409 502 3742 547 commento-

490 579 644 607 ’ν’-ον
669 579 888 591 ’νυ-π---ν
909 579 1060 598 “""'7
1091 579 1139 586 ν-
1168 579 1230 583 --~
1265 579 1316 581 -η
1376 579 1390 593 1
1439 579 1453 594 .
1566 579 1583 592 .

489 641 707 683 extensa
732 626 903 680 solum
932 636 1092 676 manu
1117 619 1363 688 accipere
1385 616 1527 668 licet.
1562 608 1715 678 Quod
1741 609 1784 662 si
1815 605 1933 677 quis
1960 601 2065 658 alia
2164 600 2329 669 rare),
2353 613 2474 653 cum
2491 595 2622 652 dicit
2634 593 2911 649 Dominum
2932 605 3027 661 pro
3046 603 3106 644 se
3126 594 3389 641 mortuum
3410 597 3530 637 esse
3556 599 3568 634 :
3597 579 3745 645 Quod

490 732 741 773 sermone
761 712 1009 784 persequi
1031 707 1333 771 tentaverit,
1364 705 1418 759 in
1433 699 1814 773 longitudinem
1842 696 2071 749 immen-

491 822 605 863 sam
651 804 867 868 incidet,
904 815 1002 857 nec
1028 800 1113 855 vel
1159 798 1404 868 exiguam
1447 802 1650 863 partem
1679 788 1938 856 attingere
1975 797 2068 854 po-

494 899 657 954 terit:
683 893 951 966 quomodo
989 891 1132 949 enim
1153 931 1169 955 ,
1200 890 1361 944 homo
1387 900 1507 941 cum
1557 883 1661 949 sit,
1690 873 2073 936 inlnitam‘Dei

495 985 807 1056 sapientiam
834 983 1010 1038 metiri
1048 975 1422 1050 aggrediatur?
1446 975 1628 1044 Cogita
1669 970 1880 1026 interim
1923 967 2076 1037 plau-

498 1087 671 1133 tarum
720 1076 1069 1138 varietatem,
1116 1068 1533 1130 fructiferarum,
1587 1062 2072 1123 infructuosarum,

498 1184 682 1224 carum
708 1183 828 1238 quae
858 1166 911 1220 in
940 1163 1171 1220 desertis
1189 1203 1207 1229 ,
1234 1175 1353 1231 qua:
1382 1159 1437 1215 in
1459 1157 1604 1228 agris
1632 1154 1809 1219 cultis,
1845 1151 1899 1207 in
1924 1164 2079 1206 mon.

507 1259 671 1323 tibus,
703 1257 757 1312 in
778 1255 996 1325 planitie
1025 1271 1040 1309 :
1071 1251 1350 1309 considera
1379 1249 1743 1305 diversitatem
1778 1243 1833 1298 in
1859 1239 2079 1298 semini-

504 1350 628 1414 bus,
659 1347 710 1401 in
741 1346 994 1412 oleribus,
1025 1344 1080 1399 in
1104 1342 1362 1408 ﬂoribus,
1384 1340 1436 1394 in
1460 1337 1791 1394 animalibus
1815 1331 2081 1389 terrestri-

506 1441 605 1494 bus
623 1481 639 1507 ,
667 1440 719 1493 in
741 1436 1024 1508 amphibiis
1048 1477 1064 1502 ,
1096 1436 1151 1490 in
1176 1434 1485 1490 natatilibus
1513 1448 1527 1486 :
1553 1427 1822 1501 perpende
1847 1423 2077 1481 visibilia

507 1532 686 1586 omnia
714 1541 931 1601 propter
972 1544 1071 1583 nos
1097 1526 1236 1582 facta
1257 1568 1273 1593 ,
1297 1525 1508 1588 caelum,
1538 1531 1736 1578 terram
1757 1561 1773 1588 ,
1811 1532 1980 1582 mare,
2028 1522 2084 1570 et

509 1625 688 1678 omnia
718 1638 838 1693 quae
883 1622 936 1676 in
961 1622 1039 1675 eis
1063 1628 1207 1675 sunt.
1234 1613 1689 1685 Quemadmodum
1715 1611 1857 1666 enim
1886 1609 1931 1662 si
1964 1608 2085 1679 quis

509 1714 709 1785 regiam
753 1711 1085 1783 splendidam
1137 1706 1530 1770 construxerit,
1576 1703 1744 1759 multo
1796 1699 2087 1773 fulgentem

507 1820 676 1871 auro,
704 1806 872 1859 multo
895 1816 1224 1874 gemmarum
1267 1800 1440 1855 nitore
1470 1815 1483 1852 :
1517 1798 1589 1852 ita
1628 1792 1883 1850 mundum
1922 1790 2086 1845 fabri-

509 1904 659 1951 catus
690 1895 852 1956 Deus,
894 1894 1163 1949 hominem
1208 1889 1517 1952 introduxit,
1545 1894 1603 1941 ut
1647 1886 1701 1940 in
1749 1884 1865 1939 ham
1907 1880 2086 1937 omnia

513 2002 734 2057 regnum
758 1987 1042 2041 obtineret.
1074 1983 1331 2053 Quodque
1370 1982 1527 2049 longe
1562 1978 1857 2034 mirabilius
1890 1977 1943 2031 in
1988 1973 2089 2030 hac

513 2077 675 2143 domo
701 2086 803 2142 est,
826 2090 932 2130 non
958 2090 1026 2130 ex
1065 2073 1331 2144 lapidibus
1370 2080 1566 2126 tectum
1596 2067 1960 2132 concinnavit,
1993 2064 2091 2120 sed

517 2182 585 2222 ex
619 2167 723 2220 alia
753 2166 1069 2236 pretiosiore
1096 2164 1320 2219 materia
1355 2160 1613 2228 condidit,
1640 2174 1813 2229 neque
1836 2155 2091 2212 candela-

518 2255 602 2312 bri
639 2256 787 2311 aurei
811 2254 1081 2311 ﬂammam
1115 2253 1396 2320 accendit,
1424 2251 1519 2307 sed
1562 2265 1792 2321 superne
1820 2247 2095 2319 lampadas

518 2360 745 2416 ponens,
773 2360 866 2401 eas
892 2360 987 2416 per
1029 2345 1221 2400 domus
1244 2351 1441 2398 tectum
1468 2342 1771 2396 discurrere
1792 2339 1972 2409 jussit,
2021 2337 2096 2392 ita

521 2447 578 2492 ut
602 2438 653 2492 id
684 2452 789 2492 non
818 2437 949 2492 utile
973 2434 1133 2491 modo
1161 2444 1326 2502 esset,
1352 2432 1448 2489 sed
1477 2447 1721 2503 magnam
1750 2431 1913 2486 etiam
1942 2428 2097 2485 nobis

522 2538 735 2598 pareret
762 2528 1111 2598 voluptatem,
1161 2527 1520 2596 pavimentum
1559 2529 1739 2579 autem
1784 2522 1953 2575 instar
1980 2518 2097 2590 opi-

522 2632 667 2688 parre
696 2631 896 2672 mensa:
922 2615 1245 2672 adornavit:
1275 2623 1330 2670 et
1353 2614 1469 2668 haec
1492 2612 1720 2683 praebuit
1747 2611 1819 2679 ei,
1845 2609 1936 2681 qui
1965 2606 2098 2664 nihil

519 2706 622 2762 adh
632 2723 695 2761 uc
715 2707 841 2762 boni
867 2695 1201 2761 exhibuerat.
1221 2702 1598 2759 Verumtamen
1624 2709 1746 2773 post
1768 2709 1915 2756 tanta
1935 2698 2096 2766 dona,

520 2812 644 2851 eum
672 2811 795 2867 erga
837 2796 1133 2851 beneﬁcum
1156 2793 1317 2850 homo
1358 2808 1417 2850 se
1443 2794 1711 2863 ingratum
1754 2790 2097 2862 prmbuisset,

526 2902 633 2940 non
662 2885 781 2941 ideo
820 2886 969 2940 illum
1010 2884 1217 2940 honore
1257 2883 1514 2954 privavit,
1543 2883 1639 2938 sed
1667 2882 1869 2953 expulit
1895 2890 2099 2937 tantum

525 2993 594 3033 ex
618 2977 883 3049 paradiso,
910 2986 1068 3048 atque
1089 2976 1168 3033 sic
1192 2977 1487 3047 castigavit,
1508 2984 1564 3031 ut
1585 2975 1849 3046 ingratum
1864 2973 2103 3029 animum

531 3073 668 3126 ultra
692 3070 981 3142 procedere
1006 3069 1302 3136 cohiberet,
1329 3078 1383 3125 et
1406 3068 1474 3125 ad
1501 3068 1683 3140 pejora
1709 3067 1979 3124 declinare
2000 3067 2103 3121 im-

531 3160 756 3231 pediret.
789 3160 914 3215 llaec
953 3175 1111 3231 porro
1136 3159 1316 3216 omnia
1336 3199 1352 3227 ,
1383 3159 1571 3229 hisque
1598 3158 1781 3229 plura,
1809 3171 1991 3212 secum
2018 3171 2104 3212 re-

530 3259 724 3320 putans
758 3250 1052 3322 apostolus,
1080 3257 1265 3321 utpote
1294 3249 1477 3305 divino
1518 3259 1696 3305 motus
1723 3247 1956 3319 Spiritu,
1986 3261 2107 3318 quas

529 3341 597 3395 ab
645 3341 818 3409 initio,
870 3356 991 3412 quae
1033 3341 1295 3411 quotidie,
1324 3354 1446 3412 quae
1487 3339 1543 3395 in
1584 3339 1842 3412 singulos,
1887 3352 2010 3409 qua:
2051 3338 2107 3393 in

529 3445 720 3486 omnes
758 3431 935 3497 simul,
980 3442 1100 3502 quae
1146 3431 1344 3502 palam,
1392 3442 1523 3501 quae
1556 3429 1893 3496 clanculum,
1941 3427 2109 3484 multo

534 3522 684 3592 plura
714 3521 797 3587 iis,
828 3537 948 3592 quas
986 3522 1265 3578 manifesta
1295 3531 1454 3588 sunt;
1481 3522 1609 3577 item
1655 3536 1775 3593 quae
1811 3519 2107 3577 secundum

538 3613 892 3668 meonomiam
924 3612 1178 3684 unigeniti
1203 3614 1324 3669 Filii
1352 3615 1468 3682 Dei,
1499 3613 1675 3670 futura
1704 3630 1916 3686 quoque
1943 3614 2109 3681 bona,

532 3713 587 3758 et
610 3703 788 3757 omnia
813 3702 1026 3759 demum
1048 3705 1504 3775 circumspiciens,
1526 3714 1687 3776 atque
1704 3704 2111 3762 ineaarrahilem

537 3796 632 3853 Dei
658 3810 897 3851 amorem
943 3796 1177 3867 undique
1200 3797 1459 3868 colligens
1488 3782 1542 3853 et
1582 3797 1851 3868 cogitans,
1878 3797 2029 3868 quasi
2058 3797 2111 3851 in

538 3889 859 3943 immensum
901 3889 1121 3959 pelagus
1167 3888 1453 3960 delapsus,
1505 3889 1583 3945 sic
1626 3889 1844 3945 edidicit
1893 3897 2023 3958 quot
2061 3898 2116 3944 et

539 3979 753 4049 quantis
779 3989 923 4035 esset
948 3980 1243 4036 rationibus
1268 3980 1555 4037 reddendis
1579 3981 1860 4046 obnoxius,
1888 3994 2114 4050 quarum

541 4085 611 4125 ne
652 4069 925 4125 minimam
975 4080 1180 4141 partem
1228 4072 1485 4128 exhibere
1510 4080 1739 4142 poterat.
1780 4071 2118 4142 Quapropter

545 4164 669 4218 talia
690 4162 1025 4234 loquebatur,
1058 4175 1113 4220 ct
1138 4165 1357 4220 minima
1402 4166 1616 4235 quidem
1661 4165 1880 4235 peccata
1926 4179 2118 4235 magna

442 4309 447 4313 .
541 4271 663 4311 cum
705 4255 983 4328 diligentia
1008 4258 1366 4325 scrutabatur,
1397 4270 1544 4316 recte
1585 4259 1722 4315 facta
1764 4268 1940 4315 autem
1985 4259 2120 4315 obli-

541 4347 685 4402 vioni
714 4348 1016 4404 mandabat.
1050 4348 1154 4405 Sed
1182 4366 1291 4406 non
1314 4349 1533 4421 perinde
1549 4366 1668 4416 nos,
1688 4351 1778 4422 qui
1804 4351 2121 4407 delictorum

545 4436 784 4527 quidem,
829 4438 954 4495 licet
997 4442 1161 4496 multa
1209 4457 1507 4513 magnaque
1545 4443 1668 4509 sint,
1713 4457 1815 4499 nec
1855 4444 2120 4499 rationem

550 4526 830 4596 habemus,
861 4544 961 4584 nec
976 4532 1303 4586 mentionem
1329 4531 1554 4586 facimus
1576 4550 1591 4586 :
1617 4534 1662 4588 si
1685 4532 1813 4602 quid
1837 4542 2014 4589 autem
2034 4534 2121 4590 vel

549 4618 827 4674 minimum
852 4619 981 4675 boni
1001 4620 1305 4688 fecerimus,
1328 4622 1381 4677 id
1407 4622 1546 4678 ultro
1575 4623 1816 4693 citroque
1835 4625 2147 4694 jactamus,,

548 4726 648 4767 nec
682 4712 828 4782 prius
852 4711 1088 4784 jactandi
1117 4723 1173 4770 et
1199 4714 1463 4786 gloriandi
1503 4715 1662 4771 linem
1690 4713 1933 4783 facimus,
1965 4730 2127 4788 quam

549 4821 774 4875 parvum
818 4806 943 4862 illud
975 4822 1069 4879 per
1114 4809 1472 4879 arrogantiam
1511 4808 1803 4866 deleamus.
1834 4808 1961 4865 [hec
1999 4811 2126 4866 item

559 4896 892 4968 perpendens
931 4897 1095 4961 David
1125 4899 1140 4930 ¹
1185 4897 1436 4955 dicebat:
1482 4899 1618 4967 Quid
1658 4909 1731 4954 est
1779 4901 1949 4967 homo,
1992 4901 2127 4971 quod

554 5004 744 5042 memor
769 5005 818 5043 es
843 4990 953 5060 ejus
984 4986 1151 5061 (Psal.
1177 4989 1231 5047 8.
1250 4990 1328 5060 5).
1355 4989 1538 5062 Neque
1564 4990 1615 5046 id
1647 4993 1843 5059 solum,
1873 4992 1967 5047 sed
1993 4994 2016 5024 ³
2042 4993 2125 5046 in-

551 5089 760 5148 gratum
810 5080 1046 5136 animum
1088 5082 1205 5153 ejus
1243 5081 1495 5138 incusans
1537 5083 1792 5139 dicebat:
1828 5084 1996 5139 Homo
2019 5101 2131 5140 cum

553 5172 605 5224 in
628 5171 821 5225 honore
846 5180 993 5241 esset,
1020 5188 1121 5227 non
1140 5174 1384 5229 intellexit
1409 5190 1428 5229 :
1454 5185 1772 5247 comparatus
1793 5185 1868 5229 est
1887 5177 2134 5247 jumentis

552 5262 937 5334 insipientibus,
967 5274 1013 5319 et
1039 5264 1217 5320 similis
1243 5268 1406 5337 factus
1435 5275 1505 5322 est
1530 5268 1602 5322 eis
1623 5265 1794 5338 (Psal.
1823 5269 1915 5324 48.
1950 5267 2061 5340 15).

625 5354 678 5408 6.
709 5354 839 5408 Illud
868 5355 1000 5424 grati
1042 5353 1225 5411 famuli
1252 5365 1335 5411 cst
1356 5399 1371 5421 ,
1393 5357 1646 5412 henelicia
1693 5359 1941 5413 omnibus
1978 5359 2136 5417 simul

556 5443 747 5497 collata
769 5485 785 5512 ,
816 5445 915 5499 sibi
947 5447 1157 5516 propria
1185 5445 1528 5511 existimare,
1559 5456 1717 5517 atque
1743 5448 1811 5502 ita
1854 5448 2135 5515 sollicitum

557 5545 675 5588 esse
699 5549 763 5590 ac
791 5535 836 5590 si
869 5537 1106 5592 ominum
1135 5536 1343 5593 debitor
1364 5544 1527 5594 esset.
1566 5537 1718 5606 Quod
1745 5539 1903 5594 etiam
1944 5510 2141 5594 Paulus

625 5754 650 5852 ;
677 5755 1187 5852 araneae:
1210 5758 1298 5809 sed
1329 5757 1480 5820 εοωη
1507 5754 1611 5810 ’τοι
1629 5757 2117 5821 peremtum

683 5819 808 5871 mlh.
832 5819 977 5879 addit,
998 5819 1192 5872 iterum.

2166 668 2356 751 autem,
2380 687 2569 758 inquit,
2588 701 2722 740 nunc
2744 684 2852 737 οίυο
2870 681 2924 735 in
2948 694 3116 745 carne,
3144 677 3201 731 in
3224 674 3327 745 ﬁds
3350 674 3458 727 vino
3482 671 3607 725 Filii
3629 668 3744 730 Dei,

2168 783 2257 851 qui
2271 783 2446 835 dilexit
2461 794 2557 842 me,
2579 786 2626 832 et
2638 774 2846 830 tradidit
2858 771 3171 840 semetipsum
3188 782 3280 839 pro
3294 782 3373 820 me
3388 762 3531 836 (Gal.
3556 762 3611 815 2.
3626 760 3745 830 20).

2174 872 2301 928 ihrc
2337 883 2496 941 porro
2523 866 2736 923 dicebat
2761 877 2867 919 non
2897 872 2955 916 ut
2980 858 3179 916 Christi
3215 856 3415 911 donum
3454 851 3749 908 contrahe-

2174 971 2279 1031 ret,
2302 961 2396 1016 sed
2424 969 2482 1015 ut
2503 957 2678 1029 quoad
2700 964 2888 1020 totum,
2916 966 2976 1008 se
2996 949 3284 1007 obnoxium
3303 945 3673 1006 constitueret,
3694 951 3752 996 et

2176 1053 2401 1124 singulis
2428 1060 2485 1106 nt
2508 1050 2587 1105 sic
2612 1046 2788 1104 allecti
2824 1050 3007 1100 essent
3035 1038 3397 1111 persuaderet.
3424 1034 3559 1090 Nam
3581 1034 3626 1087 si
3657 1045 3756 1101 pro

2177 1122 2284 1202 uno
2313 1154 2516 1199 tantum
2545 1139 2759 1195 homine
2786 1135 3018 1191 venisset
3053 1130 3295 1187 Christus
3316 1166 3332 1194 ,
3363 1140 3470 1180 non
3511 1123 3630 1178 ideo
3657 1122 3753 1174 mi-

2178 1243 2430 1292 nueretur
2452 1232 2673 1295 donum,
2695 1227 2790 1284 sed
2814 1225 2985 1297 majus
3002 1236 3120 1279 esse
3138 1216 3592 1290 comprobaretur.
3614 1213 3757 1279 Quo-

2180 1326 2374 1384 modo?
2392 1323 2526 1392 Quia
2559 1336 2658 1392 pro
2689 1333 2796 1374 uno
2821 1325 3025 1372 tantam
3050 1307 3465 1368 sollicitudinem
3506 1303 3758 1392 habuisse

2180 1391 2467 1480 videretur,
2487 1391 2737 1482 quantam
2762 1407 2877 1475 ille,
2893 1403 2987 1475 qui
3006 1415 3164 1458 unam
3183 1410 3337 1454 ovem
3356 1407 3618 1467 quaerens,
3638 1391 3769 1447 ideo

2185 1505 2494 1562 turbabatur
2526 1510 2583 1558 et
2619 1499 2801 1555 ﬂebat.
2832 1496 2888 1552 Si
2915 1494 3061 1549 enim
3082 1492 3148 1559 ii,
3175 1489 3266 1561 qui
3298 1486 3550 1558 pecunias
3575 1494 3769 1538 mutuo

2182 1602 2540 1668 acceperunt,
2570 1605 2670 1647 nec
2695 1586 2951 1646 solvendo
2970 1597 3127 1657 pares
3167 1589 3293 1637 sunt
3318 1620 3337 1646 ,
3358 1577 3455 1634 sed
3487 1578 3539 1632 in
3570 1590 3764 1642 magno

2183 1692 2307 1748 aeris
2352 1687 2516 1745 alieni
2561 1681 2824 1755 profundo
2865 1677 3130 1741 demersi,
3173 1688 3277 1730 nec
3308 1670 3630 1733 comedunt,
3662 1682 3765 1723 nec

2185 1781 2477 1848 dormiunt,
2505 1774 2862 1833 sollicitudine
2884 1767 3171 1828 excruciati
3199 1785 3213 1822 :
3232 1767 3409 1836 justus
3428 1763 3516 1834 qui
3541 1760 3686 1817 videt
3702 1776 3768 1816 se

2188 1891 2295 1932 non
2323 1888 2419 1945 pro
2440 1868 2699 1942 pecuniis,
2720 1865 2814 1921 sed
2842 1878 2941 1934 pro
2963 1859 3290 1918 facinoribus
3306 1870 3425 1912 esse
3443 1854 3767 1917 debitorem,

2188 1965 2317 2038 quid
2341 1979 2447 2023 non
2468 1958 2730 2033 patiatur?
2755 1955 2860 2012 Sed
2881 1968 2981 2009 nos
2998 1967 3106 2009 non
3124 1950 3219 2017 ita;
3238 1962 3360 2004 nam
3385 1947 3430 2003 si
3451 1961 3633 2016 parum
3659 1947 3771 1999 sol-

2190 2071 2379 2115 vamus
2404 2096 2421 2122 ,
2450 2055 2523 2109 ita
2549 2049 2727 2108 aﬁ‘ecti
2766 2060 2954 2105 sumus
2975 2084 2996 2114 ,
3022 2058 3086 2100 ac
3110 2042 3156 2100 si
3186 2050 3353 2097 totum
3379 2038 3723 2094 solvissemus
3748 2050 3767 2101 ;

2191 2152 2303 2207 imo
2319 2191 2339 2218 ,
2363 2147 2504 2220 quod
2530 2146 2689 2215 longe
2710 2140 2947 2199 deterius
2966 2147 3081 2202 est,
3108 2150 3179 2192 ne
3212 2148 3433 2206 parvum
3460 2130 3675 2202 quidem
3700 2129 3773 2183 il-

2193 2243 2283 2299 lud
2310 2256 2431 2299 cum
2455 2254 2518 2295 ea
2545 2235 2841 2302 alacritate,
2858 2247 2979 2304 qua:
3005 2230 3203 2286 liberos
3218 2226 3391 2292 decet,
3413 2224 3651 2285 facimus,
3674 2221 3776 2277 sed

2194 2336 2342 2409 prius
2386 2331 2734 2403 inquirimus,
2761 2327 2807 2383 si
2857 2322 3161 2380 mercedem
3202 2318 3423 2382 habeat,
3464 2316 3513 2371 si
3549 2314 3779 2370 multam

2196 2431 2421 2498 habeat,
2442 2429 2489 2484 si
2510 2426 2563 2483 id
2589 2424 2747 2481 nobis
2768 2428 3044 2492 repetetur
3061 2458 3079 2484 ,
3109 2430 3172 2472 ac
3199 2412 3539 2471 illiberalium
3563 2422 3775 2464 merce-

2196 2519 2575 2589 nariorumque
2597 2513 2759 2571 verba
2776 2502 3126 2582 proferimus.
3152 2504 3290 2573 Quid
3315 2504 3417 2569 ais,
3437 2517 3473 2556 ο
3491 2500 3651 2555 homo
3680 2513 3778 2568 pu-

2199 2610 2483 2669 sillanimis
2526 2617 2583 2665 et
2628 2604 2846 2662 inieiix?
2886 2615 2976 2658 res
3033 2600 3143 2655 Deo
3186 2596 3379 2667 placita
3432 2590 3633 2665 agenda
3679 2588 3781 2644 tibi

2199 2701 2547 2774 proponitur,
2574 2706 2630 2754 et
2674 2707 2729 2753 tu
2767 2695 2838 2752 de
2874 2691 3124 2750 mercede
3151 2689 3409 2745 sollicitus
3435 2685 3529 2741 es?
3557 2684 3613 2738 Si
3658 2688 3799 2752 post

2201 2800 2470 2865 peractam
2516 2804 2631 2846 rem
2657 2787 2711 2844 in
2751 2786 3051 2858 gehennam
3096 2776 3464 2851 conjiciendns
3485 2789 3633 2830 esses
3655 2813 3673 2839 ,
3708 2787 3783 2826 an

2202 2881 2607 2943 detrectandum
2648 2877 2830 2936 esset?
2858 2890 3035 2932 nerine
3062 2883 3188 2929 tunc
3211 2870 3375 2926 etiam
3420 2880 3607 2936 magna
3653 2877 3787 2918 cum

2202 2977 2477 3034 alacritate
2497 2987 2712 3028 manum
2738 2969 2893 3027 bonis
2913 2964 3166 3038 operibus
3185 2961 3471 3018 admovere
3493 2972 3587 3026 par
3605 2946 3788 3010 esset?

2206 3068 2343 3125 Rem
2372 3067 2482 3122 Deo
2508 3071 2781 3134 acceptam
2805 3059 2936 3116 facis
2959 3100 2974 3127 ,
3000 3065 3055 3114 et
3082 3056 3239 3112 aliam
3275 3050 3573 3108 mercedem
3603 3045 3785 3116 requi-

2205 3160 2320 3219 ris?
2343 3159 2484 3216 Vere
2510 3157 2725 3228 ignoras
2743 3162 2998 3224 quantum
3026 3145 3456 3215 bonisitplaeere
3483 3142 3593 3196 Deo
3617 3156 3633 3194 :
3654 3140 3700 3193 si
3729 3137 3789 3191 id

2207 3267 2438 3326 namque
2463 3252 2651 3315 scires,
2681 3247 2889 3304 nullum
2918 3241 3060 3299 aliud
3087 3241 3212 3299 huic
3236 3252 3332 3310 par
3360 3234 3632 3306 praemium
3663 3243 3789 3285 esse

2207 3323 2446 3420 putares.
2479 3342 2663 3401 Nescis
2688 3341 2783 3396 tibi
2819 3334 3121 3394 mercedem
3147 3373 3161 3397 ,
3190 3329 3369 3400 augeri
3390 3367 3407 3396 ,
3433 3323 3646 3397 quando
3676 3336 3785 3376 non

2210 3412 2308 3510 spe
2353 3434 2619 3493 mercedis
2646 3446 2765 3503 qua:
2790 3429 2984 3485 decent
3020 3421 3294 3495 operaris?
3319 3418 3601 3487 Ignorasne
3643 3412 3790 3483 apud

2211 3529 2462 3588 homines
2485 3540 2580 3583 eos
2618 3502 2849 3579 maxime
2873 3521 2925 3574 in
2955 3518 3158 3572 honore
3184 3513 3251 3568 ab
3278 3509 3523 3565 omnibus
3561 3502 3792 3566 haberi,

2210 3621 2301 3693 qui
2327 3629 2451 3675 ante
2476 3613 2780 3673 mercedem
2804 3610 2870 3667 ad
2899 3609 2982 3665 sui
3013 3606 3261 3678 placitum
3292 3600 3583 3669 respiciunt
3600 3636 3618 3664 ,
3643 3604 3700 3649 et
3721 3593 3795 3647 de

2212 3684 2403 3771 eodem
2433 3710 2628 3782 placito
2655 3705 2826 3777 magis
2848 3700 3059 3759 solliciti
3085 3705 3231 3759 sunt,
3253 3708 3410 3765 quam
3434 3691 3501 3746 de
3526 3686 3746 3760 praemio
3764 3684 3792 3737 ιι

2213 3805 2361 3860 itane
2385 3801 2631 3857 homines
2661 3775 2786 3867 erga
2812 3803 3105 3850 conservos
3133 3800 3261 3844 suos
3291 3793 3397 3840 tam
3427 3793 3686 3852 generose
3713 3775 3792 3830 af-

2214 3896 2341 3953 fecti
2371 3903 2526 3959 sunt;
2549 3903 2604 3946 tu
2633 3903 2766 3945 vero
2791 3895 2869 3943 tot
2894 3882 3169 3942 beneﬁciis
3202 3896 3235 3935 a
3278 3876 3500 3933 Domino
3532 3881 3751 3927 ornatus
3771 3909 3793 3934 ,

2214 3994 2401 4057 totque
2422 3990 2739 4053 exspectans
2766 3976 2834 4032 ab
2863 3976 2956 4031 ille
2979 3974 3153 4039 bona,
3173 3984 3294 4026 eum
3318 3963 3520 4037 aliquid
3557 3962 3623 4017 ad
3651 3961 3796 4015 salu-

2218 4087 2325 4134 tem
2355 4073 2633 4147 pertinens
2658 4078 2802 4125 tuam
2830 4065 3096 4137 agendum
3121 4068 3236 4125 est,
3254 4067 3536 4126 antequam
3564 4066 3695 4121 opus
3715 4056 3796 4104 at-

2221 4170 2411 4240 tingas,
2433 4166 2502 4223 de
2525 4163 2772 4221 mercede
2795 4160 3004 4217 curiose
3025 4152 3285 4227 inquiris?
3303 4150 3427 4206 Ideo
3450 4160 3633 4203 suinus
3649 4158 3795 4198 sem—

2220 4233 2326 4335 per
2360 4233 2536 4331 frigidi
2560 4299 2576 4325 ,
2601 4254 2935 4313 miserabiles
2955 4291 2977 4318 ,
3002 4263 3105 4305 nec
3128 4246 3195 4302 ad
3238 4240 3510 4314 quidpiam
3551 4233 3799 4308 generosi

2221 4334 2485 4424 agendum
2537 4347 2706 4419 parati
2740 4364 2753 4401 :
2784 4343 2905 4400 ideo
2950 4341 3003 4396 in
3055 4334 3466 4406 compunctione
3510 4340 3796 4396 numquam

2222 4442 2418 4514 degere
2439 4482 2455 4507 ,
2485 4452 2658 4509 neque
2690 4434 2922 4491 animam
2951 4424 3189 4487 nostram
3214 4426 3297 4482 vel
3335 4422 3612 4479 minimum
3648 4416 3801 4472 colli-

2222 4510 2352 4607 gere
2379 4545 2683 4604 possumus.
2711 4525 2924 4583 Etenim
2950 4529 3166 4594 peccata
3192 4524 3370 4574 nostra
3398 4528 3506 4569 non
3524 4510 3801 4579 diligenter

2224 4624 2628 4684 consideramus
2650 4660 2665 4685 ,
2692 4617 2785 4673 Dei
2813 4613 3072 4677 beneﬁcia
3098 4626 3204 4667 non
3234 4613 3553 4668 scrutamur,
3574 4599 3641 4654 ad
3661 4598 3805 4651 viros

2229 4716 2482 4789 praeclara
2527 4725 2691 4782 opera
2720 4709 2940 4764 edentes
2966 4720 3073 4760 non
3117 4699 3451 4771 respicimus.
3478 4693 3677 4749 idcirco
3716 4687 3805 4743 bo-

2229 4822 2419 4864 norum
2450 4819 2675 4875 onerum
2697 4799 3095 4863 obliviseimur,
3111 4793 3235 4864 quia
3263 4801 3546 4861 prosperos
3582 4789 3805 4839 eventus

2231 4913 2335 4954 non
2379 4868 2651 4952 moderate
2687 4890 2908 4948 ferimus
2929 4900 3142 4955 ,neque
3164 4924 3180 4951 ,
3206 4889 3267 4936 ut
3315 4879 3619 4947 frequenter
3653 4868 3804 4933 dixi,

2231 4987 2445 5057 quando
2467 5002 2564 5043 nos
2595 4991 2905 5058 peccatores
2933 4990 3215 5042 vocamus,
3243 4987 3369 5028 cum
3389 4968 3612 5025 veritate
3638 4960 3809 5031 loqui-

2233 5052 2370 5138 mur.
2400 5080 2457 5135 ld
2480 5052 2616 5134 inde—
2632 5075 2798 5147 liquet
2819 5114 2835 5139 ,
2859 5070 3000 5142 quod
3025 5082 3147 5124 cum
3175 5066 3401 5135 idipsum
3427 5060 3496 5114 ab
3519 5057 3636 5111 aliis
3659 5052 3811 5147 audi-

2235 5188 2376 5237 mus,
2398 5145 2861 5232 excandescimus,
2886 5162 3191 5224 ell‘eramur,
3214 5150 3591 5211 contumeliam
3622 5145 3671 5199 id
3690 5155 3819 5197 esse

2235 5266 2483 5321 dicimus.
2506 5261 2584 5316 lta
2602 5259 2742 5330 apud
2763 5270 2862 5314 nos
2883 5254 3060 5309 omnia
3082 5248 3351 5322 hypocrisi
3380 5244 3532 5316 plena
3554 5245 3697 5302 sunt,
3714 5247 3815 5289 nec

2240 5363 2509 5419 imitamur
2545 5357 2885 5429 publicanum
2909 5393 2927 5417 ,
2952 5349 3042 5421 qui
3072 5345 3294 5403 alterius
3334 5339 3436 5396 sibi
3479 5342 3817 5408 peccatorum

2242 5451 2633 5509 multitudinem
2655 5443 3030 5516 exprobrantis
3057 5434 3437 5494 contumeliam
3457 5428 3684 5484 libenter

2242 5546 2446 5615 cipiens
2470 5584 2487 5607 ,
2521 5556 2615 5611 per
2650 5510 2814 5608 epeia
2862 5535 3070 5590 lucrum
3115 5516 3629 5585 retulitzdescendit
3675 5510 3818 5567 enim

2241 5612 2560 5709 justiticatus
2608 5629 2782 5701 potius
2821 5640 2982 5697 quam
3025 5621 3342 5678 l’harismus.
3385 5612 3497 5669 Nos
3534 5617 3711 5663 autem
3754 5614 3824 5654 ne

2248 5694 2445 5786 scimus
2463 5694 2677 5796 quidem
2691 5718 2817 5791 quid
2835 5694 2906 5772 sit
2923 5713 3186 5775 confessio
3200 5709 3353 5782 (Luc.
3375 5706 3463 5761 l8.
3485 5703 3591 5770 tt),
3614 5694 3823 5796 etiamsi

2252 5788 2649 5877 inﬁnitis'malis
2673 5788 2861 5884 repleti
2877 5810 3043 5866 simus
3062 5824 3075 5861 :
3093 5819 3214 5861 cum
3241 5804 3512 5872 oporteret
3528 5807 3629 5848 non
3649 5788 3827 5844 solum
