4032 6422
299 346 400 403 ﬁl

306 453 591 508 persuasae
618 455 738 497 esse
776 443 1052 500 innumera
1091 461 1190 501 nos
1223 448 1360 502 mala
1393 460 1759 520 perpetrasse,
1787 451 1882 507 sed

304 530 464 584 etiam
489 542 700 600 peccata
719 545 898 596 nostra
914 538 1088 590 omnia
1116 547 1224 592 tum
1248 554 1427 608 parva,
1453 549 1561 594 ttnn
1588 556 1794 610 magna,
1826 542 1880 596 in

307 621 467 677 corde
490 637 586 678 ceu
603 624 655 677 in
675 624 812 679 libro
837 626 1102 695 descripta
1123 627 1338 693 habere,
1356 639 1430 693 et,
1449 646 1511 685 ac
1536 633 1579 685 si
1609 648 1777 702 nuper
1789 632 1886 686 ad-

305 709 466 764 missa
489 720 689 776 essent,
719 714 915 784 lugere.
934 714 1006 769 Ita
1029 718 1170 771 enim
1187 719 1347 772 animi
1367 721 1719 790 arrogantiam
1739 720 1885 776 colli-

303 804 576 872 bcremus,
596 805 639 860 si
658 806 1045 877 frcquenterilli
1065 811 1274 880 prepria
1293 812 1430 865 mala
1441 827 1886 867 commemorare-

305 911 444 950 ntus.
473 895 700 950 Tantum
731 906 816 952 est
856 898 1050 953 bonum
1092 911 1429 969 peccatorum
1460 902 1758 957 recordatio
1781 943 1798 971 ,
1829 912 1887 958 ut

305 985 492 1040 beatus
520 987 715 1042 Paulus
736 987 844 1058 jam
876 989 1047 1044 deleta
1076 990 1298 1044 crimina
1332 990 1638 1061 frequenter
1675 993 1727 1046 in
1769 1009 1885 1047 me-

305 1075 452 1130 dium
483 1075 790 1134 adduceret.
818 1079 950 1147 Quia
975 1081 1117 1135 enim
1157 1083 1332 1151 priora
1373 1083 1550 1138 omnia
1578 1099 1672 1153 per
1711 1083 1884 1154 bapti-

304 1183 482 1222 smnm
509 1168 770 1236 abluerat,
801 1179 855 1225 et
886 1182 1067 1241 postea
1102 1187 1233 1242 pure
1263 1174 1488 1242 vixerat,
1511 1175 1582 1228 ita
1610 1183 1666 1228 ut
1690 1175 1886 1230 nullius

302 1258 407 1311 sibi
448 1259 692 1314 conscius
718 1269 890 1326 esset,
920 1276 1018 1317 nec
1049 1263 1278 1332 peccatis
1301 1273 1447 1319 esset
1477 1265 1761 1320 obstrictus
1791 1283 1886 1335 pro

299 1351 500 1420 quibus
528 1351 900 1422 iugemisceret
918 1396 936 1421 ,
966 1370 1028 1410 ea
1053 1371 1170 1424 quae
1201 1364 1325 1411 ante
1351 1355 1669 1426 baptismum
1713 1358 1887 1412 adrni-

303 1452 484 1508 serat,
522 1443 632 1512 jam
677 1443 850 1499 deleta
895 1447 1348 1504 commemorabat
1397 1449 1584 1504 dicens
1616 1467 1628 1502 :
1659 1449 1886 1505 Christus

302 1535 456 1590 Jesus
481 1538 610 1590 venit
638 1539 691 1590 in
719 1538 960 1593 mundum
985 1550 1268 1610 peccatores
1293 1541 1518 1607 salvare,
1543 1558 1755 1610 quorum
1781 1543 1888 1614 pri-

302 1631 428 1678 mus
446 1643 535 1696 ego
563 1643 674 1679 sum
700 1629 777 1698 (1.
803 1626 937 1680 Tim.
967 1629 1021 1684 1.
1045 1627 1155 1700 15);
1187 1643 1250 1684 ac
1277 1645 1510 1697 rursum,
1543 1630 1771 1684 Fidelem
1809 1647 1888 1684 me

300 1718 626 1782 existimavit,
656 1735 846 1789 ponens
872 1721 925 1773 in
953 1721 1227 1774 ministerio
1253 1721 1372 1792 :qui
1401 1723 1541 1791 prius
1569 1721 1888 1791 blasphemus

304 1810 405 1878 fui,
436 1818 482 1863 et
510 1821 793 1879 persecutor
819 1811 1205 1866 contumeliosus
1236 1812 1310 1885 (l.
1343 1812 1480 1867 Tim.
1529 1815 1579 1868 1.
1630 1813 1719 1869 12.
1755 1815 1838 1882 15)
1870 1832 1883 1867 :

301 1917 462 1968 supra
489 1901 692 1954 modum
718 1903 848 1954 enim
875 1901 1202 1972 persequebar
1228 1901 1510 1957 Ecclesiam
1541 1903 1649 1969 Dei,
1681 1915 1726 1957 et
1747 1905 1891 1958 deva-

299 1990 499 2043 stabam
526 2007 634 2044 etim
655 1990 672 2052 (
692 1990 806 2044 Gal.
839 1993 890 2045 1.
924 1991 1021 2064 15)
1047 2009 1062 2058 ;
1091 2002 1146 2047 et
1170 1993 1390 2061 iterum,
1423 1992 1540 2048 Non
1567 2011 1676 2047 sum
1708 1995 1889 2064 dignus

302 2081 474 2134 ινοοανί
500 2081 759 2148 apostolus
784 2082 861 2151 (l.
890 2081 1007 2136 Cor.
1032 2084 1118 2138 15.
1141 2083 1217 2155 9).
1245 2084 1393 2139 Licet
1414 2086 1554 2140 enim
1585 2100 1682 2140 nos
1708 2101 1736 2137 a
1766 2101 1891 2154 pec-

298 2172 440 2227 catis
468 2171 568 2226 illis
597 2171 868 2227 absolutos
891 2172 1160 2240 dimittat,
1191 2184 1414 2245 possunt
1445 2184 1623 2230 tamen
1654 2176 1739 2229 illa
1770 2180 1888 2230 ani-

299 2280 450 2319 mam
491 2263 559 2318 ad
601 2264 971 2318 verecundiam
1003 2280 1293 2334 provocare
1321 2276 1374 2322 et
1412 2266 1479 2321 ad
1509 2267 1600 2321 Dei
1648 2282 1885 2321 amorem

299 2355 648 2410 vehementer
676 2354 945 2412 inducere.
975 2356 1185 2411 Etenim
1231 2357 1810 2427 interrogatus-Simon
1857 2373 1888 2411 a

301 2448 567 2515 Domino,
607 2450 724 2518 quis
767 2463 834 2503 ex
880 2449 1086 2504 duobus
1137 2449 1462 2505 debitoribus
1511 2448 1886 2506 fceneratorem

301 2539 426 2609 plus
453 2538 713 2610 diligeret,
741 2555 861 2594 cum
890 2540 1269 2608 respondisset,
1297 2539 1547 2595 Existimo
1590 2541 1607 2572 ¹
1639 2543 1758 2611 quia
1804 2540 1847 2594 is
1867 2580 1883 2607 ,

297 2631 387 2685 cui
431 2631 543 2700 plus
588 2631 792 2685 donavit
819 2671 835 2698 ,
863 2631 1098 2698 audivit,
1138 2630 1290 2687 Recte
1320 2632 1570 2703 judicasti
1629 2631 1780 2704 (Luc.
1831 2633 1885 2688 7.

300 2725 377 2778 s5
402 2723 441 2793 ).

382 2814 436 2868 7.
464 2812 594 2868 Cum
624 2813 764 2868 enim
795 2812 1206 2885 recogitabimus
1235 2814 1455 2886 pristina
1485 2824 1697 2886 peccata
1715 2853 1736 2882 ,
1760 2822 1891 2871 tunc

300 2919 690 2974 cognoscemus
717 2904 908 2960 divina:
935 2906 1118 2976 gratiae
1148 2907 1506 2976 praestantiam
1528 2947 1544 2974 ,
1575 2916 1701 2962 tunc
1738 2907 1888 2962 humi

302 2996 652 3066 respiciemus
674 3037 694 3062 ,
720 3005 844 3052 tunc
888 3013 986 3052 nos
1023 2998 1089 3052 ad
1127 2999 1401 3053 meliorem
1439 2998 1642 3069 frugem
1668 2999 1896 3068 recipie-

302 3099 447 3141 mus.
473 3088 681 3153 Quanto
704 3087 844 3142 enim
871 3089 1161 3158 majoribus
1184 3089 1397 3144 obnoxii
1425 3090 1624 3144 erimus
1653 3091 1890 3144 crimini-

266 3211 279 3221 -
301 3179 407 3232 bns
429 3218 445 3244 ,
477 3187 622 3233 tanto
659 3180 846 3249 majori
895 3180 1097 3249 pudore
1140 3181 1453 3237 alﬁciemur.
1476 3181 1672 3238 Paulus
1709 3183 1887 3254 itaque

298 3276 466 3326 etiam
495 3273 838 3340 pristinorum
865 3273 1076 3328 illorum
1099 3273 1511 3339 recordabatur;
1542 3287 1640 3329 nos
1671 3288 1738 3329 ne
1764 3274 1886 3329 illo-

302 3380 428 3421 rum
454 3365 702 3434 quidem,
729 3380 848 3434 quae
890 3374 1010 3435 post
1057 3365 1375 3436 baptismum
1423 3365 1765 3434 admisimus,
1797 3381 1886 3420 re-

301 3457 513 3511 cordari
531 3457 792 3523 volumus,
814 3472 932 3525 quae
953 3457 1103 3512 nobis
1121 3457 1409 3526 periculum
1424 3465 1624 3521 creant,
1648 3472 1766 3528 qua:
1789 3471 1887 3512 nos

301 3550 535 3606 examini
565 3550 822 3605 obnoxios
848 3551 1177 3604 constituunt
1199 3565 1214 3615 ;
1239 3549 1333 3604 sed
1362 3549 1567 3604 etiamsi
1593 3549 1886 3620 cujuspiam

301 3643 540 3713 ipsorum
567 3642 815 3711 cogitatio
841 3642 993 3710 nobis
1015 3640 1273 3706 inciderit,
1291 3639 1570 3695 confestim
1596 3639 1881 3706 resilimus,

300 3748 393 3788 ne.
421 3732 566 3787 brevi
612 3731 824 3802 quidem
865 3740 1104 3800 tempore
1144 3731 1374 3784 animam
1419 3745 1479 3784 ea
1523 3730 1890 3786 recordatione

301 3839 542 3880 maerore
585 3824 800 3879 allicere
847 3822 1112 3878 volentes.
1155 3823 1315 3893 Atqui
1355 3823 1631 3878 innumera
1674 3838 1736 3878 ex
1791 3825 1890 3878 hac

299 3917 480 3974 inutili
509 3917 672 3987 gratia
705 3917 857 3972 nobis
884 3917 1021 3970 mala
1061 3916 1354 3986 pariuntur.
1382 3915 1492 3970 l-lac
1517 3917 1658 3972 enim
1687 3915 1890 3971 doloris

301 4009 572 4063 vacuitate
610 4022 672 4062 ac
717 4007 938 4062 mollitie
982 4007 1257 4072 instructi,
1289 4007 1510 4076 pristina
1558 4015 1771 4076 peccata
1821 4022 1890 4062 ne

297 4099 545 4154 confiteri
573 4099 785 4169 quidem
816 4113 1096 4168 possumus
1116 4116 1128 4152 :
1148 4097 1412 4167 quomodo
1443 4113 1738 4167 possemus,
1769 4112 1890 4152 cum

299 4205 372 4246 ne
421 4191 730 4246 memoriam
779 4188 992 4259 quidem
1038 4203 1225 4242 eorum
1265 4187 1544 4242 admittere
1587 4187 1890 4242 soleamus?

301 4281 500 4350 Sicque
531 4289 710 4350 postea
739 4280 788 4332 in
817 4285 1032 4348 peccata
1059 4276 1262 4331 facilius
1282 4277 1525 4331 labimur.
1551 4276 1681 4330 Nam
1709 4276 1753 4330 si
1776 4275 1892 4329 illo-

301 4386 424 4428 rum
455 4371 707 4426 memoria
729 4369 868 4439 apud
895 4383 993 4424 nos
1021 4382 1233 4437 semper
1257 4367 1448 4437 vigeat,
1483 4375 1628 4420 metu
1656 4365 1889 4420 animam

303 4463 606 4532 exagitante
627 4503 644 4528 ,
673 4461 725 4515 in
773 4468 1021 4531 promptu
1047 4468 1129 4514 est
1178 4458 1293 4528 ejus
1319 4458 1594 4513 mollitiem
1644 4466 1699 4511 et
1740 4458 1888 4510 incu-

303 4555 440 4609 riam
467 4560 732 4608 excutere.
754 4549 904 4618 Quod
931 4549 976 4604 si
1001 4549 1102 4607 hoc
1119 4549 1336 4604 lraenum
1361 4547 1724 4618 auferas,quis
1746 4548 1891 4602 illam

305 4655 491 4716 postea
520 4643 971 4710 cohibebit,cum
1014 4643 1169 4712 pulso
1207 4651 1350 4697 metu
1393 4656 1452 4696 se
1497 4640 1550 4695 in
1599 4639 1892 4710 praecipitia

305 4738 574 4808 conjiciet,
604 4745 658 4791 et
683 4736 736 4789 in
767 4735 1017 4804 perniciei
1046 4733 1296 4805 barathra
1323 4733 1620 4789 delabetur.
1653 4733 1777 4788 ldeo
1799 4732 1890 4802 ju-

306 4836 423 4885 stus
462 4829 550 4883 ille
584 4829 813 4882 futurum
856 4826 956 4880 sibi
1003 4826 1321 4896 supplicium
1365 4825 1684 4896 depingcbat
1712 4864 1729 4889 ,
1770 4824 1890 4879 ideo

307 4919 472 4976 ﬁebat
498 4926 554 4973 et
580 4917 862 4988 gemebat:
889 4924 1048 4986 atque
1074 4916 1151 4971 sic
1169 4930 1236 4972 ex
1253 4915 1539 4971 abundanti
1565 4931 1624 4972 se
1650 4917 1886 4988 gerebat.

315 5008 478 5066 Vobis
523 5022 653 5063 sane
692 5007 897 5077 magnis
938 5006 1067 5062 viris
1092 5005 1160 5061 ad
1199 5008 1660 5079 compunctionem
1697 5007 1890 5063 suflicit

378 5141 396 5175 ⁸
429 5139 601 5201 Verba,
627 5137 846 5191 existimo
867 5151 998 5202 qum,
1019 5137 1145 5201 apud
1165 5137 1294 5191 ootb.
1318 5137 1514 5191 desunt.

648 340 1032 402 ADMONITIO
1069 341 1138 400 IN
1176 342 1422 400 LIBROS
1461 344 1550 399 AD
1591 345 1974 404 S'l‘AGlRlUM
2013 350 2232 407 ASCET
2250 352 2334 409 ΚΜ
2369 355 2411 408 Α
2455 355 2762 414 DXEMONE
2795 357 3182 419 OBSESSUM.

3454 363 3561 422 422

1987 457 2256 513 recordari
2296 459 2668 520 beneﬁciorum
2700 467 2810 536 Dei,
2835 481 2976 529 recte
3003 477 3256 531 factorum
3283 476 3516 532 oblivisci
3542 519 3557 542 ,

1988 558 2234 603 accurate
2261 555 2483 608 scrutari
2514 571 2579 611 ne
2608 559 2731 627 quid
2762 563 2842 616 vel
2870 565 3143 620 minimum
3170 565 3348 621 delicti
3387 567 3560 622 admi-

1990 639 2164 694 seritis
2187 682 2202 705 ,
2232 658 2450 714 magnos
2477 648 2620 702 viros
2647 652 2734 719 qui
2773 654 3056 712 admodum
3087 659 3198 714 Deo
3223 661 3466 730 placuere
3494 662 3562 717 ob

1988 730 2172 784 oculos
2200 731 2394 807 habere
2424 753 2438 789 :
2467 749 2585 806 post
2611 739 2729 796 bare
2749 745 2926 799 omnia
2947 748 3285 806 considerare
3311 753 3564 808 incertam

1989 817 2151 875 futuri
2181 825 2540 884 conditionem
2563 871 2578 894 ,
2610 833 2844 889 animum
2861 836 2936 916 _ad
2970 838 3174 908 lapsum
3201 851 3253 896 et
3279 843 3344 896 ad
3380 858 3568 912 pecca-

1989 919 2100 966 tum
2119 916 2434 982 proclivem:
2453 922 2593 990 quod
2610 933 2664 978 et
2678 925 2871 982 Paulus
2893 931 3178 998 metuebat,
3195 948 3313 987 cum
3331 935 3527 991 diceret
3548 955 3561 992 :

1991 1001 2160 1096 linteo
2185 1023 2247 1060 ne
2270 1009 2384 1062 aliis
2405 1013 2706 1083 prwdicans,
2737 1017 2844 1085 ipse
2865 1019 3104 1090 reprobus
3133 1024 3314 1094 efficim-
3340 1024 3385 1096 (1
3401 1066 3414 1077 .
3444 1026 3562 1080 Cor.

1989 1094 2047 1188 11.
2073 1095 2194 1188 27);
2220 1107 2272 1152 et
2291 1139 2305 1164 ,
2337 1101 2436 1167 Qui
2472 1104 2665 1158 videtur
2702 1116 2852 1174 stare,
2875 1111 3037 1165 videat
3066 1129 3128 1165 ne
3159 1114 3306 1168 cadat
3346 1094 3420 1188 (1.
3448 1115 3564 1169 Cor.

1991 1185 2076 1239 10.
2104 1185 2210 1260 12).
2226 1189 2312 1244 Sic
2336 1200 2390 1246 et
2410 1193 2571 1248 David
2592 1195 2707 1253 haec
2721 1200 2897 1253 omnia
2915 1215 3092 1256 secum
3115 1185 3384 1259 volvebat:
3405 1206 3568 1259 bene-

1989 1278 2106 1334 ﬁcia
2135 1281 2328 1350 quippe
2349 1283 2440 1339 Dei
2456 1286 2711 1356 cogitans,
2733 1289 2973 1345 dicebat:
2996 1291 3130 1357 Quid
3155 1303 3225 1347 est
3245 1294 3413 1358 homo,
3437 1297 3568 1365 quod

1989 1388 2180 1426 memor
2198 1390 2250 1428 es
2267 1379 2394 1445 ejus,
2416 1387 2508 1444 aut
2531 1380 2668 1448 ﬁlius
2697 1382 2933 1451 hominis,
2963 1386 3200 1454 quoniam
3225 1387 3394 1440 visitas
3419 1391 3571 1441 enni?

1991 1461 2223 1517 Minuisti
2249 1481 2364 1518 eum
2394 1468 2548 1537 paulo
2583 1472 2747 1524 minus
2775 1473 2835 1526 ab
2868 1473 3062 1544 angelis
3085 1492 3103 1530 :
3125 1475 3289 1546 gloria
3313 1487 3358 1530 et
3384 1479 3573 1532 honore

1989 1559 2240 1611 coronasti
2290 1575 2405 1612 eum
2455 1559 2648 1631 (Psal.
2685 1563 2740 1618 8.
2787 1564 2841 1620 5.
2870 1565 2965 1638 6).
2999 1567 3072 1621 Ita
3125 1583 3253 1623 vero
3297 1579 3440 1624 recte
3487 1571 3565 1625 fa-

1989 1660 2192 1706 ctorum
2222 1654 2417 1708 oblitus
2443 1664 2586 1721 erat,
2614 1665 2674 1710 ut
2705 1667 2979 1728 postquam
3016 1661 3298 1715 innumera
3336 1662 3571 1732 philoso-

1991 1743 2129 1813 phias
2151 1747 2390 1815 exempla
2417 1747 2657 1816 dederat,
2680 1749 2879 1805 diceret
2907 1766 2920 1803 :
2947 1750 3073 1816 Quis
3092 1769 3204 1806 sum
3219 1770 3330 1823 ego,
3356 1753 3570 1806 Domine

1991 1839 2080 1903 mi,
2105 1835 2339 1906 Domine,
2369 1849 2414 1893 et
2436 1856 2550 1910 qua:
2575 1842 2752 1895 domus
2777 1843 2933 1913 patris
2958 1845 3074 1911 mei,
3101 1845 3218 1914 quia
3246 1845 3468 1899 dilexisti
3492 1861 3572 1899 me

1991 1948 2048 1986 eo
2076 1933 2270 2002 usque?
2298 1944 2344 1986 et
2370 1950 2524 2003 parva
2552 1936 2658 1988 uisa
2676 1945 2793 1989 sunt
2819 1937 2925 1990 haec
2952 1937 3005 1990 in
3031 1947 3297 2006 conspectu
3326 1946 3428 2002 tuo,
3459 1937 3570 1991 Do-

1991 2022 2123 2074 mine
2143 2023 2211 2075 nti
2229 2040 2247 2076 :
2266 2031 2310 2076 et
2331 2022 2526 2077 locutus
2545 2041 2595 2078 es
2618 2041 2707 2094 pro
2727 2025 2876 2079 domo
2899 2027 3026 2080 servi
3047 2028 3120 2080 tui
3142 2027 3196 2080 in
3221 2028 3567 2098 longinquum.

1926 2152 1930 2156 .
1991 2110 2120 2165 Hice
2148 2122 2219 2165 est
2247 2113 2379 2166 enim
2405 2114 2486 2167 lex
2513 2115 2746 2180 hominis,
2775 2115 2992 2170 Domine
3010 2117 3098 2184 mi,
3122 2117 3338 2172 Domine
3361 2159 3376 2182 ,
3408 2118 3474 2170 ad
3502 2128 3568 2170 te.

1991 2201 2060 2255 Et
2078 2203 2202 2272 quid
2219 2203 2365 2257 addet
2387 2203 2551 2258 David
2565 2206 2729 2259 adhuc
2748 2205 2881 2276 loqui
2908 2207 2975 2260 ad
2991 2217 3038 2260 te
3051 2206 3126 2278 (2.
3141 2206 3269 2276 Reg.
3289 2209 3342 2262 7.
3363 2207 3570 2275 18-20)?

1991 2293 2204 2350 Etcum
2229 2296 2487 2366 majorum
2505 2311 2721 2352 suorum
2745 2299 2991 2353 virtutem
3018 2299 3298 2366 recoleret,
3323 2314 3440 2354 sese
3467 2299 3572 2354 illis

1990 2401 2326 2458 comparans,
2345 2390 2474 2443 nihil
2502 2389 2777 2459 reputabat
2801 2405 2938 2446 esse.
2962 2390 3092 2445 Nam
3121 2400 3396 2462 postquam
3419 2392 3570 2445 diser
3641 2435 3644 2440 .

1990 2488 2111 2546 rat,
2141 2478 2208 2534 In
2235 2491 2281 2534 te
2308 2491 2632 2552 speraverant
2668 2491 2835 2551 patres
2874 2483 3033 2535 nostri
3059 2481 3232 2552 (Psal.
3263 2482 3353 2536 21.
3383 2484 3473 2554 6),
3501 2483 3571 2538 de

1991 2573 2168 2644 seipse
2197 2573 2417 2643 loquens
2454 2574 2631 2627 intulit
2660 2592 2672 2627 :
2706 2573 2818 2645 Ego
2844 2584 3010 2628 autem
3035 2591 3145 2628 sum
3185 2576 3364 2629 vermis
3393 2584 3438 2627 et
3467 2592 3568 2627 non

1983 2665 2161 2719 homo.
2189 2664 2448 2720 Incertam
2479 2682 2604 2720 vero
2633 2667 2792 2721 luluri
2822 2665 3179 2721 conditionem
3208 2667 3276 2720 ita
3302 2682 3413 2737 pra:
3437 2681 3569 2720 ocu-

1990 2757 2058 2812 lis
2081 2757 2262 2812 habuit
2289 2799 2302 2821 ,
2333 2765 2397 2812 ut
2430 2757 2628 2812 diceret
2661 2775 2675 2812 :
2707 2756 2951 2812 Illumina
2979 2757 3152 2812 oculos
3177 2773 3333 2824 meos,
3361 2773 3425 2811 ne
3459 2773 3546 2808 um

1991 2863 2142 2916 quam
2180 2847 2494 2901 obdormiam
2534 2848 2588 2901 in
2629 2857 2786 2901 morte
2815 2846 2986 2918 (Psal.
3037 2847 3120 2903 12.
3163 2847 3242 2918 4).
3272 2847 3445 2917 Seque
3496 2856 3568 2902 tot

1991 2949 2328 3012 peccatorum
2371 2956 2520 2996 reunt
2565 2940 2958 3008 arbitrabatur,
3003 2947 3062 2994 ut
3101 2941 3180 2995 sic
3217 2939 3568 3009 loqueretur:

1989 3031 2251 3103 Propitius
2275 3042 2378 3087 esto
2409 3041 2610 3097 peccato
2641 3048 2769 3098 meo,
2795 3032 3010 3086 multum
3029 3040 3101 3086 est
3119 3032 3247 3085 enim
3273 3030 3443 3102 (Psnl.
3478 3029 3570 3084 24.

1993 3123 2054 3179 11
2081 3121 2122 3194 ).
2155 3123 2318 3178 Vobis
2358 3123 2533 3194 itaque
2557 3122 2779 3192 magnis
2808 3123 2922 3176 lucc
2948 3123 3076 3176 satis
3105 3132 3226 3176 sunt
3255 3139 3267 3174 :
3300 3123 3449 3176 nobis
3476 3137 3572 3172 an-

1991 3221 2097 3268 tem
2127 3229 2246 3268 cum
2279 3221 2355 3266 tot
2383 3212 2630 3267 remediis
2654 3214 2942 3266 necessitas
2970 3222 3214 3280 superest
3237 3209 3432 3275 valida,
3453 3226 3573 3278 qua:

1993 3306 2159 3378 possit
2196 3305 2496 3375 superbiam
2539 3313 2593 3359 et
2634 3303 2989 3373 arrogantiam
3031 3317 3241 3359 omnem
3284 3301 3350 3355 de
3396 3299 3572 3354 medio

1993 3397 2198 3452 tollere.
2231 3397 2406 3466 Ecqua
2450 3397 2539 3450 illa
2578 3395 2697 3450 est?
2724 3395 3070 3449 Peccatorum
3096 3390 3377 3446 multitudo
3397 3433 3412 3455 ,
3440 3406 3572 3444 con-

1992 3491 2210 3544 scientia
2259 3490 2395 3543 mala
2419 3528 2435 3555 ,
2459 3503 2577 3558 quae
2612 3496 2888 3557 postquam
2919 3500 3015 3541 nos
3055 3485 3362 3553 occupavit,
3389 3499 3455 3538 ne
3483 3498 3574 3536 νο·
3644 3527 3650 3532 .

1993 3583 2163 3637 lentes
2186 3582 2398 3651 quidem
2425 3581 2546 3635 sinit
2585 3579 2653 3632 ad
2677 3577 2920 3633 sublimia
2957 3577 3106 3646 erigi.
3139 3575 3313 3641 Quare
3349 3575 3572 3628 obsecro

1992 3680 2049 3728 et
2073 3687 2202 3743 rogo
2227 3688 2322 3742 per
2353 3671 2596 3725 liduciam
2628 3668 2769 3724 illam
2795 3708 2811 3733 ,
2837 3683 2996 3738 quam
3022 3681 3092 3721 ex
3130 3667 3283 3722 bonis
3322 3665 3570 3735 operibus

1991 3765 2134 3836 apud
2164 3766 2326 3819 Deum
2356 3762 2702 3834 acquisivisti,
2726 3761 2880 3816 nobis
2907 3759 3210 3829 frequenter
3235 3755 3571 3827 precantibus

1993 3873 2207 3913 manum
2252 3855 2491 3928 porrigas
2515 3897 2530 3922 ,
2560 3870 2664 3924 quo
2702 3852 2969 3924 possimus
2999 3859 3262 3904 tantorum
3311 3847 3570 3901 malorum

1993 3950 2253 4006 sarcinam
2296 3962 2392 4018 pro
2422 3947 2610 4001 merito
2634 3945 2916 4015 deplorare
2936 3983 2952 4008 ,
2983 3949 3037 4007 et
3062 3948 3181 4010 post
3210 3940 3406 3993 luctum
3433 3936 3571 3991 viam

1993 4039 2278 4110 quamdam
2321 4039 2544 4091 amicam
2570 4047 2624 4090 et
2651 4035 2718 4089 ad
2746 4035 2932 4089 caelum
2973 4047 3070 4087 nos
3104 4031 3385 4086 ducentem
3428 4039 3574 4082 asse-

1994 4132 2083 4200 qui
2108 4172 2122 4196 ,
2147 4145 2213 4183 ne
2253 4129 2303 4182 in
2342 4128 2606 4182 infernum
2645 4124 2878 4187 deducti,
2907 4121 2996 4176 ubi
3022 4135 3180 4175 nemo
3207 4118 3447 4175 confiteri
3477 4131 3572 4186 po-

1996 4228 2118 4283 test,
2148 4233 2210 4272 ea
2238 4217 2518 4286 patiamur,
2544 4227 2662 4282 qum
2691 4213 2961 4281 patiuntur
2982 4208 3216 4278 reprobi,
3239 4207 3451 4262 nemine
3472 4219 3570 4259 nos

1993 4309 2247 4378 deinceps
2271 4306 2527 4374 eripiente
2552 4302 2722 4374 (l’sal.
2746 4298 2833 4354 49.
2854 4297 2966 4366 22.)
2990 4294 3167 4350 Donec
3192 4298 3332 4351 enim
3359 4297 3446 4350 hic
3465 4294 3571 4348 eri-

1995 4416 2113 4455 mus
2135 4439 2150 4468 ,
2179 4408 2232 4454 et
2257 4413 2354 4452 nos
2383 4413 2414 4451 a
2442 4394 2592 4451 vobis
2634 4406 2879 4462 magnum
2919 4389 3191 4462 percipere
3218 4385 3443 4440 fructum
3472 4397 3570 4453 po-

1996 4491 2215 4546 terimus
2243 4531 2261 4557 ,
2290 4497 2345 4543 et
2393 4502 2489 4542 vos
2527 4483 2681 4539 nobis
2724 4480 2980 4537 beneﬁcia
3035 4478 3284 4534 conferre
3339 4475 3568 4530 maxima

1993 4580 2258 4636 valebitis.
2311 4579 2443 4633 Cum
2494 4585 2672 4630 autem
2717 4574 2810 4629 illo
2857 4571 3230 4627 advenerimus
3259 4609 3274 4634 ,
3328 4566 3418 4622 ubi
3473 4579 3572 4618 nec

1992 4675 2219 4741 amicus,
2247 4688 2344 4727 nec
2370 4672 2554 4736 frater,
2580 4683 2678 4722 nec
2705 4675 2854 4736 pater
2870 4664 3060 4736 juvarc
3085 4667 3368 4731 poterunt,
3399 4671 3573 4728 neque

1995 4768 2148 4824 nobis
2172 4781 2359 4837 pinnas
2404 4763 2647 4817 dantibus
2698 4759 2906 4822 adesse,
2953 4769 3174 4810 necesse
3222 4752 3436 4806 demum
3472 4749 3573 4802 erit

1995 4860 2048 4914 in
2091 4859 2356 4912 anxietate
2393 4863 2447 4909 et
2486 4853 2667 4907 densis
2691 4848 2958 4912 tenebris,
2983 4845 3159 4900 onmis
3198 4840 3575 4898 consolatonis

1994 4958 2247 5019 expertes
2285 4943 2585 5000 immortale
2623 4938 2938 5008 supplicium
2984 4937 3130 4992 luere
3154 4974 3170 5001 ,
3202 4932 3375 4989 omnia
3407 4930 3573 5019 devo-

1993 5017 2160 5095 rantis
2189 5038 2413 5092 ﬂammae
2448 5047 2624 5090 escam
2667 5044 2948 5101 numquam
2993 5023 3402 5082 consumendam
3444 5017 3571 5075 elle-

2000 5142 2134 5187 ctus.
