4032 6406
1346 340 1405 398 S.
1442 338 1725 399 JOANNIS
1764 335 2249 394 CllllYSOSTOMl
2292 332 2612 390 ARCHIEP.
2654 331 3204 390 CONSTANTINOP.
3756 339 3840 398 lit

1026 664 3842 690 Μ

1259 1065 1341 1125 ΙΝ
1375 1060 1660 1124 LIBROS
1695 1062 1803 1122 AD
1848 1058 2205 1122 STAGIRII

2321 1060 2371 1121 Λ
2417 1057 2783 1119 ΒΕΜΟΝΕ
2821 1057 3224 1119 VEXATUM
3279 1135 3287 1141 _

694 1429 870 1485 llosce
889 1427 1058 1483 libros
1087 1423 1564 1498 Chrysostomum,
1593 1434 1720 1476 cum
1749 1419 2018 1475 diaconus
2038 1427 2206 1482 esset,

620 1537 862 1594 edidisse
911 1534 1167 1588 Socrates
1207 1531 1304 1590 ait.
1339 1530 1434 1584 lib.
1467 1546 1544 1594 Vl,
1583 1546 1632 1586 e.
1662 1528 1734 1595 '5,
1765 1525 2016 1580 videlicet
2061 1531 2210 1594 post-

621 1660 786 1714 quam
809 1642 1038 1696 adversa
1070 1637 1379 1694 valetudine
1400 1636 1680 1701 laborans,
1711 1651 1778 1692 ex
1811 1649 2030 1690 secessu
2054 1646 2212 1685 mon-

623 1753 762 1806 tium
819 1750 874 1804 in
931 1748 1120 1802 urbem
1169 1745 1346 1801 redire
1389 1754 1613 1801 coactus
1650 1752 1754 1809 cst,
1809 1740 1956 1812 quod
2015 1737 2214 1791 accidit

625 1875 772 1914 anno
799 1854 926 1919 580,
966 1864 1026 1908 ιιι
1059 1853 1310 1924 pluribus
1344 1853 1398 1906 in
1441 1849 1560 1905 Vita
1589 1850 1762 1905 sancti
1807 1847 2050 1904 doctoris
2079 1859 2210 1898 nar-

624 1974 799 2018 ratur.
836 1959 934 2016 llic
985 1967 1167 2014 autem
1211 1958 1386 2012 obiter
1437 1970 1746 2019 monemus,
1793 1954 2034 2015 titulum,
2068 1951 2212 2023 Πρὸς

622 2061 960 2132 Σταγείρων,
995 2074 1276 2129 perperam
1321 2057 1457 2114 verti
1485 2058 1552 2111 ab
1595 2057 1658 2110 ll.
1694 2056 1928 2119 Valesio,
1968 2055 2212 2110 Socratis

625 2170 939 2236 interprete,
970 2164 1235 2219 Adversus
1281 2163 1599 2232 Stagirium.
1636 2161 1750 2216 Etsi
1791 2176 1919 2215 vero
1959 2159 2212 2214 Socrates

625 2275 680 2326 in
735 2273 802 2326 iis
851 2270 1089 2325 maxime
1139 2284 1262 2339 quae
1307 2269 1373 2322 ad
1423 2266 1874 2337 Chrysostomum
1916 2266 2209 2336 pertinent,

625 2382 943 2449 frequenter
987 2376 1255 2431 calculum
1313 2375 1454 2429 male
1512 2382 1699 2444 ponat,
1765 2373 1852 2428 hic
1890 2381 2096 2437 tamen,
2153 2371 2209 2425 in

623 2489 744 2556 ipso
782 2486 905 2539 libri
945 2485 1151 2548 limine,
1202 2481 1418 2536 videtur
1460 2481 1536 2534 illi
1580 2479 2011 2551 Cltrysostomus
2075 2477 2208 2533 asti-

624 2594 797 2663 pulari
828 2612 841 2648 :
878 2592 1222 2663 Oportuerat,
1252 2590 1450 2660 inquit,
1480 2605 1574 2643 nos
1601 2587 1694 2642 tibi
1729 2602 1866 2640 nunc
1903 2586 2105 2648 adesse,
2135 2593 2214 2638 at-

617 2715 719 2768 que
749 2700 802 2750 in
843 2711 1202 2751 wrumnarum
1243 2703 1458 2748 tuarum
1502 2692 1826 2746 consortium
1864 2689 2112 2754 transire,
2145 2704 2210 2743 ac

618 2804 786 2858 verbis
819 2802 1171 2864 exhortando,
1211 2815 1363 2868 opere
1387 2797 1645 2868 juvando,
1682 2805 1974 2859 cunctaque
2003 2793 2210 2865 reliqua

619 2927 716 2979 pro
757 2909 901 2963 virili
949 2917 1131 2961 nostra
1176 2914 1326 2975 parte
1363 2903 1636 2973 inferendo
1684 2903 1954 2972 obsequia.
2001 2909 2206 2970 partem

623 3015 861 3085 aliquam
911 3014 1073 3066 lenire
1113 3011 1350 3065 maeroris
1376 3027 1394 3064 :
1419 3010 1668 3080 quoniam
1719 3025 1836 3062 vero
1875 3016 1926 3062 et
1963 3008 2207 3077 corporis

622 3122 761 3175 mala
791 3119 1054 3182 valetudo,
1099 3127 1148 3171 et
1193 3118 1424 3170 invectus
1470 3117 1526 3170 in
1575 3129 1730 3184 caput
1771 3125 2011 3169 nostrum
2033 3113 2205 3181 dolor,

618 3225 763 3280 domi
802 3242 894 3279 nos
919 3239 1128 3276 manere
1159 3224 1700 3293 compulerunt,oix0t
1727 3222 1908 3292 μένειν
1936 3221 2210 3292 κατηνάγ-

620 3347 817 3395 καςαν,
851 3328 1102 3400 nobisque
1129 3328 1266 3382 tanti
1291 3327 1430 3382 lucri
1457 3327 1810 3380 ministerium
1838 3323 2208 3389 abstulerunt;

612 3440 731 3506 jam
770 3437 908 3506 quod
941 3436 1200 3506 reliquum
1232 3443 1309 3488 est
1350 3449 1445 3502 pro
1471 3431 1834 3485 consolatione
1875 3439 1990 3491 tua,
2025 3439 2077 3484 et
2109 3443 2208 3499 pro

618 3541 854 3594 utilitate
884 3549 1088 3601 nostra,
1123 3539 1240 3602 hoc,
1283 3546 1340 3590 ut
1372 3535 1602 3606 facultas
1638 3547 1820 3589 nostra
1865 3536 2016 3605 feret,
2042 3535 2203 3589 indu-

619 3623 734 3700 cere
764 3643 1234 3714 nonucgligemus.
1283 3639 1378 3696 llis
1425 3641 1724 3710 alloquitur
1767 3640 2062 3710 Stagirium
2091 3640 2206 3694 An-

621 3749 840 3803 tTochite
874 3759 1004 3802 tunc
1048 3747 1331 3817 degentem
1364 3745 1646 3814 :dumque
1691 3745 1766 3798 ait
1811 3760 1869 3798 se
1909 3744 2056 3799 domi
2088 3758 2205 3797 ma-

617 3869 749 3906 nere
796 3862 1043 3910 coactum
1091 3853 1160 3906 ab
1204 3849 1523 3904 inﬁrmitate
1579 3849 1843 3918 corporis,
1902 3863 2003 3902 nec
2042 3862 2204 3917 posse

623 3957 922 4024 Stagirium
956 3956 1127 4022 adire,
1155 3955 1465 4012 subindicat
1507 3970 1566 4010 se
1595 3955 1781 4009 eadem
1811 3955 1863 4007 in
1889 3952 2025 4007 urbe
2044 3968 2196 4007 com-

619 4062 860 4130 morari;
899 4077 1023 4117 nam
1053 4063 1099 4118 si
1138 4072 1265 4118 tunc
1294 4063 1347 4116 in
1391 4063 1608 4117 deserto
1649 4071 1703 4115 et
1739 4061 1789 4113 in
1817 4060 2082 4114 montium
2115 4074 2202 4115 re-

621 4170 874 4225 cessibus
897 4169 1156 4242 desisset,
1201 4171 1301 4227 boc
1337 4171 1538 4242 ipsum,
1590 4178 1646 4223 ut
1687 4168 1922 4234 videtur,
1951 4166 2198 4222 dicturus

2315 1434 2422 1474 non
2447 1427 2583 1473 erat.
2612 1419 2669 1474 Si
2695 1398 2836 1474 hanc
2864 1421 3127 1490 temporis
3157 1430 3343 1478 notam
3371 1439 3682 1496 sequamur,
3708 1431 3846 1492 libros

2313 1525 2384 1578 ad
2433 1523 2730 1594 Stagiritem
2777 1527 3060 1598 scripserit
3110 1545 3254 1586 anno
3291 1531 3396 1586 380
3442 1535 3525 1588 vel
3566 1535 3684 1601 ⁸581,
3727 1553 3848 1609 post-

2313 1644 2476 1700 quam
2508 1644 2572 1684 ex
2605 1631 2868 1700 asperiori
2910 1633 3036 1688 vita:
3075 1650 3290 1705 genere,
3317 1637 3466 1706 quod
3495 1639 3697 1698 duobus
3719 1646 3848 1701 anuis

2313 1737 2367 1792 in
2401 1739 2656 1808 spelunca
2685 1749 2947 1810 gesserat,
2982 1740 3034 1794 in
3067 1744 3316 1812 corporis
3341 1745 3701 1805 inﬁrmitatem
3732 1753 3846 1807 dela-

2313 1859 2466 1914 psus,
2494 1843 2547 1897 in
2564 1845 2751 1899 urbem
2775 1845 2952 1900 redire
2969 1857 3192 1903 coactus
3207 1855 3293 1903 est
3317 1848 3422 1904 sub
3436 1850 3593 1906 linem
3615 1855 3731 1908 anni
3746 1854 3845 1919 580,

2316 1946 2408 2001 ubi
2465 1949 2678 2006 tantillo
2723 1950 2910 2020 elapso
2943 1961 3186 2022 tempore
3231 1954 3502 2013 diaconus
3540 1959 3794 2017 ordinatur
3823 1980 3844 2017 a

2313 2052 2545 2108 Meletio.

2385 2156 2664 2212 Obuititur
2697 2157 3101 2224 Tillemontius,
3132 2173 3184 2217 et
3219 2178 3285 2218 ex
3308 2162 3678 2238 Chrysostomi
3707 2169 3844 2224 verbis

2313 2259 2480 2315 infert
2531 2263 2730 2332 ipsum,
2800 2263 3118 2336 priusquam
3163 2283 3230 2322 ex
3275 2270 3556 2326 montibus
3603 2272 3654 2325 in
3693 2273 3844 2326 urbem

2313 2365 2533 2430 rediret,
2595 2367 2693 2423 bos
2739 2369 3026 2442 scripsisse
3072 2371 3264 2428 libros.
3319 2372 3483 2443 Nam,
3539 2377 3720 2447 inquit,
3761 2378 3844 2432 ba-r

2312 2472 2684 2546 Chrysostomi
2737 2479 2937 2532 verba:
2971 2477 3141 2532 Tanta
3175 2481 3316 2533 enim
3363 2481 3530 2535 audio
3582 2483 3670 2536 tibi
3707 2499 3845 2537 acces-

2312 2581 2446 2636 sisse
2473 2583 2688 2652 pietatis
2717 2585 3037 2646 incrementa
3055 2602 3075 2650 ;
3115 2583 3270 2658 [154]
3303 2587 3435 2646 item
3465 2589 3594 2646 illud
3621 2607 3636 2649 ς
3666 2587 3844 2658 καὶγὰρ

2314 2685 2425 2740 τῶν
2466 2688 2673 2742 ἐκεῖθεν
2699 2690 3011 2760 ἐρχομένων
3060 2692 3246 2746 ἀκούω
3285 2693 3654 2766 διηγουμένων
3678 2697 3750 2750 ὅτι
3785 2711 3843 2750 σοι

2314 2795 2425 2856 πᾶς
2443 2796 2472 2847 ὁ
2500 2797 2692 2866 καιρὸς
2713 2797 2794 2858 εἰς
2822 2796 2988 2867 εὐχὰς
3021 2798 3116 2850 καὶ
3139 2799 3352 2871 δάκρυα
3382 2801 3753 2856 ἀναλίσκεταιτ
3780 2819 3831 2855 an

2313 2898 2404 2952 dio
2429 2915 2496 2953 ea:
2521 2901 2587 2954 tis
2611 2902 2702 2970 qui
2729 2901 2924 2957 isthinc
2957 2905 3263 2967 adveniunt,
3304 2905 3405 2960 tibi
3433 2923 3584 2962 omne
3608 2916 3784 2977 tempus
3803 2907 3842 2959 in

2312 3001 2564 3075 lacrymis
2588 3009 2953 3080 perpetuisque
2975 3009 3305 3065 orationibus
3335 3015 3578 3068 consumi
3597 3031 3616 3080 ;
3660 3015 3840 3067 iterum-

2309 3125 2438 3180 que,
2459 3111 2819 3183 plurimosque
2861 3113 2966 3180 hic,
3003 3115 3130 3170 dum
3178 3125 3273 3172 tua
3313 3129 3595 3172 narrarent
3623 3117 3840 3177 instituta,

2311 3227 2730 3285 campana-erunt
2748 3234 2769 3284 ;
2791 3217 2928 3283 hmo,
2960 3220 3140 3291 inquit
3181 3219 3292 3288 ille,
3328 3237 3440 3277 non
3464 3231 3591 3278 sunt
3616 3223 3743 3278 dicta
3772 3221 3840 3274 Iro-

2309 3320 2474 3381 minis
2525 3321 2716 3378 eadem
2761 3323 2818 3380 iu
2860 3323 2995 3379 urbe
3042 3326 3459 3383 eommsrantis.
3513 3325 3660 3382 Unde
3715 3325 3840 3382 infert

2311 3424 2608 3496 Stagirium
2637 3426 2857 3497 quidem
2887 3429 3192 3484 Antiochiae
3212 3429 3408 3494 fuisse,
3442 3430 3840 3503 Cbrysostomum

2307 3547 2438 3588 vero
2459 3534 2513 3587 in
2545 3535 2812 3588 montium
2843 3535 3238 3599 secessu,unde
3262 3536 3428 3606 paulo
3457 3547 3597 3608 post,
3631 3550 3840 3606 premen-

2309 3637 2453 3694 tibus
2481 3639 2761 3710 corporeis
2782 3640 3217 3711 intlrmitatibus,
3252 3643 3308 3698 in
3331 3644 3524 3700 urbem
3548 3643 3711 3700 redire
3729 3655 3840 3697 com-

2305 3743 2498 3812 pulsus
2531 3753 2636 3798 est.

2378 3847 2503 3904 Περ
2530 3864 2694 3918 porro
2718 3859 3036 3921 argumenta
3060 3866 3169 3908 non
3205 3852 3339 3908 tanti
3369 3854 3625 3910 momenti
3645 3866 3752 3908 esse
3773 3849 3827 3903 vi-

2305 3953 2524 4020 dentur,
2563 3964 2622 4010 ut
2657 3970 2756 4010 nos
2795 3971 2826 4010 a
2867 3957 3049 4026 priore
3085 3959 3357 4016 sententia
3406 3960 3702 4024 abducant:
3740 3968 3836 4010 natu

2303 4073 2426 4128 quae
2460 4057 2714 4127 superius
2751 4074 2817 4114 ex
2861 4059 3258 4132 Cbrysostomo
3300 4062 3622 4128 ali‘eruntur,
3674 4059 3838 4130 optime

2303 4176 2536 4236 possunt
2557 4167 2829 4237 quadrare
2859 4169 2926 4223 ad
2973 4169 3250 4226 hominem
3298 4169 3354 4225 in
3377 4171 3567 4226 eadem
3597 4169 3835 4238 degentem

612 4519 2414 4548 ΜΞ

965 4838 1603 4959 EJUSDEM
1719 4843 2266 4957 ORATIO
2371 4844 3505 4961 ADHORTATORIA

1371 5089 1460 5142 AD
1485 5089 1878 5172 _STAGIRIUM
1919 5089 2244 5147 ASCETAM
2288 5092 2331 5146 Α
2375 5091 2709 5150 ΒᾹΞΜΟΝΙΟ
2745 5093 3110 5152 νΕΧΑΤυΜ.

1746 5270 2104 5357 LIBER
2196 5273 2490 5360 PRlM
2519 5257 2740 5362 US’.

681 5437 731 5489 l.
748 5435 1330 5512 Oportueratquidem,
1351 5460 1384 5495 o
1398 5443 1682 5497 rarissime
1696 5443 1940 5498 omnium
1964 5442 2189 5512 Stagiri,

611 5535 710 5577 nos
741 5529 834 5580 tibi
866 5545 1010 5583 nunc
1044 5531 1259 5596 adesse,
1292 5542 1454 5599 atque
1489 5533 1541 5584 in
1573 5547 1943 5586 arrumnarum
1969 5543 2185 5587 tuarum

673 5649 909 5723 {Titulus
925 5655 995 5704 sic
1017 5657 1164 5707 habet
1193 5658 1238 5708 in
1271 5661 1401 5723 Saril
1433 5698 1443 5716 ,
1472 5662 1798 5722 Clrrysostomi
1823 5665 1888 5714 ad
1911 5664 2181 5723 Stagirittm

613 5714 640 5751 α
683 5721 895 5763 awnaone
932 5727 1172 5782 relatum,
1218 5714 1785 5775 consalutamus"Sermo
1829 5727 1864 5775 l.
1909 5729 1958 5776 in
1986 5714 2180 5787 illorle

2291 5449 2635 5502 consortium
2656 5448 2910 5513 transire,
2936 5457 2990 5503 cl
3006 5449 3444 5519 operejuvando,
3461 5446 3636 5500 verbis
3663 5439 3824 5495 exhor-

2299 5536 2481 5600 tando,
2513 5545 2820 5607 cuuetaque
2856 5538 3064 5606 reliqua
3092 5554 3190 5608 pro
3223 5537 3360 5592 virili
3399 5543 3576 5590 nostra
3601 5538 3737 5600 parte
3763 5526 3822 5573 in-

2296 5669 2526 5780 Ejusdem
2553 5668 2914 5782 gdllOfltilOt'lltS
2945 5674 3008 5722 ad
3047 5671 3313 5739 Stagirium
3340 5676 3542 5723 ascctarn
3577 5679 3604 5714 η
3631 5663 3819 5713 damon:

2297 5743 2415 5780 t‘exa
2440 5745 2519 5780 um
2551 5767 2560 5778 .
2587 5745 2720 5781 crmo
2774 5773 2779 5778 .

2297 5743 2519 5780 t‘exaturtt
2551 5743 2720 5781 δενηιο
2750 5743 2779 5781 Ι.
