4032 6406
242 322 356 377 425

1124 315 1214 370 AD
1258 313 1631 371 STAGIRIUM
1671 313 1713 366 A
1755 308 2063 366 DIEMONE
2103 307 2436 367 VEXATUM
2480 307 2608 363 LIB.
2650 308 2690 362 I.

3413 306 3519 359 428

1648 1031 2140 1096 ΑΒΜΟΝΙΤΙΟ.

256 1385 422 1450 urbe,
464 1381 768 1455 praesertim
820 1387 982 1434 tantre
1017 1377 1432 1449 amplitudimis,
1470 1387 1688 1438 quanta:
1726 1387 1846 1436 erat

257 1489 554 1547 Antiochia
578 1501 702 1542 cum
747 1483 1048 1541 suburbiis.
1085 1483 1165 1540 Ad
1214 1484 1328 1539 bzec
1368 1485 1528 1539 anuis
1551 1485 1846 1554 postremis

260 1594 483 1649 duobus
507 1605 758 1647 secessus
808 1589 918 1653 sui,
971 1587 1224 1644 videlicet
1267 1588 1374 1645 579
1413 1598 1469 1646 et
1492 1589 1620 1657 580,
1643 1591 1847 1660 quibus

262 1691 567 1749 secundum
592 1687 921 1743 Tillemoutii
967 1687 1240 1742 calculum
1279 1688 1378 1743 hos
1425 1687 1599 1745 libros
1626 1689 1848 1760 scripsit

261 1799 716 1869 Chrysostomus,
748 1794 804 1848 in
830 1793 1089 1864 spelunca
1128 1792 1217 1847 ille
1255 1793 1405 1850 solus
1444 1793 1696 1864 degebat,
1729 1793 1849 1864 τρὶς

255 1903 410 1960 cura
433 1905 629 1975 μῆνας,
658 1911 735 1956 ter
767 1911 882 1955 octo
925 1899 1211 1962 mensibus,
1259 1907 1320 1953 ut
1343 1899 1420 1954 ait
1450 1897 1752 1965 Palladius,
1795 1899 1850 1954 id

261 2018 375 2073 est,
401 2007 617 2062 duobus
651 2006 833 2070 annis,
881 2019 949 2060 ex
995 2017 1102 2074 qua
1139 2003 1397 2074 spelunca
1445 2003 1516 2059 ob
1564 2004 1848 2058 adversam

259 2115 516 2186 corporis
543 2110 904 2166 valetudinem
929 2109 982 2162 in
1009 2107 1196 2162 urbem
1220 2107 1397 2162 redire
1419 2107 1737 2177 compulsus
1770 2116 1855 2163 est

265 2226 376 2282 sub
411 2223 571 2277 linem
608 2217 733 2272 anni
764 2214 888 2271 580.
923 2214 1005 2268 An
1041 2228 1169 2267 vero
1205 2213 1257 2266 in
1290 2212 1548 2282 spelunca
1572 2213 1718 2268 solus
1745 2212 1855 2267 de-

265 2342 406 2397 gens
428 2323 633 2378 diceret
652 2335 711 2374 se
736 2317 986 2388 corporis
1027 2315 1344 2372 inﬁrmitate
1377 2314 1550 2380 domi,
1572 2316 1732 2382 οἴκοι,
1762 2315 1858 2371 de-

273 2439 484 2486 tentum
514 2441 625 2480 non
667 2438 828 2493 posse
868 2419 1164 2488 Stagirium
1202 2419 1391 2473 adire?
1428 2419 1532 2484 An,
1577 2418 1768 2474 eadem
1800 2419 1856 2474 in

274 2533 535 2604 spelunca
556 2527 1032 2592 inclusus,tantam
1064 2522 1473 2577 adventantium
1493 2521 1855 2593 frequentiam

274 2637 572 2707 exciperet,
599 2641 862 2702 quautam
893 2628 1136 2682 indicant
1170 2627 1293 2681 loca
1341 2627 1459 2697 ipsa
1505 2642 1537 2682 a
1566 2626 1860 2682 Tillemon-

278 2746 356 2799 tio
384 2739 584 2796 allata?
611 2736 736 2792 Hinc
759 2734 1064 2806 priesertim
1107 2748 1195 2787 me
1241 2741 1463 2788 movent
1492 2741 1552 2788 ut
1575 2731 1858 2788 Socratem

273 2859 501 2916 sequar,
533 2851 588 2898 et
616 2842 781 2896 hosce
814 2839 983 2894 libros
1013 2835 1243 2890 referam
1273 2835 1329 2890 in
1364 2851 1568 2890 annum
1593 2835 1721 2900 581,
1752 2851 1863 2905 quo

282 2955 528 3015 ineunte,
561 2957 621 3003 ut
641 2955 920 3018 putamus,
967 2959 999 2997 a
1042 2941 1258 2997 Meletio
1291 2941 1554 2997 diaconus
1583 2941 1866 2997 ordinatus

281 3062 368 3109 est
393 3052 841 3122 Chrysostomus.
887 3043 1013 3101 llaec
1050 3044 1118 3100 de
1166 3052 1414 3113 tempore
1444 3059 1459 3096 :
1485 3051 1869 3114 argumentum

286 3165 470 3211 autem
502 3150 814 3223 huiusmodi
833 3157 938 3205 est.

359 3259 652 3329 Stagirius,
690 3253 860 3310 nobili
896 3253 1018 3307 loco
1058 3263 1247 3315 natus,
1291 3263 1324 3303 a
1367 3247 1570 3304 teneris
1615 3247 1670 3302 in
1715 3246 1875 3304 Chri-

285 3365 470 3420 stiana
488 3361 591 3416 ﬁde
606 3360 892 3421 educatus,
908 3353 1180 3426 principio
1204 3351 1424 3423 quidem
1445 3353 1680 3408 terrenis
1703 3351 1870 3408 rebus

301 3468 554 3524 addictus
579 3472 730 3531 erat;
767 3460 860 3517 sed
896 3460 1044 3516 brevi
1078 3467 1265 3529 postea
1299 3455 1567 3511 abdicatis
1594 3455 1874 3511 facultati-

293 3573 400 3628 bus
453 3569 752 3639 mundique
798 3565 1030 3630 deliciis,
1081 3563 1246 3617 vitam
1296 3561 1679 3627 monasticam,
1707 3561 1877 3615 invito

292 3680 422 3734 licet
446 3678 855 3744 reluctanteque
877 3681 1048 3743 patre,
1071 3669 1356 3740 amplexus
1369 3675 1470 3724 est.
1502 3665 1662 3723 Initio
1697 3677 1875 3722 tamen

294 3800 407 3839 non
441 3783 516 3838 ita
559 3781 868 3851 diligenter,
921 3785 984 3832 ut
1027 3791 1127 3846 par
1171 3783 1312 3838 erat,
1357 3771 1452 3827 sed
1499 3771 1798 3827 oscitanter
1826 3779 1880 3826 et

301 3888 672 3961 perfunctorie
696 3901 784 3940 res
828 3883 1093 3938 asceticas
1125 3877 1397 3934 tractabat
1425 3917 1437 3939 ,
1463 3877 1786 3947 generisque
1817 3876 1881 3931 ii-

297 3993 461 4049 ducia
492 3991 681 4056 lretus,
718 3994 1001 4043 monentes
1027 3999 1085 4039 se
1114 3995 1257 4053 aegre
1309 3977 1649 4033 admittebat.
1675 3975 1880 4030 Verum

303 4095 674 4169 prospiciente
697 4071 955 4155 Numine,
1013 4104 1081 4144 ne
1123 4095 1246 4156 post
1287 4091 1564 4154 peractum
1606 4088 1880 4134 tantarum

297 4217 471 4271 opum
504 4199 834 4257 saC'jiieium
868 4181 1043 4252 levius
1088 4188 1374 4262 praemium
1415 4185 1687 4258 Stagirius
1708 4183 1882 4240 refer—

1953 1391 2054 1450 ret,
2082 1397 2112 1438 a
2135 1381 2382 1438 daemone
2407 1382 2699 1452 corripitur
2736 1390 2790 1437 et
2822 1382 3151 1454 exagitator,
3182 1397 3246 1439 ac
3276 1385 3522 1456 repetitis

1953 1486 2266 1559 frequenter
2294 1487 2507 1543 vicibus
2530 1503 2701 1558 usque
2722 1489 2857 1543 adeo
2893 1497 3142 1555 vexatur,
3167 1496 3228 1543 ut
3250 1488 3304 1544 in
3335 1491 3531 1561 despe-

1953 1603 2102 1652 ratas
2135 1595 2241 1651 sibi
2276 1602 2509 1650 mortem
2551 1592 2926 1650 consciscendi
2979 1594 3338 1664 cogitationes
3362 1597 3535 1652 inter-

1958 1700 2089 1756 dum
2114 1699 2340 1756 veniret.
2380 1698 2521 1755 Hinc
2566 1713 2775 1754 mceror
2812 1709 2868 1754 et
2915 1699 3136 1754 tristitia
3169 1699 3362 1772 ingens
3391 1720 3406 1756 :
3438 1703 3538 1758 νὶίιξ

1955 1817 2148 1860 omnes
2208 1803 2455 1874 placandi
2513 1802 2608 1858 Dei
2659 1811 2980 1871 tentantur,
3055 1804 3208 1858 nulla
3267 1806 3535 1875 prolicit:

1957 1915 2275 1963 sanctorum
2323 1920 2518 1976 preces
2561 1906 2908 1974 adhibentur,
2958 1923 3058 1965 nec
3109 1909 3418 1968 vexationis
3477 1910 3541 1965 ti.-

1959 2027 2085 2066 nem
2121 2012 2433 2082 impetrant.
2468 2010 2568 2067 Hic
2609 2020 2792 2066 tamen
2825 2027 2892 2066 ex
2933 2027 3177 2067 aerumna
3221 2013 3543 2084 huiusmodi

1960 2115 2172 2172 fructus
2199 2115 2470 2187 provenit,
2506 2126 2565 2172 ut
2609 2117 2703 2186 qui
2751 2116 2882 2172 olim
2934 2117 3263 2175 oscitantius
3298 2133 3357 2174 se
3387 2135 3547 2189 gere-

1960 2221 2075 2285 bat,
2102 2221 2214 2291 jam
2259 2219 2562 2276 ferventius
2599 2220 2690 2291 pia
2733 2220 2993 2294 exercitia
3031 2221 3230 2277 adiret.
3272 2221 3548 2280 Evocat-ur

1963 2327 2029 2382 ad
2063 2335 2225 2382 tanta:
2248 2325 2573 2382 calamitatis
2593 2327 2845 2382 solatium
2859 2326 3286 2399 Chrysostomus
3310 2331 3550 2400 amicus,

1963 2433 2079 2502 qui,
2113 2447 2238 2487 cum
2267 2432 2459 2486 morbo
2503 2434 2755 2487 detentus
2784 2432 2949 2487 domo
2973 2433 3236 2490 excedere
3266 2451 3374 2492 non
3404 2437 3552 2493 valch

1963 2549 2068 2606 ret,
2105 2548 2216 2595 tres
2242 2540 2410 2594 hosce
2448 2537 2622 2593 libros
2664 2537 2813 2592 misit
2847 2537 3101 2592 leniendo
3138 2536 3315 2593 dolori
3351 2555 3549 2612 appor-

1967 2651 2152 2708 tunos,
2180 2643 2274 2698 ubi
2301 2642 2552 2714 exemplo
2577 2649 2891 2697 sanctorum
2908 2643 3196 2712 utriusque
3213 2641 3548 2700 Tesxamenti

1968 2749 2167 2819 probat
2189 2747 2358 2803 Deum
2381 2748 2463 2802 vel
2483 2748 2824 2802 charissimis
2847 2745 2950 2802 sibi
2980 2747 3116 2802 viris
3142 2748 3412 2804 atrociora
3430 2750 3555 2806 ideo

1972 2853 2272 2909 immisisse
2303 2853 2468 2919 mala,
2512 2862 2571 2907 ut
2617 2853 2830 2923 majora
2871 2853 3094 2923 praemia
3133 2854 3556 2923 splendidiores-

1970 2973 2080 3028 que
2127 2973 2360 3014 coronas
2404 2957 2692 3013 tribueret.
2737 2957 2996 3012 Animum
3035 2957 3111 3012 ait
3150 2958 3556 3016 calamitatibus

1972 3064 2249 3128 aﬂ'ectum,
2288 3061 2589 3116 ferventius
2626 3059 2738 3114 Deo
2773 3059 3085 3130 divinisque
3118 3062 3284 3116 rebus
3326 3062 3554 3130 haerere,

1972 3169 2221 3224 maculas
2253 3180 2445 3222 omnes
2472 3174 2526 3220 et
2557 3164 2690 3219 vitia
2728 3163 2832 3219 hac
2851 3163 3060 3219 ratione
3082 3165 3246 3219 citius
3278 3167 3553 3238 abstergi;

1973 3285 2034 3329 ut
2058 3272 2229 3343 ipsius
2261 3269 2486 3342 Stagirii
2522 3268 2774 3339 exemplo
2813 3269 3164 3338 comprobari
3188 3278 3425 3340 poterat,
3459 3273 3555 3342 qui

1974 3375 2288 3438 oscitantia,
2334 3385 2575 3445 torpore,
2619 3380 2837 3428 tumore
2882 3373 3204 3441 eliminatis,
3248 3374 3364 3444 jam
3415 3376 3560 3432 inter

1974 3482 2336 3539 ferventiores
2372 3480 2578 3537 Christi
2623 3480 2861 3535 athletas
2907 3480 3118 3549 primas
3156 3489 3388 3536 teneret.
3434 3479 3564 3537 Haec

1978 3588 2070 3643 ille
2102 3588 2217 3641 l‘use
2240 3594 2295 3641 et
2322 3583 2638 3656 παθητικῶς
2670 3599 2770 3654 pro
2795 3599 2948 3639 more
2977 3598 3078 3640 suo
3103 3585 3474 3656 prosequitur,
3497 3601 3565 3640 ac

1975 3691 2202 3747 cuilibet
2241 3689 2496 3744 lenienda
2532 3687 2759 3744 maerori
2806 3688 3108 3744 remedium
3143 3688 3304 3743 oll'ert
3339 3690 3558 3760 legenti.

2053 3795 2562 3868 lnterprctationem
2634 3809 2764 3848 vero
2826 3793 3019 3849 incerti
3081 3795 3365 3864 cujusdam
3425 3796 3562 3859 viri,

1982 3916 2104 3971 quae
2125 3901 2180 3954 in
2210 3899 2530 3955 Morelliana
2585 3898 2826 3953 editione
2873 3899 3052 3968 posita
3083 3898 3280 3966 fuerat,
3311 3899 3568 3954 innume-

1986 4005 2062 4060 ris
2092 4005 2145 4057 in
2171 4004 2307 4060 locis
2333 4003 2681 4059 emendatam
2728 4017 2758 4058 e
2791 4003 3014 4073 regione
3053 4002 3226 4059 Graeci
3258 4012 3438 4060 textus
3470 4019 3568 4075 po-

1983 4121 2216 4162 sunmus.

310 4447 3546 4497 Wmm

532 4905 1025 5032 "mror
1059 4915 1548 5033 ΑΥΤΟΥ
1603 4911 2133 5034 ΛΟΓΟΣ
2191 4903 3341 5036 ΠΑΡΑΙΝΕΤΙΚΟΣ

1178 5177 1358 5229 ΠΡυΣ
1398 5176 1804 5230 ΣΤΑΓΕΙΡΙΟΝ
1845 5175 2186 5230 ΑΣΚΗΤΗΝ
2224 5175 2690 5230 ΔΑΙΜΟΝΩΝΤΑ.

1427 5366 1792 5451 ΛΟΓΟΣ
1849 5365 2290 5451 ΠΡΩΤΟΣ
2339 5368 2395 5448 ⁸.

283 5497 352 5544 α’.
382 5489 527 5544 Ἔδει
549 5489 650 5560 μὲν
668 5489 836 5559 ἡμᾶς,
861 5479 906 5540 ὦ
936 5485 1160 5554 φίλτατε
1185 5481 1402 5537 πάντων
1427 5485 1550 5554 ἐμοὶ
1577 5483 1885 5553 Σταγεὶριε,

201 5573 310 5626 καὶ
340 5568 592 5641 παρεῖναί
621 5585 702 5621 σοι
727 5566 822 5620 νῦν
841 5566 936 5620 καὶ
961 5563 1640 5634 συνδιαταλαιπωρεῖσοαι,
1673 5563 1769 5614 καὶ
1801 5562 1887 5614 λό-

273 5715 301 5742 “
318 5713 520 5761 Titulus
541 5711 612 5759 sic
635 5710 786 5759 habet.
810 5711 858 5757 in
891 5708 1046 5756 Savil.
1066 5722 1082 5772 _:
1114 5707 1458 5772 Χρψσρστρμου
1479 5705 1881 5772 ῖμὸςῄῗξτεαγεζριογ

201 5776 511 5838 δτιμονῶντα
550 5774 684 5838 λόγος
725 5770 1107 5838 παρᾳμλέὶητικρς
1147 5765 1225 5838 ai'~
1262 5769 1310 5816 III
1337 5765 1545 5838 Μυνρμτ
1592 5765 1689 5836 Τρῦ
1721 5765 1883 5838 aspa-

206 5830 350 5897 ὶὸγὸς
390 5834 714 5898 παραινετικὸς
757 5830 870 5890 «pb;
898 5830 1164 5892 Σταγεὶριον
1206 5830 1418 5884 ἀσκητὴν
1462 5830 1755 5880 ξαιμηνὼντα
1797 5830 1877 5872 λό-

2006 5476 2089 5552 mf
2109 5481 2549 5554 παρακαλοῦντα,
2613 5481 2709 5535 καὶ
2768 5481 2914 5552 ἔργῳ
2968 5473 3409 5544 διακονούμενον,
3435 5473 3533 5528 καὶ
3589 5477 3657 5529 τὰ

1993 5562 2129 5615 ἄλλα
2181 5562 2360 5617 πάντα
2409 5561 2878 5630 συλλαμϐάνοντα,
2945 5555 3108 5628 μέρος
3159 5571 3212 5605 τι
3268 5557 3366 5626 τῆς
3419 5554 3658 5625 ἀθυμῖας

1987 5780 2065 5822 γος
2087 5763 2156 5810 α’.
2188 5791 2242 5798 —-
2266 5763 2403 5810 Notae
2430 5769 2481 5811 et
2511 5763 2652 5822 variae
2675 5756 2921 5822 lectiones
2941 5756 2992 5822 in
3023 5761 3122 5822 tres
3150 5753 3298 5805 libros
3320 5756 3378 5806 ad
3400 5753 3660 5818 Stagirium

1988 5819 2047 5872 ex
2078 5823 2223 5873 Fat'il.
2252 5833 2297 5873 et
2328 5838 2387 5873 cx
2419 5838 2514 5872 uno
2540 5819 2822 5871 Colbertiuo
2846 5820 3010 5870 codice
3039 5821 3298 5878 petuntur.
