4032 6406
416 266 525 324 425

416 385 827 455 ἐπικουφίζειν.
865 386 990 441 ὅσον
1021 388 1152 459 ἡμῖν
1193 388 1420 442 δυνατὸν
1462 386 1558 462 ἦν·
1599 393 1793 463 ἐπειδὴ
1827 394 1884 447 δὲ
1919 395 1952 464 ὴ
2002 395 2098 449 τοῦ

418 470 672 541 σώματος
703 472 956 527 ἀσθένεια
972 514 987 536 ,
1011 474 1183 528 καὶτὸ
1215 477 1578 549 κατασκῆψαν
1601 482 1667 552 τῇ
1699 482 1908 555 κεφαλῇ
1933 483 2102 537 κακὸν

417 560 556 612 οἶκοι
597 560 781 631 μένειν
808 564 1257 632 καταναγκάσαν,
1288 565 1567 619 διακονίαν
1591 567 1846 623 τοσοῦτον
1870 569 2101 640 ἔχουσαν

416 644 606 716 κέρδος
642 647 790 717 ἡμᾶς
836 647 1107 717 ἀφείλετο,
1142 650 1280 720 ὅπερ
1317 652 1463 705 ἐστὶν
1498 652 1648 725 [155]
1687 654 1979 710 ὑπόλοιπον
2006 658 2101 710 καὶ

415 731 551 805 πρὸς
572 733 927 804 παραμυθίαν
948 736 1048 806 τὴν
1075 736 1194 807 σὴν,
1212 738 1308 791 καὶ
1333 739 1470 810 πρὸς
1487 739 1754 808 ὠφέλειαν
1776 742 1875 812 τὴν
1899 744 2102 815 ἡμετέ-

416 837 537 891 ραν,
574 820 731 874 τοῦτο
786 821 930 874 κατά
956 822 1189 894 δύναμιν
1223 826 1557 894 εἰσενεγκεῖν
1587 829 1689 881 οὐκ
1714 830 2020 902 ὀκνήσομεν
2046 844 2095 886 ι.

415 910 576 973 Ἴσως
610 909 709 979 μὲν
735 908 846 980 γὰρ
874 908 1030 964 ἔσται
1056 929 1109 964 τι
1141 911 1324 976 πλέον,
1363 913 1502 986 πρὸς
1525 915 1586 969 τὸ
1624 916 1694 970 τά
1742 918 1991 988 παρόντα
2036 937 2098 973 σε

409 995 599 1067 φέρειν
620 996 881 1065 γενναίως
904 1012 919 1026 ’
950 997 1016 1052 ἂν
1045 997 1101 1052 δὲ
1122 999 1232 1071 ἄρα
1251 1000 1416 1071 μηδέν
1449 1020 1501 1055 τι
1524 1004 1766 1058 τοιοῦτον
1784 1006 2094 1079 ἀνύσωμεν,

408 1084 471 1138 τὺ
498 1083 629 1153 γοῦν
649 1085 759 1138 τῶν
779 1087 860 1149 εἰς
891 1088 1041 1158 ἡμᾶς
1081 1090 1324 1159 ἡκόντων
1357 1090 1703 1164 ἐλλειφθῆναι
1734 1095 1923 1165 μηδὲν,
1966 1098 2096 1168 ῥᾷον

409 1173 557 1243 ἡμᾶς
615 1173 925 1228 διακεῖσθαι
972 1176 1188 1247 ποιήσει
1231 1176 1326 1230 τοῦ
1364 1177 1577 1234 λοιποῦ.
1630 1182 1689 1235 Ὀ
1733 1183 1843 1255 γάρ
1874 1184 2092 1239 ἅπαντα

407 1260 847 1331 ἀναπληρώσας,
900 1263 1113 1334 ὅσαπερ
1145 1263 1212 1318 ἂν
1244 1264 1425 1338 οἴηται
1458 1268 1488 1307 ι)
1526 1268 1661 1340 πρὸς
1701 1269 1855 1325 λύσιν
1904 1272 2092 1344 φέρειν

405 1349 516 1404 τῶν
554 1350 895 1427 κατεχόντων
931 1352 1194 1424 ἀνιαρῶν,
1220 1355 1323 1408 κᾶν
1360 1356 1530 1427 μηδὲν
1568 1357 1802 1433 περάνῃ,
1834 1360 1936 1431 τῆς
1962 1360 2093 1431 γοῦν

404 1438 516 1492 ἀπὸ
538 1437 648 1491 τῶν
668 1426 945 1511 λογισμῶν
974 1440 1156 1504 αἰτίας
1180 1426 1433 1512 ἀφεῖται,
1451 1444 1546 1499 καὶ⁸
1571 1426 1655 1498 τὸ-
1678 1426 1788 1501 τῶν
1814 1426 2094 1519 ἐγκλημά-

404 1542 513 1578 των
545 1524 710 1596 ἄχθος
737 1525 1096 1599 ἀποθέμενος,
1112 1528 1173 1581 τὸ
1189 1528 1292 1600 τῆς
1321 1531 1563 1602 ἀθυμίας
1582 1533 1768 1604 φέρειν
1779 1537 2092 1605 ἀναγκάζε-

401 1629 494 1666 ται
514 1613 696 1683 μόνον.
728 1613 790 1667 Εἰ
814 1614 914 1685 μὲν
939 1610 1034 1670 οὖν
1054 1613 1164 1669 τῶν
1190 1616 1624 1689 εὐδοκιμούντων
1655 1622 1806 1693 παρά
1841 1622 1961 1694 Θεῷ
1994 1625 2091 1680 καὶ

403 1700 617 1773 μεγάλα
649 1702 965 1779 δυναμένων
980 1703 1277 1776 ἐτύγχανον
1294 1704 1390 1772 ὣν,
1410 1707 1511 1762 οὑκ
1539 1707 1607 1763 ἀν
1644 1708 1886 1766 διέλιπον
1902 1712 2091 1785 δεόμε-

399 1808 488 1854 νος
519 1791 613 1844 καὶ
649 1791 907 1845 ἱκετεύων
932 1793 1072 1864 ὑπὲρ
1103 1794 1205 1866 τῆς
1222 1795 1411 1867 τιμίας
1438 1798 1563 1868 ἐμοὶ
1585 1800 1832 1871 κεφαλῆς
1851 1817 1866 1832 ο
1896 1802 2085 1874 ἐπειδὴ

397 1878 454 1931 δέ
495 1896 563 1950 με
620 1879 720 1949 τὴν
768 1881 1082 1953 παρρησίαν
1116 1883 1334 1954 ἐκείνην
1369 1885 1465 1939 καὶ
1515 1886 1613 1958 τὴν
1655 1890 1809 1960 ίσχὺν
1869 1890 1928 1944 τὸ
1978 1891 2087 1948 τῶν

398 1965 815 2038 ἁμαρτημάτων
842 1967 1047 2039 πλῆθος
1085 1968 1425 2042 παρῄρηται,
1448 1973 1548 2044 τὴν
1569 1974 1657 2028 διά
1690 1977 1952 2047 ῥημάτων
1983 1997 2089 2034 πα-

400 2052 674 2124 ράκλησιν
723 2053 1061 2127 πειράσομαί
1106 2073 1189 2108 σοι
1249 2063 1641 2129 προσαγαγεῖν.
1686 2064 1797 2115 Καὶ
1851 2064 1961 2138 γάρ
1992 2067 2087 2121 ἐπὶ

394 2140 507 2194 τῶν
543 2138 867 2221 τάίσώματα
902 2142 1242 2212 καμνόντων,
1300 2147 1500 2218 ἰατρῶν
1530 2149 1635 2218 μὲν
1687 2152 1947 2220 ἀφανίσαι
1985 2156 2086 2220 τὰς

394 2228 696 2301 ἀλγηδόνας
739 2231 832 2283 καὶ
866 2229 1074 2285 παῦσαι
1102 2231 1200 2304 τὴν
1222 2232 1397 2299 νόσον,
1425 2235 1485 2288 τὸ
1510 2237 1567 2289 δὲ
1599 2241 1939 2309 παρακαλεῖν
1962 2243 2085 2297 οὐδὲ

394 2317 503 2373 τῶν
541 2315 768 2401 οίκετῶν
804 2319 855 2370 οἱ
890 2318 1019 2390 περὶ
1060 2319 1161 2390 τὴν
1206 2319 1504 2392 θεραπείαν
1543 2324 1697 2391 ὄντες
1727 2328 2079 2401 ἀφῄρηνται,

393 2405 510 2459 ἀλλ’
537 2397 682 2459 οὗτοι
716 2405 953 2477 μάλιστά
994 2407 1128 2460 εἰσιν
1177 2410 1226 2461 οἱ
1277 2411 1405 2473 τούς
1440 2411 1667 2477 πολλοὺς
1706 2397 1858 2488 ὑπὲρ-
1873 2397 2081 2473 τούτων

392 2493 779 2557 ἀναλίσκοντες
835 2492 1047 2561 λόγους,
1113 2494 1244 2549 ὅταν
1301 2495 1449 2551 εὑνοι
1490 2510 1513 2537 ε
1570 2504 1685 2564 τοῖς
1719 2505 2081 2576 κεκτημένοις

393 2581 592 2644 αὐτοὺς
622 2581 861 2653 τύχωσιν
898 2580 1072 2646 ὄντες.
1108 2584 1206 2636 Ἂν
1238 2585 1338 2656 μὲν
1375 2587 1485 2657 γάρ
1510 2605 1562 2641 τι
1588 2588 1751 2662 λεχθῇ
1773 2595 1950 2665 παρ”ἡ
1961 2596 2079 2666 μῶν

388 2668 451 2721 τὸ
480 2668 779 2739 δυνάμενον
816 2669 1007 2723 σϐέσαι
1030 2670 1130 2744 τὴν
1161 2672 1400 2745 ἄμετρον
1429 2675 1633 2749 ταύτην
1679 2678 2079 2755 ὀδύνηνιάπερ

389 2756 664 2828 εὐχόμεθα
699 2757 939 2826 γέγονεν·
960 2756 1026 2811 ἂν
1052 2759 1110 2811 δὲ
1136 2760 1305 2830 μηδὲν
1335 2761 1589 2833 εὕρωμεν
1603 2764 1941 2835 φθέγξασθαι
1962 2787 2074 2823 τοι-

387 2845 516 2898 οὗτο
540 2845 590 2911 δ,
623 2846 726 2915 τῆς
751 2845 882 2913 γοῦν
906 2845 1222 2917 προθυμίας
1259 2850 1408 2921 ἡμᾶς
1438 2852 1759 2918 ἀποδέξεται
1799 2857 2017 2922 πάντως
2046 2860 2076 2912 δ

387 2933 650 2997 κελεύσας
673 2932 761 2989 διὰ
781 2932 875 2988 τοῦ
904 2935 1175 3005 μακαρίου
1207 2937 1420 2992 Παύλου
1452 2939 1664 2997 κλαίειν
1693 2945 1836 3014 μετά
1869 2945 2077 3002 κλαιόν-

384 3037 501 3074 των
528 3021 621 3075 καὶ
650 3020 1063 3090 συναπάγεσθαι
1098 3025 1212 3087 τοῖς
1235 3029 1531 3092 ταπεινοῖς.

455 3126 621 3178 Δοκεῖ
646 3124 745 3196 μὲν
775 3122 868 3179 οὖν
898 3125 999 3195 μία
1046 3143 1127 3181 σοι
1151 3128 1251 3199 τῆς
1271 3128 1513 3202 ἀθυμίας
1526 3133 1786 3200 ὑπόθεσις
1816 3131 2071 3194 εἶναιτοῦ

382 3212 621 3283 πονηροῦ
644 3210 833 3266 τούτου
849 3213 1103 3285 δαίμονος
1132 3216 1165 3287 ἡ
1209 3218 1375 3287 μανία
1391 3236 1406 3250 ·
1440 3220 1612 3275 πολλά
1632 3223 1690 3277 δὲ
1710 3223 1776 3278 ἀν
1806 3225 1959 3298 εὖροι
1985 3245 2072 3291 τις

382 3299 583 3371 ἑφεξῆς
600 3299 671 3354 τά
693 3301 801 3354 ἀπὸ
826 3302 927 3373 τῆς
964 3303 1121 3375 ῥίζης
1143 3304 1348 3378 ταύτης
1364 3309 1664 3382 τικτόμενα
1695 3310 1935 3385 λυπηρά.
1959 3315 2072 3369 Καὶ

379 3388 552 3442 ταῦτα
583 3390 685 3443 οὐκ
717 3390 812 3444 ἀπ’
846 3391 1088 3462 ἐμαυτοῦ
1122 3391 1268 3462 λέγω
1287 3394 1404 3461 νῦν,
1438 3396 1556 3451 ἀλλ’
1594 3397 1654 3466 ἐξ
1696 3392 1773 3453 ὧν
1809 3401 2072 3474 ἀποδυρο-

384 3476 550 3547 μένου
581 3492 677 3529 σου
705 3475 967 3540 πολλάκις
993 3478 1207 3548 ἡκουσα
1235 3480 1377 3553 πρὸς
1408 3483 1582 3552 ἡμᾶς,
1607 3483 1776 3556 ἡνίκα
1800 3488 1900 3540 σὺν
1932 3489 2068 3559 ἡμῖν

377 3560 524 3635 ἦσθα
542 3581 556 3595 ’
577 3564 672 3617 καὶ
698 3563 918 3634 πρῶτον
945 3565 1043 3634 μὲν
1061 3565 1124 3619 τὸ
1140 3565 1540 3641 βιωτικώτερον
1554 3569 1734 3635 ζῶντα
1748 3572 1840 3628 τὸν
1855 3573 2067 3647 ἔμπροο

380 3651 506 3706 σθεν
526 3651 718 3724 χρόνον
743 3651 906 3723 μηδὲν
924 3651 1138 3707 τοιοῦτο
1154 3653 1370 3722 παθεῖν,
1388 3657 1505 3711 ἀλλ’
1527 3658 1690 3730 ἡνίκα
1712 3662 1876 3715 ὲσταύ
1885 3680 2068 3734 ρωσας

376 3737 455 3810 τῷ
501 3739 695 3811 κόσμῳ
725 3740 943 3804 σαυτὸν,
973 3741 1278 3813 τηνικαῦτα
1333 3743 1589 3817 αἴσθησιν
1636 3747 1731 3819 τῆς
1769 3749 1928 3803 νόσου
1964 3749 2065 3804 λα-

376 3828 514 3895 ϐεῖν,
562 3829 745 3883 ἱκανὸν
773 3829 1075 3902 θορυϐῆσαι
1110 3841 1134 3870 ο
1171 3831 1266 3885 καὶ
1290 3833 1373 3896 είς
1403 3834 1717 3905 ἀμηχανίαν
1769 3838 2061 3910 ἐμϐαλεῖνο

373 3915 627 3987 δεύτερον
650 3916 707 3969 δὲ
731 3917 793 3969 :0
818 3917 1047 3982 πολλοὺς
1085 3917 1183 3990 μὲν
1215 3921 1310 3973 καὶ
1329 3921 1655 3993 τρυφῶντας
1680 3924 1789 3979 τῶν
1820 3926 1889 3980 τά
1922 3927 2064 3982 αὐτά

376 4003 460 4056 σοὶ
488 4004 878 4074 νενοσηκότων,
903 4006 1097 4077 μικρὸν
1133 4010 1586 4081 καρτερήσαντας
1633 4014 1828 4087 χρόνον
1850 4057 1867 4083 ,
1923 4017 2060 4072 ταύ-

371 4108 472 4161 της
497 4091 879 4165 ἀπαλλαγῆναι
903 4094 1001 4165 τῆς
1026 4096 1360 4166 ἀρρωστίας,
1414 4099 1507 4153 καὶ
1538 4099 1715 4166 οὑτως
1740 4104 1822 4167 είς
1843 4103 2059 4159 τελείαν

372 4180 583 4249 ὑγίειαν
612 4180 953 4244 ἐπανελθεῖν,
976 4183 1052 4246 ὡς
1079 4184 1174 4237 καὶ
1203 4184 1467 4256 ὁμιλῆσαι
1499 4187 1720 4260 γάμοις,
1763 4192 1858 4245 καὶ
1889 4194 2059 4247 πατέ-

372 4285 474 4340 ρας
491 4269 742 4337 γενέσθαι
782 4270 987 4325 παίδων
1019 4271 1252 4338 πολλῶν,
1286 4275 1518 4331 καὶτῶν
1561 4278 1737 4349 ἡδέων
1781 4279 1874 4333 τοῦ
1912 4299 2056 4356 παρ-

369 4355 522 4419 όντος
561 4357 872 4412 ἀπολαῦσαι
912 4358 1063 4429 βίου,
1105 4362 1200 4414 κοιλ⁹
1235 4363 1403 4432 μηδὲν
1424 4363 1636 4419 τοιοῦτο
1658 4366 1823 4421 πάλιν
1838 4355 2052 4425 παθεῖν’

371 4443 431 4496 σὲ
449 4443 506 4496 δὲ
523 4443 777 4498 τοσοῦτον
795 4445 1023 4501 ἕλκοντα
1038 4449 1230 4518 χρόνον
1248 4451 1306 4502 ὲν
1332 4451 1615 4521 νηστείαις
1642 4454 1738 4506 καὶ
1760 4458 2053 4529 παννυχίσι

368 4532 462 4583 καὶ
494 4533 558 4601 τῇ
593 4529 753 4602 λοιπῇ
799 4532 1221 4606 σκληραγωγίᾳ,
1272 4536 1545 4608 μηδεμίαν
1592 4539 1748 4594 λύσιν
1793 4544 2052 4613 εὑρέσθαι

365 4625 476 4681 τῶν
532 4627 871 4697 κατεχόντων
925 4629 1147 4682 δεινῶνο
1200 4633 1383 4701 τρίτον
1440 4634 1579 4707 πρὸς
1624 4636 1857 4704 τούτοις,
1872 4640 1933 4692 τὸ
1960 4643 2050 4696 τὸν

365 4728 741 4797 ἀγιονὲκεῖνον
758 4728 1027 4801 τοσαύτην
1054 4733 1110 4783 ἐν
1129 4731 1311 4796 ἄλλοις
1339 4734 1567 4803 ἀνδράσι
1595 4735 1826 4809 δύναμιν
1853 4741 2051 4795 ἐπιδει-

364 4821 622 4894 ξάμενον,
659 4823 828 4895 μηδὲν
858 4826 950 4878 ἐπὶ
985 4826 1086 4897 τῆς
1111 4826 1212 4897 σῆς
1240 4829 1459 4900 ἀγάπης
1489 4830 1781 4903 δυνηθῆναι
1841 4836 2047 4906 πρᾶξαι

359 4919 601 4988 τοιοῦτο,
641 4921 780 4994 μήτε
823 4923 1052 4988 ἐκεῖνον,
1112 4927 1253 4997 μήτε
1303 4925 1431 4989 τοὺς
1472 4928 1592 4994 μετ’
1624 4928 1836 4981 ἐκείνου
1862 4929 1907 4994 ί,
1950 4932 2047 4986 καὶ

364 5016 537 5072 ταῦτα
576 5017 983 5090 δυνατωτέρους
1021 5019 1179 5084 ὄντας
1207 5021 1393 5085 αὑτοῦ,
1446 5022 1583 5077 ἀλλά
1631 5022 1779 5097 [156]
1832 5027 2041 5093 πάντας

357 5114 561 5184 ὁμοίως
600 5113 1032 5186 ὲρυθριάσαντας
1067 5114 1346 5170 ἀπελθεῖν.
1395 5117 1551 5173 Μετά
1589 5119 1647 5172 δὲ
1694 5119 1901 5175 τούτων
1946 5124 2043 5177 καὶ

357 5208 557 5281 ἑτέρως
579 5209 784 5283 σφόδρα
804 5209 942 5284 ἔφης
981 5211 1190 5282 ἀλγεῖν,
1222 5213 1304 5267 ὅτι
1336 5210 1480 5266 οὕτω
1514 5230 1608 5267 σου
1647 5214 1746 5287 τῆς
1775 5215 1952 5290 ψυχῆς
2001 5222 2032 5293 ἡ

418 5390 445 5454 f'
469 5391 619 5441 Savil.
644 5396 784 5441 nutat
805 5392 852 5441 in
875 5405 1028 5454 marg.
1054 5392 1142 5454 οὐκ
1159 5391 1457 5453 δκνήσωμεν.

416 5448 862 5521 θεοκλοιᾳδυνὶι.
899 5448 1068 5521 οίοῖτο,
1094 5448 1271 5521 Μονςιῑ.
1294 5448 1484 5521 οἴηται.-
1521 5514 1551 5521 __
1600 5518 1601 5521 η

421 5517 441 5586 ξ
468 5513 641 5586 ξίοτει.
665 5516 808 5586 εὑνρι,
834 5517 984 5586 Sayil.
1009 5516 1180 5586 εὔνοοι,
1206 5512 1427 5586 ἱιςωίιιιο
1452 5514 1790 5586 Col§.‘codex,

415 5572 444 5613 d
464 5576 595 5637 Savil
638 5572 877 5637 τοιοῦτον,
898 5576 977 5624 hic
989 5585 1041 5624 el
1063 5577 1201 5624 infra.
1226 5572 1398 5622 Morél.
1433 5574 1643 5627 τοιοῦτο.

565 5640 714 5699 Sm‘il.
737 5634 893 5687 recte.
922 5638 1096 5687 Morel.
1119 5637 1435 5699 θορυϐεῖσθαι.

417 5696 440 5732 σ
469 5697 877 5761 Μοτοιηὶιιιοιιυ
904 5706 958 5761 ει
978 5701 1126 5761 δανιι.
1165 5696 1212 5745 in
1254 5711 1406 5761 marg.
1448 5699 1549 5761 μετ’
1572 5700 1770 5750 ἐκείνου.
1797 5702 1949 5752 Savil.
1978 5705 2025 5752 in

353 5758 490 5825 £9qu
511 5759 617 5825 per:
640 5759 832 5825 ἐκεῖ-αρν.
857 5760 980 5810 Infra
1014 5759 1187 5808 Morel.
1213 5769 1271 5825 οι
1299 5758 1459 5825 δεῇ-ἰῇ
1479 5762 1700 5825 ign_marg.
1732 5766 2025 5825 περιεγένετο

349 5815 555 5882 δύναμις.
581 5818 737 5882 θυι-ξι.
758 5822 806 5868 in
834 5828 970 5870 lexlu
1010 5837 1064 5868 π.
1087 5821 1312 5882 τυραννίς.
1361 5821 1466 5869 Mm:
1499 5815 1681 5874 Morel:
1696 5815 1924 5881 πολλάκις
1950 5826 2025 5872 ἐπὶ

345 5878 521 5943 βρόχον
556 5880 716 5929 ἐλθεῖν.
745 5882 978 5930 δαγίϋυιιι
1000 5878 1267 5943 sequimur.

1182 273 1240 329 S.
1281 272 1570 330 JOANNIS
1607 275 2100 334 CHRYSOSTOMI
2142 279 2470 342 ARCHIEP.
2509 284 3070 349 CONSTANTINOP.

3796 312 3905 372 426

2206 396 2307 467 τῆς
2334 397 2575 471 ἀθυμίας
2598 405 2949 475 περιεγένετο
2972 407 3226 482 δύναμις,
3270 413 3347 479 ὡς
3391 423 3596 493 μικροῦ
3624 426 3903 499 πολλάκις

2205 493 2300 547 καὶ
2317 496 2411 549 ἐπὶ
2439 497 2633 569 βρόχον
2656 502 2900 573 ὁρμῆσαι
2926 504 3122 572 ἐλθεῖν,
3148 510 3241 563 καὶ
3277 513 3370 567 ἐπὶ
3400 521 3655 593 ποταμὸν
3673 524 3776 579 καὶ
3807 493 3902 585 ἐπί

2202 592 2469 661 κρημνόν.
2491 593 2651 648 Ἔστι
2676 597 2736 651 δέ
2774 616 2827 652 τι
2849 601 2946 653 καὶ
2984 601 3235 674 πέμπτον
3263 606 3358 662 ἐπὶ
3395 610 3637 681 τούτοις,
3672 620 3741 672 τὸ
3766 622 3901 689 τοὺς

2204 687 2303 756 μὲν
2342 688 2615 760 ὁμήλικας
2648 694 2745 746 καὶ
2778 694 2920 765 μετὰ
2957 697 3052 750 σοῦ
3093 698 3301 774 ταύτης
3330 704 3646 779 ἠργμένους
3670 715 3777 788 τῆς

2199 783 2428 852 λιτείας,
2461 789 2595 859 ὁρᾷν
2622 791 2681 843 ἐν
2708 791 2945 865 εὐθυμία
2981 794 3290 867 διάγοντας,
3327 806 3525 860 σαυτὸν
3558 808 3619 862 δὲ
3648 812 3711 867 ἐν
3729 783 3896 885 χαλε-

2199 881 2439 954 πωτάτῳ
2455 884 2688 940 κλύδωνι
2701 896 2729 935 8
2748 889 3000 960 κείμενον
3015 892 3096 947 ἔτι
3118 897 3212 951 καὶ
3231 896 3612 976 δεσμωτήριον
3633 881 3895 969 οίκοιῖντα

2197 977 2260 1032 τὸ
2298 977 2521 1035 πάντων
2560 980 2946 1057 ἐλεεινότερον.
2987 989 3063 1042 Οὑ
3090 991 3200 1064 γὰρ
3235 994 3379 1049 οὑτω
3410 1000 3538 1065 τοὺς
3563 1001 3890 1076 δεδεμένους

2200 1074 2406 1148 σιδήρῳ
2433 1077 2693 1151 δακρύειν
2716 1079 2854 1153 ἔφης
2871 1081 3006 1149 δεῖν,
3050 1085 3127 1150 ὠς
3164 1089 3294 1154 τοὺς
3331 1091 3539 1167 ταύτην
3567 1074 3890 1175 περικειμέι

2197 1188 2320 1236 νους
2371 1173 2471 1247 τὴν
2500 1176 2713 1232 ἅλυσιν.
2756 1179 2986 1250 Ἔλεγες
3024 1182 3082 1236 δέ
3113 1189 3320 1256 μοικαὶ
3343 1189 3532 1264 ἕτερον
3575 1192 3722 1253 εἶναι
3753 1173 3889 1273 πρὸς

2194 1270 2410 1336 τούτοις
2432 1270 2496 1326 τό
2517 1273 2760 1344 μάλιστά
2785 1294 2845 1331 σε
2869 1277 3162 1351 θορυϐοὖνο
3194 1283 3496 1343 δεδοικέναι
3537 1290 3649 1366 γὰρ
3679 1270 3826 1370 ὑπὲρ
3855 1299 3886 1341 ι

2191 1366 2286 1420 τοῦ
2323 1369 2532 1440 πατρὸς
2563 1371 2660 1426 καὶ
2708 1373 2958 1445 τρέμειν,
3014 1377 3227 1449 μήποτε
3268 1382 3615 1457 αἰσθόμενος,
3670 1366 3885 1462 μεγάλα

2189 1464 2320 1528 τοὺς
2369 1465 2809 1541 ὑποδεξαμένους
2868 1489 2929 1527 σε
2965 1475 3066 1546 τὴν
3111 1476 3287 1549 ἀρχὴν
3336 1481 3525 1551 ἁγίους
3576 1488 3882 1563 ἐργάσηται

2192 1558 2363 1616 δεινάσ
2391 1565 2458 1634 τῇ
2482 1579 2544 1617 τε
2570 1563 2682 1636 γὰρ
2703 1565 2933 1638 δυνάμει
2951 1569 3046 1623 καὶ
3081 1571 3162 1644 τῷ
3184 1572 3404 1648 πλούτῳ
3422 1558 3754 1653 θαῤῥοὺντα,
3776 1558 3881 1642 ⁷καὶ.

2192 1658 2299 1712 ὑπὸ
2339 1659 2443 1731 τῆς
2486 1659 2729 1732 ἀθυμίας
2768 1664 3143 1737 κρατούμενον
3172 1710 3188 1735 ,
3247 1672 3429 1729 πάντα
3460 1676 3760 1751 τολμήσειν
3800 1686 3882 1749 είς

2191 1756 2413 1823 αὐτοὺς,
2448 1758 2546 1815 καὶ
2575 1760 2794 1826 οὐδενὸς
2819 1762 3122 1833 ἀφέξεσθαι
3149 1766 3261 1822 τῶν
3287 1769 3673 1842 ἐμπιπτόντων
3706 1779 3874 1852 αὐτῷ.

2189 1851 2302 1906 Καὶ
2341 1852 2507 1926 μέχρι
2537 1855 2637 1927 μὲν
2663 1855 2760 1911 τοῦ
2786 1857 3058 1930 παρόντος
3095 1858 3392 1934 δυνηθῆναι
3416 1866 3517 1938 τὴν
3539 1869 3759 1942 μητέρα
3783 1851 3875 1929 καὶ

2190 1949 2537 2020 συγκαλύψαι
2596 1951 2661 2005 τὸ
2710 1955 2957 2023 γεγονὸς,
3015 1955 3113 2011 καὶ
3157 1958 3525 2033 ὲπιζητοῦντά
3569 1981 3631 2018 σε
3697 1985 3873 2041 παρα-

2188 2045 2527 2119 κρούσασθαι
2575 2048 2843 2114 πολλάκις
2883 2051 3046 2105 αὐτόν
3078 2068 3094 2082 ·
3135 2055 3186 2108 εί
3231 2055 3290 2110 δὲ
3344 2058 3536 2130 χρόνος
3582 2063 3867 2138 ἐγγένηται

2188 2143 2413 2210 πλείων,
2455 2146 2886 2219 φωραθήσεσθαι
2917 2152 3020 2222 τῆς
3045 2152 3255 2226 μητρὸς
3280 2154 3380 2228 τὴν
3411 2158 3726 2232 ὑπόκρισιν,
3776 2168 3869 2223 καὶ

2186 2241 2462 2314 ἀφόρητον
2488 2241 2653 2297 αὑτὸν
2681 2243 2868 2318 ἐκείνῃ
2893 2264 2952 2300 τε
2980 2247 3203 2303 έσεσθαι
3230 2248 3325 2303 καὶ
3353 2252 3466 2317 τοῖς
3498 2259 3776 2326 μοναχοῖς.
3809 2259 3867 2316 '0

2185 2337 2244 2392 δὲ
2287 2338 2402 2393 τῶν
2435 2339 2621 2394 κακῶν
2649 2340 2895 2413 κολοφὼν
2929 2343 2992 2397 τὸ
3046 2345 3185 2419 μηδὲ
3223 2348 3367 2421 ὑπὲρ
3412 2350 3523 2405 τῶν
3562 2352 3867 2422 μελλόντων

2185 2433 2330 2506 ἔχειν
2360 2436 2605 2510 θαρρεῖν,
2640 2440 2775 2517 μηδέ
2800 2440 3011 2496 εἰδέναι.
3044 2444 3254 2513 σαφῶς,
3282 2445 3340 2498 εἴ
3380 2464 3512 2501 ποτε
3545 2448 3705 2503 ἔσται
3718 2449 3867 2517 λύσις

2183 2535 2282 2604 τῆς
2316 2533 2475 2588 νόσου
2512 2535 2717 2608 ταύτης
2736 2512 2830 2590 καὶ
2862 2538 3174 2613 ἀπαλλαγὴ,
3201 2540 3292 2595 διά
3315 2542 3376 2596 τὺ
3403 2543 3665 2610 πολλάκις
3711 2512 3865 2603 τοῦτο

2183 2632 2638 2705 προσδοκήσαντα
2690 2635 2855 2690 πάλιν
2900 2638 3017 2700 τοῖς
3059 2636 3249 2700 αὐτοῖς
3279 2644 3619 2712 περιπεσεῖν.
3683 2636 3871 2699 Ἱκανά

2181 2729 2317 2799 γοῦν
2352 2730 2529 2785 ταῦτα
2590 2732 2896 2806 θορυϐῆσαι
2923 2734 3125 2807 ψυχὴν,
3175 2738 3271 2792 καὶ
3322 2738 3528 2813 πολλῆς
3581 2743 3861 2815 ἐμπλῆσαι

2179 2826 2451 2898 ταραχῆς,
2497 2826 2633 2882 ἀλλά
2663 2828 2843 2900 ψυχὴν
2870 2831 2969 2902 τὴν
3011 2832 3358 2905 παρειμένην
3411 2837 3504 2889 καὶ
3538 2837 3859 2898 ἀπαίδευτον

2176 2925 2275 2976 καὶ
2305 2922 2522 2995 νωθράν
2540 2942 2556 2957 ο
2590 2925 2754 2997 ἡμεῖς
2781 2926 2842 2980 δὲ
2861 2927 2930 2997 ἢν
2951 2927 3302 3003 ὲθελὴσωμεν
3333 2932 3618 3004 διαϐλέψαι
3642 2935 3858 3008 μικρὸν,

2178 3018 2274 3072 καὶ
2305 3019 2605 3090 λογισμοὺς
2654 3020 2988 3093 ἀνακινῆσαι
3043 3025 3173 3089 τοὺς
3220 3026 3489 3091 εὐσεϐεῖς,
3515 3026 3708 3100 ὥσπερ
3737 3029 3859 3085 τινὰ

2176 3117 2326 3172 κόνιν
2344 3117 2551 3189 λεπτὴν
2571 3155 2587 3181 ,
2632 3117 2841 3183 ταύτας
2865 3119 3313 3193 ἀποτιναξόμεθα
3336 3104 3454 3193 τῆς
3478 3122 3726 3195 ἀθυμίας
3759 3124 3857 3189 τὰς

2177 3215 2485 3281 ὑποθέσεις.
2501 3216 2697 3272 Καίτοι
2716 3218 2793 3290 μή
2821 3235 2892 3290 με
2923 3218 3157 3292 νομίσῃς
3185 3218 3278 3273 διά
3311 3221 3374 3273 τὸ
3404 3219 3511 3287 ἔξω
3550 3219 3647 3275 τοῦ
3692 3223 3855 3278 πόνου

2173 3314 2270 3369 καὶ
2305 3314 2405 3386 τῆς
2431 3312 2606 3384 ζάλης
2647 3312 2853 3385 ταύτης
2893 3315 3155 3378 ἑστάναι,
3200 3314 3375 3369 ταῦτα
3421 3317 3855 3388 ἐπαγγέλλεσθαι

2173 3416 2257 3453 σοι
2306 3398 2425 3470 μετ’
2470 3397 2725 3463 εὐκολίας
2754 3397 2889 3465 νῦν.
2917 3399 2982 3453 Et
3011 3397 3122 3471 γὰρ
3160 3399 3254 3453 καὶ
3289 3400 3495 3455 ἄπιστα
3512 3402 3647 3470 δόξω
3673 3403 3853 3475 λέγειν

2170 3494 2333 3562 τισὶν,
2361 3494 2478 3549 ἀλλ’
2505 3474 2788 3568 ὅμωςὲρῶ
2819 3512 2833 3527 ο
2872 3494 2934 3549 οὑ
2968 3494 3079 3567 γάρ
3111 3495 3176 3567 δὴ
3206 3496 3348 3569 μετά
3395 3496 3505 3553 τῶν
3541 3499 3716 3557 ἄλλων
3757 3504 3854 3557 καὶ

2170 3594 2334 3659 αὐτὸς
2371 3596 2697 3667 ἀπιστήσεις
2743 3596 2897 3668 ἡμῖν.

2251 3807 2471 3879 Ἐπειδὴ
2497 3808 2606 3880 γάρ
2643 3809 2962 3883 ὲπεπήδησέ
2999 3829 3093 3867 σου
3114 3814 3181 3885 τῇ
3205 3812 3350 3887 ψυχῇ
3377 3815 3533 3887 παρὰ
3557 3816 3656 3889 τὴν
3673 3817 3855 3893 ἀρχὴν

2164 3905 2193 3957 0
2221 3902 2419 3974 μιαρὸς
2434 3903 2643 3975 δαίμων
2669 3905 2902 3971 ἐκεῖνος,
2933 3907 3026 3960 καὶ
3060 3909 3266 3979 μεταξὺ
3300 3911 3521 3965 πάντων
3553 3912 3848 3986 εὐχόμενον

2165 3998 2489 4065 κατέϐαλεν,
2502 4001 2603 4055 οὑκ
2618 3999 2810 4073 ἔτυχον
2830 4001 2930 4073 μὲν
2943 4002 3138 4076 παρὼν
3172 4004 3290 4077 (καὶ
3310 4006 3471 4078 χάριν
3488 4007 3597 4080 ἔχω
3624 4010 3704 4083 τῷ
3723 4011 3849 4081 φιλ-
3940 4068 3949 4075 ,

2162 4093 2437 4167 ανθρώπῳ
2493 4096 2667 4170 Θεῷ),
2707 4097 2911 4170 ἔμαθον
2963 4098 3022 4153 δὲ
3077 4100 3296 4157 ἃπαντα
3336 4103 3478 4174 μετά
3533 4105 3842 4177 ἀκριϐείας,

2158 4189 2470 4263 ὡσπερανεὶ
2495 4192 2706 4266 παρών.
2753 4196 2814 4248 '0
2845 4194 2957 4269 γὰρ
2980 4197 3114 4269 ἐμὸς
3143 4196 3296 4267 φίλος
3328 4198 3423 4252 καὶ
3456 4198 3550 4264 σὸς
3585 4199 3845 4270 Θεόφιλος

2158 4287 2187 4338 ό
2223 4287 2470 4357 Ἐφέσιος
2520 4288 2713 4356 ἐλθὼν,
2745 4290 2964 4346 ἅπαντά
2998 4309 3092 4364 μοι
3150 4293 3337 4362 σαφῶς
3381 4293 3698 4365 διηγήσατο,
3741 4296 3844 4367 τὴν

2160 4384 2494 4457 στρέϐλωσιν
2514 4385 2625 4440 τῶν
2656 4387 2879 4459 χειρῶν,
2895 4388 2997 4459 τὴν
3021 4388 3356 4463 διαστροφὴν
3380 4390 3490 4445 τῶν
3520 4390 3843 4464 ὀφθαλμῶν,

2154 4480 2249 4535 τὸν
2302 4481 2411 4535 ἀπὸ
2471 4481 2568 4535 τοῦ
2623 4484 2894 4555 στόματος
2935 4485 3142 4558 ἀφρὸν,
3186 4487 3288 4561 τὴν
3324 4489 3698 4559 ἀποτρόπαιον
3747 4490 3844 4544 καὶ

2155 4574 2370 4647 ἄσημον
2422 4577 2640 4649 ἐκείνην
2677 4580 2864 4652 φωνὴν
2885 4619 2902 4645 ,
2947 4582 3040 4636 τὸν
3065 4581 3161 4636 τοῦ
3205 4582 3462 4655 σώματος
3481 4585 3705 4658 τρόμον,
3736 4587 3843 4660 τὴν

2152 4672 2516 4743 ἀναισθησίαν
2531 4675 2633 4746 τὴν
2667 4676 2762 4730 ἐπὶ
2801 4676 2958 4745 πολὺ,
2993 4679 3055 4732 τὸ
3088 4678 3220 4753 δναρ
3251 4681 3313 4735 τὸ
3366 4682 3511 4736 κατά
3542 4683 3641 4755 τὴν
3666 4681 3841 4737 νύκτα

2151 4768 2370 4840 ἐκείνην
2403 4772 2601 4840 φανένο
2636 4772 2831 4846 ἄγριον
2849 4775 2960 4848 γάρ
2988 4793 3114 4831 τινα
3133 4770 3197 4831 ὗν
3225 4777 3471 4851 βορϐόρῳ
3506 4778 3839 4851 μολυνθέντα

2150 4868 2335 4940 πολλῷ
2377 4870 2620 4942 συνεχῶς
2672 4872 2944 4945 ἐπιπηδᾷν
2988 4891 3071 4928 σοι
3113 4875 3210 4930 καὶ
3253 4875 3650 4947 προσπαλαίειν
3692 4876 3834 4948 ἔφη·

2148 4960 2270 5020 εἷτα
2304 4966 2398 5020 τὸν
2444 4968 2931 5042 παρακαθεύδοντα
2974 4970 3081 5024 ὑπὸ
3114 4972 3218 5043 τῆς
3254 4971 3434 5043 ὅψεως
3463 4975 3834 5047 ταραχθέντα,

2146 5061 2495 5135 διεγερθῆναί
2538 5081 2623 5131 τε,
2664 5067 2760 5120 καὶ
2782 5065 2949 5121 πάλιν.
2982 5084 3041 5122 σε
3072 5068 3394 5141 κινούμενον
3428 5069 3534 5126 ὑπὸ
3583 5071 3676 5126 τοῦ
3708 5072 3834 5127 δαί-

2151 5176 2313 5231 μονος
2350 5163 2554 5235 εὑρεῖν.

2221 5255 2287 5327 β’.
2337 5258 2556 5331 Ἐπειδὴ
2589 5254 2684 5314 οὖν
2725 5262 2898 5315 ταῦτα
2926 5262 3263 5334 ἀπήγγειλεν
3294 5265 3531 5331 ἐκεῖνος,
3555 5265 3831 5338 τοσαύτην

2144 5355 2277 5424 ἡμῖν
2319 5355 2549 5426 κατέχεε
2587 5357 2689 5428 τὴν
2719 5357 2911 5428 ἀχλὺν,
2950 5360 3083 5432 ὅσην
3109 5363 3138 5415 0
3169 5360 3380 5433 δαίμων
3404 5353 3561 5427 οὗτος
3576 5366 3642 5435 τῇ
3673 5363 3827 5437 [157]

2139 5450 2331 5525 ἀγάπῃ
2352 5455 2416 5523 τῇ
2443 5456 2527 5524 σῇ.
2572 5454 2659 5519 Ὧς
2673 5455 2731 5508 δὲ
2757 5456 2898 5526 μετά
2933 5455 3101 5511 πολὺν
3134 5449 3410 5531 ἀνήνεγκα
3437 5461 3650 5531 χρόνον,
3669 5459 3826 5514 οὐδὲν

2136 5546 2260 5616 ἐμοὶ
2287 5546 2474 5603 λοιπὸν
2500 5549 2611 5604 τῶν
2642 5552 2700 5604 ἐν
2732 5551 2810 5622 τῷ
2839 5553 3031 5626 κόσμῳ
3056 5554 3235 5627 τούτῳ
3257 5555 3448 5610 δεινῶν
3476 5558 3656 5611 ἐδόκει
3679 5551 3825 5612 εἶναι

2136 5816 2160 5848 ἒ
2195 5756 2220 5794 8
2245 5753 2328 5866 εξ
2362 5759 2708 5821 rescripsimus
2747 5775 2777 5810 0
2821 5763 3002 5823 Savil.;
3052 5760 3218 5815 Momf.
3265 5768 3312 5816 ἐν
3355 5767 3553 5834 χαλεπῷ
3592 5767 3662 5835 τῷ
3701 5765 3815 5819 ιιλῦ-

2139 5833 2266 5864 JO)V1.
2332 5832 2427 5866 ΠΙΤ-

2139 5832 2266 5864 οωνι.
2291 5832 2427 5866 LDIT.

2201 5875 2230 5916 h
2258 5878 2392 5928 Colb.
2419 5886 2467 5930 et
2493 5880 2642 5933 Savil.
2680 5886 2815 5951 ὑπέρ,
2841 5886 3013 5937 Morel.
3042 5901 3158 5939 vero
3178 5889 3288 5941 ὑπό.
