4032 6418
273 344 383 402 825

271 459 500 516 ferendo
528 459 783 532 obsequia
808 503 824 528 ,
851 467 1060 533 partem
1087 462 1318 534 aliquam
1357 465 1527 520 lenire
1569 465 1817 522 maeroris
1848 484 1861 520 :

271 551 532 620 quoniam
553 567 682 606 vero
705 559 760 607 et
785 552 1028 622 corporis
1053 553 1192 608 mala
1220 555 1469 610 valetudo
1495 596 1510 619 ,
1542 565 1594 610 et
1623 556 1868 611 invectus

273 642 326 696 in
357 651 516 712 caput
547 652 786 699 nostrum
815 644 970 698 dolor
992 685 1006 710 ,
1055 644 1198 700 domi
1225 661 1323 701 nos
1349 663 1566 702 manere
1591 648 1865 717 compule-

274 744 441 797 runt,
469 735 732 804 nobisque
758 735 886 790 tanti
931 736 1065 793 lucri
1105 737 1458 792 ministerium
1491 739 1865 807 abstulerunt,

269 825 380 896 jam
408 827 552 896 quod
583 827 844 896 reliquum
887 837 970 881 est
998 842 1094 896 pro
1124 829 1492 884 consolatione
1523 838 1610 884 tua
1635 871 1649 896 ,
1683 840 1735 884 et
1771 844 1866 898 pro

272 917 507 972 utilitate
538 927 720 972 nostra
745 961 760 983 ,
795 919 896 972 hoc
923 927 979 972 ut
1015 917 1238 974 facultas
1274 919 1447 986 feret,
1478 921 1728 975 inducere
1760 936 1864 977 non

271 1009 624 1078 negligemus.
658 1007 925 1064 Profuerit
953 1009 1093 1064 enitn
1123 1010 1176 1065 id
1207 1011 1301 1064 tibi
1346 1009 1576 1066 fortasse
1604 1013 1770 1082 magis
1798 1012 1866 1067 ad

273 1110 572 1170 praesentes
609 1099 866 1156 adversos
906 1116 1062 1156 casus
1111 1100 1400 1158 fortissime
1449 1104 1713 1158 ferendos.
1770 1103 1864 1158 Sin

269 1205 400 1245 vero
431 1191 560 1244 nihil
594 1192 700 1245 tale
728 1192 1108 1261 perfecerimus
1137 1235 1152 1260 ,
1183 1205 1330 1248 certe
1362 1193 1445 1248 vel
1478 1195 1532 1248 in
1573 1194 1724 1248 nullo
1766 1209 1866 1249 nos

267 1283 507 1338 officium
565 1284 913 1351 deseruisse,
967 1285 1207 1355 nihilque
1268 1285 1519 1340 omisisse
1572 1286 1866 1356 diligentia:

268 1392 369 1431 nos
396 1377 766 1432 consolabitur
790 1421 804 1445 ,
836 1379 1154 1448 meliorique
1179 1379 1362 1432 animo
1384 1393 1502 1433 esse
1525 1379 1578 1433 in
1602 1381 1862 1448 reliquum

267 1467 448 1522 faciet.
480 1468 529 1522 ls
555 1468 700 1522 enim
729 1510 743 1533 ,
767 1469 856 1538 qui
882 1477 1071 1522 cuncta
1096 1469 1431 1540 impleverit,
1455 1485 1574 1540 qua:
1594 1470 1660 1525 ad
1685 1471 1865 1525 levan-

266 1559 366 1614 dos
387 1559 603 1614 dolores
623 1561 852 1615 maxime
868 1561 1115 1616 conferre
1131 1563 1418 1616 arbitratus
1439 1562 1629 1629 fuerit,
1651 1564 1860 1619 etiamsi

267 1651 400 1706 nihil
452 1650 593 1705 aliud
639 1662 899 1723 peragat,
947 1653 1033 1707 vel
1077 1654 1415 1723 cogitationis
1464 1655 1653 1709 saltem
1702 1665 1862 1725 atque

265 1743 613 1798 conscientia:
687 1745 1027 1799 accusatione
1103 1745 1398 1813 liberatur,
1471 1747 1862 1818 criminumque

264 1849 432 1890 onere
462 1835 706 1904 deposito
731 1877 746 1902 ,
793 1837 963 1890 solam
1002 1837 1272 1892 maestitia:
1313 1837 1578 1892 sarcinam
1620 1836 1861 1907 perferre

263 1927 490 1997 cogitur.
524 1927 578 1983 Si
607 1928 768 1996 igitur
795 1944 859 1983 ex
888 1929 1099 1983 illorum
1128 1944 1304 1984 essem
1330 1945 1556 1986 numero
1583 1973 1598 1998 ,
1629 1931 1717 2001 qui
1747 1930 1860 1986 Deo

265 2020 585 2074 familiarius
613 2020 882 2089 conjuncti
917 2022 1203 2090 plurimum
1232 2022 1372 2093 apud
1403 2023 1553 2076 illum
1594 2031 1858 2092 possunt,

263 2127 558 2182 numquam
589 2111 831 2182 profecto
861 2128 1015 2168 orare
1035 2122 1090 2169 et
1111 2113 1395 2169 obsecrare
1423 2129 1519 2184 pro
1543 2115 1672 2168 mihi
1695 2115 1860 2170 caris-

261 2205 402 2260 simo
427 2207 599 2274 capite
640 2205 957 2262 desisterem
990 2225 1002 2260 :
1046 2208 1296 2278 quoniam
1335 2217 1515 2264 autem
1554 2209 1860 2280 lmjusmodi

261 2299 408 2353 vires
434 2308 592 2368 atque
611 2300 990 2354 confidentiam
1013 2300 1144 2354 mihi
1165 2301 1428 2356 scelerum
1458 2318 1695 2358 meorum
1723 2304 1863 2358 mul-

260 2390 438 2445 titudo
462 2390 718 2457 abstulit,
749 2393 1034 2446 verborum
1062 2393 1485 2448 consolationem
1530 2393 1625 2449 tibi
1667 2392 1860 2448 afferre

260 2481 524 2536 conabor.
553 2481 684 2536 Nam
719 2492 775 2538 et
802 2483 852 2536 in
886 2484 950 2537 iis
977 2484 1069 2554 qui
1100 2499 1357 2554 corporea
1384 2485 1521 2539 mala
1551 2485 1860 2541 valetudine

259 2575 513 2630 laborant
538 2617 553 2642 ,
582 2591 704 2630 cum
734 2576 1065 2632 medicorum
1105 2577 1174 2632 sit
1210 2577 1394 2648 fugare
1421 2577 1634 2633 dolores
1658 2620 1674 2646 ,
1707 2577 1857 2632 inﬁr-

260 2669 613 2736 tnilatemque
652 2682 1036 2739 compescere,
1083 2685 1188 2723 non
1232 2678 1410 2724 tamen
1457 2668 1668 2724 famulis
1696 2709 1712 2735 ,
1768 2669 1858 2739 qui

257 2767 390 2812 sunt
418 2758 473 2812 in
495 2759 790 2812 ministerio
811 2799 827 2825 ,
853 2759 1190 2814 interdicitur
1212 2760 1496 2814 verborum
1519 2759 1816 2814 consolatio
1840 2776 1855 2826 ;

259 2849 376 2903 imo
401 2864 533 2903 vero
555 2849 606 2902 bi
631 2851 863 2905 maxime
891 2857 1017 2906 sunt
1041 2893 1056 2918 ,
1080 2852 1168 2921 qui
1193 2851 1435 2921 plurimis
1457 2851 1508 2905 in
1531 2849 1860 2906 consolando

258 2941 442 2996 verbis
469 2951 689 2996 utuntur
711 2983 727 3008 ,
756 2957 878 2996 cum
909 2957 1036 3013 erga
1064 2943 1311 2998 dominos
1338 2942 1476 2998 bene
1504 2942 1678 2998 affecti
1707 2951 1856 2998 sunt.

260 3034 322 3089 Si
355 3034 481 3104 quid
513 3035 690 3103 itaque
717 3035 916 3090 dictum
944 3034 1104 3091 fuerit
1130 3051 1160 3091 a
1190 3037 1347 3092 nobis
1370 3079 1384 3102 ,
1417 3036 1560 3106 quod
1586 3036 1730 3091 hunc
1760 3036 1860 3090 im-

259 3143 510 3182 mensum
552 3127 792 3184 dolorem
839 3137 986 3185 tuum
1028 3132 1198 3201 possit
1239 3131 1579 3201 exstinguere
1603 3172 1619 3198 ,
1660 3131 1857 3186 factum

258 3223 366 3277 erit
392 3232 450 3275 ut
478 3232 766 3292 optamus:
796 3222 878 3279 sin
918 3237 1050 3277 vero
1087 3221 1394 3292 hujusmodi
1438 3222 1568 3277 nihil
1617 3223 1859 3280 invenire

259 3321 356 3366 aut
387 3312 530 3382 loqui
560 3314 897 3382 potuerimus
920 3354 936 3380 ,
967 3313 1297 3367 voluntatem
1347 3322 1524 3368 tamen
1568 3322 1808 3368 nostram
1837 3355 1856 3382 ,

259 3419 328 3461 ac
358 3405 687 3473 propositum
719 3405 806 3459 ille
835 3405 1152 3474 approbabit
1175 3445 1191 3470 ,
1234 3405 1323 3474 qui
1354 3421 1450 3476 per
1478 3405 1692 3460 beatum
1723 3405 1860 3460 Pau-

263 3494 376 3548 lmn
426 3494 559 3550 flere
606 3512 727 3551 cum
778 3496 1068 3562 flentibus,
1119 3496 1515 3570 humilibusque
1568 3497 1859 3555 condolere

256 3586 465 3657 jussit(
496 3585 648 3641 Rom.
683 3588 772 3642 12.
803 3585 934 3660 15

341 3677 598 3750 Stagirius
623 3697 653 3732 a
683 3680 912 3734 dwtttone
940 3690 1170 3735 vexatur.
1203 3711 1272 3720 —
1293 3680 1516 3736 Videtur
1546 3681 1725 3752 itaque
1753 3697 1860 3737 una

263 3783 391 3824 esse
442 3784 602 3824 causa
645 3771 896 3826 mteroris
941 3773 1060 3839 tui,
1099 3772 1414 3843 nequissimi
1453 3774 1662 3830 scilicet
1703 3773 1861 3844 hujus

265 3860 532 3916 damonis
552 3862 757 3917 insania
782 3880 796 3928 ;
825 3879 1009 3919 verum
1034 3864 1102 3918 ab
1126 3865 1225 3920 hac
1249 3865 1410 3920 veluti
1431 3865 1611 3921 radice
1631 3865 1860 3934 plurima

267 3953 442 4008 tristia
467 3954 594 4008 oriri
619 3995 633 4020 ,
659 3955 704 4009 si
726 3955 846 4024 quis
870 3964 1015 4010 recte
1038 3958 1410 4027 perspexerit,
1434 3957 1858 4013 animadvertet:

265 4044 412 4114 quod
444 4060 549 4100 non
575 4061 641 4100 ex
669 4048 874 4116 meipso
896 4047 1055 4103 modo
1079 4049 1302 4118 colligo,
1324 4049 1418 4104 sed
1442 4065 1510 4103 ex
1542 4050 1647 4104 illis
1665 4092 1679 4115 ,
1703 4065 1823 4120 quae
1840 4092 1856 4118 ,

267 4135 397 4190 dum
423 4135 644 4192 adesses
666 4153 848 4192 coram
873 4179 889 4201 ,
921 4147 972 4193 te
999 4139 1195 4208 smpius
1218 4149 1633 4209 conquerentem
1656 4139 1855 4195 audivi.

272 4229 456 4283 Primo
479 4236 532 4284 te
553 4245 725 4299 nuper
744 4245 865 4285 cum
889 4230 1133 4284 sazcnlari
1156 4245 1306 4286 more
1327 4231 1534 4286 viveres
1557 4272 1571 4295 ,
1601 4230 1732 4285 nihil
1758 4231 1864 4287 tale

271 4337 488 4392 passum
515 4337 673 4389 esse;
705 4322 800 4378 sed
833 4338 956 4378 cum
996 4323 1223 4392 teipsum
1269 4322 1470 4378 mundo
1511 4323 1819 4378 crucifixisti
1845 4364 1862 4390 ,

273 4426 402 4470 tunc
428 4415 482 4469 in
509 4416 680 4470 morbi
710 4431 926 4471 sensum
955 4416 1167 4470 venisse
1189 4457 1206 4482 ,
1236 4431 1354 4486 qua:
1397 4431 1526 4470 sane
1571 4431 1657 4471 res
1697 4416 1866 4485 possit

275 4507 328 4562 in
382 4507 836 4576 perturbationem
891 4508 1050 4578 inque
1099 4507 1526 4579 desperationem
1573 4509 1864 4578 conjicere.

269 4596 519 4652 Secundo
539 4638 556 4664 ,
579 4598 717 4667 quod
741 4614 898 4669 quam
925 4599 1182 4668 plurimos
1209 4599 1421 4655 noveris
1445 4641 1460 4667 ,
1488 4600 1615 4656 dum
1640 4601 1867 4656 delicate

269 4691 552 4755 viverent,
584 4690 684 4745 hac
711 4701 861 4761 peste
889 4702 1162 4762 correptos
1186 4737 1201 4759 ,
1229 4711 1322 4752 eos
1347 4705 1522 4750 tamen
1551 4711 1712 4765 parvo
1739 4703 1858 4765 post

272 4794 515 4853 tempore
542 4785 612 4838 ita
637 4799 700 4839 ea
730 4785 1038 4842 infirmitate
1065 4788 1338 4854 liberatos,
1365 4798 1424 4843 ut
1449 4788 1698 4859 perfecta:
1725 4789 1866 4844 inte-

272 4875 449 4945 gritati
481 4875 711 4930 restituti
739 4885 794 4931 et
819 4892 1014 4933 uxores
1041 4877 1339 4945 ducerent,
1376 4889 1433 4934 et
1462 4881 1716 4950 plurimos
1745 4896 1870 4950 pro-

272 4974 527 5022 crearent
553 4965 752 5022 liberos
774 5009 788 5033 ,
817 4968 1173 5037 omnibusque
1192 4969 1313 5022 vitae
1335 4973 1610 5039 praisentis
1631 4986 1868 5026 commo-

272 5058 358 5113 dis
385 5059 695 5114 fruerentur
713 5102 728 5126 ,
753 5059 993 5130 nihilque
1019 5061 1356 5130 postmodum
1385 5064 1487 5116 tale
1513 5073 1821 5132 paterentur
1849 5081 1864 5118 :

187 5217 194 5226 '
271 5159 458 5205 contra
485 5193 501 5218 ,
546 5161 600 5206 ιιι
627 5167 752 5207 cum
785 5161 986 5206 tantum
1020 5162 1233 5223 tempus
1261 5153 1314 5208 in
1340 5154 1559 5223 jejuniis
1587 5171 1648 5210 ac
1677 5172 1870 5225 perno-

271 5243 596 5298 ctationihus
619 5285 636 5309 ,
663 5253 720 5300 et
760 5245 964 5315 reliqua
994 5245 1118 5300 vitte
1154 5246 1468 5300 austeritate
1509 5241 1825 5302 contriveris
1851 5289 1864 5312 ,
1902 5291 1927 5296 ..

274 5334 479 5388 nullam
522 5351 884 5391 aerumnarum
932 5346 1144 5392 tuarum
1196 5336 1564 5391 liberationem
1612 5337 1870 5392 hactenus

277 5426 572 5483 inveneris.
604 5425 789 5482 Tertio
811 5470 826 5494 ,
853 5428 997 5499 quod
1037 5444 1158 5484 cum
1198 5437 1417 5484 sanctus
1445 5429 1535 5484 ille
1563 5430 1645 5484 vir
1670 5437 1867 5484 tantam

277 5519 332 5579 in
365 5521 587 5589 reliquis
613 5519 739 5576 viris
767 5523 1056 5590 potentiam
1083 5521 1379 5576 03tendcrit
1399 5563 1415 5588 ,
1449 5521 1576 5574 nihil
1605 5521 1868 5590 ejusmodi

275 5612 512 5683 potuerit
541 5612 592 5665 in
622 5621 707 5666 tua
738 5612 1022 5668 dilectione
1053 5613 1312 5683 perficere
1334 5653 1347 5679 ,
1380 5628 1551 5682 neque
1580 5612 1693 5681 ipse
1719 5653 1733 5676 ,
1771 5627 1868 5666 ne-

275 5721 379 5774 que
407 5706 440 5758 ii
472 5706 710 5775 quicum
739 5707 831 5760 illo
856 5716 1007 5760 erant
1031 5748 1046 5774 ,
1092 5709 1181 5763 illo
1226 5708 1388 5764 etiam
1437 5709 1487 5762 in
1535 5707 1635 5762 hoc
1673 5720 1869 5778 genere

273 5800 644 5870 potentiores,
709 5815 892 5856 verum
936 5817 1119 5857 omnes
1165 5819 1222 5858 re
1270 5801 1463 5859 infecta
1510 5801 1602 5858 abs
1647 5811 1696 5856 te
1741 5813 1862 5854 cum

1130 345 1223 403 AD
1260 347 1631 407 STAGIBIUM
1671 351 1718 407 Α
1757 349 2062 407 ὓᾸΕΜΟΝΕ
2101 353 2459 413 VEXAI‘UM.
2499 357 2627 414 LIB.
2669 358 2714 415 l.
2793 420 2800 427 ,

3465 366 3573 424 £26

1975 465 2173 521 rubore
2199 466 2562 526 discesserint.
2593 473 2674 528 Ad
2709 472 2826 530 lucc
2853 474 2956 530 alia
2981 491 3046 531 ex
3086 484 3238 547 parte
3267 479 3488 536 nimium
3515 491 3569 537 te

1975 558 2096 626 angi
2134 557 2390 627 dicebas,
2437 563 2579 632 quod
2620 563 2692 619 ita
2732 566 2969 622 animum
3011 577 3157 623 tuum
3197 569 3278 625 vis
3319 576 3570 628 maeroris

1976 651 2352 719 occupaverit,
2377 663 2432 706 ut
2459 655 2654 723 smpius
2677 672 2859 726 parum
2885 659 3025 714 absit
3051 661 3177 730 quin
3202 661 3268 716 ad
3294 661 3568 732 laqueum,

1976 740 2194 797 fluvium
2249 753 2304 798 ct
2348 747 2701 817 prtecipitium
2751 765 3021 807 accurras.
3071 754 3270 822 Quinto
3314 755 3570 826 deinceps

1975 833 2094 886 loco
2120 873 2136 898 ,
2167 834 2310 903 quod
2339 837 2572 906 aequales
2596 847 2714 892 tuos
2734 847 2788 894 et
2808 842 3217 899 contubernales
3240 884 3256 909 ,
3277 844 3368 915 qui
3390 858 3567 903 tecum

1973 922 2137 976 vitam
2170 923 2306 978 hanc
2332 926 2606 995 inierunt,
2653 930 2940 1000 tranquille
2982 943 3200 1003 agentes
3243 935 3480 1004 aspicis:
3514 945 3570 991 te

1975 1029 2104 1069 vero
2126 1017 2431 1073 szevissima:
2457 1021 2704 1088 procella:
2718 1022 2892 1077 adhuc
2912 1026 3212 1093 expositum
3234 1067 3250 1091 ,
3265 1034 3319 1081 et
3337 1028 3564 1093 carceri,

1975 1105 2066 1173 qui
2121 1109 2362 1162 omnium
2415 1113 2657 1174 profecto
2702 1115 3042 1170 miserrimus
3091 1123 3216 1182 est,
3273 1117 3567 1173 addictum.

1973 1193 2157 1266 Neque
2185 1197 2327 1252 enim
2358 1199 2441 1255 his
2471 1203 2560 1272 qui
2588 1203 2732 1258 ferro
2760 1203 2920 1259 vincti
2959 1213 3122 1270 sunt,
3163 1206 3232 1260 ita
3267 1207 3572 1278 lacryman—

1974 1287 2100 1342 dum
2129 1290 2409 1346 asserebas
2437 1335 2452 1359 ,
2481 1303 2539 1348 ut
2566 1295 2631 1350 iis
2659 1337 2674 1361 ,
2708 1296 2798 1371 qui
2839 1295 3146 1365 hujusmodi
3183 1305 3371 1353 catena
3410 1299 3570 1353 colli-
3630 1335 3640 1344 -

1974 1382 2079 1452 gati
2125 1384 2342 1439 fuerint.
2390 1386 2588 1442 Aiebas
2633 1396 2686 1443 et
2731 1388 2875 1443 aliud
2917 1404 3038 1444 esse
3077 1397 3338 1460 praeterea
3367 1432 3382 1457 ,
3424 1390 3568 1460 quod

1973 1480 2210 1535 maxime
2238 1487 2290 1534 te
2316 1479 2557 1534 turbaret.
2582 1497 2597 1534 :
2631 1480 2805 1535 vereri
2834 1480 2977 1535 enim
3008 1495 3072 1536 ac
3101 1489 3334 1536 tremere
3357 1522 3372 1546 ,
3414 1496 3483 1536 ne
3521 1481 3568 1537 si

1971 1573 2072 1627 ista
2100 1581 2252 1642 pater
2280 1571 2476 1626 sentiat
2500 1613 2514 1635 ,
2543 1572 2790 1629 maximis
2819 1571 3027 1641 injuriis
3062 1581 3222 1644 atque
3258 1573 3558 1628 incommo-

1971 1664 2054 1718 dis
2079 1663 2276 1717 afficiat
2300 1671 2512 1717 sanctos
2543 1662 2663 1717 ilios
2687 1703 2702 1729 ,
2734 1664 2822 1736 qui
2855 1671 2905 1718 te
2947 1678 2977 1716 a
3015 1663 3274 1733 principio
3316 1678 3568 1734 suscepe-

1971 1765 2094 1812 runt
2124 1776 2137 1810 :
2171 1759 2364 1826 quippe
2393 1756 2616 1811 summis
2662 1757 2864 1811 virilms
2903 1765 3060 1827 atque
3103 1757 3292 1826 opilms
3334 1755 3525 1810 fretum
3547 1798 3564 1823 ,

1969 1859 2130 1920 atque
2158 1849 2518 1920 indignatione
2547 1849 2869 1904 concitatum
2895 1890 2911 1915 ,
2954 1856 3144 1903 cuncta
3179 1848 3436 1902 adversus
3470 1862 3565 1902 eos

1970 1959 2245 2010 ausurum,
2275 1953 2330 1997 et
2376 1943 2506 1997 nulli
2558 1942 2884 2012 parciturum
2927 1941 3192 2008 vindiciis,
3224 1957 3289 1996 ex
3341 1941 3444 1994 illis
3475 1941 3565 2010 qui

1971 2033 2072 2088 sibi
2117 2033 2435 2089 occurrerit.
2476 2032 2544 2086 Et
2591 2032 2847 2086 hactenus
2901 2032 3114 2101 quidem
3167 2031 3404 2101 potuisse
3455 2047 3568 2085 ma-

1972 2133 2106 2180 trem
2151 2141 2266 2180 rem
2310 2135 2511 2195 gestam
2557 2124 2760 2178 notitia:
2799 2125 2966 2193 patris
3020 2123 3316 2178 subducere
3343 2163 3358 2188 ,
3405 2138 3566 2191 repu-

1969 2217 2204 2287 lisseque
2243 2216 2393 2270 illum
2429 2230 2574 2286 smpe
2599 2259 2614 2284 ,
2643 2231 2763 2270 cum
2793 2215 2859 2270 de
2887 2225 2939 2269 te
2969 2215 3260 2286 inquireret
3289 2231 3303 2267 :
3338 2215 3450 2269 fore
3471 2230 3568 2268 aus

1972 2319 2079 2364 tem
2119 2318 2177 2363 ut
2223 2323 2477 2379 processu
2522 2308 2776 2378 temporis
2809 2307 3239 2376 deprehendatur
3266 2315 3418 2361 cauta
3451 2305 3567 2361 lm‘c

1969 2400 2158 2454 matris
2202 2399 2511 2465 simulatio,
2544 2399 2760 2468 jamque
2806 2399 2896 2453 ille
2936 2406 2990 2452 et
3033 2397 3134 2467 ipsi
3186 2408 3239 2452 et
3289 2395 3568 2452 monachis

1969 2490 2232 2545 acerrime
2279 2489 2575 2543 immineat.
2628 2489 2906 2543 Postremo
2950 2488 3093 2559 quod
3158 2490 3396 2543 omnium
3453 2504 3567 2542 ma-

1972 2582 2147 2639 lorum
2209 2598 2518 2653 supremum
2559 2583 2770 2636 culmen
2815 2591 2933 2657 est,
2986 2582 3182 2636 nullam
3229 2581 3565 2637 tibicertam

1971 2690 2093 2731 esse
2145 2673 2443 2728 futurorum
2488 2673 2864 2729 confidentiam
2909 2672 3161 2737 dicebas,
3192 2687 3364 2741 neque
3407 2687 3564 2740 aper-

1970 2767 2075 2821 tius
2123 2767 2302 2832 scire,
2347 2767 2390 2818 si
2435 2764 2648 2835 quando
2693 2762 2868 2818 futura
2910 2763 2979 2817 sit
3032 2762 3203 2816 morbi
3264 2761 3421 2832 lmjus
3467 2762 3562 2814 ah-

1969 2857 2165 2912 solutio
2191 2864 2350 2927 atque
2379 2856 2622 2911 liberatio
2648 2897 2663 2922 ,
2691 2871 2809 2910 cum
2836 2897 2852 2920 ,
2900 2855 3094 2924 smpius
3145 2856 3243 2908 hac
3285 2861 3565 2922 exspecta-

1971 2948 2115 3004 tione
2144 2948 2322 3002 ltahita
2347 2989 2362 3014 ,
2393 2963 2577 3003 rursus
2607 2949 2660 3002 in
2691 2948 2938 3004 eamdem
2981 2947 3248 3003 miseriam
3291 2945 3563 3002 incideris.

1971 3039 2118 3094 Talia
2148 3049 2274 3094 sunt
2304 3038 2543 3110 profecto
2574 3039 2671 3093 ista
2699 3080 2715 3106 ,
2747 3056 2865 3109 quae
2894 3040 3130 3093 animum
3171 3038 3404 3093 maxime
3444 3053 3566 3108 per-

1969 3132 2188 3187 turbare
2239 3132 2486 3202 possint,
2530 3131 2836 3202 ingentique
2876 3131 3096 3200 implere
3155 3131 3418 3196 tumultu,
3467 3128 3562 3183 sed

1969 3222 2206 3276 animum
2237 3223 2519 3276 remissum
2545 3263 2560 3288 ,
2594 3221 2900 3291 imperitum
2940 3236 3002 3275 ac
3041 3219 3299 3274 desidem.
3330 3221 3399 3272 At
3437 3230 3562 3274 verc-

1968 3329 2068 3368 nos
2098 3315 2141 3368 si
2169 3315 2474 3385 perspicere
2500 3314 2772 3386 paululum
2803 3314 3129 3368 voluerimus
3148 3355 3160 3378 ,
3185 3313 3563 3383 cogitationes-

1968 3423 2072 3478 que
2103 3407 2215 3477 pias
2243 3406 2552 3472 admovere,
2596 3405 2694 3461 has
2738 3421 2926 3460 omnes
2957 3405 3202 3460 th-roris
3231 3419 3418 3457 causas
3451 3403 3564 3456 vcl-

1968 3498 2045 3553 uti
2093 3499 2460 3554 tenuissimum
2489 3499 2764 3568 pulverem
2803 3496 3154 3552 excutiemus.
3204 3495 3346 3550 Cave
3385 3502 3564 3548 autem

1969 3598 2124 3662 putes
2153 3605 2242 3646 me
2282 3590 2442 3645 modo
2474 3591 2573 3644 ista
2605 3589 2804 3645 idcirco
2836 3599 2977 3645 tanta
3004 3587 3256 3642 facilitate
3281 3585 3562 3657 polliceri,

1970 3681 2113 3752 quod
2140 3692 2289 3737 extra
2321 3681 2562 3736 dolorem
2597 3683 2739 3735 hunc
2781 3681 3176 3751 procellamque
3215 3693 3416 3732 verser.
3454 3676 3566 3731 Etsi

1970 3774 2113 3829 enim
2139 3774 2455 3845 quibusdam
2489 3773 2730 3828 fortassis
2759 3771 3083 3827 incredibilia
3112 3771 3292 3825 dicere
3317 3769 3562 3834 videbor,

1971 3866 2146 3922 dicam
2180 3875 2356 3920 tamen
2387 3882 2400 3917 :
2435 3880 2608 3934 neque
2634 3864 2774 3918 enim
2797 3879 2918 3918 cum
2945 3861 3162 3932 reliquis
3194 3870 3248 3915 tu
3274 3859 3403 3914 mihi
3431 3872 3566 3930 quo-

1971 3975 2076 4030 que
2105 3959 2264 4013 fidem
2295 3973 2402 4014 non
2435 3958 2673 4014 habebis.

2045 4050 2258 4104 Βίωνιοη
2287 4051 2390 4103 suis
2415 4053 2636 4120 formam
2674 4049 2875 4118 accipit.
2904 4078 2976 4088 —
2999 4044 3130 4101 Cutn
3157 4046 3225 4100 ab
3256 4045 3409 4100 initio
3436 4059 3559 4098 scc-

1973 4141 2140 4196 lcstus
2177 4141 2266 4194 ille
2296 4140 2506 4193 dmmon
2533 4140 2772 4192 animam
2805 4139 3000 4192 invasit
3032 4148 3198 4201 tuam,
3244 4146 3406 4205 atque
3443 4151 3564 4188 cum

1974 4233 2184 4287 caeteris
2212 4230 2498 4300 prostravit
2523 4239 2790 4294 orantem,
2837 4243 2942 4282 non
2975 4227 3224 4297 equidem
3256 4236 3380 4281 tunc
3423 4241 3564 4294 pra:-

1975 4337 2103 4378 sens
2153 4323 2393 4387 aderam,
2446 4321 2751 4392 gratiasque
2798 4335 2898 4388 ago
2941 4317 3362 4373 clementissimo
3407 4316 3563 4380 Deo;

1976 4413 2136 4468 didici
2182 4423 2357 4470 tamen
2384 4413 2564 4466 omnia
2595 4410 3021 4481 diligentissime,
3069 4426 3174 4464 non
3219 4423 3375 4463 secus
3418 4423 3481 4461 ac
3519 4405 3564 4460 si

1975 4505 2092 4575 ipse
2134 4503 2424 4558 afl‘uisscm.
2444 4503 2587 4557 'Nam
2619 4501 2947 4572 Theophilus
2975 4500 3258 4570 Ephesius,
3292 4499 3566 4567 utriusque

1977 4608 2219 4650 nostrum
2264 4597 2492 4664 amicus,
2526 4594 2796 4666 profectus
2824 4593 2890 4649 ad
2933 4609 3040 4659 me,
3082 4602 3271 4646 concta
3309 4591 3440 4646 mihi
3474 4605 3568 4660 per

1976 4691 2224 4746 ordinem
2252 4691 2456 4755 retulit,
2481 4691 2734 4745 distortas
2763 4705 2972 4752 manus,
3009 4697 3190 4742 torvos
3217 4686 3424 4751 oculos,
3457 4687 3568 4738 oris

1975 4800 2244 4855 Spumant,
2273 4783 2598 4839 horrendam
2631 4784 2772 4837 illam
2805 4791 2856 4837 et
2879 4781 3156 4836 confusam
3194 4795 3400 4845 vocem,
3440 4793 3562 4833 cor-

1977 4879 2125 4949 poris
2165 4888 2474 4942 trcmoretn,
2506 4877 2810 4930 diuturnam
2853 4887 3042 4929 sensus
3069 4863 3442 4944 privationem,
3483 4870 3564 4923 vi-

1977 4981 2204 5036 Sitmque
2233 4966 2469 5021 terribile
2495 4965 2636 5035 quod
2680 4981 2741 5020 ea
2770 4974 2925 5020 nocte
2953 4975 3228 5020 ostensum
3263 4973 3365 5018 est.
3399 4961 3561 5015 Sucm

1978 5059 2122 5113 enim
2153 5057 2433 5127 quemdam
2475 5055 2862 5110 ferocissimmn
2905 5055 3134 5109 maxima
3176 5052 3225 5106 vi
3257 5051 3351 5106 luti
3382 5049 3562 5118 inqui-

1978 5161 2160 5206 natum
2205 5153 2254 5204 in
2289 5159 2340 5205 te
2370 5149 2573 5204 insilire
2594 5148 2811 5218 jugiler,
2845 5158 3004 5217 atque
3049 5159 3221 5202 tecum
3249 5153 3561 5199 concertare

1977 5245 2190 5298 aiebat:
2219 5257 2446 5312 cumque
2473 5243 2517 5298 is
2538 5242 2626 5312 qui
2653 5243 2800 5311 juxta
2833 5241 3223 5305 obdormiebal,
3263 5252 3326 5292 ea
3359 5235 3563 5288 visione

1977 5339 2242 5402 turbatus,
2287 5345 2636 5406 experrectus
2675 5343 2840 5402 esset,
2884 5333 3151 5390 invenisse
3197 5339 3248 5386 te
3279 5343 3488 5384 rursum
3533 5342 3564 5382 a

1977 5431 2222 5486 daemone
2253 5429 2452 5484 vexari.

2048 5523 2102 5576 2.
2145 5523 2275 5577 Cum
2301 5523 2457 5593 igitur
2483 5521 2596 5577 hinc
2618 5521 2705 5578 ille
2731 5519 3089 5584 denuntiaret,
3115 5525 3335 5580 tantum,
3367 5520 3562 5580 fateor,

1978 5615 2226 5671 maeroris
2253 5616 2498 5670 nebulam
2536 5614 2664 5668 mihi
2690 5611 2897 5677 offudit,
2921 5618 3170 5680 quantam
3212 5607 3299 5662 hic
3325 5606 3437 5676 ipse
3458 5605 3560 5659 du-

1977 5707 2224 5762 rissimus
2251 5707 2460 5762 daamon
2487 5709 2695 5761 caritati
2739 5713 2862 5758 tum.
2903 5703 3093 5758 Postea
3134 5715 3444 5769 veroquam
3474 5713 3560 5753 nte

1979 5814 2046 5855 ex
2075 5798 2266 5856 acerbo
2296 5814 2357 5856 ac
2402 5798 2608 5854 diutino
2652 5796 2834 5852 dolore
2879 5792 3088 5864 collegi,
3123 5791 3250 5847 nihil
3284 5789 3409 5843 mihi
3448 5788 3562 5859 jam
