4032 6404
551 317 647 373 427

544 437 599 489 in
630 428 830 488 mundo
851 444 1030 503 grave,
1056 426 1189 483 nihil
1218 425 1372 481 dulce
1398 423 1709 478 videbatur:
1733 420 1827 476 sed
1853 434 1973 474 cum
1995 417 2122 472 olim

545 527 834 580 vanitatem
862 521 1042 577 smculi
1070 517 1394 587 contemptui
1421 515 1786 576 habuerim,ac
1812 509 2108 580 reprehen-

542 616 674 669 dere
708 613 896 668 solitus
926 611 1046 675 sim,
1081 618 1203 663 tunc
1235 608 1463 662 maxime
1491 605 1542 658 id
1573 617 1759 673 passus
1801 616 1940 666 sum,
1987 614 2104 652 ma-

540 707 733 774 jorque
762 702 986 757 affectus
1014 700 1080 753 ad
1120 697 1444 753 desiderium
1473 694 1635 749 subiit
1658 690 1958 747 dilectionis
1988 697 2125 753 tute;

545 795 742 865 quippe
766 809 826 847 ea
856 800 939 847 est
966 806 1183 846 casuum
1209 788 1435 843 tristium
1465 795 1674 849 natura,
1701 798 1819 854 qua:
1839 781 2128 836 amicitiam

546 900 838 961 peraugere
862 882 1167 938 consuevit:
1198 881 1355 950 idque
1377 894 1443 934 ex
1469 892 1534 932 eo
1559 877 1748 946 liquet,
1779 873 1919 945 quod
1950 871 2129 927 inimi-

546 977 700 1031 citias
723 990 932 1045 quoque
958 974 1112 1027 facile
1142 986 1395 1027 revocare
1424 970 1478 1025 in
1504 968 1730 1041 gratiam
1777 966 1967 1037 possit.
1994 963 2129 1019 Nul-

549 1068 631 1122 lns
657 1068 801 1121 enim
837 1067 944 1120 fere
975 1075 1080 1119 tam
1113 1062 1380 1129 immanis,
1406 1071 1623 1130 tamque
1650 1059 1868 1113 insanus
1899 1064 2001 1123 est,
2040 1054 2132 1124 qui

547 1157 594 1212 si
624 1156 798 1213 videat
839 1157 983 1226 gravi
1027 1155 1202 1224 aliquo
1227 1168 1353 1208 casu
1381 1152 1502 1221 angi
1544 1148 1840 1214 inimicum,
1874 1146 2132 1202 adversus

548 1247 695 1300 illum
717 1260 933 1301 servare
953 1245 1130 1300 odium
1159 1243 1347 1314 possit.
1372 1240 1523 1309 Quod
1552 1240 1601 1295 si
1630 1239 1965 1294 inimicorum
1993 1251 2132 1307 quo-

546 1353 652 1407 que
698 1338 1034 1401 miseremur,
1079 1348 1280 1404 eosque
1327 1333 1627 1387 amicorum
1672 1329 1934 1385 habemus
1984 1328 2128 1394 loco,

518 1416 519 1421 “
545 1442 671 1481 cum
696 1442 856 1496 grave
884 1425 1082 1495 aliquid
1110 1433 1271 1494 atque
1295 1423 1627 1492 insperatum
1665 1419 1785 1474 illos
1811 1417 2018 1489 perpeti
2046 1418 2130 1471 vi-

547 1517 773 1571 demus:
803 1515 1105 1581 considera,
1143 1528 1347 1584 quasso,
1397 1512 1679 1583 diligenter
1706 1510 1833 1581 quid
1877 1524 1966 1565 me
1994 1508 2129 1578 pati,

549 1622 721 1677 quove
748 1620 869 1662 esse
892 1606 1071 1660 animo
1096 1618 1320 1660 necesse
1346 1602 1526 1669 fuerit,
1558 1601 1686 1657 dum
1713 1614 1857 1668 eum,
1883 1614 2041 1671 quem
2063 1613 2132 1654 ex

548 1698 798 1752 omnibus
841 1698 1071 1753 maxime
1110 1696 1290 1767 diligo,
1325 1709 1589 1766 quemque
1628 1708 1735 1748 non
1766 1692 1943 1747 minus
1970 1706 2130 1762 quam

548 1802 636 1842 me
664 1802 845 1841 carum
890 1787 1080 1854 habeo,
1109 1786 1292 1841 vexari
1333 1785 1614 1853 acerrime,
1645 1798 1709 1839 ac
1740 1797 1971 1838 maerore
1998 1780 2134 1837 deﬁ-

549 1892 673 1933 cere
701 1878 962 1933 audirem.
993 1876 1113 1931 Noli
1151 1875 1329 1947 itaque
1356 1885 1544 1947 putare
1580 1889 1681 1931 nos
1705 1873 2002 1928 vexationis
2028 1879 2135 1927 tute

550 1969 839 2035 immunes,
880 1967 1114 2022 fomenta
1142 1966 1237 2022 tibi
1271 1965 1657 2021 consolationis
1682 1963 1988 2019 admovere.
2020 1961 2131 2017 Etsi

549 2060 694 2114 enim
711 2075 740 2113 a
760 2057 1157 2127 perturbatione
1177 2056 1355 2123 illa,ac
1372 2055 1670 2126 dejectione
1686 2053 1881 2109 diaboli
1898 2068 2016 2107 sum
2038 2051 2134 2106 Dei

546 2150 720 2219 gratia
747 2150 903 2213 liber,
942 2148 1101 2217 hujus
1128 2156 1306 2202 tamen
1332 2147 1598 2202 maestitiae
1625 2161 1687 2201 ac
1716 2144 1916 2200 doloris
1953 2136 2135 2214 aequas

553 2248 730 2309 partes
751 2239 880 2293 mihi
897 2248 1072 2293 tecum
1095 2237 1306 2293 vindico
1336 2255 1351 2293 :
1376 2237 1610 2308 atquein
1632 2236 1735 2291 hoc
1756 2235 1885 2290 mihi
1911 2233 2134 2290 credent

552 2331 642 2398 qui
672 2331 741 2383 ita
761 2339 817 2383 ut
833 2338 1044 2400 oportet
1070 2330 1292 2400 diligere
1314 2334 1597 2384 noverunt.
1618 2329 1729 2400 Age
1747 2341 1873 2398 ergo
1889 2324 2131 2381 excutia-

551 2436 671 2475 mus
692 2421 837 2476 hunc
862 2423 1133 2491 pulverem
1159 2438 1175 2495 ξ
1199 2421 1270 2476 ita
1298 2421 1441 2476 enim
1468 2421 1571 2477 erit
1596 2418 1890 2475 tolerabilis
1910 2432 1973 2472 ac
1999 2415 2134 2471 levis

554 2509 774 2580 hujusce
816 2511 896 2565 vis
927 2511 1190 2577 mmroris,
1224 2510 1269 2565 si
1293 2512 1620 2565 noluerimus
1650 2507 1889 2566 cedendo
1919 2506 2137 2578 aegritu-

549 2600 659 2654 dini
687 2600 822 2654 trahi
849 2600 916 2655 ad
942 2601 1253 2672 praecipitia,
1284 2601 1380 2656 sed
1410 2601 1628 2673 vigilare
1668 2600 1867 2671 potius,
1923 2607 1977 2654 et
2005 2596 2134 2667 quid

549 2694 690 2749 facto
717 2710 850 2763 opus
878 2695 948 2749 sit
973 2695 1233 2765 cogitare.
1262 2694 1499 2749 Plurima
1524 2694 1666 2750 enim
1708 2709 1777 2749 ex
1807 2694 1872 2747 iis
1902 2707 2023 2763 quae
2048 2692 2131 2745 vi-

549 2787 744 2840 dentur
770 2786 1139 2851 acerbissima,
1171 2787 1478 2856 priusquam
1499 2786 1879 2841 examinentur
1906 2785 2133 2854 diligen-

548 2878 680 2942 tius,
711 2877 887 2947 gravia
916 2885 1176 2947 putantur
1198 2886 1253 2931 et
1294 2876 1647 2951 intolerabilia
1672 2893 1685 2929 :
1713 2875 1762 2931 si
1804 2875 1924 2946 quis
1951 2884 2129 2929 tamen

547 2983 610 3022 ea
642 2969 847 3022 ratione
872 2967 1140 3035 discutiat,
1173 2968 1407 3023 inveniet
1442 2983 1564 3023 esse
1592 2968 1748 3037 longe
1775 2968 2027 3039 Opinione
2049 2967 2130 3022 le-

548 3060 718 3125 viora,
748 3060 889 3131 quod
935 3059 1098 3115 modo
1125 3075 1337 3131 quoque
1363 3060 1595 3115 futurum
1640 3075 1745 3115 non
1768 3060 2015 3130 despero.
2046 3058 2129 3114 Tu

549 3162 751 3206 tantum
779 3154 1006 3223 teipsum
1027 3154 1370 3225 erige,neqne
1398 3170 1547 3210 vanae
1564 3168 1629 3209 ac
1645 3154 1821 3210 stulta:
1838 3153 1980 3224 vulgi
2008 3153 2130 3222 opi-

548 3245 695 3299 nioni
738 3247 1115 3316 acquiescens,
1162 3246 1441 3303 fortiorem
1484 3256 1670 3303 contra
1716 3262 1817 3304 nos
1855 3247 2130 3302 inimicum

547 3346 768 3391 statuas.
811 3337 971 3408 Igitur
992 3339 1035 3393 si
1061 3339 1277 3409 quidem
1317 3338 1383 3395 ad
1410 3339 1644 3410 aliquem
1670 3337 1966 3394 inﬁdelium
1993 3336 2130 3393 mihi

548 3447 726 3487 sermo
767 3441 932 3498 esset,
957 3432 1044 3488 vel
1072 3444 1259 3487 eorum
1283 3427 1375 3499 qui
1403 3440 1531 3482 casu
1571 3424 1697 3481 ferri
1721 3424 1902 3478 omnia
1952 3422 2138 3477 existi-

550 3531 718 3586 mant,
748 3522 834 3576 vel
880 3535 1068 3577 eorum
1112 3520 1203 3591 qui
1246 3515 1588 3588 nequissimis
1627 3512 1910 3568 daemoniis
1953 3509 2140 3566 mundi

552 3614 939 3683 providentiam
982 3609 1278 3683 assignant,
1304 3608 1427 3678 plus
1454 3606 1585 3661 mihi
1629 3606 1836 3677 negotii
1865 3602 2143 3659 incumbe-

554 3714 656 3771 ret,
680 3703 1089 3775 repellendaque
1110 3703 1261 3774 prius
1287 3712 1511 3756 erronea
1540 3697 1725 3769 opinio
1753 3697 1961 3763 fuisset,
1980 3703 2141 3765 atque

551 3795 774 3850 veritate
801 3794 1146 3865 providentia:
1173 3800 1409 3855 ostensa,
1442 3797 1555 3844 tum
1598 3792 1813 3847 demum
1844 3784 2139 3843 consolatio

492 3930 497 3937 .
552 3884 926 3945 subinfercnda
957 3891 1100 3939 esset
1132 3899 1145 3937 :
1184 3883 1436 3952 quoniam
1463 3895 1597 3937 vero
1622 3880 1821 3936 Christi
1851 3878 2020 3949 gratia
2053 3876 2141 3930 in-

552 3993 787 4038 structus
816 3978 882 4038 ab
910 3975 1130 4036 infantia
1150 3989 1328 4032 sacras
1350 3972 1585 4031 didiciSti
1610 3973 1810 4037 literas,
1831 3983 2066 4039 veraque
2084 3976 2142 4022 et

552 4073 804 4128 salutaria
818 4072 1064 4142 dogmata
1081 4087 1148 4126 ex
1166 4068 1427 4139 majorum
1446 4074 1657 4120 tuorum
1675 4060 2015 4119 successione
2031 4073 2142 4114 sus-

549 4165 763 4235 cepisti,
813 4164 988 4220 credis
1014 4162 1216 4235 absque
1260 4159 1365 4215 ulla
1411 4155 1750 4212 haesitatione
1802 4153 1916 4207 Deo
1956 4164 2139 4206 curam

551 4232 675 4313 esse
703 4256 771 4311 de
813 4232 1187 4318 omnibusfet
1233 4251 1302 4306 de
1342 4249 1424 4305 his
1464 4246 1702 4303 maxime
1748 4241 1841 4314 qui
1883 4242 1984 4297 sibi
2031 4240 2139 4296 ﬁde

549 4348 720 4419 juncti
749 4356 904 4414 sunt;
937 4346 1136 4403 omissa
1161 4344 1264 4399 hac
1293 4351 1465 4414 parte,
1495 4338 1714 4394 aliunde
1742 4347 2019 4393 sumamus
2060 4332 2141 4387 in-

555 4442 727 4495 itium.
752 4439 1023 4507 Principio
1049 4452 1170 4493 cum
1195 4435 1413 4506 angelos
1438 4439 1647 4489 crearet
1668 4430 1812 4486 Deus
1837 4446 1854 4497 ;
1878 4427 1988 4482 imo
2013 4440 2141 4482 vero

555 4542 615 4588 ut
638 4532 799 4587 altius
824 4532 1048 4587 ducatur
1076 4527 1286 4584 oratio:
1316 4534 1606 4595 antequam
1633 4514 1855 4594 angeios
1881 4520 2140 4577 conderet

552 4624 906 4691 czelestesque
946 4619 1181 4688 reliquas
1206 4616 1466 4679 Virtutes,
1517 4613 1661 4669 Deus
1706 4619 1823 4668 erat
1870 4611 1987 4667 sine
2030 4610 2142 4665 ullo

557 4729 809 4786 umquam
856 4710 1147 4767 exsistendi
1176 4709 1459 4781 principio.
1490 4705 1621 4762 Cum
1663 4719 1795 4761 vero
1823 4705 2021 4760 nullius
2062 4702 2144 4758 rei

556 4822 725 4880 egens
765 4820 979 4875 semper
1019 4810 1182 4869 esset,
1212 4801 1267 4857 id
1308 4799 1510 4871 quippe
1534 4798 1809 4870 proprium
1850 4795 2142 4852 divinitatis

461 4956 466 4961 .
558 4908 660 4965 est,
690 4896 892 4953 creavit
917 4892 1159 4965 angelos,
1190 4890 1563 4961 archangelos,
1587 4903 1880 4957 omnesque
1908 4886 2142 4956 reliquas

558 4991 903 5059 incorporeas
932 4985 1276 5041 substantias.
1319 4982 1535 5038 Creavit
1560 4994 1689 5036 vero
1718 4979 1787 5033 ob
1811 4978 1954 5033 aliud
1987 4977 2138 5045 nihil,

559 5083 661 5139 nisi
686 5082 796 5137 sola
822 5078 1075 5136 bonitatis
1099 5092 1210 5133 suze
1237 5090 1415 5132 causa.
1441 5074 1679 5143 Quorum
1712 5072 1856 5127 enim
1887 5069 2143 5141 obsequio

558 5191 667 5231 non
692 5174 981 5247 indigebat,
1011 5186 1298 5243 numquam
1326 5184 1419 5226 eos
1442 5166 1682 5238 profecto
1703 5164 2013 5230 creavisset,
2036 5163 2139 5218 nisi

557 5283 810 5339 supreme
836 5269 1008 5323 bonus
1037 5274 1205 5322 esset.
1248 5263 1379 5320 Post
1403 5262 1618 5318 illorum
1654 5272 1785 5315 vero
1811 5256 2142 5313 creationem

558 5361 687 5415 fecit
712 5359 987 5415 hominem
1013 5359 1130 5427 ipsa
1159 5354 1363 5410 scilicet
1383 5363 1543 5422 atque
1568 5347 1755 5407 eadem
1779 5362 1962 5412 causa,
1990 5362 2145 5401 mun-

558 5452 795 5521 dumque
826 5450 965 5505 hunc
992 5461 1231 5503 omnem.
1274 5458 1431 5514 quem
1474 5456 1595 5496 enm
1642 5438 1940 5494 innumeris
1988 5436 2144 5492 bonis

563 5542 909 5610 insigniisset,
939 5552 1160 5608 parvum
1190 5534 1337 5589 illum
1368 5540 1422 5588 et
1446 5531 1759 5586 vilissimum
1788 5528 1872 5583 his
1898 5526 2146 5582 omnibus

564 5632 816 5699 pra-fecit,
862 5631 963 5685 hoc
1011 5630 1157 5684 illum
1201 5628 1253 5682 in
1293 5633 1433 5679 terra
1464 5620 1813 5684 constituens,
1859 5617 2000 5689 quod
2030 5617 2147 5687 ipse

564 5730 705 5776 esset
733 5721 784 5776 in
814 5721 963 5776 czulo.
993 5716 1146 5787 Quod
1177 5716 1323 5774 enim
1348 5715 1450 5771 ait:
1486 5712 1757 5769 Faciamus
1787 5710 2037 5766 hominem
2078 5708 2145 5762 ad

1284 308 1341 367 S.
1381 305 1658 369 ιοΑΝΝιε
1692 300 2167 361 CHRYSOSTOMI
2213 300 2535 357 ARCIIIEP.
2576 299 3109 357 CONSTANTINOP.

3711 300 3819 358 £28

2236 414 2506 484 imaginem
2534 424 2579 469 et
2607 414 2985 469 similitudinem
3010 424 3230 467 nostram
3256 411 3408 483 (Gen.
3445 414 3498 468 l.
3524 412 3645 483 26),
3684 417 3818 471 nihil

2238 503 2381 558 aliud
2419 503 2680 574 profecto,
2717 519 2873 573 quam
2902 503 3003 558 sub
3028 492 3227 557 (titione
3261 502 3377 571 ejus
3401 503 3572 571 posita
3600 513 3818 559 terrena

2237 604 2427 650 cuncta
2447 595 2725 665 signiﬁcat.
2747 595 2877 650 Cum
2900 596 3057 664 igitur
3082 594 3150 647 ita
3174 593 3319 648 illum
3342 593 3613 649 conditum
3638 595 3693 648 in
3711 604 3819 648 tan-

2238 694 2293 740 to
2332 686 2534 740 honore
2559 685 2808 752 locasset,
2834 684 2996 740 veluti
3021 684 3133 755 regi
3163 683 3360 753 regiam
3387 684 3691 753 paradisum
3717 685 3815 754 ipsi

2240 782 2575 831 terrenorum
2596 777 2833 830 omnium
2862 775 3273 846 pulcherrimam
3295 774 3479 830 sedem
3502 777 3814 845 assignavit.

2237 865 2437 921 Volens
2465 875 2722 937 praeterea
2753 865 2856 935 ipsi
2883 866 2985 920 alia
3007 880 3216 935 quoque
3235 880 3301 920 ex
3329 875 3483 936 parte
3507 866 3813 932 ostendere,

2240 965 2495 1026 quantum
2525 957 2826 1012 animantes
2865 956 3097 1026 reliquas
3142 957 3345 1011 honore
3393 957 3813 1024 transcenderet,

2235 1044 2456 1101 adducit
2481 1046 2549 1102 ad
2577 1047 2726 1101 illum
2773 1061 2981 1112 omnes,
3012 1061 3077 1101 ac
3115 1049 3331 1102 nomina
3375 1048 3598 1118 singulis
3642 1049 3815 1120 impo-

2236 1151 2366 1192 nere
2387 1135 2567 1206 jubet;
2598 1137 2913 1208 nullumque
2941 1152 3011 1192 ex
3039 1136 3124 1192 his
3162 1137 3215 1192 in
3246 1137 3568 1207 adjutorium
3594 1139 3687 1194 dat
3718 1141 3813 1207 illi,

2237 1242 2558 1298 causamque
2596 1229 2840 1299 protinus
2868 1229 3158 1299 adjiciens:
3196 1229 3317 1284 Non
3341 1232 3494 1293 enim,
3522 1231 3711 1301 inquit,
3738 1233 3815 1286 in-

2236 1328 2412 1374 uentus
2431 1328 2505 1374 est
2521 1318 2729 1390 adjutor
2752 1320 2931 1375 similis
2949 1321 2998 1373 ei
3019 1319 3170 1391 (Gen.
3192 1320 3248 1375 2.
3274 1319 3389 1391 20).
3411 1320 3544 1376 Cum
3571 1337 3699 1377 vero
3725 1338 3814 1393 per

2237 1409 2354 1466 haec
2378 1411 2557 1466 omnia
2582 1410 2818 1467 medium
2844 1412 3122 1483 utriusque
3163 1420 3367 1468 naturae
3397 1428 3519 1468 eum
3565 1430 3687 1470 esse
3723 1415 3814 1470 do-

2236 1503 2453 1569 cuisset,
2493 1502 2742 1574 quodque
2770 1504 3017 1560 omnibus
3047 1514 3190 1561 esset
3229 1506 3343 1577 ipse
3387 1508 3698 1562 honoratior
3735 1508 3814 1562 ni-

2238 1589 2420 1662 hilque
2443 1602 2591 1649 esset
2615 1594 2691 1649 illi
2718 1595 2915 1660 simile,
2944 1604 3070 1651 tunc
3097 1604 3153 1649 et
3183 1597 3459 1651 mulierem
3489 1606 3655 1664 creat,
3685 1608 3738 1651 et
3764 1600 3812 1653 in

2238 1683 2341 1739 hoc
2383 1685 2531 1740 illum
2561 1701 2747 1742 rursus
2795 1687 3066 1742 honoratis
3110 1688 3555 1759 manifestumque
3597 1690 3814 1757 faciens,

2237 1775 2380 1844 quod
2423 1776 2566 1833 illam
2613 1792 2825 1849 quoque
2868 1778 3037 1847 ipsius
3079 1779 3247 1848 gratia
3283 1788 3535 1843 creasset,
3580 1780 3717 1833 sicut
3763 1792 3815 1836 et

2238 1864 2435 1920 Paulus
2461 1867 2538 1921 ait
2568 1884 2583 1921 :
2616 1866 2759 1936 Non,
2792 1868 2981 1939 inquit,
3014 1879 3209 1923 creatus
3246 1877 3317 1924 est
3358 1869 3433 1922 vir
3473 1880 3679 1939 propter
3703 1888 3811 1923 mu-

2238 1956 2427 2023 lierem,
2457 1958 2546 2011 sed
2570 1958 2751 2012 mulier
2774 1968 2982 2030 prapter
3016 1959 3179 2012 virum
3206 1956 3283 2031 (Ι.
3308 1959 3425 2013 Cor.
3467 1960 3554 2015 ll.
3589 1958 3666 2030 9).
3702 1959 3813 2014 Non

2238 2060 2415 2107 autem
2444 2052 2527 2109 bis
2557 2060 2762 2109 tantum
2792 2053 2939 2109 illum
2980 2053 3287 2119 honoravit,
3315 2069 3500 2109 verum
3530 2063 3586 2108 et
3609 2068 3813 2109 sermo-

2238 2156 2362 2198 nem
2385 2143 2458 2197 illi
2483 2143 2575 2198 uni
2605 2159 2672 2199 ex
2698 2144 2947 2199 omnibus
2967 2142 3187 2213 largitus
3215 2153 3315 2207 est,
3342 2144 3529 2213 suique
3556 2143 3705 2197 illum
3728 2160 3817 2197 no-

2240 2234 2386 2289 tione
2414 2235 2659 2305 dignatus
2684 2245 2787 2304 est,
2815 2250 2877 2290 ac
2903 2250 3002 2291 suo
3030 2235 3177 2289 dedit
3207 2234 3308 2288 frui
3328 2235 3617 2300 consortio,
3654 2248 3817 2304 quan-

2239 2332 2351 2379 tum
2393 2325 2497 2381 frui
2525 2325 2683 2381 homo
2721 2333 2950 2397 poterat.
2985 2325 3385 2379 lmmortalitate
3425 2334 3683 2394 prreterea
3723 2324 3816 2378 do-

2238 2414 2471 2469 nandum
2502 2416 2767 2485 promisit,
2795 2430 3109 2486 summaque
3131 2415 3373 2485 implevit
3397 2415 3676 2485 sapientia,
3715 2417 3818 2484 sri-

2237 2505 2482 2562 ritualem
2510 2507 2584 2562 illi
2600 2508 2823 2578 gratiam
2849 2508 3128 2576 adjiciens,
3150 2507 3285 2563 adeo
3305 2516 3364 2562 ut
3384 2508 3634 2561 nonnulla
3662 2509 3815 2563 etiam

2237 2596 2571 2666 praediceret.
2613 2597 2843 2669 llaacque
2871 2598 2946 2651 illi
2990 2598 3166 2651 omnia
3198 2596 3414 2668 largitus
3442 2607 3543 2664 est,
3589 2614 3712 2654 cum
3739 2609 3816 2653 ta-

2236 2702 2359 2741 men
2386 2687 2453 2742 ab
2489 2702 2554 2743 eo
2581 2688 2723 2742 nulla
2762 2697 2887 2745 ante
2922 2697 3068 2745 recte
3106 2688 3243 2743 facta
3282 2690 3658 2744 manavissent.
3684 2690 3817 2756 Quid

2236 2776 2397 2846 igitur
2440 2777 2529 2832 ille
2554 2777 2572 2810 ¹
2602 2787 2725 2849 post
2770 2786 2914 2833 tanta
2962 2787 3177 2850 tamque
3210 2779 3497 2851 singularia
3522 2779 3817 2835 beneficia?

2235 2865 2484 2922 Beneﬁco
2507 2881 2604 2923 suo
2631 2869 2733 2924 ﬁde
2761 2869 3059 2940 digniorem
3093 2870 3367 2926 inimicum
3396 2871 3686 2926 arbitratus
3712 2884 3813 2939 est,

2234 2965 2521 3028 spretoque
2547 2958 2795 3013 mandato
2810 2959 3102 3015 conditoris
3129 2959 3388 3015 fallaciam
3405 2960 3543 3015 illius
3564 2961 3815 3031 praetulit,

2234 3046 2324 3115 qni
2341 3061 2400 3101 se
2416 3046 2639 3118 perdere
2658 3048 2877 3104 omnino
2892 3049 3153 3120 bonisque
3172 3049 3418 3105 omnibus
3432 3051 3626 3120 ejicere
3642 3053 3818 3122 cupie-

2233 3138 2587 3195 bat.Pr:etulit
2608 3150 2937 3208 autem,eum
2958 3150 3135 3198 tamen
3157 3142 3362 3198 nullum
3379 3158 3549 3213 neque
3569 3158 3815 3214 magnum

2234 3246 2407 3302 neque
2421 3246 2640 3302 parvum
2658 3234 2972 3291 beneﬁcium
2989 3236 3055 3291 ab
3071 3250 3137 3292 eo
3152 3243 3294 3291 esset
3310 3244 3669 3306 consequutus
3686 3237 3818 3292 sola-

2233 3324 2572 3393 queverbum
2594 3326 2712 3397 ejus
2746 3340 2875 3381 aure
2903 3325 3247 3396 percepisset.
3268 3325 3405 3381 Num
3430 3340 3559 3379 vero
3576 3325 3773 3380 delevit
3795 3329 3815 3360 ³

2244 3410 2390 3467 illum
2420 3411 2582 3477 Deus,
2612 3418 2759 3465 tanta
2784 3409 2977 3480 ingrati
3006 3408 3171 3464 animi
3196 3409 3347 3478 signa
3373 3404 3442 3462 ab
3471 3405 3625 3460 initio
3646 3404 3817 3460 statim

2242 3513 2401 3572 atque
2426 3501 2492 3557 ab
2517 3503 2664 3572 ipsis,
2697 3509 2757 3557 ut
2794 3502 2868 3556 ita
2900 3500 3147 3566 dixerim,
3193 3498 3349 3556 stadii
3377 3497 3677 3553 carceribus
3717 3510 3825 3566 pra:

2243 3608 2303 3648 se
2329 3593 2626 3648 ferentem?
2653 3593 2767 3647 Hoc
2795 3593 2937 3648 enim
2964 3591 3184 3661 justitiae
3225 3590 3364 3645 ratio
3404 3588 3723 3660 postulabat,
3769 3596 3824 3640 ut

2243 3683 2312 3750 is,
2340 3682 2433 3753 qui
2465 3683 2761 3739 innumeris
2798 3691 2954 3738 antea
2976 3682 3197 3738 affectus
3223 3679 3494 3736 beneﬁciis
3522 3679 3591 3733 ab
3638 3677 3824 3732 inobe—

2236 3773 2443 3829 ‘dientia
2465 3775 2644 3829 statim
2667 3782 2828 3845 atque
2857 3772 3241 3843 ingratitudine
3261 3771 3383 3826 vita:
3405 3770 3550 3825 initia
3574 3771 3824 3839 cepisset,

2244 3867 2516 3922 deleretur
2542 3874 2703 3937 atque
2727 3865 2794 3921 de
2820 3865 3000 3921 medio
3038 3864 3360 3920 auferretur.
3389 3862 3530 3918 Deus
3558 3876 3685 3917 vero
3723 3876 3829 3914 non

2242 3956 2421 4012 minus
2441 3971 2597 4026 quam
2619 3963 2775 4010 antea
2796 3955 2932 4010 bene
2958 3955 3032 4009 illi
3060 3955 3234 4009 facere
3258 3952 3508 4023 perstitit,
3532 3948 3823 4005 ostendens

2244 4061 2343 4118 per
2390 4046 2512 4114 hoc,
2554 4045 2697 4117 quod
2726 4062 2825 4102 nos
2862 4046 2964 4102 etsi
3012 4046 3206 4100 millies
3245 4057 3530 4115 peccemus
3574 4042 3829 4110 illumque

2244 4152 2575 4206 aversemur,
2604 4137 2718 4207 ipse
2740 4147 2916 4193 tamen
2937 4136 3095 4193 saluti
3121 4143 3315 4191 nostra:
3340 4133 3651 4204 pr05picere
3679 4148 3828 4187 nunt.

2242 4245 2405 4301 quam
2426 4230 2655 4297 desistit,
2699 4239 2757 4286 ut
2783 4231 2830 4286 si
2869 4229 3086 4301 quidem
3116 4229 3363 4285 conversi
3390 4226 3667 4291 fuerimus,
3714 4240 3832 4279 ser-

2245 4339 2467 4379 vemur:
2496 4322 2580 4379 sin
2619 4331 2797 4379 autem
2846 4323 2899 4378 in
2946 4321 3091 4377 vitiis
3130 4319 3670 4391 perseveraverimus,
3716 4316 3831 4386 ipse

2244 4424 2428 4471 tamen
2455 4413 2600 4485 quod
2625 4428 2779 4470 suum
2805 4420 2923 4470 erat
2958 4412 3151 4468 fecisse
3177 4411 3505 4466 advertatur.
3545 4408 3728 4478 Itaque
3752 4408 3830 4460 vi-

2247 4506 2443 4561 dentur
2467 4505 2681 4576 quidem
2703 4504 2897 4575 ejectio
2917 4504 3005 4558 illa
3034 4517 3067 4558 e
3092 4501 3362 4573 paradiso,
3394 4500 3628 4571 lignique
3657 4498 3831 4562 vitalis

2248 4597 2514 4664 inhibitio,
2536 4597 2831 4667 mortisque
2855 4595 3151 4660 mulctatio,
3196 4592 3485 4649 cruciantis
3514 4606 3634 4647 esse
3674 4600 3831 4660 atque

2249 4688 2565 4759 punientis:
2612 4694 2737 4742 sunt
2777 4694 2957 4742 autem
3008 4684 3397 4757 providentiam
3442 4682 3677 4753 gerentis
3725 4695 3828 4734 non

2248 4781 2426 4835 minus
2446 4793 2604 4850 quam
2628 4779 2829 4849 priora.
2857 4777 2974 4833 Etsi
3004 4777 3147 4833 enim
3171 4775 3414 4831 mirabile
3442 4774 3496 4829 id
3534 4771 3675 4842 quod
3696 4771 3829 4826 diei-

2247 4886 2370 4927 mus
2394 4872 2629 4937 videtur,
2654 4871 2993 4927 verissimum
3029 4877 3115 4926 est
3137 4876 3316 4924 tamen
3350 4885 3366 4923 :
3395 4881 3460 4922 ea
3494 4865 3688 4936 quippe
3714 4876 3830 4934 ane

2252 4963 2469 5027 ﬁebant,
2497 4977 2619 5019 cum
2647 4963 2915 5019 contraria
2961 4961 3292 5025 viderentur,
3338 4973 3446 5013 uno
3486 4966 3661 5011 tamen
3700 4969 3830 5009 con—

2248 5057 2507 5127 cordique
2549 5056 2655 5111 ﬁne
2698 5056 2799 5111 sibi
2844 5054 3078 5110 invicem
3120 5052 3547 5108 eonSentiebant.
3587 5045 3829 5116 Exempli

2248 5163 2409 5205 causa
2451 5164 2464 5202 :
2494 5148 2638 5219 quod
2676 5147 2824 5202 illum
2859 5146 3085 5202 exclusit
3113 5159 3145 5199 a
3175 5143 3440 5214 paradiso,
3471 5139 3611 5210 quod
3647 5146 3826 5193 contra

2251 5241 2557 5313 paradisum
2602 5240 2902 5307 collocavit,
2953 5246 3007 5293 et
3054 5237 3225 5292 vetuit
3267 5234 3466 5305 lignum
3499 5233 3643 5296 vitm,
3693 5225 3826 5298 quod

2254 5334 2538 5388 mortalem
2578 5331 2723 5397 fecit,
2764 5329 2907 5400 quod
2950 5329 3165 5383 interim
3195 5340 3256 5381 ea
3299 5324 3563 5381 sententia
3591 5329 3827 5388 superior

2252 5426 2400 5481 visus
2428 5434 2509 5480 est
2536 5440 2551 5478 :
2590 5424 2727 5491 htcc,
2758 5422 2995 5492 inquam,
3028 5420 3228 5486 omnia,
3260 5430 3467 5472 necnon
3509 5427 3627 5484 quae
3652 5425 3720 5464 ex
3748 5406 3825 5460 his

2254 5524 2673 5587 consequuntur,
2698 5530 2797 5585 pro
2847 5514 2964 5582 ejus
2990 5512 3161 5566 salute
3205 5520 3259 5566 et
3287 5509 3489 5565 honore
3518 5513 3662 5577 gesta
3690 5506 3819 5557 sunt.

2321 5656 2333 5685 ¹
2373 5660 2420 5699 1η
2448 5650 2610 5706 Morel.
2640 5650 2799 5704 deest,
2824 5646 2919 5701 illc.

2322 5717 2341 5747 ³
2374 5713 2510 5763 savii.
2539 5713 2683 5774 addit,
2708 5710 2785 5762 dic
2811 5708 2944 5761 mihi.
