4032 6424
188 329 294 389 £27

182 446 386 509 δεινὸν,
428 443 554 499 οὐτε
604 442 715 498 τῶν
749 440 922 513 ήδέων
976 439 1074 512 ἡδύ
1091 457 1104 470 ο
1140 438 1279 493 ἀλλά
1323 438 1524 512 πολλὴν
1561 436 1658 492 καὶ
1700 434 1869 490 πάλαι

184 537 304 591 τῶν
331 537 391 589 ἐν
412 534 492 606 τῷ
520 533 619 604 βίῳ
656 532 997 604 ματαιότητα
1031 529 1398 601 κατεγνωκὼς
1416 569 1431 594 ,
1479 526 1659 598 πολλῷ
1708 524 1872 580 πλέον

183 625 354 678 τοῦτο
383 622 585 678 ἔπαθον
614 621 768 686 τότε,
823 621 918 676 καὶ
961 619 1163 691 μείζων
1197 636 1264 691 με
1296 618 1459 683 πόθος
1495 628 1517 649 ⁸
1549 616 1724 688 εἰσῄει
1772 614 1872 683 τῆς

187 711 482 774 εὐλαϐείας
506 711 606 781 τῆς
639 709 761 780 σῆς.
804 708 1045 780 Τοιαύτη
1082 708 1244 780 γάρή
1278 707 1439 779 φύσις
1471 706 1581 761 τῶν
1608 703 1868 774 ἀνιαρῶν

192 803 490 856 ἐπιτείνειν
536 801 696 856 εἴωθε
726 800 825 868 τάς
872 800 1055 872 φιλίας
1101 800 1209 865 ἀεὶ,
1244 800 1339 856 καὶ
1371 798 1529 869 δῆλον
1560 798 1623 851 ἐκ
1657 794 1751 848 τοῦ
1778 792 1873 847 καὶ

192 890 294 953 τὰς
328 889 531 962 ἔχθρας
572 889 834 944 δύνασθαι
877 889 1117 945 διαλύειν
1156 887 1415 952 εὐκόλως.
1449 886 1585 943 Οὐδὲ
1611 883 1721 957 γάρ
1754 880 1874 936 ἐστί

191 995 278 1043 τις
316 978 492 1044 οὑτως
524 979 707 1045 ἄθλιος
742 980 866 1035 οὐδέ
917 979 1145 1051 ἠλίθιος,
1194 978 1253 1043 δς
1289 977 1434 1049 ὀρῶν
1469 974 1741 1045 ἀλγοῦντα
1782 972 1873 1026 τὸν

191 1067 392 1138 ἐχθρὸν
410 1109 424 1132 ,
458 1070 749 1140 δυνήσεται
779 1067 1010 1139 φυλάξαι
1033 1068 1134 1139 τὴν
1159 1066 1457 1140 ἀπέχθειαν
1482 1066 1583 1136 τὴν
1606 1063 1746 1135 πρὸς
1779 1061 1877 1116 αὑ-

191 1159 309 1212 τόν.
353 1157 417 1211 El
452 1156 510 1209 δὲ
554 1155 786 1228 ἐχθροὺς
840 1156 1102 1227 ἐλεοῦμεν
1152 1156 1248 1211 καὶ
1293 1155 1483 1223 φίλους
1532 1150 1872 1222 ποιούμεθα,

191 1244 326 1297 ὅταν
354 1261 408 1297 τι
438 1242 548 1297 τῶν
594 1243 907 1316 ἀϐουλήτων
939 1244 1331 1316 ὑπομείναντες
1360 1243 1584 1314 ἴδωμεν,
1620 1241 1875 1312 ἐννόησον

190 1332 246 1386 τί
282 1331 515 1403 πάσχειν
543 1332 691 1397 είκὸς
716 1328 785 1403 ῆν
815 1335 903 1404 μὲ,
936 1333 1030 1387 τὸν
1056 1333 1309 1389 ἀπάντων
1341 1349 1432 1402 μοι
1458 1330 1713 1400 φίλτατον
1733 1370 1749 1394 ,
1780 1329 1876 1384 καὶ

191 1420 254 1474 δν
282 1420 398 1474 τσον
441 1419 561 1489 ἄγω
584 1420 685 1490 τῆς
733 1420 974 1491 ἐμαυτοῦ
1022 1420 1288 1491 κεφαλῆς,
1315 1421 1375 1477 ἐν
1398 1422 1511 1484 τοῖς
1555 1417 1877 1490 ἀνηκέστοις

190 1508 411 1579 ὁρῶντα
460 1508 601 1562 κατά
645 1509 740 1562 τὸν
771 1510 871 1581 τῆς
912 1508 1152 1580 ἀθυμίας
1179 1509 1357 1578 λόγον.
1393 1508 1548 1578 Μηδὲ
1581 1508 1611 1548 δ
1643 1506 1874 1578 νομίσῃς

190 1598 347 1668 ἡμᾶς
372 1596 480 1664 ἔξω
501 1597 602 1667 τῆς
627 1596 860 1667 θλίψεως
900 1598 1121 1652 ἑστάναι
1166 1598 1269 1667 τῆς
1294 1598 1414 1668 σῆς.
1445 1596 1579 1669 μηδὲ
1599 1594 1689 1649 διά
1716 1593 1876 1649 τοῦτο

190 1689 296 1755 τὴν
329 1685 679 1757 παράκλησιν
722 1685 1071 1757 ὑποπτεύσῃς
1098 1685 1198 1757 τὴν
1224 1687 1386 1758 ἐμήν.
1420 1684 1486 1742 Et
1513 1683 1620 1755 γὰρ
1645 1684 1739 1739 καὶ
1778 1679 1874 1736 τοῦ

192 1776 613 1848 σπαράττεσθαι
670 1776 767 1831 καὶ
799 1777 1233 1832 καταϐάλλεσθαι
1275 1780 1429 1849 παρά
1481 1776 1576 1833 τοῦ
1634 1771 1874 1846 πονηροῦ

190 1866 452 1937 δαίμονος
480 1864 569 1920 διὰ
594 1865 694 1936 τὴν
725 1864 821 1920 τοῦ
840 1864 980 1919 Θεοῦ
1004 1866 1167 1936 χάριν
1184 1863 1566 1936 ἀπήλλαγμαι,
1615 1862 1715 1932 τῆς
1742 1860 1877 1929 γοῦν

190 1952 434 2025 ἀθυμίας
456 1953 554 2024 τῆς
574 1951 664 2009 διὰ
698 1952 874 2008 ταῦτα
901 1954 998 2007 καὶ¹
1027 1953 1128 2024 τῆς
1152 1952 1349 2025 ὀδύνης
1374 1953 1435 2005 τὸ
1464 1953 1578 2007 ἴσον
1613 1967 1697 2005 σοι
1724 1950 1877 2020 φέρω

195 2041 387 2112 μέρος,
420 2042 516 2099 καὶ
536 2036 712 2105 οὐδέὶς
738 2041 807 2095 ἂν
836 2041 1158 2113 ἀπιστήσειέ
1188 2059 1279 2113 μοι
1310 2038 1421 2096 τῶν
1454 2038 1673 2096 εἰδότων
1701 2036 1876 2107 φιλεῖν

191 2129 271 2193 ὡς
286 2128 396 2201 χρὴ
429 2128 624 2199 φιλεῖν.
653 2129 792 2201 Φέρε
823 2124 919 2183 οὑν
937 2128 1396 2201 ἀποτιναξὼμεθα
1407 2126 1510 2200 τὴν
1529 2127 1679 2181 κόνιν
1698 2142 1713 2157 ο
1735 2124 1879 2183 οὑτω

192 2216 305 2289 γάρ
320 2216 474 2273 ἔσται
497 2218 713 2289 φορητὴ
728 2218 823 2271 καὶ
836 2217 1015 2290 κούφη
1036 2219 1138 2289 τῆς
1159 2218 1401 2289 ἀθυμίας
1415 2215 1622 2288 ταύτης
1635 2217 1669 2285 ή
1688 2213 1875 2285 φύσις.

196 2305 364 2375 μόνον
394 2304 463 2375 ἢν
501 2304 578 2376 μή
638 2304 959 2378 θελήσωμεν
986 2316 1009 2347 ο
1043 2304 1228 2371 ἁπλῶς
1266 2305 1515 2369 ἐκδόντες
1545 2304 1774 2368 ιαυτούς
1798 2302 1879 2374 τῷ

194 2388 367 2443 πάθει
397 2387 664 2462 σύρεσθαι
692 2389 838 2444 κατά
874 2390 1161 2463 κρημνῶν,
1194 2389 1333 2447 ἀλλά
1363 2389 1459 2447 καὶ
1488 2386 1762 2457 ἀνανῆψαι
1782 2387 1878 2441 καὶ

193 2477 517 2545 λογίσασθαί
558 2495 612 2531 τι
641 2476 753 2532 τῶν
798 2477 1029 2533 δεόντων
1071 2477 1485 2547 σπουδάσωμεν.
1530 2475 1710 2532 Πολλά
1767 2473 1879 2546 γὰρ

191 2559 308 2614 τῶν
339 2560 644 2616 δοκούντων
685 2560 825 2618 εἶναι
868 2561 1058 2619 δεινῶν
1095 2561 1310 2634 μεγάλα
1340 2561 1440 2633 μὲν
1489 2560 1739 2631 φαίνεται
1783 2559 1880 2614 καὶ

192 2649 449 2721 ἀφόρητα
481 2650 612 2721 πρὶν
639 2649 996 2721 ἐξετασθῆναι
1025 2650 1208 2715 καλῶς
1228 2666 1243 2680 ·
1273 2651 1324 2704 εἰ
1373 2650 1434 2705 δέ
1482 2667 1570 2715 τις
1619 2649 1762 2705 αὐτά
1799 2646 1882 2719 τῷ

193 2735 448 2807 λογισμῷ
467 2736 849 2809 διασκέψηται,
874 2738 1100 2809 εὑρήσει
1123 2734 1305 2809 πολλῷ
1327 2737 1429 2809 τῆς
1473 2738 1732 2802 ὑπονοίας
1774 2755 1879 2792 κα-

190 2822 560 2897 ταδεέστεραο
612 2824 753 2896 ὅπερ
796 2825 889 2878 καὶ
929 2824 1027 2879 νῦν
1066 2824 1275 2889 ἐλπίζω
1310 2825 1659 2897 γενήσεσθαι.
1720 2821 1882 2878 Ἀλλά

193 2910 561 2981 διανάστησον
590 2912 808 2979 σαυτὸν,
844 2913 939 2968 καὶ
967 2913 1045 2985 μὴ
1080 2916 1145 2986 τῇ
1179 2914 1388 2986 ματαία
1416 2914 1515 2971 καὶ
1553 2913 1736 2984 ἀλόγῳ
1770 2912 1881 2968 τῶν

199 2998 415 3052 πολλῶν
450 3000 717 3070 ἑπόμενος
748 3001 897 3073 δόξῃ,
930 3002 1288 3075 σφοδρότερον
1312 3002 1529 3076 ἐργάσῃ
1552 3001 1675 3057 καθ’
1721 2997 1881 3073 ἡμῶν

191 3086 290 3141 τὸν
319 3086 533 3160 ἐχθρόν.
553 3089 617 3143 Et
645 3090 745 3160 μὲν
758 3088 855 3145 οὖν
872 3090 1010 3161 πρός
1036 3090 1159 3146 τινά
1182 3108 1273 3162 μοι
1296 3090 1407 3144 τῶν
1420 3089 1668 3147 ἀπίστων
1682 3088 1883 3159 ὁλόγος

192 3170 290 3245 ῆν,
325 3175 359 3245 ἢ
403 3174 511 3230 τῶν
542 3176 866 3248 αὐτομάτως
897 3178 1115 3233 ἀπάντα
1151 3177 1416 3251 φέρεσθαι
1439 3177 1802 3249 νομιζόντων,
1847 3176 1883 3249 ἢ

193 3261 306 3315 τῶν
344 3266 602 3335 πονηροῖς
642 3264 941 3335 δαιμονίοις
975 3265 1070 3320 τοῦ
1108 3266 1319 3339 κόσμου
1342 3266 1440 3337 τὴν
1469 3266 1727 3338 πρόνοιαν
1750 3267 1887 3321 ἀνα-

194 3351 483 3416 τιθέντων,
506 3353 710 3425 πολλῆς
730 3354 796 3408 ἄν
827 3372 918 3427 μοι
936 3356 1325 3429 πραγματείας
1340 3356 1583 3427 ἐδέησεν,
1605 3356 1694 3410 ἵνα
1732 3356 1888 3429 πρῶ-

193 3454 292 3489 τον
320 3439 421 3511 τὴν
436 3439 863 3514 πεπλανημένην
882 3442 1039 3509 δόξαν
1067 3443 1335 3508 ἐκϐαλὼν,
1349 3445 1447 3501 καὶ
1475 3446 1668 3510 πείσας
1687 3445 1885 3500 ειδέναι

192 3527 299 3597 τὴν
315 3527 490 3599 ἀληθῆ
516 3527 610 3583 τοῦ
630 3531 828 3594 παντὸς
848 3531 1128 3607 πρόνοιαν,
1151 3532 1328 3598 οὑτως
1344 3534 1439 3587 επὶ
1457 3533 1520 3588 τὸ
1544 3532 1886 3605 παρακαλεῖν

198 3614 392 3684 τρέψω
422 3615 513 3669 τὸν
545 3615 734 3686 λόγονο
772 3619 959 3690 ἐπειδὴ
993 3621 1051 3677 δὲ
1092 3623 1161 3693 τῇ
1203 3620 1302 3678 τοῦ
1351 3621 1490 3677 Θεοῦ
1548 3621 1735 3693 χάριτι
1775 3622 1886 3677 ἀπὸ

198 3701 441 3772 βρέφους
484 3703 554 3777 τά
606 3704 727 3776 ίερά
777 3708 1086 3779 γράμματα
1130 3705 1313 3776 οἶδας,
1354 3711 1451 3766 καὶ
1478 3711 1550 3767 τά
1575 3710 1755 3782 ἀληθῆ
1789 3713 1888 3767 καὶ

200 3791 457 3862 σωτήρια
487 3791 734 3862 δόγματα
778 3794 1159 3869 διαδεξάμενος
1180 3802 1248 3855 ἐκ
1292 3801 1575 3873 προγόνων
1605 3801 1887 3869 πιστεύεις

198 3877 452 3948 ἀκριϐῶς
502 3880 583 3935 ὅτι
630 3882 784 3954 μέλει
813 3886 942 3957 περὶ
975 3887 1193 3945 πάντων
1223 3887 1302 3960 τῷ
1334 3889 1485 3962 Θεῷ,
1521 3892 1617 3946 καὶ
1648 3892 1888 3964 μάλιστα

197 3965 313 4043 τῶν
345 3969 710 4026 πιστευόντων
728 3972 900 4045 αὐτῷ,
928 3974 1090 4031 τοῦτο
1129 3977 1360 4046 ἀφέντες
1389 3979 1452 4035 τὸ
1482 3979 1670 4051 μέρος,
1689 3980 1888 4054 ἐτέρω-

201 4053 296 4107 θεν
326 4057 690 4130 ποιησώμεθα
740 4061 842 4133 τὴν
893 4065 1091 4138 ἀρχήν.
1154 4067 1373 4140 Ἐπειδὴ
1414 4053 1887 4141 τούςάἀγγέλους

200 4143 461 4216 ἐποίησεν
480 4147 508 4199 ὁ
522 4146 673 4211 Θεός·
706 4150 906 4219 μᾶλλον
919 4152 976 4206 δέ
1002 4154 1260 4227 ἀνωτέρω
1272 4156 1365 4211 τὸν
1387 4156 1543 4225 λόγον
1565 4157 1884 4228 ἀγάγωμενσ

202 4230 338 4301 πρὶν
364 4233 493 4295 τοὺς
524 4234 792 4303 ἀγγέλους
832 4239 1110 4307 γενέσθαι,
1148 4242 1245 4297 καὶ
1288 4241 1388 4306 τάς
1416 4243 1584 4306 ἄλλας
1627 4242 1888 4315 δυνάμεις

200 4320 304 4402 τάς
334 4319 394 4372 ἐν
420 4322 533 4386 τοῖς
570 4323 821 4396 οὐρανοῖς
843 4366 858 4389 ,
900 4321 971 4397 ἦν
1008 4329 1038 4381 ό
1084 4327 1239 4395 Θεὸς,
1287 4330 1465 4402 ἀρχὴν
1488 4330 1749 4387 οὐδέποτε
1787 4330 1885 4386 τοῦ

201 4401 349 4461 εἶναι
401 4406 599 4465 λαϐών.
642 4412 921 4486 Ἀνενδεὴς
977 4414 1035 4470 δέ
1094 4414 1170 4471 ὣν
1231 4418 1340 4483 ἀεὶ,
1364 4401 1628 4489 (τοιοῦτον
1673 4419 1787 4491 γὰρ
1824 4420 1888 4476 τὸ

203 4494 418 4567 Θεῖον,)
443 4497 699 4569 ἐποίησεν
723 4500 1013 4571 ἀγγέλους,
1041 4504 1442 4577 ἀρχαγγέλους,
1472 4506 1566 4563 καλ
1592 4506 1691 4572 τὰς
1718 4507 1888 4573 ἄλλας

200 4582 314 4636 τῶν
337 4583 645 4655 ἀσωμάτων
676 4587 884 4655 οὐσίας,
916 4590 1146 4663 ἐποίησε
1167 4592 1224 4648 δὲ
1255 4592 1321 4648 δι’
1342 4593 1528 4666 ἕτερον
1565 4595 1664 4666 μὲν
1696 4594 1849 4650 οὐδὲν
1868 4634 1885 4661 ,

201 4669 271 4722 δι’
318 4671 634 4744 ἀγαθότητα
670 4674 728 4728 δὲ
777 4676 966 4750 μόνην.
996 4673 1101 4734 Ὧν
1132 4681 1242 4753 γάρ
1289 4685 1388 4753 τῆς
1442 4682 1740 4755 θεραπείας
1786 4683 1889 4739 οὐκ

204 4758 429 4830 ἔχρῃζε,
472 4760 681 4816 τούτων
703 4763 813 4819 οὐδ’
848 4764 916 4821 ἂν
941 4766 1276 4839 δημιουργὸς
1304 4770 1542 4840 ἐγένετο,
1572 4773 1622 4826 εἰ
1652 4774 1731 4843 μὴ
1758 4771 1897 4841 σφό-

120 4886 129 4891 .
203 4847 311 4919 δρα
332 4843 400 4919 ῆν
423 4849 631 4917 ἀγαθός
652 4863 698 4906 ε.
715 4852 872 4909 Μετά
890 4853 948 4907 δὲ
974 4854 1071 4925 τὴν
1099 4856 1307 4912 τούτων
1340 4859 1709 4933 δημιουργίαν
1746 4861 1892 4916 ποιεῖ

204 4935 303 4988 καὶ
316 4935 407 4987 τὸν
422 4935 706 5009 ἄνθρωπον
719 4939 807 4993 διά
819 4940 916 5012 τὴν
933 4942 1104 5012 αὐτὴν
1117 4947 1325 5015 ταύτην
1338 4946 1489 5018 [1581
1508 4947 1670 5002 πάλιν
1684 4950 1773 5001 alt
1782 4948 1889 5016 ίαν,

204 5022 305 5076 καὶ
344 5022 436 5077 τὸν
468 5026 672 5094 κόσμον
714 5028 931 5083 ᾶπαντα
962 5028 1173 5086 τοῦτον.
1217 5034 1329 5087 Καὶ
1364 5035 1574 5106 μυρίων
1601 5034 1765 5089 αὐτὸν
1790 5037 1892 5106 ἐμ-

205 5111 427 5181 πλήσας
481 5113 706 5179 ἀγαθῶν
756 5116 849 5169 τὸν
903 5118 1101 5189 μικρὸν
1157 5120 1366 5175 ἐκεῖνον
1416 5122 1509 5175 καὶ
1546 5122 1738 5196 εὐτελῆ
1777 5125 1892 5188 τοῖς

202 5198 483 5265 τοσούτοις
519 5201 703 5275 ἔργοις
731 5204 1024 5278 ἐπέστησε,
1078 5207 1238 5263 τοῦτο
1279 5208 1443 5264 αὑτὸν
1483 5210 1772 5281 ἀποφήνας
1796 5211 1893 5264 ἐπὶ

201 5287 306 5358 τῆς
330 5288 467 5360 γῆς,
496 5291 635 5367 ὅπερ
668 5294 819 5351 ἐστὶν
863 5295 1026 5360 αὐτὸς
1077 5296 1134 5351 ὲν
1167 5298 1283 5363 τοῖς
1320 5298 1593 5371 οὐρανοῖς.
1630 5299 1705 5355 Τὸ
1755 5299 1889 5372 γάρ,

272 5486 298 5561 ξ
414 5487 558 5561 (20le
575 5489 799 5561 cLSavij.
829 5491 1088 5561 Alﬁum].
1105 5495 1260 5559 μεῖζόν
1284 5514 1342 5560 με
1362 5499 1524 5561 πάθος,
1545 5504 1710 5553 minus
1730 5509 1886 5557 recte.

272 5545 399 5615 [’Sjc
429 5550 578 5615 Saij
608 5550 772 5600 Mnmf.
803 5558 866 5615 μὴ
892 5558 967 5615 δή.

274 5611 320 5694 cn
341 5607 493 5659 Savil.
519 5610 566 5659 iu
591 5626 743 5675 mug.
771 5607 835 5675 μὴ
857 5607 1283 5685 ’συγχωρήσωμεη
1325 5625 1378 5669 (δι
1418 5636 1527 5672 mox
1560 5627 1627 5689 τῷ
1652 5628 1784 5677 πάθει
1807 5626 1898 5694 ἰρέ-

235 5672 389 5719 εσθαι.

235 5688 389 5719 εσνιαι.

202 5688 233 5735 ρ
268 5730 297 5817 ἑ
325 5731 495 5817 ἔοι-πὶ.
524 5734 687 5817 bra-'6‘»:
707 5738 923 5813 vagam);
965 5740 1309 5817 ςτινὶικέπειδὴ
1332 5744 1477 5817 {ra-3:3

272 5796 297 5823 ⁸
323 5792 475 5843 Savil.
505 5804 556 5845 οι
574 5792 935 5861 (ἷοιὺξέγίνετο,
958 5805 1019 5864 νὴ
1043 5804 1221 5867 σφόδρα
1250 5792 1314 5853 ὧν
1336 5792 1520 5868 Str/06;.

1118 321 1213 376 AD
1249 316 1633 376 STAGIRIUM
1669 316 1715 371 Α
1752 313 2060 374 ΒᾸΞΜΟΝΕ
2100 314 2461 374 VEXATUM.
2503 317 2633 375 LIB.
2674 319 2717 374 ῐ.

3543 319 3652 377 ns
3672 390 3691 403 ,-

1976 431 2332 503 Ποιήσωμεν
2346 434 2665 505 ἄνθρωπον
2682 436 2811 491 κατ⁸
2827 435 3033 491 εἰκόνα
3065 434 3361 505 ἡμετέραν
3389 435 3489 491 καὶ
3519 437 3652 494 καθ’

1974 520 2281 589 ὁμοίωσιν,
2299 521 2452 575 οὐδὲν
2489 521 2675 593 ἕτερόν
2695 523 2844 577 ἐστιν
2868 524 2902 594 ἢ
2931 522 2994 577 τὸ
3032 523 3127 578 καὶ
3154 522 3318 577 αὐτὸν
3334 523 3433 595 τὴν
3474 525 3652 597 ἀρχὴν

1973 607 2285 679 ἀνῃρῆσθαι
2318 607 2427 662 τῶν
2456 611 2517 663 ἐν
2555 612 2623 681 τῇ
2673 613 2766 682 γῇ.
2787 611 3028 683 Ποιήσας
3054 610 3111 664 δὲ
3147 611 3312 665 αὐτὸν
3341 613 3437 665 καὶ
3469 613 3530 665 ἐν
3560 630 3650 666 το-

1975 696 2148 769 σαύτῃ
2183 699 2536 769 καταστήσας
2565 701 2725 770 τιμῇ,
2782 699 3034 771 καθάπερ
3092 699 3340 770 βασίλεια
3387 701 3602 773 βασιλεῖ
3628 703 3648 742 ί

1972 786 2036 841 τὸ
2079 784 2365 840 κάλλιστον
2390 783 2499 840 τῶν
2524 784 2618 840 ἐπὶ
2648 786 2752 858 γῆς
2777 786 3016 852 ἀπέταξε
3036 787 3128 843 τὸν
3167 789 3518 861 παράδεισον.
3544 793 3654 848 Kal

1974 875 2114 946 πρὸς
2135 875 2347 939 τούτοις
2382 875 2707 947 βουλόμενος
2731 876 2878 948 αὐτῷ
2903 878 3076 945 δεῖξαι
3106 881 3202 934 καὶ
3238 881 3506 954 ἑτέρωθεν
3526 884 3554 940 εἰ
3563 902 3654 939 σον

1974 959 2083 1015 τῶν
2114 959 2320 1015 λοιπῶν
2362 960 2673 1032 ἀναϐέϐηκε
2693 960 2848 1027 ζώων
2869 962 3038 1032 ε,ἀγει
3067 964 3204 1035 πρὸς
3228 966 3391 1020 αὐτὸν
3411 966 3652 1033 ἅπαντα,

1975 1043 2071 1101 καὶ
2116 1044 2360 1115 ὀνόματα
2392 1044 2662 1100 ἐπιθεῖναι
2715 1045 2931 1101 κελεύει
2959 1047 3125 1103 πᾶσιν
3147 1049 3351 1115 αὐτοῖς.
3370 1052 3483 1106 Kal
3502 1051 3653 1125 ὅμως

1974 1129 2128 1184 οὐδὲν
2143 1129 2205 1195 ἐξ
2220 1130 2399 1184 αὐτῶν
2444 1131 2663 1187 δίδωσιν
2706 1131 2858 1204 αὐτῷ
2900 1132 3038 1207 πρὸς
3096 1133 3352 1206 βοήθειαν
3376 1153 3390 1167 ·
3418 1138 3513 1193 καὶ
3547 1140 3654 1213 τὴν

1977 1217 2159 1272 αἰτίαν
2205 1217 2591 1292 προστίθησιν·
2637 1222 2720 1276 Οὐ
2770 1220 2881 1292 γὰρ
2926 1220 3164 1291 εὑρέθη,
3206 1223 3373 1295 φησὶ,
3418 1225 3656 1297 βοηθὸς

1977 1304 2181 1374 ὅμοιος
2235 1305 2418 1373 αὐτῷ.
2484 1306 2712 1375 Διδάξας
2762 1308 2821 1365 δὲ
2867 1308 3034 1365 αὐτὸν
3065 1309 3160 1364 καὶ
3203 1311 3293 1366 διὰ
3348 1312 3554 1368 τούτων
3594 1315 3659 1370 τὸ

1980 1393 2145 1463 μέσον
2177 1392 2448 1465 ἑκατέρας
2491 1394 2590 1467 τῆς
2619 1394 2858 1468 φύσεως,
2889 1397 2984 1453 καὶ
3006 1398 3091 1452 ὅτι
3118 1398 3337 1454 πάντων
3376 1402 3540 1468 αὐτὸς
3575 1422 3660 1459 τι-

1980 1477 2274 1553 μιώτερος,
2306 1481 2402 1535 καὶ
2435 1480 2587 1537 οὐδὲν
2609 1483 2669 1538 ἐν
2688 1484 2929 1557 τοσούτῳ
2960 1484 3159 1559 πλήθει
3190 1487 3305 1542 ἴσον
3331 1488 3504 1562 αὐτῷ,
3536 1492 3658 1547 τότε
3688 1562 3691 1565 γ

1976 1567 2042 1639 δὴ
2066 1566 2239 1632 κτίζει
2266 1568 2362 1627 καὶ
2394 1568 2495 1643 τὴν
2527 1574 2786 1640 γυναῖκα,
2825 1573 2929 1628 κάν
2977 1574 3155 1648 τούτῳ
3184 1576 3353 1633 πάλιν
3376 1579 3544 1636 αὐτὸν
3573 1598 3659 1637 τιο·

1979 1654 2098 1724 μῶν
2124 1656 2221 1710 καὶ
2255 1656 2490 1730 φανερὸν
2520 1658 2706 1729 ποιῶν,
2730 1660 2813 1716 ὅτι
2835 1660 2904 1715 δι’
2930 1662 3097 1718 αὑτὸν
3123 1664 3338 1734 γέγονε,
3365 1666 3548 1735 καθὼς
3562 1671 3660 1725 καὶ

1976 1744 2005 1796 ό
2038 1742 2250 1810 Παῦλος
2294 1761 2493 1817 φησιν·
2546 1748 2629 1801 Οὐ
2661 1748 2770 1816 γὰρ
2792 1748 3045 1822 ἐκτίσθη
3079 1751 3237 1822 ἀνὴρ
3273 1753 3375 1809 διὰ
3406 1757 3524 1828 τὴν
3550 1777 3660 1829 τυ-

1974 1830 2173 1897 ναῖκα,
2196 1833 2357 1888 ἀλλὰ
2388 1832 2545 1905 γυνὴ
2570 1834 2669 1891 διὰ
2693 1835 2799 1891 τὸν
2826 1837 3037 1907 ἄνδρα.
3062 1841 3138 1895 Οὐ
3168 1840 3380 1907 τούτοις
3405 1844 3463 1898 δὲ
3497 1837 3661 1918 μόνον

1977 1922 2139 1976 αὑτὸν
2163 1923 2556 1995 ἀπεσέμνυνεν,
2576 1924 2713 1981 ἀλλὰ
2739 1927 2836 1982 καὶ
2858 1927 3016 1999 λόγον
3034 1929 3184 2002 αὐτῷ
3206 1930 3353 2004 μόνῳ
3375 1932 3484 1988 τῶν
3522 1936 3660 1991 πάν-

1976 2027 2086 2067 των
2117 2011 2147 2053 λ
2178 2011 2505 2085 ἐχαρίσατο,
2560 2015 2656 2069 καὶ
2697 2015 2801 2085 τῆς
2844 2016 3011 2072 αὑτοῦ
3043 2018 3302 2086 γνώσεως
3326 2021 3658 2094 κατηξίωσε,

1978 2098 2076 2154 καὶ
2100 2100 2201 2173 τῆς
2235 2100 2375 2172 πρὸς
2402 2102 2567 2157 αὑτὸν
2603 2101 2820 2175 ὁμιλίας
2840 2103 3135 2159 ἀπολαύειν
3165 2106 3388 2171 ἔδωκεν,
3414 2109 3490 2175 ὡς
3523 2112 3663 2181 ἀπο·
3714 2173 3719 2178 ,

1979 2186 2168 2243 λαύειν
2203 2189 2399 2262 ἐκείνῳ
2464 2189 2689 2246 δυνατὸν
2746 2186 2839 2264 ἦν,
2897 2193 2992 2248 καὶ
3051 2194 3353 2252 ἀθανασίαν
3408 2200 3664 2273 παρέξειν

1985 2277 2274 2349 ὑπέσχετο,
2325 2279 2421 2333 καὶ
2453 2279 2658 2352 πολλῆς
2681 2280 2783 2352 τῆς
2817 2282 3013 2351 σοφίας
3045 2283 3334 2357 ἐνέπλησε,
3377 2287 3472 2341 καὶ
3499 2306 3662 2345 πνευ-

1981 2366 2222 2438 ματικὴν
2252 2366 2421 2440 χάριν
2437 2367 2723 2441 ἐνέθηκεν,
2745 2368 2822 2432 ὡς
2842 2370 2938 2425 καὶ
2966 2372 3349 2444 προφητεῦσαι
3382 2393 3524 2432 τινα.
3550 2378 3664 2433 Kal

1978 2451 2154 2538 ταῦτα
2178 2453 2359 2509 πάντα
2386 2454 2701 2528 ἐδωρήσατο
2724 2456 2941 2523 οὐδενὸς
2971 2462 3437 2534 προῦπηργμένου
3472 2482 3665 2538 κατορ-

1980 2536 2231 2609 θώματος
2274 2539 2404 2611 παρ’
2434 2540 2624 2596 αὑτοῦ.
2672 2541 2739 2595 Τί
2786 2540 2881 2597 οὖν
2916 2546 3174 2611 ἐκεῖνοςὶ
3228 2548 3369 2619 μετά
3425 2536 3667 2607 τοσαῦτα

1980 2626 2077 2680 καὶ
2100 2625 2403 2697 τηλικαῦτα
2429 2628 2646 2698 ἀγαθάς
2686 2629 3016 2704 Πιστότερον
3057 2632 3152 2688 τοῦ
3190 2635 3367 2690 ταῦτα
3411 2638 3668 2711 δωρησα-

1984 2713 2147 2784 μένου
2178 2714 2272 2770 τὸν
2297 2715 2492 2787 ἐχθρὸν
2512 2717 2754 2788 ἐνόμισε,
2775 2719 2871 2773 καὶ
2899 2720 3000 2791 τῆς
3033 2721 3254 2794 ἐντολῆς
3269 2724 3363 2777 τοῦ
3402 2729 3667 2798 ποιήσανὲ

1981 2818 2073 2871 τος
2117 2801 2413 2874 ἀλογήσας,
2459 2804 2795 2879 προετίμησε
2840 2806 2942 2878 τὴν
2979 2809 3195 2881 ἀπάτην
3245 2811 3340 2865 τοῦ
3386 2814 3668 2880 παντελῶς

1982 2890 2147 2953 αὐτὸν
2176 2892 2437 2963 ἀφανίσαι
2456 2894 2858 2961 σπουδάσαντος
2890 2896 2987 2953 καὶ
3020 2899 3241 2953 πάντων
3267 2900 3477 2973 ἀθρόως
3502 2889 3694 2957 ἐκϐαέ

1983 2975 2095 3032 λεῖν
2126 2977 2234 3032 τῶν
2268 2978 2509 3047 ἀγαθῶν.
2572 2982 2686 3037 Kal
2721 2983 3114 3056 προετίμησεν,
3166 2985 3318 3041 οὐδὲν
3371 2988 3494 3043 οὔτε
3525 2990 3672 3061 μέγα

1982 3062 2107 3121 οὔτε
2136 3066 2334 3139 μικρὸν
2353 3067 2674 3138 εὐεργεσίας
2688 3069 2875 3125 ἕνεκεν
2895 3071 3310 3144 ἐπιδειξαμένου
3340 3078 3475 3149 πρὸς
3504 3079 3672 3133 αὐτὸν

1984 3150 2220 3238 ἐκείνου.
2253 3151 2392 3209 ἀλλά
2413 3155 2638 3226 ῥήματα
2659 3156 3130 3228 προσενέγκαντος
3161 3160 3323 3230 μόνον
3355 3163 3520 3235 αὐτῷ.
3543 3160 3687 3238 Ἃ(ιί

1984 3234 2078 3293 οῦν
2136 3239 2420 3311 ἐξήλειψεν
2476 3241 2683 3298 αὐτὸνὶ
2724 3246 2751 3297 ό
2779 3243 2935 3319 Θεὸς,
2977 3247 3247 3320 τοσαύτην
3274 3234 3675 3325 ἀγνωμοσύνην

1986 3327 2046 3394 ἐξ
2086 3327 2263 3400 ἀρχῆς
2285 3330 2380 3382 καὶ
2408 3330 2503 3384 ἀπ’
2527 3330 2723 3402 αὐτῆς,
2759 3332 2835 3396 ὡς
2864 3335 3063 3400 εἰπεῖν,
3094 3338 3364 3408 γραμμῆς
3392 3340 3674 3408 ἐπιδειξάα

1990 3431 2187 3486 μενον;
2242 3416 2416 3472 Τοῦτο
2471 3419 2569 3490 μὲν
2603 3418 2715 3491 γὰρ
2768 3420 2913 3475 κατὰ
2960 3422 3051 3477 τὸν
3104 3424 3197 3478 τοῦ
3252 3425 3463 3479 δικαίου
3514 3427 3676 3499 λόγον

1987 3502 2285 3558 ἀκόλουθον
2339 3500 2430 3578 ἦν,
2483 3506 2577 3560 τὸν
2613 3508 2785 3580 μυρία
2815 3510 2913 3581 μὲν
2949 3510 3194 3567 παθόντα
3232 3514 3395 3575 καλὰ,
3456 3517 3578 3571 ἀντὶ
3618 3519 3673 3574 δέ

1986 3591 2193 3647 τούτων
2206 3593 2317 3648 ἀπὸ
2338 3595 2627 3667 παρακοῆς
2647 3595 2743 3651 καὶ
2764 3597 3092 3669 ἀχαριστίας
3114 3600 3317 3666 εὐθέως
3328 3603 3394 3657 τὰ
3413 3606 3677 3677 προοίμια

1986 3678 2081 3733 τοῦ
2125 3679 2241 3750 βίου
2278 3684 2668 3755 πεποιημένον,
2720 3685 2987 3742 ἀπολέσαι
3016 3689 3112 3743 καὶ
3137 3690 3203 3743 ἐκ
3242 3692 3410 3761 μέσου
3466 3692 3672 3763 βαλεῖν.

1998 3767 2060 3822 '0
2116 3767 2174 3823 δὲ
2220 3769 2355 3834 Θεὸς
2406 3771 2508 3842 οὐχ
2556 3765 2722 3844 ἦττον
2769 3772 2804 3847 ἢ
2849 3774 3117 3850 πρότερον
3150 3777 3457 3851 εὐεργετῶν
3509 3782 3675 3837 αὐτὸν

1990 3853 2284 3920 διετέλεσε,
2325 3858 2541 3923 δεικνὺς
2592 3860 2696 3926 ὅτι,
2731 3860 2833 3917 κᾶν
2892 3863 3152 3935 μυριάκις
3199 3866 3538 3938 ἀμάρτωμεν
3579 3871 3675 3925 καὶ

1987 3942 2432 4017 ἀποστραφῶμεν
2469 3947 2656 4016 αὐτὸν,
2694 3947 2763 4003 τά
2816 3949 2955 4023 πρὸς
3011 3952 3287 4025 σωτηρίαν
3326 3956 3456 4025 ἡμῖν
3509 3957 3677 4022 αὐτὸς

1987 4032 2291 4103 οἰκονομῶν
2320 4034 2382 4088 οὐ
2425 4035 2688 4101 παύεται,
2744 4037 2812 4090 ἵν’
2843 4037 2910 4092 ἂν
2964 4040 3066 4112 μὲν
3096 4041 3539 4116 ἐπιστρέψωμεν,
3580 4047 3677 4100 καὶ

1990 4118 2255 4190 σωθῶμεν
2277 4136 2291 4151 ⁸
2330 4121 2398 4174 ἂν
2425 4121 2483 4175 δὲ
2514 4122 2872 4195 ἐπιμένωμεν
2902 4127 2971 4197 τῇ
3014 4126 3206 4200 κακίᾳ,
3246 4130 3308 4182 τὸ
3335 4131 3467 4200 γοῦν
3511 4133 3676 4187 αὐτὸν

1986 4206 2059 4261 τά
2093 4206 2258 4260 αὐτοῦ
2292 4207 2556 4277 πράττειν
2588 4210 2655 4263 ὲκ
2694 4209 2888 4264 τούτου
2937 4214 3301 4284 περιγίνεται.
3359 4220 3521 4271 Δοκεῖ
3573 4220 3676 4292 μὲν

1988 4289 2083 4349 οῦν
2113 4294 2173 4349 τὸ
2208 4295 2459 4350 ἐκϐαλεῖν
2488 4295 2585 4351 τοῦ
2631 4298 2992 4370 παραδείσου,
3034 4302 3133 4377 καὶ
3172 4302 3235 4357 τὸ
3277 4303 3519 4360 κωλῦσαι
3576 4289 3674 4363 τοῦ

1994 4381 2152 4447 ξύλου
2180 4383 2283 4453 τῆς
2311 4382 2481 4457 ζωῆς,
2513 4386 2611 4440 καὶ
2640 4386 2701 4441 τὸ
2730 4388 3065 4461 παραδοῦναι
3105 4390 3183 4462 τῷ
3224 4390 3460 4462 θανάτῳ,
3506 4395 3676 4451 ma-

1990 4471 2175 4537 ζοντος
2202 4467 2344 4527 εἷναι
2373 4473 2469 4528 καὶ
2498 4476 2939 4548 τιμωρουμένου·
2969 4478 3033 4532 τὸ
3054 4478 3112 4532 δέ
3135 4481 3490 4551 προνωῦντὸς
3525 4485 3676 4539 ἐστιν

1989 4560 2090 4631 οὐχ
2135 4554 2300 4631 ἦττον
2329 4559 2363 4635 ἢ
2392 4562 2488 4616 καὶ
2522 4563 2811 4637 πρότερον.
2839 4565 2907 4619 El
2931 4565 3041 4638 γάρ
3064 4568 3160 4621 καὶ
3202 4568 3504 4640 παράδοξον
3533 4567 3678 4629 εἶναι

1988 4647 2137 4703 δοκεῖ
2163 4648 2222 4704 τὸ
2247 4649 2563 4723 λεγόμενον,
2577 4651 2859 4724 ἀλλ’ὄμως
2877 4653 3079 4726 ἀληθές
3095 4673 3111 4688 ο
3134 4655 3205 4710 τά
3238 4659 3338 4729 μὲν
3373 4658 3483 4732 γάρ
3522 4661 3674 4730 γινό-

1994 4753 2132 4809 μενα
2146 4737 2365 4795 ἐναντία
2395 4738 2557 4814 [159]
2579 4740 2832 4813 ἀλλήλοις
2861 4737 2951 4813 ἦν,
2976 4743 3043 4798 τά
3086 4744 3143 4798 δὲ
3182 4746 3510 4819 ἀμφοτέρων
3540 4750 3689 4819 τέλη,

1993 4824 2259 4896 σύμφωνα
2288 4827 2381 4881 καὶ
2404 4826 2695 4883 ἀκόλουθα.
2732 4823 2861 4883 Οἷόν
2890 4848 2943 4885 τι
2986 4830 3131 4901 λέγω
3149 4850 3163 4863 ’
3199 4835 3274 4888 Τὸ
3302 4836 3620 4892 ἀποκλεῖσαι
3646 4838 3678 4882 lt

1989 4912 2084 4966 τοῦ
2130 4912 2487 4984 παραδείσου,
2517 4914 2577 4968 τὸ
2609 4916 2919 4971 κατοικίσαι
2946 4919 3223 4985 ἐναντίον,
3263 4922 3325 4975 τὸ
3363 4924 3685 4996 ἀποτρέψαι,

1991 5000 2089 5055 τοῦ
2126 5000 2283 5067 ξύλου
2316 5001 2414 5074 τῆς
2437 5001 2609 5073 ζωῆς,
2638 5004 2700 5058 τὸ
2723 5004 2988 5075 κωλῦσαι,
3015 5009 3077 5063 τὸ
3103 5010 3330 5081 ποιῆσαι
3373 5011 3588 5081 θνητὸν,
3616 5012 3677 5065 τὸ

1991 5088 2129 5152 τέως
2182 5090 2454 5160 ἀνώτερον
2513 5091 2793 5165 ἀποφῆναι
2845 5092 2947 5167 τῆς
2999 5097 3348 5165 ἀποφάσεως,
3400 5099 3577 5151 πάντα
3609 5099 3675 5170 δὴ

1993 5178 2089 5232 καὶ
2128 5177 2195 5231 τὰ
2218 5178 2278 5245 ἐξ
2309 5179 2539 5234 ἐκείνων
2575 5181 2670 5234 καὶ
2700 5182 2771 5238 τά
2816 5184 2881 5236 ἐκ
2932 5184 3139 5240 τούτων
3170 5186 3311 5257 ὑπὲρ
3339 5186 3440 5256 τῆς
3480 5186 3673 5241 τούτου

1998 5266 2280 5337 σωτηρίας
2309 5266 2640 5336 ἐγένετοκαὶ
2664 5270 2855 5343 τιμῆς.
2881 5274 2995 5329 Kal
3028 5274 3170 5347 ὑπὲρ
3207 5275 3308 5346 μὲν
3340 5272 3451 5328 τῶν
3482 5278 3686 5348 προτέ-,

2060 5382 2085 5457 ε
2110 5386 2724 5457 ςριδιειδανίιμροερᾳ
2746 5392 2946 5457 βασιλε-
2975 5392 3150 5457 Μρτθι
3436 5395 3547 5457 βασ.

2058 5448 2085 5487 ε
2116 5449 2212 5517 Sic_
2230 5451 2380 5517 S_avil_.
2408 5456 2461 5517 οἱ
2478 5442 2613 5517 Coll):
2636 5442 2873 5505 Ediderat
2895 5442 3063 5504 Monll‘.
3078 5455 3150 5517 τὰ
3172 5442 3316 5503 λοιπά
3334 5442 3455 5517 ζῶα,
3483 5442 3543 5505 οιλ
3563 5468 3685 5506 mox.

1991 5512 2137 5558 πᾶσιν
2159 5511 2317 5560 αὐτόν.
2346 5513 2537 5563 Deinde
2564 5514 2735 5565 Morel.
2761 5517 2853 5565 Kal
2873 5517 3025 5565 οὐδέν.
3056 5516 3186 5564 Eon.

2210 5573 2363 5624 Savil.
2385 5582 2545 5632 recte.
2576 5576 2751 5628 Morel.
2790 5591 2910 5627 vero
2932 5579 3158 5657 ἀλλὰκαὶ
3181 5577 3324 5639 λόγον
3354 5577 3484 5645 μόνῳ
3516 5576 3680 5641 τούτῳ

2192 5652 2275 5682 ων.
3671 5665 3680 5682 ι

2192 5652 2275 5684 ων.

2059 5694 2078 5734 ἰ
2108 5694 2166 5742 in
2193 5696 2366 5745 Morel.
2384 5696 2561 5756 ἐκεῖνος
2583 5699 2742 5749 deest.

2061 5760 2075 5822 ξ
2108 5756 2261 5822 δξινὶι.
2285 5759 2540 5821 ἐξήλειψεν,
2563 5762 2663 5809 εἶπέ
2683 5777 2781 5822 μοι,
2805 5762 2966 5813 αὐτόν.

2064 5818 2085 5854 ¹ί
2114 5818 2280 5870 Morel.
2306 5822 2361 5868 τὸ
2385 5818 2534 5870 ain-or.)
2545 5818 2844 5883 εἶσαιζϐοιὺ.
2869 5831 2922 5877 et
2946 5827 3095 5882 Savil.
3134 5828 3187 5879 τὸ
3206 5825 3470 5901 ἀποικίσαι.
