4032 6402
369 319 483 378 ηε

372 451 483 508 ρων
519 437 672 493 οὐδὲν
710 436 777 492 ἂν
805 437 1016 508 εἴποιμι
1047 444 1073 474 ι
1105 435 1307 504 (παντὶ
1345 433 1454 506 γὰρ
1487 432 1644 504 δῆλόν
1677 430 1840 502 ἐστι),
1885 430 1968 484 δεῖ
1993 429 2050 484 δέ

367 524 460 580 τὸν
495 527 636 597 ὑπὲρ
663 525 773 578 τῶν
807 525 946 596 μετὰ
993 523 1167 579 ταῦτα
1199 523 1382 577 δοῦναι
1407 522 1588 591 λόγον.

438 614 513 686 γ’.
561 617 687 680 Πῶς
723 611 816 670 οῦν
840 616 1099 688 εἰσόμεθα
1128 618 1210 670 ὅτι
1257 618 1353 670 καὶ
1387 615 1456 669 τὰ
1502 614 1729 686 δεύτερα
1763 612 1902 683 ὐπέρ
1943 611 2052 667 τῶν

368 704 564 776 ἐκείνῳ
618 705 1007 776 συμφερόντων
1049 701 1154 776 ῆν;
1207 707 1305 758 Ἂν
1351 705 1697 776 ἐννοήσωμεν
1747 706 1800 757 τί
1845 701 2052 756 τούτων

371 791 448 863 μὴ
495 792 804 863 γενομένων
850 791 1052 846 ἔπαθεν
1095 793 1179 847 ἄν.
1217 793 1284 845 Τί
1329 787 1422 846 οῦν
1457 792 1524 845 ἀν
1559 791 1797 856 ἐπαθεν;
1829 791 1916 850 Εἰ,
1955 788 2048 842 τοῦ

366 874 615 929 διαϐόλου
655 877 794 948 μετά
835 876 933 947 τὴν
977 875 1294 948 παράϐασιν
1338 876 1812 946 ἐπαγγειλαμένου
1855 871 2051 936 δείξειν

366 960 565 1025 αὐτοὺς
612 960 873 1024 ίσοθέους,
902 961 995 1014 ἐπὶ
1021 963 1123 1031 τῆς
1151 960 1324 1030 αὐτῆς
1358 961 1544 1031 ἔμεινε
1582 960 1611 1001 ι)
1644 960 1833 1031 τιμῆς,
1872 957 2050 1029 τρισὶν

367 1042 436 1097 ἂν
484 1047 782 1116 περιέπεσε
813 1049 928 1110 τοῖς
971 1046 1224 1116 ἐσχάτοις
1273 1047 1482 1109 κακοῖς.
1533 1043 1758 1116 Πρῶτον
1803 1044 1902 1115 μὲν
1937 1042 2049 1112 γὰρ

364 1132 456 1186 τὸν
501 1132 636 1186 Θεὸν
677 1133 744 1187 ἂν
779 1133 1029 1205 ἐνόμισεν
1073 1131 1214 1186 εἶναι
1251 1131 1542 1202 βάσκανον,
1591 1133 1685 1186 καὶ
1730 1129 2046 1195 ἀπατεῶνα,

365 1221 464 1274 καὶ¹
511 1220 754 1292 ψεύστην
776 1239 789 1253 ·
822 1221 1075 1293 δεύτερον
1124 1221 1184 1274 δέ
1216 1220 1310 1273 τὸν
1352 1219 1570 1291 ἀληθῶς
1607 1219 1924 1282 ἀπατεῶνα,
1953 1218 2050 1271 καὶ

363 1308 459 1363 τοῦ
492 1310 725 1380 ψεύδους
747 1311 843 1364 καὶ
873 1309 976 1381 τῆς
1009 1307 1310 1380 βασκανίας
1345 1309 1582 1380 πατέρα,
1604 1308 1699 1362 καὶ
1750 1305 2049 1378 εὐεργέτην

364 1399 461 1452 καὶ
496 1398 682 1468 φίλονο
737 1398 833 1452 καὶ
889 1399 1024 1470 πρὸς
1073 1394 1285 1460 τούτοις
1335 1397 1580 1451 ἀθάνατα
1631 1395 1698 1450 ἂν
1748 1393 2050 1449 διετέλεσεν

365 1488 698 1560 ἁμαρτάνων
719 1488 811 1542 τοῦ
838 1486 1047 1542 λοιποῦ.
1075 1484 1295 1540 Τούτων
1313 1485 1370 1539 δέ
1403 1486 1563 1540 αὐτὸν
1591 1485 1848 1539 ἁπάντων
1873 1482 2052 1554 ἀπήλ-

362 1575 545 1644 λαξεν,
595 1575 839 1630 ἐκϐαλὼν
889 1574 984 1630 τοῦ
1033 1574 1364 1647 παραδείσου
1407 1573 1550 1627 τότε.
1593 1573 1752 1628 Οὐτω
1805 1589 1908 1626 που
1953 1571 2050 1625 καὶ

365 1664 571 1735 ίατρὸς,
610 1665 767 1732 ἀφεὶς
803 1662 902 1734 μὲν
931 1661 990 1715 τὸ
1025 1661 1182 1725 ἕλκος
1228 1662 1451 1733 μείζονα
1499 1660 1597 1734 τὴν
1651 1660 1920 1731 σηπεδόνα
1942 1661 2050 1732 ἐρ-

361 1753 612 1822 γάζεται,
650 1752 935 1806 ἐκκόπτων
965 1751 1022 1804 66
1054 1750 1253 1804 κωλύει
1298 1751 1611 1823 περαιτέρω
1646 1748 1929 1820 προελθεῖν
1952 1747 2046 1801 τοῦ

358 1839 679 1915 τραύματος
721 1839 821 1910 τὴν
867 1837 1088 1892 κακίαν.
1125 1839 1193 1891 Τί
1223 1833 1352 1904 οῦν;
1401 1837 1588 1910 φησίν.
1630 1837 1746 1890 Οὐκ
1775 1835 1906 1906 ἐστη
1945 1835 2048 1906 μέ-

358 1946 452 2000 χρι
485 1928 710 1994 τούτων,
746 1927 886 1980 ἀλλὰ
917 1928 1015 1981 καὶ
1062 1925 1296 1999 ἱδρῶτας
1325 1927 1422 1981 καὶ
1455 1926 1654 1989 πόνους
1683 1923 2046 1996 προσέθηκεν,

357 2020 443 2072 ὅτι
471 2018 625 2072 οὐδὲν
661 2017 806 2071 οὕτω
838 2018 976 2089 πρὸς
1005 2017 1190 2072 ἄνεσιν
1218 2016 1494 2087 ἄχρηστον
1524 2015 1600 2078 ὠς
1627 2017 1660 2084 ή
1703 2012 1812 2068 τῶν
1837 2011 2050 2083 ἀνθρώ-

359 2124 480 2160 πων
521 2106 683 2176 φύσις
727 2106 894 2160 ἐστίν.
946 2106 1010 2158 Et
1055 2105 1167 2175 γάρ
1200 2105 1296 2158 καὶ
1336 2103 1546 2157 τούτων
1575 2101 1942 2172 ἐπικειμένων
1984 2101 2046 2154 οὐ

357 2195 794 2265 διαλιμπάνομεν
842 2194 1276 2265 ἁμαρτάνοντες,
1313 2192 1365 2246 τί
1408 2193 1510 2246 οὐκ
1541 2191 1608 2246 ἂν
1642 2191 2049 2263 ἐτολμήσαμεν,

357 2287 408 2337 εί
443 2283 582 2357 πρὸς
601 2282 813 2354 τρυφὴν
830 2282 926 2336 καὶ
954 2280 1154 2354 ἀργίαν
1170 2281 1374 2351 ἀνῆκεν
1401 2282 1550 2352 ἡμᾶς
1577 2282 1604 2333 6
1630 2279 1798 2346 Θεός;
1830 2277 2052 2334 Πᾶσαν

356 2371 467 2445 γὰρ
496 2371 736 2435 κακίαν,
761 2369 950 2441 φησὶν,
970 2367 1251 2434 ἐδίδαξεν
1267 2370 1304 2438 ἠ
1323 2367 1520 2438 ἀργία.
1542 2369 1654 2422 Καὶ
1673 2370 1945 2440 μαρτυρεῖ
1969 2365 2048 2436 τῷ

355 2460 504 2531 λόγῳ
534 2458 605 2514 τὰ
638 2457 761 2513 καθ’
780 2457 995 2529 ἡμέραν
1033 2457 1320 2528 γινόμενα,
1352 2457 1448 2512 καὶ
1479 2456 1549 2510 τά
1581 2457 1677 2510 ἐπὶ
1705 2457 1815 2510 τῶν
1844 2456 2050 2528 προγό-

356 2567 464 2604 νων
483 2549 541 2602 δέ
566 2546 851 2619 συμϐάντα
879 2545 990 2600 τῶν
1014 2544 1321 2617 ἡμετέρων.
1363 2544 1644 2599 Ἐκάθισε
1667 2545 1775 2618 γάρ
1809 2548 1843 2600 ὁ
1869 2544 2042 2612 λαός,

356 2641 513 2712 φησὶ,
542 2638 756 2710 φαγεῖν
783 2637 884 2692 καὶ
912 2636 1093 2702 πιεῖν,
1125 2635 1226 2690 καί
1270 2635 1629 2703 ἀνέστησαν
1660 2633 1921 2696 παίζεινο
1951 2635 2048 2688 καὶ

356 2719 557 2784 πάλινο
601 2728 949 2794 Ἐλιπάνθη,
977 2725 1314 2794 ἐπαχύνθη,
1347 2723 1716 2791 ἐπλατύνθη,
1784 2723 1882 2777 καὶ
1933 2723 2046 2777 ἀπ-

352 2817 681 2875 ελὰκτισεν
707 2818 740 2870 ὁ
763 2814 1173 2886 ήγαπημένος.
1197 2812 1420 2883 Συνῳδά
1445 2811 1504 2864 δέ
1527 2811 1736 2875 τούτοις
1748 2812 1842 2866 καὶ
1873 2814 1901 2866 6
1937 2829 2048 2883 μα-

355 2905 550 2978 κάριος
607 2902 773 2957 Δαυῒδ
827 2901 1126 2971 φθέγγεται
1189 2899 1402 2969 λέγων’
1457 2899 1645 2954 Ὅταν
1691 2899 2051 2955 ἀπέκτεινεν

354 2991 605 3059 αὐτοὺς,
629 2993 764 3046 τότε
791 2989 1112 3057 ἐξεζήτουν
1133 2988 1342 3054 αὐτόν,
1379 2988 1477 3042 καὶ
1521 2988 1900 3059 ἐπέστρεφον
1942 2989 2043 3043 καί

354 3080 636 3152 ὠρθριζον
667 3078 820 3150 πρὸς
846 3079 955 3133 τὸν
985 3078 1152 3132 Θεόν.
1193 3078 1304 3132 Καὶ
1331 3079 1398 3149 τῇ
1438 3077 1800 3150 Ἰερουσαλὴμ,
1834 3076 1924 3132 6:6
1948 3075 2043 3131 τοῦ

363 3168 632 3244 Ἱερεμίου
669 3167 834 3238 φησὶν
866 3168 894 3220 6
925 3165 1090 3230 Θεός·
1132 3165 1235 3220 Διὰ
1266 3164 1497 3230 παντὸς
1522 3165 1894 3233 παιδεύθητι,
1937 3165 2046 3222 Ἰε-

347 3255 700 3330 ρουσαλὴμ,
747 3255 908 3321 ὅπως
961 3254 1038 3309 ἂν
1076 3252 1163 3324 μὴ
1193 3252 1443 3323 ἀποστῇ
1481 3253 1520 3322 ἠ
1571 3253 1744 3324 ψυχή
1774 3273 1895 3324 μου
1923 3253 2044 3310 ἀπὸ

353 3340 496 3397 σοῦ.
547 3342 672 3394 Ὀτι
707 3339 764 3393 δέ
799 3339 860 3392 οὐ
903 3341 1019 3402 τοῖς
1053 3337 1351 3410 μοχθηροῖς
1398 3338 1581 3408 μόνον,
1618 3338 1756 3393 ἀλλά
1801 3339 1898 3393 καὶ
1930 3340 2046 3404 τοῖς

355 3431 636 3501 χρηστοῖς,
674 3428 772 3481 καὶ
812 3424 1203 3480 ταπεινοῦσθαι
1248 3426 1344 3480 καὶ
1373 3425 1730 3496 κάμπτεσθαι
1763 3425 1903 3498 πρὸς
1941 3445 2047 3481 σω-

352 3517 546 3589 τηρίαν
594 3516 733 3579 ἐστὶ,
782 3513 946 3567 πάλιν
991 3515 1020 3566 6
1053 3507 1340 3584 προφήτης
1381 3512 1579 3584 φησιν’
1641 3514 1892 3584 Ἀγαθόν
1916 3533 2040 3584 μοι,

353 3607 558 3674 Κύριε,
585 3602 677 3657 ὅτι
709 3599 1122 3666 ἑταπείνωσάς
1145 3617 1242 3669 με,
1264 3601 1424 3666 ὅπως
1442 3599 1520 3655 ἂν
1537 3598 1706 3670 μάθω
1727 3601 1800 3655 τὰ
1810 3601 2047 3656 δικαιώ-

348 3692 510 3766 μίιτά
541 3705 678 3746 σου.
708 3691 821 3745 Καὶ
858 3687 998 3760 μετά
1029 3685 1218 3743 τοῦτον
1245 3686 1305 3741 δὲ
1331 3689 1360 3742 6
1410 3688 1684 3762 Ἱερεμίας
1712 3688 1780 3744 τὰ
1816 3690 1955 3744 αὐτὰ
1978 3690 2044 3762 δὴ

353 3780 529 3835 ταῦτα
571 3779 743 3851 ἐκϐοᾷ
781 3780 830 3832 εί
875 3779 970 3832 καὶ
1001 3779 1078 3850 μὴ
1117 3779 1331 3851 ῥήμασι
1375 3781 1490 3843 τοῖς
1521 3781 1738 3844 αὐτοῖς’
1788 3781 2044 3850 Ἀγαθὸν

351 3867 529 3936 ἀνδρί
571 3865 718 3921 ὅταν
756 3864 873 3936 ἄρῃ
916 3865 1098 3935 ζυγὸν
1136 3865 1340 3935 ,βαρὺν
1371 3867 1442 3920 ἐκ
1486 3869 1773 3934 νεότητος
1809 3869 2000 3922 αὑτοῦ
2028 3885 2040 3898 ·

353 3954 664 4010 καθίσεται
711 3953 864 4007 κατὰ
911 3952 1127 4022 μόνας,
1174 3953 1274 4006 καὶ
1321 3952 1715 4020 σιωπήσεται.
1764 3956 1874 4008 Καὶ
1913 3955 2043 4025 περὶ

355 4039 552 4097 ἐαυτοῦ
585 4040 643 4094 δέ
657 4038 751 4094 τοῦ
787 4038 923 4093 Θεοῦ
952 4038 1122 4093 δεῖται
1155 4039 1330 4110 λέγων
1352 4057 1368 4073 ο
1398 4040 1496 4110 Μὴ
1516 4039 1659 4112 γένῃ
1687 4042 2044 4112 φειδόμενός

347 4147 470 4201 μου
501 4132 590 4196 είς
630 4127 1035 4196 ἀλλοτρίωσιν
1059 4128 1129 4181 ἐν
1153 4128 1345 4197 ἡμέρᾳ
1375 4127 1630 4198 πονηρᾷ.
1675 4131 1786 4184 Καὶ
1806 4132 1834 4183 6
1861 4132 2045 4202 μακά-

357 4235 472 4294 ριος
519 4218 578 4273 66
627 4216 840 4279 Παῦλος
878 4218 908 4270 6
959 4216 1214 4276 τοσοῦτον
1261 4219 1320 4271 ἐν
1370 4219 1437 4288 τῇ
1490 4218 1673 4290 χάριτι
1707 4218 2040 4290 διαλάμψας,

352 4305 450 4359 καὶ
484 4305 585 4376 τὴν
614 4304 967 4376 ἀνθρωπίνην
1018 4304 1181 4372 φύσιν
1213 4304 1481 4376 ὑπερϐάς,
1531 4305 1683 4378 ὅμως
1730 4307 1827 4360 καὶ
1876 4307 2042 4374 αὐτὸς

353 4391 527 4446 ἐδεῖτο
553 4392 654 4462 τῆς
685 4390 957 4460 ὠφελείας
992 4389 1187 4444 τούτου
1214 4391 1310 4445 τοῦ
1345 4391 1514 4446 καλοῦ
1537 4410 1552 4426 ο
1583 4391 1666 4446 διὸ
1695 4394 1790 4448 καὶ
1823 4393 2042 4465 ἔλεγεν·

366 4479 580 4546 Ἐδόθη
605 4495 708 4547 μοι
733 4478 982 4546 σκόλοψ
1006 4477 1083 4547 τῇ
1102 4479 1280 4547 σαρκί
1305 4477 1562 4548 ἄγγελος
1589 4479 1810 4546 Σατᾶν,
1845 4483 1947 4536 ἵνα
1965 4499 2044 4553 με

354 4565 670 4637 κολαφίζῃ,
703 4566 808 4621 ἵνα
843 4565 930 4636 μὴ
973 4567 1400 4636 ὑπεραίρωμαι.
1439 4568 1620 4639 ’Υπὲρ
1655 4571 1874 4626 τούτου
1914 4574 2045 4641 τρίς

352 4656 463 4710 τὸν
485 4656 705 4724 Κύριον
745 4653 1153 4723 παρεκάλεσα,
1193 4654 1291 4708 καί
1315 4651 1447 4710 εἶπέ
1466 4673 1602 4730 μρι·
1656 4659 1858 4729 Ἀρκεῖ
1888 4659 2040 4736 [160]

352 4760 456 4800 σοι
481 4745 521 4813 ἡ
568 4741 740 4814 χάρις
768 4761 890 4812 μου
911 4759 926 4774 ·
960 4744 1000 4812 ἠ
1033 4743 1144 4813 γὰρ
1174 4743 1432 4814 δύναμίς
1472 4764 1595 4816 μου
1637 4748 1710 4802 ἐν
1755 4750 2044 4822 ἀσθενείᾳ

353 4833 706 4889 τελειοῦται.
762 4830 954 4886 Καίτοι
1003 4848 1070 4902 γε
1118 4832 1247 4904 ἐνῆν
1292 4833 1387 4888 καὶ
1423 4837 1596 4908 χωρὶς
1629 4837 1888 4911 διωγμῶν
1944 4843 2042 4896 καὶ

354 4920 590 4993 θλίψεων
621 4919 717 4974 καὶ
750 4919 929 4974 πόνων
958 4919 1054 4974 καὶ
1091 4919 1336 4992 ἱδρώτων
1374 4924 1791 4997 κατορθωθῆναι
1825 4928 1890 4982 τὸ
1937 4930 2041 5002 κή-

357 5027 566 5086 ρυγμα,
611 5009 728 5064 ἀλλ’
773 5011 924 5082 ὅμως
975 5010 1077 5064 οὐκ
1123 5009 1390 5083 ἠθέλησεν
1427 5015 1456 5066 6
1499 5014 1736 5087 Χριστὸς
1779 5016 1890 5072 τῶν
1935 5035 2039 5090 κη-

357 5099 661 5173 ρυττόντων
713 5098 1050 5168 φειδόμενος.
1108 5097 1210 5152 Διὰ
1261 5099 1422 5155 τοῦτό
1465 5121 1630 5174 φησιν
1670 5105 1886 5170 αὐτοῖς’
1936 5109 2040 5163 Ἐν

356 5187 437 5254 τῷ
472 5187 679 5258 κόσμῳ
718 5186 931 5256 θλῖψιν
958 5185 1147 5253 ἕξετε.
1193 5189 1306 5243 Καὶ
1338 5191 1450 5254 τοῖς
1486 5191 1831 5263 βουλομένοις
1858 5193 1916 5248 δέ
1958 5197 2039 5261 είς

353 5277 453 5348 τὴν
489 5274 766 5346 βασιλείαν
795 5273 1050 5342 βαδίζειν,
1081 5275 1173 5329 6:6
1205 5275 1305 5347 τῆς
1333 5277 1854 5353 ἐστενοχωρημένης
1879 5281 2038 5338 τοῦτο

353 5361 568 5416 κελεύει
596 5365 772 5416 ποιεῖν
791 5360 937 5430 ὁδοῦ,
965 5361 1042 5426 ὠς
1061 5362 1163 5416 οὐκ
1193 5363 1314 5416 ἐνὸν
1343 5363 1611 5435 ἐτέρωθεν
1635 5368 1815 5421 ἐκεῖσε
1835 5369 2033 5427 ἐλθεῖν.

355 5448 545 5512 Οῦτως
586 5451 643 5503 αί
669 5449 876 5520 θλίψεις
898 5451 992 5504 καὶ
1017 5449 1068 5503 οί
1107 5451 1407 5523 πειρασμοὶ
1438 5451 1532 5505 καὶ
1563 5454 1633 5507 τά
1668 5455 2035 5527 συμϐαίνοντα

354 5534 488 5608 ἡμῖν
533 5537 734 5609 ἀνιαρά
774 5537 882 5590 τῶν
915 5535 1170 5608 χρηστῶν
1218 5539 1318 5608 οὐχ
1369 5533 1533 5612 ἦττον
1566 5540 1665 5613 τὴν
1706 5544 2036 5614 κηδεμονίαν

352 5622 451 5678 τοῦ
492 5621 628 5676 Θεοῦ
655 5623 786 5695 ἡμῖν
831 5623 1220 5678 ἐνδείκνυνται.
1267 5626 1379 5680 Καὶ
1419 5627 1471 5681 τί
1514 5627 1655 5701 λέγω
1695 5631 1792 5698 τὰς
1827 5632 2038 5705 θλίψεις

364 5791 368 5795 ς
471 5756 622 5820 Savi].
648 5757 821 5820 056166:
842 5759 1039 5820 εἴποιμι.

413 5817 447 5862 δ
472 5819 558 5870 Sic
575 5818 724 5868 Sam.
747 5817 1028 5880 Legebalhr
1048 5820 1226 5884 ἔμενον.
1251 5822 1384 5876 lion.

1157 317 1216 375 S.
1257 313 1543 375 JOANNIS
1578 311 2072 372 CHRYSOSTOMI
2109 313 2431 375 ARCHIEP.
2472 314 3027 377 CONSTANTINOP.

3734 313 3848 369 450

2151 431 2254 497 τὰς
2293 433 2516 501 ἐνθάδε;
2560 437 2661 508 τῆς
2690 437 2796 508 γάρ
2829 435 3106 508 βασιλείας
3139 432 3248 486 τῶν
3271 431 3516 503 οὐρανῶν
3548 429 3650 483 οὐκ
3676 429 3846 483 ἐλατ-

2152 536 2243 573 τον
2277 522 2433 593 ήτῆς
2460 523 2686 596 γεέννης
2726 525 2924 595 ἀπειλὴ
2965 519 3261 595 παρίστησι
3287 519 3386 592 τὴν
3423 517 3843 590 φιλανθρωπίαν

2152 607 2317 662 αὐτοῦ
2344 620 2390 664 ο.
2420 611 2484 664 EE
2517 610 2627 684 γάρ
2658 612 2732 684 μὴ
2764 613 2956 682 γέεννα
2981 611 3264 682 ἠπείλητο,
3287 608 3387 662 οὐκ
3415 609 3481 662 ἄν
3513 624 3600 669 τις
3625 605 3841 675 ταχέως

2153 696 2385 768 ἐπέτυχε
2425 699 2534 752 τῶν
2561 700 2620 752 ἐν
2647 703 2762 764 τοῖς
2798 701 3049 772 οὐρανοῖς
3073 695 3318 766 ἀγαθῶν.
3356 694 3493 748 Οὐδέ
3533 692 3646 765 γὰρ
3672 693 3841 762 ἀρκεῖ

2156 785 2293 857 μόνη
2337 789 2370 858 ή
2414 788 2523 842 τῶν
2553 789 2807 862 χρηστῶν
2852 787 3157 858 ἐπαγγελία
3203 784 3505 858 προτρέψαι
3535 781 3674 856 πρὸς
3703 783 3836 851 ἀρε·

2151 874 2273 944 τὴν,
2305 875 2379 946 μὴ
2409 878 2504 931 καὶ
2523 878 2618 932 τοῦ
2647 877 2814 947 φόϐου
2848 877 2958 931 τῶν
2987 876 3175 930 δεινῶν
3205 872 3472 936 ὠθοῦντος
3498 871 3627 933 τούς
3670 870 3832 941 ρᾳθυ-

2155 964 2384 1035 μότερον
2415 966 2556 1037 πρὸς
2593 967 2808 1037 ἐκείνην
2839 964 3242 1034 διακειμένους.
3289 960 3389 1014 Διά
3419 959 3579 1013 τοῦτο
3613 958 3704 1010 καὶ
3738 956 3834 1008 τοῦ

2153 1052 2484 1123 παραδείσου
2515 1053 2613 1125 τὴν
2660 1055 2836 1126 ἀρχὴν
2870 1051 3097 1118 ἐξέϐαλε
3139 1049 3231 1103 τὸν
3271 1047 3715 1120 πρωτόπλαστον,
3751 1045 3834 1096 ὅτι

2152 1145 2186 1216 ή
2233 1145 2642 1216 παρασχεθεῖσα
2673 1145 2823 1216 αὐτῷ
2859 1145 2994 1216 τιμὴ
3025 1143 3242 1214 χείρονα
3274 1140 3435 1194 αὐτὸν
3468 1133 3836 1207 ἀπειργάζετο

2154 1233 2244 1297 ἂν,
2273 1235 2431 1306 είπερ
2463 1234 2657 1306 ἔμενεν
2695 1235 2995 1296 ἀσάλευτος
3020 1233 3114 1286 καὶ
3166 1229 3359 1301 βεϐαία
3391 1227 3573 1297 ἐκείνη
3607 1225 3710 1294 τῆς
3749 1226 3833 1276 ἐν-

2149 1321 2315 1391 τολῆς
2355 1323 2691 1394 κινηθείσης.
2728 1323 2837 1375 Καὶ
2863 1321 2916 1374 τί
2947 1320 3093 1389 λέγω
3121 1319 3212 1374 τὸν
3255 1317 3462 1388 Ἀδάμ;
3498 1315 3564 1368 Τί
3597 1313 3704 1386 γὰρ
3734 1313 3832 1366 οὐκ

2155 1410 2223 1466 ἂν
2269 1411 2523 1483 ἐποίησεν
2567 1413 2597 1465 6
2635 1412 2778 1466 Κάῖν
2822 1413 2882 1465 ἐν
2932 1409 3248 1482 παραδείσῳ
3299 1405 3688 1478 στρεφόμενος,
3739 1403 3835 1456 καὶ

2145 1498 2368 1569 τρυφῆς
2397 1498 2691 1553 ἀπολαύων
2723 1498 3011 1569 τοσαύτης,
3038 1498 3172 1551 ὅπου
3206 1511 3272 1564 γε
3310 1495 3406 1547 καὶ
3439 1491 3642 1545 τούτων
3684 1493 3826 1542 ἐστε-

2153 1586 2412 1658 ρημένος.
2452 1587 2680 1642 καὶτοῦ
2735 1586 2945 1659 πατρὸς
2992 1585 3090 1657 τὴν
3135 1583 3410 1654 τιμωρίαν
3463 1579 3615 1650 παρὰ
3667 1578 3833 1641 πόδας

2150 1673 2316 1745 ὁρῶν,
2343 1675 2455 1729 οὐδ’
2474 1674 2648 1739 οὕτως
2677 1671 3097 1747 ἐσωφρονίζετο,
3121 1672 3236 1726 ἀλλ’
3268 1673 3348 1734 είς
3387 1669 3609 1740 μείζονα
3632 1666 3831 1720 κακίαν

2151 1761 2413 1828 éeémme
2441 1763 2492 1832 ἀ,
2533 1765 2696 1834 φόνον
2739 1763 2958 1836 πρῶτος
2994 1762 3158 1827 αὐτὸς
3206 1760 3303 1815 καὶ
3341 1757 3518 1830 εὑρὼν
3569 1757 3666 1810 καὶ
3718 1754 3833 1808 τολ-

2154 1853 2356 1923 μήσας,
2390 1853 2487 1906 καὶ
2531 1853 2693 1919 φόνον
2737 1851 2832 1906 τὸν
2891 1852 3112 1906 πάντων
3141 1848 3528 1918 ἐναγέστερονς
3554 1843 3690 1897 Οὐδὲ
3727 1841 3831 1911 γάρ

2150 1942 2292 1995 κατά
2324 1941 2537 2013 μικρὸν,
2567 1941 2676 1994 οὐδ’
2699 1943 2758 1994 ἐν
2795 1939 2976 2013 χρόνῳ
3015 1936 3198 2008 πολλῷ
3235 1933 3510 2008 προσῆλθε
3547 1931 3624 2002 τῷ
3660 1927 3830 1999 καινῷ

2147 2029 2324 2101 τούτῳ
2360 2031 2652 2102 μιάσματι,
2687 2029 2804 2083 ἀλλ’
2832 2028 3046 2100 ἀθρόως
3076 2028 3173 2081 καὶ
3207 2025 3466 2094 ἐξαίφνης
3503 2021 3638 2093 πρὸς
3667 2017 3830 2088 αὐτὴν

2147 2117 2352 2181 εὐθέως
2377 2118 2689 2190 ἀνεπήδησε
2725 2117 2824 2190 τὴν
2859 2115 3128 2188 κορυφὴν,
3155 2113 3246 2168 τὸν
3279 2111 3688 2181 κοινωνήσαντα
3726 2105 3829 2158 τῶν

2148 2206 2331 2262 αὐτῶν
2363 2207 2569 2262 ὠδίνων
2603 2207 2776 2277 αὐτῷ,
2816 2206 2910 2261 τὸν
2942 2204 3246 2276 ἠδικηκότα
3285 2201 3463 2265 οὐδὲν,
3513 2199 3656 2270 πλὴν
3689 2199 3738 2252 εί
3772 2195 3831 2249 τὸ

2146 2295 2384 2364 τιμῆσαι
2425 2295 2518 2348 τὸν
2560 2294 2697 2349 Θεὸν
2746 2295 2994 2365 ἀδίκημα
3038 2291 3195 2364 ᾤετο,
3237 2289 3428 2344 τοῦτον
3469 2288 3707 2358 λοχήσας
3741 2285 3834 2338 καὶ

2147 2381 2376 2438 ἀνελών.
2414 2383 2487 2437 Σὺ
2512 2383 2571 2436 δέ
2599 2399 2692 2455 μοι
2719 2380 3004 2436 κάνταῦθα
3034 2380 3196 2436 πάλιν
3232 2377 3328 2432 τοῦ
3355 2376 3490 2430 Θεοῦ
3517 2374 3616 2446 τὴν
3647 2372 3831 2442 φιλαν-

2148 2469 2398 2542 θρωπίαν
2449 2470 2774 2543 κατάμαθε·
2827 2470 2918 2524 ὅτε
2981 2470 3079 2541 μὲν
3123 2466 3236 2539 γάρ
3284 2467 3364 2529 είς
3410 2461 3572 2518 αὐτὸν
3619 2460 3833 2532 ὕϐρισε,

2147 2557 2236 2612 διά
2280 2558 2391 2613 τῶν
2428 2558 2607 2629 λόγων
2641 2558 2806 2613 αὑτὸν
2845 2558 3108 2624 νουθετεῖ,
3161 2556 3260 2610 καὶ
3295 2551 3705 2625 παραμυθεῖται
3744 2550 3832 2601 λυ-

2149 2645 2454 2718 πούμενον·
2503 2648 2594 2702 ὅτε
2637 2647 2694 2702 66
2725 2647 2901 2719 ἐμάνη
2952 2646 3094 2701 κατὰ
3143 2645 3241 2699 τοῦ
3294 2641 3552 2712 ἀδελφοῦ,
3600 2641 3725 2694 τότε
3770 2639 3831 2710 δή

2146 2735 2526 2808 ἐπεξέρχεται,
2572 2735 2670 2790 καὶ
2699 2737 2799 2808 τὴν
2827 2735 3099 2808 τιμωρίαν
3137 2735 3358 2804 ἐπάγει.
3407 2731 3598 2786 Καίτοι
3641 2727 3831 2783 καὶτὰ

2147 2825 2391 2897 πρότερα
2429 2825 2529 2896 τῆς
2557 2825 2728 2895 αὐτῆς
2761 2824 3060 2888 κολάσεως,
3113 2822 3313 2895 μᾶλλον
3341 2821 3399 2875 δέ
3439 2819 3535 2874 καὶ⁸
3585 2818 3833 2890 χαλεειτω⁹

2145 2911 2315 2984 τέρας
2367 2909 2493 2978 ἄξια
2534 2907 2624 2984 ἦν.
2674 2906 2740 2966 EI
2770 2911 2880 2984 γὰρ
2922 2912 3010 2966 ἐπ’
3059 2911 3385 2984 ἀνθρώπων,
3429 2910 3557 2963 ὅταν
3599 2925 3685 2970 τις
3727 2906 3832 2958 τῶν

2145 3001 2376 3056 οίκετῶν
2401 3001 2470 3056 τά
2497 3002 2594 3074 μὲν
2621 3003 2831 3074 ἀμείνω
2850 3001 3105 3075 φυλάττῃ
3130 3001 3327 3072 ἐαυτῷ,
3354 3000 3423 3054 τά
3444 2999 3501 3053 δέ
3529 2997 3829 3068 φαυλότερα

2145 3089 2224 3162 τῷ
2249 3090 2485 3163 δεσπότῃ
2515 3091 2794 3165 προσάγῃ,
2823 3091 3000 3144 δεινὸν
3027 3090 3090 3143 τὸ
3115 3091 3348 3162 πρᾶγμα
3384 3088 3478 3141 καὶ
3505 3086 3661 3157 ῦϐρις
3690 3082 3830 3139 εἶναι

2145 3177 2314 3244 δοκεῖ,
2368 3178 2524 3251 πόσῳ
2579 3178 2782 3251 μᾶλλον
2837 3179 2930 3233 ἐπὶ
2974 3177 3148 3245 Θεοῦ;
3195 3178 3256 3231 Ὀ
3297 3176 3354 3230 δὲ
3393 3175 3532 3229 Κάῖν
3565 3175 3628 3227 οὐ
3675 3172 3830 3226 τοῦτο

2148 3265 2311 3336 μόνον
2339 3267 2611 3340 ἥμαρτεν,
2651 3267 2789 3322 ἀλλὰ
2818 3267 2913 3322 καὶ
2954 3267 3141 3340 ἕτερον
3175 3266 3274 3336 οὐχ
3315 3259 3499 3337 ἦττον,
3546 3263 3608 3316 τὸ
3643 3262 3833 3333 δυσχεο

2149 3356 2309 3426 ρᾶναι
2346 3358 2413 3428 τῇ
2444 3359 2579 3429 τιμῇ
2609 3356 2707 3410 τοῦ
2749 3355 3006 3425 ἀδελφοῦ.
3050 3357 3115 3410 El
3168 3354 3269 3426 μὲν
3306 3353 3417 3424 γὰρ
3461 3352 3537 3416 ὠς
3569 3349 3831 3423 ἁμαρτὼν

2149 3442 2574 3513 μετεγίνωσκεν,
2606 3444 2910 3509 άποδεκτὸς
2935 3445 3036 3516 τῆς
3077 3442 3370 3512 καλλίστης
3415 3440 3619 3511 ταύτης
3669 3455 3834 3509 μετα-

2147 3530 2309 3602 ϐολῆς
2355 3527 2459 3604 ἦν·
2513 3532 2610 3589 νῦν
2656 3533 2714 3587 δὲ
2757 3533 2818 3588 οὐ
2871 3533 3187 3606 μετανοίας,
3240 3531 3379 3586 ἀλλά
3412 3531 3504 3596 καὶ
3539 3530 3702 3600 ζήλου
3738 3529 3832 3580 καὶ

2148 3617 2450 3688 βασκανίας
2478 3623 2512 3692 ή
2547 3622 2811 3694 σύγχυσις
2838 3618 2927 3695 ἦν,
2959 3623 3056 3676 καὶ
3085 3623 3147 3676 τὸ
3170 3620 3323 3684 τέλος
3353 3618 3626 3685 ἀπέδειξε.
3657 3617 3832 3672 Μόνον

2146 3706 2257 3778 γάρ
2300 3707 2400 3761 οὐκ
2441 3709 2711 3781 ὠργίζετο
2761 3710 2840 3784 τῷ
2890 3709 3032 3782 Θεῷ,
3086 3711 3172 3765 ὅτι
3233 3710 3304 3783 μὴ
3351 3709 3614 3780 ἐτίμησεν
3668 3707 3832 3760 αὐτὸν

2146 3795 2448 3867 ὑϐρισθεὶς,
2478 3799 2573 3852 καὶ
2601 3798 2882 3871 προύθηκε
2922 3799 3016 3854 τὸν
3057 3799 3356 3853 ἀκόλαστον
3384 3797 3479 3850 τοῦ
3518 3795 3794 3858 ἐπιεικοῦς
3814 3812 3828 3825 ⁸

2145 3883 2262 3938 ἀλλ’
2287 3885 2438 3956 ὅμως
2459 3887 2555 3940 καὶ
2584 3886 2728 3941 οὕτω
2774 3888 3015 3962 σφοδράν
3048 3889 3158 3942 τῶν
3203 3888 3624 3960 ἁμαρτημάτων
3668 3887 3833 3938 ἀπαι-

2145 3971 2385 4027 τούντων
2414 3973 2514 4046 τὴν
2567 3975 2842 4049 τιμωρίαν
2866 3976 3089 4032 ἐλαττον
3113 3975 3294 4047 πολλῷ
3316 3975 3416 4047 τῆς
3445 3973 3601 4041 ἀξίας
3635 3973 3834 4042 κέχρη-

2143 4077 2236 4115 ται
2283 4061 2364 4135 τῷ
2425 4064 2957 4139 πεπλημμεληκότι,
3011 4067 3107 4120 καὶ
3173 4064 3614 4136 φλεγμαίνουσαν
3667 4060 3831 4114 αὐτοῦ

2061 4202 2077 4222 ο
2145 4151 2538 4206 καταστέλλειν
2585 4155 2843 4226 πειρᾶται
2870 4154 2972 4227 τήν
3011 4153 3212 4224 ψυχήν.
3271 4152 3403 4205 Ἀπὸ
3429 4152 3537 4222 γὰρ
3575 4148 3748 4219 θυμοῦ
3795 4149 3830 4218 ἡ

2147 4239 2356 4310 ἀθυμία
2377 4240 2562 4314 ἐκείνη
2580 4237 2649 4312 ἦν
2665 4257 2678 4272 ·
2706 4242 2786 4296 διὸ
2811 4241 2906 4296 καί
2932 4259 3066 4314 φησι
3085 4240 3238 4314 [161]
3259 4241 3396 4313 πρὸς
3413 4239 3576 4294 αὐτόν
3595 4253 3610 4266 ·
3654 4237 3834 4291 Ἡσὺ-

2145 4342 2368 4400 χασον.
2420 4329 2609 4384 Ταῦτα
2661 4331 2720 4384 66
2768 4331 2976 4400 ἔλεγεν,
3038 4329 3197 4395 είδὼς
3250 4331 3350 4402 μέν
3403 4323 3463 4382 οἷ
3499 4327 3833 4396 προϐήσεται

2146 4417 2320 4471 κακοῦ
2355 4429 2404 4482 ο,
2434 4417 2759 4491 βουλόμενος
2792 4419 2850 4472 δέ
2889 4420 3071 4474 πᾶσαν
3100 4421 3216 4483 τοῖς
3241 4415 3647 4488 ἀγνωμονοῦσιν
3676 4414 3836 4467 ἐκκό-

2145 4506 2247 4578 ψαι
2275 4506 2573 4577 πρόφασιν.
2606 4508 2671 4561 El
2695 4507 2806 4580 γάρ
2826 4507 3095 4580 ἐκολάσθη
3132 4506 3285 4579 παρά
3317 4506 3416 4578 τὴν
3441 4505 3636 4576 ἀρχὴν,
3664 4501 3835 4556 πολλά

2148 4595 2216 4649 ἂν
2263 4589 2417 4648 εἷπον
2461 4595 2689 4649 τοιαῦτα
2729 4594 2914 4648 πολλοί
2935 4608 2951 4624 ⁸
3003 4596 3065 4648 οὐ
3120 4595 3231 4668 γὰρ
3273 4595 3401 4666 ἐνῆν
3447 4591 3835 4666 παρακαλέσαι

2145 4683 2311 4757 λόγῳ,
2341 4684 2436 4738 καὶ
2457 4683 2799 4755 νουθετῆσαι,
2826 4685 2922 4738 καὶ
2944 4683 3243 4755 ἐπιπλῆξαι
3271 4687 3560 4755 πρότερον,
3597 4683 3693 4735 καὶ
3711 4681 3837 4734 τότε

2143 4775 2260 4836 τοῖς
2305 4772 2490 4836 αὐτοῖς
2524 4772 2856 4843 ἐπιμένοντα
2899 4773 3180 4842 μετελθεῖν
3221 4772 3241 4812 ί
3267 4788 3282 4839 ;
3321 4771 3530 4845 Πολλῆς
3552 4769 3837 4840 ὠμότητος

2144 4861 2242 4914 καὶ
2287 4859 2559 4932 ἀπηνείας
2603 4860 2741 4932 αὔτη
2776 4862 2811 4933 ή
2856 4862 3094 4928 κόλασις.
3136 4860 3239 4915 Διά
3279 4860 3440 4915 τοῦτο
3491 4858 3836 4933 μακροθυμεῖ

2142 4950 2264 5012 ταῖς
2304 4947 2386 5013 είς
2425 4948 2591 5004 αὐτὸν
2636 4948 2860 5019 ὕϐρεσιν
2899 4952 2929 5004 6
2976 4951 3129 5015 Θεὸς,
3169 4949 3286 5022 ἆμα
3318 4950 3420 5022 μὲν
3465 4947 3835 5018 ἐπιστομίζων

2143 5040 2410 5104 ἐκείνους,
2446 5039 2564 5112 ἅμα
2593 5041 2652 5095 δέ
2701 5043 2795 5097 καὶ
2831 5043 3050 5108 δεικνὺς
3087 5044 3169 5097 ὅτι
3207 5043 3304 5097 καὶ
3351 5043 3442 5098 τὸν
3485 5043 3698 5113 πατέρα
3737 5037 3831 5093 τοῦ

2143 5131 2281 5186 Κάῖν
2305 5132 2372 5186 δι’
2418 5132 2739 5205 ἀγαθότητα
2779 5135 3090 5206 ἐπαίδευσε,
3130 5136 3269 5208 πρὸς
3305 5136 3364 5189 δέ
3398 5136 3494 5190 καὶ
3532 5137 3614 5199 εἱς
3660 5132 3829 5205 μετά-

2140 5237 2293 5276 νοιαν
2329 5220 2480 5289 ἄγων
2516 5223 2644 5285 τοὺς
2679 5222 2819 5294 μετὰ
2846 5222 3019 5277 ταῦτα
3047 5223 3136 5278 6:6
3177 5225 3277 5295 τῆς
3319 5223 3576 5296 τοιαύτης
3603 5221 3834 5294 χρηστός

2140 5327 2304 5382 τητος
2333 5309 2520 5366 αὐτοῦ.
2562 5311 2783 5382 Ἐπειδὴ
2823 5311 2880 5364 δὲ
2925 5313 3071 5367 κατὰ
3110 5311 3210 5384 τὴν
3241 5311 3590 5385 σκληρότητα
3635 5310 3830 5374 αὐτοῦ,

2139 5463 2367 5573 ἇοὲτὲἒγ.
2409 5462 2760 5527 φιλανθρωπίαν
2807 5462 2894 5513 τοῦ
2938 5462 3084 5514 Θεοῦ.
3131 5466 3260 5518 Infra
3303 5467 3435 5517 idem
3469 5470 3728 5532 προτρέψαι
3771 5473 3831 5525 εἰς

2203 5541 2328 5581 ετην.

2227 5541 2328 5572 τγν.

2175 5541 2230 5660 βξ
2253 5559 2531 5660 ἐφήμενοι-ιιι
2545 5585 2724 5660 Μοηιί.
2752 5588 3232 5660 ἐνέπιπτεεβξέπιπτε
3259 5591 3404 5660 ιιοΜε
3423 5591 3727 5660 ἀειίἱιδενιι.
3744 5577 3825 5643 Eo.

2207 5652 2231 5718 ξ
2258 5648 2422 5718 ἓανὶί.
2445 5649 2738 5718 προϐήσεται
2761 5648 2938 5718 κακοῦ..
2966 5651 3137 5700 Morel.
3163 5669 3241 5716 πρ.
3266 5656 3321 5702 τὸ
3350 5655 3516 5702 κακόν.

2210 5707 2338 5780 f§ic
2381 5707 2536 5780 Savil:
2578 5718 2738 5780 τςᾳιε,
2780 5711 2960 5780 Morel.
3002 5726 3127 5780 νειζο
3173 5707 3453 5780 ἐπιμξένοντα
3483 5716 3716 5780 ἐπελθεῖν.
3753 5717 3826 5765 ln—

2143 5773 2211 5821 fra
2241 5771 2414 5820 Μυτρι.
2451 5773 2572 5842 ’πρὸς
2709 5773 2894 5842 τούτοις
2935 5776 3126 5842 καὶ-εἱς
3178 5771 3431 5837 μετάνοιαν
3471 5778 3600 5842 ἄγων
3632 5779 3709 5829 διὰ
3748 5783 3825 5836 τῆς

2145 5851 2337 5900 χρηστ.,
2364 5834 2557 5885 omissis
2585 5833 2890 5896 quibusdam.
2929 5833 3463 5903 Savilium'sequimur.
