4032 6440
440 395 541 451 ‘29

435 521 511 575 Ac
538 519 606 574 de
636 521 904 594 prioribus
923 521 1140 592 quidem
1170 519 1300 575 nihil
1330 517 1578 582 dixerim,
1610 531 1729 571 cum
1760 514 1811 569 id
1840 513 2008 569 cuivis

435 613 612 683 palam
640 613 742 665 sit:
767 613 834 665 de
857 609 1240 678 posterioribus
1265 607 1436 662 solum
1464 609 1597 661 ratio
1620 603 1888 660 reddenda
1905 611 2005 658 est.

503 705 554 757 5.
587 702 750 756 Homo
773 703 930 756 labori
957 699 1522 765 addictus.—Quonam
1540 712 1667 768 ergo
1689 695 1846 751 modo
1869 694 2009 750 scire

433 792 724 859 poterimus
746 801 1034 860 posteriora
1056 805 1266 861 quoque
1289 789 1385 857 ipsi
1403 789 1546 842 utilia
1565 787 1750 842 fuisse?
1767 786 1822 840 Si
1835 785 2009 840 consi-

430 882 679 936 duremus
701 882 822 948 quid
855 896 1041 950 passus
1069 889 1232 947 esset,
1260 879 1362 934 nisi
1390 880 1502 935 hate
1525 880 1594 932 ita
1615 876 1960 945 contigissent
1990 891 2004 926 :

431 990 552 1028 nam
582 973 622 1026 si
644 973 926 1042 pollicente
946 971 1156 1026 diabolo
1179 970 1407 1039 aequales
1423 969 1539 1022 illos
1571 968 1677 1020 Deo
1694 982 1752 1020 se
1767 974 2008 1020 ostensu-

429 1081 545 1122 rum
565 1075 683 1134 post
700 1063 1152 1132 praevaricationis
1165 1071 1366 1116 reatum
1388 1061 1440 1134 in
1458 1059 1644 1115 eodem
1667 1060 1867 1113 honore
1890 1075 2008 1127 per-

429 1158 709 1221 stitissent,
734 1157 784 1208 in
807 1155 903 1209 tria
928 1154 1163 1223 profecto
1198 1168 1444 1223 suprema
1479 1153 1619 1206 mala
1666 1153 2003 1206 incurrisset.

429 1247 608 1300 Primo
642 1247 782 1300 enim
811 1245 968 1299 Deum
988 1244 1304 1299 malevolum
1327 1243 1765 1310 seductoremque
1780 1250 1832 1294 et
1854 1255 2006 1295 men-

427 1339 612 1392 dacem
663 1337 1017 1390 existimasset
1039 1335 1302 1390 :secundo
1344 1333 1488 1388 illum
1511 1348 1638 1388 vere
1671 1333 2004 1388 seductorem

433 1429 930 1496 malevolentimqne
951 1437 997 1480 et
1018 1425 1277 1480 mendacii
1297 1434 1348 1479 et
1366 1424 1575 1478 invidia:
1597 1433 1890 1493 parentem,
1911 1421 2006 1476 be-

427 1518 654 1571 neficum
673 1526 832 1586 atque
853 1518 1080 1570 amicum
1101 1515 1388 1583 putavisset
1417 1531 1430 1567 :
1463 1522 1732 1583 postremo
1753 1512 2004 1582 peccandi

425 1609 677 1678 deinceps
699 1623 983 1678 numquam
1007 1607 1164 1660 linem
1193 1606 1421 1660 fecisset.
1445 1605 1537 1658 llis
1559 1614 1735 1658 autem
1759 1603 2006 1660 omnibus

427 1711 552 1756 tunc
578 1700 844 1753 hominem
882 1698 1146 1762 liberavit,
1181 1711 1301 1752 cum
1347 1712 1411 1751 ex
1445 1695 1691 1766 paradiso
1725 1695 1899 1764 ejecit.
1933 1694 2004 1748 Ita

425 1792 536 1846 fere
565 1803 618 1847 et
644 1793 901 1860 medicus,
932 1793 974 1846 si
1006 1791 1192 1845 vulnus
1233 1791 1456 1860 negligat
1487 1803 1549 1843 ac
1582 1788 1816 1853 deserat,
1845 1802 2006 1857 puru-

425 1883 625 1938 lentum
669 1886 896 1952 amplius
940 1883 1114 1939 reddit
1159 1900 1174 1936 :
1224 1883 1305 1938 sin
1335 1897 1462 1936 vero
1501 1880 1756 1936 incisione
1802 1886 2002 1943 utatur,

424 1974 647 2028 ulterius
676 1975 922 2045 progredi
960 1974 1160 2029 saniem
1194 1988 1256 2029 ac
1296 1972 1470 2028 morbi
1507 1973 1653 2026 virus
1681 1979 1845 2026 vetat.
1866 1969 2005 2038 Quid

423 2063 617 2132 igitur?
645 2063 757 2117 Non
800 2065 880 2118 his
915 2072 1196 2118 contentus
1238 2064 1360 2127 fuit;
1407 2063 1515 2117 imo
1558 2071 1614 2117 et
1659 2061 1883 2116 sudores
1931 2060 2006 2114 illi

425 2154 620 2222 adjecit
643 2163 697 2207 et
724 2153 930 2206 labores
960 2171 972 2206 :
998 2153 1130 2207 nihil
1151 2153 1292 2207 enim
1317 2151 1490 2206 minus
1517 2151 1628 2206 otio
1648 2159 1702 2204 et
1721 2148 1884 2220 quieti
1913 2164 2005 2204 na-

425 2253 536 2298 tum
576 2250 842 2312 estquam
885 2242 1112 2296 hominis
1156 2250 1362 2296 natura.
1405 2241 1459 2296 Si
1487 2239 1631 2295 enim
1655 2240 1757 2307 .his
1785 2238 2004 2306 addicti,

339 2354 345 2358 '
425 2350 494 2390 ne
517 2335 594 2389 sic
619 2335 832 2405 quidem
877 2350 1098 2404 peccare
1127 2334 1448 2399 desistimus,
1476 2347 1583 2403 quo
1607 2331 1868 2386 scelerum
1891 2346 2007 2400 pro-

425 2443 608 2498 gressa
653 2442 756 2481 non
804 2435 948 2482 esset
983 2425 1204 2480 audacia
1233 2435 1435 2489 nostra,
1481 2425 1526 2479 si
1569 2432 1764 2492 praeter
1789 2421 2006 2478 delicias

424 2519 592 2571 otium
620 2517 773 2571 nobis
797 2516 1147 2572 concessisset
1192 2514 1367 2569 Deus?
1414 2511 1598 2567 Omnia
1626 2511 1791 2578 enim,
1815 2511 2010 2581 inquit,

424 2608 560 2662 mala
598 2608 825 2662 otiositas
863 2606 1032 2660 docuit
1054 2604 1238 2675 (Eccli.
1268 2603 1355 2660 53.
1381 2602 1497 2674 29).
1546 2601 1878 2658 Attestantur
1914 2615 2009 2654 au-

425 2710 532 2754 tem
562 2706 759 2753 nostra:
788 2699 910 2752 huic
933 2698 1124 2752 rationi
1148 2705 1201 2751 et
1225 2711 1345 2766 quae
1369 2694 1606 2766 quotidie
1634 2693 1788 2757 fiunt,
1815 2701 1867 2747 et
1885 2705 2006 2762 quae

426 2790 717 2858 majoribus
742 2789 939 2843 nostris
977 2784 1334 2859 contigerunt.
1367 2785 1534 2850 Sedit,
1573 2783 1762 2853 inquit,
1791 2783 2008 2853 populus

426 2881 734 2934 manducare
758 2889 804 2934 et
842 2880 1024 2946 bibere,
1056 2889 1101 2933 et
1143 2886 1469 2933 surrexerunt
1497 2878 1668 2932 ludere
1693 2874 1886 2948 (Exod.
1915 2871 2000 2929 52.

424 2973 504 3043 6).
534 2975 607 3027 Ac
635 2989 844 3027 rursum
878 2991 891 3026 :
919 2971 1238 3026 Incrassatus
1263 2979 1337 3025 est
1380 2979 1428 3024 et
1465 2969 1828 3039 impinguatus,
1856 2976 1903 3020 et
1927 2983 2010 3020 re-

424 3065 699 3116 calcitravit
724 3063 934 3116 dilectus
965 3062 1139 3132 (Deut.
1171 3060 1260 3116 52.
1286 3061 1397 3130 15).
1417 3058 1663 3114 Consoua
1693 3056 1777 3110 his
1797 3049 2008 3125 quoque

427 3156 614 3210 bealus
662 3155 823 3208 David
867 3154 1120 3224 loquitur,
1165 3153 1349 3206 dicens
1387 3169 1400 3206 :
1448 3149 1572 3204 Cum
1615 3147 1858 3201 occideret
1903 3161 2006 3208 eos,

428 3257 546 3301 timc
579 3248 898 3318 exquirebant
927 3263 1060 3312 eum,
1098 3241 1560 3308 et-reuertebantur,
1586 3249 1633 3294 et
1661 3238 1886 3293 diluculo
1921 3253 2009 3291 ve-

427 3342 625 3393 niebant
653 3339 720 3392 ad
744 3357 854 3392 eum
878 3337 1048 3408 (Psal.
1085 3339 1176 3393 77.
1206 3336 1323 3408 5i).
1354 3334 1436 3390 Ad
1465 3332 1760 3389 Jerusalem
1797 3346 2009 3402 quoque

430 3449 524 3502 per
551 3432 836 3488 Jeremiam
867 3431 1099 3500 loquitur
1125 3431 1263 3484 Deus
1292 3446 1308 3486 :
1348 3427 1453 3480 Per
1479 3425 1648 3480 omnia
1673 3423 1891 3490 erudire,
1918 3421 2012 3475 Je-

427 3525 666 3590 rusalem,
693 3542 755 3576 ne
778 3522 977 3577 recedat
1012 3523 1182 3574 anima
1210 3536 1321 3572 mea
1349 3535 1380 3572 a
1405 3527 1450 3572 te
1479 3514 1613 3588 (Jer.
1645 3515 1700 3570 6.
1740 3513 1818 3583 8).
1858 3513 2011 3581 Quod

427 3623 606 3668 autem
648 3631 751 3668 non
792 3614 961 3667 solum
1007 3612 1179 3678 malis,
1221 3626 1406 3664 verum
1453 3617 1508 3663 et
1546 3604 1701 3661 bonis
1746 3604 2011 3658 humiliari

427 3718 588 3776 atque
627 3704 892 3759 incurvari
933 3704 1162 3758 salutare
1194 3702 1283 3769 sit,
1327 3714 1540 3754 rursum
1583 3695 1846 3768 signiﬁcat
1883 3709 2010 3764 pro-

431 3800 614 3869 pheta,
646 3815 763 3852 cum
789 3797 916 3852 dicit
947 3816 961 3852 :
993 3795 1189 3849 Bonum
1233 3793 1375 3860 mihi,
1418 3791 1652 3855 Domine,
1697 3791 1814 3860 quia
1841 3787 2012 3841 Immi-

430 3891 566 3943 liasti
593 3907 689 3956 me,
713 3899 766 3942 ut
793 3889 984 3942 discam
999 3886 1389 3957 justi/icationes
1412 3892 1521 3936 tuas
1546 3881 1714 3953 (Psal.
1748 3879 1868 3935 “8.
1897 3877 2011 3948 Ἠ).

431 3983 560 4038 Post
587 3982 723 4035 hunc
749 3989 803 4035 et
841 3978 1103 4034 Jeremias
1131 3978 1248 4031 haec
1277 3975 1484 4039 eadem,
1527 3973 1620 4028 sed
1663 3987 1768 4026 non
1811 3969 2014 4024 eisdem

432 4073 610 4127 verbis
629 4072 927 4126 exclamat:
960 4067 1180 4133 Bonum,
1223 4066 1488 4135 inquiens,
1527 4069 1654 4126 viro,
1700 4077 1815 4114 cum
1844 4067 2016 4129 porta-

430 4168 553 4220 verit
573 4167 756 4237 jugum
783 4179 931 4234 grave
957 4179 986 4213 a
1005 4162 1266 4230 juventute
1284 4174 1376 4211 sua
1404 4173 1422 4209 :
1451 4155 1635 4209 sedebit
1658 4152 1937 4218 solitarius,
1969 4158 2016 4204 et

432 4257 610 4309 tacebit
639 4254 850 4327 (T/tren.
881 4254 931 4306 5.
978 4250 1103 4321 27);
1135 4257 1189 4304 et
1222 4249 1288 4302 de
1331 4262 1390 4302 se
1432 4246 1547 4314 ipso
1578 4245 1742 4297 Deum
1771 4243 2017 4296 obsecrat

433 4350 620 4403 dicens
654 4367 665 4402 :
691 4344 812 4400 Non
845 4346 910 4398 sis
935 4353 988 4396 tu
1015 4342 1137 4396 mihi
1167 4356 1378 4410 parcens
1401 4339 1454 4391 in
1479 4335 1831 4389 alienationem
1858 4333 1911 4385 in
1935 4333 2018 4385 die

433 4441 571 4494 mala
602 4437 734 4509 (Jer.
760 4438 846 4492 l7.
873 4435 981 4506 17).
1006 4434 1198 4488 Beatus
1223 4431 1347 4486 item
1375 4429 1585 4493 Paulus,
1617 4427 1706 4495 qui
1732 4433 1878 4479 tanto
1898 4437 2019 4477 mu-

435 4546 565 4585 nere
592 4531 774 4600 gratia:
813 4527 1008 4582 effulsit
1035 4533 1341 4592 tantumque
1383 4529 1626 4574 naturam
1657 4517 1891 4572 excessit
1916 4514 2020 4568 hu-

436 4637 673 4686 manam,
704 4619 828 4673 boni
857 4628 1031 4672 tamen
1076 4615 1233 4685 hujus
1270 4613 1495 4667 utilitate
1534 4608 1842 4678 indigebat:
1883 4620 2020 4676 quo-

435 4719 577 4768 circa
607 4712 816 4766 dicebat
851 4727 864 4763 :
911 4709 1077 4762 Datus
1120 4717 1193 4760 est
1232 4706 1358 4758 mihi
1398 4700 1632 4757 stimulus
1668 4699 1834 4753 carnis
1874 4713 2018 4762 metu,

438 4806 647 4878 angelus
689 4815 919 4869 satanas,
964 4802 1050 4871 qui
1081 4816 1161 4853 me
1193 4799 1504 4868 colapltizet,
1547 4803 1599 4848 ut
1647 4810 1747 4847 non
1785 4790 2020 4846 extollar.

442 4899 662 4968 Proyter
687 4896 822 4966 quod
853 4906 924 4948 ter
949 4892 1223 4946 Dominum
1243 4889 1437 4960 rogavi,
1469 4896 1516 4941 et
1543 4886 1670 4940 dixit
1694 4884 1817 4937 mihi
1849 4898 1868 4936 :
1893 4881 2024 4950 Suf-

440 4993 545 5061 [m't
573 4991 658 5044 tibi
681 4989 844 5059 gratia
870 5002 981 5039 mea
1003 5000 1022 5049 ,°
1047 4999 1165 5036 nam
1197 4983 1354 5035 virtus
1380 4996 1490 5033 utea
1517 4980 1569 5031 in
1594 4975 1884 5045 inﬁrmitate
1913 4989 2027 5041 per-

443 5083 611 5150 ﬁcitur
637 5079 712 5150 (2.
742 5077 858 5133 Cor.
883 5074 970 5130 12.
998 5073 1142 5142 7-9).
1164 5071 1378 5126 Poterat
1400 5077 1547 5123 certe
1587 5067 1703 5122 sine
1733 5079 2028 5134 persequu-

446 5176 679 5232 tionibus
729 5181 784 5227 et
836 5172 1101 5240 pressuris
1133 5208 1150 5233 ,
1198 5163 1572 5230 laboribusque
1632 5167 1686 5212 et
1747 5154 2030 5210 sudoribus

449 5265 753 5338 praedicatio
773 5261 976 5334 perlici,
1001 5257 1094 5313 sed
1116 5266 1292 5310 tamen
1335 5253 1385 5307 id
1410 5251 1577 5306 noluit
1600 5247 1864 5338 Christus,
1891 5258 2030 5338 prie-

447 5335 747 5416 dicantibus
776 5368 1018 5425 parcens.
1047 5347 1305 5418 Quocirca
1332 5343 1541 5398 dicebat
1569 5340 1674 5394 illis
1701 5355 1714 5390 :
1743 5335 1808 5389 In
1845 5337 2031 5388 mundo

451 5464 741 5522 pressuram
790 5444 1031 5499 habebitis
1060 5439 1240 5512 (Joan.
1282 5436 1371 5491 ιϐ.
1420 5435 1535 5502 5'5).
1578 5427 2034 5522 Cupientihusque

451 5515 667 5600 caeleste
691 5553 913 5610 regnum
952 5533 1177 5605 ingredi,
1208 5538 1484 5599 angustam
1511 5525 1649 5578 viam
1678 5515 2032 5588 arripiendam

455 5637 622 5702 iubet,
653 5635 800 5704 quasi
828 5646 932 5686 non
974 5626 1129 5682 aliter
1168 5626 1367 5679 intrare
1394 5621 1550 5674 liceat
1575 5613 1784 5684 (Matth.
1833 5611 1886 5663 7.

457 5727 582 5782 Ideo
608 5701 868 5795 pressura:
889 5731 942 5776 et
970 5718 1282 5776 lentationes
1311 5723 1363 5769 et
1391 5720 1736 5782 quascumque
1760 5702 1912 5795 nobis
1941 5701 2037 5754 tri-

460 5819 558 5876 stia
581 5794 912 5888 contingunt,
933 5828 1035 5869 non
1059 5812 1230 5866 minus
1259 5807 1348 5863 Dei
1369 5799 1753 5879 providentiam
1774 5794 2033 5863 indicant,

1279 399 1370 454 AD
1409 395 1776 454 STAGIRIUM
1815 397 1857 452 Α
1901 395 2204 454 ὒᾸΞΜΟΝΕ
2245 397 2575 456 νΕΧΑτυΜ
2623 362 2753 457 LIB.
2795 403 2836 457 Ι.

3587 404 3693 460 450

2115 529 2272 584 quam
2302 516 2416 570 laeta
2449 525 2502 570 et
2538 516 2789 586 jucunda.
2834 519 2969 587 Quid
3012 529 3186 577 autem
3215 523 3388 579 dicam
3414 539 3690 594 pressura!

2115 604 2273 674 hujus
2301 607 2572 675 temporis,
2595 623 2713 662 cum
2745 626 2847 665 non
2875 613 3047 667 minus
3073 613 3183 683 ipsa
3205 630 3412 684 quoque
3428 615 3688 687 gehennae

2113 697 2455 752 comminatio
2483 715 2639 768 quam
2682 703 2964 770 promissio
2993 705 3139 774 regni
3169 706 3486 763 inell'abilem
3521 710 3687 779 ipsius

2113 788 2446 843 clementiam
2475 791 2492 822 ί
2518 792 2887 847 commendet?
2935 795 3042 849 Nisi
3071 797 3212 851 enim
3256 799 3346 854 ille
3388 799 3685 869 gehennam

2113 881 2340 933 minatus
2367 889 2527 945 esset,
2569 897 2674 935 non
2717 882 2871 936 facile
2913 885 3169 955 quispiam
3194 889 3494 944 caelestibus
3533 890 3687 946 bonis

2112 969 2389 1038 potiretur.
2415 969 2595 1040 Neque
2620 973 2760 1026 enim
2800 973 2994 1029 sufficit
3018 976 3128 1030 sola
3154 979 3464 1047 gaudiorum
3504 997 3689 1050 repro-

2113 1060 2296 1113 missio
2321 1061 2387 1114 ad
2417 1062 2728 1117 excitandos
2751 1063 2816 1117 ad
2845 1065 3090 1119 virtutem
3130 1068 3365 1135 animos,
3396 1069 3498 1124 nisi
3527 1071 3686 1126 etiam

2111 1164 2204 1204 eos
2232 1165 2507 1220 pinnarum
2533 1153 2688 1207 timor
2723 1155 2980 1224 impellat,
3013 1158 3100 1226 qui
3145 1158 3493 1228 negligentius
3514 1160 3688 1216 affecti

2110 1239 2175 1293 ad
2211 1240 2351 1293 ill-am
2387 1251 2530 1295 sunt.
2559 1242 2812 1308 Quocirca
2859 1245 3086 1314 primum
3120 1246 3384 1302 hominem
3416 1265 3627 1322 quoque
3657 1268 3687 1305 a

2110 1332 2369 1399 principio
2393 1348 2422 1386 e
2453 1333 2697 1402 paradiso
2721 1337 2940 1405 expulit,
2964 1337 3084 1407 quia
3111 1353 3176 1394 ex
3207 1339 3407 1394 honore
3427 1341 3526 1394 sibi
3553 1358 3688 1410 prm-

2109 1422 2236 1475 stito
2261 1422 2494 1476 deterior
2539 1423 2758 1480 effectus
2783 1436 2944 1492 esset,
2991 1428 3034 1482 si
3083 1436 3204 1498 post
3250 1440 3485 1499 spretum
3519 1433 3687 1485 viola-

2110 1519 2326 1581 tumque
2351 1515 2656 1568 mandatum
2694 1517 2942 1573 immotus
2969 1518 3055 1573 ille
3090 1522 3396 1590 stabilisque
3423 1521 3685 1578 durasset.

2109 1599 2225 1655 Jam
2254 1618 2380 1656 vero
2410 1613 2464 1657 ut
2494 1605 2662 1659 Adam
2686 1607 3010 1673 omittamus,
3042 1610 3166 1678 quid
3195 1627 3297 1664 non
3321 1611 3534 1668 fecisset
3555 1614 3684 1669 Cain

2109 1690 2162 1745 in
2195 1693 2438 1760 paradiso
2466 1693 2685 1764 degens,
2716 1697 2980 1767 tantisque
3008 1698 3213 1754 deliciis
3245 1700 3445 1766 fruens,
3475 1705 3688 1773 quando

2110 1781 2193 1835 his
2214 1784 2456 1840 omnibus
2489 1787 2739 1855 privatus,
2770 1789 3038 1859 patrisque
3058 1791 3372 1859 supplicium
3401 1803 3526 1848 ante
3552 1810 3684 1848 ocu-

2110 1874 2192 1929 los
2217 1875 2438 1942 habens,
2478 1893 2546 1933 ne
2582 1879 2660 1932 sic
2685 1879 2896 1949 quidem
2926 1882 3236 1938 emendatus
3273 1893 3372 1949 est,
3419 1885 3474 1939 in
3519 1887 3688 1954 majo-

2107 1983 2328 2038 remque
2356 1971 2644 2039 nequitiam
2673 1973 2930 2042 prorupit,
2963 1982 3021 2027 ut
3045 1973 3385 2029 homicidium
3427 1977 3540 2044 ipse
3575 1977 3686 2047 pri-

2109 2074 2230 2114 mus
2273 2059 2552 2126 invenerit,
2592 2075 2828 2130 ausuque
2864 2063 3066 2117 nefario
3109 2065 3427 2134 impleverit,
3460 2065 3685 2120 homici-

2110 2147 2276 2211 dium.
2307 2149 2539 2220 inquam,
2559 2151 2796 2205 omnium
2820 2152 3325 2208 sceleratissimum?
3347 2155 3526 2225 Neque
3544 2156 3686 2210 enim

2109 2240 2382 2308 paulatim,
2416 2242 2498 2296 vel
2523 2251 2640 2311 post
2666 2242 2972 2298 diuturnum
3000 2253 3227 2315 tempus,
3258 2261 3452 2301 novum
3483 2247 3585 2303 hoc
3607 2248 3688 2302 fa-

2109 2333 2261 2388 cinus
2289 2349 2569 2404 aggressus
2607 2344 2708 2401 est,
2746 2337 2840 2390 sed
2879 2347 3100 2406 repente
3143 2352 3205 2391 ac
3231 2339 3406 2393 subito
3432 2340 3688 2395 verticem

2108 2433 2163 2478 et
2187 2423 2395 2478 culmen
2420 2424 2710 2493 iniquitatis
2730 2427 3028 2496 occupavit,
3056 2443 3283 2498 ettmque
3302 2429 3390 2498 qui
3409 2444 3472 2483 ex
3501 2429 3687 2484 eodem

2109 2523 2262 2570 utero
2286 2526 2638 2585 processerat,
2669 2518 2758 2586 qui
2807 2517 2859 2572 in
2913 2518 3059 2572 nullo
3101 2519 3271 2588 ipsum
3313 2519 3541 2586 lmserat,
3586 2521 3688 2576 nisi

2109 2605 2375 2660 honorare
2410 2607 2573 2661 Deum
2605 2607 2654 2662 id
2685 2608 2754 2662 sit
2781 2606 2998 2676 laedere,
3027 2610 3247 2678 appetiit
3273 2609 3478 2665 insidiis
3501 2625 3565 2666 ac
3590 2627 3688 2666 ne-

2109 2699 2274 2752 cavit.
2304 2697 2475 2752 Velim
2525 2698 2612 2754 hic
2653 2714 2838 2756 rursus
2863 2700 3170 2757 consideres
3193 2702 3530 2757 clementiam
3571 2703 3686 2757 Dei.

2110 2787 2241 2845 Cum
2269 2789 2410 2844 enim
2447 2790 2547 2845 sibi
2589 2789 2833 2860 injuriam
2877 2791 3160 2856 intulisset,
3192 2792 3367 2847 verbis
3409 2793 3556 2847 illum
3590 2793 3687 2846 ad.

2111 2889 2314 2948 monet,
2343 2881 2652 2950 tristemque
2680 2882 3027 2938 consolatur:
3063 2891 3118 2936 at
3143 2882 3230 2936 ubi
3278 2883 3479 2936 insania
3526 2882 3694 2938 fertur

2111 2974 2166 3028 in
2204 2975 2440 3038 fratrem,
2484 2983 2609 3028 tunc
2648 2974 2759 3044 jam
2803 2974 3042 3029 severius
3075 2974 3692 3050 ulciscitur,_pmnasqne

2111 3066 2290 3122 infert.
2324 3066 2392 3121 Et
2415 3076 2561 3122 certe
2608 3068 2786 3136 priora
2832 3067 2920 3120 illa
2961 3066 3150 3121 eodem
3189 3067 3347 3137 digna
3383 3076 3534 3122 erant
3572 3083 3696 3121 crn-

2113 3158 2275 3223 ciatu,
2303 3157 2410 3211 imo
2438 3172 2567 3211 vero
2596 3156 2750 3226 longe
2774 3157 3038 3225 graviore.
3066 3157 3123 3211 Si
3149 3158 3290 3212 enim
3317 3157 3368 3212 in
3388 3158 3692 3213 hominibus

2113 3262 2401 3304 conservus
2429 3247 2619 3316 aliquis
2647 3247 2866 3301 meliora
2895 3261 3118 3316 qumque
3155 3247 3255 3301 sibi
3297 3257 3490 3318 servet,
3516 3263 3577 3302 ac
3599 3249 3698 3302 do-

2113 3341 2259 3396 mino
2284 3354 2383 3394 suo
2419 3339 2684 3394 deteriora
2721 3337 2927 3402 offerat,
2973 3353 3085 3392 rem
3135 3337 3550 3408 indignissimam
3580 3341 3694 3408 ple-

2115 3447 2343 3503 namque
2365 3430 2705 3485 contumeliae
2749 3427 2924 3484 facere
2970 3431 3209 3499 arguitur
3239 3438 3474 3500 :quanto
3503 3430 3554 3484 id
3585 3447 3698 3484 ma-

2114 3524 2194 3594 gis
2223 3523 2274 3577 in
2307 3522 2455 3576 Deo?
2482 3520 2610 3576 Cain
2637 3537 2767 3576 vero
2806 3536 2910 3576 non
2956 3522 3006 3575 in
3050 3521 3150 3577 hoc
3193 3521 3387 3587 solum,
3425 3537 3608 3576 verum
3643 3523 3694 3575 in

2115 3614 2222 3669 alio
2245 3628 2454 3683 quoque
2472 3628 2575 3667 non
2595 3613 2770 3667 minus
2794 3611 3034 3682 deliquit,
3063 3611 3202 3682 quod
3233 3611 3410 3666 fratris
3439 3610 3695 3666 honorem

2116 3721 2258 3775 aegre
2287 3713 2341 3760 et
2371 3705 2586 3775 indigne
2615 3703 2814 3758 tulerit.
2841 3703 2973 3758 Nam
3003 3705 3046 3758 si
3076 3711 3258 3773 utpote
3286 3702 3374 3772 qui
3402 3714 3696 3772 peccasset,

2117 3796 2482 3867 paenitentiam
2508 3795 2720 3865 egisset,
2753 3803 2971 3862 accepta
3014 3792 3248 3862 profecto
3286 3792 3472 3847 fuisset
3497 3792 3610 3846 hzcc
3633 3793 3697 3846 il-

2119 3888 2222 3941 lius
2251 3886 2448 3956 optima
2476 3885 2700 3940 mutatio
2724 3902 2737 3938 :
2769 3899 2909 3939 nunc
2934 3898 3064 3939 vero
3089 3897 3194 3937 non
3223 3883 3549 3954 pmnitentia:
3582 3893 3699 3938 erat

2118 3978 2207 4034 illa
2227 3976 2487 4040 confusio,
2537 3976 2630 4032 sed
2673 3975 2884 4030 invidia:
2917 3989 2980 4028 ac
3007 3973 3208 4041 livoris,
3244 3972 3384 4043 quod
3427 3972 3505 4028 rei
3528 3973 3701 4028 exitus

2120 4069 2295 4124 docet.
2326 4067 2459 4122 Nam
2505 4066 2617 4122 Deo
2655 4065 3048 4135 quodammodo
3086 4064 3428 4129 irascebatur,
3454 4064 3594 4134 quod
3623 4066 3703 4118 in-

2116 4159 2272 4227 juriis
2311 4157 2532 4212 allectus
2561 4169 2667 4209 non
2711 4169 2770 4209 se
2814 4153 3122 4218 bonoraret,
3152 4152 3291 4221 quod
3323 4152 3596 4206 moderato
3625 4155 3704 4206 in-

2123 4258 2505 4317 temperantem
2543 4261 2648 4299 non
2692 4244 2987 4313 praeferret.
3025 4242 3222 4296 Verum
3265 4254 3385 4293 cum
3423 4241 3705 4295 luscinias

2121 4341 2324 4398 scelera
2383 4335 2856 4394 vehementissima
2917 4333 3376 4390 animadversione
3440 4331 3703 4402 punienda

2123 4440 2320 4496 essent,
2357 4431 2510 4500 longe
2537 4427 2850 4484 clementius
2877 4440 3034 4497 quam
3065 4426 3368 4479 merebatur
3390 4422 3703 4491 delinquen-

2125 4532 2232 4578 tem
2276 4529 2487 4583 tractat,
2535 4527 2906 4588 tumentesque
2935 4516 3140 4570 animos
3185 4514 3327 4568 illius
3355 4513 3709 4582 comprimere

2125 4615 2331 4670 nititur.
2365 4614 2492 4667 Erat
2521 4609 2884 4678 indignatione
2916 4607 3065 4678 plena
3102 4605 3189 4659 illa
3212 4604 3477 4673 dejectio:
3512 4603 3712 4657 idcirco

2127 4707 2361 4776 loquitur
2387 4703 2452 4758 ad
2494 4701 2644 4756 illum
2680 4717 2696 4755 :
2735 4699 2943 4764 Quiesce
2989 4696 3138 4765 (Gen.
3170 4696 3222 4749 ι.
3263 4695 3338 4765 7).
3384 4694 3498 4748 Hoc
3534 4703 3709 4746 autem

2127 4812 2249 4852 cum
2276 4796 2495 4860 diceret,
2533 4791 2734 4846 sciebat
2774 4789 2988 4858 quidem
3015 4801 3120 4857 quo
3144 4800 3545 4856 progressurum
3572 4792 3715 4838 esset

2129 4890 2352 4953 malum,
2383 4894 2634 4941 ceterum
2679 4882 2900 4952 ingratis
2923 4881 3256 4933 occasionem
3283 4892 3495 4932 omnem
3525 4891 3712 4944 ampu-

2090 4969 2096 4976 ’
2133 4991 2247 5036 tare
2274 4977 2485 5033 volebat
2513 4993 2526 5029 :
2557 4975 2600 5028 si
2629 4975 2769 5027 enim
2802 4971 2869 5026 ab
2891 4971 3039 5025 initio
3067 4969 3156 5024 ille
3185 4970 3394 5036 punitus
3423 4977 3585 5032 esset,
3619 4967 3716 5019 hu-

2129 5070 2363 5144 jusmodi
2412 5066 2563 5122 multi
2605 5064 2830 5135 plurima
2871 5061 3174 5116 dixissent:
3221 5059 3335 5114 Non
3375 5063 3583 5126 poterat
3623 5054 3719 5108 ad-

2133 5179 2358 5223 monere
2397 5160 2573 5216 verbis
2613 5167 2667 5212 et
2699 5156 2990 5224 corripere,
3020 5169 3084 5208 ac
3126 5164 3326 5207 terrere
3363 5149 3528 5219 prius,
3560 5157 3719 5217 atque

2136 5267 2264 5311 tunc
2299 5255 2534 5316 demum,
2575 5250 2621 5302 si
2657 5253 3053 5319 perseverasset
3096 5244 3148 5298 in
3194 5241 3369 5304 malis,
3401 5238 3719 5308 supplicium

2137 5346 2374 5405 inferre?
2396 5343 2627 5414 lugentis
2646 5339 2977 5396 crudelitatis
2995 5345 3076 5392 est
3093 5337 3192 5390 iste
3213 5333 3496 5389 cruciatus.
3518 5329 3724 5385 Idcirco

2138 5457 2262 5496 suas
2287 5436 2656 5508 aequanimiter
2699 5431 2920 5502 injurias
2947 5429 3157 5492 tolerat,
3189 5432 3248 5478 ut
3271 5438 3374 5477 una
3415 5429 3472 5477 et
3509 5421 3722 5476 illorum

2141 5535 2382 5590 obstruat
2407 5544 2490 5594 os,
2511 5539 2566 5584 et
2590 5527 2754 5596 ipsius
2770 5524 2896 5578 Cain
2912 5527 3184 5590 parentem
3204 5530 3417 5586 quoque
3443 5514 3558 5569 sola
3571 5511 3725 5566 boni-

2142 5633 2249 5680 tate
2275 5639 2334 5680 se
2357 5620 2678 5690 corripuisse
2699 5613 2964 5677 ostendat,
2991 5617 3352 5680 prmtercaque
3381 5615 3438 5661 ut
3463 5601 3722 5676 ejusmodi

2211 5797 2228 5826 ι
2262 5797 2386 5849 Sav.,
2417 5780 2502 5835 Dei
2519 5773 2834 5832 clementiam.
