4138 6460
490 426 585 480 431

489 534 832 606 betiguitatis
875 528 1121 599 exemplo
1160 535 1404 598 posteros
1429 523 1495 578 ad
1535 521 1904 594 penitentiam
1949 534 2076 590 pro-

489 638 664 682 vocet.
698 626 888 680 Postea
915 634 1045 675 vero
1075 633 1234 689 quam
1261 615 1554 672 secundum
1580 613 1826 669 duritiam
1855 625 2007 666 suam
2029 619 2083 663 et

491 735 586 774 cor
633 714 978 786 imptenitens
1027 709 1402 766 thesaurizavit
1442 707 1545 762 sibi
1591 707 1745 770 iram,
1775 704 1923 758 illum
1958 713 2084 758 tunc

493 807 810 864 ulciscitur:
839 804 923 859 sin
965 816 1095 858 vero
1133 809 1255 872 post
1282 799 1458 854 scelus
1489 797 1761 853 homicidii
1800 794 2086 850 mansisset

494 898 809 969 impunitus,
855 896 1016 951 etiam
1057 892 1125 948 ad
1169 891 1312 947 aliud
1344 890 1621 961 majusque
1660 886 1914 958 ﬂagitium
1957 899 2084 955 pro-

495 1005 712 1064 gressus
737 997 899 1046 esset.
927 987 1110 1058 Neque
1135 985 1277 1039 enim
1305 982 1488 1038 dicere
1511 995 1790 1052 possumus
1819 993 1913 1049 per
1939 977 2088 1046 igno-

497 1083 724 1138 rantiam
754 1081 900 1136 illum
931 1077 1249 1148 deliquisse;
1281 1089 1403 1129 nam
1443 1073 1586 1144 quod
1620 1072 1800 1142 junior
1825 1069 2088 1139 intellige—

499 1175 611 1242 bal,
636 1174 752 1244 ipse
789 1172 961 1241 major
1002 1177 1129 1224 natu
1157 1167 1246 1238 qui
1275 1169 1518 1238 ignorare
1553 1163 1796 1236 poterat?
1823 1161 1954 1216 Esto
1995 1173 2090 1214 au-

501 1277 630 1331 tem,
683 1280 777 1334 per
829 1262 1182 1334 ignorantiam
1233 1257 1532 1330 peccaverit
1575 1257 1766 1328 prius:
1809 1264 2089 1326 postquam

500 1356 723 1420 audivit,
757 1354 986 1422 Quiesce,
1020 1359 1300 1422 postquam
1325 1348 1518 1421 prioris
1555 1347 1726 1418 culpa:
1756 1345 1911 1401 venia
1951 1344 2089 1415 poti—

502 1460 588 1503 tus
613 1457 719 1514 est,
761 1461 828 1501 ex
868 1460 972 1515 qua
1003 1441 1300 1514 ignorantia
1343 1441 1411 1495 ad
1456 1439 1795 1510 parricidium
1828 1438 2089 1508 prorupit,

504 1551 808 1609 terramque
828 1536 1029 1602 infecit,
1053 1550 1117 1591 ac
1141 1535 1285 1605 leges
1313 1542 1518 1589 naturae
1538 1530 1836 1587 subvertit?
1863 1529 2094 1586 Videsne

505 1642 564 1685 ut
584 1631 731 1702 prior
749 1630 908 1684 etiam
934 1628 1089 1698 culpa
1132 1641 1237 1682 non
1267 1627 1334 1684 de
1363 1626 1680 1697 ignorantia,
1709 1623 1806 1680 sed
1832 1623 1900 1679 de
1937 1622 2094 1678 mali-

504 1725 703 1796 gnitate
729 1731 780 1777 et
819 1721 1072 1792 nequitia,
1105 1733 1461 1790 supremaque
1501 1718 1721 1774 sceleris
1753 1715 1972 1771 audacia
1997 1730 2095 1771 ve-

505 1815 677 1871 nerit?
711 1815 967 1882 Quaenam
1005 1826 1136 1868 vero
1172 1810 1274 1866 fuit
1312 1809 1470 1882 hujus
1509 1809 1699 1880 poena?
1741 1807 1857 1864 Eris
1897 1823 2097 1878 gemens

504 1923 566 1960 ac
585 1916 805 1960 tremens
835 1920 986 1975 super
1013 1913 1202 1958 terram
1242 1899 1394 1972 (Gen.
1425 1901 1480 1956 4.
1521 1901 1636 1972 12).
1673 1899 1894 1955 Videtur
1919 1906 2097 1954 tamen

505 2011 626 2052 esse
647 2009 810 2066 grave
839 1993 1192 2063 supplicium;
1219 1991 1313 2048 sed
1350 2006 1460 2046 non
1492 1990 1604 2062 jam
1641 1991 1715 2046 ita
1740 1989 2024 2055 videbitur,
2051 1987 2098 2043 si

505 2094 786 2156 peccatum
815 2083 1234 2148 consideremus,
1271 2092 1326 2138 et
1351 2080 1517 2152 ipsam
1558 2094 1770 2152 poenam
1791 2069 2100 2151 d-ligentius

507 2175 828 2230 intueamur.
859 2173 990 2229 Cum
1021 2173 1164 2229 enim
1191 2172 1280 2228 ille
1308 2172 1448 2228 male
1473 2171 1772 2238 obtulisset,
1798 2185 1938 2238 aegre
1959 2170 2096 2238 tulit,

507 2265 648 2336 quod
671 2273 790 2335 post
812 2263 1058 2334 injuriam
1091 2263 1200 2319 Deo
1229 2263 1430 2318 illatam
1466 2262 1760 2317 honoratus
1784 2262 1850 2318 ab
1877 2261 1970 2316 illo
1991 2277 2099 2316 non

506 2365 608 2422 est,
638 2354 1014 2425 corripientem
1043 2353 1265 2423 respuit,
1299 2351 1747 2423 parricidiumque
1766 2351 1973 2423 primus
2001 2365 2099 2421 pa-

510 2447 686 2514 travit,
719 2447 828 2502 imo
852 2460 984 2502 vero
1023 2445 1226 2500 facinus
1253 2443 1538 2515 parricidio
1562 2443 1719 2513 longe
1751 2442 2096 2498 sceleratius:

511 2547 761 2611 parentes
803 2541 946 2595 enim
999 2537 1293 2593 incredibili
1343 2535 1529 2592 dolore
1567 2535 1840 2602 confodit,
1886 2549 1950 2590 ac
1990 2535 2102 2590 Deo

509 2631 672 2687 etiam
715 2630 966 2685 mentitus
1002 2638 1104 2684 est.
1140 2628 1409 2698 Numquid
1450 2629 1606 2692 enim,
1650 2626 1746 2694 ait,
1785 2635 1952 2682 custos
1989 2641 2102 2680 sum

513 2723 687 2794 fratris
711 2724 808 2778 mei
839 2721 990 2795 (Gen.
1026 2721 1080 2776 4.
1118 2719 1217 2791 9)?
1260 2719 1328 2774 Et
1365 2735 1463 2789 pro
1495 2719 1578 2774 his
1619 2719 1867 2774 omnibus
1896 2719 2012 2773 solo
2036 2717 2102 2772 ti-

508 2828 662 2869 more
681 2827 743 2868 ac
764 2799 998 2867 tremore
1018 2813 1302 2866 cruciatur.
1326 2812 1575 2864 Attamen
1598 2806 1696 2864 Dei
1719 2807 2103 2879 benignitatem

510 2923 619 2962 non
645 2921 713 2962 ex
741 2920 807 2961 eo
833 2905 1007 2960 solum
1035 2902 1361 2957 manifestari
1389 2901 1638 2968 dixerim,
1667 2900 1807 2970 quod
1833 2899 2103 2955 mitiorem

512 3010 725 3065 poenam
749 3001 896 3052 tanto
928 2991 1118 3048 sceleri
1142 2991 1402 3056 adhibuit,
1433 2990 1526 3046 sed
1551 2990 1690 3060 quod
1725 2991 1779 3044 in
1808 2989 1922 3061 ipsa
1947 3004 2104 3059 poena

511 3089 718 3144 lucrum
740 3085 882 3142 haud
911 3084 1269 3156 spernendum
1291 3083 1466 3139 inesse
1497 3082 1754 3138 videatur.
1783 3082 1841 3138 Id
1865 3099 1993 3138 vero
2019 3083 2103 3137 lu-

511 3195 665 3234 crum
694 3185 830 3243 erat,
852 3177 995 3249 quod
1016 3191 1081 3234 ex
1103 3191 1168 3232 ea
1193 3175 1358 3247 ipsius
1383 3176 1730 3247 castigatione
1750 3177 1926 3232 cuncti
1954 3185 2104 3246 post-

514 3270 733 3325 modum
768 3268 1027 3324 admoniti
1063 3277 1188 3324 sunt
1227 3266 1546 3339 resipiscere
1589 3281 1617 3321 a
1657 3267 1841 3334 malis,
1884 3265 2106 3339 fierique

515 3361 784 3415 meliores.
833 3359 1034 3415 Idcirco
1076 3371 1205 3430 ergo
1249 3374 1357 3414 non
1399 3358 1594 3414 occidit
1633 3357 1805 3426 illum,
1849 3358 1972 3429 quia
2010 3373 2120 3429 par.

515 3453 712 3507 utilitas
742 3451 982 3521 profecto
1021 3464 1128 3505 non
1153 3448 1364 3515 fuisset,
1391 3449 1559 3504 audiri
1585 3448 1727 3520 quod
1753 3447 1908 3517 Cain,
1942 3447 2106 3505 fratre

517 3545 858 3614 interempto,
890 3554 1063 3598 morte
1091 3542 1378 3596 mulctatus
1403 3549 1565 3607 esset,
1588 3548 1638 3596 et
1672 3539 1851 3596 videre
1881 3541 2104 3610 parrici-

514 3638 638 3691 dam
687 3635 859 3706 ipsum
903 3648 1090 3703 pinnas
1137 3632 1526 3688 exsolventem.
1577 3630 1827 3686 Fortasse
1873 3632 2016 3687 enim
2051 3631 2104 3687 id

514 3728 754 3782 auditum
798 3726 870 3782 ob
907 3725 1290 3780 immanitatem
1331 3723 1552 3779 sceleris
1581 3723 1842 3778 creditum
1886 3724 2106 3780 minime

515 3822 705 3876 fuisset
735 3837 750 3873 :
783 3832 926 3873 nunc
950 3832 1079 3872 vero
1121 3816 1248 3872 dm
1287 3815 1520 3881 videtur,
1561 3815 1688 3907 dum
1719 3829 1900 3870 coram
1929 3815 2102 3880 adest,

515 3914 774 3984 plurimos
817 3912 1083 3981 longoque
1129 3907 1448 3977 superstites
1491 3915 1730 3977 tempore
1776 3921 1950 3976 paena:
1993 3921 2105 3962 suae

517 4016 681 4059 tesws
705 4003 988 4072 relinquit;
1013 3997 1351 4055 manifestum
1382 4007 1527 4054 certe
1551 4013 1615 4053 ac
1641 3997 1894 4053 credibile
1922 4007 1975 4054 et
1994 4013 2105 4053 sua:

515 4095 687 4151 aetatis
713 4091 1035 4159 hominibus,
1064 4099 1118 4147 ct
1144 4098 1325 4162 postea
1349 4089 1540 4145 futuris
1560 4090 1808 4145 omnibus
1830 4089 1878 4143 id
1901 4089 2106 4144 facinus

515 4185 811 4243 constituit.
843 4181 979 4250 Quid
1017 4197 1168 4253 ergo,
1204 4181 1433 4252 inquies,
1465 4181 1567 4236 hoc
1601 4180 1676 4236 illi
1709 4180 1968 4236 contulit?
1992 4179 2104 4234 Ma-

515 4279 660 4332 xime
687 4276 902 4347 quidem
947 4273 1088 4330 illius
1117 4273 1276 4328 saluti
1301 4272 1678 4343 prospiciebat,
1721 4285 1842 4326 cum
1872 4271 1987 4342 ej’us
2014 4285 2105 4326 ra-

515 4369 680 4435 biem,
727 4377 982 4436 quantum
1026 4365 1080 4420 in
1119 4379 1178 4421 se
1221 4361 1400 4431 fuerit,
1442 4371 1720 4420 coerceret
1761 4361 2108 4433 eaStigatione

517 4458 822 4513 verborum.
845 4455 1048 4513 Verum
1077 4471 1144 4511 ne
1173 4458 1286 4526 ipsa
1312 4454 1529 4525 quidem
1563 4453 1709 4509 illata
1749 4455 1824 4509 illi
1850 4469 2028 4524 poena,
2061 4454 2107 4510 si

519 4550 640 4619 quis
665 4545 970 4618 diligentius
999 4547 1267 4617 inspiciat,
1302 4545 1532 4600 maxima
1560 4545 1727 4615 ipsius
1761 4545 1989 4600 utilitate
2010 4559 2106 4599 va—

519 4650 625 4695 cat.
653 4639 708 4694 Si
735 4639 877 4693 enim
905 4638 1083 4692 statim
1111 4637 1258 4689 illum
1301 4635 1601 4698 occidisset,
1631 4634 1835 4688 nullum
1864 4635 1964 4704 ipsi
1996 4647 2108 4704 pm-

521 4731 757 4788 nitentiae
785 4739 1016 4799 tempus,
1048 4741 1140 4798 per
1159 4742 1316 4798 quam
1334 4728 1525 4781 melior
1545 4726 1813 4791 evaderet,
1836 4725 2071 4782 dedisset
2093 4746 2106 4783 :

519 4840 663 4880 nunc
692 4837 819 4877 vero
844 4836 962 4876 cum
1003 4829 1147 4876 metu
1176 4833 1238 4874 ac
1266 4830 1497 4874 tremore
1543 4819 1706 4874 vitam
1750 4818 1972 4887 ducens,
2006 4821 2109 4876 nisi

525 4916 681 4972 nimis
709 4915 1032 4980 insensatus,
1064 4926 1126 4967 ac
1154 4912 1333 4968 bellua
1359 4912 1534 4983 potius
1563 4926 1720 4982 quam
1761 4912 1922 4968 homo
1943 4923 2105 4981 esset,

494 5001 588 5060 rx
625 5003 928 5075 hujusmodi
957 5004 1062 5057 vita
1091 5003 1242 5073 plura
1278 5016 1468 5071 capere
1510 5002 1681 5072 potuit
1726 5003 2106 5060 emolumenta.

523 5099 786 5152 Praeterea
826 5095 1061 5150 futurum
1100 5094 1417 5165 supplicium
1462 5095 1628 5150 levius
1672 5099 1950 5167 praesentis
1977 5106 2112 5151 tem-

525 5188 670 5258 poris
715 5201 874 5258 poena
915 5184 1232 5242 constituit:
1271 5200 1333 5241 ea
1379 5189 1520 5241 enim
1563 5202 1681 5257 quae
1729 5188 1882 5243 nobis
1926 5188 1978 5242 in
2012 5188 2112 5244 hac

529 5281 632 5334 vita
656 5279 956 5334 inferuntur
984 5277 1271 5349 supplicia,
1299 5276 1551 5332 divinitus
1579 5280 1876 5333 futurorum
1901 5281 2110 5335 crucia-

528 5376 673 5417 tnnm
705 5373 908 5432 partem
940 5362 1081 5418 haud
1106 5363 1350 5432 exiguam
1385 5363 1683 5418 succidunt.
1719 5365 1895 5434 Atque
1922 5365 2108 5420 harum

527 5471 705 5510 rerum
730 5457 1030 5511 testimonia
1070 5455 1138 5511 de
1175 5455 1463 5524 Scripturis
1501 5456 1695 5510 divinis
1736 5457 1929 5512 all'erre
1959 5458 2112 5513 facile

529 5563 829 5616 possumus.
853 5547 985 5604 Nam
1012 5546 1255 5603 Christus
1298 5548 1554 5601 Dominus
1579 5562 1700 5600 cum
1730 5548 2020 5619 discipulos
2045 5552 2113 5604 af-

531 5637 754 5706 luquens
780 5637 848 5692 de
882 5637 1085 5693 Lazaro
1111 5639 1419 5700 dissereret,
1466 5638 1732 5691 Abraham
1759 5642 1956 5700 retulit.
1989 5657 2110 5696 cum

533 5739 809 5795 rogaretur
837 5743 866 5782 a
894 5728 1080 5792 divite,
1108 5737 1167 5782 ut
1197 5729 1432 5782 mitteret
1459 5729 1739 5796 Lazarum,
1762 5732 1849 5801 qui
1868 5743 2111 5788 extrema

530 5819 679 5888 digiti
707 5828 854 5886 parte
877 5819 1148 5888 paululum
1173 5834 1324 5890 aqua:
1355 5820 1562 5878 ardenti
1589 5821 1780 5893 lingua:
1809 5823 2107 5892 instillarct,

1240 411 1297 468 s.
1337 392 1615 466 .iOANNlS
1633 401 2117 464 CllRYSOSTOMl
2140 381 2458 460 ARClllEP.
2489 375 3021 461 consummet).

3662 409 3768 466 432

2190 517 2387 574 dixisse
2417 519 2480 573 ad
2511 518 2694 575 illum:
2727 519 2850 587 Fili,
2878 520 3140 575 recordare
3165 521 3282 593 quia
3308 522 3534 591 recepisti
3564 533 3617 577 tu
3641 526 3769 578 bona

2185 608 2239 663 in
2263 611 2365 664 vita
2397 619 2505 675 tua,
2535 621 2581 665 et
2608 610 2838 666 Lazarus
2872 613 3007 665 mala
3031 630 3048 662 :
3073 628 3205 665 nunc
3233 622 3398 666 autent
3426 614 3506 668 hic
3533 617 3769 668 conseia-

2187 711 2292 770 tur,
2337 711 2390 755 tu
2430 718 2543 757 vero
2585 703 2826 758 cruciaris
2850 702 3000 774 (Luc.
3044 702 3130 758 l6.
3171 703 3289 773 25).
3322 703 3518 758 l‘aulu's
3559 720 3772 775 quoque

2187 793 2434 865 (Paulum
2463 810 2588 851 vero
2632 797 2842 867 quoties
2885 795 3026 863 dico,
3067 797 3250 851 rursus
3284 795 3482 851 Christi
3511 807 3771 867 praecepta

2188 885 2431 954 replico:
2461 885 2704 942 Christus
2746 887 2890 942 enim
2938 885 3198 957 profecto,
3241 901 3357 941 mea
3401 888 3615 957 quidem
3655 904 3775 943 sen-

2189 977 2376 1044 tentia,
2413 977 2623 1033 beatam
2656 979 2794 1033 illius
2823 979 3071 1033 movebat
3112 979 3392 1046 animam),
3429 979 3552 1034 dum
3587 979 3774 1037 Corin-

2192 1068 2319 1125 thiis
2347 1069 2606 1124 scriberet
2631 1070 2706 1140 (l.
2728 1069 2844 1124 Cor.
2872 1071 2925 1126 5.
2954 1069 3333 1140 5),aliquando
3348 1070 3500 1141 jubet
3523 1086 3667 1133 eum,
3686 1071 3776 1141 qui

2191 1161 2512 1231 gravissime
2542 1159 2831 1216 fornicatus
2857 1161 3047 1226 fuerat,
3089 1160 3224 1215 tradi
3261 1169 3461 1216 satana:
3512 1162 3566 1216 in
3609 1162 3775 1216 inter-

2194 1251 2324 1306 itum
2344 1252 2543 1319 carnis,
2565 1261 2621 1307 ut
2645 1254 2862 1324 spiritus
2885 1253 3063 1308 salvus
3082 1253 3153 1308 sit
3181 1254 3234 1308 in
3259 1253 3346 1309 die
3371 1254 3581 1308 Domini
3611 1254 3776 1308 nostri

2193 1339 2321 1396 Jesu
2352 1341 2566 1396 Christi.
2609 1340 2924 1412 Rursusque
2961 1357 3081 1397 cum
3120 1342 3337 1398 eosdem
3361 1342 3428 1398 de
3470 1342 3535 1397 iis
3571 1343 3663 1413 qui
3695 1345 3777 1397 in-

2196 1432 2354 1503 digne
2380 1448 2531 1488 sacra
2564 1434 2820 1505 mysteria
2862 1435 3225 1505 percipiebant
3264 1435 3575 1491 admoneret
3609 1454 3623 1490 :
3659 1434 3778 1489 Pro-

2197 1534 2386 1597 pterea,
2415 1527 2605 1598 inquit,
2645 1529 2778 1582 inter
2813 1545 2902 1583 vos
2928 1529 3073 1582 multi
3110 1530 3304 1598 inﬁrmi
3330 1539 3380 1585 et
3413 1531 3698 1595 imbecilles,
3733 1540 3779 1583 et

2199 1619 2454 1674 dormiunt
2478 1621 2641 1674 multi.
2667 1619 2807 1675 Nunt
2826 1621 2872 1676 si
2899 1639 2990 1676 nos
3013 1624 3153 1692 ipsos
3170 1623 3539 1694 judicaremus,
3566 1641 3665 1677 non
3689 1625 3780 1677 uti-

2199 1725 2294 1776 que
2325 1711 2676 1782 judicaremur
2711 1727 2730 1766 :
2768 1728 2885 1765 cum
2917 1713 3215 1782 judicamur
3256 1724 3423 1769 autem
3463 1731 3497 1768 u
3544 1714 3778 1781 Domino,

2200 1803 2520 1870 corripimur,
2553 1812 2610 1857 ut
2637 1820 2738 1858 non
2763 1820 2877 1858 cum
2903 1804 2997 1858 hoc
3025 1805 3214 1859 mundo
3244 1806 3540 1860 damnemur
3564 1806 3641 1876 (l.
3663 1806 3778 1861 Cor.

2211 1895 2300 1949 ll.
2330 1893 2548 1963 50-52).
2568 1895 2829 1951 Vidistine
2851 1896 3168 1952 ineffabilem
3185 1899 3541 1964 clementiam,
3557 1900 3784 1955 immen-

2209 1999 2402 2055 sasque
2427 1985 2637 2041 divitias
2661 1985 3034 2058 benignitatis?
3066 1989 3243 2043 vidisti
3274 1997 3332 2043 ut
3355 1990 3529 2044 omnia
3557 1999 3677 2061 agat
3704 2001 3783 2044 at-

2202 2089 2305 2145 que
2325 2076 2573 2130 moliatur
2595 2076 2757 2145 Deus,
2787 2085 2847 2132 ut
2889 2087 3007 2148 post
3034 2088 3309 2149 peccatum
3337 2096 3546 2150 quoque
3574 2081 3785 2136 mitiore

2203 2181 2363 2236 quam
2403 2167 2703 2237 debuimus,
2736 2168 3028 2239 plectamur
3056 2185 3236 2241 poena,
3268 2180 3359 2225 aut
3385 2171 3544 2226 etiam
3572 2173 3787 2227 omnino

2203 2253 2529 2313 liberemur?

2274 2349 2330 2404 4.
2361 2347 2565 2404 Diaboli
2591 2347 2643 2404 in
2675 2368 2767 2408 nos
2789 2351 3021 2407 incursus
3047 2363 3164 2409 sunt
3191 2354 3358 2410 meriti
3398 2365 3747 2427 argumentum
3768 2399 3783 2424 ,

2204 2454 2506 2494 coronarum
2531 2442 2762 2496 materia.
2795 2473 2868 2483 —
2901 2442 3068 2499 Porro
3106 2444 3151 2499 si
3189 2445 3308 2515 quis
3339 2444 3389 2500 id
3417 2443 3677 2500 curiosius
3707 2446 3791 2500 in-

2206 2533 2403 2602 quirat,
2428 2533 2582 2604 cujus
2607 2534 2685 2590 rei
2706 2535 2874 2606 gratia
2895 2545 3128 2592 veterem
3153 2537 3298 2591 illum
3325 2538 3658 2593 seductorem
3687 2556 3794 2594 non

2205 2624 2462 2680 continuo
2487 2624 2765 2692 deleverit,
2789 2625 2842 2682 id
2865 2643 3075 2698 quoque
3100 2643 3196 2698 pro
3225 2644 3432 2683 summa
3459 2629 3510 2683 in
3543 2644 3640 2683 nos
3667 2644 3795 2683 cura

2206 2714 2403 2770 factum
2430 2718 2744 2788 comperiet.
2777 2718 2832 2775 Si
2861 2719 3004 2775 enim
3031 2721 3320 2776 sceleratus
3351 2721 3439 2776 ille
3471 2719 3519 2774 vi
3548 2721 3797 2775 domina-

2207 2818 2376 2878 retur,
2417 2820 2560 2866 esset
2601 2810 2828 2867 fortasse
2868 2813 3197 2868 rationabilis
3227 2815 3323 2869 ista
3361 2813 3632 2884 inquisitio
3667 2831 3680 2866 :
3713 2813 3796 2867 sin

2207 2909 2384 2956 autem
2414 2901 2515 2956 hac
2539 2903 2772 2971 potentia
2802 2905 3036 2974 privatus
3063 2913 3265 2959 tantum
3294 2903 3616 2975 persuadere
3636 2913 3798 2974 atque

2208 2990 2424 3046 allicere
2449 2999 2645 3062 potest,
2669 2992 2812 3048 illius
2833 3009 2961 3049 vero
2986 2995 3248 3050 suasionis
3271 2995 3546 3050 illecebras
3571 3011 3797 3049 renuere

2209 3082 2263 3138 in
2295 3083 2447 3139 nobis
2473 3091 2591 3139 est:
2621 3099 2719 3139 cur
2747 3093 2799 3139 tu
2829 3084 3003 3140 meriti
3031 3097 3400 3158 argumentum
3433 3087 3573 3141 tollis
3593 3129 3608 3152 ,
3637 3103 3796 3141 coro-

2209 3190 2503 3246 narumque
2548 3177 2826 3231 materiam
2876 3177 3226 3248 praescindis?
3265 3177 3346 3233 Ad
3393 3179 3508 3233 haec
3557 3179 3601 3232 si
3648 3178 3794 3231 illum

2209 3267 2387 3322 sciens
2426 3264 2540 3322 fore
2589 3256 3036 3338 insuperabilem,
3077 3278 3401 3338 cunctosque
3426 3268 3792 3332 devicturmn,

2209 3355 2282 3411 ita
2311 3355 2456 3411 illum
2491 3354 2784 3413 dimisisset
2826 3358 2996 3424 Deus,
3027 3375 3093 3414 ne
3123 3359 3198 3414 sic
3224 3359 3436 3429 quidem
3473 3359 3539 3414 de
3568 3358 3651 3413 his
3677 3374 3797 3412 mo-

2207 3447 2381 3503 venda
2422 3448 2647 3520 quaestio
2671 3459 2833 3504 esset.
2861 3448 2996 3504 Nam
3042 3459 3152 3503 tum
3178 3465 3387 3519 quoque
3410 3449 3550 3520 quod
3580 3449 3669 3503 ille
3695 3448 3797 3502 oh-

2210 3539 2440 3603 tiueret,
2489 3538 2632 3608 quod
2661 3541 2898 3595 vinceret
2941 3556 3046 3594 non
3089 3540 3446 3605 reluctantes,
3484 3539 3576 3594 sed
3607 3551 3800 3610 sponte

2209 3633 2311 3687 sibi
2338 3631 2590 3688 cedentes
2628 3644 2788 3702 atque
2815 3632 3224 3689 succumbentes
3244 3676 3259 3699 ,
3302 3650 3330 3686 a
3379 3633 3530 3687 nobis
3560 3632 3800 3703 profecto

2212 3734 2520 3780 manasset:
2551 3735 2916 3780 verumtamen
2947 3727 3028 3780 his
3057 3725 3147 3797 qui
3190 3727 3394 3796 ingrate
3433 3742 3590 3796 agere
3615 3727 3801 3780 volunt

2209 3831 2277 3871 ne
2307 3817 2360 3871 id
2385 3817 2598 3886 quidem
2631 3818 2760 3874 satis
2789 3828 2949 3872 esset.
2982 3817 3134 3884 Quod
3163 3819 3207 3872 si
3250 3819 3456 3888 plurimi
3485 3818 3700 3887 quidem
3732 3819 3800 3872 il-

2192 3908 2313 3964 lius
2360 3909 2651 3979 potentiam
2700 3925 2762 3964 ac
2812 3909 2954 3965 vires
3001 3913 3274 3980 frangunt,
3321 3911 3618 3980 complures
3670 3911 3798 3965 item

2212 3999 2431 4070 posthac
2463 3997 2609 4052 illum
2640 4001 2937 4068 superaturi
2961 4010 3117 4066 sunt,
3146 4000 3271 4072 quid
3298 4011 3350 4054 tu
3375 4001 3578 4056 futuros
3603 4001 3801 4071 proba-

2211 4090 2447 4144 tissimos
2477 4091 2880 4161 clarissimaque
2908 4093 3128 4148 victoria
3171 4094 3402 4164 insignes
3434 4103 3579 4148 tanto
3623 4095 3801 4161 privas

2211 4180 2455 4237 honore?
2482 4181 2683 4237 Idcirco
2709 4183 2850 4237 enim
2880 4184 3026 4237 illum
3051 4183 3284 4248 dimisit,
3317 4194 3376 4238 ut
3405 4200 3524 4239 eum
3549 4184 3802 4253 dejiciant

2211 4272 2301 4343 qui
2331 4273 2539 4328 fuerant
2565 4273 2635 4328 ab
2659 4289 2724 4328 eo
2751 4275 2897 4345 prius
2920 4276 3181 4344 superati,
3215 4276 3357 4346 quod
3397 4276 3472 4330 illi
3495 4277 3639 4331 omni
3668 4292 3800 4345 sup-

2211 4364 2373 4435 plicio
2401 4364 2612 4435 gravius
2637 4373 2738 4431 est,
2769 4364 3050 4435 ipsumque
3071 4366 3134 4420 ad
3157 4377 3448 4421 extremam
3471 4367 3802 4422 condemna-

2213 4457 2412 4511 tionem
2442 4456 2687 4512 deducet.
2717 4457 2787 4511 At
2806 4472 2910 4512 non
2933 4474 3140 4526 omnes,
3165 4459 3390 4529 inquies,
3415 4461 3559 4515 illum
3582 4475 3803 4530 supera--

2214 4550 2313 4604 turi
2343 4558 2483 4603 sunt.

2285 4640 2387 4694 Cur
2418 4639 2555 4694 Deus
2583 4656 2609 4694 e
2637 4639 2799 4694 medio
2839 4641 3096 4694 diabolum
3122 4659 3222 4696 non
3249 4645 3521 4698 sustulerit.
3557 4675 3625 4684 -——
3662 4645 3798 4712 Quid

2213 4729 2316 4784 hoc
2345 4730 2410 4784 ad
2439 4729 2594 4784 rem?
2621 4729 2865 4785 Profecto
2895 4732 3036 4808 enim
3079 4733 3246 4787 multo
3283 4735 3682 4790 Convenicntius
3718 4746 3802 4790 est

2191 4817 2368 4890 justis
2433 4822 2745 4878 occasiones
2796 4824 3161 4892 suppeditari,
3229 4827 3419 4894 quibus
3476 4828 3798 4880 voluntatem

2215 4913 2502 4969 ostendant
2528 4930 2698 4980 suam,
2727 4931 2820 4970 eos
2845 4932 2970 4970 vero
2997 4918 3084 4986 qui
3118 4935 3221 4971 non
3253 4927 3376 4972 sunt
3403 4919 3703 4989 hujusmodi
3734 4937 3801 4974 ex

2216 5007 2427 5076 propria
2461 5007 2634 5074 puniri
2681 5008 2996 5077 negligentia
3018 5051 3034 5075 ,
3065 5025 3222 5078 quam
3253 5009 3472 5064 istorum
3502 5026 3658 5065 eausa
3700 5012 3800 5064 illis

2219 5099 2375 5153 etiam
2403 5098 2655 5151 damnum
2685 5098 2880 5153 afferri.
2913 5099 3044 5152 Nam
3083 5099 3242 5154 modo
3281 5101 3323 5154 is
3350 5101 3440 5170 qui
3485 5102 3653 5154 malus
3684 5109 3797 5169 est,

2217 5188 2262 5243 si
2292 5188 2538 5250 laedatur,
2571 5204 2674 5242 non
2699 5189 2986 5244 adversarii
3016 5190 3235 5253 viribus,
3263 5191 3354 5244 sed
3380 5209 3476 5245 suo
3502 5193 3673 5261 potius
3696 5203 3796 5244 tor-

2217 5296 2346 5350 pore
2375 5291 2656 5350 superatur
2698 5299 2712 5334 :
2762 5282 2901 5351 quod
2951 5283 3149 5336 indicat
3194 5284 3451 5337 victorum
3501 5284 3797 5338 multitudo.

2217 5371 2368 5427 Tunc
2397 5388 2524 5426 vero
2555 5373 2706 5440 probi
2751 5373 2947 5442 quique
2992 5373 3352 5442 improborum
3393 5390 3551 5428 causa
3601 5377 3798 5428 incritis

2219 5460 2510 5516 honoribus
2545 5459 2775 5514 fraudati
2816 5460 3069 5526 fuissent,
3118 5479 3223 5516 non
3265 5464 3548 5531 habentes,
3593 5466 3796 5518 illorum

2218 5553 2394 5621 culpa,
2424 5552 2512 5606 ubi
2545 5553 2683 5608 vires
2705 5563 3019 5607 exercerent
3044 5569 3200 5618 suas;
3231 5555 3390 5608 veluti
3414 5557 3456 5609 si
3485 5556 3795 5625 agoncthota

2218 5644 2337 5714 quis
2365 5644 2590 5697 athletas
2619 5643 2755 5697 duos
2781 5644 2988 5710 nactus,
3012 5645 3236 5699 alterum
3268 5646 3477 5716 quidem
3501 5647 3800 5700 adversario

2219 5735 2469 5804 congredi
2495 5743 2755 5802 paratum,
2783 5749 3104 5805 omnemque
3132 5737 3469 5792 tolerantiam
3499 5738 3794 5795 ostendere.

2223 5841 2579 5898 comitemque
2608 5843 2672 5884 ex
2699 5828 2989 5885 certatnine
3011 5829 3213 5886 referre
3231 5871 3244 5898 ,
3275 5830 3502 5886 alterum
3533 5829 3699 5886 labori
3729 5829 3796 5884 illi
