4138 6460
390 380 498 438 633

384 498 544 553 Οὕτω
571 495 671 568 μὲν
699 493 808 567 7&9
838 494 868 549 6
898 492 1185 557 σπουδαῖος
1211 492 1300 548 διὰ
1317 493 1407 547 τὸν
1430 493 1632 563 φαῦλον
1667 490 1985 566 ἐπηρεάσθη
2012 502 2062 554 ι,

385 588 589 649 ἐκεῖνος
621 583 678 638 δέ
703 583 888 637 ούκέτι
912 581 1002 636 διὰ
1047 581 1138 635 τὸν
1182 583 1431 651 γενναῖον
1456 581 1648 646 κακὸς,
1677 579 1813 635 ἀλλὰ
1841 579 1931 634 διά
1970 577 2070 650 τὴν

385 672 586 727 κακίαν
638 669 738 742 τὴν
780 668 968 724 αὑτοῦ.
1019 668 1131 722 Kal
1189 668 1280 722 νῦν
1324 668 1422 740 μὲν
1460 669 1609 723 δοκεῖ
1641 667 1702 721 τὸ
1738 667 2072 738 ζητούμενον

386 760 574 823 αὐτοῖς
601 752 744 812 εῖναι
771 755 1017 828 περὶτοῦ
1051 754 1302 809 διαϐόλου
1322 773 1336 787 ο
1364 756 1505 809 κατά
1531 755 1589 809 δέ
1617 754 1717 826 τὴν
1749 753 2072 810 ἀκολουθίαν

384 848 415 901 6
447 846 609 916 λόγος
645 837 802 909 οὗτος
844 842 1050 916 προῖὼν
1082 843 1182 916 τήν
1207 841 1371 899 αὑτοῦ
1400 843 1615 909 πολλοῖς
1639 843 1927 913 ἐγκαλέσει
1975 843 2074 896 καὶ

389 934 665 1006 μέμψεται
709 933 809 1005 τὴν
847 931 1127 1004 πρόνοιαν,
1175 931 1270 986 καὶ
1307 931 1407 1004 τὴν
1448 932 1813 1004 δημιουργίαν
1851 931 2074 988 ἃπασαν

385 1016 633 1071 διαϐαλεῖ
656 1015 751 1070 τοῦ
788 1015 945 1070 Θεοῦ.
975 1015 1087 1070 Kal
1122 1014 1233 1088 7&9
1261 1016 1360 1086 τῆς
1392 1015 1488 1070 τοῦ
1521 1015 1786 1087 στόματος
1834 1014 1929 1070 καὶ
1972 1013 2073 1084 τῆς

385 1106 495 1162 τῶν
539 1106 835 1178 ὀφθαλμῶν
874 1105 1247 1178 κατηγορήσει
1310 1105 1682 1170 διαπλάσεως
1722 1105 1812 1159 διά
1866 1104 2073 1159 τούτων

389 1195 490 1267 μὲν
517 1194 629 1268 γὰρ
682 1193 1042 1264 ἐπιθυμοῦσιν
1076 1187 1153 1249 ὧν
1188 1194 1249 1247 οὐ
1277 1194 1377 1256 δεῖ,
1400 1193 1492 1248 καὶ
1514 1195 1594 1258 είς
1641 1194 1885 1266 μοιχείαν
1905 1193 2073 1265 ἐμπί-

387 1300 617 1338 πτουσιν
662 1282 949 1337 οίπολλοίο
992 1281 1059 1337 δι’
1089 1280 1302 1337 ἐκείνου
1334 1281 1389 1336 δέ
1432 1281 1831 1354 βλασφημοῦσι,
1866 1283 1961 1336 καὶ
2003 1281 2073 1336 τά

385 1372 607 1444 ὀλέθρια
657 1371 767 1426 τῶν
816 1371 1103 1443 δογμάτων
1159 1370 1527 1443 προφέρουσιν
1576 1371 1776 1443 ἐτεροι.
1808 1366 1937 1442 Ἆρ’
1979 1364 2074 1424 οῦν

385 1459 476 1514 διὰ
511 1457 671 1513 τοῦτο
702 1460 874 1530 χωρὶς
900 1457 1150 1529 γλώττης
1186 1460 1280 1511 καὶ
1316 1456 1612 1529 ὀφθαλμῶν
1646 1455 1902 1527 γενέσθαι
1947 1458 2075 1522 τοὺς

387 1546 709 1620 ἀνθρώπους
735 1548 941 1619 ἐχρῆν;
986 1546 1198 1600 Οὐκοῦν
1222 1546 1320 1601 καὶ
1369 1547 1498 1611 τοὺς
1531 1546 1701 1611 πόδας
1744 1545 2072 1616 ἐκκόψομεν,

388 1635 600 1701 καὶτὰς
627 1638 817 1709 χεῖρας
837 1634 1243 1707 άποτεμοῦμεν,
1271 1634 1460 1708 ἐπειδὴ
1492 1629 1653 1690 αὗται
1695 1634 1795 1706 μὲν
1823 1635 2077 1704 αἱμάτων

389 1725 623 1796 πλήρεις
658 1724 816 1788 εἰσὶν,
848 1723 1120 1778 ἐκεῖνοιδέ
1146 1723 1225 1788 είς
1256 1722 1454 1778 κακίαν
1490 1723 1764 1796 τρέχουσι,
1784 1722 1923 1777 Ἀλλ’
1954 1722 2076 1776 οὐδὲ

387 1816 459 1870 τά
496 1809 613 1869 ὧτα
636 1814 736 1885 τὴν
768 1814 1038 1884 ἀπήνειαν
1052 1812 1147 1868 τοῦ
1178 1812 1340 1882 λόγου
1365 1811 1880 1884 τούτου⁹δυνήσεται
1913 1813 2077 1881 ἐκφυ·

388 1904 508 1973 γεῖν
532 1919 547 1935 ο
579 1903 673 1956 καὶ
698 1901 808 1974 7&9
840 1900 1011 1974 ἀκοὴν
1043 1900 1279 1973 ματαίαν
1306 1900 1694 1973 παραδέχεται,
1709 1900 1807 1954 καὶ
1832 1900 1933 1971 τὴν
1964 1898 2077 1954 τῶν

388 1992 676 2064 δογμάτων
692 1991 898 2064 φθοράν
921 1991 1284 2064 παραπέμπει
1309 1993 1378 2062 τῇ
1402 1989 1549 2062 ψυχῇ
1573 2007 1587 2022 ο
1616 1988 1760 2043 ὥστε
1788 1987 2078 2043 καὶταῦτα

391 2080 796 2152 ἀφαιρήσομεν.
824 2077 891 2133 El
924 2077 981 2131 δὲ
1017 2077 1200 2142 τοῦτο,
1245 2077 1341 2132 καὶ
1375 2079 1517 2142 σῖτα,
1544 2076 1642 2131 καὶ
1674 2075 1836 2143 ποτά,
1866 2076 1961 2129 καὶ
1987 2077 2080 2130 ού·-

396 2165 581 2239 ρανὸν,
617 2164 711 2218 καὶ
731 2164 859 2236 γῆν,
904 2163 1000 2217 καὶ
1039 2161 1329 2228 θάλατταν,
1357 2162 1455 2216 καὶ
1484 2161 1656 2232 ἥλιον,
1691 2161 1786 2216 καὶ
1812 2160 1952 2232 φῶς,
1984 2161 2081 2215 καὶ

394 2251 650 2323 σελήνην,
683 2249 779 2304 καὶ
825 2250 918 2304 τὸν
963 2248 1073 2303 τῶν
1113 2248 1331 2321 ἄστρων
1386 2248 1569 2321 χορὸν,
1610 2247 1707 2303 καὶ
1757 2249 1938 2303 πάντα
1969 2246 2081 2302 τῶν

393 2339 605 2410 ἀλόγων
627 2338 696 2393 τά
720 2337 852 2410 γένη
870 2354 888 2369 ·
921 2335 1027 2391 ποῦ
1055 2336 1166 2409 γὰρ
1196 2335 1349 2399 ἔσται
1383 2336 1634 2407 χρήσιμα
1669 2336 1862 2401 ταῦτα,
1899 2333 1992 2390 τοῦ
2013 2334 2080 2390 δι’

394 2426 455 2481 ὃν
474 2426 693 2495 ἐγένετο
729 2425 909 2479 πάντα
961 2421 1367 2487 κατακοπέντος
1398 2421 1575 2486 οὕτως
1603 2420 1872 2488 ἐλεεινῶς
1915 2420 2084 2496 Ὁρᾷς

394 2513 488 2570 τὸν
514 2514 723 2584 γέλωτα
753 2512 848 2567 καὶ
869 2512 969 2583 τήν
984 2511 1214 2567 ἀτοπίαν
1238 2512 1320 2574 εἰς
1345 2509 1413 2582 ἢν
1436 2511 1466 2563 ὁ
1495 2509 1654 2579 λόγος
1685 2510 2085 2583 καταστρέφειν

396 2596 800 2668 ἀναγκάζεται;
836 2596 895 2650 '0
925 2597 1033 2667 7&9
1061 2593 1313 2660 διάϐολος
1350 2594 1527 2666 ἐαυτῷ
1573 2594 1766 2659 κακὸς,
1793 2594 1891 2666 οὐχ
1916 2595 2082 2667 ἡμῖν·

397 2683 563 2753 ἡμεῖς
616 2679 725 2751 7&9
766 2681 815 2733 εἰ
853 2678 1181 2750 βουλοίμεθα
1223 2676 1318 2733 καὶ
1350 2677 1524 2731 πολλά
1559 2676 1969 2747 καρπωσόμεθα
2014 2677 2084 2732 δι’

398 2769 566 2824 αὐτοῦ
623 2767 789 2835 καλά,
856 2769 1082 2831 ἄκοντος
1130 2766 1229 2838 μέν
1266 2766 1363 2820 καὶ
1411 2766 1485 2838 μὴ
1529 2764 1856 2836 βουλομένου
1881 2782 1896 2796 ’
1940 2764 2001 2819 τὸ
2029 2765 2089 2820 δὲ

400 2856 587 2929 θαῦμα
646 2857 743 2911 καὶ
799 2857 858 2910 ἐν
897 2854 1074 2926 τούτῳ
1102 2852 1310 2925 μεῖζον,
1356 2852 1451 2905 καὶ
1473 2852 1574 2923 τῆς
1601 2851 1696 2904 τοῦ
1725 2849 1861 2905 Θεοῦ
1895 2852 2087 2923 φιλαν-

401 2942 648 3015 θρωπίας
675 2942 710 3013 ὴ
732 2938 1028 3012 ὑπερϐολή.
1061 2938 1136 2991 Τὸ
1161 2936 1272 3010 7&9
1300 2936 1540 3008 βελτίους
1556 2936 1800 3006 γίνεσθαι
1828 2938 1955 3002 τοὺς
1996 2937 2091 2991 ἀν-

403 3037 659 3111 θρώπους
690 3037 875 3092 δάκνει
933 3035 1031 3107 μέν
1078 3034 1243 3091 αὐτὸν
1296 3034 1393 3089 καὶ
1433 3035 1569 3089 αὐτὸ
1615 3034 1739 3090 καθ’
1787 3034 1948 3089 ἐαυτὸ
1995 3034 2092 3088 καὶ⁹

402 3127 598 3181 λυπεῖ·
616 3125 819 3180 ὅτανδέ
845 3124 941 3179 καὶ
965 3125 1032 3180 δι’
1060 3123 1224 3179 αὐτοῦ
1244 3123 1403 3179 τοῦτο
1436 3123 1764 3196 προξενῆται
1793 3126 1947 3195 ἡμῖν,
1980 3122 2092 3177 οὐδ’

407 3216 653 3285 ἐνεγκεῖν
684 3206 973 3284 δυνήσεται
1011 3212 1112 3285 τὴν
1145 3213 1430 3285 ἐπήρειαν.
1461 3211 1589 3277 Πῶς
1621 3206 1714 3268 οῦν
1752 3211 2094 3285 προξενεῖται

403 3302 473 3357 δι’
501 3300 703 3367 αὐτοῦς
735 3301 1045 3366 Δεδοικότες
1078 3299 1245 3355 αὐτοῦ
1284 3300 1384 3374 τήν
1419 3300 1679 3373 ὠμότητα
1712 3299 1808 3355 καὶ
1837 3298 1938 3366 τάς
1968 3317 2095 3355 συν-

406 3392 554 3462 εχεῖς
582 3398 588 3404 “
614 3389 928 3456 ἐπιϐουλάς,
992 3389 1087 3444 καὶ
1133 3389 1234 3454 τὰς
1280 3389 1620 3462 ἐπαλλήλους
1671 3377 1957 3461 μηχανάς,
2001 3387 2094 3443 τὸν

408 3478 577 3532 πολὺν
622 3476 790 3532 ὕπνον
827 3477 1268 3552 ἀποκρουόμεθα,
1304 3479 1568 3552 νήφομεν,
1624 3477 1951 3551 μεμνήμεθα
1996 3475 2092 3531 τοῦ

406 3564 617 3638 Κυρίου
641 3563 954 3627 διαπαντός.
977 3550 1104 3618 ’Καὶ
1132 3566 1213 3619 ὅτι
1241 3566 1341 3619 οὐκ
1357 3565 1489 3637 ἐμὸς
1508 3550 1663 3630 οὗτος
1689 3567 1717 3620 6
1747 3565 1928 3634 λόγος,
1959 3564 2096 3621 ἀλλά

408 3652 505 3706 τοῦ
537 3650 806 3723 μακαρίου
841 3650 1075 3717 Παύλου,
1104 3651 1337 3707 ἄκουσον
1364 3652 1483 3718 πῶς
1505 3652 1595 3708 διὰ
1621 3652 1733 3708 τῶν
1756 3652 1936 3708 αὐτῶν
1972 3670 2096 3724 σχε-

407 3742 499 3797 δὸν
537 3740 796 3815 ῥημάτων
833 3740 1090 3813 διεγείρει
1128 3743 1254 3805 τοὺς
1299 3741 1660 3808 καθεύδοντας
1706 3741 1816 3797 τῶν
1862 3744 2091 3798 πιστῶν.

409 3832 538 3895 Τοῖς
583 3829 690 3902 γὰρ
751 3829 1021 3900 Ἐφεσίοις
1060 3830 1388 3886 ἐπιστέλλων
1411 3829 1557 3886 οὕτω
1590 3831 1710 3897 πώς
1737 3849 1902 3904 φησιν
1922 3850 1936 3863 ο
1970 3834 2096 3888 Οὐκ

409 3918 582 3972 ἐστιν
634 3916 781 3988 ἡμῖν
818 3919 859 3987 ἡ
881 3917 1044 3986 πάλη
1066 3917 1218 3987 πρὸς
1232 3913 1375 3988 αἷμα
1397 3919 1496 3974 καί
1514 3917 1732 3989 σάρκα,
1758 3920 1923 3976 ἀλλὰ
1945 3921 2095 3990 πρὸς

408 4007 517 4074 τὰς
534 4006 744 4077 ἀρχὰς,
774 4005 927 4076 πρὸς
983 4008 1091 4072 τὰς
1128 4005 1437 4074 ἐξουσίας,
1479 4008 1634 4077 πρὸς
1678 4009 1823 4078 τοὺς
1867 4025 2094 4082 κοσμο-

408 4094 706 4164 κράτορας
729 4094 836 4149 τοῦ
872 4093 1135 4160 σκότους
1173 4095 1280 4151 τοῦ
1323 4095 1539 4165 αἰῶνος
1569 4098 1807 4164 τούτου,
1841 4102 1994 4167 πρὸς
2022 4100 2094 4156 τὰ

410 4187 784 4254 πνευματικὰ
802 4181 915 4252 τῆς
927 4184 1220 4253 πονηρίας
1246 4184 1317 4239 ἐν
1332 4184 1453 4252 τοῖς
1469 4185 1872 4256 ἐπουρανίοις.
1904 4187 2095 4244 Ταῦτα

408 4271 466 4325 δέ
485 4271 690 4341 ἔλεγεν,
723 4271 786 4325 ού
816 4269 1148 4327 καταϐαλεῖν
1169 4271 1388 4337 αὐτοὺς,
1417 4273 1553 4328 ἀλλά
1582 4273 1941 4348 διαναστῆσαι
1968 4277 2093 4349 βου-

409 4358 656 4431 λόμνος.
710 4359 821 4413 Kal
864 4361 894 4413 6
934 4358 1142 4432 Πέτρος
1188 4360 1270 4427 δέ,
1314 4361 1588 4431 Νήψατε,
1618 4365 1775 4435 φησὶ,
1800 4366 2097 4436 719177091}-

408 4463 577 4511 σατε,
611 4447 763 4520 [164]
790 4448 880 4503 ὅτι
905 4451 939 4503 ό
968 4448 1272 4517 ἀντίδικος
1303 4450 1473 4520 ὑμῶν
1509 4450 1792 4520 διάϐολος
1819 4454 1902 4520 ὡς
1935 4454 2095 4511 λέων

406 4537 746 4606 ὠρυόμενος
763 4536 1092 4605 περιπατεῖ,
1123 4536 1310 4605 ζητῶν
1334 4538 1472 4592 τίνα
1502 4541 1765 4610 καταπίῃ
1785 4557 1801 4573 ο
1837 4535 1886 4608 ᾧ
1924 4543 2091 4599 ἀντι-

407 4640 594 4692 στητε
644 4623 875 4690 στερεοὶ
911 4622 987 4693 τῇ
1023 4624 1246 4678 πίστει.
1301 4624 1473 4679 Τοῦτο
1504 4626 1561 4680 δὲ
1593 4622 1714 4681 εἷπε
1748 4629 1773 4668 δ
1804 4630 2091 4702 σφοδροτέ-

411 4729 537 4784 ρους
574 4709 910 4781 ἐργάσασθαι
946 4709 1136 4769 θέλων.
1170 4710 1265 4765 καὶ
1305 4714 1493 4766 πεῖσαι
1541 4713 1765 4769 πλείονα
1812 4717 1949 4788 πρὸς
1997 4718 2090 4773 τὸν

408 4799 543 4855 Θεὸν
567 4797 665 4869 τὴν
683 4797 990 4869 οἰκειότητα
1017 4796 1181 4868 ἔχειν.
1228 4799 1286 4853 '0
1333 4798 1443 4872 7&9
1466 4802 1746 4867 ἐφεστῶτα
1780 4805 1872 4860 τὸν
1894 4806 2090 4879 ἐχθρὸν

406 4889 571 4960 δρῶν.
604 4886 803 4960 μᾶλλον
818 4887 1144 4959 προστρέχει
1166 4887 1262 4942 καὶ
1292 4890 1666 4961 συμπλέκεται
1688 4893 1768 4966 τῷ
1806 4894 2091 4967 δυναμένῳ

410 4978 647 5051 βοηθεῖν.
688 4975 844 5031 Οὕτω
884 4994 985 5033 που
1033 4978 1129 5031 καὶ
1159 4978 1233 5033 τά
1260 4980 1449 5034 παιδία
1474 4982 1542 5037 τά
1579 4984 1774 5056 μικρά,
1824 4984 1954 5039 ὅταν
1990 4986 2090 5056 μὲν

410 5068 495 5142 ἴδῃ
540 5085 592 5122 τι
629 5065 741 5121 τῶν
773 5065 1047 5138 φοϐερῶν,
1085 5067 1167 5125 είς
1193 5067 1284 5122 τὸν
1314 5069 1413 5139 τῆς
1440 5070 1647 5143 μητρὸς
1674 5073 2090 5143 καταφεύγοντα

408 5158 642 5224 κόλπον,
683 5156 779 5210 καὶ
805 5153 1256 5227 ἐκκρεμασθέντα
1292 5155 1400 5210 τῶν
1435 5158 1665 5228 ἱματίων
1695 5160 1931 5230 ἐκείνης,
1968 5162 2090 5234 ἐχε-

406 5262 498 5300 ται
523 5242 705 5298 αὐτῶν
742 5241 1025 5313 ἀσφαλῶς,
1056 5242 1152 5295 καὶ
1178 5242 1389 5296 πολλῶν
1411 5244 1781 5302 ἀνθελκόντων
1804 5248 2088 5316 πολλάκις,

408 5334 511 5388 οὐκ
541 5333 867 5404 ἀφίσταται·
897 5332 1029 5385 ὅταν
1064 5329 1121 5383 δέ
1153 5331 1318 5402 μηδὲν
1429 5332 1490 5386 τὸ
1523 5333 1808 5405 θορυϐοῦν,
1846 5338 1968 5392 οὐδέ
1996 5355 2095 5392 κα-

410 5420 612 5493 λούσης
647 5421 864 5492 ἐκείνης
925 5418 1022 5473 καλ⁵
1074 5418 1447 5492 ἐφελκομένης
1484 5421 1759 5493 ἀνέχεται,
1814 5424 1952 5480 ἀλλά
1997 5428 2094 5480 καὶ

410 5508 686 5563 καλοῦσαν
722 5506 1001 5570 διαπτύει,
1030 5506 1328 5561 καὶπολλὰ
1377 5508 1514 5578 πρὸς
1565 5509 1628 5562 τὸ
1683 5513 2094 5569 ἐπισπάσασθαι

414 5596 815 5670 μηχανωμένην
864 5595 1304 5668 ἀποστρέφεται,
1357 5595 1451 5649 καὶ
1505 5597 1790 5671 τραπέζης
1835 5602 2096 5676 κειμένης

475 5720 702 5792 ιλιοτεῃ
724 5722 1032 5786 έπηρέασται,
1076 5718 1228 5770 Savil.
1269 5721 1319 5770 in
1344 5725 1489 5771 textu
1535 5722 1823 5787 έπηρεάσθη,
1846 5728 1897 5776 in
1935 5742 2092 5792 marg.

414 5782 770 5848 διηρεάζεσθαις
819 5782 831 5786 ⁷
1631 5782 1641 5787 ’
1795 5782 1821 5785 θ’

477 5846 507 5888 ιι
527 5843 611 5895 Sic
632 5838 782 5892 Savil.
818 5842 992 5892 Morel.
1020 5853 1141 5891 vero
1161 5843 1327 5893 omisit
1347 5843 1469 5908 hac,
1488 5842 1632 5895 τοῦτο
1655 5847 1704 5897 δὲ
1729 5848 1851 5898 εἶπε.

1114 376 1176 432 S.
1215 372 1508 433 JOANNIS
1564 366 2059 433 CIIRYSOSTOMI
2098 365 2423 423 AB‘CHIEP.
2461 367 3019 427 CONSTANTINOP.

3754 376 3876 440 εει

2175 488 2528 558 καταφρονεῖ.
2566 485 2666 539 Διὰ
2717 486 2876 541 τοῦτο
2915 487 3106 542 πολλαὶ
3148 486 3258 543 τῶν
3308 491 3562 564 μητέρων
3633 494 3875 553 ἐπειδὰν

2176 572 2345 645 μηδὲν
2383 572 2648 644 ἰσχύσωσι
2683 574 3148 646 παρακαλοῦσαι,
3188 578 3565 648 μορμολύκεια
3614 583 3714 635 καὶ
3765 584 3872 653 φύ-

2173 662 2353 734 ϐητρα
2392 662 2919 728 κατασκευάζουσαι,
2957 661 3130 728 οὕτως
3174 664 3353 718 αὐτῶν
3399 667 3713 736 σοφίζονται
3762 673 3871 743 τὴν

2172 750 2466 813 ἐπάνοδον,
2528 751 2625 805 καὶ
2690 750 2937 805 πείθουσι
2996 751 3367 824 προσδραμεῖν
3433 756 3597 809 πάλιν
3642 759 3868 824 αὑταῖς.

2173 837 2422 892 Τοῦτοδέ
2449 838 2664 893 οὐκέπὶ
2690 839 2798 894 τῶν
2838 839 3070 895 παιδίων
3110 841 3319 909 γίνεται
3355 842 3539 913 μόνον,
3581 845 3720 900 ἀλλά
3770 849 3872 904 καὶ

2173 926 2258 995 ἐφ’
2291 927 2471 998 ήμῶν.
2491 929 2662 983 Ὅταν
2693 928 2803 1000 γάρ
2829 929 3019 1000 ήμᾶςὸ
3045 929 3289 1002 Πονηρὸς
3313 930 3450 1002 φοϐῇ
3475 932 3566 986 καὶ
3595 936 3867 1009 ταράττῃ,

2174 1015 2298 1068 τότε
2337 1013 2811 1087 σωφρονιζόμεθα,
2840 1018 2963 1069 τότε
2988 1017 3215 1080 ἑαυτοὺς
3244 1017 3706 1091 ἐπιγινώσκομεν,
3741 1022 3868 1076 τότε

2178 1104 2316 1175 μετά
2340 1103 2541 1176 πολλῆς
2576 1105 2676 1175 τῆς
2715 1105 2950 1176 σπουδῆς
2981 1104 3059 1175 τῷ
3100 1104 3219 1175 Θεῷ
3259 1107 3698 1178 προστρέχομεν·
3729 1110 3780 1161 εί
3811 1109 3870 1164 δέ

2176 1191 2453 1263 ἠφανίσθη
2510 1191 2665 1265 παρά
2694 1191 2797 1264 τὴν
2833 1193 3008 1264 ἀρχὴν
3029 1184 3184 1256 οὗτος
3212 1193 3309 1247 κα)⁵
3330 1193 3556 1262 γέγονεν
3591 1194 3864 1258 ἐκποδὼν,
3892 1217 3904 1249 ε

2175 1279 2318 1350 τάχα
2360 1279 2482 1333 οὐδὲ
2535 1280 2676 1353 ύπέρ
2724 1280 2836 1334 τῶν
2882 1280 3265 1354 παρελθόντων
3318 1282 3387 1336 ἂν
3436 1282 3770 1337 ἐπίστευσαν
3814 1286 3863 1336 ot
3898 1307 3911 1335 ι

2177 1368 2396 1423 πολλοί·
2425 1363 2537 1443 οἷον
2557 1369 2641 1423 ὅτι
2663 1368 2755 1424 τὸν
2784 1369 3070 1440 ἄνθρωπον
3095 1371 3369 1441 ήπάτησε,
3393 1369 3488 1425 καὶ
3517 1370 3625 1425 τῶν
3651 1371 3865 1426 πολλῶν
3898 1365 3909 1379 ³

2177 1456 2402 1510 ἐκείνων
2417 1457 2672 1522 ἐξέϐαλεν
2692 1457 2937 1527 ἀγαθῶνο
2952 1458 3090 1513 ἀλλά
3100 1458 3192 1512 τὸν
3203 1457 3337 1512 Θεὸν
3354 1458 3533 1531 φθόνῳ
3550 1461 3645 1514 καὶ
3662 1460 3864 1530 βασκα-

2177 1542 2267 1616 νίᾳ
2289 1544 2448 1600 τοῦτο
2473 1548 2836 1615 πεποιηκέναι
2858 1542 3014 1602 εἶπον
3038 1547 3127 1602 ἄν.
3153 1548 3328 1601 Ὅπου
3348 1547 3458 1621 7&9
3479 1550 3574 1604 καὶ
3603 1548 3700 1602 νῦν
3722 1552 3861 1605 εἰσιν

2178 1632 2229 1685 οί
2269 1635 2442 1687 ταῦτα
2478 1633 2789 1704 τολμῶντες
2823 1634 2965 1706 μετά
3002 1633 3101 1706 τὴν
3136 1633 3409 1707 τοσαύτην
3446 1636 3723 1702 ἀπόδειξιν
3761 1638 3862 1709 τῆς

2179 1719 2398 1790 ἀπάτης
2441 1720 2631 1785 αὐτοῦ,
2675 1722 2726 1774 εί
2771 1722 2909 1793 μηδέ
2944 1722 3084 1787 ὅλως
3146 1725 3346 1793 πεῖραν
3377 1723 3571 1779 ἔλαϐον
3611 1726 3715 1797 τῆς
3761 1741 3866 1780 κα-

2179 1807 2446 1879 κουργίας
2499 1808 2734 1872 ἐκείνου,
2791 1809 2845 1862 τί
2893 1810 2996 1864 οὐκ
3040 1809 3109 1865 ἂν
3145 1806 3322 1875 εἷπον,
3344 1811 3398 1865 τί
3422 1812 3523 1865 οὐκ
3557 1811 3625 1866 ἂν
3665 1811 3863 1883 ἐφθέγ-

2180 1894 2372 1964 ξαντο;
2404 1896 2586 1961 ’Ὀλως
2618 1897 2677 1950 δέ
2706 1899 2755 1951 εί
2783 1896 2891 1971 χρὴ
2920 1898 3060 1970 μετά
3093 1898 3377 1970 ἀκριϐείας
3404 1900 3518 1964 τοῖς
3549 1901 3864 1972 γενομένοις

2183 1984 2507 2055 προσέχειν,
2561 1985 2687 2040 ούδέ
2732 1988 2813 2050 είς
2869 1986 3087 2041 ἅπαντα
3132 1986 3283 2058 ἡμᾶς
3333 1988 3362 2041 6
3425 1986 3671 2052 διάϐολος
3709 1989 3861 2053 ὠθεῖ,

2181 2071 2322 2126 ἀλλὰ
2345 2073 2515 2127 πολλά
2539 2073 2640 2145 μὲν
2669 2075 2763 2128 καὶ
2785 2075 2950 2140 αὐτὸς
2973 2073 3264 2150 ἐργάζεται
3280 2074 3449 2144 κακὰ,
3489 2076 3659 2131 πολλὰ
3685 2077 3743 2131 δὲ
3773 2079 3863 2133 καὶ

2182 2161 2346 2231 ἡμεῖς
2410 2162 2622 2226 ἑαυτοῖς
2684 2172 2707 2202 θ
2766 2164 3011 2237 ῥαθυμίᾳ
3070 2166 3168 2219 καὶ
3219 2165 3627 2237 καταφρονήσει
3681 2165 3861 2236 μόνον.

2182 2247 2296 2304 Ποῦ
2317 2249 2448 2322 γὰρ,
2477 2251 2567 2306 ἵνα
2596 2251 2760 2307 πάλιν
2785 2252 2878 2306 ἐπὶ
2917 2253 3019 2325 τὴν
3048 2253 3222 2327 ἀρχὴν
3263 2254 3671 2324 ἐπανέλθωμεν,
3696 2271 3867 2325 προσ·

2183 2335 2449 2390 ἐπέλασεν
2494 2338 2523 2390 6
2569 2337 2817 2404 διάϐολος
2860 2338 2940 2411 τῷ
2987 2338 3148 2406 Κάῖν,
3180 2341 3275 2396 καὶ
3316 2341 3410 2395 τόν
3462 2341 3622 2410 φόνον
3661 2338 3863 2409 πρᾶξαι

2184 2425 2460 2499 παρῄνεσε
2487 2441 2503 2492 ;
2530 2427 2608 2499 Τῇ
2641 2428 2741 2498 μὲν
2767 2427 2877 2501 7&9
2907 2427 3099 2482 τούτου
3144 2429 3311 2502 μητρὶ
3353 2427 3601 2498 φαίνεται
3630 2426 3867 2495 διαλεγό-

2189 2530 2350 2586 μενος
2386 2514 2481 2569 καὶ
2501 2515 2602 2586 τὴν
2628 2515 2845 2587 ἀπάτην
2889 2516 3316 2582 κατασκευάζων
3336 2532 3350 2548 ο
3385 2515 3615 2571 ἐνταῦθα
3644 2515 3704 2569 δὲ
3742 2516 3865 2569 οὒκ·

2187 2599 2289 2667 έτι,
2321 2602 2461 2674 πλὴν
2493 2603 2547 2659 εί
2569 2621 2654 2669 τις
2683 2605 2846 2659 αὑτὸν
2873 2605 3001 2670 τοὺς
3033 2606 3304 2677 πονηροὺς
3344 2604 3636 2675 λογισμοὺς
3669 2602 3865 2657 ὑποϐε-

2189 2688 2452 2762 ϐληκέναι
2502 2693 2659 2765 φαίη,
2711 2693 2807 2748 καὶ
2841 2692 3001 2747 τοῦτο
3028 2692 3085 2747 δέ
3120 2691 3273 2765 παρὰ
3311 2692 3403 2747 τὸν
3430 2691 3865 2761 καταδεξάμενον

2189 2777 2285 2831 καὶ
2310 2778 2605 2835 πεισθέντα
2638 2781 2735 2835 καὶ
2793 2780 2892 2851 τὴν
2937 2780 3112 2853 ἀρχὴν
3150 2780 3298 2851 αὐτῷ
3351 2778 3742 2851 παρεσχηκότα
3769 2778 3865 2846 τῆς

2191 2865 2407 2936 ἐφόδου.
2460 2867 2605 2920 Ἀλλ’
2627 2868 2779 2939 ὅμως
2833 2868 2957 2922 οὐδὲ
3006 2868 3178 2932 οὕτως
3231 2866 3395 2921 αὐτὸν
3430 2868 3614 2921 εἴασεν
3654 2867 3683 2919 6
3714 2864 3860 2929 Θεὸς,

2192 2953 2308 3007 ἀλλ’
2348 2954 2587 3026 ἐπέμενε
2631 2955 2902 3011 παιδεύων
2930 2957 3027 3011 καὶ
3052 2955 3340 3021 νουθετῶν,
3372 2956 3439 3010 δι’
3468 2947 3544 3010 ὧν
3568 2953 3742 3009 ἐδόκει
3772 2969 3865 3007 κο-

2191 3040 2377 3108 λάζειν
2413 3044 2598 3098 αὐτόν.
3801 3034 3805 3037 ⁷

2264 3131 2377 3185 Kal
2405 3132 2461 3185 τί
2510 3132 2655 3202 λέγω
2699 3132 2794 3187 τοῦ
2841 3132 2983 3188 Κάῖν
3011 3132 3112 3206 τὴν
3154 3132 3445 3205 τιμωρίαν,
3481 3130 3673 3203 ἀνδρὸς
3729 3127 3864 3193 ἐνὸς,

2193 3216 2328 3272 ὅπου
2375 3235 2440 3288 γε
2492 3220 2589 3274 καὶ
2631 3222 2660 3275 ὁ
2714 3219 3123 3289 κατακλυσμὸς.
3176 3217 3305 3272 ἔνθα
3347 3217 3611 3273 τοσούτων
3663 3214 3865 3285 ἀνδρῶν

2195 3304 2446 3361 ἀπώλεια
2490 3307 2692 3362 δύναιτ’
2718 3307 2786 3362 ἂν
2820 3310 2955 3378 ἡμῖν
2986 3308 3227 3378 ἐμφῆναι
3273 3305 3373 3377 τὴν
3412 3303 3729 3376 κηδεμονίαν
3773 3299 3864 3353 τοῦ

2195 3394 2365 3461 Θεοῦ;
2396 3395 2621 3468 Πρῶτον
2671 3397 2769 3467 μὲν
2791 3396 2901 3466 γὰρ
2946 3395 3046 3465 οὐχ
3087 3394 3274 3457 ἁπλῶς
3299 3393 3422 3447 οὑδέ
3452 3391 3869 3463 ἀπροσδοκήτως

2197 3485 2481 3557 ἐπήγαγεν
2494 3486 2679 3540 ἐκεῖνα
2702 3485 2770 3539 τὰ
2785 3487 2956 3554 δεινὰ,
2982 3485 3118 3540 άλλά
3140 3485 3233 3538 καὶ
3256 3486 3486 3555 προεῖπε
3503 3480 3554 3546 ἀ,
3573 3481 3667 3534 καὶ
3684 3481 3744 3533 οὐ
3765 3479 3869 3549 πρὸ

2197 3574 2393 3647 χρόνου
2443 3574 2697 3647 βραχέος,
2731 3574 2870 3629 ἀλλά
2903 3574 2996 3628 καὶ
3024 3574 3131 3645 πρὸ
3166 3573 3338 3626 εἴκοσι
3369 3570 3507 3624 ἐτῶν
3531 3569 3625 3623 καὶ
3659 3566 3867 3621 ἑκατόν.

2200 3665 2455 3730 Ἔπειτα,
2487 3666 2576 3720 ἵνα
2599 3666 2674 3737 μὴ
2701 3666 2792 3720 διά
2832 3666 2895 3719 τὸ
2920 3665 3096 3736 μῆκος
3118 3661 3220 3732 τῆς
3236 3661 3583 3735 προρρήσεως
3616 3656 3767 3731 [I65]
3793 3658 3872 3721 είς

2195 3751 2366 3825 λήθην
2396 3754 2679 3825 ἐμπέσωσι
2693 3753 2789 3808 xal
2814 3753 2949 3826 ρᾳθυ
2957 3754 3108 3825 μίαν,
3128 3748 3511 3822 παρεσκεύασε
3532 3747 3630 3818 τὴν
3647 3745 3871 3800 κιϐωτὸν

2196 3830 2601 3896 τεκταίνεσθαι¹
2623 3842 2744 3895 κατ’
2795 3838 3111 3910 ὀφθαλμοὺς
3159 3838 3383 3891 ἐκείνων
3428 3835 3645 3899 αὐτῶν,
3695 3834 3873 3904 πάσης

2197 3931 2385 4002 φωνῆς
2427 3929 2810 4001 λαμπρότερον
2858 3927 3074 3999 βοῶσαν
3103 3925 3199 3980 τοῦ
3228 3924 3363 3979 Θεοῦ
3391 3923 3490 3995 τὴν
3522 3922 3771 3994 ἀπειλήν.
3815 3923 3872 3976 '0

2199 4018 2299 4090 μὲν
2320 4019 2430 4090 γὰρ
2460 4018 2604 4073 Κάῖν
2623 4016 2882 4083 ἐξέπεσεν
2908 4017 3011 4088 ήδη
3041 4015 3140 4086 τῆς
3161 4013 3269 4068 τῶν
3293 4010 3600 4084 ἀνθρώπων
3619 4009 3871 4073 διανοίας,

2197 4107 2378 4179 ἐκείνη
2405 4106 2462 4161 δὲ
2502 4106 2611 4179 πρὸ
2642 4106 2751 4160 τῶν
2779 4104 2957 4176 ὄψεων
2994 4103 3176 4160 αὐτῶν
3213 4101 3464 4172 κειμένη,
3503 4098 3740 4169 συνεχῶς
3767 4097 3871 4151 τῶν

2194 4195 2601 4268 ἀπειληθέντων
2625 4196 2725 4268 τὴν
2777 4197 2996 4266 μνήμην
3028 4193 3322 4265 διήγειρεν.
3369 4190 3507 4243 Ἀλλ’
3558 4187 3679 4241 οὐδέ
3704 4186 3869 4250 οὕτως

2194 4283 2699 4356 ἐσωφρονίσθησαν,
2725 4282 2840 4338 ἀλλ’
2882 4282 3151 4353 ἐπέμενον
3198 4277 3633 4352 προκαλούμενοι
3667 4276 3760 4328 καὶ
3790 4275 3875 4328 ἐλ-

2193 4390 2386 4437 κοντες
2432 4372 2556 4426 καθ’
2594 4371 2808 4426 ἐαυτῶν
2850 4370 2924 4425 τά
2949 4370 3117 4425 κακά.
3165 4371 3223 4423 ’0
3254 4368 3364 4441 7&9
3389 4369 3523 4432 Θεὸς
3556 4363 3680 4421 οὔτε
3718 4366 3873 4418 ἀπει-

2192 4460 2355 4532 λῆσαι
2401 4460 2787 4532 κατακλυσμὸν
2832 4459 2959 4514 οὕτε
3014 4461 3319 4529 ἐπαγαγεῖν
3361 4445 3645 4529 ἠθέλησεν,
3688 4457 3875 4524 ὥσπερ

2193 4548 2318 4604 οὐδὲ
2342 4549 2443 4621 τὴν
2463 4550 2689 4619 γέενναν
2722 4549 2916 4619 αὐτὴν,
2951 4547 3090 4602 ἀλλά
3120 4546 3339 4600 πάντων
3370 4549 3533 4617 ἡμεῖς
3564 4545 3724 4598 αίτιοι
3753 4539 3875 4595 τού-

2191 4654 2332 4692 των’
2369 4639 2510 4708 ὅπερ
2571 4638 2667 4691 καὶ.
2697 4636 3010 4705 σοφώτατός
3045 4653 3129 4699 τις
3179 4633 3406 4689 συνιδὼν
3456 4633 3641 4703 ἔλεγεν
3669 4632 3767 4693 ὅτι,
3811 4632 3873 4683 Ὀ

2195 4725 2339 4791 Θεὸς
2356 4723 2617 4779 θάνατον
2647 4725 2759 4778 οὐκ
2789 4723 3102 4790 ἐποίησεν,
3133 4722 3278 4777 οὐδὲ
3310 4723 3581 4791 τέρπεται
3609 4719 3702 4773 ἐπ’
3720 4718 3876 4772 ἀαωο

2190 4814 2328 4882 λείᾳ
2353 4812 2601 4875 ζῶν-των.
2616 4812 2728 4867 Καὶ
2760 4812 2921 4875 αὐτὸς
2941 4812 2998 4865 δὲ
3022 4811 3110 4866 διὰ
3133 4811 3227 4865 τοῦ
3247 4811 3528 4880 προφήτου
3562 4807 3705 4862 οὕτω
3721 4804 3870 4876 φησί’

2192 4896 2290 4966 Μὴ
2323 4900 2436 4968 γὰρ
2473 4897 2717 4967 θελήσω
2754 4908 2779 4938 ε
2816 4896 2925 4951 τὸν
2946 4895 3209 4950 θάνατον
3237 4894 3346 4950 τοῦ
3397 4891 3770 4964 ἀμαρτοιλοῦ,
3795 4891 3876 4955 ὡς

2191 4984 2260 5038 τὸ
2294 4985 2657 5055 ἐπιστρέψαι
2677 4985 2776 5039 καὶ
2806 4984 2918 5053 ζῇν
2958 4986 3166 5039 αὐτόν.
3207 4984 3378 5036 Ὅταν
3412 4982 3470 5036 δὲ
3502 4981 3576 5054 μὴ
3623 4983 3875 5051 ἐπιστρα-

2193 5073 2404 5145 φῶμεν,
2444 5074 2544 5144 τὴν
2573 5072 2853 5128 ἀπώλειαν
2877 5073 3081 5127 καὶτὸν
3096 5071 3327 5126 θάνατον
3350 5072 3513 5141 ἡμεῖς
3535 5068 3658 5122 καθ’
3673 5065 3873 5120 ἑαυτῶν

2192 5160 2495 5231 ἐπάγομεν,
2527 5161 2627 5232 οὐχ
2652 5162 2680 5214 6
2708 5160 2783 5231 μὴ
2830 5159 3151 5231 βουλόμενος
3182 5158 3332 5228 ἡμᾶς
3382 5153 3679 5209 ἀπολέσθαι
3721 5152 3870 5216 Θεὸς,

2192 5250 2289 5304 καὶ
2326 5251 2426 5321 τὴν
2459 5249 2555 5303 τοῦ
2606 5248 2854 5303 διαϐόλου
2909 5250 3104 5318 φυγεῖν
3136 5246 3156 5286 ἲ
3199 5245 3320 5299 ὁδὸν
3368 5241 3708 5307 ὑποδεικνὺς.
3750 5237 3872 5313 Ἆρ’

2262 5419 2285 5449 ε
2312 5415 2465 5468 Savil.
2493 5417 2697 5474 ἑαυτοῖς,
2724 5416 2899 5466 Morel.
2926 5415 3139 5472 ἑαυτούς.

2258 5477 2287 5519 ἆ
2311 5480 2482 5529 Morel.
2508 5487 2561 5527 el.
2581 5480 2734 5529 Savil.
2758 5476 2808 5528 in
2833 5491 2988 5540 marg.
3032 5476 3249 5540 προεῖπε,
3292 5474 3441 5540 ςενίί.
3468 5474 3526 5540 in_
3559 5476 3695 5540 lex_l_u
3718 5486 3872 5540 προειτ

2258 5491 2287 5519 α
2313 5491 2482 5529 Morel.
2508 5491 2561 5527 et
2581 5491 2734 5529 5am.
2758 5493 2808 5528 In
2833 5491 2938 5526 mar
2977 5515 2988 5525 .
3032 5492 3249 5540 προειπε,
3292 5491 3441 5522 δανιι.
3468 5491 3516 5522 ιη
3559 5491 3695 5521 Lexw
3718 5491 3871 5535 προει-

2195 5543 2316 5590 πών.
2347 5541 2475 5591 Infra
2495 5543 2646 5591 Savil.
2669 5543 2718 5590 in
2744 5547 2887 5589 textu
2911 5491 2997 5597 τεν
3019 5538 3226 5587 κιϐωτὸν
3261 5536 3604 5592 τεκταίνεσθαι,
3628 5533 3798 5597 Morel,
3820 5538 3871 5580 ει

2198 5604 2353 5679 Sa’vil.
2378 5602 2429 5652 in
2454 5617 2607 5667 marg.
2641 5602 2933 5666 ὑφαίνεσθαι.
2961 5596 3122 5652 Paulo
3146 5606 3259 5662 post
3306 5599 3427 5649 Κάῐν
3449 5598 3643 5653 ἐξέπεσε
3671 5601 3755 5654 τῆς
3773 5596 3868 5643 δια·

2197 5682 2557 5799 Ϊοῒὲἒνὶῑλμὴ
2582 5727 2768 5799 θελῄσει
2785 5726 2934 5799 θέλω,
2953 5723 3089 5799 βοῇ).
3107 5720 3185 5799 [ει
3382 5722 3446 5783 μή
3470 5720 3657 5778 θελήσει
3675 5717 3865 5777 θελήσω.

2202 5787 2327 5839 Infra
2353 5785 2503 5837 Savill
2532 5788 2811 5844 ἀπολέσθαι,
2834 5792 2974 5835 recte
3003 5785 3176 5835 Morel.
3202 5785 3452 5844 ἀπολέσαι.

2267 5847 2287 5887 ί
2327 5850 2408 5900 Sic
2430 5850 2769 5914 rescripsimus
2790 5842 2820 5897 ε
2844 5846 3028 5898 Βειὶίὶο
3053 5860 3141 5910 pro
3165 5843 3251 5895 τοῦ
3274 5843 3527 5909 διαφυγεῖν.
3548 5842 3684 5893 Enn.
