4138 6416
583 333 694 387 ιιεςδ

590 476 730 527 mus,
760 458 897 529 quod
937 457 1003 512 de
1031 452 1234 510 diluvio
1274 450 1454 507 dicere
1483 449 1774 519 possimus,
1821 439 2071 514 nullaque
2096 459 2162 498 ex

589 569 654 606 eo
684 549 944 619 prodiisse
961 545 1320 601 emolumenta
1349 540 1627 596 dicemus?
1655 538 1767 592 Dici
1794 535 2032 608 profecto
2061 549 2167 589 non

589 648 764 710 potest
802 646 1056 709 quantum
1089 633 1328 688 utilitatis
1369 639 1425 687 et
1469 631 1534 685 iis
1558 630 1649 705 qui
1687 629 1779 684 illa
1824 627 2170 705 inundatione

589 730 794 800 periere
811 769 827 794 ,
854 739 909 783 et
933 724 1142 781 caeteris
1168 725 1256 795 qui
1283 731 1464 792 postea
1487 722 1633 776 fuere
1651 761 1666 785 ,
1697 719 1819 774 inde
1843 717 2166 788 provenerit.

587 820 667 875 illi
714 819 857 874 enim
903 816 1124 872 ulterius
1163 815 1216 869 in
1237 815 1379 868 vitiis
1417 827 1481 883 ac
1514 811 1727 880 ﬂagitiis
1764 807 2011 879 progredi
2049 822 2171 876 per-

589 913 737 967 missi
768 926 872 965 non
899 911 1146 972 fuerunt;
1175 909 1262 978 qui
1293 919 1465 960 autem
1495 913 1613 975 post
1636 905 1757 958 illos
1787 903 1996 973 sequuti
2023 909 2165 965 sunt,

586 1001 790 1072 majora
816 1016 977 1071 quam
1026 1000 1100 1053 illi
1130 999 1286 1053 lucra‘
1301 997 1599 1052 retulerunt
1620 1036 1635 1063 ,
1686 994 1986 1059 fermento,
2018 1001 2074 1046 ut
2097 993 2171 1047 ita

589 1091 836 1156 dixerim,
864 1090 1200 1158 materiaque
1231 1088 1492 1141 maiorum
1522 1101 1553 1140 e
1608 1085 1786 1141 medio
1826 1084 2046 1139 sublatis
2070 1098 2167 1137 ex-

590 1182 907 1250 stinctisque
933 1179 1319 1249 peccatoribus.
1347 1177 1479 1232 Nam
1509 1176 1556 1230 si
1595 1176 1754 1230 etiam
1777 1174 1894 1228 sine
1916 1173 2171 1242 exemplis

591 1271 727 1325 maia
759 1271 1007 1326 homines
1045 1283 1142 1338 per
1185 1283 1244 1322 se
1279 1267 1434 1322 facile
1466 1266 1762 1330 inveniunt,
1799 1264 1924 1333 quid
1954 1279 2058 1318 non
2089 1261 2171 1316 fa-

587 1362 726 1415 cturi
769 1369 958 1424 erant,
1007 1359 1050 1414 si
1083 1359 1430 1429 plurimorum
1462 1357 1706 1426 exemplo
1732 1354 1797 1409 ad
1845 1354 2171 1424 perniciosos

488 1486 492 1490 -
585 1461 737 1505 actus
763 1451 966 1505 invitati
997 1449 1254 1504 fuissent?
1279 1447 1429 1516 Quod
1466 1447 1646 1517 utique
1673 1462 1740 1500 ne
1776 1447 1930 1499 fieret
1951 1486 1967 1508 ,
2001 1459 2067 1498 ne
2096 1451 2173 1498 tot

581 1542 848 1596 scelerum
876 1540 1157 1610 magistros
1184 1537 1258 1603 hi,
1289 1538 1376 1607 qui
1405 1544 1585 1605 postea
1607 1535 1770 1590 futuri
1801 1542 1973 1599 erant,
2005 1532 2171 1588 habe-

589 1640 729 1698 rent,
763 1646 856 1686 eos
882 1645 1068 1686 omnes
1097 1645 1200 1684 una
1225 1629 1475 1700 perdidit.

654 1725 708 1778 5.
753 1724 946 1778 Verum
975 1723 1273 1788 enimvero,
1302 1736 1546 1790 quamam
1574 1731 1658 1776 est
1687 1722 1898 1776 illorum
1928 1721 2167 1792 sapiens,

558 1831 561 1833 ·
583 1814 694 1868 imo
715 1814 868 1882 plena
887 1813 1295 1877 stultitiaeratio,
1327 1813 1415 1882 qui
1441 1826 1560 1866 cum
1594 1811 1725 1866 nihil
1750 1811 1874 1867 boni
1902 1827 2059 1883 agere
2081 1826 2174 1866 ve-

587 1906 702 1970 iint,
731 1906 909 1959 omnia
939 1904 1252 1974 perquirunt
1279 1912 1332 1958 et
1360 1904 1578 1970 dicunt,
1615 1912 1671 1958 ut
1698 1919 1916 1958 suorum
1943 1903 2171 1958 delicto-

586 2010 705 2048 rum
727 2010 944 2049 causam
966 1995 1032 2050 ad
1049 1998 1211 2050 Deum
1240 1995 1505 2049 referant?
1525 1994 1638 2050 Nisi
1658 1995 1990 2065 permisisset
2007 1995 2167 2061 Deus,

585 2086 760 2149 aiunt,
808 2101 1139 2155 nequaquam
1178 2085 1492 2140 accessisset
1547 2084 1794 2140 diabolus
1821 2127 1838 2151 ,
1882 2100 2169 2154 numquam

587 2177 888 2246 de'cepisset
934 2178 1000 2232 ab
1045 2178 1216 2232 initio.
1263 2176 1368 2231 Sed
1411 2192 1583 2246 neque
1624 2177 1960 2246 cognovisset
2000 2176 2169 2231 Adam

587 2278 842 2336 quantum
869 2267 994 2322 boni
1019 2277 1142 2323 ante
1171 2266 1476 2331 habuisset,
1527 2281 1700 2335 neque
1725 2281 1877 2321 suam
1904 2266 2048 2320 illam
2079 2281 2170 2320 ar-

588 2359 882 2427 rogantiam
909 2373 1157 2428 umquam
1184 2357 1528 2412 deseruisset.
1553 2357 1655 2422 Qui
1687 2357 1830 2410 enim
1852 2356 2086 2426 seipsum
2113 2357 2168 2410 in

553 2459 556 2462 ‘
587 2456 791 2502 tantum
832 2449 1043 2503 culmen
1088 2447 1307 2502 honoris
1351 2456 1634 2513 erexerat,
1680 2457 1739 2501 ut
1777 2446 1893 2501 fieri
1923 2462 1981 2502 se
2008 2445 2166 2501 deum

591 2547 922 2608 expectaret,
955 2553 1060 2608 quo
1090 2553 1194 2592 non
1218 2537 1548 2607 prorupisset
1574 2536 1828 2602 audaciae,
1855 2535 1956 2590 nisi
1985 2535 2170 2590 fuisset

589 2629 654 2682 ad
677 2645 860 2684 sanam
884 2637 1117 2684 mentem
1137 2628 1422 2683 reductus?
1439 2627 1726 2697 Fingamus
1749 2626 1879 2681 nihil
1899 2626 2166 2682 diabolum

584 2720 932 2784 consuluisse,
965 2719 1203 2788 nihilque
1231 2721 1441 2787 penitus
1466 2719 1589 2772 Evte
1620 2717 1688 2772 de
1719 2718 1861 2786 ligno
1889 2718 2168 2786 loquutum

587 2809 751 2865 fuisse
777 2827 791 2864 :
821 2826 945 2863 num
974 2810 1088 2864 sine
1106 2802 1107 2805 “
1128 2818 1346 2878 peccato
1371 2809 1765 2878 perstitissent,
1810 2809 1855 2862 si
1893 2808 2032 2864 istud
2054 2823 2166 2881 non

587 2902 660 2955 ita
702 2901 1048 2970 contigisset?
1083 2901 1298 2956 Minime
1339 2916 1463 2955 vero
1495 2918 1508 2954 :
1543 2916 1662 2955 nam
1700 2901 1786 2955 cui
1831 2900 2020 2955 mulier
2060 2910 2166 2955 tam

586 2991 742 3046 facile
787 2992 928 3061 quod
961 2993 1172 3048 volebat
1219 2993 1523 3062 persuasit,
1567 2993 1723 3063 ipse,
1767 2995 1928 3048 etiam
1953 2993 2168 3049 diabolo

588 3099 696 3138 non
722 3086 1015 3140 exsistente
1033 3125 1049 3152 ,
1061 3100 1141 3154 ,ex
1170 3086 1348 3154 seipso
1373 3085 1768 3156 quamprimum
1810 3086 1863 3140 in
1893 3094 2166 3155 peccatum

585 3177 895 3244 corruisset,
927 3193 1032 3248 quo
1057 3177 1242 3247 majori
1263 3193 1476 3249 quoque
1499 3193 1654 3248 ptena
1679 3179 1923 3234 mulctari
1944 3178 2168 3234 meruis-

587 3279 690 3321 set.
721 3267 988 3323 Pratterea
1015 3282 1081 3322 ne
1106 3283 1246 3323 nunc
1269 3267 1483 3338 quidem
1518 3268 1714 3324 diaboli
1738 3268 1904 3324 solius
1927 3267 2025 3322 fuit
2047 3283 2165 3322 om-

587 3359 669 3414 nis
689 3360 772 3413 iila
801 3359 1064 3425 seductio,
1091 3359 1188 3415 sed
1215 3375 1310 3414 sua
1332 3360 1494 3415 etiam
1519 3359 1950 3429 concupiscentia
1977 3359 2168 3415 mulier

583 3459 832 3520 corrupta
861 3452 1096 3517 corruit,
1126 3459 1295 3519 atque
1321 3451 1424 3505 hoc
1451 3450 1727 3520 Scriptura
1753 3466 1903 3506 sacra
1935 3451 2164 3518 indicat,

584 3555 705 3609 quae
732 3538 893 3594 dicit:
934 3538 1172 3608 Viditque
1194 3539 1374 3593 mulier
1414 3539 1550 3610 quod
1575 3539 1762 3594 bonum
1812 3549 1937 3595 esset
1975 3541 2168 3611 lignum

584 3629 655 3683 ad
692 3628 971 3696 edendum,
999 3639 1294 3699 gratumque
1335 3630 1494 3683 oculis
1518 3630 1585 3683 ad
1613 3629 1882 3684 videndum
1909 3671 1922 3693 ,
1965 3647 2026 3684 ac
2054 3647 2168 3701 spec

583 3723 775 3775 ciosum
799 3721 867 3774 ad
893 3721 1347 3775 considerandum:
1377 3728 1423 3775 et
1445 3722 1696 3792 accipiens
1725 3721 1788 3775 de
1816 3725 1985 3793 fructu
2025 3723 2169 3779 illius

583 3813 797 3874 comedit
843 3811 994 3882 (Gen.
1037 3812 1092 3866 5.
1125 3811 1216 3882 6).
1261 3811 1442 3880 Neque
1481 3826 1609 3866 vero
1643 3827 1742 3882 ego
1771 3828 1911 3867 nunc
1945 3813 2041 3868 ista
2084 3813 2167 3868 lo-

588 3918 725 3972 quor
750 3905 899 3972 quasi
925 3903 1192 3957 diabolum
1235 3902 1546 3956 insidiarum
1585 3903 1896 3962 criminibus
1941 3918 2168 3973 purgare

582 3991 823 4059 cupiens,
856 3990 948 4045 sed
976 3991 1211 4046 indicare
1236 3993 1419 4046 volens
1445 4007 1558 4057 eos,
1589 3992 1690 4046 nisi
1721 4000 1912 4062 sponte
1945 3992 2170 4047 cecidis-

565 4093 728 4150 sent,
755 4101 784 4136 a
815 4085 1027 4139 nemine
1052 4100 1301 4153 umquam
1330 4086 1564 4156 potuisse
1583 4085 1762 4154 dejici.
1785 4084 1916 4139 Nam
1943 4087 2031 4154 qui
2059 4096 2167 4138 tam

586 4175 740 4232 facile
770 4177 1105 4247 propinatum
1135 4177 1235 4232 sibi
1276 4176 1343 4233 ab
1373 4177 1543 4247 altero
1589 4175 1855 4230 fallaciam
1896 4176 2163 4246 suscepit,

585 4269 629 4321 is
667 4277 791 4323 ante
834 4267 1096 4323 fallaciam
1137 4237 1465 4338 ttegiigent'e'i~
1493 4276 1547 4322 et
1568 4269 1788 4323 remisse
1815 4283 1875 4322 se
1917 4267 2167 4343 habuisse

582 4358 911 4423 ostenditur;
942 4374 1114 4429 neque
1157 4359 1300 4413 enim
1329 4350 1530 4412 tantum
1560 4358 1648 4414 ille
1679 4359 1966 4428 potuisset,
1997 4357 2041 4412 si
2080 4373 2166 4414 so-

583 4448 755 4502 brium
782 4449 1193 4518 vigilantemque
1217 4449 1454 4502 animum
1487 4449 1791 4518 alloquutus
1831 4457 1994 4503 esset.
2031 4447 2167 4505 Sunt

591 4547 769 4591 autem
800 4525 1049 4608 plurimi,
1078 4539 1168 4607 qui
1197 4539 1248 4592 in
1295 4537 1394 4593 hac
1437 4546 1588 4607 parte
1630 4537 1922 4604 confutati,
1945 4533 2168 4594 diabolo

584 4628 816 4690 omisso,
844 4630 910 4681 ad
936 4627 1240 4681 mandatum
1271 4635 1582 4694 transeunt,
1617 4641 1671 4681 et
1701 4642 1821 4682 cum
1853 4643 1881 4680 a
1909 4635 2165 4696 peccante

585 4705 799 4770 homine
824 4716 1159 4783 abstineant,
1191 4717 1302 4772 Deo
1331 4718 1534 4772 crimen
1559 4717 1858 4788 impingunt
1885 4717 2122 4772 dicentes
2147 4733 2160 4770 :

582 4805 718 4873 Quid
749 4807 892 4860 enim
911 4807 990 4861 eis
1017 4818 1334 4877 praeceptum
1363 4807 1542 4873 dabat,
1571 4822 1705 4877 quos
1730 4815 2039 4877 peccaturos
2065 4823 2166 4860 no-

587 4895 771 4950 verat?
800 4895 903 4950 ista
924 4910 1112 4951 revera
1152 4905 1275 4953 sunt
1302 4895 1500 4958 diaboli
1526 4897 1707 4963 verba,
1736 4906 1791 4952 et
1815 4898 1994 4967 impiae
2015 4912 2165 4950 meu-

583 4988 650 5041 tis
677 4987 910 5042 inventa.
933 4985 1064 5040 Nam
1091 4987 1230 5056 quod
1259 4997 1580 5057 praeceptum
1609 4987 1739 5043 dare
1766 4988 1922 5058 longe
1944 4987 2165 5056 majoris

582 5075 934 5144 providentiae
961 5077 1029 5131 sit
1049 5092 1207 5147 quam
1238 5093 1342 5131 non
1365 5077 1515 5147 dare,
1543 5077 1667 5132 hinc
1687 5078 1860 5148 palam
1883 5087 1984 5133 est.
2009 5077 2162 5146 Esto,

583 5168 752 5223 Adam
782 5168 1054 5224 voluntate
1081 5178 1136 5224 ct
1159 5170 1338 5223 animo
1365 5178 1470 5224 tam
1504 5170 1790 5241 negligenti
1811 5213 1826 5237 ,
1854 5185 2012 5240 quam
2043 5169 2163 5226 finis

587 5259 854 5326 ostendit,
886 5260 1088 5314 nullum
1118 5261 1372 5329 suscipiat
1398 5261 1703 5315 mandatum
1724 5303 1738 5326 ,
1768 5256 1860 5316 séd
1883 5262 1934 5316 iu
1960 5260 2164 5316 deliciis

594 5349 842 5415 persistat
868 5366 881 5403 :
915 5365 1038 5402 num
1069 5350 1400 5405 imbecillitas
1429 5360 1585 5421 atque
1611 5351 1927 5421 negligentia
1965 5365 2032 5405 ex
2059 5350 2162 5404 hn-

584 5437 815 5504 jusmodi
843 5439 1052 5493 licentia
1080 5440 1145 5493 ad
1175 5440 1414 5502 meliora,
1445 5455 1510 5493 an
1541 5439 1606 5493 ad
1632 5441 1897 5494 deteriora
1927 5455 2166 5510 prorum-

589 5527 717 5592 pet?
744 5527 933 5596 Liquet
964 5528 1201 5598 profecto
1227 5530 1375 5584 illum
1403 5529 1467 5582 ad
1491 5543 1757 5583 summum
1793 5528 2057 5599 fastigium
2082 5530 2164 5582 vi-

590 5616 782 5669 tiorum
812 5631 1117 5685 evasurum,
1145 5620 1189 5673 si
1212 5619 1412 5690 absque
1441 5634 1566 5675 cura
1593 5619 1676 5673 sit.
1711 5619 1840 5673 Nam
1873 5621 1916 5674 si
1940 5619 2164 5677 necdum

593 5704 659 5760 de
711 5707 1106 5770 immortalitate
1166 5726 1422 5778 securus,
1482 5726 1705 5784 eamque
1748 5727 1896 5782 spem
1948 5712 2162 5766 dubiam

1329 318 1387 376 S.
1425 317 1700 376 JOANNIS
1737 312 2213 371 CllRYSOSTOMl
2252 309 2571 366 ARCHlEP.
2603 304 3139 366 CONSTANTINOP.

3730 314 3820 370 636

2277 423 2508 494 pendere
2536 438 2642 478 non
2671 424 2922 493 ignorans
2944 464 2959 488 ,
2991 424 3044 478 in
3075 431 3270 478 tantam
3308 425 3658 494 arrogantiam
3681 435 3826 496 atque

2272 515 2562 572 amentiam
2588 515 2758 571 elatus
2780 525 2887 583 est,
2919 527 2974 571 ut
2997 516 3128 572 deus
3155 516 3272 571 ﬁeri
3297 526 3576 586 speraret,
3602 519 3826 591 istudque

2273 621 2394 662 cum
2423 607 2474 661 id
2521 607 2916 677 promittentem
2944 608 3086 663 nulla
3129 624 3195 663 ex
3245 619 3393 678 parte
3419 608 3627 665 ﬁdelem
3656 627 3827 670 cerne-

2274 705 2357 752 ret
2395 695 2484 753 :si
2531 711 2772 752 securam
2812 698 3256 753 immortalitatem
3300 707 3570 769 putasset,
3613 716 3712 770 quo
3736 718 3830 760 non

2276 803 2589 859 progressus
2641 797 2785 844 esset
2819 789 3176 858 arrogantia”
3213 789 3340 859 quid
3378 805 3483 844 non
3533 796 3830 861 peccasset?

2274 880 2609 951 quandonam
2659 882 2769 937 Deo
2810 881 3269 950 obtemperasset?
3311 881 3390 936 Tu
3418 897 3547 936 vero
3589 883 3709 938 dum
3739 886 3824 942 ista

2275 973 2594 1036 criminaris,
2620 972 2757 1026 idem
2784 972 3022 1042 profecto
3042 971 3169 1026 facis
3187 1012 3202 1038 ,
3229 986 3294 1027 ac
3329 970 3374 1026 si
3401 973 3520 1043 quis
3547 972 3828 1030 fornicatio-

2276 1077 2396 1116 nem
2426 1062 2794 1132 prohibentem
2824 1062 3275 1132 reprehenderet,
3308 1061 3428 1118 ideo
3455 1064 3596 1133 quod
3637 1064 3829 1134 plurimi

2277 1155 2376 1210 ista
2421 1155 2696 1211 audientes
2740 1155 3051 1211 fo'rnicaturi
3092 1163 3291 1211 essent.
3341 1154 3529 1210 Nonne
3573 1165 3693 1211 sunt
3731 1158 3831 1213 hac

2275 1247 2436 1301 verba
2478 1257 2730 1301 extrema:
2777 1246 3097 1301 dementias?
3136 1246 3190 1302 Si
3238 1246 3381 1301 enim
3428 1246 3573 1301 nullo
3607 1247 3831 1302 mandato

2281 1348 2529 1404 suscepto
2555 1335 2802 1390 diabolus
2830 1335 2896 1390 ad
2924 1336 3072 1390 illum
3119 1335 3380 1390 accedens
3409 1334 3659 1392 recedere
3679 1350 3707 1390 a
3735 1335 3829 1391 Deo

2276 1427 2653 1491 consuluisset,
2685 1426 2736 1480 id
2764 1427 2838 1480 illi
2869 1425 3023 1480 facile
3049 1426 3425 1496 persuasisset.
3454 1424 3584 1480 Nam
3613 1426 3697 1496 qui
3726 1435 3828 1496 post

2275 1527 2548 1586 acceptum
2577 1517 2884 1572 mandatum
2909 1517 3301 1588 praecipientem
3328 1517 3407 1572 sic
3433 1517 3766 1587 contempsit.
3790 1517 3829 1573 si

2279 1609 2412 1663 nihil
2457 1609 2524 1662 ab
2551 1609 2641 1664 illo
2668 1610 2886 1687 penitus
2915 1608 3187 1674 audisset,
3219 1609 3325 1662 cito
3354 1608 3515 1663 etiam
3540 1623 3597 1663 se
3636 1609 3728 1663 sub
3749 1608 3829 1662 do.

2277 1699 2424 1754 mino
2449 1714 2574 1754 esse
2603 1700 2918 1769 ignorasset.
2943 1698 3142 1754 Idcirco
3163 1706 3367 1753 mature
3391 1697 3531 1754 Deus
3555 1713 3618 1753 ex
3643 1697 3703 1754 iis
3727 1710 3827 1768 quat

2277 1790 2549 1860 przecipit,
2576 1788 2732 1843 docet
2754 1789 2948 1844 habere
2970 1788 3117 1843 illum
3143 1788 3442 1853 dominum,
3471 1789 3524 1842 in
3547 1789 3828 1857 cunctisque

2276 1885 2353 1938 tlii
2376 1899 2563 1953 parere
2583 1891 2852 1952 oportere.
2885 1882 2952 1936 Et
2985 1881 3110 1952 quid
3139 1881 3366 1950 amplius
3401 1879 3527 1935 hinc
3551 1891 3824 1950 sequutum,

2276 1974 2562 2044 inquiunt?
2611 1974 2830 2028 Etiamsi
2875 1974 3007 2028 nihil
3047 1973 3188 2028 aliud
3229 1981 3513 2044 sequutum
3541 1982 3710 2038 esset,
3737 1987 3826 2028 non

2277 2065 2329 2120 id
2350 2065 2560 2121 docenti
2588 2065 2695 2120 Deo
2719 2074 2861 2120 esset
2889 2064 3251 2134 imputandum
3271 2105 3286 2128 ,
3317 2062 3412 2118 sed
3447 2063 3616 2133 potius
3654 2061 3826 2117 homini

2276 2172 2383 2212 non
2417 2156 2724 2226 suseipienti
2767 2156 3021 2224 optimam
3075 2154 3213 2209 hanc
3253 2154 3608 2225 disciplinam.
3655 2152 3826 2208 Verum

2277 2264 2344 2303 ne
2382 2249 2460 2303 sic
2501 2248 2714 2318 quidem
2760 2247 2960 2302 inutilis
3001 2247 3138 2314 fuit,
3189 2247 3349 2302 etiam
3395 2255 3519 2317 post
3546 2246 3826 2316 praevarica-

2277 2340 2513 2405 tionem,
2577 2338 2829 2409 praecepti
2873 2338 3148 2394 exhibitio.
3200 2337 3388 2394 Nonne
3451 2338 3553 2393 illa:
3599 2337 3822 2401 latebrae,

2277 2431 2365 2485 illa
2390 2430 2657 2485 confessio
2695 2429 2872 2485 delicti
2893 2470 2910 2496 ,
2959 2431 3048 2484 illa
3091 2430 3188 2484 viri
3215 2430 3281 2484 ad
3311 2430 3591 2485 mulierem
3616 2469 3630 2492 ,
3659 2428 3827 2482 mulie-

2276 2523 2456 2592 risque
2523 2521 2592 2576 ad
2657 2531 2958 2591 serpentem
3025 2521 3261 2577 studiosa
3315 2536 3494 2577 causa:
3559 2520 3820 2576 traductio:

2275 2614 2398 2678 illa,
2445 2613 2691 2684 inquam,
2735 2613 2913 2668 omnia
2959 2612 3308 2668 metuentium
3362 2621 3491 2668 sunt
3535 2614 3685 2682 atque
3731 2621 3826 2666 tre-

2279 2706 2558 2772 mentium,
2591 2706 2791 2775 Deique
2816 2706 3187 2761 auctoritatem
3212 2706 3612 2776 aguoscentium
3634 2705 3657 2759 ἲ
3683 2705 3827 2760 Porro

2275 2804 2532 2865 quantum
2557 2795 2691 2850 lucri
2722 2795 2880 2851 fuerit
2897 2811 2964 2850 ex
2987 2796 3247 2851 diabolica
3270 2796 3354 2850 illa
3372 2795 3754 2864 exspectatione
3777 2793 3822 2847 in

2277 2895 2476 2942 tantum
2507 2886 2710 2941 timoris
2737 2886 2856 2941 illos
2885 2886 3044 2940 fuisse
3075 2885 3361 2941 translatos
3383 2926 3400 2951 ,
3433 2886 3606 2940 nullus
3627 2886 3826 2954 ignorat.

2276 2977 2374 3045 Qui
2393 2977 2531 3030 enim
2549 2976 2903 3046 aequalitatem
2923 2991 3042 3030 cum
3063 2977 3172 3030 Deo
3192 2976 3339 3046 prius
3361 2971 3642 3032 meditatus
3661 2973 3825 3037 fuerat,

2277 3067 2392 3137 ipse
2415 3066 2526 3134 jam
2559 3067 2629 3121 ita
2658 3065 3074 3121 contrahebatur
3103 3065 3397 3132 humiliter,
3432 3075 3489 3120 ut
3513 3080 3708 3136 pcenam
3728 3078 3828 3118 cru-

2275 3159 2579 3228 ciatumque
2604 3165 2888 3222 metueret,
2919 3170 2982 3210 ac
3010 3165 3282 3226 peccatum
3312 3155 3657 3210 confiteretur
3676 3167 3825 3208 suum.

2275 3250 2347 3304 At
2382 3263 2511 3303 vero
2539 3263 2645 3302 non
2666 3247 2869 3318 absque
2898 3261 3059 3302 sensu
3091 3261 3334 3317 peccare,
3365 3247 3715 3315 delictumque
3737 3243 3826 3297 cito

2275 3356 2566 3412 agnoscere
2589 3383 2604 3408 ,
2650 3355 2756 3395 non
2784 3355 2950 3410 parva
2977 3356 3064 3394 res
3088 3348 3171 3395 est
3194 3382 3208 3406 ,
3251 3340 3344 3394 sed
3373 3341 3465 3394 via
3511 3339 3734 3410 quaedam
3760 3343 3830 3391 est

2274 3442 2432 3502 atque
2454 3431 2769 3501 principium
2794 3431 2860 3485 ad
2882 3430 3306 3486 emendationem
3333 3440 3498 3500 atque
3518 3429 3827 3485 mutationem

2274 3523 2327 3577 in
2359 3523 2547 3577 melius
2586 3519 2806 3577 ducens.
2835 3521 3059 3576 Omnem
3088 3521 3264 3592 itaque
3291 3521 3342 3574 in
3371 3536 3479 3576 nos
3503 3520 3591 3575 Dei
3621 3515 3826 3587 benigni-

2274 3621 2438 3666 tatem
2481 3627 2654 3682 neqne
2682 3611 2891 3666 discere
2916 3651 2931 3677 ,
2980 3626 3153 3680 neque
3183 3625 3407 3666 narrare
3456 3607 3698 3680 possibile
3725 3612 3825 3660 est:

2273 3718 2462 3758 eorum
2504 3712 2680 3757 tamen
2705 3718 2824 3770 quae
2849 3702 3093 3756 novimus
3111 3742 3126 3766 ,
3159 3715 3426 3755 summam
3454 3700 3682 3755 dicturus
3706 3711 3824 3750 sum.

2272 3796 2402 3850 Post
2425 3795 2583 3848 talem
2615 3794 2755 3848 enim
2785 3792 3197 3848 inobedientiam
3220 3833 3235 3858 ,
3278 3801 3400 3862 post
3433 3800 3576 3845 tanta
3611 3787 3791 3843 scelera
3811 3823 3824 3846 ο

2271 3907 2392 3945 cum
2417 3889 2528 3959 jam
2569 3889 2716 3944 orbis
2743 3896 2885 3942 totus
2912 3885 3192 3957 tyrannide
3241 3885 3445 3955 peccati
3489 3872 3824 3954 premeretur,

2270 3997 2392 4036 cum
2421 3988 2659 4035 extrema
2679 3979 2792 4049 jam
2821 3977 3009 4034 luenda
3041 3992 3195 4047 poena
3225 3983 3386 4042 esset,
3422 3991 3543 4031 cum
3570 3970 3826 4030 delendum

2270 4086 2430 4126 omne
2459 4070 2761 4125 mortalium
2789 4084 2956 4139 genus
2975 4110 2991 4134 ,
3040 4081 3341 4137 nomenque
3378 4066 3552 4138 ipsum
3583 4063 3826 4119 hominum

2271 4163 2467 4220 merito
2503 4161 2848 4216 exterminari
2879 4169 3094 4228 posset,
3128 4168 3238 4213 tum
3266 4173 3396 4212 vero
3423 4158 3699 4212 maximum
3723 4166 3824 4205 om-

2263 4254 2416 4294 nium
2461 4243 2786 4294 nenehcmm
2818 4240 2980 4294 nobis
3008 4239 3274 4305 ostendit,
3303 4239 3656 4312 Unigenitum
3685 4247 3826 4292 suum

2263 4346 2366 4401 pro
2396 4330 2658 4396 inimicis,
2688 4347 2788 4402 pro
2821 4333 3075 4388 alienatis
3113 4349 3140 4387 a
3168 4348 3247 4399 se,
3280 4349 3380 4404 pro
3408 4351 3468 4390 se
3498 4333 3621 4387 odio
3646 4329 3825 4384 haben-

2262 4421 2409 4476 tibus
2434 4430 2600 4492 atque
2625 4422 3049 4479 adversantibus
3081 4425 3242 4479 morti
3275 4424 3517 4490 tradens,
3554 4425 3735 4492 sicque
3755 4432 3817 4472 re-

2259 4514 2701 4570 conciliationem
2753 4525 2998 4572 nostram
3049 4531 3309 4588 operans,
3358 4519 3722 4585 caelorumque
3755 4525 3823 4564 re-

2266 4622 2432 4678 gnum
2445 4614 2501 4661 et
2512 4615 2775 4662 aeternam
2793 4608 2984 4674 vitam,
3000 4609 3219 4679 aliaque
3231 4611 3372 4665 bona
3393 4610 3676 4664 innumera
3692 4601 3827 4659 nobis

2260 4715 2323 4754 se
2338 4700 2597 4754 daturum
2613 4699 2914 4769 spondens,
2937 4716 3059 4770 quae
3078 4716 3178 4756 nec
3201 4703 3396 4758 oculus
3416 4701 3570 4765 vidit,
3592 4713 3689 4753 nec
3701 4691 3828 4748 auris

2259 4792 2492 4855 audivit,
2520 4807 2698 4862 neque
2715 4793 2770 4847 in
2789 4808 2888 4847 cor
2908 4793 3147 4850 hominis
3166 4793 3556 4850 ascenderunt.
3581 4789 3712 4857 Quid
3735 4778 3823 4849 igi-

2261 4892 2355 4940 tur
2383 4883 2513 4938 huic
2537 4883 2920 4950 nrovidentize,
2952 4885 3081 4940 huic
3109 4887 3431 4952 clementiae,
3462 4885 3586 4940 huic
3609 4867 3822 4932 ὓοηίιεηί

2269 4993 2565 5048 comparari
2591 4981 2793 5048 possit?
2808 4972 3094 5045 Propterea
3117 4983 3169 5028 et
3186 4974 3300 5044 ipse
3320 4969 3525 5026 dicebat
3544 4980 3569 5054 τί
3582 4961 3820 5054 Quantum

2270 5069 2422 5120 distat
2442 5068 2617 5121 cretum
2639 5083 2670 5120 a
2691 5077 2843 5130 terra,
2869 5075 3060 5118 tantum
3081 5065 3232 5116 distat
3253 5059 3330 5114 via
3347 5072 3457 5110 mea
3475 5071 3506 5107 α
3527 5052 3622 5106 viis
3638 5052 3813 5106 vestris,

2271 5171 2318 5215 et
2362 5161 2596 5231 cogitatio
2638 5175 2750 5212 mea
2773 5174 2805 5210 a
2836 5153 3219 5226 cogitationibus
3255 5148 3424 5204 vestris
3449 5145 3471 5217 (
3493 5142 3619 5197 Isai.

2273 5225 2441 5307 David
2485 5264 2696 5322 quoque
2735 5225 3077 5309 mitissimus,
3124 5257 3245 5298 cum
3285 5240 3354 5322 de
3393 5231 3665 5322 clementia
3698 5225 3820 5322 illi“s

2263 5315 2795 5405 loquentum-aiebat
2809 5347 2822 5384 :
2837 5327 3138 5383 Secundum
3156 5320 3495 5379 altitudinem
3515 5315 3626 5370 caeli
3645 5329 3674 5364 a
3689 5320 3820 5405 terra

2267 5404 2623 5486 corroboravit
2635 5423 2891 5478 Dominus
2905 5417 3212 5473 misericord
3220 5418 3324 5469 iam
3336 5427 3486 5467 suam
3497 5422 3648 5477 super
3659 5404 3697 5455 ti
3702 5413 3824 5452 mea.

2267 5533 2344 5578 tes
2357 5521 2704 5586 seQuantum
2716 5517 2878 5569 distat
2891 5512 3116 5566 ortus'ab
3129 5503 3564 5573 occidenteJonge
3575 5497 3691 5568 fecit
3703 5504 3820 5586 auo-

2267 5620 2344 5672 bis
2359 5617 2661 5685 iniquitates
2685 5619 2916 5663 nostras.
2932 5604 3210 5672 Quomodo
3233 5603 3508 5656 miseretur
3526 5585 3817 5685 ραιεξβξίξξ·

2271 5727 2403 5774 rum,
2423 5677 2758 5762 misertusest
2777 5700 3032 5757 Dominus
3047 5697 3348 5754 timentibus
3360 5688 3585 5749 seiPsal.
3605 5679 3740 5740 l02.i
3759 5677 3816 5744 Ι)-
