4138 6428
392 387 501 444 435

392 499 488 558 οὖν
516 501 675 559 τοῦτο
721 504 880 576 μόνον
904 504 1102 576 ἔχομεν
1131 505 1306 558 εἰπεῖν
1345 503 1487 575 ὐπέρ
1531 503 1626 557 τοῦ
1658 503 2068 576 κατακλυσμοῦ,

397 589 586 663 κέρδος
610 591 666 644 δὲ
691 591 840 645 οὐδὲν
870 591 1178 663 εὑρήσομεν
1205 589 1264 657 ἐξ
1293 589 1458 644 αὐτοῦ
1490 589 1715 659 γεγονός
1739 607 1754 657 ;
1791 589 1932 644 Ἀλλ’
1952 590 2074 644 οὐδὲ

393 661 545 732 ἐστιν
568 680 743 732 εἰπεῖν
771 679 894 732 ὅσον
919 661 1020 732 καί
1037 681 1150 742 τοῖς
1171 676 1616 748 τετελευτηκόσιν
1641 677 1824 742 αὐτοῖς
1840 677 1934 731 καὶ
1961 679 2076 739 τοῖς

396 767 518 838 μετ’
557 767 797 830 ἐκείνους
831 765 1218 838 γεγενημένοις
1265 765 1530 838 ὑπῆρξεν.
1572 767 1800 820 Ἐκεῖνοι
1843 765 1941 838 μέν
1966 766 2076 837 γάρ

393 855 707 928 περαιτέρω
751 853 1034 926 προελθεῖν
1080 855 1180 926 τῆς
1241 854 1439 918 κακίας
1493 853 1882 925 ἐκωλύθησανο
1925 855 1974 907 οί
2017 852 2076 906 δὲ

397 943 515 1012 μετ’
547 941 789 1005 ἐκείνους
811 942 1036 996 ἐκείνων
1073 941 1336 1014 μειζόνως
1375 941 1689 1012 ἐκέρδανον,
1720 940 1822 1010 τῆς
1871 939 2072 1013 ζύμης,

391 1031 468 1094 ὡς
493 1030 559 1084 ἀν
593 1047 680 1094 τις
707 1028 872 1096 εἴποι,
901 1031 998 1084 καὶ
1022 1030 1122 1102 τῆς
1147 1028 1459 1094 ὑποθέσεως
1503 1027 1612 1083 τῶν
1644 1027 1832 1083 κακῶν
1881 1029 2078 1096 ἀφανι-

395 1117 618 1186 σθείσης
649 1118 714 1171 ἐκ
746 1118 912 1188 μέσον
940 1118 1077 1188 μετά
1101 1117 1210 1170 τῶν
1229 1117 1618 1188 τολμησάντων
1641 1116 1840 1170 αὐτῶν.
1879 1117 1940 1170 El
1965 1117 2076 1188 γάρ

392 1203 489 1257 καὶ
536 1205 706 1275 χωρὶς
752 1204 1198 1277 παραδείγματος
1237 1204 1474 1268 εὐκόλως
1502 1202 1736 1256 δύναιντ’
1777 1205 1844 1258 ἂν
1897 1205 2081 1276 εὑρεῖν·

391 1293 444 1346 οἰ
491 1291 774 1361 ἄνθρωποι
797 1293 866 1347 τά
888 1293 1054 1358 κακά,
1081 1293 1134 1347 τί
1154 1293 1258 1347 οὐκ
1306 1293 1374 1347 διν
1407 1292 1649 1365 ἔπραξαν
1684 1291 1894 1347 πολλῶν
1907 1293 2077 1347 δντων

393 1381 502 1435 τῶν
543 1380 1007 1452 παρακαλούντων
1041 1383 1240 1446 αὐτοὺς
1270 1381 1364 1435 ἐπὶ
1407 1381 1506 1445 τὰς
1536 1380 1765 1452 πράξεις
1791 1381 1888 1446 τάς
1912 1399 2078 1454 πονη-

395 1470 496 1541 ράς
516 1469 718 1540 ;”Οπερ
736 1469 824 1523 ἵνα
842 1469 915 1540 μὴ
933 1469 1183 1540 γένηται,
1206 1469 1339 1540 μηδὲ
1361 1467 1650 1533 τοσούτους
1660 1469 2011 1532 διδασκάλους
2027 1470 2076 1523 οί

397 1557 536 1628 μετά
557 1557 734 1612 ταῦτα
754 1558 1091 1630 φαυλότητος
1116 1547 1302 1630 ἔχωσι,
1321 1558 1528 1622 πάντας
1551 1558 1749 1622 αὐτοὺς
1769 1558 1940 1629 ἄρδην
1978 1559 2075 1612 άπ-

393 1645 501 1698 ώλε
510 1663 623 1698 σεν.

465 1734 524 1780 ε’.
576 1727 738 1782 Ἀλλά
761 1728 845 1793 τίς
874 1729 902 1782 ό
928 1729 1088 1797 σοφὸς
1109 1729 1286 1798 λόγος.
1309 1728 1508 1799 μᾶλλον
1533 1728 1590 1782 δέ
1617 1730 1645 1783 ὁ
1679 1729 1924 1800 ἀνόητος,
1969 1729 2076 1783 τῶν

394 1816 655 1886 πράττειν
691 1815 788 1886 μὲν
837 1815 992 1870 οὐδὲν
1048 1816 1391 1888 βουλομένων
1424 1817 1649 1885 ἀγαθὸν,
1692 1818 1872 1872 πάντα
1901 1816 1957 1869 δὲ
1979 1815 2078 1887 ζη-

285 1949 290 1954 .
393 1903 630 1958 τούντων
657 1905 752 1958 καὶ
790 1903 1078 1974 λεγόντων,
1133 1905 1218 1959 ἵνα
1253 1906 1363 1959 τῶν
1411 1906 1628 1960 οἰκείων
1665 1905 2078 1976 ἁμαρτημάτων

392 1989 493 2062 τὴν
518 1991 698 2045 αἰτίαν
725 1993 818 2046 ἐπὶ
866 1991 958 2046 τὸν
991 1993 1124 2046 Θεὸν
1154 1993 1468 2062 ἀγάγωσιν;
1506 1994 1570 2046 Εἰ
1607 1993 1681 2064 μὴ
1708 1991 2078 2064 συνεχώρησε,

395 2079 582 2146 φησιν,
627 2081 656 2134 ό
706 2079 862 2146 Θεὸς,
896 2081 1006 2134 οὐδ’
1038 2079 1105 2134 ἀν
1157 2080 1464 2152 προσῆλθεν
1495 2081 1524 2133 ὁ
1562 2079 1828 2142 διάϐολος.
1869 2078 1978 2132 οὐδ’
2014 2077 2082 2132 ἂν

391 2165 645 2238 ἠπάτησε
670 2167 770 2236 τὴν
799 2168 996 2238 ἀρχήν.
1035 2167 1176 2222 Ἀλλ’
1223 2167 1332 2221 οὐδ’
1363 2167 1429 2222 ἀν
1461 2166 1664 2238 ἔμαθεν
1698 2168 1728 2221 ὁ
1767 2166 1939 2238 Ἀδὰμ
1959 2166 2081 2220 ὅσον

395 2251 543 2326 εἶχεν
589 2256 817 2323 ἀγαθὸν,
849 2257 960 2310 οὐδ’
1002 2255 1068 2310 ἂν
1101 2259 1168 2311 ἐκ
1201 2257 1302 2328 τῆς
1337 2257 1598 2320 ἀπονοίας
1629 2255 1844 2326 ἐκείνης
1874 2253 2080 2326 κατέϐη

396 2343 546 2398 ποτέ.
589 2343 646 2397 Ὀ
677 2343 785 2416 γάρ
805 2343 1062 2398 τοσούτου
1095 2344 1288 2398 ἑαυτὸν
1317 2342 1614 2408 καταξιῶν,
1641 2343 1718 2406 ὡς
1742 2343 1837 2396 καὶ
1857 2341 1976 2406 θεὸς
1991 2359 2082 2411 γε-

395 2430 586 2483 νέσθαι
617 2431 942 2504 προσδοκᾷν,
972 2432 1144 2485 τίούκ
1165 2431 1232 2485 ἂν
1285 2431 1586 2502 ἐτόλμησεν
1633 2425 1808 2496 οὗτος,
1854 2429 1929 2502 μὴ
1979 2447 2084 2482 σω-

379 2519 743 2591 φρονισθείς
794 2521 990 2592 Θῶμεν
1043 2521 1098 2574 δέ
1154 2521 1294 2592 μήτε
1345 2519 1874 2591 συμϐεϐουλευκέναι
1905 2537 1958 2573 τι
1989 2519 2083 2573 τὸν

395 2607 661 2673 διάϐολον,
695 2610 832 2680 μήτε
863 2609 1000 2672 ὅλως
1031 2609 1322 2680 διειλέχθαι
1346 2611 1412 2680 τῇ
1450 2607 1564 2678 Εὕα
1611 2607 1864 2680 περὶτοῦ
1901 2607 2079 2672 ξύλου·

399 2689 509 2768 ἀρα
535 2693 601 2749 ἂν
626 2698 916 2752 ἀπταιστοι
944 2697 1252 2751 διετέλεσαν
1282 2695 1358 2768 μὴ
1385 2697 1679 2768 γενομένου
1708 2696 1929 2763 τούτους
1970 2699 2084 2752 οὐκ

339 2818 345 2825 -
399 2781 549 2836 ἐστιν
577 2785 772 2838 εἰπεῖν.
823 2785 881 2839 'O
907 2783 1016 2858 γὰρ
1043 2785 1148 2838 ὐπὸ
1193 2786 1296 2857 τῆς
1335 2783 1594 2854 γυναικὸς
1639 2782 1813 2848 οὕτως
1846 2784 2086 2848 εὐκόλως

397 2873 774 2938 ἀναπεισθεὶς,
819 2866 972 2938 οὗτος
1009 2875 1104 2927 καὶ
1135 2873 1382 2928 διαϐόλου
1412 2875 1513 2927 οὐκ
1562 2871 1714 2936 ὄντος
1760 2873 1974 2944 ταχέως
2017 2872 2086 2928 ἀν

399 2958 495 3029 ἀφ’
541 2959 737 3014 ἐαυτοῦ
762 2961 896 3031 πρὸς
926 2961 1026 3032 τὴν
1050 2960 1325 3032 ἁμαρτίαν
1352 2959 1676 3014 κατέπεσεν·
1723 2958 1751 3012 ὃ
1785 2959 1880 3012 καὶ
1915 2957 2090 3031 μείζω

399 3047 470 3100 ἂν
501 3047 650 3119 αὐτῷ
696 3049 798 3120 τὴν
845 3047 1116 3120 τιμωρίαν
1170 3049 1418 3120 ἐποίησε.
1441 3047 1627 3119 Χωρίς
1655 3047 1713 3100 δέ
1737 3047 1944 3102 τούτων
1966 3047 2089 3102 οὐδὲ

397 3135 497 3188 νῦν
518 3136 614 3205 τῆς
643 3134 735 3188 τοῦ
761 3135 1008 3190 διαϐόλου
1043 3137 1202 3208 μόνον
1234 3136 1449 3207 ἀπάτης
1491 3137 1554 3189 τὸ
1596 3136 1707 3190 πᾶν
1746 3137 1916 3204 ἐστιν,
1950 3135 2089 3190 ἀλλά

399 3223 498 3277 καὶ
532 3223 638 3276 ὐπὸ
665 3223 766 3295 τῆς
796 3224 1003 3288 οἰκείας
1023 3223 1317 3295 ἐπιθυμίας
1335 3223 1536 3277 ἁλοῦσα
1558 3224 1902 3292 κατέπεσενὴ
1927 3225 2086 3295 γυνή.

401 3311 514 3363 Καὶ
544 3311 702 3366 τοῦτο
727 3313 759 3383 ἡ
792 3313 830 3364 Γ
834 3313 982 3382 ραφὴ
1013 3310 1397 3382 παρεδήλωσεν
1441 3310 1690 3364 εἰποῦσα*
1719 3309 1829 3365 Καὶ
1851 3308 2013 3365 εἶδεν
2049 3312 2087 3380 ἠ

401 3397 562 3466 γυνὴ
597 3397 682 3452 ὅτι
704 3399 897 3454 καλὸν
915 3400 982 3471 τὸ
1003 3397 1194 3463 ξύλον·
1215 3401 1303 3464 εις
1317 3395 1573 3467 βρῶσιν,
1587 3399 1686 3452 καί
1723 3397 1812 3452 ὅτι
1829 3398 2090 3468 ἀρεστὸν

401 3485 533 3552 τοῖς
585 3479 917 3556 ὀφθαλμοῖς
953 3486 1121 3550 ἰδεῖν,
1157 3486 1256 3540 καὶ
1290 3485 1510 3554 ὡραῖον
1550 3486 1660 3540 τοῦ
1690 3487 2084 3558 κατανοῆσαι·

402 3574 506 3628 καί
554 3575 833 3629 λαϐοῦσα
889 3575 995 3629 τοῦ
1050 3575 1284 3644 καρποῦ
1315 3575 1502 3630 αὐτοῦ
1534 3574 1738 3645 ἔφαγε.
1771 3577 1882 3630 Καὶ
1914 3577 1976 3630 οὐ
2000 3576 2092 3630 τὸν

401 3661 650 3716 διάϐολον
705 3663 1064 3718 ἀπαλλάττων
1122 3663 1233 3716 τῶν
1260 3663 1362 3734 τῆς
1391 3663 1682 3735 ἐπιϐουλῆς
1732 3664 2093 3736 ἐγκλημάτων

404 3749 578 3804 ταῦτα
607 3750 752 3820 λέγω
779 3751 894 3817 νῦν,
919 3751 1054 3806 ἀλλά
1082 3751 1253 3816 δεῖξαι
1287 3751 1631 3824 βουλόμενος,
1654 3754 1735 3806 ὃτι
1755 3754 1804 3805 εί
1831 3753 1906 3824 μὴ
1942 3752 2091 3826 [I66]

403 3842 628 3906 ἑκόντες
658 3842 984 3907 κατέπεσον,
1010 3843 1186 3908 οὐδεὶς
1213 3843 1281 3898 ἀν
1308 3843 1508 3908 αὐτοὺς
1541 3841 1860 3899 κατέϐαλεν.
1898 3844 1958 3897 '0
1987 3843 2095 3914 γὰρ

401 3928 509 4002 τὴν
561 3933 692 4002 παρ’
723 3931 914 4002 ἐτέρου
940 3930 1235 4002 δεξάμενος
1254 3931 1474 4003 ἀπάτην
1504 3930 1679 3994 οὓτως
1711 3931 1972 3995 εὐκόλως,
2001 3925 2095 3984 οὗ·

403 4033 505 4080 τος
538 4019 634 4071 καὶ
657 4018 765 4090 πρὸ
793 4018 897 4088 τῆς
925 4019 1144 4088 ἀπάτης
1173 4019 1436 4090 ῥαθύμως
1463 4018 1560 4073 καλ⁸
1593 4017 1804 4090 χαύνως
1839 4017 2091 4072 διέκειτο’

402 4103 532 4157 οὐδὲ
553 4105 662 4175 γάρ
678 4105 744 4159 ἂν
760 4105 948 4176 ῐσχυσε
961 4105 1216 4159 τοσοῦτον
1235 4107 1462 4168 ἐκεῖνος,
1479 4107 1528 4158 εἰ
1543 4103 1788 4176 νηφούσῃ
1813 4103 1908 4158 καὶ
1926 4105 2096 4176 ἐγρη-

404 4191 607 4263 γορυίᾳ
636 4191 908 4262 διελέγετο
933 4190 1100 4264 ψυχῇ.
1130 4191 1269 4245 Ἀλλ’
1292 4192 1398 4246 εἰσί
1430 4209 1574 4256 τινες
1599 4191 1672 4254 οἳ,
1699 4190 1921 4244 ἐπειδὰν
1953 4191 2096 4246 κατὰ

404 4279 570 4334 τοῦτο
600 4280 947 4352 διελεγχθῶσι
985 4280 1046 4333 τὸ
1081 4279 1270 4353 μέρος,
1318 4281 1411 4334 τὸν
1457 4278 1702 4334 διάϐολον
1747 4279 1976 4349 ἀφέντες
2004 4279 2097 4332 ἐπὶ

405 4368 510 4440 τὴν
543 4367 763 4440 ἐντολὴν
826 4367 1241 4439 μεταϐαίνουσι,
1292 4368 1388 4421 καὶ
1436 4367 1533 4421 τοῦ
1581 4367 1680 4438 μὲν
1713 4367 2096 4438 ἡμαρτηκότος

407 4456 728 4527 ἀπέχονται,
761 4455 1051 4525 ἐγκαλοῦσι
1089 4455 1144 4508 δέ
1185 4453 1262 4527 τῷ
1300 4455 1420 4527 Θεῷ
1448 4455 1720 4524 λέγοντες,
1746 4455 1812 4508 Τί
1846 4455 1957 4527 γάρ
1986 4454 2096 4507 ἐδί-

407 4544 504 4598 δου
534 4543 886 4616 πρόσταγμα,
921 4543 1342 4617 ἀμαρτήσοντας
1357 4543 1761 4610 αὑτούςείδώςς
1794 4541 1900 4596 Καὶ
1925 4541 2098 4596 ταῦτα

408 4634 469 4688 δέ
519 4634 638 4688 ἐστι
682 4633 932 4688 διαϐόλου
968 4633 1037 4688 τά
1083 4635 1303 4706 ῥήματα
1355 4634 1451 4688 καὶ
1480 4631 1710 4697 ἀσεϐοῦς
1735 4631 1940 4696 ἐννοίας
1968 4640 1987 4662 ⁸
2011 4632 2099 4684 εὐ-

414 4722 663 4795 ρήματα.
701 4721 825 4776 Ὀτι
874 4721 983 4793 γάρ
1013 4722 1110 4776 καὶ
1137 4721 1199 4775 τὸ
1237 4719 1422 4776 δοῦναι
1455 4721 1555 4792 τὴν
1604 4717 2099 4792 ἐντολὴν-μείζονος

413 4808 740 4880 κηδεμονίας
771 4809 996 4880 ἐστὶν,ἢ
1031 4809 1091 4863 τὸ
1119 4809 1193 4882 μὴ
1217 4808 1419 4876 δοῦναι,
1443 4809 1601 4881 δῆλον
1629 4808 1860 4864 ἐκεῖθεν.
1919 4809 2100 4862 Ἔστω

414 4895 528 4968 γάρ
577 4899 608 4948 ὁ
647 4897 823 4971 Ἀδάμ
860 4897 959 4971 τὴν
993 4899 1091 4968 μέν
1139 4896 1462 4968 προαίρεσιν
1493 4897 1634 4968 ἒχων
1657 4895 1802 4951 οὕτω
1833 4895 2097 4970 ῥᾴθυμον,

413 4981 496 5045 ὡς
551 4981 612 5035 τὸ
657 4985 808 5048 τέλος
862 4983 1134 5048 ἀπέδειξε,
1173 4983 1414 5054 δεχέσθω
1455 4983 1512 5036 δέ
1557 4983 1829 5056 μηδεμίαν
1857 4985 2098 5056 ἐντολὴν,

415 5069 556 5124 ἀλλά
597 5069 805 5140 μενέτω
851 5072 1093 5144 τρυφῶν·
1125 5067 1235 5142 ἆρα
1284 5073 1318 5142 ἡ
1349 5071 1604 5126 ἀσθένεια
1654 5072 1812 5143 καὶὴ
1858 5071 2103 5144 ῥᾳθυμία

416 5159 527 5214 ἀπὸ
557 5160 654 5231 τῆς
675 5159 912 5224 ἀνέσεως
942 5159 1146 5232 ταύτης
1171 5159 1264 5212 ἐπὶ
1293 5159 1352 5212 τὸ
1381 5161 1560 5232 χεῖρον
1589 5159 1622 5230 ἢ
1654 5159 1746 5213 ἐπὶ
1770 5159 1832 5212 τὸ
1858 5161 2104 5232 κρεῖττον

415 5247 691 5301 ἐπέδωκεν
713 5246 812 5312 av;
847 5246 1008 5302 Ἀλλά
1031 5247 1191 5301 παντί
1221 5263 1323 5300 που
1354 5246 1533 5318 δῆλον,
1587 5248 1670 5301 ὅτι
1691 5247 1841 5318 ’πρὸς
1867 5247 2104 5318 ἐσχάτην

413 5333 484 5388 ἂν
528 5334 796 5388 κατέπεσε
833 5333 1050 5399 κακίαν,
1077 5333 1334 5404 ἄφροντις
1357 5331 1455 5388 ὥν.
1483 5331 1542 5386 Ὀ
1581 5333 1690 5406 γὰρ
1727 5333 1954 5404 μηδέπω
1974 5333 2106 5406 θαρ-

417 5424 535 5494 ῥεῖν
559 5421 702 5494 ὑπὲρ
751 5421 848 5492 τῆς
879 5421 1180 5485 ἀθανασίας
1212 5419 1374 5492 έχων,
1409 5419 1524 5474 ἀλλ’
1561 5419 1643 5474 ἐτι
1696 5420 1972 5492 μετέωρον
2005 5420 2105 5492 τὴν

415 5509 614 5566 ἐλπίδα
667 5509 874 5580 ταύτην
903 5505 1068 5563 οὖσαν
1101 5507 1278 5572 εἰδὼς,
1327 5507 1423 5562 καὶ
1453 5508 1590 5579 πρὸς
1613 5507 1866 5562 τοσοῦτον
1905 5507 2104 5573 ἀλαζο-

417 5597 573 5660 νείας
598 5595 694 5650 καὶ
717 5595 903 5660 ἀνοίας
936 5595 1149 5668 ἀρθεὶς,
1181 5596 1258 5660 ὡς
1291 5597 1387 5650 καὶ
1410 5593 1632 5648 ἐλπίσαι
1674 5593 1930 5663 γενέσθαι
1961 5594 2102 5659 θεὸς,

421 5683 713 5741 καὶταῦτα
738 5683 1040 5753 οὐδαμόθεν
1073 5685 1164 5737 τὸν
1201 5682 1375 5737 ταῦτα
1407 5681 1882 5752 ἐπαγγειλάμενον
1917 5681 2107 5736 πιστὸν

417 5771 586 5847 δρῶνο
641 5771 688 5824 εἰ
752 5771 976 5842 βεϐαίαν
1019 5770 1143 5842 ἔσχε
1197 5773 1297 5842 τὴν
1347 5769 1670 5832 ἀθανασίαν,
1736 5770 1838 5824 ποῦ
1895 5771 1995 5825 οὐκ
2041 5770 2108 5825 ἂν

489 5868 932 5928 *Μοτειάσοϐοῦς
949 5870 1140 5927 ἐννοίας.
1166 5869 1312 5921 εωνιι.
1349 5868 1554 5928 ἀσεϐοῦς
1578 5869 1802 5928 διανοίας.

1273 387 1364 442 AD
1399 387 1780 445 STAGIRIIJM
1814 389 1861 444 Α
1899 386 2210 445 ΒᾸΞΜΟΝΕ
2247 388 2604 448 νεΧΑτυΜ.
2648 392 2776 447 LIB.
2821 392 2861 448 Ι.

3749 389 3854 448 436

2179 503 2415 574 ἔφθασεν
2447 508 2735 572 ἀπονοίαςς
2769 507 2900 561 τίδὲ
2937 507 3036 561 οὐκ
3067 505 3138 561 ἀν
3177 506 3486 579 ἐξήμαρτε;
3518 509 3648 560 πότε
3703 506 3762 560 δὲ
3791 509 3855 561 ἀν

2177 601 2458 672 ὑπήκουσε
2486 601 2582 656 τοῦ
2637 603 2810 669 Θεοῦ;
2845 603 2916 675 Σύ
2947 603 3004 656 δέ
3035 603 3336 675 παρόμοιον
3375 605 3551 666 ποιεῖς
3584 601 3853 671 ἐγκαλῶν,

2175 697 2365 770 ὥσπερ
2391 698 2458 754 ἂν
2484 699 2538 753 εῐ
2557 717 2642 764 τις
2673 701 2767 754 καὶ
2798 674 2903 754 τὸν.
2941 699 3224 772 πορνεύειν
3277 699 3689 771 ἀπαγορεύοντα
3717 698 3858 772 μέμ-

2177 817 2350 869 φοιτο,
2391 801 2576 874 ἐπειδὴ
2615 802 2665 855 οἰ
2705 801 2878 857 ταῦτα
2898 802 3253 874 ἀκουσόμενοι
3295 800 3578 873 πορνεύειν
3606 799 3852 872 ἔμελλον.

2176 899 2287 952 Καὶ
2319 899 2438 964 πῶς
2461 900 2560 954 οὐκ
2593 899 2830 972 ἐσχάτης
2855 900 3028 954 ταῦτα
3056 900 3252 972 μανίας
3277 899 3346 953 τά
3379 901 3630 972 ρήματα;
3659 899 3722 952 El
3745 897 3857 970 γὰρ

2180 995 2255 1068 μὴ
2285 995 2568 1068 δεξαμένῳ
2615 999 2716 1069 τὴν
2747 997 2968 1068 ἐντολὴν
3020 996 3333 1070 προσελθὼν
3371 1000 3402 1052 ὁ
3427 997 3674 1060 διάϐολος
3723 997 3860 1050 ἀπο-

2180 1096 2369 1166 στῆναι
2413 1095 2510 1150 τοῦ
2569 1095 2707 1150 Θεοῦ
2761 1095 3172 1162 συνεϐούλευσε,
3223 1097 3317 1150 καὶ
3345 1096 3505 1150 τοῦτο
3527 1097 3766 1160 εὐκόλως
3791 1095 3858 1150 ἂν

2178 1191 2416 1246 ἔπεισεν·
2447 1195 2478 1246 ό
2501 1193 2612 1265 γάρ
2647 1193 2786 1264 μετά
2807 1195 2908 1267 τὴν
2941 1193 3036 1248 τοῦ
3065 1195 3488 1265 προστάγματος
3513 1194 3659 1248 δόσιν
3683 1211 3857 1248 κατα-

2178 1290 2455 1361 φρονήσας
2495 1289 2592 1344 τοῦ
2641 1290 2934 1355 δεδωκότος
2988 1291 3142 1357 αὐτὸ,
3173 1293 3222 1344 εἰ
3279 1291 3444 1363 μηδὲν
3475 1293 3612 1355 ὅλως
3631 1290 3860 1363 ῆκηκόει

2179 1387 2312 1459 παρ’
2367 1386 2554 1451 αὐτοῦ,
2607 1387 2818 1458 ταχέως
2869 1386 2938 1442 ἂν
2973 1388 3056 1441 ὅτι
3097 1390 3190 1442 καὶ
3245 1388 3349 1442 ὑπὸ
3391 1387 3658 1458 δεσπότην
3712 1387 3860 1441 ἐστὶν

2177 1483 2434 1554 ἠγνόησε.
2465 1483 2565 1537 Διά
2597 1482 2754 1537 τοῦτο
2779 1482 3067 1556 προλαϐὼν
3087 1486 3114 1538 ό
3142 1485 3274 1550 Θεὸς
3301 1485 3366 1538 δι’
3390 1477 3466 1539 ὧν
3503 1484 3858 1556 προσέταξεν,

2179 1578 2417 1645 ἐδίδαξεν
2433 1581 2513 1634 ὅτι
2546 1580 2642 1634 καὶ
2680 1579 2866 1652 κύριον
2883 1579 3018 1651 ἔχει,
3045 1581 3138 1636 καὶ
3162 1583 3338 1636 πάντα
3365 1581 3663 1636 ὑπακούειν
3693 1579 3860 1634 αὐτοῦ

2179 1677 2278 1731 δεῖ.
2312 1675 2424 1732 Καὶ
2452 1678 2507 1732 τί
2553 1677 2714 1732 πλέον
2755 1678 2863 1732 ἀπὸ
2890 1678 3080 1732 τούτου
3119 1679 3344 1748 γέγονε;
3398 1680 3553 1750 φησί.
3611 1679 3863 1734 Μάλιστα

2183 1773 2305 1844 μὲν,
2353 1775 2403 1827 εἰ
2447 1769 2542 1828 καὶ
2579 1774 2746 1847 μηδὲν
2779 1777 3041 1845 ἐγεγόνει,
3081 1776 3234 1830 οὐδὲν
3273 1777 3430 1831 τοῦτο
3473 1775 3626 1848 παρά
3656 1776 3750 1830 τὸν
3791 1774 3866 1829 δι·

2181 1869 2415 1936 δάξαντα
2439 1872 2593 1936 Θεὸν,
2625 1872 2760 1926 ἀλλά
2792 1875 2945 1945 παρά
2977 1873 3068 1927 τὸν
3096 1875 3171 1946 μὴ
3209 1874 3504 1946 δεξάμενον
3542 1874 3641 1946 τὴν
3680 1871 3866 1926 καλλί-

2185 1985 2316 2038 στην
2352 1971 2550 2040 ταύτην
2579 1970 2880 2024 παίδευσιν·
2923 1969 3017 2024 νῦν
3038 1970 3095 2024 δὲ
3126 1971 3246 2025 οὐδέ
3279 1971 3452 2036 οὕτως
3480 1971 3736 2042 ἀνόνητος
3773 1969 3866 2038 γέ·

2183 2081 2307 2132 γονε
2343 2067 2437 2119 καὶ
2463 2067 2602 2144 μετά
2629 2068 2726 2138 τὴν
2775 2068 3089 2140 παράϐασιν
3119 2071 3156 2140 ῆ
3177 2069 3323 2132 δόσις
3360 2070 3459 2140 τῆς
3490 2068 3728 2138 ἐντολῆς.
3756 2068 3866 2120 Καὶ

2184 2162 2293 2234 γάρ
2323 2164 2384 2217 τὸ
2415 2165 2706 2238 κρυϐῆναι,
2753 2166 2850 2220 καὶ
2903 2166 2965 2220 τὸ
3016 2167 3116 2238 τὴν
3175 2167 3454 2238 ἁμαρτίαν
3507 2164 3863 2237 ὁμολογῆσαι.

2185 2261 2281 2314 καὶ
2312 2260 2374 2312 τὸ
2394 2259 2717 2326 σπουδάζειν
2739 2262 2830 2315 τὸ¹ν
2867 2262 2966 2334 μὲν
2999 2263 3166 2334 ἄνδρα
3193 2265 3284 2316 ἐπὶ
3309 2263 3408 2334 τὴν
3439 2263 3694 2331 γυναῖκα,
3717 2259 3866 2314 ἐκεί-

2183 2374 2282 2426 νην
2307 2357 2364 2411 δέ
2397 2359 2489 2412 ἐπὶ
2504 2358 2596 2412 τὸν
2622 2359 2746 2430 ὅφιν
2773 2359 2872 2431 τὴν
2894 2361 3074 2414 αἰτίαν
3096 2360 3204 2414 τῶν
3224 2360 3606 2432 γεγενημένων
3637 2374 3866 2430 μεταγα-

2184 2457 2324 2524 γεῖν,
2377 2456 2696 2511 δεδοικότων
2742 2457 2861 2510 ἐστὶ
2929 2458 3024 2512 καὶ
3081 2457 3396 2528 τρεμόντων
3443 2457 3536 2511 καὶ
3593 2455 3653 2510 τὸ
3701 2454 3870 2526 κῦρος

2186 2553 2574 2622 ἐπεγνωκότων
2594 2553 2688 2608 τοῦ
2723 2553 2880 2610 Θεοῦ.
2920 2555 3084 2608 Ὅσον
3109 2554 3168 2608 δὲ
3207 2553 3396 2626 κέρδος
3415 2550 3484 2625 ἦν
3510 2554 3619 2608 ἀπὸ
3646 2554 3746 2625 τῆς
3773 2570 3870 2612 σει-

2184 2651 2409 2724 τανικῆς
2469 2653 2685 2724 ἐκείνης
2729 2652 3054 2724 προσδοκίας
3097 2653 3176 2716 εἰς
3223 2650 3476 2706 τοσοῦτον
3507 2652 3869 2724 μετατεθῆναι

2188 2749 2374 2820 φόϐον,
2401 2749 2574 2813 οὐδεὶς
2605 2750 2809 2818 ἀγνοεῖ.
2837 2750 2898 2804 ’0
2929 2751 3038 2822 γάρ
3063 2749 3297 2804 ἰσοθεῖαν
3329 2749 3674 2821 φαντασθεὶς,
3706 2749 3869 2813 αὐτὸς

2188 2847 2363 2912 οὓτως
2407 2847 2764 2901 ἐταπεινοῦτο
2807 2846 2903 2900 καὶ
2949 2845 3349 2909 συνεστέλλετο,
3381 2845 3456 2910 ὡς
3500 2846 3642 2919 ὑπὲρ
3691 2863 3868 2917 τιμω-

2191 2945 2312 3018 ρίας
2359 2945 2456 3000 καὶ
2507 2945 2783 3010 κολάσεως
2829 2945 3076 3017 τρέμειν,
3115 2947 3210 3000 καί⁵
3257 2944 3356 3016 τὴν
3399 2945 3676 3016 ἁμαρτίαν
3713 2942 3872 3013 ἐξαγ-

2189 3041 2400 3111 γέλλειν
2431 3042 2531 3115 τὴν
2561 3043 2748 3120 αὐτοῦ.
2767 3043 2842 3096 Τὸ
2867 3043 2926 3096 δὲ
2962 3043 3038 3114 μὴ
3060 3042 3397 3114 ἁμαρτάνειν
3431 3041 3868 3123 ἀνεπαισθήτως.

2189 3139 2305 3194 ἀλλ’
2353 3140 2738 3210 ἐπιγινώσκειν
2761 3140 2973 3212 ταχέως
2996 3140 3090 3193 καὶ
3117 3141 3348 3212 συνορᾷν
3379 3139 3439 3192 τὸ
3461 3139 3565 3209 πλη
3575 3139 3870 3211 μμεληθὲν,

2190 3237 2291 3290 οὐκ
2323 3235 2438 3290 ἐστι
2481 3235 2698 3308 μικρὸν,
2735 3235 2853 3290 ἀλλ’
2869 3235 2987 3300 ὁδός
3017 3252 3101 3300 τις
3127 3235 3222 3288 καὶ
3253 3235 3395 3306 ἀρχὴ
3422 3235 3556 3306 πρὸς
3589 3234 3872 3307 δ;όρθωσιν

2193 3332 2403 3400 ἄγουσα
2426 3333 2522 3385 καὶ
2542 3331 2641 3403 τὴν
2690 3333 2783 3386 ἐπὶ
2818 3332 2880 3385 τὸ
2911 3333 3158 3403 κρεῖττον
3191 3329 3514 3402 μεταϐολήν.
3552 3331 3739 3385 Πᾶσαν
3775 3330 3874 3402 μὲν

2193 3425 2286 3483 οὖν
2319 3429 2412 3482 τοῦ
2456 3428 2665 3502 Κυρίου
2703 3428 2802 3501 τὴν
2829 3428 2984 3502 [16η
3007 3431 3084 3492 εἰς
3109 3429 3256 3500 ἡμᾶς
3291 3427 3602 3498 ἀγαθότητα
3625 3425 3748 3481 οὔτε
3773 3444 3876 3498 μα-

2196 3526 2308 3582 θεῖν
2342 3526 2465 3581 ούτε
2518 3526 2884 3600 διηγήσασθαι
2917 3527 3164 3582 δυνατόν’
3207 3521 3282 3582 ὧν
3319 3525 3378 3580 δέ
3420 3525 3578 3598 ἴσμεν
3618 3526 3680 3580 τὸ
3707 3525 3877 3594 κεφά-

2195 3621 2342 3675 λαιον
2383 3620 2516 3693 ἐρῶ.
2542 3621 2698 3675 Μετὰ
2719 3621 2828 3693 γὰρ
2846 3620 2945 3693 τὴν
2972 3622 3244 3692 τοσαύτην
3284 3621 3590 3692 παρακοῆν,
3622 3617 3760 3690 μετά
3789 3636 3879 3670 τοο

2198 3719 2370 3775 σαῦτα
2395 3720 2614 3791 ἁμαρτῆ
2623 3736 2790 3790 ματα,
2831 3719 2920 3774 ὅτε
2967 3721 3145 3775 πᾶσαν
3167 3719 3398 3790 κατέσχε
3426 3717 3524 3792 τὴν
3552 3716 3878 3788 οἰκουμένην

2195 3822 2228 3888 ἡ
2276 3818 2374 3889 τῆς
2405 3816 2681 3890 ἁμαρτίας
2722 3819 2997 3890 τυραννὶς,
3039 3818 3128 3872 ὅτε
3172 3819 3272 3888 τὴν
3301 3816 3537 3888 ἐσχάτην
3563 3815 3670 3868 ἔδει
3694 3813 3878 3868 δοῦναι

2196 3914 2352 3986 δίκην
2401 3913 2608 3979 λοιπὸν,
2639 3915 2740 3968 καί¹
2778 3913 3075 3968 ἀπολέσθαι
3126 3911 3426 3976 παντελῶς,
3467 3911 3562 3965 καὶ
3594 3908 3878 3981 ἀνώνυμον

2195 4010 2258 4062 τὸ
2297 4009 2408 4064 τῶν
2458 4009 2764 4084 ἀνθρώπων
2809 4009 3062 4079 γενέσθαι
3100 4009 3275 4078 γένος,
3321 4008 3442 4064 τότε
3472 4007 3571 4078 τὴν
3618 4005 3879 4077 μεγίστην

2198 4108 2331 4179 περί
2355 4108 2504 4178 ἡμᾶς
2531 4105 2850 4178 εὐεργεσίαν
2883 4105 3215 4172 ἐπεδείξατο,
3249 4104 3391 4176 ὐπέρ
3415 4103 3524 4157 τῶν
3557 4100 3766 4173 ἐχθρῶν
3787 4101 3880 4154 καὶ

2198 4204 2732 4278 ἀπηλλοτριωμένων
2757 4203 2852 4258 καὶ
2894 4201 3196 4273 μισούντων
3219 4202 3382 4255 αὐτὸν
3413 4201 3508 4254 καὶ
3536 4200 3879 4270 ἀποστρεφο-

2202 4303 2379 4377 μένων
2415 4302 2509 4356 τὸν
2543 4302 2823 4372 Μονογεψῆ
2879 4297 3232 4369 κατασφάξας
3273 4297 3366 4351 τὸν
3414 4295 3630 4363 ἐαυτοῦ,
3667 4297 3761 4350 καὶ
3793 4295 3880 4348 διά

2197 4400 2390 4455 τούτου
2420 4399 2520 4471 τὴν
2551 4398 2688 4471 πρὸς
2719 4397 2885 4451 αὐτὸν
2928 4393 3272 4466 καταλλαγὴν
3313 4392 3687 4464 ἐργασάμενος
3726 4393 3877 4464 ἡμῖν,

2200 4499 2296 4553 καὶ
2317 4497 2594 4570 βασιλείαν
2619 4495 2884 4568 οὐρανῶν,
2927 4495 3021 4548 καὶ
3044 4493 3188 4565 ζωὴν
3214 4491 3454 4558 αἰώνιον,
3493 4493 3589 4546 καὶ
3617 4492 3686 4546 τά
3711 4491 3883 4563 μυρία

2202 4595 2672 4667 ἐπαγγειλάμενος
2697 4591 2888 4647 δώσειν
2917 4590 3118 4662 ἀγαθά,
3151 4589 3188 4645 ἃ.
3242 4591 3380 4662 μήτε
3434 4589 3713 4662 ὀφθαλμὸς
3751 4582 3882 4651 εἶδε,

2204 4694 2344 4766 μήτε
2371 4687 2464 4756 οὖς
2502 4691 2727 4764 ῆκουσε,
2777 4689 2916 4760 μήτε
2946 4687 3039 4742 ἐπὶ¹
3079 4686 3305 4758 καρδίαν
3351 4684 3644 4758 ἀνθρώπου
3691 4681 3882 4750 ἀνέϐη.

2203 4792 2270 4846 Τί
2301 4790 2508 4864 ταύτης
2536 4787 2604 4843 ἂν
2641 4787 2853 4858 γένοιτο
2897 4786 2996 4856 τῆς
3025 4785 3352 4857 κηδεμονίας
3388 4785 3523 4848 ῐσον,
3563 4782 3658 4854 τῆς
3699 4777 3886 4850 φιλαν-

2207 4887 2476 4962 θρωπίας,
2504 4885 2608 4956 τῆς
2648 4882 3016 4954 ἀγαθότητος;
3047 4881 3145 4936 Διά
3186 4881 3358 4934 ταῦτα
3391 4880 3486 4934 καὶ
3541 4875 3703 4940 αὐτός
3731 4891 3883 4947 φησι·

2203 4985 2411 5053 Καθὼς
2459 4983 2672 5054 ἀπέχει
2703 4984 2737 5036 ὁ
2769 4978 3028 5048 οὐρανὸς
3057 4979 3175 5034 ἀπὸ
3208 4977 3320 5048 τῆς
3367 4977 3502 5048 τῆς,
3551 4973 3740 5038 οὕτως
3775 4972 3889 5027 ἀπ-

2203 5085 2330 5156 έχει
2358 5085 2398 5153 ἡ
2455 5080 2598 5147 ὁδός
2624 5096 2746 5150 μου
2780 5075 2902 5132 ἀπὸ
2927 5075 3047 5130 τῶν
3073 5075 3229 5132 ὁδῶν
3274 5073 3464 5146 ὑμῶν,
3503 5071 3603 5126 καὶ
3647 5070 3720 5124 τὰ
3763 5067 3891 5122 δια-

2203 5177 2478 5251 νοήματά
2503 5194 2625 5248 μου
2659 5173 2780 5232 ἀπὸ
2815 5173 2925 5244 τῆς
2955 5175 3224 5240 διανοίας
3247 5171 3432 5242 ὑμῶν.
3457 5169 3568 5224 Καὶ
3595 5169 3625 5221 δ
3654 5166 3894 5239 πραόταα·

2205 5297 2301 5344 τος
2319 5278 2380 5333 δέ
2411 5275 2575 5332 Δαυῒδ
2606 5274 2737 5346 περὶ
2763 5273 2861 5346 τῆς
2891 5269 3300 5344 φιλανθρωπίας
3315 5266 3480 5324 αὐτοῦ
3512 5262 3890 5336 διαλεγόμενός

2208 5393 2363 5449 φησι·
2384 5374 2551 5431 Κατὰ
2583 5373 2650 5428 τὸ
2673 5373 2833 5442 ὕψος
2858 5371 2965 5426 τοῦ
3001 5367 3261 5437 οὐρανοῦ
3286 5364 3408 5421 ἀπὸ
3431 5361 3543 5433 τῆς
3581 5361 3696 5433 γῆς
3717 5361 3894 5431 ἐκρα-

2208 5475 2429 5529 ταίωσε
2452 5475 2671 5541 Κύριος
2703 5470 2770 5523 τὸ
2822 5469 2996 5534 ἔλεος
3032 5465 3220 5521 αὐτοῦ
3270 5462 3372 5518 ἐπὶ
3418 5460 3562 5528 τοὺς
3611 5457 3896 5530 φοϐουμέ-

2209 5594 2359 5644 νους
2397 5573 2606 5630 αὐτόν·
2668 5569 2797 5625 καθ’
2845 5567 2998 5622 ὅσον
3059 5562 3397 5636 ἀπέχουσιν
3445 5558 3738 5617 ἀνατολαὶ
3774 5555 3894 5612 ἀ.τό

2210 5672 2482 5746 δυσμῶν,
2507 5671 2846 5743 ἐμὰκρυνεν
2870 5666 2971 5736 ἀφ’
3007 5661 3180 5734 ἡμῶν
3234 5661 3343 5729 τὰς
3401 5660 3660 5731 ἀνομίας
3701 5653 3890 5726 ἡμῶν·

2211 5775 2405 5842 καθὼς
2433 5771 2708 5840 οἰκτείροι
2732 5764 2928 5834 πατὴρ
2957 5764 3146 5832 υἱοὺς,
3171 5761 3499 5831 ᾠκτείρησε
3521 5761 3734 5827 Κύριος
3756 5751 3898 5818 τοὺς

2213 5871 2627 5946 φοϐουμένους
2655 5861 3000 5936 αὐτόν’,οὐχ
3031 5861 3112 5916 δτι
3143 5856 3399 5914 τοσοῦτον
3432 5853 3621 5926 μόνον,
3665 5846 3775 5904 ἀλλ’
3816 5845 3903 5900 ὅτι
