4138 6454
543 420 645 478 437

539 557 644 595 non
694 555 873 609 parem
917 540 1086 594 mlum
1138 555 1371 595 amorem
1402 539 1638 594 indicans
1659 578 1673 605 ,
1706 536 1807 611 sed.
1826 535 1944 606 quia
1973 549 2124 589 sum-

541 645 641 685 ma:
680 630 981 686 dilectionis
1019 632 1321 700 etemplum
1364 630 1507 684 aliud
1561 644 1666 684 non
1721 629 1984 682 novimus.
2034 625 2128 680 illo

540 732 716 778 tamen
771 724 1016 793 exemplo
1069 723 1239 792 majus
1276 721 1415 776 aliud
1462 720 1659 791 profert
1703 718 1903 783 Isaias,
1936 731 2127 785 nempe

540 815 725 869 matris
788 829 908 884 qure
962 812 1324 868 misericordia
1375 828 1497 882 erga
1541 812 1745 880 prolem
1795 819 2000 880 patrem
2039 822 2129 861 su-

541 920 728 973 perare
798 907 970 971 solet,
1024 906 1103 960 sic
1171 906 1394 974 loquens
1439 923 1451 958 :
1501 902 1765 973 Numquid
1818 902 2130 955 obliviscetur

539 996 719 1049 mulier
755 994 994 1066 infantuli
1017 996 1096 1048 sui
1120 1037 1133 1060 ,
1164 1004 1221 1049 ut
1259 1011 1358 1049 non
1386 995 1678 1049 misereatur
1705 993 1810 1057 ﬁlio
1839 994 1968 1045 uteri
2006 991 2131 1044 sui?

540 1085 648 1140 Sed
688 1094 733 1139 et
774 1086 821 1141 si
839 1082 934 1137 illa
972 1084 1129 1139 oblita
1182 1086 1293 1156 ejus
1338 1085 1521 1156 fuerit,
1565 1099 1659 1154 ego
1702 1092 1868 1136 tamen
1912 1081 1985 1134 tui
2026 1097 2128 1134 non

538 1175 798 1231 obliviscar
822 1218 837 1242 ,
866 1176 986 1229 dicit
1034 1175 1282 1230 Dominus
1332 1173 1489 1245 (Isai.
1521 1174 1610 1240 69,
1646 1172 1750 1245 15)
1799 1164 2127 1227 :6stendens

542 1265 637 1320 Dei
681 1265 1095 1320 misericordiam
1131 1265 1356 1320 aii’ectus
1383 1279 1571 1319 omnes
1609 1263 1879 1318 naturales
1923 1261 2126 1330 longis-

538 1359 672 1413 sime
693 1357 973 1414 excedere.
1006 1358 1074 1412 Et
1101 1358 1378 1428 prophetae
1417 1357 1630 1427 quidem
1663 1356 1780 1410 sic:
1813 1355 1926 1425 ipse
1950 1361 2126 1407 autem

537 1448 813 1516 Christus,
844 1464 964 1503 cum
995 1448 1193 1504 Judzeis
1234 1449 1545 1518 loqueretur
1566 1487 1581 1511 ,
1612 1447 1786 1501 aiebat
1819 1462 1832 1498 :
1864 1444 1925 1499 Si
1963 1451 2129 1497 autem

538 1555 624 1592 vos
646 1556 761 1593 cum
784 1541 894 1595 sitis
918 1539 1041 1593 mali
1064 1580 1080 1605 ,
1108 1540 1265 1593 nostis
1288 1539 1419 1592 bona
1446 1538 1568 1592 data
1597 1539 1719 1590 dare
1758 1535 1878 1604 ﬁliis
1902 1533 2086 1604 [vestris
2107 1573 2123 1599 ,

537 1642 723 1702 quanto
769 1632 930 1704 magis
977 1630 1131 1686 Pater
1171 1640 1329 1685 uester
1377 1629 1586 1685 celestis
1615 1627 1752 1681 dabit
1781 1626 1913 1680 bona
1954 1634 2126 1696 peten-

538 1725 669 1778 tibus
707 1740 762 1779 se
814 1723 1042 1797 (Matth.
1086 1725 1139 1780 '7.
1190 1725 1249 1778 ll
1280 1721 1341 1793 )?
1376 1722 1508 1777 nihil
1557 1721 1796 1792 profecto
1845 1718 1989 1774 aliud
2032 1733 2129 1788 per

540 1813 642 1868 ista
670 1813 1009 1884 signiﬁcans,
1042 1814 1141 1868 nisi
1172 1822 1374 1868 tantam
1405 1827 1527 1868 esse
1556 1812 1751 1867 divinae
1775 1808 2128 1882 providentiae

536 1916 591 1961 et
620 1906 1019 1976 gubernationis
1046 1915 1284 1977 paterna:
1311 1905 1666 1960 differentiam
1687 1946 1703 1971 ,
1731 1910 1994 1974 quantum
2040 1904 2125 1956 in-

539 2005 708 2053 terest
738 1996 878 2053 inter
904 1997 1076 2052 bonos
1115 2004 1170 2052 et
1205 1997 1393 2052 malos.
1426 1996 1628 2051 Verum
1671 2009 1844 2065 neque
1872 1993 2129 2049 hactenus

537 2098 645 2144 stes
664 2089 841 2155 velim,
871 2089 963 2145 sed
989 2098 1168 2145 mente
1192 2089 1258 2143 ad
1280 2088 1529 2144 ulteriora
1561 2085 1900 2157 progredere.
1923 2085 2052 2140 Nam
2075 2083 2128 2139 id

537 2193 748 2249 quoque
773 2193 872 2248 pro
899 2187 1059 2249 captu
1102 2188 1158 2234 et
1201 2178 1362 2233 modo
1409 2185 1501 2231 tuo
1541 2177 1741 2231 dictum
1769 2184 1852 2231 est
1888 2192 1901 2230 :
1933 2174 2129 2244 quippe

542 2270 688 2339 :ujus
717 2270 1067 2340 intelligentia
1097 2278 1179 2325 est
1207 2269 1435 2337 inﬁnita,
1467 2277 1522 2324 et
1545 2268 1759 2322 bonitas
1786 2266 2030 2322 similiter
2049 2274 2129 2320 at-

538 2377 650 2430 que
676 2361 960 2417 clementia
991 2376 1114 2433 erga
1140 2361 1406 2417 homines.
1445 2359 1599 2428 Quod
1638 2360 1683 2414 si
1728 2359 1865 2413 hanc
1891 2373 1986 2429 per
2013 2358 2126 2411 sin-

534 2452 657 2521 gula
685 2467 807 2522 qure
836 2453 971 2506 ﬁunt
990 2467 1095 2507 non
1130 2451 1501 2522 perspicimus,
1531 2458 1587 2505 et
1614 2450 1715 2505 hoc
1740 2450 1950 2519 signum
1979 2449 2123 2503 illius

537 2541 816 2597 inﬁnitatis
852 2550 955 2598 est.
992 2542 1226 2597 Plurima
1254 2542 1397 2597 enim
1438 2550 1492 2596 et
1520 2556 1711 2612 magna
1741 2540 1982 2611 quotidie
2026 2554 2124 2609 pro

537 2642 722 2689 nostra
752 2634 925 2690 salute
968 2635 1245 2705 disponit,
1287 2649 1408 2705 qua:
1447 2634 1548 2704 ipsi
1578 2634 1678 2690 soli
1723 2642 1847 2689 sunt
1891 2634 2123 2704 cognita.

540 2726 674 2795 Quia
714 2727 858 2782 enim
905 2726 1164 2782 bonitatis
1208 2741 1318 2781 suae
1340 2726 1511 2797 gratia
1557 2726 1738 2795 generi
1769 2734 1954 2780 nostro
1977 2725 2117 2780 bona

537 2818 782 2888 largitur,
810 2816 941 2871 nihil
962 2804 1162 2871 nostris
1186 2816 1428 2887 indigens
1449 2816 1713 2881 laudibus,
1743 2816 1994 2887 nullaque
2018 2815 2121 2869 alia

542 2909 982 2964 remuneratione
1002 2922 1137 2979 opus
1165 2908 1391 2975 habens,
1423 2908 1649 2978 plurima
1678 2921 1777 2962 nos
1803 2907 1972 2962 latere
2000 2921 2128 2976 per-

539 2999 721 3055 mittit.
747 2998 856 3054 Sed
883 3008 938 3055 et
980 3000 1023 3053 si
1056 2998 1339 3068 aliquando
1378 2997 1494 3053 hac
1523 2999 1744 3063 revelat,
1778 3005 1835 3053 et
1875 2996 2005 3051 illud
2032 3010 2129 3051 no-

536 3103 661 3146 stra:
687 3092 928 3147 utilitatis
967 3106 1126 3146 causa
1159 3090 1303 3157 facit,
1335 3099 1393 3145 ut
1426 3091 1626 3160 gratias
1655 3090 1731 3144 illi
1761 3105 1975 3159 semper
2024 3090 2121 3144 hac

538 3182 726 3239 bentes
753 3223 768 3247 ,
804 3180 1034 3251 amplius
1076 3181 1232 3236 nobis
1275 3180 1607 3235 attrahamus
1654 3180 1793 3235 illius
1843 3179 2122 3235 auxilium.

538 3273 657 3329 Non
686 3274 851 3343 igitur
896 3272 965 3328 de
1012 3272 1097 3327 bis
1127 3272 1302 3327 solum
1348 3287 1467 3342 quae
1498 3272 1744 3327 novimus
1770 3310 1785 3337 ,
1837 3271 1931 3327 sed
1955 3270 2024 3326 de
2061 3271 2128 3328 iis

545 3366 707 3420 etiam
745 3380 864 3435 quae
901 3363 1170 3419 nescimus
1193 3404 1207 3429 ,
1253 3363 1451 3433 gratias
1480 3363 1557 3417 illi
1587 3361 1916 3417 referamus:
1956 3375 2129 3432 neque

540 3459 684 3514 enim
713 3458 956 3513 volentes
985 3458 1180 3524 solum,
1207 3471 1393 3511 verum
1441 3455 1637 3509 invitos
1678 3468 1891 3524 quoque
1919 3452 2126 3508 beneﬁ-

537 3553 636 3607 ciis
662 3550 944 3607 consuevit
968 3548 1204 3604 afﬁcere.
1234 3546 1387 3614 Quod
1418 3546 1614 3602 Paulus
1635 3561 1756 3601 cum
1778 3545 1959 3611 sciret,
1987 3559 2129 3599 sem-

537 3658 635 3714 per
655 3643 784 3698 etin
810 3641 1061 3696 omnibus
1075 3640 1273 3711 gratias
1302 3654 1461 3710 agere
1484 3638 1754 3694 monebat.
1778 3637 1929 3705 Quod
1949 3644 2129 3692 autem

537 3747 644 3786 non
689 3732 1048 3787 communiter
1093 3731 1267 3785 solum
1326 3729 1565 3785 omnium
1615 3744 1801 3786 curam
1861 3730 2015 3800 gerit,
2035 3729 2130 3784 sed

536 3838 782 3879 seorsum
829 3823 1161 3892 singulorum
1187 3862 1203 3888 ,
1249 3823 1422 3892 ipsum
1452 3821 1637 3877 audias
1663 3822 1788 3877 licet
1813 3820 2126 3876 dicentem:

540 3913 664 3970 Non
692 3923 766 3969 est
791 3916 1023 3970 uoluntas
1066 3930 1238 3969 coram
1266 3913 1423 3968 Patre
1446 3930 1556 3968 meo
1579 3916 1662 3985 qui
1688 3915 1741 3968 in
1784 3915 1920 3969 ctelis
1940 3924 2033 3980 est,
2076 3922 2132 3967 ut

538 4016 709 4077 pereat
754 4025 883 4063 unus
912 4009 974 4061 de
1017 4007 1216 4078 pusillis
1258 4008 1369 4062 istis
1398 4007 1417 4077 (
1444 4006 1631 4083 Matth:
1682 4007 1769 4061 18.
1803 4003 1906 4078 Η)
1926 4047 1941 4072 ,
1973 4005 2039 4060 de
2066 4005 2132 4060 iis

536 4097 724 4154 dicens
745 4138 761 4164 ,
794 4098 886 4169 qui
919 4102 972 4152 in
1000 4097 1146 4151 illum
1177 4098 1429 4152 credunt.
1453 4095 1609 4165 Cupit
1660 4096 1775 4166 ipse
1820 4096 2034 4165 quidem
2077 4103 2133 4150 et

536 4203 631 4243 eos
650 4190 739 4259 qui
765 4203 870 4243 non
897 4187 1129 4243 credunt
1156 4189 1333 4241 salvos
1354 4187 1493 4252 ﬁeri,
1519 4187 1820 4256 mutarique
1841 4186 1893 4239 in
1920 4186 2130 4251 melius,

536 4287 592 4334 et
616 4281 838 4336 credere
862 4322 878 4349 ,
927 4280 1068 4335 sicut
1109 4278 1308 4335 Paulus
1340 4279 1450 4332 ait:
1482 4277 1583 4345 Qui
1608 4278 1713 4330 uult
1757 4292 1928 4330 omnes
1967 4277 2133 4330 salvos

538 4373 670 4442 ﬁeri,
701 4382 745 4427 et
776 4373 844 4427 ad
862 4374 1171 4445 agnitionem
1195 4370 1417 4425 veritatis
1438 4376 1603 4427 venire
1628 4370 1706 4439 (i.
1725 4368 1858 4423 Tim.
1880 4369 1935 4423 2.
1955 4369 2034 4440 ι).
2065 4367 2134 4423 Ει

539 4470 653 4538 ipse
678 4467 744 4522 ad
770 4466 1016 4522 Iudaeos:
1047 4464 1170 4519 Non
1221 4465 1330 4518 ueni
1358 4479 1536 4517 uocare
1559 4463 1748 4535 justas,
1788 4461 1877 4517 sed
1902 4470 2131 4536 peccato-

538 4575 618 4614 res
659 4558 728 4612 ad
770 4558 1116 4628 penitentiam
1156 4554 1177 4627 ζ
1205 4555 1391 4609 Matth.
1425 4553 1479 4608 9.
1510 4554 1579 4609 i5
1600 4551 1653 4625 );
1697 4561 1753 4607 et
1778 4566 1874 4622 per
1899 4552 2132 4621 prophe-

540 4661 678 4716 tam,
709 4648 1121 4704 Hisericordiam
1145 4648 1279 4713 volo,
1306 4657 1351 4702 et
1382 4663 1485 4703 non
1535 4644 1839 4712 sacri/icium
1883 4642 2050 4715 (Osee
2076 4642 2131 4697 6.

542 4745 577 4800 6
601 4744 642 4813 ).
672 4742 742 4795 At
768 4756 900 4796 vero
926 4741 971 4794 si
1004 4750 1124 4809 post
1167 4749 1333 4794 tanta:
1362 4753 1505 4794 curae
1533 4751 1596 4792 ac
1624 4734 1970 4805 providentiae
2000 4731 2133 4786 frui-

544 4833 743 4889 tionem
774 4832 1046 4886 noluerint
1066 4830 1319 4885 meliores
1348 4828 1496 4894 ﬁeri,
1545 4827 1934 4896 veritatemque
1972 4838 2135 4894 agno-

541 4941 717 4993 scere,
740 4940 808 4981 ne
828 4925 905 4979 sic
921 4923 1136 4994 quidem
1158 4923 1277 4977 illos
1297 4922 1516 4989 deserit,
1539 4921 1633 4977 sed
1653 4920 1902 4991 quoniam
1923 4928 2133 4973 acterna:

542 5018 666 5071 vitte
696 5015 1113 5087 participatione
1152 5014 1253 5083 ipsi
1282 5028 1341 5068 se
1365 5028 1462 5067 sua
1493 5020 1684 5081 sponte
1727 5011 2023 5081 privarunt,
2049 5008 2136 5064 vel

543 5108 827 5176 praesentis
851 5106 976 5160 vita:
999 5104 1153 5159 bona:
1181 5101 1288 5157 iiiis
1302 5103 1489 5157 omnia
1519 5102 1755 5171 largitur,
1787 5101 1955 5156 solem
1980 5114 2134 5154 suum

543 5201 672 5256 oriri
701 5199 904 5255 faciens
945 5213 1108 5269 super
1133 5197 1306 5251 bonos
1330 5208 1386 5251 et
1424 5195 1594 5250 malos
1617 5235 1632 5259 ,
1663 5202 1717 5248 et
1745 5194 1933 5265 pluens
1975 5207 2137 5263 super

540 5302 711 5363 justas
736 5300 791 5348 et
819 5290 1065 5361 injustos,
1103 5290 1311 5358 aliaque
1338 5296 1600 5358 praestans
1621 5301 1739 5354 qua:
1764 5284 1833 5339 ad
1859 5285 2137 5355 praesentis

545 5385 667 5438 vitae
692 5392 886 5438 statum
915 5381 1204 5452 pertinent.
1234 5378 1390 5447 Quod
1420 5379 1465 5434 si
1490 5376 1720 5431 inimicis
1750 5391 1965 5446 quoque
1993 5385 2136 5429 tanta

548 5490 675 5530 cura
701 5475 974 5545 prOSpicit,
1006 5472 1189 5528 ﬁdeles
1210 5486 1356 5537 suos,
1377 5480 1431 5524 et
1450 5468 1538 5539 qui
1572 5467 1693 5522 totis
1713 5469 1762 5523 ei
1785 5467 1983 5522 viribus
2025 5480 2138 5520 ser-

551 5570 703 5625 viunt
724 5611 740 5637 ,
787 5569 1054 5640 quomodo
1096 5581 1345 5636 umquam
1376 5562 1719 5619 contemnet?
1743 5560 1859 5615 Non
1888 5561 1956 5615 ita
1983 5600 1997 5625 ,
2030 5574 2137 5613 non

551 5661 622 5715 ita
643 5671 759 5725 est;
788 5674 974 5715 verum
1003 5660 1131 5713 istos
1154 5657 1386 5712 maxime
1404 5671 1469 5711 ex
1492 5652 1741 5709 omnibus
1770 5651 1932 5708 fovet.
1975 5649 2140 5706 Vestrs

551 5754 693 5809 enim
719 5795 734 5819 ,
786 5752 991 5822 inquit,
1024 5759 1068 5806 et
1090 5749 1264 5820 capilli
1292 5746 1471 5818 capitis
1517 5760 1694 5800 omnes
1736 5743 1983 5799 numerati
2021 5752 2138 5798 sunt

553 5845 719 5918 (Luc.
750 5843 834 5900 η.
873 5841 967 5913 7.).

1422 422 1514 479 AD
1551 418 1922 480 STAGIRIUM
1960 420 2005 476 Α
2037 417 2331 475 ΒᾹΞΜΟΝΕ
2375 422 2702 483 VEXATUM
2765 426 2889 483 ΜΒ.
2933 425 2974 483 l'.

3707 435 3810 489 ὅτιῖ

2306 536 2359 591 6.
2388 536 2661 594 Promissis
2685 539 2775 596 Dei
2796 540 3116 596 credendum.
3146 572 3217 584 --
3242 544 3460 611 Quoties
3487 561 3611 617 ergo
3635 547 3727 602 tibi
3753 550 3803 602 in

2233 636 2466 683 mentem
2489 631 2629 684 venit
2653 642 2897 700 parentes
2915 642 2985 697 te,
3007 642 3060 689 et
3074 635 3560 704 patriam,domum,
3581 639 3797 707 amicos,

2236 721 2580 791 propinquos,
2611 737 2842 793 opesque
2872 725 3193 793 innumeras,
3219 735 3274 781 et
3297 728 3519 797 gloriam
3550 730 3694 785 illam
3727 731 3805 785 in-

2237 821 2447 881 gentem
2474 813 2731 882 abjecisse
2756 825 2970 884 propter
2992 816 3283 883 Christum,
3304 820 3599 892 deindeque
3626 821 3812 892 hujus-

2238 903 2380 957 modi
2408 906 2740 960 vexationem
2771 912 2896 975 pati,
2925 908 3030 962 noli
3055 908 3283 979 dejicere
3311 913 3558 982 teipsum.
3577 912 3706 967 Nam
3738 928 3807 969 ex

2237 996 2428 1064 quibus
2453 996 2824 1066 cogitationum
2846 997 3107 1054 inesitatio
3126 1000 3445 1070 gignitur,ex
3462 1002 3664 1059 eisdem
3691 1020 3809 1059 rur-

2236 1100 2329 1139 sus
2349 1087 2604 1164 solvctur.
2626 1088 2875 1156 Quonam
2912 1092 3111 1148 modo?
3128 1093 3464 1166 impossibile
3491 1106 3574 1154 est
3599 1097 3817 1151 mentiri

2232 1179 2401 1234 Deum
2415 1178 2752 1249 (chr.6.l8)
2771 1193 2786 1227 τ
2807 1178 3052 1248 promisit
3072 1187 3247 1233 autem
3270 1180 3354 1234 ille
3370 1182 3534 1235 vitam
3554 1190 3809 1236 aeternam

2237 1266 2338 1319 ista
2365 1266 2802 1335 relinquentibus.
2842 1268 3123 1340 Reliquisti
3149 1277 3203 1325 tu
3232 1272 3407 1326 omnia
3437 1273 3534 1326 ista
3552 1315 3566 1339 ,
3587 1282 3640 1328 et
3662 1274 3810 1342 abje-

2234 1354 2350 1408 cisti
2370 1355 2521 1422 :quid
2546 1356 2702 1426 igitur
2723 1358 2966 1427 prohibet
2989 1360 3057 1415 de
3076 1361 3375 1430 huiusmodi
3396 1365 3661 1420 conﬁdere
3686 1381 3810 1436 pro-

2232 1446 2485 1501 missione
2504 1447 2529 1499 ?
2554 1464 2679 1502 num
2701 1464 2760 1504 ea
2784 1464 2887 1518 qua
2914 1466 3053 1506 nunc
3073 1453 3314 1521 probaris
3341 1455 3591 1508 tentatio?
3607 1455 3674 1509 Et
3699 1456 3811 1511 hmo

2233 1536 2299 1590 ad
2329 1537 2734 1607 promissionem
2755 1539 2879 1610 quid
2895 1541 2922 1594 ?
2943 1540 3058 1595 Non
3077 1544 3217 1596 enim
3242 1542 3327 1599 hic
3354 1551 3602 1599 aeternam
3629 1561 3811 1616 repro-

2238 1626 2382 1681 misit
2401 1627 2562 1681 vitam
2585 1646 2597 1682 :
2618 1629 2724 1683 imo
2739 1645 2866 1685 vero
2886 1630 2931 1684 si
2949 1631 2998 1684 in
3022 1632 3178 1687 terris
3193 1648 3402 1705 quoque
3416 1635 3675 1704 ejusmodi
3699 1651 3814 1707 pro-

2235 1717 2701 1788 missioimplenda
2731 1729 2893 1787 esset,
2926 1736 2995 1777 ne
3034 1723 3114 1777 sic
3151 1723 3365 1793 quidem
3394 1741 3534 1795 aegre
3554 1726 3693 1782 ferre
3722 1728 3813 1782 de~

2235 1806 2447 1874 bueras,
2462 1810 2722 1880 siquidem
2739 1811 2948 1868 ﬁdelem
2964 1827 3027 1869 ac
3041 1814 3344 1885 religiosum
3361 1817 3530 1871 virum
3550 1817 3814 1874 adeocon-

2231 1907 2438 1955 stanter
2479 1909 2533 1955 et
2575 1901 2799 1957 ﬁrmiter
2823 1905 3083 1975 promissa
3121 1905 3213 1961 Dei
3239 1914 3421 1963 tenere
3460 1909 3727 1973 convenit.
3756 1919 3813 1965 ut

2230 1992 2610 2062 quantumlibet
2626 1994 2847 2049 eﬁ'ectus
2860 1998 3160 2051 contrarios
3175 1998 3414 2067 aspiciat,
3429 2015 3495 2053 ne
3508 2001 3582 2055 sic
3596 2001 3812 2071 quidem

2233 2083 2595 2152 perturbetur,
2642 2101 2815 2157 neque
2856 2088 3102 2158 desperet
3129 2098 3393 2144 eventum.
3428 2091 3637 2146 Intuere
3660 2092 3811 2147 deni-

2232 2188 2336 2243 que
2373 2174 2670 2245 cujusmodi
2699 2177 3132 2246 pollicitationem
3162 2178 3333 2234 ﬁdelis
3363 2180 3629 2236 Abraham
3655 2196 3810 2237 acce-

2233 2264 2391 2334 perit.
2422 2274 2478 2321 et
2501 2266 2677 2336 qualia
2705 2266 2881 2323 facere
2910 2269 2978 2323 sit
2998 2269 3199 2337 jussus.
3231 2269 3361 2325 Nam
3390 2271 3673 2340 promissio
3698 2272 3815 2341 qui.

2230 2356 2351 2412 dem
2377 2366 2513 2424 erat,
2536 2375 2602 2413 ex
2624 2358 2769 2413 Isaac
2790 2360 3114 2429 implendum
3131 2377 3252 2416 esse
3277 2362 3458 2417 orbem
3482 2363 3826 2430 universum,

2226 2446 2398 2517 jussio
2425 2456 2601 2501 autem
2631 2447 2772 2503 hunc
2796 2449 2968 2518 ipsum
2998 2448 3145 2504 lsaac
3182 2451 3457 2507 immolare
3483 2452 3718 2523 urgebat,
3745 2467 3812 2508 ex

2229 2552 2335 2609 quo
2363 2539 2506 2594 orbis
2535 2546 2675 2593 totus
2704 2549 2819 2595 erat
2845 2540 3164 2611 implendus.
3196 2541 3332 2610 Quid
3372 2543 3572 2613 igitur?
3602 2543 3814 2599 istudne

2230 2625 2558 2699 perturbavit
2595 2629 2797 2699 justum
2841 2631 3055 2685 virum?
3093 2631 3307 2687 Minime
3344 2648 3493 2701 vero,
3543 2633 3653 2689 imo
3690 2649 3812 2689 cum

2231 2729 2373 2777 tanta
2402 2722 2733 2778 dissonantia
2776 2732 2831 2779 et
2856 2726 3203 2794 repugnantia
3229 2735 3371 2781 esset
3400 2726 3650 2796 pmcepti
3688 2741 3810 2781 cum

2233 2813 2514 2880 promisso,
2557 2828 2662 2867 non
2711 2814 2952 2869 turbatus
2982 2825 3081 2881 est,
3114 2830 3286 2886 neque
3325 2817 3606 2883 haesitavit,
3639 2832 3813 2889 neque

2231 2903 2428 2974 aliquid
2461 2903 2764 2974 hujusmodi
2792 2905 3040 2976 loquutus
3086 2915 3169 2961 est
3198 2922 3211 2960 :
3242 2908 3377 2965 Alia.
3411 2909 3652 2978 promisit
3682 2911 3811 2966 mihi

2234 2994 2394 3061 Deus,
2436 2994 2540 3049 alia
2570 2997 2746 3052 facere
2778 2997 2930 3067 jubet
2961 3016 2978 3079 ξ
3007 2982 3072 3054 ex
3102 3015 3268 3068 puero
3318 3002 3421 3057 isto
3449 3012 3700 3071 nepotum
3730 3005 3816 3057 in-

2230 3095 2442 3155 gentem
2469 3084 2863 3142 multitudinem
2885 3089 3010 3142 mihi
3035 3092 3369 3158 promiserat,
3392 3102 3446 3148 et
3475 3093 3615 3148 hunc
3641 3095 3812 3164 ipsum

2237 3176 2397 3231 modo
2421 3191 2613 3231 necare
2636 3179 2765 3232 mihi
2794 3181 3033 3250 praecipit
3050 3181 3081 3234 ‘t'
3102 3182 3370 3253 quomodo
3398 3184 3555 3253 igitur
3582 3183 3685 3240 hoc
3708 3187 3812 3241 erit

2231 3267 2407 3322 excisa
2438 3268 2658 3322 radice?
2684 3268 2895 3323 Fefellit
2932 3285 3020 3324 me
3055 3271 3216 3340 igitur
3240 3282 3399 3342 atque
3425 3271 3638 3328 delusit.
3666 3274 3814 3333 Nihil

2230 3374 2452 3432 prorsus
2478 3359 2784 3430 hujusmodi
2812 3361 3059 3432 loquutus
3076 3370 3176 3428 est,
3205 3363 3297 3418 sed
3328 3379 3395 3419 ne
3418 3366 3811 3437 cogitavirqui-

2226 3452 2370 3508 dem:
2390 3459 2444 3507 et
2461 3453 2816 3509 meritosane.
2833 3453 2969 3508 Cum
2985 3454 3129 3508 enim
3151 3451 3294 3509 Deus
3312 3454 3515 3525 aliquid
3533 3456 3817 3524 pollicitus

2226 3540 2412 3610 fuerit,
2438 3545 2652 3602 etiamsi
2677 3544 2844 3598 millia
2867 3546 2979 3600 sint
2998 3560 3119 3615 qttae
3139 3546 3588 3617 pollicitationem
3614 3547 3811 3604 tollere

2223 3633 2542 3702 videantur,
2571 3636 2779 3691 turbari
2801 3635 3027 3691 minime
3042 3637 3322 3701 convenit,
3349 3646 3446 3692 aut
3468 3637 3537 3692 de
3568 3636 3674 3692 line
3702 3637 3811 3694 du-

2225 3726 2424 3782 bitare.
2444 3730 2560 3783 Hoc
2580 3729 2725 3784 enim
2749 3727 2985 3783 maxime
3003 3728 3095 3784 Dei
3112 3729 3414 3798 potentiam
3435 3731 3804 3795 commendat,

2227 3815 2354 3870 dum
2389 3816 2443 3870 in
2479 3818 2647 3873 rebus
2675 3819 2949 3889 ambiguis
2976 3819 3183 3873 exitum
3217 3820 3455 3889 reperit;
3487 3820 3649 3875 sicuti
3675 3830 3809 3877 tunc

2224 3908 2417 3965 beatus
2433 3910 2524 3965 ille
2540 3926 2725 3965 secum
2743 3910 3332 3981 reputabat.Quocirca
3354 3912 3511 3968 ﬁdem
3532 3913 3681 3971 illius
3702 3930 3818 3969 ma-

2229 4003 2370 4059 xime
2389 4003 2672 4058 admirans
2687 4001 2913 4066 Paulus,
2929 4003 3109 4058 aiebat
3129 4021 3142 4056 :
3166 3999 3298 4057 Fide
3321 4003 3510 4057 obtulit
3536 4004 3817 4059 Abraham.

2228 4093 2386 4149 Isaac
2402 4096 2527 4148 dum
2546 4092 3069 4164 tentaretur-(Habt!
3084 4094 3810 4166 l~l'2),unigenitumqueof-

2225 4187 2433 4243 ferebat
2444 4185 2608 4255 is,qui
2626 4184 3019 4254 promissiones
3030 4187 3456 4254 acceperat-:haae
3471 4187 3586 4257 ipsa
3601 4188 3815 4241 scilicet
3837 4241 3841 4246 ,

2235 4271 2511 4326 insinuans
2529 4280 2686 4339 atque
2704 4269 3063 4336 subindicans,
3084 4286 3202 4339 qua:
3219 4285 3359 4324 nunc
3373 4285 3402 4323 a
3418 4286 3504 4324 me
3519 4273 3814 4325 suntdicta.

2305 4385 2519 4455 Iosephi
2558 4384 2786 4453 exemplo
2810 4400 2915 4439 rem
2935 4383 3177 4438 illustrat.
3204 4412 3275 4423 —
3299 4382 3413 4436 Non
3437 4382 3596 4437 modo
3641 4393 3816 4437 autem

2238 4480 2370 4549 ipse,
2399 4494 2583 4534 verum
2614 4477 2782 4551 ipsius
2805 4489 3017 4550 quoque
3048 4488 3313 4547 pronepos
3338 4473 3555 4544 .losepb,
3582 4490 3703 4530 cum
3726 4491 3823 4544 per

2237 4570 2452 4641 longum
2493 4577 2704 4638 tempus
2741 4576 2795 4623 et
2819 4566 2998 4649 varios
3038 4580 3193 4621 casus
3236 4565 3647 4637 promissionem
3678 4566 3818 4636 peri—

2237 4662 2409 4718 clitari
2460 4662 2819 4732 perspiceret,
2871 4658 3156 4715 immobilis
3214 4659 3486 4730 perstitit:
3519 4659 3632 4715 sola
3672 4658 3817 4714 enim

2241 4756 2499 4827 promissa
2528 4755 2852 4810 intuebatur.
2882 4752 3034 4821 Quod
3061 4752 3107 4807 si
3136 4750 3384 4807 humanis
3410 4750 3826 4823 cogitationibus

2240 4849 2415 4904 locum
2438 4848 2692 4914 dedisset,
2715 4847 2783 4902 de
2812 4847 2917 4903 fine
2947 4845 3302 4916 desperasset.
3325 4845 3458 4900 Nam
3486 4854 3699 4901 ostensa
3721 4843 3822 4898 sibi

2240 4939 2374 4996 visio
2400 4948 2455 4994 et
2479 4938 2697 4994 fratrum
2729 4949 2783 4993 et
2812 4946 3093 5008 parentum
3135 4937 3496 4992 adorationem
3529 4934 3821 5005 polliceba-

2242 5043 2327 5090 tur
2352 5051 2366 5090 :
2392 5047 2512 5103 quae
2535 5048 2664 5087 vero
2693 5030 2769 5084 iiii
2803 5029 3201 5102 contingebant,
3233 5043 3338 5083 non
3366 5036 3518 5082 erant
3545 5027 3821 5095 hujusmo-

2241 5127 2316 5192 di,
2346 5125 2441 5180 sed
2486 5124 2554 5179 ab
2583 5124 2664 5179 his
2694 5122 3001 5193 longissime
3038 5129 3262 5176 remota.
3295 5117 3530 5172 Primum
3561 5118 3701 5171 enim
3749 5116 3823 5169 illi

2242 5216 2340 5287 ipsi
2368 5214 2581 5280 fratres,
2609 5229 2744 5284 quos
2773 5228 2833 5268 se
2859 5212 3174 5282 praeviderat
3200 5209 3531 5273 adoraturos,
3566 5207 3618 5260 in
3647 5207 3820 5260 lacum

2243 5307 2392 5360 illum
2435 5305 2696 5373 injiciunt,
2728 5318 2790 5358 ac
2840 5302 3079 5357 barbaris
3119 5298 3421 5353 hominibus
3464 5295 3734 5349 venditum
3767 5295 3819 5349 in

2242 5397 2468 5451 alienam
2500 5410 2563 5451 ac
2591 5394 3003 5449 remotissimam
3051 5390 3322 5458 regionem
3367 5385 3632 5447 emittunt,
3664 5394 3827 5455 atque

2243 5489 2379 5543 adeo
2406 5488 2671 5543 contraria
2716 5484 2990 5556 promissis
3014 5498 3077 5537 ea
3103 5495 3220 5550 qua:
3262 5477 3641 5547 contingebant
3677 5478 3825 5531 vide-

2244 5582 2455 5647 bantur,
2496 5586 2555 5633 ut
2599 5576 2782 5633 miseri
2829 5576 2905 5629 illi
2952 5572 3341 5628 subsannantes
3386 5583 3508 5623 eum
3538 5567 3824 5622 dicerent:

2248 5669 2379 5724 Ecce
2426 5669 2702 5725 somniator
2738 5665 2826 5719 ille
2866 5664 2999 5717 venit
3022 5678 3041 5717 :
3067 5675 3201 5713 nunc
3242 5675 3360 5731 ergo
3401 5658 3580 5722 venite,
3623 5658 3825 5711 occida—

2245 5778 2355 5817 nius
2381 5777 2514 5826 eum,
2554 5768 2600 5812 et
2629 5757 2967 5826 projiciamus'
2989 5753 3042 5805 in
3068 5752 3257 5816 lacum,
3289 5750 3603 5817 dicemusquc
3630 5760 3649 5798 :
3690 5743 3828 5799 Fam

2249 5855 2463 5926 pessima
2504 5847 2751 5905 devoravit
2781 5861 2890 5900 cum
2914 5859 2934 5907 ;
2962 5852 3006 5897 et
3035 5841 3308 5899 videbimus
3350 5841 3472 5913 quid
3499 5834 3693 5892 somnia
3738 5851 3833 5889 sua
