4138 6462
353 390 454 445 639

347 508 445 575 ipsi
475 504 750 574 proderunt
781 498 933 569 (Cen.
982 499 1070 554 57.
1115 497 1199 552 19.
1230 494 1346 564 20).
1395 495 1582 548 Postea
1612 505 1741 546 vero
1768 490 1820 554 ii,
1851 489 1940 559 qui

350 600 499 653 illum
541 604 802 659 emerant,
846 609 950 648 non
980 593 1168 646 saltem
1213 591 1383 644 libero
1411 587 1633 653 homini,
1665 583 1759 640 sed
1787 599 1941 640 servo

349 689 500 743 illum
531 687 677 755 regio
706 684 942 739 vendunt
969 683 1181 736 iterum.
1225 680 1408 748 Neque
1433 678 1688 732 hactenus
1716 673 1941 728 adversa

349 786 633 842 steterunt,
663 776 756 831 sed
787 777 838 830 in
883 774 1112 830 domina:
1138 771 1456 828 calumniam
1484 767 1687 834 incidit,
1717 766 1942 821 damna-

353 877 542 938 tusque
575 881 842 922 carcerem
874 878 1043 919 annos
1069 863 1328 933 plurimos
1353 860 1574 923 habitat,
1603 866 1656 912 et
1684 855 1941 924 effugien-

352 961 492 1016 tibus
519 958 748 1024 czeteris,
793 956 1052 1028 ampliore
1095 954 1204 1008 illic
1230 963 1470 1022 tempore
1513 950 1626 1019 ipse
1669 946 1938 1018 perdurat.

353 1054 597 1121 Cumque
637 1060 782 1104 tanta
826 1058 1009 1102 essent
1036 1061 1155 1116 qua:
1199 1044 1338 1099 illius
1367 1043 1602 1096 animum
1634 1038 1944 1109 perturbare

353 1151 592 1213 possent,
621 1149 875 1196 constans
916 1147 1094 1193 tamen
1143 1142 1464 1205 perseverat.
1495 1129 1769 1201 Ejusmodi
1816 1143 1944 1183 vero

351 1233 510 1287 etiam
542 1241 723 1286 nostra
753 1236 898 1298 sunt,
929 1229 1034 1282 imo
1079 1241 1208 1282 vero
1239 1225 1394 1294 longe
1426 1222 1782 1294 perplexiora.
1814 1219 1944 1287 Quae

352 1324 493 1378 enim
522 1323 779 1393 promissa
827 1331 950 1376 sunt
977 1318 1152 1385 nobis,
1199 1332 1421 1386 regnum
1449 1316 1721 1378 caelorum,
1761 1320 1814 1367 et
1841 1311 1944 1364 vita

351 1427 572 1484 (eterna,
621 1424 676 1472 et
721 1414 1069 1483 incorruptio,
1117 1419 1171 1465 et
1214 1410 1418 1464 infinita
1464 1415 1590 1461 sunt
1617 1407 1793 1471 bona;
1827 1420 1945 1472 qua:

350 1519 528 1562 autem
558 1509 768 1560 interim
813 1504 1147 1572 contingunt,
1176 1500 1329 1555 valde
1356 1499 1422 1553 ab
1448 1497 1532 1552 his
1556 1503 1761 1551 remota
1787 1505 1946 1564 atque

350 1601 521 1654 aliena
548 1606 671 1653 sunt
697 1616 708 1650 :
737 1611 882 1652 mors
912 1596 1115 1650 scilicet
1143 1602 1197 1649 et
1222 1591 1514 1660 corruptio,
1547 1603 1702 1659 poena
1728 1598 1780 1642 et
1810 1602 1938 1656 sup-

349 1691 604 1761 plicium,
644 1699 698 1744 et
741 1687 1062 1743 tentationes
1105 1684 1268 1739 varia:
1311 1698 1374 1738 ac
1414 1682 1740 1751 frequentes.
1781 1678 1948 1746 Cujus

350 1797 477 1852 ergo
506 1782 581 1835 rei
608 1780 774 1850 gratia
819 1777 920 1831 hoc
952 1776 1073 1832 facit
1100 1777 1260 1837 Deus,
1294 1773 1657 1845 permittitque
1680 1769 1946 1826 contraria

351 1874 627 1944 promissis
657 1872 954 1928 advenire?
980 1870 1238 1925 Nimirum
1271 1877 1328 1921 ut
1357 1882 1420 1922 ex
1451 1866 1554 1921 hoc
1577 1865 1684 1919 duo
1716 1862 1946 1917 maxima

349 1966 489 2020 bona
531 1965 748 2020 eliciat:
779 1980 843 2019 ex
875 1963 1044 2018 altero
1081 1960 1436 2015 certissimum
1484 1956 1735 2027 potentiae
1781 1954 1947 2022 ipsius

349 2063 720 2127 argumentum
753 2054 1012 2125 praebens,
1057 2050 1199 2122 quod
1244 2049 1446 2104 scilicet
1477 2046 1644 2116 possit
1685 2045 1944 2115 despera-

351 2150 557 2205 tissima
584 2148 846 2218 promissa
893 2161 987 2200 sua
1015 2159 1109 2214 spe
1139 2152 1297 2212 atque
1324 2140 1576 2211 opinione
1603 2138 1796 2194 melius
1823 2152 1947 2206 pcr-

352 2241 534 2307 licere,
578 2254 644 2294 ex
689 2239 860 2293 altero
897 2245 1076 2291 autem
1116 2243 1328 2289 nostros
1353 2233 1560 2286 animos
1589 2228 1859 2292 erudiens,
1893 2235 1951 2281 ut

349 2335 405 2388 in
449 2333 658 2388 cunctis
700 2331 800 2402 ipsi
845 2329 1148 2395 credamus,
1182 2328 1281 2382 etsi
1315 2325 1472 2381 dictis
1519 2323 1652 2378 facta
1683 2321 1948 2377 contraria

349 2427 630 2482 videantur
655 2438 954 2495 emergere.
983 2421 1113 2476 Nam
1140 2421 1254 2490 Spei
1279 2419 1446 2474 virtus
1471 2415 1732 2488 ejusmodi
1758 2422 1862 2480 est,
1893 2421 1952 2468 ut

350 2535 470 2573 eum
515 2518 604 2588 qui
647 2518 856 2572 sincere
900 2513 976 2568 illi
1021 2511 1313 2574 adharreat,
1360 2523 1648 2578 numquam
1694 2504 1948 2562 confundi

350 2611 639 2680 permittat.
691 2607 746 2663 Si
775 2607 918 2662 enim
966 2605 1022 2670 ii,
1069 2604 1160 2674 qui
1208 2601 1470 2680 promissa
1515 2601 1568 2654 in
1617 2598 1719 2654 hoc
1750 2597 1948 2652 Saecqu

350 2679 692 2769 acceperunt,
723 2699 793 2753 ita
824 2696 1103 2766 insigniter
1127 2694 1304 2750 allecti
1328 2679 1476 2759 sunt,
1503 2691 1672 2746 multo
1697 2689 1866 2759 magis
1894 2687 1946 2742 id

349 2811 446 2848 nos
479 2793 655 2848 facere
681 2806 903 2846 necesse
931 2799 1035 2856 est,
1064 2787 1154 2858 qui
1184 2802 1291 2841 non
1320 2786 1372 2840 in
1414 2781 1664 2854 praesenti
1693 2782 1820 2846 vita,
1854 2781 1949 2835 sed

348 2886 401 2939 in
431 2884 552 2938 aliis
578 2881 796 2936 seculis
823 2880 1086 2934 bonorum
1112 2876 1312 2931 exitum
1339 2882 1729 2943 exspectamus.
1764 2870 1820 2924 ιη
1849 2869 1952 2925 hoc

348 2977 491 3030 enim
535 2974 730 3029 saeculo
771 2984 1051 3042 pressuras
1080 2968 1234 3023 nobis
1279 2965 1655 3037 angustiasque
1685 2964 1946 3034 promisit.

349 3067 486 3135 Quid
515 3081 643 3136 ergo
668 3073 752 3120 est
780 3062 920 3134 quod
949 3071 1000 3115 te
1047 3058 1362 3130 perturbet?
1389 3072 1492 3127 qua
1525 3056 1730 3111 ratione
1759 3070 1947 3126 suspe-

349 3168 436 3213 cta
469 3157 667 3212 habeas
712 3155 974 3225 promissa
1020 3151 1156 3207 Dei?
1187 3151 1317 3204 Nam
1364 3164 1486 3203 cum
1534 3148 1668 3204 dicis
1708 3156 1760 3202 te
1789 3148 1856 3202 ab
1885 3161 1949 3200 eo

349 3247 565 3319 negligi,
608 3246 760 3316 cujus
803 3259 962 3300 causa
1009 3242 1265 3297 nmndum
1293 3256 1506 3295 omnem
1539 3238 1848 3308 dcspexisti,
1882 3237 1948 3291 li-

348 3340 512 3410 quido
536 3337 777 3396 ostendis
803 3344 856 3391 te
882 3335 958 3390 illi
985 3349 1090 3389 non
1118 3332 1360 3399 credere,
1388 3346 1615 3400 eumque
1641 3339 1947 3399 suspeetum

349 3434 566 3498 habere,
615 3431 963 3499 fallacemque
1007 3426 1415 3497 promissionem
1456 3423 1572 3493 ejus
1618 3423 1946 3478 existimare.

348 3527 404 3582 ld
433 3537 612 3581 autem
655 3539 782 3579 vere
827 3531 908 3578 est
949 3537 979 3575 a
1022 3520 1268 3574 daemone
1315 3517 1534 3585 corripi,
1577 3529 1642 3570 ac
1688 3516 1950 3585 gehennae

348 3621 523 3688 ignem
554 3629 865 3687 provocare.
896 3612 1001 3668 Sed
1029 3622 1151 3666 sunt
1181 3611 1270 3680 qui
1301 3608 1486 3664 saeculi
1528 3607 1756 3676 negotiis
1786 3605 1948 3660 dediti

347 3711 531 3779 quiete
577 3709 784 3762 vivunt.
829 3706 897 3760 Et
941 3703 1080 3758 istud
1122 3716 1335 3773 quoque
1383 3698 1633 3770 przedixit
1660 3697 1946 3752 Christus:

348 3803 528 3863 Amen,
560 3815 708 3853 amen
750 3798 883 3864 dico,
918 3795 1109 3866 inquit,
1157 3794 1312 3855 vobis,
1347 3791 1464 3858 quia
1494 3782 1756 3859 plorizbitis
1783 3797 1827 3841 et
1856 3787 1949 3856 ﬁe-

349 3893 464 3946 bilis
494 3908 600 3956 vos,
631 3888 848 3942 mundus
894 3895 1059 3939 autem
1088 3882 1324 3955 gaudebit
1364 3879 1545 3951 (Joan.
1580 3878 1666 3933 16.
1696 3876 1809 3946 20).
1842 3874 1946 3931 Sed

347 3987 482 4040 etin
514 3983 778 4053 prioribus
815 3978 1247 4051 generationibus
1288 3973 1564 4046 Babylonii
1612 3985 1732 4026 eum
1780 3971 1945 4024 Deum

351 4077 685 4144 ignorarent,
715 4071 926 4140 Opibus,
964 4067 1199 4139 potentia
1226 4076 1279 4121 et
1315 4066 1479 4136 gloria
1510 4063 1783 4134 pollebant
1809 4078 1823 4128 ;
1849 4060 1946 4115 Ju-

347 4168 449 4222 dzri
480 4181 603 4221 vero
630 4164 958 4234 captivitate,
1005 4161 1284 4226 servitute,
1317 4158 1677 4225 extremisque
1722 4153 1944 4209 calami-

349 4257 548 4313 tatibus
591 4255 990 4326 premebantur.
1035 4252 1100 4306 Et
1155 4250 1387 4305 Lazarus
1433 4246 1677 4319 ille(Luc.
1711 4243 1825 4318 16),
1857 4244 1946 4314 qui

351 4366 518 4423 regno
547 4349 747 4405 cmlcsti
774 4348 986 4418 dignus,
1018 4343 1288 4400 ulceribus
1317 4341 1506 4414 plenus
1535 4356 1724 4395 canum
1756 4339 1948 4407 linguis

350 4454 467 4498 erat
490 4443 786 4513 estitus,
825 4449 985 4510 atque
1016 4446 1275 4508 perpetuo
1318 4451 1440 4490 cum
1475 4433 1614 4487 fame
1643 4430 1944 4502 pugnabat:

349 4535 502 4589 dives
528 4547 655 4587 vero
681 4533 733 4586 in
777 4531 983 4585 honore
1007 4545 1071 4582 ac
1095 4525 1361 4596 frequenti
1402 4523 1654 4578 satellitio
1683 4532 1737 4576 et
1766 4522 1950 4592 requie

350 4636 407 4681 et
435 4623 638 4680 deliciis
677 4622 840 4676 vitam
885 4620 1134 4675 ducebat.
1167 4615 1368 4672 Verum
1406 4623 1462 4668 ut
1493 4614 1617 4668 huic
1647 4613 1778 4667 nihil
1808 4613 1947 4682 apud

351 4717 554 4773 inferos
594 4714 680 4768 illa
727 4713 903 4767 omnia
951 4712 1242 4780 profuere:
1276 4707 1347 4761 ita
1392 4722 1492 4760 nec
1533 4705 1735 4760 Lazaro
1779 4703 1949 4758 fames

353 4817 446 4863 aut
471 4808 671 4870 ulcera,
700 4819 808 4875 quo
837 4804 1012 4857 minus
1044 4799 1207 4871 probe
1237 4800 1459 4864 viveret,
1487 4797 1827 4863 obstiterunt,
1851 4797 1945 4852 sed

348 4899 514 4955 veluti
557 4897 772 4968 quidam
821 4893 1017 4948 athleta
1063 4890 1212 4946 fortis
1261 4891 1314 4944 in
1360 4900 1493 4945 :estu
1539 4889 1857 4960 gravissimo
1894 4899 1948 4944 et

353 4993 532 5061 algore
559 4990 790 5056 luctans,
819 4996 872 5040 et
899 4985 1024 5039 vicit
1048 4993 1102 5039 et
1129 4992 1416 5038 coronatus
1445 4989 1547 5037 est.
1581 4981 1838 5049 Quocirca
1866 4983 1948 5036 vir

351 5085 565 5155 quidem
608 5081 823 5153 sapiens
851 5079 1024 5134 aiebat
1057 5094 1071 5132 :
1101 5075 1227 5140 Fili,
1259 5077 1302 5129 si
1330 5075 1542 5130 accedas
1570 5075 1638 5128 ad
1667 5075 1949 5129 servitutem

353 5175 584 5240 Domini,
617 5189 853 5244 prwpara
890 5170 1114 5223 animam
1140 5178 1277 5221 tuam
1321 5167 1389 5222 ad
1416 5169 1756 5234 tentationem,
1791 5167 1952 5238 dirige

350 5284 434 5320 cor
465 5277 607 5321 tuum
646 5273 693 5319 et
722 5263 931 5327 sustine,
960 5271 1006 5314 et
1033 5277 1094 5315 ne
1136 5262 1340 5332 festines
1365 5261 1416 5312 in
1447 5269 1668 5329 tempore
1692 5260 1950 5313 inductio-

351 5361 433 5414 πίε
465 5359 648 5432 (Eccli.
680 5357 734 5410 2.
767 5358 817 5411 1.
847 5357 928 5426 2).
961 5354 1028 5409 Et
1056 5366 1177 5423 post
1206 5369 1372 5423 pauca
1402 5372 1415 5407 :
1449 5353 1724 5420 Quoniam,
1757 5354 1944 5424 inquit,

352 5452 468 5522 igne
489 5452 729 5522 probatur
764 5464 964 5511 aurum,
996 5447 1222 5501 homines
1245 5462 1359 5500 vero
1386 5447 1718 5516 acceptabilcs
1763 5447 1815 5500 in
1843 5450 1951 5518 {or-

352 5558 478 5596 nate
519 5539 882 5595 Itumiliationis
924 5538 1028 5610 (Ib.
1085 5556 1138 5596 υ.
1177 5538 1258 5609 2).
1306 5538 1648 5606 Rursumque
1698 5539 1804 5594 alio
1835 5541 1950 5596 loco

353 5633 609 5704 scriptum
654 5637 777 5684 est:
806 5627 938 5696 Fili,
987 5627 1094 5682 noli
1141 5629 1395 5700 negligere
1443 5629 1768 5697 disciplinam
1813 5629 1946 5698 Dei,

356 5741 518 5796 neque
552 5722 758 5790 delicias
786 5738 900 5780 cum
928 5721 988 5774 ab
1015 5737 1071 5774 eo
1100 5705 1370 5790 corriperis
1397 5719 1578 5792 (Prov.
1611 5723 1664 5777 5.
1697 5722 1805 5795 li).
1849 5724 1948 5792 Qui

356 5816 499 5872 enim
526 5825 714 5868 aurum
745 5810 797 5865 in
830 5810 1100 5866 fornacem
1129 5811 1310 5881 mittit,
1346 5813 1486 5867 novit
1533 5823 1792 5883 quatenus
1818 5815 1947 5873 illud

1097 382 1153 436 S.
1191 377 1466 436 JOANNIS
1503 373 1972 432 CllltYSOSTOMl
2013 371 2329 430 ARCIIIEP.
2369 370 2900 446 ΟΟΝΞΤΑΝΤΙῌΟΡ.

3540 367 3641 425 440

2057 487 2289 554 incendi,
2322 497 2375 544 et
2402 487 2617 559 quando
2641 504 2708 544 ex
2757 490 2876 559 igne
2903 495 3148 558 oporteat
3188 485 3364 542 educi.
3415 485 3644 556 Ideoque

2049 579 2136 635 hic
2173 580 2388 651 quidem
2434 581 2510 635 ait
2539 599 2554 636 :
2586 578 2670 634 Ne
2707 581 2908 652 festines
2949 579 3001 632 in
3044 589 3264 646 tempore
3308 577 3645 632 inductionis:

2046 672 2299 728 Salomon
2327 683 2503 728 autem
2532 672 2634 728 hoc
2660 672 2831 742 ipsum
2854 671 3074 737 docens,
3107 670 3282 742 Neque
3308 670 3534 738 deﬁcias,
3564 668 3646 726 in-

2048 767 2182 838 quit,
2207 783 2321 820 cum
2347 767 2410 820 ab
2439 784 2496 821 eo
2526 769 2817 838 corriperis.
2846 767 3093 838 Magnum
3137 767 3264 836 quid
3298 781 3504 831 revera,
3533 780 3648 820 ma-

2046 875 2231 931 gnum,
2281 861 2519 930 inquam,
2570 876 2817 931 pressura
2847 870 2931 916 est
2972 860 3038 914 ad
3085 863 3258 916 virum
3298 858 3642 929 spectabilem

2049 951 2408 1018 efficiendum,
2441 961 2601 1022 atque
2651 952 2717 1008 ad
2747 951 3046 1008 docendum
3079 951 3344 1022 patientia:
3375 952 3642 1006 virtutem.

2049 1043 2185 1111 Quid
2229 1060 2374 1114 ergo,
2427 1045 2659 1114 inquies,
2689 1046 2733 1099 si
2782 1045 2923 1099 illius
2967 1059 3065 1099 nos
3109 1044 3416 1114 magnitudo
3443 1051 3647 1099 evertat

2048 1144 2208 1204 atque
2236 1136 2485 1206 dejiciat?
2514 1135 2709 1191 Fidelis
2737 1146 2810 1191 est
2851 1135 3007 1200 Deus,
3047 1135 3133 1206 qui
3175 1152 3279 1190 non
3307 1135 3528 1207 patietur
3554 1151 3644 1188 nos

2049 1227 2233 1280 tentari
2262 1243 2418 1295 supra
2446 1243 2600 1296 quam
2629 1243 2913 1296 possumus,
2941 1226 3031 1281 sed
3057 1226 3206 1298 faciet
3234 1243 3351 1279 cum
3376 1227 3648 1280 tentatione

2050 1317 2258 1384 exitum,
2285 1326 2338 1372 ut
2363 1319 2610 1389 possimus
2635 1320 2877 1374 sustinere
2917 1319 2994 1391 (Ι.
3023 1316 3142 1374 Cor.
3168 1317 3256 1374 10.
3300 1318 3412 1389 15).
3440 1317 3572 1373 Nam
3602 1319 3646 1374 si

2050 1423 2118 1464 ex
2144 1409 2430 1464 dilectione
2471 1411 2762 1481 correptio,
2811 1426 2878 1467 ex
2915 1411 3041 1466 odio
3063 1425 3192 1466 vero
3223 1410 3498 1466 derelictio
3527 1423 3643 1478 est,

2053 1515 2226 1570 neque
2277 1500 2515 1568 ejusdem
2564 1513 2647 1557 est
2693 1504 3000 1573 quempiam
3051 1502 3210 1557 simul
3257 1511 3313 1557 et
3361 1518 3542 1558 amare
3592 1514 3648 1557 et

2052 1591 2251 1655 odisse,
2295 1607 2470 1661 neque
2514 1594 2784 1663 corripere
2824 1594 2983 1648 simul
3023 1602 3077 1650 et
3117 1594 3474 1664 dereliquere.
3505 1596 3648 1660 Quo-

2052 1685 2212 1738 modo
2239 1699 2388 1752 ergo,
2431 1686 2664 1753 inquies,
2713 1683 2864 1739 multi
2906 1685 3266 1739 corruerunt?
3309 1684 3525 1755 Seipsos
3571 1685 3644 1738 illi

2056 1774 2166 1830 Deo
2215 1776 2577 1843 privaverunt.
2620 1789 2728 1843 non
2774 1785 2950 1829 autem
2978 1790 3007 1829 a
3041 1775 3150 1831 Deo
3203 1774 3448 1830 derelicli
3501 1783 3642 1828 sunt.

2054 1863 2189 1922 Ecce
2211 1869 2375 1930 enim,
2409 1869 2604 1936 Inquit,
2632 1868 2719 1937 qui
2743 1866 2980 1938 clangunt
3007 1883 3060 1920 se
3087 1883 3118 1920 a
3145 1875 3192 1920 te
3219 1865 3448 1935 peribunt
3474 1864 3642 1936 (Psal.

2054 1956 2144 2010 72.
2187 1956 2306 2027 27).
2357 1957 2620 2027 Elongant
2665 1973 2726 2014 se
2754 1972 2882 2012 vero
2926 1973 2957 2011 a
3002 1957 3114 2012 Deo
3157 1958 3247 2028 qui
3286 1958 3644 2013 correctiones

2055 2050 2196 2104 illius
2227 2065 2331 2104 neu
2379 2051 2661 2115 sustinent,
2695 2049 2788 2104 sed
2837 2051 3138 2105 irascuntur
3167 2057 3326 2119 atque
3371 2049 3645 2118 indignan-

2056 2152 2179 2209 tur;
2212 2157 2275 2197 ac
2319 2143 2479 2196 veluti
2528 2144 2763 2212 perversi
2815 2142 2925 2204 filii,
2966 2157 3086 2196 cum
3113 2157 3144 2197 a
3184 2142 3422 2211 patrihus
3471 2141 3644 2195 traditi

2055 2234 2343 2304 magistris,
2371 2235 2454 2290 vel
2483 2235 2820 2302 impatientes
2845 2234 3065 2300 laboris,
3108 2233 3197 2290 vel
3242 2233 3505 2303 fugientes
3531 2250 3645 2288 ver-

2054 2324 2204 2386 bera,
2231 2335 2507 2394 parentum
2537 2335 2785 2395 aspectus
2804 2325 3095 2391 declinant,
3122 2325 3404 2381 nihilinde
3430 2326 3643 2381 lucran-

2057 2424 2160 2480 tur,
2191 2416 2284 2472 sed
2313 2418 2644 2486 gravioribus
2673 2418 3026 2474 incommodis
3069 2435 3130 2474 se
3157 2419 3451 2490 implicant,
3489 2429 3647 2489 atque

2055 2505 2111 2562 in
2135 2507 2308 2564 aliena
2337 2509 2556 2578 regione
2582 2509 2738 2564 famis
2764 2519 2819 2566 et
2844 2511 3048 2566 erroris
3074 2527 3137 2566 ac
3162 2514 3470 2566 morborum
3499 2513 3647 2580 igno-

2055 2598 2340 2670 miniaeque
2365 2610 2419 2654 et
2443 2601 2716 2657 servitutis
2747 2617 3013 2656 aerumnas
3034 2603 3215 2657 subire
3241 2612 3500 2673 coguntur
3530 2620 3542 2654 :
3577 2604 3646 2657 ita

2055 2697 2111 2744 et
2139 2691 2226 2759 qui
2259 2690 2351 2745 Dei
2375 2690 2711 2761 disciplinam
2744 2707 2850 2747 non
2891 2702 3042 2764 grato
3069 2693 3249 2748 animo
3277 2695 3523 2759 tolerant,
3557 2693 3647 2747 in-

2053 2780 2444 2852 dignanturque
2485 2794 2541 2838 et
2579 2785 2811 2854 graviter
2856 2784 3067 2852 ferunt,
3114 2794 3469 2856 praeterquam
3505 2785 3647 2855 quod

2053 2870 2186 2925 nihil
2215 2887 2281 2927 ex
2309 2887 2370 2928 ea
2400 2874 2694 2940 lucramur,
2729 2876 2953 2930 summis
2995 2890 3056 2931 se
3098 2877 3487 2932 calamitatibus
3524 2875 3646 2930 affi-

2053 2963 2220 3019 ciunt:
2251 2964 2511 3032 Quocirca
2543 2966 2780 3022 tolerare
2806 2967 3175 3033 admonemur,
3203 2977 3258 3021 et
3284 2967 3514 3038 dirigere
3555 2983 3648 3023 cor

2053 3068 2320 3112 nostrum.
2347 3059 2418 3113 At
2454 3059 2622 3115 multo
2648 3061 2894 3130 graviora
2926 3069 2978 3116 te
3007 3061 3211 3131 perpeti
3240 3061 3404 3116 dices.
3432 3061 3509 3116 Ne
3537 3077 3646 3131 pae-

2053 3149 2278 3205 dotrib:e
2305 3150 2518 3221 quidem
2544 3167 2731 3206 omnes
2768 3153 3046 3222 aequaliter
3070 3163 3230 3224 atque
3256 3153 3446 3209 eodem
3490 3155 3649 3210 modo

2053 3253 2324 3311 exercent,
2343 3244 2436 3300 sed
2455 3245 2887 3301 imbecillioribus
2906 3247 3217 3312 imbecilles,
3235 3246 3649 3317 fortioribusque

2049 3337 2136 3390 sui
2179 3335 2379 3390 similes
2427 3337 2662 3391 tradunt.
2709 3336 2841 3391 Nam
2871 3338 2963 3408 qui
3008 3339 3120 3392 suis
3155 3339 3355 3392 viribus
3383 3339 3646 3394 minorem

2051 3426 2444 3496 antagonistam
2477 3426 2637 3482 fuerit
2665 3437 2875 3492 nactus,
2906 3428 3116 3483 etiamsi
3161 3438 3268 3483 tota
3292 3429 3381 3483 die
3409 3429 3487 3482 illi
3515 3443 3648 3483 con-

2051 3517 2342 3584 grediatur,
2373 3519 2749 3573 inexercitatus
2780 3528 2954 3573 tamen
2999 3528 3296 3588 permanet.
3344 3519 3450 3574 Cur
3477 3533 3606 3589 ergo
3630 3560 3646 3584 ,

2053 3609 2282 3679 inquies,
2315 3625 2418 3664 non
2449 3626 2638 3666 omnes
2677 3610 2769 3681 qui
2797 3610 3043 3666 eamdem
3083 3612 3294 3682 elegere
3320 3613 3506 3678 vitam,
3538 3613 3649 3667 eis-

2053 3703 2175 3758 dem
2219 3703 2378 3761 etiam
2427 3703 2698 3760 laboribus
2743 3715 2951 3760 certare
2996 3704 3167 3759 facit?
3209 3705 3339 3772 Quia
3388 3720 3495 3762 non
3543 3720 3648 3760 una

2053 3796 2194 3867 apud
2238 3797 2401 3853 Deum
2427 3806 2512 3852 est
2553 3798 2950 3853 exercitationis
2987 3799 3218 3869 species,
3262 3814 3437 3870 neque
3461 3813 3650 3854 omnes

2053 3888 2256 3944 eisdem
2287 3904 2422 3957 opus
2451 3888 2670 3956 habent,
2716 3889 2928 3945 etiamsi
2975 3891 3026 3944 in
3071 3890 3260 3947 eodem
3301 3893 3423 3946 vitae
3451 3906 3650 3962 genere

2052 3982 2161 4036 sint
2190 4001 2202 4036 :
2230 3982 2426 4051 quippe
2467 3991 2520 4038 et
2560 3982 2772 4053 plurimi
2811 3997 2933 4037 cum
2965 3983 3168 4038 eisdem
3215 3983 3523 4038 morborum
3563 3984 3649 4038 in-

2053 4073 2351 4129 commodis
2390 4075 2659 4140 laborent,
2690 4090 2794 4129 non
2826 4075 3028 4130 eisdem
3060 4084 3237 4131 tamen
3267 4075 3506 4147 indigent
3531 4090 3652 4130 me.-

2053 4163 2390 4232 dicamentis,
2419 4165 2514 4219 sed
2537 4165 2642 4219 alia
2684 4164 2899 4236 quidem
2924 4165 3059 4232 istis,
3094 4165 3197 4219 alia
3237 4165 3342 4219 illis
3365 4180 3650 4235 apponun-

2056 4265 2157 4310 tur.
2186 4257 2362 4326 Atque
2387 4257 2522 4312 adeo
2553 4265 2608 4312 et
2633 4257 2961 4328 ﬂagellorum
2992 4258 3136 4312 modi
3163 4257 3295 4312 varii
3340 4264 3465 4312 sunt
3489 4267 3651 4328 atque

2053 4347 2382 4414 differentes,
2411 4358 2465 4404 et
2483 4351 2620 4404 alius
2645 4351 2860 4421 quidem
2885 4351 3072 4406 morbo
3089 4351 3342 4405 diuturno
3369 4351 3644 4419 probatur,

2054 4441 2189 4496 alius
2215 4441 2526 4511 gravissima
2573 4443 2771 4513 inopia,
2799 4443 2850 4496 vi
2881 4451 3042 4512 atque
3086 4443 3276 4511 injuria
3303 4443 3435 4497 alius
3463 4459 3477 4495 ε
3507 4443 3651 4497 hunc

2050 4535 2203 4605 juges
2249 4543 2408 4604 atque
2455 4544 2726 4603 perpetuae
2785 4535 3074 4589 liberorum
3125 4534 3652 4605 propinquorumque

2055 4634 2372 4680 cmterorum
2417 4634 2620 4679 mortes
2665 4625 3003 4688 excruciant,
3053 4624 3246 4694 hicque
3289 4625 3357 4680 ab
3401 4625 3650 4680 omnibus

2055 4713 2324 4783 abjicitur,
2355 4713 2657 4784 nulliusque
2686 4715 2764 4769 rei
2805 4715 2997 4786 dignus
3025 4716 3320 4772 :estimatur
3351 4735 3364 4769 :
3392 4718 3481 4772 ille
3507 4719 3651 4788 quod

2055 4806 2124 4861 de
2153 4806 2216 4860 iis
2242 4817 2540 4872 accusetur,
2572 4821 2798 4876 quorum
2838 4807 2972 4862 nihil
3010 4807 3077 4863 sit
3107 4809 3208 4863 sibi
3237 4810 3503 4874 conscius,
3535 4825 3652 4864 ma-

2059 4898 2232 4968 laeque
2255 4897 2411 4952 fama:
2438 4897 2644 4968 pondus
2668 4897 2802 4954 ferat
2827 4917 2841 4952 :
2867 4910 3024 4970 atque
3045 4901 3180 4955 alius
3199 4901 3355 4955 aliter
3373 4901 3643 4972 affligitur.

2059 4989 2242 5059 Neque
2278 4991 2420 5045 enim
2467 4991 2722 5059 possibile
2764 5001 2847 5046 est
2889 4993 3067 5046 omnia
3114 5009 3254 5048 nunc
3281 4993 3347 5048 ad
3392 4994 3647 5048 amussim

2058 5097 2360 5137 numerare.
2387 5081 2648 5136 Videntur
2672 5092 2849 5137 autem
2863 5081 2972 5136 1ibi
3000 5083 3186 5137 horum
3218 5084 3447 5153 singula,
3479 5084 3523 5138 si
3549 5085 3653 5138 tuis

2057 5175 2312 5229 aerumnis
2355 5173 2732 5239 conferantur,
2763 5173 2896 5228 levia
2925 5189 2987 5228 ac
3016 5175 3160 5228 nulla
3186 5189 3306 5229 esse
3339 5193 3353 5229 :
3383 5191 3567 5230 verum
3597 5184 3650 5228 tu

2057 5265 2104 5320 si
2134 5266 2249 5320 haec
2279 5275 2530 5334 expertus
2575 5280 2745 5332 esses,
2776 5265 3081 5321 addisceres
3124 5266 3367 5336 profecto
3396 5266 3468 5330 id,
3509 5266 3650 5336 quod

2058 5373 2198 5412 nunc
2229 5365 2281 5412 te
2308 5357 2472 5426 angit,
2507 5357 2591 5411 his
2620 5358 2869 5413 omnibus
2906 5359 3236 5413 tolerabilius
3282 5372 3420 5414 esse.
3464 5358 3569 5413 Sed
3599 5367 3654 5412 et

2058 5453 2102 5505 si
2129 5451 2218 5521 qui
2244 5461 2388 5518 sunt,
2411 5449 2636 5520 quorum
2664 5452 2735 5505 sit
2761 5451 2932 5506 levior
2947 5467 3107 5520 quam
3136 5461 3316 5521 nostra
3345 5452 3648 5520 castigatio,

2060 5559 2166 5597 non
2199 5541 2318 5596 ideo
2347 5541 2719 5610 perturbemur
2749 5559 2762 5596 :
2793 5557 2915 5596 nam
2943 5542 3170 5610 adjectio
3211 5543 3450 5596 laborum
3481 5544 3651 5596 incre-

2058 5645 2300 5690 mentum
2346 5635 2688 5705 prtemiorum
2734 5645 2818 5692 est
2867 5651 2931 5692 ac
2977 5637 3338 5690 firmissimum
3379 5637 3650 5691 munimen

2061 5737 2326 5791 nostrum,
2355 5743 2460 5797 quo
2491 5725 2612 5782 freti
2641 5742 2929 5798 numquam
2955 5727 3069 5783 sive
3113 5737 3324 5798 sponte,
3355 5728 3466 5783 sive
3491 5728 3651 5782 etiam

2064 5817 2213 5874 inviti
2258 5833 2570 5874 corruamus
2601 5835 2613 5871 ε
2643 5834 2871 5890 namque
2904 5828 3164 5874 tumorem
3198 5819 3523 5890 comprimit,
3557 5835 3648 5874 ue-
