4138 6442
284 508 568 577 ὀψόμεθα
602 504 658 559 τί
700 502 871 559 ἔσται
911 502 985 558 τὰ
1020 502 1276 558 ἐνύπνια
1308 504 1515 559 αὑτοῦ.
1537 504 1691 559 Μετά
1719 506 1776 559 δέ
1801 505 1974 560 ταῦτα

285 595 346 647 οἱ
391 595 688 665 πριάμενοι
720 593 841 646 οὐδέ
872 591 1141 664 ἐλευθέρῳ
1165 592 1293 656 τινὶ,
1325 591 1459 646 άλλά
1495 591 1668 663 δούλῳ
1691 591 1851 646 πάλιν
1881 593 1971 647 αύ-

284 680 391 734 τὺν
423 678 763 734 ἀποδίδονται
807 678 1089 751 βασιλικῷ.
1132 679 1243 733 Kal
1269 677 1388 732 οὑδὲ
1423 679 1583 751 μέχρι
1609 679 1814 733 τούτων
1846 678 1978 750 ἔστη

286 768 370 822 τὰ
399 766 585 823 δεινά·
631 767 768 822 ἀλλά
813 767 1146 840 συκοφαντίᾳ
1186 767 1475 839 δεσποίνης
1525 766 1843 839 περιπεσὼν
1883 769 1979 821 καὶ

288 855 654 927 κατακριθεὶς
681 854 814 928 ᾤκει
848 856 910 911 τὸ
937 856 1309 927 δεσμωτήριον
1342 856 1436 927 ἐτη
1463 855 1654 923 πολλὰ,
1677 856 1773 910 καὶ
1794 855 1981 925 διαφυ-

289 945 508 1014 γόντων
548 945 773 1016 ἐτέρων,
809 945 972 1009 αὑτὸς
1018 945 1239 998 πλείονα
1274 944 1467 1018 χρόνον
1503 946 1653 1016 μένει
1700 945 1836 998 ἐκεῖ.
1868 946 1979 998 Kal

288 1032 571 1090 τοσούτων
604 1032 773 1087 ὄντων
811 1032 922 1088 τῶν
957 1033 1270 1105 δυναμένων
1306 1034 1405 1104 τὴν
1434 1033 1644 1086 ἐκείνου
1677 1031 1978 1103 θορυϐῆσαι

290 1121 500 1193 ψυχὴν,
532 1121 692 1193 ἐμενε
715 1121 929 1185 τούτοις
965 1121 1171 1176 ἅπασιν
1195 1107 1614 1193 ἀπερίτρεπτος.
1646 1119 1883 1173 Τοιαῦτα
1920 1119 1978 1173 δὲ

293 1214 398 1264 καὶ
428 1209 497 1263 τά
521 1209 788 1280 ἡμέτερα,
822 1208 1022 1279 μᾶλλον
1055 1208 1113 1262 δέ
1144 1208 1240 1262 καὶ⁸
1265 1207 1443 1279 πολλῷ
1466 1207 1674 1262 τούτων
1695 1206 1978 1278 ἀπορώτε-

298 1299 475 1368 ρα.“Δ
499 1297 598 1367 μὲν
618 1298 728 1368 γάρ
749 1296 1132 1369 ἐπηγγείλατο,
1164 1296 1411 1368 βασιλεία
1442 1295 1708 1367 οὐρανῶν,
1730 1296 1824 1349 καὶ
1848 1293 1976 1349 ald»-

291 1402 413 1450 νιος
445 1384 581 1454 ζωὴ,
604 1384 697 1437 καὶ
723 1382 1025 1453 ἀφθαρσία,
1051 1383 1146 1437 καὶ
1169 1382 1238 1437 τά
1267 1384 1439 1455 μυρία
1465 1382 1650 1452 ἀγαθά
1667 1400 1680 1414 ·
1705 1382 1773 1437 τὰ
1801 1380 1858 1435 δὲ
1888 1398 1976 1449 γι-

292 1472 502 1543 νόμενα
539 1470 677 1535 τέως
711 1471 807 1526 καὶ
844 1470 1207 1542 συμϐαίνοντα
1250 1470 1382 1524 πολὺ
1425 1468 1632 1523 τούτων
1662 1469 1971 1541 ἀφέστηκε-

294 1563 529 1627 θάνατος
567 1560 679 1633 γάρ
704 1563 819 1615 ἐστι
865 1560 958 1615 καὶ
998 1559 1302 1631 φθορά⁶καὶ
1341 1561 1583 1631 τιμωρία
1622 1558 1975 1622 καὶκόλασις

284 1650 395 1705 καὶ
426 1648 635 1719 θλίψεις
671 1648 918 1721 διάφοροι
958 1648 1054 1702 καὶ
1086 1648 1349 1718 συνεχεῖς.
1382 1646 1539 1710 Τίνος
1582 1641 1676 1699 οὖν
1720 1645 1905 1699 ἕνεκεν
1944 1646 1973 1698 ὁ

290 1739 430 1803 Θεὸς
456 1736 616 1792 τοῦτο
650 1739 814 1802 ποιεῖ,
842 1736 937 1791 xal
974 1735 1043 1790 τὰ
1069 1734 1286 1789 ἐναντία
1331 1736 1448 1798 ταῖς
1495 1732 1848 1802 ἐπαγγελίαις
1880 1734 1974 1786 ἐκ-

291 1828 460 1899 ϐῆναι
493 1826 803 1898 συγχωρεῖς
852 1825 957 1878 Δύο
999 1824 1069 1879 τὰ
1121 1822 1354 1894 μέγιστα
1400 1819 1702 1893 κατορθῶν,
1749 1819 1809 1873 ἓν
1852 1820 1973 1891 μὲν,

291 1914 398 1986 τῆς
439 1912 607 1967 αὑτοῦ
655 1912 940 1984 δυνάμεως
979 1911 1279 1983 τεκμήριον
1317 1907 1803 1980 ἀναμφισϐήτητον
1836 1924 1978 1980 παρ-

290 2003 435 2073 έχων
484 2004 637 2074 ἡμῖν,
682 2003 765 2055 ὅτι
811 2001 908 2055 καὶ
967 2000 1027 2066 ἐξ
1077 1998 1517 2070 ἀπεγνωσμένων
1558 1997 1763 2052 δύναιτ’
1789 1996 1858 2050 ἂν
1895 1997 1976 2059 είς

290 2092 472 2162 πέρας
509 2090 611 2155 τὰς
651 2088 975 2160 ὑποσχέσεις
1001 2088 1264 2157 ἀγαγεῖνο
1298 2085 1485 2157 ἕτερον
1514 2084 1591 2149 δὲ,
1630 2084 1732 2154 τὴν
1773 2082 1972 2154 ήμετέο

295 2195 399 2250 ραν
431 2178 704 2234 παιδεύων
740 2176 919 2249 ψυχήν
951 2175 1131 2231 πάντα
1181 2173 1456 2229 πιστεύειν
1486 2171 1659 2245 αὑτῷ,
1690 2171 1792 2226 κᾶν
1820 2172 1978 2225 ἐναν·

289 2267 388 2321 τία
414 2270 529 2331 τοῖς
561 2265 875 2339 εἰρημένοις
897 2264 965 2319 τά
990 2264 1253 2335 γινόμενα
1284 2263 1563 2333 φαίνηται.
1600 2260 1833 2333 Τοιαύτη
1867 2258 1978 2332 γάρ

292 2357 329 2426 ἡ
376 2355 481 2425 τῆς
523 2354 738 2418 ἐλπίδος
778 2352 949 2425 ίσχύς·
980 2353 1043 2407 οὐ
1095 2349 1445 2421 καταισχύνει
1479 2349 1572 2404 τόν
1617 2347 1977 2420 ἀντεχόμενον

292 2443 470 2514 αὐτῆς
494 2442 821 2515 εἰλικρινῶς.
843 2442 909 2495 Εἰ
941 2440 1052 2511 γὰρ
1079 2440 1129 2494 οἱ
1157 2439 1258 2504 τάς
1277 2437 1599 2509 ὑποσχέσεις
1617 2435 1854 2491 ἐνταῦθα
1882 2436 1977 2490 λα-

294 2530 485 2595 ϐόντες
504 2529 647 2585 οὕτω
672 2528 1011 2600 διετέθησαν,
1034 2526 1213 2598 πολλῷ
1237 2525 1436 2598 μᾶλλον
1461 2525 1609 2596 ἡμᾶς
1627 2522 1786 2577 τοῦτο
1800 2525 1976 2578 ποιεῖν

294 2620 424 2691 χρὴ,
463 2620 590 2682 τοὺς
631 2618 692 2673 ού
730 2617 876 2672 κατά
908 2615 1000 2670 τὸν
1045 2614 1290 2687 παρόντα
1329 2613 1465 2685 βίον,
1501 2611 1716 2675 ἀλλἐίς
1756 2610 1976 2683 ἐτέρους

294 2706 502 2770 αἰῶνας
532 2705 944 2777 προσδοκῶντας
971 2705 1070 2777 τὴν
1098 2702 1319 2757 ἔκϐασιν
1347 2700 1456 2755 τῶν
1485 2698 1839 2774 χρηστῶν,⁹Α
1867 2697 1977 2770 γάρ

295 2794 535 2850 ἐνταῦθα
582 2798 834 2867 προεῖπε,
871 2792 1049 2864 θλῖψίς
1092 2794 1209 2846 ἐστι
1253 2791 1349 2846 καὶ
1391 2788 1742 2860 στενοχωρία.
1774 2787 1840 2840 Τί
1882 2783 1976 2841 οὖν

297 2883 414 2937 ἐστί
465 2899 525 2937 σε
573 2882 634 2935 τὸ
672 2879 969 2954 θορυϐοῦν;
994 2880 1156 2934 πόθεν
1196 2879 1296 2950 τὴν
1335 2876 1629 2948 ὑπόσχεσιν
1676 2872 1825 2948 [170]
1869 2875 1974 2927 ὑπ-

291 2971 547 3036 οπτεύεις
583 2970 677 3026 τοῦ
709 2969 884 3036 Θεοῦ;
913 2970 987 3024 Τὸ
1010 2969 1120 3040 γὰρ
1147 2966 1561 3038 καταφρονῆσαι
1595 2963 1693 3035 μὲν
1729 2963 1796 3017 δι’
1816 2962 1976 3017 αὐτὸν

291 3060 394 3115 τοῦ
435 3060 644 3131 κόσμου
700 3058 922 3124 παντὸς,
969 3057 1149 3127 λέγειν
1188 3054 1246 3109 δέ
1286 3053 1448 3109 πάλιν
1488 3051 1796 3124 ἠμελῆσθαι
1846 3051 1975 3122 παρ’

296 3148 486 3215 αὑτοῦ,
512 3148 666 3203 οὐδὲν
689 3132 1050 3219 ἐτερόνέστιν
1077 3143 1112 3215 ἢ
1141 3141 1497 3204 ἀπιστοῦντος
1526 3138 1621 3193 καὶ
1641 3137 1977 3192 ὑποπτεύον-

296 3254 409 3302 τος,
442 3237 537 3291 καὶ
562 3237 778 3307 ἀπάτην
799 3233 897 3306 τὴν
925 3231 1256 3302 ἐπαγγελίαν
1282 3228 1498 3300 ἐκείνην
1537 3222 1678 3280 εἶναι
1713 3224 1977 3296 νομίζον-

296 3342 420 3389 τος-
470 3326 609 3395 ὅπερ
655 3320 869 3388 ἀληθῶς
917 3323 1035 3375 ἐστι
1076 3319 1357 3390 δαιμονᾷν,
1383 3317 1479 3372 καὶ
1520 3315 1580 3369 τὸ
1611 3314 1711 3385 τῆς
1752 3312 1977 3385 γεέννης

300 3412 690 3485 προκαλεῖσθαι
717 3410 849 3484 πῦρ.
867 3408 1007 3464 Ἀλλ’
1029 3408 1135 3462 είσί
1155 3423 1301 3470 τινες
1322 3406 1371 3460 οἳ
1396 3404 1667 3475 βιωτικοῖς
1688 3401 1979 3472 ἐνστρεφό-

302 3520 454 3576 μενοι
484 3501 791 3574 πράγμασι,
819 3501 877 3554 ἐν
926 3496 1107 3552 ἀνέσει
1139 3494 1384 3565 διάγουσι
1405 3510 1418 3524 ·
1453 3492 1546 3546 καὶ
1570 3492 1679 3563 γὰρ
1705 3488 1979 3544 καὶτοῦτο

299 3593 560 3666 προεῖπεν
594 3592 624 3646 ὑ
648 3588 901 3661 Χριστός·
934 3584 1122 3656 Ἀμὴν
1148 3584 1280 3656 γὰρ,
1305 3582 1468 3653 ἀμὴν
1491 3580 1648 3651 λέγω
1673 3579 1837 3650 ὑμῖν,
1869 3595 1978 3650 φη·

300 3684 404 3747 σὶν,
431 3681 529 3737 ’ὅτι
578 3680 878 3735 κλαύσετε
918 3675 1020 3731 καὶ
1060 3673 1396 3744 θρηνήσετε
1426 3670 1597 3742 ὑμεῖς
1619 3689 1634 3704 ο
1682 3673 1716 3725 ό
1759 3668 1828 3724 δὲ
1879 3668 1980 3723 κό-

299 3786 454 3841 σμος
485 3766 836 3839 χαρήσεται.
870 3764 981 3819 Kal
1004 3764 1098 3817 ἐπὶ
1122 3761 1231 3815 τῶν
1259 3759 1541 3832 προτέρων
1566 3758 1623 3811 δέ
1650 3757 1852 3825 γενεῶν
1873 3756 1980 3810 Βα-

300 3858 552 3913 ϐυλώνιοι
589 3857 690 3928 μὲν
716 3856 767 3908 οἱ
813 3853 948 3926 μηδέ
987 3851 1078 3906 τὸν
1098 3849 1231 3904 Θεὸν
1262 3848 1482 3912 εἰδότες,
1515 3848 1573 3900 ἐν
1612 3844 1829 3916 πλούτῳ
1885 3844 1980 3898 xal

299 3947 589 4022 δυναστείᾳ
630 3937 772 4019 ἦσαν
820 3945 916 3999 καὶ
956 3945 1114 4014 τιμῇ,
1163 3941 1410 3995 Ἰουδαῖοι
1451 3938 1510 3992 δέ
1550 3938 1612 3992 ἐν
1634 3935 1981 4009 αίχμαλωσίᾳ

301 4038 397 4096 καὶ
421 4036 635 4108 δουλείᾳ
656 4036 752 4091 καὶ
788 4037 901 4097 τοῖς
925 4032 1176 4104 ἐσχάτοις
1201 4032 1412 4093 κακοῖς.
1450 4029 1558 4082 Kal
1591 4025 1845 4098 Λάζαρος
1880 4026 1979 4096 μὲν

300 4132 329 4182 ὁ
354 4127 463 4181 τῶν
492 4124 739 4199 οὐρανῶν
767 4121 915 4190 ἄξιος
943 4121 1039 4173 καὶ
1068 4119 1169 4189 τῆς
1192 4115 1467 4187 βασιλείας
1491 4114 1594 4185 τῆς
1626 4116 1763 4199 ἐκεῖ,
1787 4113 1981 4167 είλκω-

305 4215 466 4288 μένος
486 4198 608 4277 ταῖς
643 4211 753 4266 τῶν
781 4207 960 4264 κυνῶν
987 4205 1276 4277 προέκειτο
1302 4201 1592 4282 γλώτταις,
1627 4198 1772 4271 λιμῷ
1807 4199 1979 4270 μαχό-

307 4321 467 4377 μενος
503 4303 745 4375 διηνεκεῖ
768 4317 783 4332 °
817 4301 846 4355 ὁ
872 4299 930 4353 δὲ
960 4295 1216 4357 πλούσιος
1251 4294 1310 4345 ἐν
1355 4293 1490 4363 τιμῇ
1530 4290 1626 4344 καὶ
1679 4288 1980 4377 δορυφορίᾳ

304 4372 399 4449 καὶ
428 4372 614 4447 ἀνέσει
643 4391 738 4445 καὶ
760 4388 941 4460 τρυφῇ
962 4402 976 4417 ο
1009 4383 1126 4438 ἀλλ’
1149 4383 1298 4453 ὅμως
1319 4380 1472 4434 οὐδὲν
1495 4376 1619 4433 οὔτε
1648 4372 1803 4441 οὗτος
1833 4379 1890 4430 ἐν
1912 4380 1977 4449 τῇ

304 4475 496 4547 γεέννῃ
540 4473 747 4527 τούτων
779 4459 1055 4534 ἀπώνατο,
1086 4464 1211 4521 οὔτε
1246 4464 1498 4533 Λάζαρος
1540 4461 1650 4521 ἀπὸ
1692 4460 1787 4515 τοῦ
1819 4459 1979 4532 λιμοῦ

304 4564 399 4619 καὶ
444 4563 557 4618 τῶν
606 4561 938 4634 τραυμάτων
988 4558 1068 4619 εἰς
1111 4555 1213 4627 τὴν
1260 4551 1549 4624 ἀκρίϐειαν
1580 4548 1980 4634 τοῦυπαρόντος

305 4644 622 4719 παρεϐλάϐη
643 4631 786 4715 -βίου
806 4661 821 4675 ·
862 4642 977 4696 ἀλλ’
1008 4640 1196 4710 ὥσπερ
1225 4655 1309 4702 τις
1338 4636 1584 4706 γενναῖος
1632 4631 1891 4704 ἀθλητὴς,
1923 4633 1981 4685 ἐν

305 4733 500 4807 αὐχμῷ
527 4735 621 4788 καὶ
657 4733 840 4801 πνίγει
873 4729 1162 4802 βαρυτάτῳ
1207 4725 1472 4790 παλαίων,
1510 4722 1607 4776 καὶ
1643 4720 1862 4791 ἐνίκησε
1886 4719 1982 4773 καὶ

306 4820 678 4893 ἐστεφανώθη.
717 4819 819 4873 Διά
862 4817 1021 4871 τοῦτο
1053 4815 1146 4869 καί
1180 4831 1262 4878 τις
1294 4812 1455 4882 σοφός
1475 4823 1503 4853 ι
1532 4827 1667 4881 φησι
1686 4826 1699 4840 ⁸
1738 4810 1980 4875 Τέκνον,

304 4913 355 4968 σί
376 4909 681 4980 προσέρχῃ
713 4908 1028 4963 δουλεύειν
1047 4903 1265 4971 Κυρίῳ,
1284 4901 1610 4970 ἐτοίμασον
1636 4897 1751 4967 τὴν
1770 4896 1985 4968 ψυχήν

306 5016 421 5058 σου
471 5002 559 5066 είς
588 4996 926 5067 πειρασμόν
945 5011 958 5024 ·
989 4992 1248 5047 εὔθυνον
1279 4988 1395 5057 τὴν
1426 4986 1679 5056 καρδίαν
1716 5003 1854 5052 σου,
1881 4985 1981 5040 καί

307 5087 702 5159 κῳτέρησον,
739 5084 839 5139 καὶ
885 5081 973 5153 μὴ
1019 5080 1301 5148 σπεύσῃς
1329 5077 1400 5131 ἐν
1423 5075 1608 5144 καιρῷ
1643 5073 1980 5145 ἐπαγωγῆς.

309 5178 418 5232 Καὶ
460 5175 577 5247 μετ’
628 5173 785 5243 ὀλίγα
829 5171 994 5243 φησὶν
1025 5167 1241 5231 ὂτι,Ἐν
1271 5164 1414 5232 πυρί
1445 5161 1813 5232 δοκιμάζεται
1839 5180 1984 5232 χρυ-

306 5265 438 5331 σὸς,
467 5262 566 5318 καὶ
608 5262 908 5330 ἅνθρωποι
937 5254 1135 5311 δεκτοὶ
1179 5254 1249 5307 ἐν
1281 5252 1509 5323 καμίνῳ
1547 5248 1980 5316 ταπεινώσεως.

308 5354 416 5408 Kal
464 5352 627 5406 πάλιν
669 5345 904 5420 ἀλλαχοῦ
932 5346 1082 5414 λέγει
1107 5361 1119 5374 ο
1156 5341 1403 5408 Τέκνον,
1423 5339 1509 5411 μὴ
1546 5337 1815 5408 ὀλιγώρει
1847 5353 1983 5392 παι-

307 5442 471 5508 δείας
503 5441 752 5508 Κυρίου,
762 5425 1175 5508 μηδὲέκλύου
1207 5432 1310 5487 ὑπ’
1333 5428 1521 5485 αὑτοῦ
1558 5425 1978 5497 ἐλεγχόμενος.

321 5531 378 5584 ’0
404 5530 514 5601 γὰρ
547 5528 611 5581 τὸ
650 5525 874 5598 χρυσίον
904 5525 985 5588 είς
1033 5521 1132 5592 τὴν
1169 5519 1399 5591 κάμινον
1438 5514 1724 5589 ἐμϐάλλων
1757 5509 1864 5567 οἶδε
1890 5515 1984 5569 καὶ

315 5618 475 5691 μέχρι
505 5614 652 5679 τινος
684 5612 815 5667 αὑτὸ
844 5610 1164 5684 πυρωθῆναι
1181 5608 1210 5650 ι)
1237 5610 1336 5674 δεῖ,
1362 5605 1456 5661 καὶ
1479 5605 1610 5659 πότε
1638 5601 1986 5672 ἀνασπασθῆ-

369 5792 396 5822 ⁸
420 5790 453 5835 Γ
446 5789 553 5841 .Olh.
581 5788 737 5840 codex
760 5785 899 5845 5056,
922 5790 975 5833 et
992 5784 1139 5833 Savil.
1167 5800 1236 5839 τις
1255 5782 1544 5845 σοφώτατος.

365 5849 401 5896 δ
415 5851 497 5904 Slc
512 5851 648 5904 Coll).
680 5857 733 5901 et
752 5843 902 5899 Savil'.
931 5846 1100 5897 Morel.
1126 5858 1244 5898 vero
1261 5843 1513 5909 προθεῖναι.

1311 387 1689 447 ετΑοηιιυιι
1728 390 1772 445 Α
1810 389 2121 448 ΒᾸΞΜΟΝΕ
2168 391 2529 450 νΕχΑτυΜ.
2572 394 2704 452 LIB.
2740 395 2780 451 1.

3654 404 3767 459 ΗΟ-

2080 525 2188 563 ναι.
2213 510 2313 564 Διά
2348 508 2505 563 τοῦτο
2525 501 2679 574 οὗτος
2707 511 2806 582 μέν
2837 528 3001 584 φησιν
3037 514 3133 583 Μὴ
3165 518 3448 588 σπεύσῃς
3474 519 3544 572 ἐν
3573 519 3755 587 καιρῷ

2077 594 2410 666 ἐπαγωγῆς.
2426 596 2484 650 '0
2510 596 2567 649 δὲ
2599 597 2850 669 Σολομὼν
2897 600 3030 655 αὐτὸ
3078 601 3237 657 τοῦτο
3260 604 3528 660 διδάσκων
3564 604 3751 674 ἐλεγεο

2076 682 2175 752 Μὴ
2207 684 2433 739 ἐκλύου
2464 684 2566 738 ὑπ’
2596 686 2784 741 αὐτοῦ
2812 687 3227 760 ἐλεγχόμενος.
3256 692 3413 761 Μέγα
3445 692 3608 765 γὰρὴ
3643 693 3756 748 θλί-

2076 770 2192 842 ψις,
2228 771 2374 843 μέγα
2404 772 2542 844 πρὸς
2566 772 2627 826 τὸ
2659 773 2880 845 δόκιμον
2917 776 3253 848 ἐργάσασθαι
3287 778 3480 848 ἄνδρα,
3503 781 3599 834 καὶ
3622 797 3755 834 παι-

2078 857 2264 912 δεῦσαι
2319 859 2417 929 τῆς
2471 859 2751 930 ὑπομονῆς
2798 861 2897 930 τὴν
2931 863 3151 937 ἀρετήν.
3182 864 3247 917 Τί
3285 861 3395 931 οὖν,
3465 867 3649 937 φησὶν,
3686 867 3752 921 ἂν

2078 944 2381 1018 περιτρέψῃ
2402 958 2424 985 ο
2459 947 2551 1001 καὶ
2578 947 2859 1021 καταϐάλῃ
2889 948 2976 1003 διὰ
3001 951 3099 1020 τῆς
3120 952 3454 1024 ὑπερϐολῆς;
3476 954 3701 1021 Πιστὸς
3722 958 3756 1010 ό

2079 1033 2349 1100 Θεὸς-,ὃς
2396 1034 2527 1089 οὐκ
2555 1034 2724 1089 ἐάσει
2761 1034 2921 1105 ἡμᾶς
2962 1040 3363 1108 πειρασθῆναι
3412 1041 3566 1109 ὑπὲρ
3590 1041 3624 1096 ὃ
3652 1040 3760 1097 δυ·-

2075 1120 2335 1189 νάμεθα,
2374 1123 2537 1177 ἀλλὰ
2572 1119 2695 1178 σὺν
2730 1122 2810 1189 τῷ
2856 1126 3164 1196 πειρασμῷ
3210 1129 3452 1195 ποιήσει
3495 1128 3596 1183 καὶ
3640 1129 3759 1196 τὴν

2076 1205 2330 1261 ἑκϐασιν
2360 1208 2467 1262 τοῦ
2507 1208 2801 1264 δύνασθαι
2843 1209 3003 1281 ἡμᾶς
3047 1214 3421 1285 ὑπενεγκεῖν.
3453 1216 3518 1269 El
3551 1215 3662 1287 γὰρ
3698 1216 3757 1282 ἐξ

2075 1294 2298 1367 ἀγάπης
2327 1297 2425 1367 μὲν
2472 1297 2505 1367 ἡ
2549 1297 2789 1363 παιδεία,
2818 1301 2852 1372 ἡ
2880 1299 2937 1353 δὲ
2967 1302 3353 1373 ἐγκατάλειψις
3394 1303 3501 1356 ἀπὸ
3543 1303 3754 1373 μίσους,

2076 1382 2177 1435 ούκ
2218 1382 2332 1436 ἐστι
2382 1384 2477 1438 τοῦ
2523 1385 2690 1439 αὐτοῦ
2721 1386 2894 1454 φιλεῖν
2929 1387 3065 1459 ὁμοῦ
3101 1390 3194 1443 καὶ
3237 1393 3414 1461 μισεῖν
3447 1388 3539 1443 τὸν
3569 1390 3755 1453 αὑτὸν,

2077 1469 2198 1523 οὑδὲ
2229 1471 2504 1525 παιδεύειν
2529 1473 2664 1543 ὁμοῦ
2688 1474 2780 1527 καὶ
2801 1475 3322 1547 ἐγκαταλιμπάνειν.
3354 1476 3480 1540 Πῶς
3514 1472 3608 1531 οὖν
3637 1476 3762 1530 πολ-

2078 1556 2159 1611 λοι
2217 1559 2554 1628 κατέπεσον;
2617 1562 2800 1633 φησίν.
2842 1563 3099 1628 Ἑαυτοὺς
3144 1565 3621 1637 ἀποστερήσαντες
3661 1564 3758 1620 τοῦ

2078 1643 2235 1710 Θεοῦ,
2286 1647 2346 1699 οὑ
2401 1648 2853 1718 καταλειφθέντες
2900 1652 2992 1704 ὑπ’
3016 1650 3198 1705 αὐτοῦ.
3218 1652 3373 1708 Ἰδοὺ
3419 1653 3530 1724 γὰρ
3572 1655 3625 1708 οί
3645 1668 3762 1723 μαι

2078 1735 2405 1805 κρύνοντες
2455 1738 2709 1806 ἑαυτοὺς
2755 1738 2875 1793 ἀπὸ
2912 1740 3028 1794 σοῦ
3078 1740 3476 1796 ἀπολοῦνται.
3528 1740 3761 1814 Μακρύ-

2076 1838 2227 1876 νουσι
2262 1823 2320 1877 δὲ
2352 1824 2426 1896 μὴ
2459 1823 2718 1896 φέροντες
2752 1826 2851 1890 τὰς
2879 1825 2973 1879 τοῦ
3004 1825 3140 1880 Θεοῦ
3176 1826 3444 1893 παιδείας,
3467 1826 3583 1881 ἀλλ’
3606 1828 3761 1899 ὀργι-

2078 1911 2292 1983 ζόμενοι
2329 1914 2424 1967 καὶ
2453 1913 3009 1987 δυσανασχετοῦντες*
3048 1915 3142 1968 καὶ
3188 1915 3444 1986 καθάπερ
3476 1917 3525 1968 οἱ
3558 1914 3761 1986 μοχθη-

2079 2000 2165 2070 ροὶ
2193 2000 2300 2054 τῶν
2336 2000 2563 2067 παίδων,
2599 2001 2707 2055 τῶν
2735 2003 2987 2075 πατέρων
3010 2003 3208 2066 αὐτοὺς
3236 2004 3374 2076 πρὸς
3403 2002 3759 2065 διδασκάλους

2078 2088 2427 2159 πεμπόντων,
2445 2088 2511 2144 ἂν
2537 2091 2664 2154 τοὺς
2687 2091 2804 2143 ἐκεῖ
2835 2090 3029 2155 πόνους
3059 2091 3152 2144 καὶ
3175 2089 3274 2154 τὰς
3296 2089 3524 2159 ὀλίγαςά
3559 2090 3760 2160 φυγόνο

2077 2194 2169 2242 τες
2216 2176 2432 2248 πληγὰς
2474 2178 2574 2250 τῆς
2617 2179 2726 2233 τῶν
2750 2177 2952 2249 γονέων
2988 2178 3341 2249 ἀποπηδῶσιν
3371 2178 3568 2248 ὅψεως,
3599 2177 3757 2248 ἐκέρ-

2076 2266 2234 2320 δανόν
2273 2284 2333 2320 τε
2371 2267 2545 2332 οὐδὲν,
2582 2268 2677 2323 καὶ
2712 2269 2953 2340 χείροσιν
3001 2269 3229 2333 ἑαυτοὺς
3268 2267 3630 2339 περιέπειραν
3660 2283 3761 2320 κα-

2078 2355 2216 2420 κοῖς,
2256 2355 2313 2406 ἐν
2344 2354 2601 2428 ἀλλοτρίᾳ
2630 2342 2923 2427 λιμώττειν
2955 2356 3049 2409 καὶ
3075 2355 3309 2409 ἀλᾶσθαι
3344 2356 3436 2409 καὶ⁵
3464 2356 3640 2408 νοσεῖν
3666 2353 3761 2407 καὶ

2077 2440 2443 2512 ἀτιμάζεσθαι
2471 2442 2563 2497 καλ⁵
2589 2442 2864 2497 δουλεύειν
2897 2442 3337 2514 ἀναγκαζόμενοι
3361 2461 3376 2475 ο
3407 2441 3550 2496 οὕτω
3582 2442 3677 2496 καὶ
3711 2443 3760 2495 οί

2075 2526 2174 2599 τήν
2215 2527 2311 2581 τοῦ
2342 2527 2477 2582 Θεοῦ
2517 2527 2766 2582 παιδείαν
2809 2528 3146 2602 εὐχαρίστως
3193 2528 3269 2602 μὴ
3315 2529 3592 2599 φέροντες,
3624 2526 3762 2581 ἀλλά

2076 2613 2620 2686 δυσανασχετοῦντες,
2647 2616 2783 2685 πρὸς
2809 2615 2887 2686 τῷ
2931 2615 3098 2687 μηδὲν
3140 2615 3200 2684 ἐξ
3230 2614 3384 2688 [171]
3415 2616 3587 2685 αὑτῆς
3624 2629 3762 2685 καρ-

2078 2701 2363 2758 πώσασθαι
2396 2703 2493 2758 καὶ
2520 2706 2643 2768 ταῖς
2674 2704 2932 2775 ἐσχάταις
2960 2703 3186 2766 ἑαυτοὺς
3210 2702 3595 2775 περιϐάλλουσι
3630 2717 3761 2772 συμ-

2078 2793 2292 2864 φοραῖς.
2330 2791 2432 2845 Διά
2477 2790 2637 2846 τοῦτο
2684 2794 2975 2864 καρτερεῖν
3028 2791 3481 2864 παρηγγέλμεθα,
3523 2789 3621 2843 καὶ
3659 2789 3761 2860 τὴν

2078 2878 2305 2950 καρδίαν
2335 2876 2581 2933 εὐθύνειν
2624 2877 2723 2950 τὴν
2748 2878 2977 2933 ἐαυτῶν.
2997 2878 3159 2933 Ἀλλά
3191 2878 3371 2951 πολλῷ
3403 2877 3762 2950 χαλεπώτερα
3796 2880 3803 2886 ’

2078 2965 2375 3030 πέπονθας.
2425 2966 2563 3019 Ούδέ
2589 2965 2699 3038 γὰρ
2728 2967 2777 3020 οί
2810 2967 3158 3039 παιδοτρίϐαι
3188 2967 3398 3031 πάντας
3434 2966 3634 3038 ὁμοίως
3666 2966 3762 3020 καὶ

2078 3051 2159 3105 ἐνὶ
2203 3051 2392 3123 τρόπῳ
2424 3051 2817 3123 γυμνάζουσιν,
2855 3052 2992 3107 ἀλλά
3039 3056 3153 3117 τοῖς
3207 3052 3306 3124 μὲν
3351 3051 3763 3123 ἀσθενεστέροις

2078 3141 2341 3204 ἀσθενεῖς,
2381 3142 2493 3203 τοῖς
2536 3139 2593 3194 δὲ
2634 3141 2901 3207 γενναίοις
2927 3142 3200 3204 τοιούτους
3224 3140 3603 3212 1⁵,παρέχουσιν
3636 3141 3763 3193 ἀντ-

2077 3226 2419 3295 αγωνιστάςο
2454 3228 2483 3279 ὁ
2524 3226 2632 3297 γὰρ
2666 3226 2875 3281 ἐλάττω
2924 3227 3021 3299 τῆς
3067 3228 3276 3291 οἰκείας
3326 3228 3609 3298 δυνάμεως
3668 3228 3763 3281 λα-

2078 3313 2189 3367 ϐὼν
2217 3313 2308 3367 τὸν
2338 3314 2767 3385 ἀνταγωνιστήν,
2795 3313 2897 3368 κᾶν
2937 3314 3003 3368 δι’
3032 3316 3162 3387 ὅλης
3200 3315 3349 3387 αὑτῷ
3380 3314 3762 3386 συμπλέκηται

2077 3402 2175 3472 τῆς
2203 3400 2439 3472 ἡμέρας,
2470 3401 2680 3465 ἐκεῖνος
2709 3401 3059 3472 ἀγύμναστος
3101 3401 3303 3473 ἔμεινε.
3346 3402 3472 3466 Πῶς
3507 3398 3620 3466 οὖν,
3659 3419 3765 3471 φη-

2081 3492 2154 3556 σὶ,
2199 3491 2326 3553 τοὺς
2356 3490 2447 3543 τὸν
2483 3490 2649 3543 αὑτὸν
2682 3490 3133 3563 ἐπανῃρημένους
3175 3490 3311 3561 βίον,
3345 3491 3405 3544 ού
3436 3494 3548 3554 τοῖς
3577 3490 3765 3554 αὑτοῖς

2079 3578 2262 3633 ἀθλεῖν
2289 3577 2513 3650 ἐποίησε
2546 3577 2762 3643 πόνοις;
2795 3579 2918 3630 Ὅτι
2967 3578 3028 3631 οὑ
3081 3577 3178 3648 μία
3225 3577 3379 3646 παρὰ
3409 3577 3527 3648 Θεῷ
3548 3595 3762 3648 γυμνα-

2082 3664 2205 3729 σίας
2240 3665 2371 3730 ίδέα,
2400 3663 2522 3717 οὐδὲ
2564 3664 2672 3718 τῶν
2711 3663 2891 3717 αὐτῶν
2915 3662 3153 3728 ἅπαντες
3174 3664 3403 3729 δέονται,
3435 3664 3539 3718 κᾶν
3568 3665 3625 3716 ἐν
3651 3667 3763 3727 τοῖς

2080 3753 2263 3817 αὐτοῖς
2284 3745 2385 3805 ὦσι
2406 3768 2419 3782 ·
2446 3751 2542 3805 καὶ
2576 3751 2685 3823 γὰρ
2703 3750 2985 3815 νοσοῦντες
3013 3750 3200 3805 πολλοὶ
3222 3753 3341 3815 ταῖς
3373 3751 3563 3814 αὑταῖς
3589 3750 3764 3813 νόσοις

2080 3839 2141 3892 ού
2184 3838 2295 3893 τῶν
2333 3837 2513 3892 αὐτῶν
2551 3837 2851 3909 ἐδεήθησαν
2896 3837 3228 3910 φαρμάκων,
3266 3836 3381 3891 ἀλλ’
3407 3835 3611 3906 ἐτέρων
3661 3834 3763 3906 μὲν

2082 3918 2248 3994 οὗτοι,
2278 3924 2481 3997 ἐτέρων
2515 3925 2573 3979 δέ
2601 3927 2820 3979 ἐκεῖνοι.
2864 3925 2964 3979 Διά
2995 3925 3154 3979 τοῦτο
3188 3923 3419 3979 ποικίλοι
3454 3924 3549 3977 καὶ
3578 3923 3767 3991 διάφε-

2084 4034 2169 4089 ροι
2196 4015 2307 4070 τῶν
2335 4016 2615 4088 μαστίγων
2637 4016 2686 4068 οἱ
2717 4015 2930 4085 τρόποι,
2962 4016 3058 4069 καὶ
3087 4017 3115 4069 ὁ
3144 4015 3244 4085 μὲν
3291 4014 3432 4083 νόσῳ
3474 4012 3763 4083 δοκιμάζε-

2080 4121 2172 4158 ται
2206 4105 2413 4177 μακρᾷ,
2447 4106 2477 4156 ὁ
2499 4104 2556 4156 δὲ
2583 4102 2859 4175 βαρυτάτῃ
2895 4102 3074 4174 πενίᾳ,
3106 4102 3185 4173 τῷ
3215 4101 3497 4172 βιάζεσθαι
3532 4102 3627 4155 καὶ⁹
3649 4101 3764 4154 ἀδι-

2082 4196 2295 4250 κεῖσθαι
2335 4194 2521 4266 ἔτερος
2544 4191 2588 4259 ί,
2640 4192 2797 4257 ἄλλος
2846 4192 2926 4262 τῷ
2974 4196 3217 4262 συνεχεῖς
3274 4193 3367 4246 καὶ
3415 4192 3761 4263 ἐπαλλήλους

2082 4282 2348 4345 θανάτους
2376 4281 2470 4334 καὶ
2498 4279 2703 4333 παίδων
2733 4281 2827 4334 καὶ
2860 4277 2970 4333 τῶν
2994 4279 3143 4349 αὐτῷ
3179 4279 3564 4350 προσηκόντων
3597 4278 3757 4332 ἰδεῖν·

2081 4370 2177 4422 καὶ
2205 4360 2361 4431 οὗτος
2397 4367 2495 4438 μὲν
2524 4366 2604 4438 τῷ
2632 4366 2784 4439 παρά
2804 4367 3022 4421 πάντων
3050 4364 3485 4437 ἀποῤῥίπτεσθαι
3515 4367 3610 4419 καὶ
3636 4366 3761 4436 μηδ’

2082 4454 2200 4520 ἐνὸς
2232 4452 2514 4518 ἀξιοῦσθαι
2563 4452 2747 4523 λόγου,
2779 4455 2986 4516 ἐκεῖνος
3031 4452 3087 4506 δέ
3135 4451 3215 4523 τῷ
3251 4451 3635 4509 διαϐάλλεσθαι
3673 4451 3764 4521 ἐφ’

2081 4538 2162 4609 οἷς
2188 4543 2340 4598 οὐδὲν
2365 4540 2546 4613 ἐαυτῷ
2576 4540 2806 4607 σύνοιδε,
2849 4542 2947 4596 καὶ
2979 4542 3224 4612 πονηρᾶς
3264 4538 3424 4611 δόξης
3473 4539 3762 4611 ἀνέχεσθαι

2084 4633 2271 4705 βάρος,
2297 4632 2392 4686 καὶ
2419 4632 2577 4695 ἄλλος
2608 4630 2781 4695 άλλως
2799 4648 2812 4662 ·
2849 4630 2970 4684 οὑδέ
2999 4630 3109 4701 γὰρ
3136 4629 3361 4683 δυνατὸν
3389 4628 3603 4684 ἅπαντα
3626 4630 3762 4700 μετά

2082 4721 2367 4793 ἀκριϐείας
2391 4718 2863 4794 ἐξαριθμήσασθαι
2895 4717 3008 4773 νῦν.
3035 4717 3251 4771 Τούτων
3276 4717 3336 4770 δέ
3360 4717 3588 4771 ἕκαστον
3617 4716 3764 4769 δοκεῖ

2087 4810 2208 4881 μὲν,
2245 4810 2369 4863 ὅσον
2395 4809 2532 4881 πρὸς
2559 4809 2658 4879 τὴν
2679 4808 2787 4863 τῶν
2812 4807 2920 4861 σῶν
2952 4806 3254 4878 παράθεσιν
3290 4806 3612 4879 συμφορῶν,
3634 4806 3762 4860 κοῦ-

2086 4915 2184 4968 φον
2216 4892 2356 4951 εἷναι
2400 4897 2493 4949 καὶ
2532 4894 2718 4948 οὐδέν·
2770 4897 2818 4948 εί
2861 4894 2920 4948 δὲ
2970 4896 3028 4948 ἐν
3079 4895 3247 4967 πείρᾳ
3280 4895 3562 4965 κατέστης.
3581 4894 3761 4950 αὐτῶν

2084 4984 2288 5056 ἔμαθες
2316 4982 2382 5038 ἂν
2419 4984 2502 5036 ὅτι
2526 4981 2685 5037 τοῦτο
2704 4983 2788 5052 ἐφ’
2813 4975 2857 5050 ᾧ
2887 4984 2951 5036 σὺ
2980 4981 3076 5036 νῦν
3102 4983 3304 5046 ἀλύεις,
3330 4980 3553 5037 ἐκείνων
3583 4980 3762 5051 πολλῷ

2086 5073 2468 5146 φορητὸτερον.
2498 5070 2561 5123 Εί
2581 5070 2637 5124 δέ
2660 5072 2753 5125 καὶ
2772 5070 2878 5125 είσί
2906 5088 3051 5135 τινες
3079 5070 3297 5127 ἔλαττον
3328 5067 3486 5140 ἡμῶν
3507 5068 3760 5123 παιδευό-

2089 5179 2262 5233 μενοι,
2291 5159 2366 5231 μὴ
2397 5157 2881 5230 σκανδαλιζώμεθα
2904 5159 2996 5212 ἐπί
3016 5157 3189 5229 τούτῳ
3207 5174 3222 5188 ο
3254 5158 3288 5226 ή
3311 5155 3421 5227 γάρ
3441 5154 3547 5208 τῶν
3580 5154 3761 5231 πόνων

2085 5249 2339 5313 ἐπίτασις
2390 5247 2596 5319 μισθῶν
2639 5246 2889 5311 ἐπίτασίς
2926 5248 3042 5299 ἐστι
3096 5246 3192 5299 καὶ
3237 5243 3471 5315 ἔρεισμα
3518 5240 3759 5310 ἀσφαλὲς

2056 5370 2059 5373 ›
2087 5338 2225 5411 πρὸς
2263 5337 2325 5390 τὸ
2371 5336 2571 5409 μηκέτι
2612 5336 2838 5399 ἑκόντας
2867 5334 2901 5405 ἢ
2944 5334 3174 5395 ἄκοντας
3212 5332 3467 5384 ἐκπεσεῖν
3488 5347 3501 5359 ·
3531 5330 3626 5382 καὶ
3650 5329 3760 5400 γὰρ

2084 5428 2253 5498 τῦφον
2291 5424 2666 5490 καταστέλλει,
2689 5425 2785 5478 καὶ
2818 5423 3089 5494 ῥᾳθυμίαν
3122 5419 3474 5489 ἀποστρέφει,
3502 5419 3597 5472 καὶ
3628 5435 3760 5490 φρο-

2149 5589 2172 5618 ε
2209 5587 2293 5637 Sic
2323 5586 2461 5639 Colb.
2489 5592 2544 5636 et
2560 5588 2707 5637 Savil.
2736 5585 2799 5634 At
2819 5582 2992 5631 Morel.
3017 5581 3298 5643 ἐπιστρέψῃ.

2144 5648 2172 5689 ἆ
2196 5650 2276 5699 Sic
2297 5649 2435 5701 Colb.
2464 5655 2518 5699 et
2535 5650 2687 5699 Savil.
2706 5644 2879 5696 Morel.
2898 5644 3085 5697 καὶτὰς
3106 5641 3297 5690 ἐκεῖθεν.

2153 5716 2176 5743 ε
2197 5711 2372 5785 ῌοτρι,
2396 5711 2450 5785 οὑ
2469 5711 2726 5785 τοιούτους.
2754 5706 2878 5755 Infra
2903 5706 2953 5753 in
2988 5704 3164 5753 eodem
3187 5704 3294 5751 solo
3314 5708 3425 5765 post
3463 5701 3761 5763 ἐπανῃρημέ-

2086 5790 2189 5831 νους
2212 5775 2398 5836 legitur
2410 5772 2538 5835 ἐμοί.
3274 5827 3295 5838 _

2151 5836 2168 5874 ί
2197 5834 2367 5886 Morel.
2391 5834 2541 5899 πενίᾳ·
2569 5835 2594 5881 ὸ
2619 5830 2754 5893 δέτῷ
2783 5827 3021 5892 βιάζεσθαι
3042 5827 3121 5877 καὶ
3145 5828 3404 5878 διακεισθαι
3424 5828 3593 5888 ἔτερος,
3606 5821 3772 5878 11181..-
