4138 6444
454 392 555 448 Ml

455 509 789 581 νιμωτέρους
834 510 1004 575 ποιεῖ,
1054 510 1148 565 καὶ
1193 512 1623 587 εὐλαϐεστέρους
1662 514 1973 589 ἐργάζεται.
2022 517 2134 568 Καὶ

454 596 593 660 ὅλως
633 598 683 649 εἰ
713 596 956 667 βούλοιτό
984 615 1067 660 τις
1102 598 1417 672 ἐξαριθμεῖν
1457 603 1696 667 ἅπαντα,
1736 602 1908 656 πολλὰ
1949 603 2014 657 ἂν
2045 602 2137 656 εὖ-

460 695 584 751 ροιει
614 684 681 737 τά
712 685 877 756 κέρδη
902 684 1010 739 τῶν
1036 688 1383 759 πειρασμῶν,
1415 691 1510 743 καὶ
1539 690 1640 744 οὐκ
1669 689 1817 744 ἔστιν
1852 690 2028 754 οὐδεὶς
2063 682 2138 744 ὧν

457 770 625 834 πολύς
657 772 808 843 παρὰ
844 772 923 845 τῷ
955 772 1075 844 Θεῷ
1104 773 1261 843 λόγος
1286 775 1519 846 θλίψεως
1550 778 1726 843 ἐκτὸς,
1765 776 1869 831 κᾶν
1898 780 2030 849 ἡμῖν
2062 778 2139 850 μὴ

455 857 597 911 οὕτω
629 860 910 931 φαίνηται.

526 948 593 1010 ζ’.
634 948 700 1002 Εἰ
739 949 848 1021 γὰρ
891 951 921 1003 ό
956 951 1225 1023 μακάριος
1263 951 1475 1015 Παῦλος
1499 953 1633 1006 πολὺ
1657 952 1721 1006 τὸ
1754 953 1988 1025 πρᾶγμα
2033 952 2140 1005 ὐπα-

455 1034 696 1105 ἑμεινεν,
718 1039 894 1102 οὐδεὶς
944 1039 1001 1093 δέ
1049 1040 1259 1094 ἐκείνου
1291 1040 1514 1110 μείζων,
1538 1040 1651 1093 ἀλλ’
1673 1040 1795 1094 οὐδὲ
1836 1041 1950 1104 Eoo;
1998 1039 2137 1104 ἐστὶ,

457 1125 574 1188 πῶς
638 1125 718 1179 ἔνι
778 1127 852 1199 μὴ
904 1128 1164 1201 δεηθῆναι
1200 1129 1300 1199 τῆς
1344 1128 1597 1201 βοηθείας
1649 1129 1856 1199 ταύτης
1904 1127 2137 1192 αὐτούς;

455 1213 520 1265 Et
576 1213 634 1267 δέ
692 1233 836 1281 τινες
887 1216 1010 1270 οὐδέ
1060 1219 1182 1280 ταῖς
1230 1216 1443 1291 θλίψεσι
1475 1215 1700 1280 ταύταις
1733 1213 2138 1287 ἐσωφρονίσθη-

456 1316 578 1364 σαν,
608 1303 792 1357 οὐκέτι
840 1304 1000 1358 τοῦτο
1051 1305 1204 1377 παρά
1248 1304 1347 1375 τὴν
1389 1305 1570 1359 αἰτίαν
1602 1303 1699 1358 τοῦ
1744 1305 1844 1375 τὴν
1892 1304 2142 1357 παιδείαν

456 1390 846 1457 ἐπαγαγόντος.
885 1390 1022 1444 ἀλλά
1062 1390 1212 1463 παρά
1247 1391 1348 1463 τὴν
1390 1391 1685 1463 ὀλιγωρίαν
1707 1391 1950 1446 ἐκείνων.
1983 1391 2047 1443 Εἰ
2085 1389 2141 1443 δέ

460 1473 534 1544 μὴ
582 1476 814 1547 ἐπετέθη
862 1477 923 1529 τὸ
975 1478 1290 1549 φάρμακον,
1319 1476 1469 1549 παρά
1515 1478 1576 1531 τὸ
1604 1476 1914 1549 ἠμελῆσθαι
1954 1475 2141 1543 ἔδοξαν

456 1562 522 1613 ἂν
571 1563 938 1618 ἀπολωλέναιο
1009 1565 1103 1619 νῦν
1152 1566 1210 1619 δέ
1254 1566 1315 1618 οὐ
1362 1566 1557 1636 μικρὸν
1591 1566 1818 1637 ῆνυσται
1861 1564 1923 1618 τὸ
1976 1564 2141 1636 μηδὲν

455 1652 731 1706 αἰτιᾶσθαι
781 1653 872 1706 τὸν
926 1654 1130 1725 ἰατρὸν,
1171 1654 1307 1708 ἀλλά
1352 1656 1478 1718 τούς
1532 1655 1847 1724 κάμνοντας
1894 1654 1991 1708 καὶ
2041 1653 2142 1725 τὴν

454 1740 787 1811 ἀπροσεξίαν
842 1742 1042 1796 αὐτῶν.
1096 1743 1160 1795 Εἰ
1203 1743 1260 1797 δέ
1305 1759 1452 1806 τινες
1499 1743 1608 1815 πρὸ
1655 1741 1766 1795 τῶν
1816 1741 2141 1814 πειρασμῶν

454 1826 590 1897 ὀρθά
634 1827 942 1897 βαδίζοντες
998 1829 1136 1900 μετά
1174 1829 1272 1899 τὴν
1313 1828 1521 1882 τούτων
1565 1827 1862 1900 ἐπαγωγὴν
1911 1829 2144 1881 κατέπε-

457 1931 568 1979 σον,
599 1916 694 1969 καὶ
738 1916 899 1970 πάλιν
943 1916 1119 1989 ἕτεροι
1166 1918 1346 1971 πᾶσαν
1389 1916 1755 1988 ἐπερχόμενοι
1794 1914 2015 1981 κακίαν,
2048 1917 2142 1969 οὐ·

454 2007 647 2078 δεμιᾶς
681 2004 913 2076 θλίψεως
954 2005 1346 2079 ἐπειράθησαν,
1388 2005 1539 2060 ἄλλοι
1569 2005 1623 2058 δὲ
1659 2007 1724 2058 ἐκ
1765 2004 1989 2077 πρώτης
2023 2005 2142 2076 ηλι-

457 2095 581 2156 κίας
631 2095 712 2157 εἰς
747 2093 985 2163 ἐσχάτας
1035 2094 1313 2158 ἀναπνοὰς
1364 2093 1588 2165 μυρίαις
1636 2093 1962 2164 τρυχόμενοι
2005 2109 2144 2163 συμ-

458 2182 654 2252 φοραῖς
706 2181 1034 2247 διετέλεσαν,
1086 2181 1276 2253 μηδενί
1325 2181 1532 2236 τούτων
1588 2180 1947 2252 θορυϐώμεθα
1991 2179 2141 2253 [172]

461 2269 594 2339 μηδὲ
649 2269 1104 2341 καταπίπτωμεν.
1161 2268 1226 2322 El
1273 2268 1374 2341 μὲν
1425 2270 1535 2342 γὰρ
1585 2270 1807 2324 ἃπασαν
1853 2269 2144 2340 δυνάμενοι

392 2354 397 2358 ’
457 2358 549 2410 καὶ
597 2357 901 2427 ὀφείλοντες
947 2358 1048 2428 τῆς
1080 2357 1338 2429 προνοίας
1372 2357 1537 2413 αὐτοῦ
1568 2357 1668 2429 τὴν
1713 2356 2027 2429 οἰκονομίαν
2068 2358 2146 2410 εἰ-

453 2447 633 2513 δέναι,
678 2447 852 2500 ταῦτα
903 2448 1228 2519 ἠγνοοῦμεν,
1286 2448 1454 2519 ἐχρῆν
1500 2446 1732 2519 ἀθυμεῖν
1783 2448 1881 2502 καὶ
1939 2449 2145 2520 ταράτ-

454 2533 673 2588 τεσθαι·
718 2537 766 2589 εἰ
801 2535 856 2595 δὲ
900 2536 994 2589 καὶ
1024 2537 1053 2589 ό
1083 2535 1357 2589 τοσούτων
1412 2537 1744 2610 ἀπορρήτων
1779 2539 2142 2610 κοινωνήσας,

459 2624 549 2678 καὶ
580 2626 661 2688 εἰς
706 2622 889 2695 τρίτον
931 2623 1172 2678 ἀνελθὼν
1220 2624 1468 2696 οὐρανὸν,
1523 2624 1795 2693 ἰλιγγίασε
1836 2626 1976 2698 πρὸς
2016 2627 2147 2680 ταύ-

455 2730 555 2784 την
602 2713 702 2785 τὴν
754 2711 1010 2778 ἄϐυσσον,
1063 2713 1159 2767 καὶ
1208 2712 1477 2783 διακύψας
1534 2713 1674 2783 πρὸς
1715 2713 1778 2766 τὸ
1834 2712 1998 2784 βάθος
2049 2715 2144 2769 τοῦ

456 2799 688 2854 πλούτου
749 2801 845 2853 καὶ
890 2801 990 2871 τῆς
1042 2800 1234 2871 σοφίας
1279 2803 1374 2854 καὶ
1415 2802 1518 2872 τῆς
1560 2800 1819 2870 γνώσεως
1868 2803 1963 2856 τοῦ
2006 2802 2142 2857 Θεοῦ

455 2889 776 2959 κατεπλάγη
841 2891 1022 2960 μόνον,
1079 2892 1176 2945 καὶ
1244 2891 1406 2954 εὐἿὺς
1461 2891 1814 2964 ἀνεχώρησε,
1865 2893 1919 2946 τί
1968 2895 2145 2967 μάτην

455 2977 734 3048 κόπτομεν
768 2978 995 3042 ἑαυτοὺς
1026 2979 1616 3051 πολυπραγμονοῦντες
1647 2982 1718 3036 τὰ
1743 2982 2147 3057 ἀνεξερεύνητα

456 3064 552 3117 καὶ
593 3064 883 3135 ζητοῦντες
926 3064 997 3120 τὰ
1042 3065 1457 3136 ἀνεξιχνίαστοι;
1498 3068 1610 3122 Καὶ
1660 3068 1831 3141 ἰατρῷ
1884 3069 1984 3141 μὲν
2035 3074 2148 3137 τοῖς

458 3155 806 3224 φαινομένοις
848 3158 981 3226 ἡμῖν
1033 3157 1372 3227 συμφέρουσι
1416 3156 1677 3235 πολλάκις
1722 3158 1943 3213 ἐναντία
1972 3177 2145 3232 προσ-

456 3239 741 3304 τάττοντι,
806 3242 902 3294 καὶ
965 3240 1026 3295 τὸ
1087 3239 1436 3311 καταψυχθὲν
1500 3241 1662 3312 μέλος
1723 3241 2005 3297 ὑποθεῖναι
2055 3261 2148 3297 κε·-

458 3326 666 3382 λεύοντι
712 3328 949 3401 κρουνῷ,
986 3330 1081 3383 καὶ
1121 3329 1257 3384 ἄλλα
1301 3328 1472 3383 πολλά
1510 3328 1739 3384 τοιαῦτα
1793 3330 2148 3403 ἐργαζομένῳ

458 3412 736 3483 παράδοξα
797 3414 899 3466 οὐκ
968 3412 1340 3489 ἀντιλέξομεν,
1400 3412 1516 3466 ἀλλ’
1575 3413 1791 3486 ἐπειδὴσ
1839 3414 2148 3483 φθάσαντες

458 3494 758 3565 ἐπείσαμεν
810 3497 1038 3559 ἑαυτοὺς
1103 3496 1184 3549 ὅτι
1229 3495 1310 3565 τῷ
1371 3496 1473 3566 τῆς
1533 3495 1730 3566 τέχνης
1789 3496 1935 3567 λόγῳ
1987 3496 2149 3550 τοῦτο

460 3583 626 3643 ποιεῖ,
674 3581 812 3647 μετὰ
847 3580 1160 3651 προθυμίας
1201 3579 1439 3651 εἴξομεν,
1474 3581 1652 3634 καίτοι
1691 3596 1757 3649 γε
1790 3580 2148 3653 διαμαρτόντι

461 3660 760 3725 πολλάκιςο
810 3663 902 3717 τὸν
948 3662 1008 3716 δέ
1063 3663 1196 3716 Θεὸν
1254 3663 1348 3716 τὸν
1399 3663 1654 3717 τοσοῦτον
1693 3663 1852 3735 ἡμῶν
1906 3666 2149 3737 ἀφεστη-

464 3746 597 3798 κότα
632 3747 690 3798 ἐν
736 3747 942 3813 ἅπασι,
991 3746 1082 3802 τὸν
1142 3746 1472 3816 αὐτοσοφίαν
1521 3746 1681 3815 ὄντα,
1742 3748 1834 3803 τὸν
1889 3750 2149 3804 οὐδέποτε

461 3833 925 3904 διαμαρτάνοντα,
974 3835 1617 3906 πολυπραγμονήσομεν;
1662 3835 1773 3888 Καὶ
1806 3836 1864 3889 όν
1902 3838 2000 3907 μὲν
2041 3838 2149 3891 ἔδει

464 3923 761 3995 λογισμοὺς
805 3926 1080 3991 ἀπαιτεῖν,
1127 3924 1305 3994 τούτῳ
1349 3923 1713 3994 πιστεύσομεν
1764 3923 1971 3992 ἁπλῶς,
2093 3926 2151 3980 δὲ

465 4011 575 4064 ἔδει
633 4011 779 4082 μόνῳ
812 4011 1111 4075 πιστεύειν,
1163 4011 1355 4066 τοῦτον
1392 4011 1620 4076 εὐθύνας
1656 4013 1751 4068 καὶ
1799 4012 1992 4081 λόγους
2040 4012 2150 4069 τῶν

468 4100 864 4171 πραττομένων
919 4101 1320 4172 ἀπαιτήσομεν,
1391 4100 1484 4154 καὶ
1548 4100 1989 4173 δυσχερανοῦμεν
2053 4101 2150 4173 τὴν

465 4189 724 4255 ἀγνοιαν;
763 4188 874 4241 Καὶ
910 4187 1010 4243 ποῦ
1048 4189 1224 4242 ταῦτα
1256 4188 1435 4260 ψυχῆς
1465 4188 1759 4255 εὐσεϐοῦς;
1800 4188 1913 4261 Μὴ,
1961 4188 2151 4258 δέομαι

442 4278 563 4330 ’καὶ
589 4277 876 4344 ἀντιϐολῶ,
911 4278 986 4350 μὴ
1029 4278 1165 4350 πρὸς
1194 4277 1449 4332 τοσοῦτον
1489 4278 1686 4349 μανίας
1736 4277 2001 4349 ἔλθωμεν,
2033 4278 2151 4332 ἀλλ’

467 4368 527 4418 ἐν
575 4366 778 4420 ἆπασιν
819 4362 901 4430 οἷς
938 4367 1005 4421 ἂν
1053 4367 1373 4439 ἀπορῶμεν,
1431 4368 1609 4421 ἐκεῖνο
1652 4365 2026 4437 ἐπιλέγωμεψ
2075 4368 2154 4422 Τὰ

467 4453 722 4522 κρίματά
766 4470 882 4509 σου
940 4454 1215 4521 ἄϐυσσος
1270 4453 1490 4519 πολλή.
1537 4455 1647 4507 Καὶ
1690 4453 1800 4525 γὰρ
1848 4454 1942 4507 καὶ⁸
1992 4451 2153 4507 τοῦτο

444 4543 600 4596 «αὐτὸ
631 4544 729 4613 τῆς
762 4542 857 4596 τοῦ
902 4542 1037 4596 Θεοῦ
1073 4544 1264 4613 σοφίας
1297 4543 1415 4597 ἐστὶ
1446 4542 1508 4595 τὸ
1556 4543 1631 4614 μὴ
1664 4542 1843 4595 πάντα
1890 4543 2047 4612 ἡμᾶς
2071 4545 2149 4595 εί-

468 4623 617 4677 δέναι
651 4626 859 4693 σαφῶς.

544 4710 607 4761 Εἰ
644 4710 743 4780 μὲν
794 4709 903 4780 γὰρ
942 4709 1297 4779 ἐπιστάμενοι
1332 4707 1432 4771 τὰς
1479 4708 1658 4771 αἰτίας
1693 4708 1800 4761 τῶν
1845 4709 2152 4780 γινομένων

471 4795 645 4859 οὕτως
691 4795 1028 4866 ἐπειθόμεθα
1083 4796 1163 4867 τῷ
1223 4795 1371 4867 Θεῷ,
1427 4795 1528 4848 οὐκ
1585 4791 1654 4866 ῆν
1720 4798 1851 4866 ἡμῖν
1911 4796 2082 4860 πολὺς
2124 4798 2153 4849 ό

475 4884 697 4954 μισθὸς,
737 4884 858 4938 οὐδὲ
912 4883 1151 4949 πίστεως
1194 4885 1255 4937 τὸ
1295 4885 1526 4956 πρᾶγμα
1574 4884 1818 4954 ὑπῆρξεν
1856 4884 2148 4949 ἐπίδειξις·

468 4975 596 5027 ὅταν
648 4973 706 5027 δὲ
776 4973 941 5044 μηδὲν
991 4972 1196 5027 τούτων
1253 4974 1454 5036 εἰδότες
1495 4973 1590 5026 καὶ
1638 4972 1781 5025 οὕτω
1827 4972 2152 5043 στέργωμεν

470 5062 642 5118 εἴκειν
681 5062 884 5118 ἅπασιν
933 5062 1101 5119 αὐτοῦ
1141 5067 1256 5129 τοῖς
1301 5063 1725 5136 προστάγμασι,
1774 5064 1870 5117 καὶ
1922 5065 2004 5128 εἰς
2046 5065 2153 5117 ὐπ-

470 5149 641 5219 ακοὴν
687 5149 918 5220 γνησίαν
961 5149 1057 5202 καὶ
1095 5151 1175 5212 εἰς
1222 5148 1405 5201 πίστιν
1451 5148 1742 5221 εἰλικρινῆ,
1789 5149 2023 5219 μέγιστα
2055 5149 2155 5214 τὰς

468 5233 743 5305 ἡμετέρας
797 5234 1114 5305 ώφελοῦμεν
1160 5234 1358 5304 ψυχάς.
1402 5235 1513 5288 Καὶ
1573 5234 1684 5306 γάρ
1739 5234 1796 5287 ἓν
1838 5235 1998 5302 μόνον
2056 5252 2155 5287 πε-

468 5322 688 5376 πεῖσθαι
728 5322 858 5395 χρὴ,
901 5325 984 5377 ὅτι
1029 5324 1422 5396 συμφερόντως
1448 5327 1581 5395 ἡμῖν
1628 5324 1846 5377 ἅπαντα
1887 5324 2155 5394 ἐπάγεται

471 5410 624 5481 παρὰ
680 5412 773 5465 τοῦ
808 5411 978 5466 Θεοῦ*
1014 5413 1105 5469 τὸν
1161 5412 1220 5466 δέ
1278 5412 1481 5484 τρόπον
1522 5411 1717 5483 μηκέτι
1756 5414 1961 5483 ζητεῖν,
2020 5414 2157 5485 μηδὲ

469 5497 799 5567 ἀγνοοῦντας
844 5502 1136 5572 ἀσχάλλειν
1183 5503 1217 5574 ἢ
1272 5501 1528 5574 ἀθυμεῖν.
1574 5500 1712 5555 Οὐτε
1769 5502 1879 5580 γὰρ
1929 5503 2156 5557 δυνατὸν

535 5646 562 5674 ⁸
577 5645 803 5727 1Colbael
845 5649 992 5725 ξείνη.
1023 5650 1338 5727 εὕρη.1ΡκυΙε)
1360 5656 1469 5727 po?!
1506 5649 1679 5727 μυῖαι.
1707 5651 1816 5700 οὔτε
1834 5652 1969 5724 ἡμεῖς
1989 5652 2160 5727 πρότε-

471 5717 555 5763 ρον
572 5707 772 5778 ἑαυτοὺς
796 5712 1061 5778 πείσαντες,
1079 5707 1239 5778 ἰζοιμᾼ
1272 5707 1382 5778 οὐτε
1405 5713 1564 5778 ,ἡμεῖς
1583 5714 1790 5778 λέγομεν
1804 5707 2039 5778 πρότερον
2072 5716 2161 5778 αὐτ-

466 5781 582 5837 τους
599 5768 864 5837 πείσαντες,
896 5775 1042 5837 δεινῇ.
1073 5775 1183 5826 οὔτε
1217 5775 1355 5837 ἡμεῖς
1378 5768 1463 5837 (iii
1505 5768 1656 5835 marg:
1684 5768 1881 5824 idditu'r
1901 5768 1989 5823 κείν
2014 5776 2159 5837 ζητῶ)

470 5831 1189 5942 ἱρξῖσρῶνλριξξρῗὲὖζιξίσαντες.
1234 5831 1339 5887 Mox
1367 5831 1479 5887 ὃᾶν.
1526 5844 1574 5886 ει
1611 5831 1755 5890 Ὲοιὶ).
1791 5838 1871 5886 καὶ
1898 5838 1961 5892 εἰς
1993 5831 2157 5887 τοῦτοξ

585 5926 594 5938 ι
632 5926 719 5941 *ιλιι
758 5926 822 5948 νον
850 5926 1001 5943 ενδιν-

1250 395 1307 453 S.
1350 396 1636 454 JOA‘NNIS
1675 396 2167 456 CHRYSOSTOMI
2211 399 2529 457 ARCIIIEP.
2569 401 3122 463 CONSTANTINOP.

3816 418 3910 467 “2

2243 520 2419 574 ταῦτα
2466 520 2685 586 εἰδέναι,
2719 519 2841 574 οὐτε
2877 523 3173 595 συμφέρον,
3220 521 3281 577 τὸ
3316 522 3412 594 μὲν
3453 523 3545 579 διὰ
3594 522 3659 577 τὸ
3695 523 3913 599 θνητοὺς

2241 617 2407 688 εἶναι,
2461 622 2520 676 τὸ
2565 623 2621 676 δὲ
2671 623 2760 677 διὰ
2806 623 2866 677 τὸ
2923 625 3132 694 ταχέως
3187 625 3268 689 εἰς
3328 624 3594 679 ἀπόνοιαν
3647 625 3907 697 αἴρεσθαι.

2241 714 2421 767 Πολλά
2449 717 2610 786 ἡμεῖς
2643 717 2958 788 πράττομεν
2990 717 3098 771 τῶν
3128 720 3243 782 τοῖς
3276 718 3434 771 παισὶ
3474 721 3597 781 τοῖς
3628 721 3910 790 ἡμετέροις

2239 804 2540 861 δοκούντων
2573 805 2673 877 μὲν
2703 802 2843 860 εἶναι
2877 807 3180 879 βλαϐερῶν,
3228 809 3622 880 συμφερόντων
3657 808 3716 861 δέ
3741 809 3906 879 ὅμως·

2243 898 2334 950 καὶ
2372 896 2496 951 οὔτε
2526 899 2725 952 ἐκεῖνοι
2753 900 2850 970 τὴν
2888 900 3066 953 αἰτίαν
3099 900 3312 965 ἀξιοῦσι
3348 901 3566 972 μαθεῖν,
3602 899 3731 954 οὐτε
3761 902 3910 971 ἡμεῖς

2243 989 2509 1064 πρότερον
2533 993 2760 1055 ἐαυτούς
2791 992 3081 1057 πείσαντες
3105 994 3189 1047 ὅτι
3213 993 3477 1065 συμφέρει
3505 993 3575 1047 τὸ
3612 992 3908 1062 γινόμενον,

2241 1079 2415 1146 οὕτως
2475 1084 2568 1136 ἐπὶ
2617 1084 2679 1137 τὸ
2736 1085 2998 1155 πράττειν
3091 1085 3400 1157 ἐρχόμεθα,
3451 1085 3569 1139 ἀλλ’
3635 1086 3718 1148 εἰς
3766 1084 3911 1138 τοῦτο

2245 1178 2408 1246 μόνον
2446 1180 2640 1245 αὐτοὺς
2679 1179 3139 1252 παίδαγωγοῦμεν
3182 1181 3353 1236 εἴκειν
3377 1179 3458 1245 οἷς
3486 1181 3556 1235 ἂν
3590 1180 3909 1246 ἐπιτάξωσιν

2241 1270 2292 1321 οί
2331 1271 2588 1342 πατέρες,
2629 1273 2725 1326 καὶ
2763 1273 2930 1344 μηδὲν
2962 1274 3274 1345 περαιτέρω
3327 1273 3533 1344 ζητεῖν-
3592 1269 3735 1327 Εἶτα
3785 1271 3911 1342 πρὸς

2245 1365 2346 1437 μὲν
2387 1368 2515 1432 τοὺς
2568 1372 2747 1439 γονεῖς
2800 1371 3030 1442 καίοτῆς
3082 1371 3254 1442 αὐτῆς
3317 1370 3534 1440 φύσεως
3598 1372 3733 1440 ἡμῖν
3767 1368 3909 1427 ὂντας

2242 1458 2385 1514 οὕτω
2431 1462 2818 1536 διακεισόμεθα
2862 1467 3101 1547 καὶρύκ
3155 1466 3641 1537 ἀγανακτήσομεν,
3691 1463 3823 1536 πρὸς
3857 1463 3909 1517 δὲ

2244 1557 2335 1610 τὸν
2372 1558 2525 1625 Θεὸν,
2558 1555 2620 1616 οὗ
2652 1561 2714 1616 τὸ
2752 1564 2919 1634 μέσον
2959 1564 3214 1618 τοσοῦτόν
3252 1565 3421 1629 ἐστιν,
3453 1564 3581 1616 ὅσον
3614 1560 3749 1614 Θεοῦ
3790 1560 3910 1631 πρὸς

2245 1652 2587 1725 ἀνθρώπους,
2618 1659 3079 1734 δυσχερανοῦμεν,
3108 1663 3190 1716 ὅτι
3227 1660 3304 1734 μὴ
3340 1663 3518 1716 πάντα
3568 1658 3769 1732 ἷσμεν;
3813 1659 3910 1711 Καὶ

2244 1760 2303 1837 τί.
2338 1759 2544 1831 ταύτης
2572 1761 2674 1832 τῆς
2710 1760 2965 1826 ἀσεϐείας
2993 1763 3150 1831 ῖσονς

2317 1858 2458 1930 Πρὸς
2496 1858 2605 1929 γὰρ
2636 1859 2763 1923 τούς
2795 1859 3071 1925 τοιούτους
3099 1842 3127 1912 ό
3158 1859 3431 1931 μακάριος
3467 1856 3683 1920 Παῦλος
3723 1855 3908 1924 ἀγανα-

2245 1953 2389 2007 κτῶν
2433 1953 2621 2023 ἔλεγε·
2671 1956 2912 2010 Μενοῦν
2958 1973 3045 2026 γε,
3089 1952 3137 2011 ὦ
3178 1955 3474 2024 ἄνθρωπε,
3508 1952 3597 2008 σὺ
3649 1953 3739 2018 τις
3788 1947 3841 2005 εἴ
3880 1954 3907 2003 ὁ

2245 2049 2832 2120 ἀνταποκρινόμενος
2859 2052 2939 2115 τῷ
2969 2051 3127 2118 Θεῷ;
3161 2052 3258 2120 Μὴ
3301 2051 3423 2121 ἐρεῖ
3453 2050 3524 2105 τὸ
3567 2048 3816 2118 πλάσμα
3841 2045 3908 2111 τῷ

2245 2146 2585 2215 πλάσαντι,
2629 2150 2691 2203 Tl
2721 2167 2801 2219 με
2847 2148 2997 2222 [175]
3041 2151 3338 2219 ἐποίησας
3379 2151 3608 2216 οὕτως;
3664 2148 3770 2202 Καὶ
3813 2145 3905 2214 ἐγὼ

2249 2248 2348 2318 μὲν
2376 2247 2438 2300 τὸ
2461 2248 2572 2302 τῶν
2604 2249 2809 2305 παίδων
2839 2250 3165 2323 ὑπόδειγμα,
3198 2254 3405 2316 ἐκεῖνος
3434 2250 3491 2304 δέ
3522 2249 3721 2304 τούτου
3754 2245 3908 2314 πολλῴ

2250 2343 2434 2415 μεῖζον
2470 2343 2635 2416 ἔθηκε
2693 2345 2756 2398 τὸ
2795 2345 2890 2398 τοῦ
2936 2346 3262 2418 κεραμέως,
3312 2348 3407 2401 καὶ
3450 2344 3552 2399 τοῦ
3599 2344 3727 2415 παρ’
3763 2339 3905 2395 αὐτοῦ

2248 2440 2622 2511 πλαττομένου
2678 2442 2877 2514 πηλοῦ.
2910 2443 3180 2514 Καθάπερ
3221 2443 3331 2515 γὰρ
3374 2443 3403 2495 ό
3434 2441 3634 2514 πηλὸς.
3680 2433 3814 2514 ᾗπερ
3852 2435 3908 2490 ἂν

2247 2537 2454 2608 ἄγωσιν
2485 2541 2541 2593 αἰ
2578 2542 2760 2612 χεῖρες
2791 2538 2887 2594 τοῦ
2915 2538 3303 2602 διατυποῦντος
3331 2537 3516 2603 αὐτὸν,
3558 2537 3765 2600 ἕπεται,
3787 2532 3907 2586 οὕτω

2248 2635 2474 2690 καὶτὸν
2528 2636 2836 2708 ἄνθρωπον,
2895 2632 3041 2713 ᾗπερ
3099 2638 3166 2691 ἂν
3215 2637 3243 2689 ό
3282 2635 3416 2699 Θεὸς
3473 2633 3715 2705 κελεύῃ,
3758 2627 3906 2699 ταύτῃ

2246 2730 2498 2796 ἕπεσθαι,
2534 2733 2627 2786 καὶ
2669 2734 2814 2807 ἆπερ
2853 2733 2920 2788 ἂν
2957 2733 3162 2805 ἐπάγῃ,
3201 2730 3377 2785 ταῦτα
3417 2733 3540 2802 μετ’
3587 2726 3905 2800 εὐχαριστίας

2246 2826 2499 2898 δέχεσθαι
2547 2830 2686 2902 χρὴ,
2743 2830 2894 2884 οὐδὲν
2956 2831 3306 2899 ἀντιλέγοντα
3330 2869 3348 2895 ,
3394 2829 3516 2883 οὐδέ
3580 2822 3904 2899 περιεργαζό-

2251 2942 2412 2996 μενον
2460 2927 2600 2997 ὑπὲρ
2639 2926 2734 2980 τοῦ
2790 2927 3002 2999 μαθεῖν.
3049 2930 3184 2982 Οὐδὲ
3215 2928 3325 3000 γὰρ
3363 2930 3498 2999 ἡμῖν
3545 2925 3718 2980 ταῦτα
3755 2922 3904 2993 μόνοις

2249 3026 2397 3097 ἐστὶν
2440 3027 2641 3099 ἄπορα,
2675 3027 2812 3083 ἀλλὰ
2845 3032 3082 3095 καὶτοῖς
3118 3030 3226 3102 πρὸ
3265 3030 3426 3102 ἡμῶν
3462 3028 3646 3098 ἁγίοις
3684 3022 3905 3096 ἀνδράσιν

2252 3127 2482 3193 ἐκείνοις
2515 3130 2610 3182 καὶ
2648 3129 3003 3202 θαυμαστοῖς.
3042 3133 3102 3185 '0
3137 3132 3238 3203 μὲν
3271 3130 3380 3202 γάρ
3417 3128 3541 3183 Ἰὼϐ
3584 3127 3793 3195 ἔλεγεν·
3820 3120 3903 3175 Διὰ

2251 3227 2311 3279 τι
2345 3227 2585 3294 ἀσεϐεῖς
2625 3227 2787 3294 ζῶσι,
2837 3230 3284 3284 πεπαλαίωνται
3323 3228 3391 3282 δὲ
3428 3227 3711 3291 11.101510),-
3745 3221 3826 3275 καὶ
3849 3217 3903 3270 τὰ

2252 3319 2401 3390 ἑξῆς.
2437 3323 2494 3376 '0
2519 3323 2577 3376 δέ
2620 3324 2890 3396 μακάριος
2926 3323 3123 3377 Δαϐίδο
3161 3322 3304 3392 Παρ’
3331 3321 3543 3391 ὀλίγον
3571 3316 3814 3386 ἐξεχύθη
3847 3318 3904 3363 τά

2250 3415 2584 3488 διαδήματα
2632 3437 2769 3494 μου,
2809 3420 2899 3474 ότι
2934 3418 3210 3487 ἐζήλωσα
3249 3418 3349 3473 ἐπὶ
3385 3417 3512 3484 τοῖς
3552 3416 3806 3485 ἀνόμοις,
3840 3410 3905 3462 ει-

2242 3514 2447 3585 ρήνην
2483 3516 2850 3586 ἁμαρτωλῶν
2898 3518 3160 3586 θεωρῶν
3198 3517 3289 3570 ὅτι
3336 3518 3448 3570 οὐκ
3480 3515 3659 3570 ἔστιν
3693 3508 3903 3567 άνάνευυ

2253 3623 2354 3675 σις
2384 3609 2454 3663 ἐν
2481 3610 2564 3675 τῲ
2595 3608 2830 3679 θανάτῳ
2861 3609 3081 3676 αὐτῶν,
3130 3611 3229 3664 καὶ
3263 3608 3573 3679 στερέωμα
3610 3608 3679 3661 ἐν
3715 3601 3782 3671 τῇ
3812 3599 3903 3670 μά·

2253 3722 2412 3776 στιγι
2459 3706 2688 3761 αὐτῶν·
2738 3708 2811 3762 ἐν
2858 3709 3070 3773 κόποις
3112 3707 3439 3777 ἀνθρώπων
3485 3708 3605 3761 οὐκ
3647 3703 3779 3768 εἰσὶ,
3824 3697 3902 3751 καὶ

2246 3807 2401 3878 μετὰ
2477 3808 2806 3878 ἀνθρώπων
2860 3812 2933 3865 οὐ
2996 3808 3589 3880 μαστιγωθήσονται.
3640 3804 3744 3859 Καὶ
3789 3798 3903 3872 μετά

2254 3905 2442 3961 τοῦτον
2476 3905 2535 3959 δέ
2569 3909 2598 3959 ό
2631 3906 2903 3977 Ἱερεμίας
2930 3906 3084 3976 ἔλεγε
3105 3922 3120 3937 ο
3156 3907 3393 3972 Δίκαιος
3428 3900 3500 3968 εἷ,
3539 3905 3736 3972 Κύριε,
3763 3896 3904 3961 alii?

2253 4000 2509 4069 κρίματα
2537 3999 2793 4068 λαλήσω
2826 3999 2976 4067 πρὸς
3015 3982 3110 4054 σέ.
3148 3998 3210 4052 Τί
3237 3997 3327 4051 ὅτι
3369 3996 3512 4063 όὸὸς
3558 3991 3786 4052 ἀσεϐῶν
3820 3986 3901 4039 εὐ-

2253 4093 2515 4161 θηνεῖται
2534 4111 2553 4160 ;
2592 4093 2863 4166 Ἦπόρουν
2911 4094 3012 4165 μὲν
3053 4089 3147 4147 οὖν
3198 4093 3294 4146 καὶ
3340 4087 3488 4147 οὗτοι
3533 4092 3634 4145 καὶ
3689 4087 3898 4155 ἐζήτουν.

2253 4185 2367 4239 ἀλλ’
2405 4186 2504 4240 οὐκ
2543 4186 2603 4253 ἐξ
2657 4187 2778 4259 ἴσης
2813 4189 2928 4250 τοῖς
2974 4185 3249 4250 ἀσεϐέσιν,
3286 4185 3406 4239 οὐδὲ
3455 4182 3803 4253 ἐγκαλοῦντες
3839 4170 3900 4241 τῷ

2252 4272 2393 4344 Θεῷ,
2437 4274 2560 4328 οὐδὲ
2620 4273 3131 4344 καταγινώσκοντες
3159 4273 3374 4327 ἀδικίαν
3411 4274 3475 4327 ἐκ
3503 4272 3615 4326 τῶν
3639 4264 3900 4340 γινομένων

2254 4363 2444 4416 αὐτοῦ.
2480 4363 2540 4416 '0
2572 4363 2671 4434 μὲν
2699 4364 2808 4435 γὰρ
2831 4362 3045 4431 ἐλεγενο
3087 4362 3151 4419 Ἠ
3184 4360 3542 4428 δικαιοσύνη
3572 4375 3688 4414 σου
3717 4357 3793 4419 ὡς
3813 4350 3898 4417 ὄρη

2258 4452 2437 4506 Θεοῦ’
2476 4451 2553 4505 τὰ
2594 4450 2851 4521 κρίματὰ
2886 4467 3005 4505 σου
3045 4450 3323 4515 ἄϐυσσος
3364 4449 3592 4519 πολλή.
3631 4449 3684 4500 '0
3710 4444 3761 4497 δὲ
3797 4452 3898 4532 τοξῖο

2255 4540 2394 4594 αῦτα
2422 4538 2632 4612 παθὼν,
2657 4541 2844 4611 φησὶν,
2873 4538 3018 4594 οὐδὲ
3049 4539 3275 4593 ἔδωκεν
3294 4539 3655 4607 ἀφροσύνην
3680 4531 3754 4597 τῷ
3774 4531 3897 4619 θεφξ

2255 4632 2351 4683 καὶ
2384 4628 2589 4699 μεταξύ
2616 4626 2712 4681 τοῦ
2756 4628 2961 4698 βιϐλίου
3009 4628 3186 4698 ἔλεγε,
3234 4629 3297 4682 τὸ
3333 4627 3717 4698 ἀκατάληπτον
3765 4618 3898 4671 αὐτον

2255 4718 2357 4787 τῆς
2412 4718 2608 4786 σοφίας
2636 4717 2731 4769 καὶ
2778 4718 3092 4787 οἰκονομίας
3130 4716 3527 4789 ἐξηγούμενος,
3569 4711 3749 4780 ἐπειδὴ
3797 4700 3899 4796 τξερξ

2256 4807 2357 4877 τῆς
2403 4805 2765 4877 δημιουργίας
2821 4805 3099 4877 διελέχθη·
3142 4805 3288 4861 Ἰδοὺ
3352 4805 3540 4859 ταῦτα
3593 4801 3738 4885 μέρη
3777 4790 3897 4885 ἐδίζῦ

2256 4894 2467 4957 αὑτοῦ,
2496 4893 2596 4947 καὶ
2622 4894 2721 4947 ἐπὶ
2756 4894 2974 4964 ἰκμάδα
3005 4896 3194 4965 λόγου
3221 4893 3606 4962 ἀκουσόμεθα
3642 4884 3706 4944 ἐν
3747 4884 3896 4942 αὺτφ-

2270 4984 2328 5036 ὐ
2356 4983 2416 5035 δὲ
2467 4984 2738 5054 Ἱερεμίας
2777 4985 2909 5037 αὐτὸ
2946 4983 3102 5037 τοῦτο
3145 4981 3551 5054 προορώμενος,
3593 4981 3664 5052 μή
3703 4989 3777 5035 τις
3818 4968 3898 5019 ὑπ·

2257 5073 2499 5144 οπτεύσῃ
2545 5074 2708 5137 ποτὲ,
2766 5072 3058 5144 προτίθησι
3122 5072 3222 5142 τῆς
3286 5072 3608 5143 ἐρωτήσεως
3659 5065 3749 5135 τὴν
3792 5059 3896 5112 ἑαν·

2258 5163 2352 5217 τοῦ
2409 5164 2592 5235 κρίσιν
2640 5162 2838 5216 εἰπών·
2899 5164 3141 5229 Δίκαιος
3185 5158 3256 5229 εἷ,
3306 5163 3519 5231 Κύριε·
3571 5158 3710 5214 τοῦτ’
3757 5153 3893 5205 ἐστιν’

2258 5254 2376 5311 οἶδα
2411 5257 2511 5328 μὲν
2556 5256 2640 5311 δτι
2689 5257 2916 5320 δικαίως
2967 5257 3185 5312 ἅπαντα
3233 5256 3443 5325 γίνεται
3494 5256 3642 5329 παρὰ
3682 5247 3785 5309 σοῦν
3824 5239 3897 5345 ξδν

2259 5347 2317 5399 δὲ
2364 5346 2568 5416 τρόπον
2611 5346 2712 5400 οὐκ
2765 5347 3068 5417 ἐπίσταμαι
3117 5346 3241 5401 καθ’
3272 5345 3355 5405 ,ὃν
3417 5347 3647 5415 γίνεται.
3697 5337 3756 5391 Τί
3801 5337 3892 5387 οῠνυ

2260 5434 2487 5507 ἔμαθόν·
2512 5453 2565 5488 τι
2618 5434 2779 5489 πλέον
2831 5416 3060 5503 ἐκεῖνοι;
3099 5436 3240 5489 Ἀλλ’
3284 5436 3406 5491 οὐδὲ
3457 5432 3782 5508 ἀποκρίσεως
3816 5416 3893 5490 μὲν

2262 5520 2355 5577 οὖν
2407 5523 2547 5595 ὑπὲρ
2605 5523 2813 5578 τούτων
2864 5524 3095 5596 ἔτυχονθ
3143 5524 3173 5578 δ
3218 5524 3310 5579 καί⁵
3359 5523 3540 5597 δηλῶν
3593 5526 3621 5579 ὁ
3669 5512 3891 5591 μακάριος

2261 5612 2427 5668 Δαυῗδ
2466 5613 2652 5683 ἔλεγε·
2686 5616 2797 5670 Καὶ
2843 5617 3155 5672 ὑπέλαϐον
3204 5617 3311 5671 τοῦ
3353 5616 3596 5687 γνῶναι,
3631 5613 3709 5668 ὅτι
3753 5598 3892 5697 τοῦξο

2264 5706 2456 5771 κόπος
2496 5705 2672 5759 ἐστὶν
2710 5705 2993 5761 ἐναντίον
3029 5725 3170 5777 μου.
3219 5708 3333 5761 Οὐκ
3382 5707 3576 5779 ἔτυχον
3615 5705 3666 5758 δὲ
3701 5701 3890 5790 amite?

2268 5811 2428 5859 σεως,
2471 5795 2560 5849 ἵνα
2599 5795 2727 5860 τοὺς
2772 5796 2909 5868 μετὰ
2951 5795 3127 5850 ταῦτα
3171 5795 3503 5851 παιδεύσωσι
3543 5793 3670 5867 μηδὲ
3701 5788 3885 5868 ἐρωτᾷν·

2269 5885 2380 5941 Καὶ
2410 5888 2606 5943 ἐκεῖνοι
2650 5888 2747 5959 μὲν
2774 5866 2836 5941 -ἒν
2874 5888 3033 5960 μόνον
3070 5885 3316 5959 ἐζήτουν,
3355 5886 3441 5941 διὰ
3476 5886 3529 5941 τί
3558 5887 3605 5940 οἱ
3637 5874 3820 5936 ἀσείῖιίῖ
3844 5866 3888 5917 έν
