4138 6452
460 411 550 469 ibi
1310 413 1399 468 AD
1436 410 1807 469 STAGIRIUM
1851 411 1893 466 Α
1937 409 2018 466 ΒΑ

2127 406 2241 465 )NE
2283 409 2636 467 VEXATUM.
2681 409 2806 466 LIB.
2847 409 2890 466 1.

454 525 762 596 gligentiam
808 526 1022 592 avertit,
1069 524 1551 596 prudentioresque
1585 540 1648 580 ac
1687 523 2046 594 religiosiores

455 617 637 672 eflicit.
683 617 823 672 Sane
848 619 892 672 si
921 617 1040 688 quis
1078 617 1258 672 omnia
1285 632 1602 672 enumerare
1645 618 1789 681 velit,
1818 616 2044 687 plurima

455 711 804 764 tentatiouum
831 711 1186 765 emolumenta
1213 710 1466 779 reperiet,
1488 709 1766 779 nullusque
1792 724 2045 778 umquam

454 815 520 854 ex
547 801 632 866 iis,
664 802 752 870 qui
798 801 906 854 Deo
943 801 1296 870 acceptabiles
1339 799 1572 865 fuerunt,
1617 800 1735 855 sine
1779 799 2045 870 pressuris

453 890 606 954 vixit,
639 891 847 946 etiamsi
879 906 983 946 non
1013 892 1086 946 ita
1118 892 1272 946 nobis
1303 893 1560 946 videatur.

525 1007 578 1059 7.
613 1005 916 1074 Exemplum
941 1005 1096 1060 Pauli
1125 1007 1360 1076 apostoli.
1379 1005 1596 1062 —Nam
1620 1006 1663 1060 si
1693 1007 1880 1062 beatus
1903 1007 2042 1061 Pau-

453 1096 535 1150 lus
561 1105 764 1151 tantum
794 1098 990 1167 negotii
1024 1099 1297 1164 sustinuit,
1328 1099 1505 1152 nullus
1529 1113 1658 1152 vero
1680 1098 1844 1152 Paulo
1870 1098 2043 1168 major

451 1198 554 1254 est,
584 1197 674 1242 aut
711 1189 870 1242 etiam
910 1189 1167 1258 aequalis:
1201 1205 1302 1259 qua
1334 1190 1547 1243 tandem
1583 1191 1790 1244 ratione
1818 1190 1891 1244 illi
1921 1205 2035 1245 cre-

450 1278 645 1332 dantur
669 1277 977 1348 hnjusmodi
1008 1279 1203 1333 auxilio
1235 1295 1338 1333 non
1369 1279 1701 1349 indiguisse?
1732 1280 1827 1334 Sin
1854 1290 2029 1334 autem

449 1369 662 1439 quidam
693 1385 760 1424 ex
801 1370 917 1424 istis
955 1370 1388 1426 tribulationibus
1430 1371 1696 1426 emendati
1744 1387 1850 1426 non
1892 1381 2034 1438 sunt,

450 1477 555 1515 non
603 1461 708 1515 hoc
738 1462 811 1515 illi
840 1463 1208 1531 imputandum
1236 1473 1341 1530 cst,
1370 1465 1460 1533 qui
1487 1465 1918 1520 emendationem
1959 1467 2040 1520 in-

451 1554 588 1620 tulit,
612 1553 705 1608 sed
735 1553 945 1607 illorum
979 1555 1156 1623 potius
1185 1555 1539 1624 negligentia.
1565 1555 1698 1610 Nam
1727 1557 1770 1610 si
1797 1558 1903 1612 illis
1930 1573 2034 1612 non

445 1643 634 1697 fuisset
673 1643 969 1697 adhibitum
1005 1646 1455 1700 medicamentum
1481 1687 1494 1708 ,
1526 1662 1622 1716 per
1661 1649 2033 1717 negligentiam

444 1733 670 1803 periisse
692 1733 1005 1788 viderentur
1033 1753 1046 1789 :
1076 1750 1215 1790 nunc
1239 1752 1368 1790 vero
1394 1752 1496 1790 non
1521 1753 1706 1806 parum
1731 1746 1904 1792 actum
1930 1748 2030 1804 est,

444 1837 567 1875 cum
591 1838 748 1878 nemo
768 1823 1036 1878 medicum
1062 1840 1317 1880 accusare
1347 1827 1536 1895 possit,
1570 1827 1664 1882 sed
1688 1839 1920 1899 aegrotos
1941 1846 2032 1899 po—

446 1915 551 1969 tius
580 1915 922 1986 ipsorumque
943 1917 1222 1970 incuriam.
1253 1917 1309 1973 Si
1333 1920 1424 1987 qui
1446 1934 1575 1974 vero
1600 1929 1882 1990 antequam
1917 1931 2032 1976 ten-

444 2016 705 2076 tarentur,
747 2010 1054 2080 gradientes
1081 2021 1229 2066 recte
1251 2054 1264 2078 ,
1298 2021 1418 2082 post
1447 2015 1790 2068 tentationem
1817 2029 2035 2070 corrue-

441 2110 589 2166 runt,
620 2101 814 2171 aliique
839 2117 961 2156 cum
1001 2103 1248 2157 omnibus
1287 2114 1466 2159 essent
1505 2106 1742 2174 peccatis
1773 2106 1986 2160 obnoxii
2014 2149 2028 2172 ,

445 2192 593 2247 nulla
620 2193 959 2248 tribulatione
981 2195 1157 2249 vexati
1175 2204 1314 2260 sunt,
1343 2195 1430 2249 alii
1451 2212 1576 2250 vero
1602 2211 1632 2250 a
1656 2199 1824 2266 prima
1852 2199 2029 2253 statim

439 2292 600 2338 aetate
652 2299 821 2354 usque
859 2285 924 2339 ad
978 2285 1223 2339 ultimum
1268 2287 1392 2341 vita:
1435 2287 1680 2356 spiritum
1735 2289 2030 2345 innumeris

438 2373 830 2430 cala'mitatibus
882 2377 1094 2430 contriti
1138 2385 1354 2443 snnt,a
1409 2379 1550 2432 nulla
1612 2378 1914 2448 hujusmodi
1968 2397 2028 2436 re

435 2465 749 2534 dejiciamur
813 2475 904 2520 aut
965 2467 1362 2537 perturbemur.
1433 2469 1646 2524 Etenim
1703 2471 1747 2524 si
1809 2487 2024 2527 omnem

438 2555 786 2624 providentite
809 2557 948 2611 illius
969 2559 1423 2628 dispensationem
1443 2560 1582 2614 scire
1609 2561 1914 2616 valeremus
1936 2573 2024 2616 aut

434 2646 774 2713 deberemus,
798 2649 895 2702 ista
914 2648 1241 2718 ignorantes,
1263 2651 1508 2705 maeroris
1525 2665 1588 2705 ac
1613 2654 2026 2720 perturbationis

436 2753 544 2791 non
567 2739 832 2793 immerito
863 2754 1078 2793 causam
1102 2740 1300 2795 habere
1326 2740 1628 2796 videremur
1656 2759 1669 2796 :
1698 2743 1779 2796 sin
1810 2759 1936 2798 vero
1957 2744 2019 2809 is,

433 2829 525 2896 qui
554 2835 820 2882 tantorum
849 2843 1164 2884 arcanorum
1190 2833 1477 2901 particeps,
1509 2832 1575 2886 ad
1605 2833 1816 2887 tertium
1835 2835 2022 2889 caelum

432 2926 621 2988 raptus
648 2918 837 2987 fuerat,
884 2919 952 2974 ad
994 2920 1134 2975 hanc
1166 2931 1343 2976 tamen
1382 2923 1632 2995 abyssum
1663 2924 1872 2980 luerens
1899 2928 2028 2981 sub—

431 3009 590 3073 stitit,
619 3009 1019 3080 inspiciensque
1049 3012 1100 3065 in
1131 3011 1449 3081 profundum
1473 3014 1778 3069 divitiarum
1807 3016 2022 3085 sapien-

433 3101 521 3153 tia:
545 3115 608 3154 ac
631 3103 869 3155 scientia:
897 3103 1012 3169 Dei,
1041 3103 1312 3173 obstupuit
1340 3105 1535 3170 solum,
1567 3115 1726 3175 atque
1747 3105 1872 3161 inde
1894 3109 2022 3162 resi-

429 3190 547 3245 liit:
577 3191 700 3259 quid
732 3207 827 3246 nos
856 3193 997 3262 ipsos
1023 3194 1220 3249 frustra
1243 3197 1588 3261 concidimus,
1622 3208 2021 3268 perscrutantes

431 3284 817 3352 inscrutabilia,
846 3296 1007 3355 atque
1024 3287 1408 3357 investigabilia
1427 3291 1636 3343 curiose
1653 3291 2020 3360 inquirentes?

433 3375 591 3430 Certe
609 3393 729 3432 cum
750 3378 990 3433 medicus
1005 3380 1273 3434 contraria
1295 3381 1356 3434 iis
1373 3395 1491 3450 qua:
1512 3381 1665 3436 nobis
1686 3383 1916 3438 salubria
1942 3385 2019 3439 vi-

428 3468 620 3522 dentur
665 3470 940 3540 praecipit,
987 3470 1099 3524 sive
1141 3469 1328 3539 algetis
1362 3472 1662 3526 membrum
1711 3471 1842 3527 fonti
1885 3475 2018 3528 sul)-

422 3556 589 3628 jiccre
629 3559 840 3628 jubeat,
889 3560 1002 3614 sive
1042 3559 1146 3615 alia
1179 3560 1480 3629 hujusmodi
1530 3563 1892 3632 inexspectata
1936 3566 2018 3620 fa-

424 3649 550 3714 ciat,
601 3665 889 3720 numquam
939 3651 1296 3717 reluctamur;
1354 3653 1448 3708 sed
1497 3668 1617 3708 cum
1667 3656 1822 3712 nobis
1860 3667 2015 3714 antea

423 3741 847 3810 persuaserimus
873 3741 1003 3796 artis
1031 3741 1178 3795 illum
1217 3743 1424 3798 ratione
1463 3743 1513 3797 id
1552 3743 1744 3811 facere,
1770 3759 2016 3817 prompte

421 3846 487 3884 ac
513 3829 742 3885 libenter
767 3832 1026 3896 cedimus,
1055 3848 1178 3887 cum
1211 3841 1388 3888 tamen
1423 3835 1511 3888 illc
1538 3836 1730 3904 saepius
1761 3838 1974 3893 fallatur
1999 3860 2010 3895 :

421 3923 588 3976 Deum
634 3939 782 3991 vero,
825 3925 912 3993 qui
954 3933 1158 3979 tantum
1189 3926 1239 3979 in
1273 3927 1522 3980 omnibus
1566 3943 1592 3979 a
1638 3929 1791 3982 nobis
1828 3929 2010 3998 distat,

419 4013 512 4082 qui
555 4021 636 4068 est
679 4015 793 4083 ipsa
856 4017 1113 4085 sapientia
1141 4059 1156 4083 ,
1207 4019 1294 4087 qui
1337 4021 1770 4088 numquam'falli
1815 4032 2009 4092 potest,

420 4120 609 4173 magna
630 4107 937 4162 curiositate
955 4111 1404 4176 perscrutabimur
1421 4112 1442 4164 ?
1459 4111 1699 4181 Cumque
1717 4114 1789 4166 illi
1807 4114 2012 4185 simpli-

420 4198 553 4251 ciler
582 4199 899 4264 credamus,
943 4216 971 4252 a
1019 4217 1126 4268 quo
1170 4201 1294 4255 facti
1338 4206 1599 4258 rationem
1645 4207 1858 4274 exigere
1891 4208 2012 4277 jure

420 4302 722 4356 possemus,
756 4288 824 4343 ab
865 4289 976 4355 illo,
1004 4292 1088 4345 cui
1117 4292 1290 4346 solum
1318 4293 1646 4348 credendum
1679 4304 1780 4360 est,
1823 4312 2009 4354 eorum

419 4393 539 4448 qua:
562 4381 788 4448 gesserit
823 4395 1014 4434 causas
1055 4397 1118 4436 ac
1160 4386 1396 4439 rationes
1439 4387 1811 4454 requiremus,
1851 4397 2010 4460 atque

419 4469 728 4536 hujusmodi
774 4472 1127 4542 ignorantiam
1183 4474 1400 4543 indigne
1447 4475 1719 4532 feremus?
1763 4479 2008 4537 Haeccine

418 4569 543 4614 sunt
570 4561 832 4631 religiosa:
857 4565 1053 4619 mentis
1082 4579 1146 4619 ac
1170 4566 1304 4634 piro?
1330 4566 1428 4630 Ne,
1452 4583 1634 4637 quaeso
1661 4585 1724 4624 ac
1743 4573 2004 4642 supplico,

418 4665 486 4705 ne
511 4651 577 4704 ad
607 4661 805 4706 tantam
847 4657 1120 4709 vesaniam
1151 4658 1580 4728 progrediamur,
1615 4661 1709 4716 sed
1751 4663 1803 4717 in
1835 4664 2005 4718 omni-

419 4743 537 4808 bus,
558 4743 609 4798 in
649 4746 840 4814 quibus
887 4749 1226 4818 amhigimus,
1259 4751 1387 4805 illud
1419 4751 1658 4808 dicamus
1683 4754 1890 4809 Iudicia
1918 4765 2007 4810 tua

415 4834 623 4904 abyssus
639 4837 982 4906 multa(Psal.
1001 4841 1170 4909 55.7).
1191 4842 1320 4896 Nam
1336 4845 1504 4900 ethoc
1523 4846 1716 4915 ipsum,
1732 4849 1872 4918 quod
1897 4865 2003 4905 non

415 4928 590 4981 omnia
611 4939 794 4998 aperte
821 4933 1040 4996 scimus,
1071 4933 1263 4988 divinae
1283 4938 1560 5005 sapientia:
1603 4939 1840 5008 profecto
1861 4949 1962 4996 est.

488 5019 587 5075 Ubi
596 5023 722 5090 ﬁdes
740 5023 917 5077 habeat
933 5027 1312 5083 meritum—Si
1334 5030 1474 5083 enim
1489 5033 1723 5086 omnium
1737 5050 1854 5102 qua:
1871 5035 2003 5091 fiunt

413 5128 572 5168 causa
599 5125 653 5169 et
683 5115 891 5170 ratione
921 5118 1150 5186 cognita,
1178 5119 1250 5174 ita
1279 5119 1494 5175 demum
1525 5123 1634 5176 Deo
1666 5139 1996 5194 pareremus,

413 5222 517 5261 non
547 5223 737 5277 inagna
766 5225 970 5266 merces
992 5220 1156 5274 esset,
1182 5229 1354 5283 neque
1386 5215 1508 5270 fidei
1539 5217 1800 5274 exhibitio
1823 5235 1886 5274 ea
1909 5237 1997 5277 res

413 5297 686 5354 videretur
715 5318 728 5353 :
760 5317 882 5356 cum
910 5318 1040 5357 vero
1067 5305 1200 5359 nihil
1231 5308 1419 5361 horum
1444 5310 1658 5378 penitus
1688 5322 1994 5380 noscentes,

411 5390 479 5443 ita
502 5405 715 5460 quoque
749 5408 954 5448 summa
998 5394 1279 5452 affectione
1305 5399 1570 5455 mandatis
1595 5402 1713 5470 ejus
1744 5404 1995 5460 omnibus

410 5480 670 5546 cedimus,
710 5497 775 5537 ex
807 5483 1038 5553 legitima
1059 5487 1361 5545 obedientia
1410 5489 1619 5561 fideque
1647 5493 1988 5564 integerrima

409 5573 641 5627 maxima
671 5574 951 5630 animabus
1002 5581 1200 5634 nostris
1232 5581 1590 5637 emolumenta
1622 5585 1990 5642 conciliamus.

409 5663 522 5719 lloc
559 5664 701 5718 enim
749 5666 920 5721 solum
953 5668 1106 5724 nobis
1142 5672 1467 5740 persuadere
1495 5673 1786 5742 debemus,
1816 5679 1994 5733 omnia

407 5757 560 5812 nobis
590 5757 789 5814 utiliter
817 5774 848 5813 a
890 5760 999 5814 Deo
1026 5761 1208 5818 inferri
1233 5805 1249 5832 ,
1272 5765 1489 5820 modum
1519 5782 1624 5821 non
1656 5768 1882 5838 amplius
1909 5769 1992 5824 iii-

406 5847 700 5918 quirentes,
723 5863 898 5920 neque
923 5848 1077 5921 hujus
1100 5851 1482 5924 ignorationem
1510 5857 1741 5929 graviter
1763 5858 1846 5916 vel
1873 5873 1994 5918 cum

3644 406 3749 461 442

2159 536 2390 578 maerore
2413 523 2661 579 ferentes.
2685 523 2867 595 Neque
2892 524 3031 580 enim
3061 526 3314 596 possibile
3339 537 3422 584 est
3451 528 3549 585 ista
3579 532 3744 598 scire,

2155 629 2329 684 neque
2346 615 2507 670 utile:
2543 615 2672 670 illud
2691 617 2811 686 quia
2830 618 3080 673 mortales
3106 634 3323 684 sumus;
3345 621 3464 686 hoc,
3485 624 3607 693 quia
3633 625 3740 678 cito

2153 705 2206 759 in
2233 706 2588 776 arrogantiam
2615 708 2944 762 extollimur.
2965 709 3203 765 Plurima
3230 727 3325 767 nos
3351 709 3595 780 facimus,
3620 729 3743 783 quae

2151 811 2273 850 cum
2299 797 2495 872 “liberis
2529 799 2731 852 nostris
2763 800 2919 852 noxia
2950 814 3072 855 esse
3101 801 3403 870 videantur,
3434 803 3580 857 utilia
3616 815 3755 870 sunt

2151 899 2327 945 tamen
2359 907 2372 944 :
2403 906 2627 959 quorum
2652 907 2823 962 neque
2852 893 2927 946 illi
2951 907 3141 948 causas
3166 905 3414 964 quaerunt
3433 895 3738 964 addiscere,

2150 998 2323 1052 neque
2352 997 2448 1035 nos
2475 982 2582 1036 illis
2608 991 2761 1038 antea
2793 983 3114 1052 persuadere
3142 986 3416 1041 studemus
3439 1029 3454 1053 ,
3490 989 3541 1042 id
3569 1005 3734 1060 expe-

2148 1073 2263 1129 dire
2295 1075 2436 1144 quod
2471 1075 2731 1140 facimus;
2764 1076 2858 1130 sed
2887 1077 2988 1131 hoc
3018 1077 3188 1132 solum
3218 1079 3335 1133 illos
3363 1080 3737 1148 admonemus,

2148 1176 2205 1220 ut
2232 1167 2282 1220 in
2321 1167 2572 1222 omnibus
2593 1168 2786 1222 cedant
2814 1185 3164 1240 quzecumque
3189 1179 3541 1242 praeceperint
3560 1184 3737 1243 patres

2146 1259 2383 1327 nihilque
2419 1260 2642 1314 ulterius
2674 1259 2962 1330 inquirant.
3007 1260 3158 1328 Quod
3198 1263 3242 1315 si
3287 1264 3594 1332 parentibus
3641 1280 3738 1318 no-

2143 1353 2289 1419 stris,
2311 1352 2401 1422 qui
2429 1353 2670 1422 ejusdem
2699 1363 2856 1423 atque
2873 1369 2969 1408 nos
2995 1363 3193 1410 natura:
3213 1366 3358 1424 sunt,
3389 1358 3457 1412 ita
3487 1359 3735 1428 morigeri

2141 1459 2346 1512 sumus,
2375 1461 2544 1516 nequc
2591 1448 2696 1501 ulla
2738 1447 2943 1502 ratione
2976 1448 3334 1518 indignamur,
3364 1450 3547 1505 Deone
3590 1451 3730 1504 indi-

2140 1535 2422 1605 gnabimur
2444 1537 2586 1606 quod
2610 1553 2716 1591 non
2746 1538 2886 1592 illius
2915 1538 3094 1592 omnia
3127 1539 3278 1593 nobis
3307 1541 3579 1609 explorata
3603 1542 3731 1609 sint,

2140 1627 2228 1695 qui
2269 1636 2411 1681 tanta
2445 1628 2760 1682 excellentia
2790 1629 2942 1683 nobis
2972 1629 3269 1698 praecellit,
3312 1639 3564 1700 quantum
3595 1634 3735 1687 inter

2141 1721 2305 1774 Deum
2333 1730 2386 1775 et
2421 1721 2666 1776 homines
2691 1721 2976 1777 discrimen
3004 1721 3323 1777 intercedit?
3364 1723 3432 1778 Et
3458 1725 3585 1795 quid
3610 1725 3734 1780 huic

2139 1813 2394 1882 impietati
2428 1828 2523 1882 par
2555 1812 2750 1867 fuerit?

2209 1901 2386 1972 Figuli
2415 1903 2641 1973 exemplo
2669 1905 2920 1958 utitur.-—
2936 1904 3207 1960 Adversus
3231 1906 3531 1974 hujusmodi
3552 1907 3728 1962 homi-

2138 2008 2233 2048 nes
2258 2009 2386 2049 sane
2418 1994 2604 2049 beatus
2634 1995 2828 2049 Paulus
2871 1997 3150 2066 indignans
3169 1996 3380 2051 dicebat
3409 2016 3422 2050 :
3466 1999 3726 2070 Alioquin,

2139 2100 2167 2137 ο
2197 2085 2363 2148 homo,
2388 2094 2440 2137 tu
2475 2087 2587 2152 quis
2610 2101 2663 2138 es
2694 2087 2780 2153 qui
2809 2087 3114 2155 respondeas
3141 2086 3570 2160 Deo?Numquid
3601 2093 3730 2145 (licet

2139 2178 2431 2248 ﬁgmentum
2469 2180 2650 2248 [actori
2683 2194 2796 2242 suo,
2817 2177 2920 2233 Cur
2958 2195 3038 2231 me
3066 2180 3138 2231 ita
3167 2181 3326 2248 fecisti
3345 2180 3522 2251 (Rom.
3541 2183 3729 2256 9.20)?

2137 2269 2397 2339 Equidem
2442 2269 2670 2323 filiorum
2699 2269 2970 2337 exemplar
3005 2285 3420 2338 proposueram;
3457 2273 3571 2342 ipse
3601 2290 3734 2328 vero

2135 2362 2304 2416 multo
2331 2362 2502 2429 majus
2531 2362 2730 2430 posuit,
2761 2360 2904 2429 ﬁguli
2931 2361 3156 2425 scilicet,
3184 2371 3342 2433 atque
3362 2364 3428 2416 ab
3447 2379 3513 2418 eo
3540 2365 3590 2419 in
3620 2364 3734 2420 for-

2133 2469 2275 2508 mam
2307 2453 2506 2526 redacti
2534 2453 2648 2506 luti.
2682 2451 2830 2507 Sicut
2871 2454 3014 2507 enim
3047 2453 3214 2507 lutum
3245 2470 3581 2527 quocumque
3610 2475 3730 2515 ma-

2133 2557 2234 2596 nus
2261 2558 2317 2597 se
2346 2543 2624 2596 formautis
2653 2542 2866 2597 duxerit
2891 2543 3150 2612 sequitur,
3183 2545 3253 2598 ita
3285 2545 3556 2601 hominem
3583 2564 3731 2618 qum-

2131 2651 2360 2706 cumque
2390 2636 2528 2690 Deus
2550 2635 2768 2705 jusserit
2806 2651 2870 2690 ea
2904 2637 3092 2705 sequi,
3129 2647 3181 2690 et
3209 2654 3327 2706 quae
3369 2639 3459 2693 ille
3492 2640 3728 2698 intulerit

2131 2740 2282 2800 grato
2302 2730 2480 2783 animo
2507 2729 2740 2798 perferre
2761 2730 3034 2793 convenit,
3067 2729 3199 2784 nihil
3225 2731 3442 2786 omnino
3463 2734 3729 2789 reluctan-

2132 2823 2220 2888 do,
2254 2823 2338 2876 vel
2372 2823 2582 2878 curiose
2604 2822 2880 2878 addiscere
2901 2823 3210 2892 quaarendo.
3242 2823 3425 2895 Neque
3455 2828 3597 2883 enim
3628 2844 3727 2883 no-

2131 2915 2214 2969 bis
2239 2915 2368 2970 solis
2395 2915 2492 2970 ista
2524 2915 2768 2984 ambigua
2799 2925 2942 2978 sunt,
2974 2932 3156 2970 verum
3193 2925 3246 2970 et
3275 2917 3338 2970 iis
3363 2919 3448 2987 qui
3476 2931 3599 2974 ante
3629 2935 3727 2977 nos

2131 3007 2384 3067 fuerunt,
2424 3015 2623 3060 sanctis
2668 3007 2770 3060 illis
2803 3022 2867 3061 ac
2913 3007 3244 3062 mirabilibus
3288 3008 3435 3063 viris.
3469 3011 3560 3064 Ait
3583 3013 3724 3067 enim

2125 3098 2227 3153 Job
2285 3116 2299 3152 :
2347 3097 2414 3152 Ut
2463 3098 2583 3168 quid
2628 3097 2773 3168 impii
2824 3099 3031 3163 vivunt,
3075 3098 3356 3169 divitiisque
3416 3112 3724 3157 velet-aecum

2127 3188 2250 3261 (Job
2277 3189 2366 3244 21.
2393 3187 2488 3261 7)?
2518 3189 2710 3243 Beatus
2762 3197 2937 3242 autem
2976 3189 3164 3254 David,
3206 3188 3378 3255 Paene,
3407 3191 3596 3261 inquit,
3644 3194 3724 3263 ef-

2127 3281 2232 3352 fusi
2250 3290 2366 3333 sunt
2382 3296 2580 3350 gressus
2613 3279 2730 3342 mei,
2756 3281 2875 3346 quia
2912 3278 3071 3332 zelavi
3100 3295 3253 3348 super
3273 3280 3470 3350 iniquos
3497 3321 3510 3346 ,
3546 3299 3724 3351 pacem

2125 3383 2444 3444 peccatorum
2507 3372 2679 3426 videns
2725 3387 2744 3426 :
2798 3371 2922 3441 quia
2973 3387 3074 3424 non
3127 3379 3197 3424 est
3263 3383 3519 3442 respectus
3566 3377 3722 3429 morti

2123 3483 2318 3533 eorum,
2361 3476 2407 3519 et
2443 3466 2828 3532 ﬁrmamentum
2857 3465 2908 3516 in
2932 3464 3083 3533 plaga
3125 3479 3340 3518 eorum:
3379 3467 3432 3518 in
3467 3465 3726 3524 laboribus

2123 3559 2381 3612 hominum
2409 3574 2508 3612 non
2533 3567 2672 3623 sunt,
2703 3567 2872 3611 etcum
2895 3557 3180 3610 hominibus
3205 3574 3304 3609 non
3320 3557 3722 3627 ﬂagellabunmr

2124 3651 2295 3723 (Psal.
2325 3651 2413 3706 72.
2439 3651 2608 3720 2.-5).
2633 3649 2757 3704 Post
2779 3649 2920 3703 hunc
2945 3648 3203 3704 Jeremias
3233 3665 3445 3719 quoque
3472 3650 3718 3707 diccbat:

2120 3745 2303 3799 Justus
2328 3761 2398 3810 es,
2446 3743 2683 3809 Domine,
2733 3753 3071 3796 verumtamen
3094 3742 3296 3812 judicia
3326 3743 3505 3812 loquar
3535 3745 3605 3799 ad
3648 3756 3714 3800 te.

2124 3838 2262 3903 Quid
2294 3847 2366 3891 est
2391 3837 2526 3908 quod
2542 3837 2622 3890 via
2642 3844 2960 3906 peccatorum
2984 3843 3312 3904 prosperatur
3332 3832 3386 3906 (J
3392 3851 3466 3888 er.
3491 3835 3577 3889 12.
3609 3837 3662 3906 1)
3689 3839 3713 3892 ?

2120 3931 2477 4000 Atnhigebant
2494 3930 2578 3983 isti
2601 3929 2813 3998 quidem
2845 3926 3374 3998 atqueinquircbant,
3395 3927 3487 3981 sed
3511 3943 3616 3982 non
3646 3929 3717 3984 ita

2119 4032 2177 4076 ut
2221 4021 2425 4077 faciunt
2465 4021 2650 4089 impii:
2700 4035 2872 4088 neque
2896 4019 3038 4074 enim
3062 4019 3382 4073 accusabant
3419 4019 3609 4084 Deum,
3639 4037 3711 4075 ex

2118 4113 2182 4166 iis
2211 4128 2328 4182 qute
2358 4112 2509 4177 fiunt,
2544 4111 2691 4163 illum
2720 4110 2947 4178 injustia:
2972 4111 3263 4177 arguebant
3289 4126 3304 4174 ;
3329 4108 3421 4162 scd
3444 4110 3578 4164 alius
3599 4113 3716 4180 qui-

2116 4203 2240 4257 dem
2265 4202 2440 4256 aiebat
2474 4217 2486 4252 :
2517 4200 2728 4252 Justitia
2753 4209 2838 4252 tua
2863 4201 2992 4252 sicut
3023 4208 3212 4254 montes
3238 4198 3354 4265 Dei,
3388 4200 3590 4268 judicia
3624 4211 3716 4254 tua

2116 4295 2325 4364 abyssus
2347 4291 2504 4345 multa
2532 4289 2649 4362 (Ps.
2685 4290 2772 4343 55.
2808 4289 2883 4357 7).
2926 4289 2998 4341 De
3023 4288 3149 4351 alio,
3179 4303 3300 4341 cum
3337 4297 3477 4341 tanta
3521 4305 3713 4359 passus

2115 4392 2276 4447 esset,
2323 4381 2576 4451 scriptum
2624 4389 2704 4434 est
2749 4396 2762 4432 :
2816 4377 2938 4432 Non
2999 4379 3136 4431 dedit
3203 4378 3543 4447 insipientiam
3605 4379 3713 4434 Deo

2116 4474 2236 4544 (Job
2269 4475 2320 4528 l.
2349 4473 2465 4544 22).
2503 4473 2565 4526 Ει
2609 4472 2661 4526 in
2701 4470 2908 4526 eodem
2931 4469 3067 4523 libro
3108 4469 3709 4538 incomprehensibilem

2114 4565 2426 4635 sapientiam
2459 4564 2599 4618 illius
2625 4572 2677 4618 et
2703 4563 3154 4632 dispensationem
3187 4576 3464 4628 enarrans,
3494 4576 3615 4616 cum
3640 4563 3708 4618 de

2113 4661 2382 4714 creatione
2403 4658 2744 4713 disseruisset
2768 4675 2781 4710 :
2815 4653 2948 4708 Ecce
2973 4655 3085 4708 ista:
3107 4665 3225 4708 sunt
3246 4663 3413 4723 partes
3441 4655 3536 4708 via:
3575 4656 3706 4726 ejus,

2112 4761 2158 4805 et
2179 4752 2246 4804 ad
2272 4752 2532 4806 humorem
2558 4750 2690 4804 verbi
2719 4749 2980 4802 audiemus
3006 4747 3059 4801 in
3096 4763 3153 4801 eo
3183 4745 3302 4818 (Job
3351 4748 3440 4803 26.
3482 4749 3592 4817 14).
3624 4749 3708 4803 ld-

2111 4846 2285 4914 ipsum
2329 4859 2540 4915 quoque
2579 4843 2840 4899 Jeremias
2886 4839 3170 4911 providens
3197 4855 3263 4896 ne
3297 4842 3418 4911 quis
3456 4857 3706 4912 umquam

2112 4939 2492 5008 suspicaretur,
2545 4934 2944 5004 interrogationi
2977 4933 3236 5002 judicium
3292 4947 3448 4988 suum
3495 4949 3705 5001 prmpo-

2111 5033 2217 5085 suit
2236 5030 2419 5084 dicens
2451 5046 2463 5081 :
2491 5026 2671 5080 Justus
2690 5042 2760 5091 es,
2793 5023 3008 5077 Domine
3041 5039 3060 5076 :
3085 5024 3186 5078 hoc
3206 5033 3309 5090 est,
3338 5023 3461 5078 Scio
3489 5023 3703 5092 quidem

2109 5139 2139 5177 a
2165 5133 2216 5178 te
2236 5122 2412 5176 omnia
2441 5119 2550 5174 fieri
2569 5119 2732 5187 juste,
2759 5117 2976 5172 modum
3004 5126 3182 5172 autem
3212 5118 3399 5185 ignoro
3420 5131 3525 5184 quo
3551 5117 3703 5170 fiunt.

2109 5215 2246 5283 Quid
2277 5213 2476 5284 igitur?
2502 5211 2804 5281 ampliusne
2836 5211 2912 5265 illi
2941 5208 3273 5265 didicerunt?
3303 5208 3506 5277 Nempe
3547 5207 3616 5262 de
3643 5210 3706 5264 iis

2108 5309 2312 5362 nullum
2338 5322 2649 5377 responsum
2682 5306 2982 5360 retulerunt
3011 5324 3024 5357 :
3055 5305 3194 5376 quod
3220 5305 3406 5360 beatus
3432 5303 3595 5357 David
3625 5304 3704 5357 in-

2106 5401 2268 5467 dicat,
2302 5417 2420 5455 cum
2444 5399 2575 5454 dicit
2606 5417 2619 5453 :
2650 5399 2716 5453 Et
2747 5398 3092 5476 existimabam
3113 5406 3167 5450 ut
3187 5412 3558 5467 cognoscerem,
3584 5398 3705 5465 quia

2107 5493 2201 5546 hoc
2237 5493 2380 5547 labor
2421 5502 2492 5546 est
2527 5502 2642 5546 ante
2695 5509 2773 5545 me
2797 5492 2815 5562 (
2839 5491 2983 5546 Psal.
3013 5489 3240 5559 72.16).
3277 5488 3477 5543 idcirco
3521 5498 3701 5545 autem

2108 5602 2362 5657 responsa
2405 5601 2564 5655 super
2610 5585 2693 5639 his
2721 5599 2828 5639 non
2857 5590 3210 5652 acceperunt,
3234 5590 3292 5636 ut
3317 5581 3702 5651 posterioribus

2108 5677 2316 5731 saeculis
2351 5676 2556 5732 futuros
2585 5676 2828 5731 homines
2861 5674 3118 5728 docerent
3144 5673 3305 5727 etiam
3338 5672 3440 5742 ipsi
3466 5673 3700 5728 interm-

2106 5770 2320 5840 gatione
2374 5771 2662 5825 abstinere.
2704 5769 2878 5837 Atque
2926 5765 3002 5821 illi
3045 5764 3258 5836 quidem
3289 5781 3453 5820 unum
3495 5772 3698 5819 tantum

2108 5861 2469 5932 inquirebant,
2494 5875 2589 5916 cur
2610 5858 2813 5915 scilicet
2839 5856 2985 5927 impii
3011 5859 3060 5913 in
3087 5858 3237 5930 capia
3257 5874 3436 5916 rerum
3459 5859 3695 5917 omnium
