4138 6414
530 391 637 450 με

456 523 458 525 ‘
532 515 586 560 et
607 502 954 574 prosperitate
981 497 1243 565 viverent,
1263 506 1316 551 et
1342 511 1410 550 ue
1434 494 1512 550 sic
1543 491 1756 563 quidem
1774 490 2110 548 didicerunt:

535 613 590 649 at
619 609 743 650 vero
772 593 856 649 isti
887 591 1041 660 longe
1071 589 1222 660 plura
1268 603 1426 659 quam
1456 585 1533 640 illi
1557 587 1768 640 curiose
1789 592 2113 638 scrutantur.

532 688 608 744 Ea
659 687 801 742 enim
857 699 976 755 qua:
1025 698 1165 737 nunc
1215 689 1605 750 proponuntur,
1656 677 1824 732 multo
1872 677 2116 748 graviora

531 788 674 832 sunt.
703 775 884 846 Itaque
913 773 1188 828 manifesta
1220 772 1410 825 horum
1452 769 1590 824 ratio
1632 767 1708 824 illi
1751 769 2111 840 permittatur,

530 870 620 940 qui
653 869 798 922 novit
824 867 1004 920 omnia
1029 875 1309 934 antequam
1327 862 1473 915 liant.

605 961 658 1016 8.
690 959 794 1016 Cur
816 959 934 1012 boni
989 958 1276 1028 afﬂigantur
1320 952 1650 1025 querendum
1701 967 1802 1006 non
1852 959 1942 1005 est.
1965 947 2115 1005 ——Si

531 1063 710 1108 tamen
731 1065 866 1120 opus
888 1050 957 1104 sit
985 1063 1086 1104 nos
1113 1063 1180 1103 ex
1214 1048 1298 1114 iis,
1321 1061 1440 1116 qua:
1469 1045 1580 1115 jam
1608 1052 1734 1098 nota
1756 1042 1911 1098 nobis
1945 1049 2070 1096 sunt
2096 1081 2113 1108 ,

531 1143 851 1198 solutionem
899 1139 1246 1210 qutesitorum
1280 1145 1336 1191 et
1355 1133 1777 1191 consolationem
1814 1133 2120 1202 excogitare

532 1242 750 1303 pr0pter
791 1245 886 1286 eos
912 1229 1002 1300 qui
1047 1237 1156 1284 tam
1193 1228 1404 1283 curiose
1440 1226 1529 1281 illa
1569 1225 1943 1292 sciscitantur,
1987 1222 2120 1278 illud

531 1325 756 1381 dixerim
779 1366 795 1391 ,
821 1324 1094 1395 indignum
1137 1337 1258 1378 esse
1295 1337 1536 1392 quaarcre
1569 1336 1666 1376 cur
1692 1320 1818 1376 boni
1867 1320 1920 1375 in
1967 1333 2119 1387 pres—

532 1417 672 1471 suris
692 1455 708 1482 ,
739 1415 863 1469 mali
889 1425 1074 1470 contra
1106 1415 1157 1468 in
1213 1413 1396 1484 requie
1424 1413 1737 1482 persiSIant,
1767 1411 1970 1466 cariesti
2007 1410 2118 1480 jam

533 1506 768 1561 revelato
807 1522 972 1575 regno
995 1546 1010 1570 ,
1043 1504 1314 1575 futurique
1337 1505 1518 1559 saeculi
1549 1503 1772 1574 praemio
1821 1502 1974 1557 nobis
2025 1516 2118 1556 os-

534 1606 706 1653 tenso.
739 1595 870 1651 Nam
888 1612 1008 1650 cum
1040 1597 1092 1650 in
1124 1595 1210 1649 illa
1247 1595 1354 1649 vita
1393 1595 1586 1664 singuli
1615 1593 1770 1664 digna
1799 1593 1910 1649 suis
1949 1592 2118 1647 meri-

533 1691 603 1745 tls
628 1689 930 1759 recipiant,
964 1688 1090 1759 quid
1111 1688 1220 1758 jam
1247 1688 1326 1742 eis
1363 1687 1523 1742 rebus
1561 1685 1936 1756 perturbamur
1955 1725 1969 1750 ,
1999 1699 2122 1755 qua:

540 1783 629 1838 hic
655 1782 811 1837 bonis
838 1790 928 1836 aut
961 1781 1116 1836 malis
1157 1779 1514 1851 contingunt?
1546 1778 1686 1834 Deus
1714 1778 1856 1833 enim
1891 1790 1988 1832 eos
2031 1776 2121 1847 qui

536 1874 638 1930 sibi
671 1873 968 1938 adhaerent,
1001 1871 1163 1927 veluti
1193 1870 1514 1926 fortissimos
1539 1869 1789 1936 athletas,
1809 1866 2121 1938 hujusmodi

545 1966 816 2022 laboribus
840 1972 1076 2030 exercet,
1109 1963 1490 2020 imbecilliores
1529 1977 1659 2018 vero
1683 1976 1747 2016 ac
1777 1960 2039 2016 tardiores
2065 1959 2081 1990 '
2101 1998 2120 2026 ,

539 2067 592 2115 et
641 2059 730 2129 qui
780 2057 914 2113 nihil
964 2057 1219 2112 durorum
1271 2055 1515 2110 laborum
1573 2055 1817 2126 perferre
1864 2061 2120 2122 possunt,

544 2150 690 2220 prius
757 2150 824 2204 ad
885 2148 1025 2203 bona
1075 2163 1239 2218 opera
1295 2147 1557 2202 hortatur.
1607 2145 1761 2213 Quod
1833 2145 1881 2200 si
1937 2153 2122 2200 contra

543 2255 942 2310 nonnumquam
983 2239 1193 2305 evenit,
1226 2238 1546 2309 plurimique
1572 2237 1702 2308 justi
1731 2237 1818 2293 hic
1843 2237 1898 2291 in
1935 2236 2122 2305 requie

538 2333 701 2387 vitam
718 2347 841 2386 cum
865 2330 1069 2384 honore
1093 2339 1275 2399 agunt,
1299 2329 1424 2383 mali
1442 2343 1569 2383 vero
1586 2329 1638 2382 in
1662 2326 1949 2398 ignominia
1974 2339 2123 2380 sum-

537 2423 746 2491 misque
761 2421 1171 2476 adversitatibus
1193 2419 1510 2490 perdurant,
1526 2419 1738 2474 interim
1751 2417 1963 2489 quidem
1979 2418 2126 2487 prior

535 2514 624 2568 illa
669 2513 898 2582 objectio
925 2553 940 2578 ,
986 2527 1105 2582 quae
1139 2511 1302 2581 afﬂigi
1332 2511 1526 2577 bonos,
1565 2509 1735 2564 malos
1767 2523 1897 2564 vero
1929 2507 2126 2578 jugiter

541 2621 663 2661 esse
706 2605 758 2658 i‘u
789 2605 996 2659 deliciis
1024 2605 1455 2674 conquerebatur
1481 2645 1496 2669 ,
1541 2602 1641 2657 hac
1690 2603 1896 2658 ratione
1938 2617 2125 2658 eversa

535 2693 867 2766 proﬂigatur.
899 2694 994 2749 Sin
1015 2703 1193 2748 autem
1222 2703 1276 2749 et
1316 2693 1473 2763 hujus
1495 2694 1572 2748 rei
1608 2707 1825 2747 causam
1857 2693 2127 2763 inquirere

535 2785 762 2840 velimus
783 2825 799 2850 ,
830 2784 882 2838 id
933 2783 1174 2854 profecto
1216 2785 1445 2839 dixerim
1475 2825 1490 2848 ,
1525 2784 1689 2838 Deum
1717 2792 1896 2837 nostra
1943 2782 2124 2838 omnia

533 2891 642 2931 non
691 2890 798 2930 uno
827 2874 985 2929 modo
1011 2874 1224 2929 solitum
1268 2887 1389 2928 esse
1444 2873 1734 2943 disponere
1759 2913 1776 2939 ,
1805 2872 1899 2928 sed
1944 2887 2123 2928 rerum

535 2966 690 3037 copia
718 2967 1056 3030 insuuctum,
1102 2965 1282 3035 plures
1312 2964 1469 3019 nobis
1495 2965 1561 3018 ad
1590 2964 1816 3019 salutem
1844 2964 1958 3019 vias
1988 2971 2126 3019 ster-

540 3071 688 3111 nere.
715 3056 849 3110 Cum
899 3057 1076 3128 itaque
1105 3056 1284 3127 plures
1335 3057 1480 3123 sint,
1511 3056 1602 3126 qui
1649 3055 1808 3110 futuri
1835 3055 2015 3111 saeculi
2062 3070 2127 3110 ac

535 3150 946 3206 resurrectionis
989 3151 1286 3205 doctrinam
1322 3151 1606 3206 admittere
1646 3151 1989 3222 pertinaciter
2034 3165 2123 3206 re-

535 3253 721 3311 nuant,
750 3244 912 3299 veluti
945 3244 996 3298 in
1025 3244 1170 3300 brevi
1199 3244 1377 3298 tabula
1407 3244 1491 3298 hic
1516 3243 1702 3313 judicii
1746 3242 1906 3298 futuri
1935 3243 2125 3314 imagi-

535 3350 658 3391 nem
685 3334 957 3400 ostendit,
985 3349 1104 3390 cum
1134 3335 1286 3405 punit
1331 3334 1501 3390 malos
1530 3374 1546 3400 ,
1578 3334 1752 3390 bonos
1796 3343 2122 3390 remunerat.

534 3428 689 3497 Quod
716 3444 836 3483 cum
868 3429 920 3482 in
945 3428 1144 3497 judicio
1162 3429 1251 3482 illo
1273 3443 1523 3498 supremo
1543 3427 1866 3498 generaliter
1891 3427 2124 3483 futurum

539 3522 646 3588 sit,
674 3522 835 3576 etiam
868 3535 1010 3576 nunc
1030 3537 1096 3576 ex
1126 3529 1276 3591 parte
1303 3521 1477 3590 aliqua
1509 3520 1630 3574 ideo
1659 3520 1756 3586 lit,
1783 3530 1840 3574 ut
1870 3521 1959 3589 qui
1985 3521 2125 3576 circa

536 3614 888 3687 longinquum
916 3613 1043 3668 illud
1067 3613 1323 3684 judicium
1351 3627 1446 3683 spe
1468 3613 1599 3682 lapsi
1625 3622 1782 3681 sunt,
1810 3614 1894 3667 vel
1918 3613 1982 3667 iis
2007 3627 2126 3682 qua:

550 3709 607 3764 in
639 3708 740 3762 hoc
769 3706 962 3762 saculo
989 3707 1303 3775 contingunt
1327 3704 1604 3769 adinOnili,
1635 3703 2024 3758 mansuetiores
2047 3710 2129 3758 at-

540 3814 646 3872 que
665 3797 915 3852 meliores
933 3797 1076 3851 liant.
1091 3795 1147 3852 Si
1163 3797 1304 3850 enim
1323 3795 1500 3850 nullus
1514 3794 1601 3849 hic
1617 3795 1834 3848 omnino
1851 3795 2128 3864 puniretur

540 3889 734 3956 malus,
767 3889 1048 3955 nullusque
1073 3889 1428 3941 bonoraretur
1455 3886 1650 3954 bonus,
1683 3883 1898 3955 plurimi
1937 3900 2008 3939 ex
2061 3884 2128 3939 iis

538 3982 628 4050 qui
677 3979 1127 4034 resurrectionem
1179 3991 1288 4032 non
1335 3977 1606 4042 credunt,
1658 3977 1912 4032 virtutem
1964 3975 2127 4030 veluti

540 4069 801 4124 malorum
832 4084 1046 4134 causam
1080 4068 1368 4140 fugerent,
1415 4067 1764 4123 vitiositatem
1792 4083 1923 4122 vero
1962 4067 2128 4122 veluti

534 4163 800 4219 bonorum
851 4177 1066 4218 causam
1116 4170 1563 4233 persequerentur
1611 4179 1625 4217 :
1675 4161 1720 4216 si
1773 4175 1988 4216 rursum
2042 4161 2130 4216 hic

534 4255 737 4326 singuli
782 4256 932 4324 juxta
984 4257 1174 4309 merita
1224 4256 1573 4324 reciperent,
1627 4239 1952 4326 superﬂuam
2018 4255 2126 4324 jam

529 4347 834 4417 dalsamque
862 4348 1235 4403 existimarent
1253 4347 1440 4416 judicii
1488 4345 1812 4402 doctrinam.
1848 4345 2034 4416 Itaque
2059 4360 2128 4401 ne

534 4441 672 4494 iliuic
717 4454 823 4493 non
875 4438 1186 4494 crederetur
1215 4480 1230 4505 ,
1255 4453 1323 4492 ne
1367 4439 1552 4507 ingens
1598 4437 1936 4506 vulgarisque
1975 4436 2127 4492 turba

526 4547 608 4585 εει
633 4538 941 4599 contemptu
972 4529 1208 4584 deterior
1256 4529 1439 4595 ﬁeret,
1468 4529 1665 4584 multos
1694 4529 1782 4584 hic
1819 4539 2128 4599 peccatores

545 4623 837 4688 ulciscitur,
859 4622 1226 4692 quosdamque
1245 4637 1342 4691 pro
1371 4631 1516 4677 recte
1545 4622 1697 4677 factis
1720 4631 2046 4689 remunerat,
2070 4631 2131 4678 ut

545 4730 610 4769 ex
641 4702 705 4772 co
743 4713 884 4783 quod
915 4728 1020 4768 non
1053 4714 1105 4767 in
1151 4713 1400 4768 omnibus
1443 4713 1495 4768 id
1539 4711 1666 4768 facit
1702 4713 1884 4784 judicii
1923 4723 2130 4769 asserat

550 4807 732 4871 fidem,
763 4821 828 4861 ex
856 4821 922 4860 eo
956 4821 1086 4861 vero
1112 4806 1252 4876 quod
1283 4817 1405 4862 ante
1421 4805 1677 4876 judicium
1720 4823 1931 4878 quoque
1961 4809 2130 4863 malos

526 4901 748 4970 :aliquos
777 4898 1051 4970 suppliciis
1080 4898 1244 4952 allicit
1263 4941 1278 4963 ,
1309 4898 1726 4969 profundissimo
1756 4900 1905 4969 quasi
1937 4914 2128 4954 somno

526 4989 778 5060 sepultos
804 4989 1020 5044 excitet.
1050 4989 1179 5043 Nam
1206 5005 1277 5044 ex
1317 4990 1578 5044 malorum
1601 4991 1818 5060 quidem
1851 4991 2128 5060 punitione

542 5080 752 5148 plurimi
780 5080 970 5134 timore
995 5081 1350 5150 corriguntur,
1369 5095 1437 5136 ne
1458 5082 1726 5152 patiantur
1747 5080 1958 5147 eadem;
1976 5097 2043 5136 ex
2061 5096 2128 5136 eo

527 5183 715 5226 :aulem
747 5172 888 5242 quod
913 5188 1016 5226 non
1044 5157 1294 5227 omnibus
1321 5188 1418 5243 pro
1446 5177 1638 5230 merito
1665 5173 1752 5228 hic
1778 5175 2124 5234 retribuatur.

525 5264 774 5332 cogitare
824 5265 1217 5332 compelluntur
1268 5264 1571 5335 hujusmodi
1604 5265 1822 5336 prmmia
1874 5267 1927 5320 in
1979 5266 2122 5322 aliud

529 5360 749 5422 tempus
777 5369 898 5410 esse
928 5366 1219 5410 reservata.
1284 5427 1291 5437 ι

609 5442 714 5498 Cur
764 5463 866 5500 non
933 5463 1106 5502 omnes
1161 5448 1242 5501 hic
1305 5447 1440 5502 Deus
1484 5449 1780 5519 puuiat.—
1826 5448 2123 5520 Numquam

527 5534 682 5588 enim
731 5537 966 5606 profecto
996 5579 1013 5606 ,
1061 5553 1184 5594 cum
1243 5538 1421 5609 justus
1465 5539 1536 5593 sit
1588 5539 1726 5594 Deus
1755 5579 1773 5607 ,
1849 5548 1929 5594 tot
1968 5555 2124 5609 sper-

531 5635 693 5680 sneret
736 5627 850 5682 sive
903 5629 1072 5684 malos
1101 5630 1388 5700 impunitos
1435 5645 1506 5684 ex
1545 5629 1651 5684 vita
1701 5631 1958 5702 migrare,
2011 5632 2124 5688 sive

530 5712 712 5770 Itonos
771 5716 858 5772 hic
903 5718 1196 5776 innumeris
1251 5721 1604 5777 incommodis
1655 5720 1839 5788 allici,
1905 5723 1948 5778 si
2015 5739 2121 5779 non

598 5845 621 5878 ³
652 5850 708 5897 tu
723 5847 860 5897 Sat-il.
891 5856 942 5898 et
962 5849 1088 5900 Colb.
1111 5852 1286 5904 desunt
1312 5853 1477 5916 verba,
1502 5867 1559 5905 ac
1582 5859 1835 5906 tardiores.

1240 383 1298 441 S.
1333 379 1612 440 JOANNlS
1647 377 2120 440 CHRYSOSTOMI
2159 374 2479 432 ARCHIEP.
2516 373 3049 432 CONSTANTINOP.

3703 382 3797 442 αι

2222 489 2462 559 utrisque
2503 487 2668 544 alium
2718 489 2773 544 in
2821 490 2996 546 futuro
3042 492 3238 548 saeculo
3287 500 3484 550 statum
3545 513 3798 566 parasset.

2218 581 2478 652 Quocirca
2541 599 2650 639 non
2702 598 2893 640 omnes
2975 585 3060 640 vel
3135 587 3396 657 supplicio
3449 589 3535 644 vel
3606 589 3799 648 honore

2219 673 2404 740 afﬁcit,
2434 672 2529 728 sed
2583 674 2864 744 quosdam,
2896 676 3035 732 sicut
3079 685 3135 732 et
3155 677 3208 730 in
3241 676 3528 733 Persarum
3555 695 3683 751 rege
3704 723 3719 747 ,
3751 694 3802 738 et

2220 768 2272 823 in
2319 767 2546 824 Ezechia
2585 769 2840 839 contigit,
2890 785 3212 840 quamquam
3253 770 3449 827 fuerint
3497 774 3716 844 plurimi
3751 786 3802 832 et

2218 859 2440 930 Assyrio
2492 858 2802 931 impietate,
2845 870 2899 916 et
2950 860 3195 916 Ezechia:
3243 863 3437 932 pietate
3492 879 3560 918 ac
3612 864 3802 922 virtute

2219 963 2394 1019 pares.
2425 947 2532 1005 Sed
2561 966 2667 1004 non
2691 965 2816 1021 erga
2842 966 3031 1006 omnes
3062 952 3165 1008 hoc
3188 954 3298 1024 agit
3324 955 3463 1010 Deus
3494 973 3508 1010 :
3538 957 3692 1026 cujus
3730 961 3801 1015 rei

2219 1055 2379 1097 causa
2413 1051 2528 1108 est,
2560 1052 2619 1098 ut
2649 1042 2796 1109 dixi,
2839 1044 2980 1114 quod
3009 1046 3244 1102 nondum
3270 1047 3409 1102 adsit
3430 1047 3623 1118 judicii
3670 1060 3800 1105 tem-

2220 1148 2343 1203 pus.
2371 1133 2526 1202 Quod
2553 1145 2730 1190 autem
2779 1137 2877 1189 ista
2911 1135 3154 1192 doctrina
3203 1153 3321 1193 mea
3352 1154 3457 1194 non
3484 1140 3599 1206 sit,
3639 1141 3706 1196 ab
3741 1159 3802 1197 eo

2220 1225 2310 1295 qui
2339 1239 2438 1281 nos
2467 1234 2592 1280 tunc
2613 1225 2950 1294 judicaturus
2985 1236 3066 1282 est
3103 1227 3264 1283 modo
3289 1228 3496 1285 audies.
3524 1231 3658 1285 Nam
3684 1248 3801 1288 cum

2222 1316 2451 1388 profecti
2504 1318 2572 1373 ad
2616 1333 2740 1374 eum
2779 1319 2994 1389 quidam
3041 1330 3270 1374 mortem
3321 1321 3534 1378 illorum
3581 1323 3669 1393 qui
3709 1325 3802 1381 sub

2222 1416 2371 1462 turre
2396 1407 2570 1463 obruti
2617 1408 2868 1478 fuerant,
2900 1410 3161 1480 Pilatique
3185 1413 3454 1467 vesaniam
3495 1416 3803 1471 annuntias-

2222 1511 2363 1569 sent,
2394 1517 2552 1572 quam
2581 1502 2635 1556 in
2661 1517 2755 1556 eos
2777 1502 2867 1572 qui
2897 1504 3094 1558 mortui
3121 1502 3329 1560 fuerant
3352 1505 3626 1564 ostendit.
3647 1507 3802 1561 sacri-

2224 1592 2360 1648 ﬁciis
2389 1593 2598 1648 illorum
2625 1595 2939 1665 sanguinem
2973 1594 3248 1652 miscendo
3270 1637 3287 1664 ,
3318 1605 3430 1653 tum
3457 1597 3570 1652 ait:
3609 1596 3802 1654 Putatis

2221 1683 2356 1754 quod
2391 1684 2445 1737 hi
2474 1683 2675 1740 Galilei
2721 1696 3006 1755 peccatores
3054 1703 3162 1754 prce
3188 1690 3380 1743 ceteris
3442 1687 3670 1745 Galileis
3697 1692 3801 1760 fue-

2223 1778 2326 1832 rint
2353 1819 2368 1844 ,
2400 1778 2488 1849 qui
2512 1779 2636 1833 talia
2661 1780 2799 1850 passi
2833 1790 2949 1833 sunt
2969 1781 2995 1834 ?
3022 1779 3143 1834 Non
3170 1822 3186 1848 ,
3214 1780 3328 1836 dico
3377 1782 3518 1836 vobis
3545 1823 3561 1848 ,
3588 1783 3676 1836 sed
3713 1783 3802 1837 nisi

2225 1871 2566 1942 pteniteutiam
2596 1873 2796 1944 egeritis
2815 1913 2831 1939 ,
2861 1889 3030 1926 omnes
3056 1871 3288 1928 similiter
3330 1873 3578 1942 peribitis.
3611 1873 3706 1928 Aut
3731 1874 3802 1928 illi

2223 1967 2394 2021 decem
2424 1976 2472 2021 et
2492 1975 2604 2021 octo
2629 1981 2784 2036 super
2813 1982 2937 2035 quos
2969 1965 3146 2020 cecidit
3181 1967 3336 2020 turris
3354 1967 3520 2032 Siloa,
3560 1975 3608 2020 et
3635 1966 3802 2022 occidit

2224 2057 2342 2112 illos
2360 2098 2376 2123 ,
2423 2057 2611 2128 putatis
2654 2059 2791 2129 quod
2833 2057 2933 2127 ipsi
2981 2073 3089 2128 pra:
3133 2057 3364 2112 omnibus
3383 2097 3400 2123 ,
3440 2059 3533 2128 qui
3585 2057 3800 2112 habitant

2223 2145 2541 2214 Jerusalem,
2571 2146 2815 2202 debitores
2835 2147 3058 2216 fuerint?
3084 2146 3221 2210 Non,
3253 2147 3365 2201 dico
3390 2147 3531 2202 vobis
3549 2189 3565 2216 ,
3590 2147 3677 2202 sed
3708 2147 3796 2202 nisi

2227 2239 2567 2307 paenitentiam
2615 2239 2816 2310 egeritis
2842 2279 2858 2306 ,
2907 2255 3080 2294 omnes
3127 2239 3357 2294 similiter
3397 2239 3626 2310 peribitis
3652 2237 3790 2310 (Luc.

2227 2330 2314 2386 15.
2366 2329 2468 2385 2-5
2497 2331 2536 2402 ).
2593 2328 2722 2385 Haec
2766 2329 3038 2384 dilationis
3081 2343 3244 2385 causa
3305 2338 3407 2384 est.
3462 2329 3665 2385 Idcirco
3704 2344 3799 2384 non

2225 2435 2414 2477 omnes
2461 2420 2555 2491 qui
2602 2419 2808 2476 eisdem
2854 2419 3132 2491 suppliciis
3168 2429 3293 2476 sunt
3316 2420 3461 2492 digni
3493 2437 3597 2475 una
3629 2421 3802 2491 punire

2225 2514 2522 2579 consuevit,
2547 2520 2605 2568 ut
2632 2512 2822 2584 reliqui
2844 2528 3030 2569 eorum
3051 2513 3264 2569 casibus
3282 2512 3545 2568 admoniti
3571 2513 3804 2569 meliores

2227 2604 2377 2659 fiant.
2421 2605 2596 2674 Atque
2639 2603 2739 2659 ista
2765 2603 2984 2674 quidem
3041 2604 3253 2659 interim
3302 2605 3532 2660 solvisse
3570 2603 3801 2660 sufﬁciat.

2225 2697 2332 2753 Sed
2376 2697 2521 2752 enim
2563 2706 2619 2752 tu
2672 2697 2916 2753 fortassis
2967 2712 3030 2752 ea
3080 2697 3282 2762 etiam,
3321 2712 3443 2767 quae
3484 2697 3643 2768 paulo
3692 2705 3802 2752 ante

2228 2790 2640 2858 proposuimus,
2669 2789 2842 2844 multo
2888 2788 3051 2843 etiam
3082 2788 3418 2859 perplexiora
3440 2829 3456 2855 ,
3492 2797 3551 2843 ut
3578 2787 3804 2844 similiter

2225 2879 2541 2948 enodemus,
2571 2881 2814 2951 inquiris.
2848 2880 2955 2938 Sed
2978 2895 3098 2936 cum
3125 2881 3305 2952 priora
3332 2895 3431 2952 pro
3450 2881 3653 2936 viribus
3673 2889 3802 2950 pate-

2226 2972 2530 3042 fecerimus,
2552 2974 2619 3028 ad
2644 2974 2731 3028 illa
2748 2974 2908 3029 etiam
2941 2975 3192 3030 solvenda
3213 2974 3560 3030 fundamenta
3579 2972 3802 3044 quadam

2222 3067 2366 3138 jacta
2391 3065 2558 3122 fuisse
2585 3067 2925 3122 arbitramur.

2298 3178 2404 3234 Cur
2451 3178 2598 3233 multi
2640 3188 2745 3233 tota
2783 3179 2885 3234 vita
2913 3179 3214 3250 aﬂligantur.
3249 3208 3323 3218 —
3358 3177 3500 3251 Quid
3531 3192 3655 3248 ergo
3690 3174 3800 3231 illud

2227 3279 2329 3336 est,
2361 3270 2413 3324 in
2444 3285 2551 3341 quo
2587 3269 2762 3326 haeres
2791 3278 2846 3325 et
2880 3269 3146 3324 ﬂuctuas?
3171 3269 3324 3338 Quod
3357 3271 3574 3339 plurimi
3603 3286 3664 3325 ex
3705 3268 3800 3338 pri-

2227 3363 2447 3420 mordiis
2476 3365 2648 3418 aetatis
2693 3362 2759 3418 ad
2804 3364 2963 3418 linem
3004 3376 3174 3433 usque
3220 3363 3382 3417 variis
3430 3361 3802 3418 calamitatibus

2231 3455 2341 3508 sint
2390 3453 2586 3510 allecti.
2637 3453 2752 3524 Ego
2791 3463 2846 3508 et
2871 3453 2939 3508 de
2967 3453 3048 3507 bis
3090 3461 3144 3508 et
3169 3451 3235 3507 de
3266 3453 3541 3522 prioribus
3573 3451 3798 3516 dixerim,

2229 3546 2498 3616 praecipue
2528 3546 2744 3616 quidem
2784 3545 2904 3600 illos
2933 3546 3004 3600 ob
3031 3545 3244 3616 propria
3271 3545 3396 3600 vitia
3425 3546 3634 3616 puniri,
3663 3543 3801 3599 dein-

2227 3655 2356 3710 ceps
2384 3655 2532 3704 vero,
2566 3639 2730 3694 utalii
2755 3653 2968 3710 quoque
3003 3640 3219 3694 illorum
3248 3639 3500 3708 exemplo
3530 3637 3800 3694 emenden-

2229 3741 2332 3786 tur.
2380 3732 2535 3799 Quod
2585 3732 2628 3787 si
2667 3733 2856 3787 nonin
2887 3732 3138 3786 omnibus
3168 3731 3220 3786 id
3264 3731 3338 3796 ﬁt,
3380 3731 3515 3787 nihil
3553 3739 3634 3788 est
3675 3727 3801 3800 quod

2229 3824 2443 3878 mireris
2479 3843 2493 3880 :
2525 3824 2760 3878 nondum
2786 3825 2928 3879 enim
2961 3824 3144 3894 judicii
3175 3832 3384 3894 tempus
3409 3823 3642 3880 advenit.
3677 3819 3800 3889 Quid

2229 3931 2355 3985 ergo
2384 3916 2452 3971 de
2481 3917 2584 3971 illis
2605 3917 2768 3982 dices,
2815 3916 3010 3986 inquis,
3042 3917 3131 3988 qui
3171 3928 3452 3987 antequam
3481 3933 3581 3987 per
3603 3923 3796 3971 (etatem

2231 4009 2366 4061 bona
2397 4009 2479 4063 vel
2502 4008 2636 4062 mala
2660 4009 2966 4064 discernere
2993 4010 3219 4079 possint,
3243 4009 3392 4078 quasi
3425 4011 3656 4064 maxime
3683 4020 3797 4077 pec-

2228 4099 2488 4166 caverint,
2519 4101 2794 4170 suppliciis
2817 4101 3158 4156 afliciunlur?
3181 4101 3348 4171 Hujus
3367 4101 3584 4170 quidem
3603 4099 3676 4155 rei
3705 4112 3798 4151 non

2229 4206 2332 4245 una
2354 4201 2639 4257 estcausa,
2688 4191 2780 4247 sed
2802 4191 3046 4262 plurima:
3071 4207 3134 4246 ac
3167 4193 3346 4246 variae.
3377 4191 3510 4246 Nam
3544 4202 3597 4248 et
3623 4207 3686 4246 ex
3721 4203 3800 4258 pa-

2229 4291 2438 4336 rentum
2466 4281 2894 4352 intemperantia,
2926 4292 2980 4338 et
3005 4298 3070 4338 ex
3102 4284 3445 4338 nutritiorum
3474 4281 3796 4355 negligentia,

2227 4382 2282 4427 et
2310 4388 2375 4426 ex
2399 4372 2716 4443 intemperie
2739 4383 2898 4444 atque
2918 4374 3276 4444 inmqualitate
3301 4375 3439 4430 aeris
3459 4415 3474 4439 ,
3505 4383 3561 4430 et
3604 4389 3668 4430 ex
3693 4371 3800 4426 aliis

2231 4464 2473 4533 plurimis
2521 4464 2824 4534 hujusmodi
2873 4465 3088 4519 casibus
3145 4465 3200 4520 id
3253 4465 3566 4536 contingere
3618 4470 3795 4535 potest.

2230 4558 2494 4614 Praeterea
2562 4572 2683 4612 cum
2756 4557 3013 4628 plurimos
3064 4558 3278 4612 illorum
3330 4559 3537 4614 futuros
3586 4567 3794 4626 nequam

2229 4651 2563 4722 praesciverit
2589 4650 2762 4715 Deus,
2793 4665 2887 4705 eos
2907 4650 3068 4705 veluti
3104 4651 3450 4719 compedibus
3493 4647 3789 4721 quibusdam

2230 4743 2533 4812 hujusmodi
2562 4743 2823 4813 supplicio
2850 4753 3083 4799 coercet.
3109 4727 3206 4798 An.
3223 4758 3329 4797 non
3358 4743 3506 4798 vides
3525 4753 3579 4798 et
3603 4736 3794 4795 mendi-

2228 4850 2416 4889 corum
2440 4833 2697 4904 plurimos
2726 4833 2866 4889 inter
2891 4849 3166 4904 pressuras
3193 4835 3336 4904 ipsas
3363 4843 3417 4889 et
3441 4831 3704 4904 angustias
3723 4828 3792 4880 in-

2229 4941 2447 4982 numera
2467 4936 2841 4995 perpetrantes
2865 4927 3093 4994 scelera,
3113 4942 3337 4997 quorum
3371 4935 3544 4980 tamen
3572 4922 3790 4979 omnium

2227 5033 2386 5072 causa
2415 5033 2520 5073 non
2545 5017 2768 5074 alllictio
2794 5020 3117 5088 paupertatis
3143 5029 3244 5085 est,
3278 5019 3373 5074 sed
3408 5019 3519 5073 sola
3546 5009 3792 5086 nequitia?

2229 5111 2423 5165 Audivi
2470 5126 2569 5182 ego
2593 5112 2852 5182 quosdam
2883 5112 3170 5182 aliquando
3196 5127 3318 5167 cum
3344 5112 3580 5166 dicerent
3619 5106 3788 5175 hujus-

2228 5202 2370 5256 modi
2399 5201 2641 5258 homines
2693 5202 2975 5257 mulierem
3005 5203 3288 5272 quamdam
3314 5203 3586 5256 honestam
3613 5207 3664 5253 et
3687 5195 3787 5249 for-

2231 5309 2318 5348 ma
2345 5293 2554 5348 liberali
2588 5293 2639 5346 in
2671 5292 2961 5348 solitudine
2990 5303 3193 5360 nactos,
3220 5293 3269 5349 ei
3297 5295 3555 5348 violenter
3577 5304 3636 5344 ac
3656 5295 3790 5357 petu-

2227 5385 2399 5439 lanter
2427 5383 2679 5440 illusisse.
2711 5385 2868 5453 Atqui
2896 5399 2998 5454 qua
3020 5387 3356 5453 necessitate,
3386 5401 3488 5455 qua
3513 5381 3786 5439 calamitate

2224 5476 2289 5531 ad
2314 5477 2414 5530 hoc
2435 5475 2632 5530 inducti
2664 5477 2828 5531 sunt?
2858 5493 2975 5546 qua:
2997 5476 3081 5531 isti
3101 5478 3299 5532 scelera
3323 5493 3426 5533 non
3445 5473 3779 5532 admisissent,

2225 5569 2269 5624 si
2292 5583 2397 5622 non
2413 5567 2713 5638 hujusmodi
2733 5569 2880 5638 quasi
2901 5569 3126 5625 vinculis
3146 5569 3581 5626 continerentur?
3606 5565 3779 5619 Eorum

2223 5675 2350 5716 vero
2378 5661 2466 5730 qui
2500 5661 2804 5716 carceribus
2843 5661 3029 5716 inclusi
3060 5671 3184 5718 sunt
3211 5663 3329 5732 quis
3356 5662 3508 5717 facile
3533 5655 3777 5714 vesaniam

2224 5765 2276 5810 et
2297 5755 2500 5810 rabiem
2533 5753 2769 5824 perferre
2801 5755 2996 5824 possit?
3021 5756 3087 5810 At
3116 5756 3150 5810 il
3189 5755 3277 5825 qui
3305 5771 3332 5808 a
3355 5755 3592 5810 daemone
3624 5745 3774 5804 corri-

2228 5847 2442 5918 piuntur
2462 5845 2630 5903 nihilo
2657 5846 2863 5904 minora
2895 5846 2977 5905 his
3008 5846 3207 5905 facmnt
3231 5864 3244 5902 :
3271 5863 3376 5905 non
3405 5855 3576 5903 autem
3597 5856 3652 5898 ea
3669 5849 3772 5893 ωο-
