4138 6426
122 380 219 435 N3

118 494 341 568 εὐθηνία
370 495 466 550 καὶ
506 494 742 566 πλούτῳ,
785 494 880 550 καὶ
918 495 1040 549 οὐδὲ
1070 494 1246 559 οὕτως
1284 494 1588 566 ἐμάνθανον
1608 510 1622 525 ·
1656 495 1706 547 οί
1736 493 1795 548 δέ

117 589 206 646 νῦν
246 590 434 662 πολλῷ
482 592 709 646 πλείονα
751 591 978 646 ἐκείνων
1023 590 1544 664 πολυπραγμονοῦσι
1564 608 1578 623 ·
1619 590 1797 646 ταῦτα

113 689 219 760 γάρ
244 688 315 742 τά
350 688 447 741 νῦν
484 686 853 759 προτιθέμενα
882 687 1064 760 πολλῷ
1094 687 1319 742 πλείονα
1368 689 1593 741 ἐκείνων
1622 688 1791 743 ἐστίν.

125 788 180 841 Ὀ
212 786 315 857 μὲν
338 780 431 839 οὖν
457 784 634 857 σαφὴς
668 784 825 853 λόγος
860 783 1067 839 τούτων
1097 785 1480 856 ἐπιτετράφθω
1509 785 1588 857 τῷ
1613 786 1794 839 πάντα

108 883 275 937 εἰδότι
312 883 444 954 πρὶν
480 881 748 951 γενέσεως
775 880 978 934 αὐτῶν.

174 1021 249 1097 η’.
312 1025 377 1086 Εἰ
401 1023 461 1077 δέ
501 1025 607 1098 χρὴ
640 1023 737 1078 καὶ
774 1022 974 1087 αὐτοὺς
1011 1022 1077 1077 ἐκ
1117 1021 1229 1076 τῶν
1268 1021 1369 1094 ἥδη
1412 1020 1795 1090 γεγενημένων

105 1113 407 1184 γνωρίμων
437 1114 571 1183 ἡμῖν
619 1113 909 1182 ἐπινοῆσαι
957 1110 1112 1164 λύσιν
1150 1110 1247 1164 καὶ
1295 1106 1650 1181 παραμυθίαν
1680 1109 1794 1171 τοῖς

106 1200 472 1273 ζητουμένοις
512 1199 658 1266 τινὰ,
687 1199 777 1254 διά
814 1201 944 1263 τοὺς
980 1198 1189 1270 σφόδρα
1220 1197 1392 1252 ταῦτα
1429 1194 1796 1267 περιεργαζο-

107 1290 336 1360 μένους,
384 1287 562 1342 ἐκεῖνό
597 1305 770 1359 φημι,
813 1288 897 1342 ὅτι
935 1287 999 1341 τὸ
1038 1285 1139 1359 μὲν
1169 1286 1298 1349 τοὺς
1324 1283 1567 1345 δικαίους
1596 1284 1654 1336 ἐν
1684 1280 1794 1334 θλί-

102 1377 265 1445 ψεσιν
294 1372 460 1442 εἶναι,
489 1377 551 1429 ἐν
577 1376 763 1429 ἀνέσει
793 1375 850 1429 δέ
880 1376 1007 1438 τοὺς
1039 1373 1332 1444 πονηροὺς,
1368 1370 1490 1425 οὐδὲ
1511 1370 1793 1440 ζητήσεως

104 1462 257 1528 ἀξιον
308 1463 520 1530 λοιπὸν,
554 1463 655 1534 τῆς
695 1461 976 1534 βασιλείας
1009 1459 1516 1530 ἀποκαλυφθείσης,
1562 1458 1653 1513 καὶ
1693 1457 1793 1528 τῆς

104 1554 250 1608 κατά
284 1554 379 1607 τὸν
428 1552 691 1625 μέλλοντα
725 1552 897 1607 αἰῶνα
931 1551 1256 1615 ἀντιδόσεως
1289 1549 1599 1620 δειχθείσης
1636 1549 1789 1617 ἡμῖν.

104 1642 214 1696 Τοῦ
261 1643 374 1715 γάρ
424 1643 546 1697 κατ’
593 1643 751 1709 ἀξίαν
806 1646 923 1697 ἐκεῖ
977 1642 1232 1714 μένοντος
1285 1640 1538 1702 ἕκαστον,
1587 1638 1639 1693 τί
1687 1638 1793 1711 χρὴ

101 1730 474 1799 ταράττεσθαι
510 1734 624 1795 τοῖς
665 1732 973 1804 γινομένοις
1022 1729 1211 1785 ἐνθάδε
1255 1728 1442 1792 καλοῖς
1484 1728 1518 1800 ἢ
1566 1730 1790 1794 κακοίς;

105 1818 246 1882 Τοὺς
283 1819 384 1889 μὲν
414 1818 525 1891 γὰρ
560 1818 710 1890 αὐτῷ
746 1819 1116 1891 προσέχοντας
1140 1820 1169 1870 6
1195 1816 1349 1884 Θεὸς,
1380 1816 1477 1870 am
1510 1815 1794 1884 γενναίους

109 1905 367 1976 ἀθλητάς,
395 1907 608 1971 τούτοις
653 1906 925 1978 γυμνάζει
969 1910 1084 1969 τοῖς
1121 1906 1339 1971 πόνοις,
1377 1905 1505 1969 τοὺς
1529 1905 1587 1958 δὲ
1626 1905 1792 1959 ἀσθε-

109 1993 394 2066 νεστέρους
441 1994 537 2048 καὶ
567 1993 926 2066 βραδυτέρους
948 2003 969 2024 ⁸
1003 1996 1098 2048 καὶ
1128 1992 1297 2064 μηδὲν
1334 1990 1442 2045 τῶν
1475 1991 1794 2062 βαρυτέρων

108 2082 439 2154 δυναμένους
474 2083 719 2156 ἐνεγκεῖν
754 2083 1021 2155 πρότερον
1069 2079 1220 2154 [174]
1264 2083 1341 2144 εἰς
1381 2079 1480 2151 τὴν
1512 2078 1621 2134 τῶν
1658 2081 1796 2148 ἀγα-

109 2169 215 2223 θῶν
275 2170 459 2243 ἔργων
506 2171 692 2240 ἐνάγει
743 2171 1081 2243 προτροπὴν.
1117 2170 1182 2224 Et
1226 2169 1284 2223 δέ
1324 2168 1422 2223 καὶ
1481 2167 1794 2222 τούναντίον

111 2257 399 2328 συμϐαίνει
444 2258 739 2327 πολλάκις,
784 2261 881 2314 καὶ
937 2259 1125 2313 πολλοὶ
1162 2257 1263 2328 μὲν
1308 2256 1418 2311 τῶν
1461 2255 1688 2311 δικαίων
1734 2258 1792 2309 ἐν

107 2345 291 2400 ἀνέσει
318 2346 568 2416 διάγουσι
612 2348 707 2401 καὶ
743 2349 912 2419 τιμῇ,
941 2346 1053 2400 τῶν
1096 2345 1155 2399 δέ
1197 2344 1451 2417 πονηρῶν
1495 2347 1554 2398 ἐν
1596 2342 1792 2415 ἀτιμίᾳ

111 2435 205 2487 καὶ
236 2438 351 2499 τοῖς
396 2435 647 2506 ἐσχάτοις
688 2439 880 2501 κακοῖς
899 2477 914 2503 ,
960 2436 1100 2498 τέως
1152 2432 1254 2504 μὲν
1294 2434 1427 2503 ἡμῖν
1476 2433 1509 2504 ἠ
1548 2432 1793 2504 προτέρα

110 2520 411 2588 ἀντίθεσις,
457 2524 492 2594 ἠ
530 2523 763 2592 λέγουσα
815 2522 1120 2579 κακοῦσθαι
1183 2522 1283 2592 μὲν
1331 2520 1459 2583 τοὺς
1516 2519 1788 2583 δικαίους,

110 2614 234 2674 τοὺς
264 2610 322 2663 δὲ
375 2610 596 2677 ἀδίκους
627 2614 861 2684 τρυφᾷν,
890 2611 1259 2683 ἀνατρέπεται
1291 2610 1372 2681 τῷ
1428 2609 1594 2681 λόγῳ.
1630 2610 1694 2664 Et
1733 2611 1791 2663 δέ

111 2700 206 2753 καὶ
245 2698 451 2771 ταύτην
492 2700 853 2754 ἐπιλύσασθαι
897 2701 999 2765 δεῖ,
1069 2702 1246 2754 ἐκεῖνο
1303 2700 1371 2754 ἂν
1418 2699 1665 2769 εἴποιμι,
1708 2699 1792 2753 ὅτι

112 2787 209 2857 οὐχ
234 2786 315 2840 ἐνὶ
351 2789 543 2860 τρόπῳ
571 2787 640 2842 τά
682 2788 806 2842 καθ’
841 2790 990 2860 ἡμᾶς
1017 2788 1327 2858 οἰκονομεῖν
1358 2789 1387 2839 ό
1414 2785 1547 2849 Θεὸς
1574 2785 1788 2852 εἴωθεν,

115 2875 228 2927 ἀλλ’
262 2874 497 2949 εὔπορος
547 2875 625 2930 ῶν
672 2876 876 2941 πολλάς
921 2878 1053 2949 ἡμῖν
1101 2877 1293 2947 τέμνει
1346 2874 1446 2939 τὰς
1497 2876 1635 2947 πρὸς
1687 2890 1794 2928 σω-

111 2964 302 3035 τηρίαν
341 2965 517 3028 ὁδούς.
556 2966 776 3037 Ἐπειδὴ
817 2965 928 3037 γὰρ
961 2963 1166 3041 πολλοὶ.
1196 2965 1289 3018 τὸν
1335 2966 1467 3036 περὶ
1505 2964 1614 3018 τῶν
1656 2963 1788 3035 μελ-

112 3052 307 3106 λόντων
339 3053 434 3107 καὶ
487 3053 587 3124 τῆς
627 3053 980 3119 ἀναστάσεως
1031 3054 1133 3107 οὐκ
1194 3052 1479 3124 ἀνέχονται
1529 3050 1787 3117 δέξασθαι

111 3138 290 3208 λόγον,
306 3140 398 3195 διὰ
426 3140 583 3195 τοῦτο
608 3144 668 3197 ἐν
720 3142 915 3215 βραχεῖ
951 3144 1054 3214 τῆς
1084 3141 1318 3213 κρίσεως
1346 3140 1443 3210 τὴν
1478 3140 1665 3195 εἰκόνα
1705 3143 1791 3194 ἐν-

113 3228 234 3281 θάδε
275 3227 569 3295 δείκνυσιν,
611 3230 740 3283 ὅταν
775 3228 978 3301 κολάζῃ
1021 3230 1120 3300 μὲν
1153 3230 1280 3292 τοὺς
1307 3229 1600 3299 πονηροὺς,
1628 3229 1788 3300 εὐερ-

110 3322 237 3391 γετῇ
265 3317 323 3371 δὲ
349 3322 479 3383 τοὺς
506 3321 799 3392 χρηστούς.
826 3320 1003 3374 Τοῦτο
1034 3319 1145 3390 γάρ
1171 3319 1475 3390 ὁλοσχερῶς
1508 3319 1607 3390 μὲν
1636 3320 1694 3373 ἐν
1719 3322 1786 3392 τῇ

110 3412 284 3484 κρίσει
325 3413 558 3483 γίνεται,
602 3419 668 3468 ἐκ
704 3414 905 3486 μέρους
946 3413 1006 3468 δὲ
1039 3414 1136 3466 καὶ
1181 3411 1418 3466 ἐνταῦθα
1458 3411 1577 3478 νῦν,
1616 3412 1704 3467 ἴνα
1737 3417 1787 3468 οἰ

106 3505 241 3577 πρὸς
284 3508 378 3561 τὸν
408 3509 620 3582 μακρὸν
670 3509 878 3562 ἐκεῖνον
919 3504 1384 3568 ’ἀναπεπτωκότες
1428 3503 1619 3574 χρόνον
1673 3508 1788 3571 τοῖς

106 3598 234 3666 γοῦν
273 3602 331 3653 ἐν
358 3600 436 3673 τῷ
466 3595 694 3673 παρόντι
723 3600 1025 3673 δρωμένοις
1059 3598 1460 3669 ἐπιεικέστεροι
1487 3599 1780 3668 γένωνται.

107 3693 227 3748 Εἴτε
272 3696 385 3766 γὰρ
415 3694 603 3767 μηδεὶς
642 3696 782 3759 ὅλως
826 3691 1116 3758 ἐκολάζετο
1166 3691 1277 3744 τῶν
1316 3690 1594 3763 πονηρῶν,
1649 3694 1786 3765 μηδέ

105 3788 330 3859 ἐτιμᾶτο
375 3787 485 3842 τῶν
532 3788 809 3861 χρηστῶν,
859 3787 1045 3840 πολλοὶ
1076 3784 1183 3839 τῶν
1230 3785 1660 3840 διαπιστούντων
1707 3786 1788 3858 τῷ

102 3874 198 3946 τῆς
220 3876 572 3940 ἀναστάσεως
609 3876 752 3948 λόγῳ
776 3874 874 3948 τὴν
912 3875 1011 3946 μὲν
1044 3875 1246 3947 ἀρετὴν
1279 3873 1357 3937 ὡς
1386 3874 1573 3928 κακῶν
1602 3874 1787 3929 αἰτίαν

102 3964 352 4035 ἔφευγον,
378 3966 478 4039 τὴν
510 3966 568 4019 δέ
596 3966 861 4038 πονηρίαν
888 3965 964 4030 ὡς
991 3964 1213 4034 ἀγαθῶν
1240 3964 1501 4037 πρόξενον
1527 3964 1781 4018 ἐδίωκον·

99 4056 207 4109 εἴτε
260 4055 426 4110 πάλιν
472 4057 708 4112 ἐνταῦθα
744 4057 808 4110 τὸ
858 4058 980 4111 κατ’
1027 4055 1186 4120 ἀξίαν
1246 4056 1486 4121 ἅπαντες
1531 4056 1785 4127 ἀπελάμ-

100 4147 284 4210 ϐανον,
326 4146 581 4216 περιττὸν
624 4145 690 4199 ἂν
734 4145 1013 4216 ἡγήσαντο
1039 4139 1177 4197 εἶναι
1230 4145 1321 4199 καὶ
1348 4143 1518 4213 ψευδῆ
1546 4142 1639 4196 τὸν
1684 4146 1786 4215 τῆς

99 4231 338 4303 κρίσεως
378 4231 555 4302 λόγον.
591 4233 685 4287 ’Ἱν’
710 4228 804 4286 οὖν
847 4234 982 4302 μήτε
1029 4223 1185 4292 οὗτος
1224 4229 1596 4301 διαπιστῆται,
1645 4236 1783 4302 μήτε

96 4320 124 4372 6
159 4320 336 4383 πολὺς
376 4321 471 4375 καὶ
516 4321 732 4392 χυδαῖος
782 4319 910 4383 λαὸς
943 4318 1275 4391 φαυλότερος
1328 4319 1550 4389 γίνηται
1607 4336 1781 4374 κατα-

94 4409 336 4481 φρονῶν,
387 4411 744 4484 ἐπεξέρχεται
783 4411 878 4463 καὶ
930 4407 1166 4461 ἐνταῦθα
1212 4405 1322 4461 τῶν
1358 4404 1782 4480 ἀμαρτὰνόνὶῶ

91 4501 350 4569 πολλοὺς,
396 4502 495 4556 καὶ
548 4498 839 4571 ἀμείϐεται
872 4496 981 4551 τῶν
1026 4495 1440 4568 κατορθούντων
1473 4496 1669 4561 ἐνίους,
1700 4496 1782 4569 τῷ

92 4590 193 4659 μὲν
231 4589 311 4662 μὴ
353 4591 431 4654 εἰς
475 4589 684 4651 πάντας
721 4586 882 4641 τοῦτο
916 4588 1109 4649 ποιεῖν,
1148 4585 1241 4639 τὸν
1282 4585 1385 4656 τῆς
1417 4585 1652 4657 κρίσεως
1687 4602 1781 4638 πι-

94 4680 395 4752 στούμενος
425 4679 604 4749 λόγον,
633 4677 711 4751 τῷ
738 4678 795 4732 δέ
827 4676 923 4731 καὶ
964 4677 1071 4751 πρὸ
1115 4676 1217 4747 τῆς
1258 4675 1495 4748 κρίσεως
1529 4674 1782 4741 κολάζειν

88 4769 269 4835 τινάς,
314 4772 444 4834 τοὺς
480 4768 648 4823 πολὺν
690 4766 858 4820 ὕπνον
896 4763 1256 4827 καθεύδοντας
1303 4765 1609 4838 διεγείρων.
1647 4766 1781 4821 Ἀπὸ

89 4860 190 4929 μὲν
243 4859 353 4932 γάρ
391 4858 485 4914 τοῦ
522 4854 883 4929 τιμωρεῖσθαι
924 4853 1050 4916 τοὺς
1090 4852 1365 4923 πονηροὺς
1408 4852 1781 4909 διανίστανται

88 4947 282 5002 πολλοὶ
306 4947 388 5020 τῷ
416 4947 567 5021 φόϐῳ
598 4946 692 5000 τοῦ
726 4943 801 5017 μὴ
825 4941 896 4997 τά
920 4941 1061 4995 αύτά
1098 4940 1293 4994 παθεῖν
1311 4958 1326 4973 ·
1355 4941 1464 4996 ἀπὸ
1491 4942 1549 4995 δέ
1572 4942 1668 4996 τοῦ
1702 4944 1779 5016 μὴ

87 5038 306 5104 πάντας
334 5037 570 5092 ἐνταῦθα
606 5036 679 5091 τά
708 5037 829 5091 κατ’
856 5029 1014 5096 ἀξίαν
1044 5029 1341 5085 ἀπολαϐεῖν
1372 5030 1780 5099 ἀναγκάζονται

88 5122 410 5195 λογίζεσθαι
434 5129 518 5183 ὅτι
556 5128 636 5191 εἰς
666 5124 852 5198 ἔτερόν
882 5141 1004 5176 τινα
1049 5119 1210 5174 τοῦτο
1252 5120 1607 5191 τεταμίευται
1655 5137 1781 5174 και-

94 5218 207 5285 ρόν.

158 5357 238 5411 οὗ
279 5355 391 5428 γάρ
432 5354 499 5409 ἂν
548 5354 723 5427 δήπου
765 5353 973 5418 δίκαιος
1016 5350 1093 5405 ὢν
1132 5351 1161 5403 6
1196 5350 1330 5414 Θεὸς
1372 5350 1611 5422 περιεῖδε
1653 5368 1781 5405 τοσο

92 5446 287 5511 ούτους
335 5448 429 5501 καὶ⁵
461 5444 569 5501 τῶν
618 5443 804 5498 κακῶν
853 5444 1237 5516 ἀτιμωρήτους
1277 5440 1643 5505 ἀπελθόντας,
1685 5443 1780 5496 καὶ

90 5537 200 5591 τῶν
236 5536 467 5606 ἀγαθῶν
510 5536 726 5608 μυρίοις
766 5535 1128 5601 κολασθέντας
1158 5534 1375 5598 δεινοῖς,
1408 5534 1457 5587 εί
1496 5530 1572 5605 μὴ
1610 5533 1778 5603 ἀλλην

91 5628 214 5685 τινά
271 5628 470 5694 αἰῶνος
516 5628 801 5701 ἑκατέροις
844 5626 1248 5698 παρεσκευάκει
1284 5626 1643 5681 κατάστασιν.
1685 5625 1779 5679 Διὸ

99 5823 112 5837 ’
145 5849 174 5881 ³
201 5843 301 5900 Καὶ
323 5844 634 5910 βραδυτέρους
654 5844 794 5895 dccsl
823 5840 873 5894 in
898 5839 1046 5893 Savil.
1084 5848 1133 5893 el
1158 5839 1292 5894 Colb.

1024 384 1118 434 AD
1165 371 1539 434 εΤΑοιιιιυΜ
1573 375 1621 431 Α
1657 376 1965 435 οΑΞΜΟΝΕ
2007 377 2368 437 VEXATUM.
2406 379 2535 435 LIB.
2577 379 2620 435 Ι.

3477 375 3586 435 N5

1900 494 1961 549 οὐ
2014 495 2242 561 πάντας,
2283 495 2398 551 ἀλλ’
2440 497 2617 561 ἐνίους
2663 496 2881 562 κολάζει
2913 498 3008 551 καὶ
3043 496 3202 568 τιμᾷ,
3248 493 3444 568 ὥσπερ
3486 496 3584 551 ἐπὶ

1895 586 1991 641 τοῦ
2021 586 2255 659 Πέρσου,
2281 586 2473 661 ῶσπερ
2501 589 2594 642 ἐπὶ
2623 589 2714 643 τοῦ
2756 590 3027 656 Ἐζεκίου·
3060 590 3234 643 καίτοι
3268 587 3457 642 πολλοί⁸
3483 590 3581 644 καὶ

1894 683 1973 755 τῷ
2009 684 2279 757 Ἀσσυρίῳ
2321 686 2608 754 γεγόνασιν
2647 686 2707 753 ἐξ
2741 688 2863 759 ῐσης
2896 688 3136 752 ἀσεϐεῖς,
3178 689 3273 741 καὶ
3313 686 3457 742 κατά
3484 687 3579 741 τὸν

1908 773 2156 839 Ἐζεκίαν
2202 774 2470 846 ἐνάρετοι,
2523 776 2640 830 ἀλλ’
2687 779 2789 833 οὐκ
2845 779 3221 833 ἐπὶ·πάντων
3271 778 3434 832 τοῦτο
3481 792 3579 830 πε·

1894 868 2119 939 ποίηκε·
2146 870 2207 924 τὸ
2239 871 2297 924 δέ
2325 872 2520 937 αἴτιον,
2547 874 2686 945 ὅπερ
2729 873 2886 945 ἔφην,
2918 875 3037 928 ἐστὶ
3072 874 3132 927 τὸ
3170 874 3397 945 μηδέπω
3435 888 3579 944 παρ·

1895 969 2034 1018 εἶναι
2082 967 2182 1037 τῆς
2223 969 2457 1039 κρίσεως
2493 969 2583 1024 τὸν
2620 972 2830 1042 καιρόν.
2865 968 2970 1024 Καὶ
2998 971 3077 1024 ὅτι
3114 971 3216 1023 οὐκ
3243 971 3375 1042 ἐμὸς
3420 960 3578 1032 οὗτος

1894 1064 1923 1115 6
1960 1060 2139 1132 λόγος,
2179 1067 2345 1121 αὐτοῦ
2383 1067 2479 1121 τοῦ
2511 1068 2714 1141 κρίνειν
2752 1069 2899 1141 ἡμᾶς
2925 1068 3048 1122 τότε
3095 1056 3381 1139 μέλλοντος
3420 1067 3578 1123 ἀκου-

1897 1178 2008 1215 σον.
2050 1162 2270 1236 Ἐπειδὴ
2297 1163 2405 1237 γὰρ
2438 1164 2746 1237 προσῆλθον
2779 1166 2930 1238 αύτῷ
2957 1167 3004 1218 οἱ
3034 1166 3134 1236 τὴν
3166 1163 3426 1236 τελευτὴν
3465 1163 3576 1217 τῶν

1896 1256 2002 1312 ὑπὸ
2038 1258 2133 1314 τοῦ
2179 1261 2391 1334 πύργου
2440 1262 2905 1335 καταχωσθέντων
2937 1264 3030 1317 καὶ
3063 1262 3162 1335 τὴν
3204 1261 3300 1315 τού
3340 1261 3576 1315 Πιλάτου

1898 1362 2095 1432 μανίαν
2126 1365 2592 1434 ἀπαγγέλλοντες,
2625 1366 2692 1438 ἢν
2734 1368 2812 1429 εἰς
2845 1367 2972 1429 τοὺς
3011 1363 3408 1432 τελευτηκότας
3476 1365 3578 1417 ἐπ-

1897 1458 2153 1527 εδείξατο,
2179 1466 2300 1527 ταῖς
2327 1462 2543 1527 θυσίαις
2566 1462 2746 1516 αὐτῶν
2769 1461 3041 1533 ἀναμίξας
3068 1461 3131 1515 τὸ
3145 1456 3305 1531 αἷμα,
3324 1460 3377 1512 τί
3408 1475 3540 1530 φησι
3560 1475 3575 1525 ;

1895 1559 2128 1615 Δοκεῖτε
2174 1560 2265 1615 ὅτι
2314 1566 2369 1617 οι
2422 1561 2735 1617 Γαλιλαῖοι
2790 1558 2959 1618 οὗτοι
3014 1560 3352 1632 ἁμαρτωλοὶ
3417 1560 3579 1630 παρὰ
3664 1540 3669 1545 θ
3750 1643 3760 1652 .

1895 1658 2129 1725 πάντας
2196 1660 2341 1725 τοὺς
2395 1660 2765 1727 Γαλιλαίους
2827 1660 3133 1729 ἐγένοντο,
3193 1658 3285 1712 ὅτι
3333 1657 3580 1712 τοιαῦτα

1895 1756 2301 1822 πεπόνθασιν;
2338 1756 2515 1826 Οὐχί,
2552 1757 2709 1826 λέγω
2751 1755 2915 1825 ὑμῖν,
2946 1756 3087 1810 ἀλλ’
3125 1755 3236 1809 ἐὰν
3276 1752 3362 1824 μὴ
3395 1770 3577 1823 μετα-

1892 1846 2192 1916 νοήσητε,
2243 1848 2466 1918 πάντες
2509 1852 2726 1921 ὁμοίως
2762 1850 3107 1906 ἀπολεῖσθε.
3160 1849 3228 1905 Ἢ
3259 1847 3476 1901 ἐκεῖνοι
3521 1849 3576 1901 οἱ

1893 1944 2040 2000 δέκα
2084 1945 2185 2000 καί
2232 1946 2408 2015 ὀκτὼ,
2448 1948 2543 2017 ἐφ’
2592 1949 2701 2015 οῦς
2745 1949 2973 2003 ἔπεσεν
3027 1953 3059 2003 ὀ
3108 1948 3336 2018 πύργος
3381 1945 3453 1999 ἐν
3494 1943 3577 2011 τῷ

1895 2047 2130 2118 Σιλωὰμ
2168 2049 2269 2102 καὶ
2302 2049 2658 2105 ἀπέκτεινεν
2710 2049 2956 2117 αὐτοὺς,
2999 2048 3230 2104 δοκεῖτε
3268 2048 3359 2102 ὅτι
3401 2048 3575 2103 αὺτοί

1895 2143 2199 2214 ὀφειλέται
2233 2143 2516 2216 ἐγένοντο
2548 2146 2711 2217 παρά
2759 2146 2990 2214 πάντας
3033 2145 3175 2212 τοὺς
3220 2144 3575 2199 κατοικοῦν-

1896 2261 2000 2312 τας
2035 2243 2187 2317 [175]
2224 2246 2657 2319 Ἰερουσαλήμς
2697 2248 2866 2319 Οὐχί,
2895 2246 3052 2317 λέγω
3082 2246 3247 2318 ὑμῖν,
3277 2247 3416 2301 ἀλλ’
3467 2245 3578 2301 ἐὰν

1886 2339 1974 2409 μὴ
1999 2340 2437 2410 μετανοήσητε,
2475 2340 2701 2410 πάντες
2730 2344 3017 2409 ὡσαύτως
3045 2342 3394 2398 ἀπολεῖσθε.
3424 2341 3574 2415 Αὕτη

1889 2444 1991 2515 τῆς
2016 2443 2287 2515 ἀναϐολῆς
2309 2446 2343 2516 ἡ
2380 2444 2549 2499 αίτία.
2578 2445 2681 2499 Διά
2708 2444 2868 2499 τοῦτο
2888 2446 3013 2511 τοὺς
3039 2445 3149 2500 τῶν
3176 2443 3359 2500 αὐτῶν
3393 2444 3577 2511 ἀξίους

1890 2547 1991 2618 οὐχ
2046 2546 2184 2618 όμοῦ
2232 2548 2443 2611 πάντας
2488 2548 2741 2613 κολάζειν
2778 2548 2990 2616 εἴωθεν,
3043 2550 3131 2603 ἴνα
3168 2551 3218 2603 οί
3263 2550 3576 2621 λειπόμενοι

1893 2648 2136 2720 βελτίους
2170 2652 2293 2714 ταῖς
2329 2650 2555 2703 ἐκείνων
2596 2650 2862 2719 γένωνται
2893 2654 3223 2723 συμφοραῖς.
3259 2652 3372 2705 Καὶ
3403 2652 3576 2705 ταῦτα

1895 2749 1994 2821 μὲν
2032 2751 2163 2820 ἡμῖν
2213 2748 2388 2815 οὕτως
2436 2749 2795 2805 ἐπιλελύσθω.
2836 2751 2909 2804 Σὺ
2952 2750 3011 2805 δέ
3059 2751 3192 2815 ίσως
3237 2751 3436 2805 καὶτὰ
3479 2752 3576 2807 νῦν

1892 2845 2261 2918 προτιθέμενα
2306 2846 2514 2918 ζητεῖς,
2542 2846 2579 2901 ἃ
2612 2847 2793 2920 πολλῷ
2819 2848 3026 2904 τούτων
3053 2850 3199 2903 ἐστὶν
3226 2847 3572 2921 ἀπορώτερα.

1896 2945 2042 3015 Πλὴν
2085 2945 2224 2998 ἀλλά
2261 2946 2468 3000 τούτων
2501 2949 2636 3019 ἡμῖν
2675 2949 2819 3002 κατά
2848 2946 3078 3020 δύναμιν
3124 2948 3437 3017 γενομένων
3473 2965 3578 3018 φα-

1892 3048 2086 3117 νερῶν,
2121 3051 2215 3104 καὶ
2243 3050 2343 3121 τῆς
2371 3049 2598 3104 ἐκείνων
2626 3049 2835 3115 λύσεως
2875 3046 3034 3122 οἶμαί
3060 3067 3185 3104 τινα
3235 3050 3580 3122 προκαταϐε-

1893 3149 2127 3222 ϐλῆσθαι
2171 3151 2263 3205 διὰ
2287 3150 2494 3206 τούτων
2522 3152 2721 3224 ἀρχήν.

1961 3306 2027 3360 Τί
2066 3300 2159 3360 οὖν
2187 3307 2336 3359 ἐστιν
2373 3306 2509 3379 ὅπερ
2570 3306 2831 3378 ἀπορεῖς;
2880 3305 3005 3359 Ὅτι
3053 3305 3242 3359 πολλοί⁸
3290 3305 3456 3379 μέχρι
3486 3323 3577 3361 τε·

1889 3409 2083 3482 λευτῆς
2143 3411 2209 3463 ἐκ
2268 3408 2493 3481 πρώτης
2561 3409 2778 3480 ἡλικίας
2836 3407 3060 3472 πολλαῖς
3121 3408 3576 3480 προσεπάλαισαν

1891 3512 2220 3584 συμφοραῖς.
2254 3511 2397 3580 Ἐγὼ
2439 3510 2497 3565 δὲ
2539 3513 2634 3567 καὶ
2684 3513 2815 3583 περὶ
2861 3510 3069 3565 τούτων
3133 3511 3344 3582 εἴποιμι
3384 3510 3450 3564 ἂν
3480 3511 3579 3565 καὶ

1888 3614 2019 3685 περὶ
2046 3612 2157 3668 τῶν
2195 3613 2499 3688 προτέρων,
2536 3614 2618 3667 ὅτι
2650 3611 3081 3685 προηγουμένως
3114 3611 3213 3684 μὲν
3250 3611 3340 3666 διὰ
3376 3610 3475 3683 τὴν
3506 3613 3579 3665 οῖ-

1888 3715 2044 3769 κείαν
2093 3716 2290 3779 αὐτοὺς
2349 3714 2569 3780 κολάζει
2628 3714 2925 3787 πονηρίαν·
2974 3712 3166 3766 ἔπειτα
3214 3712 3272 3766 δέ
3326 3712 3416 3766 ἵνα
3479 3712 3577 3766 καὶ

1886 3815 2064 3886 ἐτεροι
2092 3815 2425 3890 κερδάνωσιν
2454 3816 2518 3869 ἐκ
2546 3815 2654 3869 τῶν
2686 3815 2895 3880 τούτοις
2930 3815 3333 3887 συμϐαινόντων
3362 3813 3574 3869 κακῶν.

1888 3917 1950 3971 El
1984 3917 2041 3971 δὲ
2090 3918 2165 3989 μὴ
2196 3917 2289 3970 ἐπὶ
2327 3916 2545 3972 πάντων
2576 3916 2736 3971 τοῦτο
2763 3916 2993 3986 γίνεται,
3022 3913 3176 3970 οὔπω
3205 3915 3306 3987 τῆς
3339 3914 3579 3985 κρίσεως

1885 4018 1915 4069 6
1948 4017 2161 4089 καιρός.
2200 4018 2265 4070 Τί
2304 4013 2420 4084 οὖν,
2456 4017 2643 4095 φηίῖὶν,
2675 4017 2805 4071 ὅταν
2840 4018 2973 4089 πρὶν
3017 4010 3189 4070 ἐλθεῖν
3219 4017 3298 4079 εἰς
3328 4016 3426 4088 τὴν
3458 4015 3581 4087 ἡλι.⁸

1885 4120 2011 4175 κίαν
2035 4121 2136 4192 τὴν
2168 4118 2568 4189 διαγνωστικὴν
2599 4116 2709 4170 τῶν
2734 4116 2911 4169 καλῶν
2936 4118 3031 4170 καὶ
3063 4115 3171 4170 τῶν
3198 4117 3259 4169 οὐ
3290 4113 3580 4179 τοιούτων,

1884 4219 1961 4284 ὡς
2006 4219 2221 4293 μεγάλα
2268 4217 2597 4289 ἠδικηκότες
2634 4217 2776 4280 τινὲς
2824 4216 3182 4282 κολάζονται;
3225 4214 3582 4284 Τούτου“μέψ

1884 4320 1948 4373 οὐ
1983 4319 2083 4391 μία
2113 4318 2200 4381 τίς
2233 4320 2381 4372 ἐστιν
2418 4315 2590 4381 αἰτία,
2621 4313 2761 4369 ἀλλά
2794 4314 2989 4370 πολλαὶ
3029 4314 3126 4368 καὶ
3162 4313 3431 4384 διάφοροι.
3463 4311 3581 4364 Καὶ.

1884 4425 1996 4496 γάρ
2021 4423 2172 4494 παρά
2221 4421 2317 4492 τὴν
2344 4420 2454 4475 τῶν
2494 4420 2914 4491 γεννησαμένων
2950 4419 3251 4490 ἀκρασίαν,
3286 4414 3380 4469 καὶ
3419 4413 3571 4487 παρὰ

1882 4531 1983 4603 τὴν
2014 4531 2125 4584 τῶν
2157 4528 2472 4600 θρεψάντων
2497 4527 2799 4601 ρᾳθυμίαν,
2826 4528 2923 4580 καὶ
2953 4525 3106 4597 παρὰ
3130 4523 3232 4595 τὴν
3254 4524 3362 4577 τῶν
3390 4521 3570 4593 ἀέρων

1886 4632 2204 4703 ἀνωμαλίαν
2228 4674 2243 4699 ,
2294 4632 2391 4686 καὶ
2429 4631 2580 4703 παρὰ
2617 4630 2787 4685 πολλά
2829 4629 2993 4703 ἐτερα
3037 4627 3267 4680 τοιαῦτα
3310 4622 3571 4696 συμπτώ-

1888 4752 2035 4806 ματα
2065 4734 2224 4788 τοῦτο
2263 4734 2459 4804 γένοιτ’
2498 4732 2585 4788 ἀν.
2619 4732 2763 4805 Πρὸς
2791 4731 2848 4784 δέ
2878 4729 3091 4792 τούτοις
3125 4726 3357 4790 πολλοὺς
3390 4723 3571 4779 αὐτῶν

1883 4836 2023 4896 οἶδεν
2046 4839 2076 4892 6
2097 4837 2229 4902 Θεὸς
2253 4836 2544 4908 ἐωμένους
2569 4834 2841 4906 πονηρούς
2857 4850 2869 4862 ·
2895 4829 3015 4887 εἶτα
3032 4831 3224 4903 ὥσπερ
3245 4831 3360 4883 τισὶ
3383 4829 3571 4892 πέδαις

1884 4934 2214 5009 προκατέχει
2239 4936 2361 4999 ταῖς
2388 4932 2684 5005 τιμωρίαις
2715 4931 2943 4995 ταύταις
2972 4928 3191 4994 αὐτούς.
3214 4929 3287 4983 Ἦ
3310 4927 3410 4998 οὐχ
3438 4928 3572 4998 ὁρᾷς

1883 5037 1978 5089 καὶ
2006 5034 2116 5088 τῶν
2153 5033 2394 5088 ἐπαιτῶν
2426 5030 2657 5094 πολλοὺς
2687 5030 2782 5085 καὶ
2816 5031 2874 5083 ἐν
2910 5030 3048 5099 αὐτῇ
3078 5031 3144 5100 τῇ
3192 5026 3370 5095 θλίψει
3399 5026 3571 5096 μυρία

1882 5132 2288 5207 ἐργαζομένους
2329 5130 2499 5196 δεινὰ,
2528 5131 2589 5183 ού
2622 5128 2711 5183 διὰ
2734 5127 2835 5199 τὴν
2862 5125 3063 5196 θλίψιν,
3091 5124 3214 5178 οὐδὲ
3241 5122 3332 5176 διὰ
3367 5121 3457 5176 τὸν
3489 5121 3575 5173 λι·-

1887 5233 2008 5304 μὸν,
2049 5230 2187 5286 ἀλλά
2218 5230 2310 5284 διὰ
2343 5230 2443 5300 τὴν
2475 5227 2684 5282 οἰκείαν
2722 5226 2990 5298 πονηρίαν
3024 5223 3219 5295 μόνον;
3263 5218 3410 5289 Ἐγὼ
3455 5217 3575 5291 γάρ

1882 5329 2095 5403 ῆκουσά
2116 5346 2277 5383 τινων
2302 5326 2568 5397 λεγόντων
2598 5326 2750 5392 ποτέ,
2776 5325 2858 5379 ὅτι
2883 5325 3120 5393 γυναῖκα
3152 5316 3444 5387 ἐλευθέραν
3473 5313 3572 5369 καὶ

1883 5425 2118 5497 κοσμίαν
2179 5424 2547 5489 ἀπολαϐόντες
2606 5424 2693 5478 ἐπ’
2739 5421 2977 5495 ἐρημίας
3021 5416 3334 5488 ἐνύϐρισαν.
3371 5412 3569 5468 Καίτοι

1883 5526 2044 5589 ποίας
2088 5523 2247 5579 τοῦτο
2274 5522 2542 5594 ἀνάγκης,
2580 5522 2741 5586 ποίας
2777 5518 3010 5589 θλίψεως
3047 5515 3243 5587 ἐργονς
3286 5510 3351 5565 Τί
3383 5511 3440 5565 δὲ
3468 5509 3569 5563 οὐκ

1881 5627 1948 5683 ἂν
1994 5625 2239 5699 ἔπραξαν
2286 5619 2434 5678 οὗτοι
2482 5622 2688 5689 δεινὸν,
2739 5620 2789 5672 εἰ
2843 5620 2919 5688 μὴ
2959 5611 3200 5682 τοσούτῳ
3251 5608 3571 5680 κατείχοντο

1880 5725 2100 5796 δεσμῷς
2137 5723 2259 5777 Τῶν
2286 5723 2346 5778 δὲ
2382 5722 2446 5776 τὸ
2484 5719 2857 5789 δεσμωτήριον
2892 5712 3186 5768 οἰκούντων
3228 5711 3328 5782 τὴν
3370 5707 3568 5781 μανίαν

1886 5827 1981 5880 καὶ
2026 5824 2124 5895 τὴν
2158 5823 2355 5879 λύτταν
2392 5823 2472 5886 τίς
2511 5820 2575 5875 ὃν
2612 5819 2821 5889 ἐνέγκοι
2856 5813 3088 5887 ῥᾳδίως
3138 5810 3249 5867 Καὶ
3279 5810 3327 5865 ε’
3370 5807 3572 5879 δαιμο-
