4138 6432
249 377 359 432 445

241 489 319 542 do
344 503 588 544 memoro
625 503 746 557 qua:
774 497 898 544 tunc
935 499 1115 556 agunt,
1147 505 1268 544 cum
1295 505 1325 543 a
1350 489 1593 544 darmoue
1638 503 1832 559 appre-

243 579 580 645 henduntur,
609 579 702 634 sed
727 597 844 650 qua:
873 591 1216 650 posteaquam
1252 581 1338 636 illa
1361 583 1570 635 vexatio
1593 595 1836 635 cessave-

242 671 342 724 rit.
404 669 538 724 Nam
592 681 646 725 et
693 671 1007 726 edacitatem
1036 682 1365 742 sequuntur,
1398 683 1451 728 et
1491 671 1754 737 furantur,
1783 681 1837 728 et

245 759 605 824 inebriantur,
636 769 690 815 et
718 763 940 831 plurima
974 761 1056 815 his
1081 763 1239 817 etiam
1267 763 1499 832 turpiora
1529 763 1831 817 admittunt.

249 849 497 920 Denique
527 852 665 905 sicut
695 853 1095 906 malefactorum
1131 854 1384 922 plurimos
1414 869 1684 909 carcerem
1722 854 1811 908 diu

247 942 462 996 tissime
490 943 770 996 ‘incolere
821 943 1281 1012 permittitjudex,
1329 943 1571 998 adeo‘ut
1615 945 1839 1014 plerum-

249 1050 360 1104 que
394 1035 554 1088 vitam
587 1034 696 1088 illic
724 1035 928 1099 ﬁniant,
959 1043 1016 1088 ut
1043 1051 1162 1090 cum
1191 1050 1258 1090 ex
1289 1036 1472 1090 multis
1498 1037 1704 1105 aliquos
1745 1049 1840 1103 pu-

251 1126 357 1178 niri
386 1125 518 1190 vult,
547 1140 710 1178 unum
742 1140 804 1179 ex
839 1126 942 1180 illis
967 1165 982 1191 ,
1013 1135 1105 1179 aut
1132 1127 1290 1180 etiam
1322 1127 1458 1181 duos
1498 1127 1839 1180 eminentiori

252 1216 375 1270 loco
404 1224 642 1270 statuens
665 1255 680 1280 ,
712 1215 1181 1271 circumstantibus
1207 1217 1454 1271 omnibus
1477 1259 1493 1283 ,
1525 1218 1597 1270 ita
1627 1215 1839 1270 demum

251 1306 321 1358 ad
351 1316 576 1360 mortem
607 1306 727 1359 duci
769 1306 1034 1375 praecipit,
1063 1322 1234 1376 neque
1277 1307 1343 1361 ad
1375 1317 1635 1361 terrorem
1677 1316 1838 1361 cane-

257 1413 443 1451 rorum
501 1398 577 1451 sic
625 1397 794 1451 malos
833 1412 1019 1452 omnes
1052 1398 1239 1465 punire
1285 1413 1504 1480 necesse
1534 1399 1692 1452 habet
1723 1414 1734 1449 :
1771 1397 1841 1452 ita

259 1488 404 1543 Deus
429 1501 640 1557 quoque
668 1504 786 1541 cum
806 1503 906 1541 nos
928 1487 1213 1542 emendare
1244 1488 1375 1553 vult,
1406 1504 1510 1541 non
1539 1501 1724 1541 omnes
1742 1501 1843 1540 una

256 1579 429 1633 malos
456 1580 643 1648 punire
672 1579 1033 1634 necessarium
1061 1580 1355 1646 existimat,
1387 1580 1479 1634 sed
1509 1580 1714 1649 aliquos
1759 1594 1845 1633 ra-

260 1671 413 1737 piens
435 1684 502 1722 ex
520 1669 597 1722 eis
623 1683 754 1737 quos
777 1684 1059 1736 numquam
1090 1669 1432 1738 corrigendos
1459 1669 1628 1734 novit,
1661 1679 1846 1738 poten-

259 1765 387 1817 tiam
415 1772 572 1832 atque
603 1762 731 1814 iram
763 1761 994 1816 ostendit
1019 1777 1166 1815 suam
1189 1805 1202 1824 ,
1234 1763 1456 1830 plurima
1481 1776 1549 1816 ex
1576 1762 1676 1816 hoc
1702 1761 1842 1815 utilia

258 1853 567 1924 perﬁciens.
609 1853 814 1922 Quippe
856 1861 909 1906 et
937 1853 1104 1907 malos
1133 1853 1198 1906 ad
1225 1852 1537 1918 deserenda,
1579 1852 1622 1906 si
1649 1851 1842 1914 velint,

258 1945 386 1998 vitia
415 1945 684 2009 hortatur,
711 1952 766 1997 et
791 1943 958 1998 bonos
984 1944 1247 1998 cautiores
1277 1944 1472 2009 efﬁcit,
1505 1953 1560 1998 et
1605 1944 1843 2013 longani-

260 2036 500 2089 mitatem
523 2034 754 2089 ostendit
782 2049 953 2101 suam,
982 2035 1490 2104 resurrectionisque
1518 2034 1842 2099 doctrinam,

261 2136 321 2181 ut
365 2134 486 2179 aute
529 2125 780 2190 diximus,
811 2126 1059 2180 omnibus
1087 2126 1339 2179 insinuat.
1384 2125 1518 2192 Quid
1547 2141 1674 2194 ergo
1701 2123 1845 2191 haec,

264 2219 495 2287 inquies,
530 2218 595 2272 ad
626 2233 739 2285 eos,
762 2219 849 2288 qui
881 2234 909 2272 a
939 2218 1106 2287 prima
1128 2217 1346 2272 infantia
1373 2217 1558 2272 nutriti
1610 2218 1661 2272 in
1707 2217 1851 2272 cala-

260 2309 564 2373 mitatibus,
597 2310 898 2379 priusquam
931 2310 1068 2364 bona
1101 2310 1182 2363 vel
1215 2310 1350 2364 mala
1383 2325 1478 2380 per
1502 2319 1710 2364 artatem
1738 2309 1848 2365 dis-

261 2413 485 2452 cernere
525 2398 747 2467 possint,
777 2413 807 2452 e
839 2399 942 2452 vita
964 2399 1230 2468 migrant?
1252 2399 1456 2468 thuid
1481 2400 1627 2466 mali,
1647 2414 1847 2470 quzeso,

265 2490 352 2543 isti
384 2490 670 2558 patiuntur,
699 2489 788 2558 qui
827 2488 1050 2543 necdum
1098 2489 1222 2558 quid
1278 2490 1540 2556 patiantur
1595 2489 1847 2550 sentiunt,

265 2596 438 2649 neque
465 2580 645 2634 dolere
683 2591 770 2632 aut
809 2579 1039 2649 gaudere
1065 2577 1396 2634 didicerunt?
1424 2579 1534 2648 Ego
1561 2595 1697 2654 vero
1745 2594 1850 2633 non

247 2671 370 2724 'hoc
412 2671 580 2724 solum
613 2686 708 2740 pro
735 2669 1037 2739 bujusmodi
1067 2670 1318 2726 solvenda
1362 2671 1654 2738 qurestioue
1704 2669 1853 2725 dixe-

271 2761 396 2825 rim,
425 2777 606 2814 verum
636 2771 880 2830 parentes
912 2762 1052 2830 ipsos
1079 2762 1238 2814 etiam
1270 2771 1320 2815 et
1343 2761 1533 2816 fratres
1565 2768 1618 2815 et
1641 2762 1853 2831 propin-

269 2868 406 2923 quos
437 2852 739 2921 hujnsmodi
769 2853 1055 2906 liberorum
1087 2851 1326 2907 cladibus
1351 2851 1662 2907 emendatos
1704 2849 1850 2904 novi.

269 2947 325 3000 Id
350 2960 473 2999 vero
500 2960 602 2997 nou
633 2944 835 2997 minimi
862 2944 992 2998 lucri
1019 2953 1117 3008 est,
1149 2959 1215 2997 ex
1241 2943 1325 3009 iis,
1363 2943 1553 3012 quibus
1579 2955 1736 2996 nemo
1763 2941 1854 2994 la:-

267 3039 431 3104 ditur,
463 3038 594 3090 alios
623 3038 904 3090 maximam
933 3038 1212 3090 utilitatem
1242 3034 1517 3105 consequi.
1549 3033 1847 3088 Verisimile

265 3137 446 3182 autem
491 3135 573 3181 est
609 3128 829 3181 etaliam
875 3141 994 3181 esse
1031 3141 1244 3180 causam
1287 3125 1651 3190 secretiorem,
1694 3139 1852 3194 quam

273 3220 425 3274 solus
451 3219 597 3273 novit
625 3234 801 3272 rerum
827 3218 1001 3288 opifex
1024 3217 1185 3272 Deus.

341 3311 396 3366 9.
438 3308 542 3364 Cur
582 3320 692 3379 post
725 3309 1037 3380 aﬂlictionem
1083 3307 1288 3376 quidam
1319 3315 1630 3376 peccent.—-
1675 3303 1851 3360 Unum

272 3402 534 3472 reliquum
557 3411 640 3457 est
668 3399 1060 3471 explicandum,
1079 3413 1237 3469 quam
1257 3399 1456 3454 scilicet
1476 3397 1543 3453 ob
1558 3412 1770 3452 causam
1795 3397 1850 3464 ii,

271 3495 363 3566 qui
419 3503 562 3550 recte
609 3495 916 3565 priusquam
971 3502 1299 3546 tentarentur
1351 3487 1686 3558 incedebant,
1734 3498 1856 3559 post

275 3587 619 3641 tentationem
647 3586 778 3656 lapsi
805 3585 930 3639 sint.
960 3584 1109 3652 Quis,
1137 3599 1234 3638 oro
1254 3625 1268 3650 ,
1291 3583 1447 3653 plane
1473 3583 1618 3637 novit
1647 3581 1733 3652 qui
1766 3597 1854 3636 re-

275 3677 364 3723 cte
395 3668 671 3732 incedant,
696 3668 801 3722 nisi
821 3668 912 3736 qui
945 3668 1109 3722 corda
1136 3677 1323 3722 nostra
1352 3670 1565 3739 singula
1588 3669 1762 3734 ﬁnxit,
1791 3669 1871 3726 in-

277 3763 586 3832 telligitque
610 3763 794 3816 omnia
811 3777 976 3832 Opera
999 3769 1186 3816 nostra
1219 3762 1333 3831 (Ps.
1358 3761 1448 3816 '52.
1470 3761 1556 3825 l5)
1574 3763 1597 3816 ?
1617 3759 1705 3815 Fit
1721 3761 1867 3817 enim

275 3855 498 3923 saepius,
520 3861 578 3906 ut
599 3853 819 3924 plurimi
838 3870 903 3908 ex
925 3853 990 3908 iis
1013 3855 1103 3922 qui
1123 3854 1253 3907 boni
1274 3869 1394 3908 esse
1413 3852 1692 3913 videntur.
1719 3853 1870 3924 pejo-

274 3960 363 3998 res
391 3945 648 3998 onmibus
673 3945 816 4012 sint;
842 3953 1006 4014 atque
1035 3943 1088 3997 id
1113 3944 1334 4013 quidem
1364 3949 1418 4000 et
1447 3945 1500 3998 in
1528 3945 1631 4000 hoc
1662 3945 1869 4000 saeculo

274 4035 726 4105 deprehenditur,
744 4035 838 4091 sed
857 4037 910 4089 in
936 4037 1216 4091 nonnullis
1234 4051 1366 4091 casu
1388 4036 1574 4108 aliquo
1597 4053 1659 4090 ac
1682 4051 1872 4091 neces.

275 4129 438 4183 sitate
462 4128 772 4197 ingruente.
792 4127 925 4181 Cum
951 4143 1078 4182 vero
1101 4128 1148 4182 is
1179 4127 1272 4198 qui
1291 4127 1458 4182 corda
1489 4135 1542 4182 et
1563 4143 1720 4182 renes
1742 4143 1870 4196 pro-

275 4221 392 4284 bat,
425 4221 583 4276 vivus
605 4230 658 4276 et
677 4220 889 4284 ellicax,
910 4228 966 4275 et
992 4221 1206 4274 acutior
1228 4221 1378 4274 omni
1407 4218 1590 4290 gladio
1616 4219 1868 4289 ancipiti,

292 4314 610 4384 pertingens
643 4329 814 4384 usque
845 4312 911 4367 ad
946 4312 1269 4368 divisionem
1301 4311 1495 4366 animae
1515 4319 1570 4367 et
1598 4314 1865 4381 corporis,

286 4417 506 4461 artuum
531 4418 584 4461 et
598 4407 982 4472 medullarum,
1003 4406 1273 4462 discretor
1294 4405 1687 4477 cogitationum
1718 4413 1772 4460 et
1791 4406 1870 4459 in-

281 4499 590 4554 tentiouum
614 4498 800 4566 (Hebr.
828 4500 880 4554 4.
910 4501 1020 4566 12).
1047 4498 1306 4565 judicans
1332 4496 1556 4560 sederit,
1574 4502 1705 4550 tunc
1732 4511 1868 4552 vero

275 4589 383 4625 non
414 4588 611 4642 paucos
640 4590 704 4628 ex
735 4575 996 4644 pluribus,
1025 4576 1118 4632 sed
1150 4593 1334 4634 omnes
1368 4588 1551 4650 aperte
1599 4580 1807 4636 videbis
1839 4599 1852 4635 :

275 4678 448 4730 neque
478 4671 600 4718 tunc
624 4667 777 4720 ovina
803 4667 957 4736 pellis
988 4668 1191 4738 lupum,
1225 4688 1397 4742 neque
1444 4673 1672 4742 sepulcri
1712 4675 1857 4730 deal-

273 4751 419 4807 batio
446 4753 705 4809 interuam
733 4756 1152 4826 iuquinatiouem
1185 4763 1455 4819 occultare
1484 4767 1696 4833 poterit.
1730 4766 1856 4820 Nul-

274 4841 322 4896 la
357 4843 496 4896 enim
523 4854 764 4900 creatura
810 4856 892 4900 est
921 4847 1199 4905 invisibilis
1242 4866 1420 4907 coram
1466 4870 1551 4919 eo,
1589 4858 1678 4924 qui
1728 4866 1856 4913 tunc

273 4931 602 5003 iudicaturus
632 4943 733 4999 est,
762 4935 855 4989 sed
896 4937 1032 4990 nuda
1065 4941 1326 5008 ct'aperta
1369 4952 1492 4996 sunt
1516 4947 1690 5000 omnia
1721 4962 1854 5000 ocu-

272 5023 338 5078 lis
365 5023 478 5094 ejus
503 5043 515 5077 :
547 5025 690 5094 quod
724 5027 917 5081 Paulus
948 5029 1142 5083 indicat
1167 5045 1286 5084 cum
1316 5031 1602 5090 Corinthiis
1629 5039 1848 5092 scribit:

271 5114 454 5186 Itaque
490 5119 646 5170 nolite
681 5129 798 5171 ante
829 5129 1022 5186 tempus
1055 5121 1320 5190 quicquam
1365 5125 1617 5192 judicare,
1656 5129 1854 5195 quoad-

269 5222 424 5274 usque
444 5209 606 5260 veniat
626 5207 895 5273 Dominus,
915 5210 1000 5279 qui
1020 5218 1064 5263 et
1085 5211 1384 5266 illuminabit
1400 5214 1693 5269 abscondita
1718 5228 1854 5273 tene-

267 5299 492 5362 brarum,
525 5307 572 5350 et
593 5300 930 5369 manifestabit
954 5302 1164 5354 consilia
1185 5304 1413 5358 cordium
1441 5305 1515 5378 (1.
1545 5307 1665 5362 Cor.
1693 5310 1746 5363 4.
1769 5310 1848 5376 5).

269 5387 337 5443 Ut
366 5401 563 5452 autem,
599 5390 891 5461 hypocritis
915 5395 1160 5460 omissis,
1191 5396 1257 5450 ad
1284 5413 1377 5452 eos
1406 5399 1616 5454 tandem
1645 5403 1734 5471 qui
1762 5419 1849 5458 re-

266 5491 352 5534 cte
392 5497 579 5536 revera
623 5483 874 5538 incedunt
901 5486 1193 5551 veniamus,
1249 5488 1388 5544 unde
1441 5490 1594 5545 nobis
1639 5483 1852 5548 'conslat

265 5570 431 5642 quod,
461 5573 672 5627 etiamsi
716 5573 856 5628 bona
887 5578 1338 5648 reliquaegeriut,
1372 5595 1637 5636 summum
1671 5592 1848 5639 tamen

265 5663 504 5717 omnium
537 5665 791 5719 virtutum
824 5669 1056 5734 culmen,
1093 5669 1442 5726 humilitatem
1463 5715 1477 5733 ,
1511 5689 1614 5729 non
1667 5673 1847 5745 negie-

280 5831 284 5838 ,
333 5779 348 5808 ι
390 5784 506 5840 Vox,
531 5775 813 5839 diutissime,
834 5777 880 5825 in
902 5777 1031 5829 eolh.
1061 5790 1110 5831 et
1132 5783 1268 5834 savil.
1296 5783 1452 5835 deest.

1105 377 1193 432 AD
1231 340 1599 433 sumntum
1641 377 1681 431 A
1725 372 2022 431 omitan
2065 375 2418 434 VEXATUM.
2460 376 2586 433 un.
2629 377 2668 432 ι.

3421 377 3525 433 446

1942 489 2158 543 xcriut?
2193 490 2392 544 Idcirco
2417 499 2592 544 autem
2619 490 2817 544 dimisit
2862 490 3148 566 illos_Dens
3168 533 3182 556 ,
3213 499 3267 545 ut
3319 489 3526 546 discant

1942 580 2030 633 illa
2060 596 2119 634 se
2146 596 2250 634 non
2277 583 2484 649 propria
2516 581 2728 646 virtute,
2763 582 2853 635 sed
2883 583 2973 648 Dei
3005 583 3168 652 gratia
3190 583 3522 652 praestitisse.

1940 670 2091 736 Quod
2117 671 2158 724 si
2191 671 2330 725 dicat
2359 673 2477 740 quis
2515 673 2707 725 melius
2735 672 2896 726 fuisse
2925 673 3043 727 illos
3084 690 3203 727 cum
3233 684 3376 728 recte
3401 689 3524 744 age~

1942 770 2065 816 rent
2091 763 2291 826 extolli,
2320 779 2475 832 quam
2507 773 2626 833 post
2656 765 2857 832 lapsum
2883 764 3166 824 humiliari.
3193 767 3236 818 is
3264 765 3392 820 mihi
3410 779 3524 819 ma-

1942 855 2084 909 xime
2105 854 2602 924 videturjactantiaa
2643 855 2956 908 detrimenta
3001 864 3157 925 atque
3213 855 3523 910 humilitatis

1943 942 2088 998 lucra
2111 945 2374 1014 ignorare.
2405 944 2552 999 Nosti
2579 945 2720 1000 enim
2743 945 2898 1015 plane
2926 947 3191 1000 hominem
3215 957 3522 1016 arroganter

1943 1034 2078 1088 bona
2107 1044 2437 1103 operantem,
2467 1036 2510 1089 s-i
2534 1043 2708 1089 tamen
2740 1036 2874 1089 bona
2921 1034 3093 1090 facere
3117 1051 3369 1106 arrogans
3399 1053 3525 1106 pos-

1945 1124 2033 1187 sit,
2066 1124 2452 1194 quamprimum
2479 1126 2530 1178 in
2562 1139 2822 1179 summam
2852 1127 3136 1195 perniciem
3157 1127 3449 1194 lapsurum.
3479 1126 3526 1180 ls

1944 1229 2071 1267 vero
2097 1215 2185 1282 qui
2212 1215 2313 1268 labi
2336 1216 2623 1284 permissus
2648 1215 2838 1281 fuerit,
2873 1226 3031 1284 atque
3056 1231 3119 1270 ex
3165 1218 3317 1271 ruina
3349 1217 3524 1270 humi-

1947 1303 2062 1358 liari
2089 1304 2352 1371 didicerit,
2384 1315 2646 1376 resurget,
2681 1322 2743 1361 ac
2761 1308 2804 1361 si
2835 1308 3046 1377 quidem
3071 1307 3317 1374 voluerit,
3349 1309 3529 1377 lapsus

1946 1394 2026 1448 sui
2055 1395 2243 1448 damna
2271 1396 2377 1450 cito
2405 1396 2690 1465 reparabit.
2745 1397 2912 1451 Porro
2942 1398 2985 1451 is
3013 1397 3101 1467 qui
3128 1413 3248 1452 cum
3271 1398 3523 1466 jactantia

1947 1493 2092 1540 recte
2124 1495 2336 1554 putatur
2361 1489 2569 1557 operari
2595 1529 2609 1553 ,
2647 1488 2775 1542 nihil
2805 1490 3008 1558 patiens
3034 1489 3242 1545 adversi
3266 1530 3278 1551 ,
3310 1505 3377 1544 ne
3403 1505 3530 1544 sen-

1947 1589 2063 1629 sum
2105 1576 2317 1646 quidem
2347 1578 2512 1632 ullum
2554 1580 2780 1648 propria:
2812 1580 3100 1648 iniquitatis
3143 1579 3361 1649 recipiet
3409 1595 3529 1634 um-

1947 1681 2103 1734 quam
2125 1708 2139 1732 ,
2171 1667 2264 1722 sed
2293 1669 2505 1738 augebit
2533 1670 2728 1722 malum
2750 1711 2765 1735 ,
2788 1678 2947 1738 atque
2976 1670 3100 1723 dum
3131 1671 3369 1735 nesciet,
3403 1669 3528 1736 hinc

1948 1773 2145 1813 vacuus
2181 1759 2546 1829 proﬁciscetur
2574 1779 2588 1813 :
2620 1762 2775 1816 sicuti
2818 1761 3119 1816 Pharisaans
3147 1762 3236 1816 ille
3261 1761 3408 1834 (Luc.
3436 1762 3526 1826 l8,

1951 1849 2042 1930 4.0)
2068 1852 2157 1921 qui
2186 1852 2425 1906 ascendit
2450 1852 2503 1906 iu
2530 1853 2803 1922 templum,
2821 1863 3008 1922 putans
3031 1868 3090 1908 se
3115 1853 3268 1907 bonis
3281 1853 3532 1907 omnibus

1951 1958 2070 1998 esse
2089 1944 2703 2014 locupletem,descendit
2719 1961 2844 2000 vero
2860 1946 3144 2014 publicano
3162 1945 3528 2014 pauperiorem

1951 2036 2155 2090 meritis
2190 2051 2247 2089 se
2276 2050 2396 2091 esse
2417 2037 2732 2105 percipiens.
2765 2036 2861 2090 Est
2903 2046 2953 2090 et
2982 2037 3084 2090 alia
3114 2035 3318 2104 species
3345 2035 3531 2104 pestis,

1951 2142 2070 2196 quze
2095 2127 2376 2196 plurimum
2405 2127 2613 2181 roboris
2644 2127 2798 2180 habet
2837 2127 2902 2180 ad
2930 2126 3232 2181 evacuauda
3256 2125 3394 2180 bona
3440 2141 3534 2178 ηοω
3592 2181 3614 2206 .

1952 2227 2080 2280 stra,
2134 2232 2252 2286 quze
2292 2227 2439 2271 muto
2491 2216 2684 2271 sudore
2726 2217 3058 2286 colligimus,
3101 2225 3288 2270 ventus
3331 2214 3536 2270 scilicet

1954 2307 2128 2362 inanis
2171 2307 2372 2377 glorize.
2400 2307 2531 2361 Nam
2559 2323 2744 2362 revera
2774 2307 2917 2362 venti
2961 2307 3126 2361 instar
3154 2307 3388 2376 ingressa
3422 2303 3535 2360 the-

1954 2417 2140 2456 sauros
2167 2417 2354 2456 omnes
2384 2402 2594 2456 virtutis
2627 2401 2891 2454 exsufﬂat.
2941 2401 3018 2454 En
3047 2411 3102 2454 et
3127 2399 3356 2454 secunda
3382 2399 3537 2454 nobis

1953 2492 2164 2546 occasio
2193 2491 2372 2562 lapsus
2397 2501 2541 2546 recte
2566 2491 2941 2562 gradientium,
2977 2499 3030 2543 ut
3060 2500 3114 2544 tu
3141 2489 3374 2544 dicebas.
3404 2489 3534 2543 Plu.

1954 2583 2074 2636 rimi
2103 2583 2243 2636 enim
2266 2599 2332 2637 ex
2364 2584 2428 2638 iis
2457 2584 2545 2652 qui
2585 2583 2724 2653 apud
2753 2597 2851 2637 nos
2878 2583 3117 2652 ingentes
3161 2581 3405 2636 videntur
3431 2582 3538 2635 viro

1957 2673 2082 2726 tutis
2107 2688 2263 2726 causa
2289 2674 2541 2728 tolerasse
2567 2673 2800 2738 labores,
2824 2687 2886 2726 ac
2913 2688 3098 2726 revera
3131 2673 3383 2738 tolerant,
3415 2686 3536 2726 cum

1956 2764 2133 2818 omnia
2156 2763 2221 2817 ad
2254 2765 2509 2818 honorem
2534 2765 2827 2828 hominum,
2858 2780 2961 2818 non
2995 2779 3089 2832 pro
3121 2763 3212 2818 Dei
3241 2764 3427 2832 gloria,
3453 2763 3538 2817 fa-

1955 2866 2156 2916 cerent,
2191 2855 2433 2925 permissi
2455 2865 2576 2908 sunt
2599 2855 2652 2909 in
2684 2856 3028 2909 tentationem
3063 2854 3185 2918 labi,
3215 2862 3270 2906 ut
3298 2854 3539 2907 multitu-

1955 2947 2095 3001 dinis
2118 2947 2284 3017 gloria
2323 2947 2524 3013 nudati,
2557 2955 2774 3015 propter
2812 2962 2969 3016 quam
3000 2946 3319 3000 detrimenta
3359 2945 3538 3000 omnia

1957 3039 2193 3107 perpessi
2222 3048 2364 3104 sunt,
2394 3039 2614 3107 ejusque
2655 3038 2836 3107 gloria:
2868 3047 3109 3091 naturam
3142 3037 3192 3090 in
3227 3037 3371 3090 nullo
3409 3036 3542 3089 ﬂore

1957 3129 2083 3184 freni
2106 3144 2224 3183 esse
2253 3130 2527 3184 meliorem
2556 3128 2911 3192 addisceutcs,
2939 3129 3047 3197 jam
3078 3129 3185 3181 Deo
3208 3128 3308 3180 soli
3330 3136 3538 3190 vacent,

1955 3228 2113 3288 atque
2141 3219 2305 3287 ipsius
2325 3233 2484 3273 causa
2513 3217 2706 3271 faciant
2748 3218 2946 3271 omnia.
2993 3217 3129 3271 Sunt
3180 3227 3438 3284 prmterea
3482 3227 3542 3269 et

1956 3309 2072 3364 aliae
2102 3325 2276 3364 causa!
2304 3318 2461 3378 atque
2484 3309 2736 3375 rationes,
2759 3317 2810 3362 et
2826 3307 3038 3377 quidem
3062 3307 3216 3376 longe
3236 3306 3318 3360 his
3338 3307 3536 3375 plures,

1957 3409 2227 3466 caeterum,
2254 3410 2312 3455 ut
2333 3401 2462 3464 dixi,
2489 3401 2640 3455 nobis
2658 3401 2960 3470 incognitae,
2988 3399 3081 3454 sed
3103 3399 3340 3453 omnium
3359 3395 3536 3468 epilici

1959 3493 2069 3548 Deo
2085 3493 2222 3549 bene
2245 3503 2404 3548 noue.
2438 3492 2514 3548 Ne
2541 3493 2702 3564 igitur
2726 3494 2776 3546 in
2819 3493 2883 3546 iis
2911 3507 3029 3562 quae
3051 3492 3365 3560 contingunt
3405 3490 3543 3544 indi-

1956 3599 2198 3653 gnemur,
2227 3583 2322 3639 sed
2351 3585 2546 3654 gratias
2575 3598 2796 3653 agamus
2827 3599 2840 3635 :
2882 3582 2985 3636 hoc
3012 3583 3151 3636 enim
3181 3593 3452 3651 gratorum
3484 3582 3543 3633 fi-

1959 3675 2265 3745 deliumque
2295 3690 2567 3729 servorum
2605 3683 2707 3730 est.
2750 3675 2819 3728 At
2844 3688 2975 3728 vero
3003 3682 3056 3727 tu
3077 3715 3092 3741 ,
3117 3673 3241 3726 dum
3265 3672 3543 3725 admiraris

1957 3782 2052 3822 cur
2071 3781 2174 3820 non
2205 3775 2358 3820 antea
2386 3767 2578 3835 potius,
2613 3779 2735 3819 cum
2765 3764 2992 3818 delicate
3017 3763 3222 3817 viveres
3262 3769 3422 3831 atque
3453 3761 3539 3814 illa

1957 3858 2137 3912 saeculi
2178 3873 2368 3928 pompa
2416 3858 2640 3927 stipatus
2689 3856 2984 3919 incederes,
3011 3854 3105 3910 sed
3151 3871 3291 3908 nunc
3326 3851 3538 3922 quando

1957 3949 2196 4018 abiecisti
2227 3949 2312 4003 illa
2344 3949 2543 4013 omnia,
2573 3963 2635 4002 ac
2666 3949 2890 4018 teipsum
2924 3955 3089 4001 totum
3116 3946 3224 4001 Deo
3250 3944 3538 4007 devovisti,

1957 4040 2222 4108 pessimus
2251 4048 2300 4092 te
2326 4038 2415 4093 ille
2443 4037 2649 4093 daemon
2678 4038 2890 4102 invasit,
2923 4037 3060 4091 idem
3090 4053 3306 4105 prorsus
3333 4035 3462 4089 facis
3483 4049 3548 4089 ac

1959 4129 2005 4184 si
2031 4128 2312 4182 admireris
2337 4143 2434 4182 cur
2463 4127 2853 4196 Spectatoribus
2877 4128 3052 4179 nullus
3095 4127 3352 4180 molestus
3378 4133 3542 4185 esset.

1956 4219 2051 4274 sed
2083 4221 2172 4288 qui
2200 4221 2252 4273 in
2278 4219 2514 4288 pugilum
2539 4233 2762 4272 numero
2788 4218 3088 4294 adscriptus
3113 4219 3545 4285 exercitatusque

1956 4311 2007 4364 in
2036 4320 2305 4366 certamen
2331 4309 2714 4375 descendisset,
2749 4309 2890 4363 hunc
2944 4309 3119 4362 solum
3173 4324 3238 4363 ex
3285 4308 3535 4363 omnibus

1954 4401 2270 4456 colluctator
2335 4409 2652 4469 expeteret,
2705 4399 3009 4471 percutiens
3047 4409 3203 4469 caput
3248 4399 3542 4470 faciemque

1956 4490 2262 4546 concidens.
2309 4491 2426 4546 Non
2455 4492 2555 4546 hoc
2583 4506 2712 4564 ergo
2757 4500 2848 4545 aut
2886 4491 3142 4545 miraculo
3171 4500 3261 4545 aut
3305 4505 3540 4546 mcerore

1955 4583 2173 4653 dignum
2200 4592 2299 4648 est,
2330 4583 2375 4638 si
2409 4599 2505 4638 nos
2535 4584 2622 4640 ille
2650 4583 2793 4654 pugil
2823 4583 3040 4637 adortus
3071 4583 3267 4652 premit
3286 4593 3339 4637 et
3365 4593 3541 4652 urget,

1956 4675 2153 4743 quippe
2193 4675 2291 4728 ista
2323 4683 2404 4728 est
2429 4676 2772 4745 pugnantium
2818 4673 2904 4728 lex
2937 4691 2950 4726 :
2981 4689 3167 4727 verum
3212 4673 3255 4726 si
3285 4673 3375 4728 ille
3404 4673 3542 4744 deji-

1955 4766 2060 4819 ciat
2087 4773 2245 4834 atque
2274 4773 2610 4834 prosternat,
2634 4781 2695 4821 ac
2726 4765 2941 4835 prmmia
2965 4764 3208 4819 laborum
3238 4765 3407 4831 tollat,
3441 4765 3545 4820 hoc

1957 4871 2118 4926 grave
2154 4866 2256 4911 est.
2285 4856 2549 4922 Quamdiu
2581 4873 2708 4911 vero
2748 4873 2852 4910 non
2885 4857 3157 4925 praevalet,
3209 4872 3312 4910 non
3369 4857 3544 4911 solum

1961 4948 2114 5002 nobis
2141 4947 2272 5001 nihil
2304 4949 2505 5012 nocuit,
2561 4948 2656 5002 sed
2702 4945 2902 5016 profuit
2942 4945 3253 5016 plurimum,
3295 4946 3547 5000 conflictu

1961 5040 2053 5094 illo
2075 5055 2174 5095 suo
2202 5055 2408 5095 summa
2436 5040 2589 5094 nobis
2619 5046 2931 5094 ornamenta
2958 5040 3274 5094 concilians.
3305 5036 3546 5106 Namque

1957 5140 2014 5186 et
2038 5131 2090 5186 in
2117 5134 2307 5187 castris
2342 5133 2431 5186 ille
2455 5140 2712 5200 praestare
2738 5131 2949 5185 cmteris
2991 5142 3239 5202 putatur,
3265 5128 3356 5198 qui
3390 5129 3540 5198 plura

1956 5224 2178 5278 vulnera
2209 5239 2318 5292 pra:
2342 5237 2400 5276 se
2429 5224 2568 5277 ferre
2604 5230 2801 5292 potest,
2829 5237 2891 5276 ac
2930 5221 3215 5292 singularia
3245 5218 3541 5272 certamina

1955 5315 2211 5371 adversus
2236 5314 2501 5386 quoslibet
2525 5313 2756 5368 hostium
2777 5313 3096 5368 fortissimos
3119 5311 3410 5378 suscipere.
3434 5309 3540 5362 Eos

1956 5410 2138 5468 itidem
2162 5408 2386 5463 athletas
2412 5407 2644 5462 maxime
2666 5407 2940 5470 miramur,
2956 5406 3044 5475 qui
3069 5421 3188 5460 cum
3217 5405 3546 5475 inexpugna-

1955 5503 2152 5557 bilibus
2191 5500 2290 5569 (sic
2336 5499 2478 5554 enim
2516 5499 2786 5569 appellant
2829 5497 3273 5553 contentiosiores
3301 5512 3544 5567 quosque

1957 5592 2322 5664 antagonistas
2348 5592 2366 5662 )
2393 5592 2618 5646 viriliter
2643 5590 3078 5660 congrediuntur.
3108 5587 3213 5643 Sed
3246 5597 3300 5642 et
3325 5597 3546 5641 venator

1957 5685 2047 5739 ille
2073 5683 2305 5738 maxime
2329 5683 2624 5753 praecellit,
2653 5682 2743 5752 qui
2775 5678 3136 5735 ferocissimas
3162 5678 3363 5733 belluas
3392 5679 3545 5734 exci-

1957 5779 2052 5850 pit.
2106 5775 2390 5845 lmpudeus
2419 5783 2498 5830 est
2537 5787 2693 5844 atque
2725 5769 3119 5844 imperterritus
3173 5771 3257 5826 hic
3293 5770 3536 5827 daemon:
