4138 6390
611 349 712 406 M7

621 470 676 512 at
691 472 790 528 ego
809 464 1088 526 propterea
1107 462 1156 508 te
1178 451 1358 508 mirari
1376 465 1438 504 ac
1457 457 1672 516 stupere
1695 459 1799 498 non
1833 442 2043 506 desino,
2061 437 2204 510 qttod

613 545 917 617 hujusmodi
961 533 1324 597 adversarium
1363 547 1549 593 nactus
1576 545 1679 589 tam
1711 533 2001 587 violentum
2027 531 2206 600 lapsus

612 655 713 691 non
735 652 812 699 es,
833 651 1003 705 neque
1018 634 1070 687 in
1086 633 1408 688 deditionem
1428 626 1608 680 venire
1625 621 1886 686 tolerasti,
1907 620 2001 675 sed
2021 619 2207 673 firmus

611 729 920 799 perstitisti,
967 726 1106 780 nulla
1155 739 1221 779 ex
1269 730 1417 790 parte
1457 718 1598 772 illius
1624 712 1943 784 improbitati
1982 710 2201 766 cedens.

685 820 773 874 10.
815 820 985 874 Porro
1025 815 1165 887 quod
1213 829 1318 868 non
1367 807 1674 865 assentandi
1719 805 1893 858 studio
1935 816 2079 857 nunc
2105 801 2206 854 ista

575 898 581 903 ’
612 912 820 982 loquar,
844 910 936 965 sed
954 908 1095 979 quod
1117 923 1241 962 vere
1259 903 1486 958 maxima
1513 916 1580 956 ex
1601 895 1906 968 hujusmodi,
1923 893 2208 947 afflictione

612 1003 823 1072 ecperis
853 1002 1234 1063 emolumenta,
1283 1005 1487 1066 patere,
1516 1005 1718 1063 quaeso,
1747 1003 1846 1042 nos
1874 986 2062 1040 fiducia
2095 994 2210 1038 tau-

614 1095 781 1164 tislier
806 1095 858 1148 in
903 1091 1170 1164 loquendo
1195 1091 1311 1144 uti':
1341 1101 1511 1156 neque
1553 1085 1694 1139 enim
1733 1082 1886 1135 aliter
1932 1077 2089 1146 hujus
2129 1072 2209 1130 rei

613 1186 932 1242 documenta
979 1183 1171 1238 afferre
1215 1194 1446 1249 possem.
1496 1175 1644 1231 Nosti
1683 1188 1812 1229 sane
1856 1186 1917 1225 ac
1951 1166 2208 1222 memoria

621 1289 771 1333 tenes
793 1278 1023 1349 priorem
1047 1285 1189 1330 luant
1217 1274 1699 1331 conversationem,
1733 1281 1838 1337 qua
1867 1274 1990 1319 ante
2021 1261 2207 1330 hujus-

620 1371 765 1426 modi
811 1369 1156 1424 tentationem
1199 1365 1449 1436 degebas.
1491 1363 1637 1416 Hanc
1667 1361 1844 1428 itaque
1878 1357 2036 1410 velim
2085 1353 2209 1408 dili-

615 1472 804 1532 genter
840 1461 1136 1525 examines,
1164 1473 1228 1512 ac
1266 1457 1515 1526 prmsenti
1543 1469 1645 1524 qua
1669 1466 1808 1505 nunc
1833 1451 1963 1504 vivis
1987 1460 2210 1515 compo-

617 1571 714 1608 nas
747 1572 761 1606 :
787 1551 992 1607 videbis
1021 1550 1260 1621 profecto
1285 1556 1540 1618 quantum
1573 1543 1700 1597 lucri
1727 1557 1792 1595 ex
1821 1541 1922 1593 isto
1958 1536 2211 1593 conflictu

615 1651 981 1713 consequutus
1002 1642 1096 1696 sis.
1121 1639 1274 1696 Nunc
1299 1638 1440 1692 enim
1466 1634 1705 1705 jejuniis,
1727 1631 1943 1700 vigiliis,
1973 1626 2210 1692 lectioni,

612 1736 1056 1804 orationibusque
1135 1731 1404 1803 perpetuis
1472 1727 1822 1783 intentissime
1898 1720 2160 1776 incumbis
2193 1759 2209 1785 ,

611 1830 1038 1898 gravitatemque
1071 1834 1126 1880 et
1167 1824 1516 1878 humilitatem
1556 1819 1885 1876 excellenter
1910 1828 2212 1896 conseqttu:

623 1930 708 1974 tus
741 1935 801 1975 es
826 1936 840 1974 :
868 1927 1023 1973 antea
1053 1917 1194 1972 nulla
1243 1915 1335 1970 tibi
1382 1914 1634 1968 librorum
1667 1909 1823 1973 ratio,
1853 1905 1949 1963 sed
1979 1904 2214 1959 studium

628 2026 789 2065 omne
831 2019 882 2065 et
911 2009 1146 2063 laborem
1176 2006 1400 2078 pomarii
1434 2002 1715 2058 arboribus
1743 1999 2056 2054 devoveras.
2100 2001 2212 2050 Au-

619 2102 728 2156 divi
753 2117 853 2172 ego
881 2110 1006 2156 tunc
1030 2101 1307 2170 plurimos,
1353 2098 1442 2168 qui
1475 2107 1527 2151 te
1560 2094 1923 2165 objurgantes,
1954 2103 2214 2159 arrogan-

623 2202 730 2248 tem
784 2208 847 2248 ac
899 2191 1188 2262 superbum
1249 2190 1529 2255 dicerent,
1591 2196 1750 2255 atque
1803 2185 1855 2238 in
1915 2184 2015 2238 hac
2066 2190 2216 2252 parte

627 2284 961 2338 nobilitatem
987 2283 1221 2354 generis,
1274 2280 1547 2350 patrisque
1571 2276 1968 2341 claritudinem,
1995 2283 2048 2328 et
2073 2271 2214 2343 quod

622 2377 675 2431 in
705 2377 895 2446 Opibus
941 2375 1182 2446 plurimis
1212 2374 1398 2429 fuisses
1435 2372 1711 2438 educatus,
1738 2377 2084 2425 causarentur
2117 2385 2130 2420 :
2161 2367 2213 2421 in

619 2470 812 2540 vigiliis
838 2485 964 2525 vero
989 2484 1147 2540 quam
1181 2477 1304 2522 tunc
1325 2467 1607 2537 negligens
1633 2465 1819 2527 fueris,
1868 2464 1980 2538 ipse
2027 2460 2218 2516 melius

621 2562 783 2618 nosti.
815 2561 971 2632 Saepe
999 2562 1141 2616 enim
1172 2560 1289 2614 aliis
1321 2557 1577 2628 profunda
1624 2566 1782 2611 nocte
1825 2555 2002 2609 statim
2031 2567 2217 2606 exsur-

623 2655 870 2724 gentibus
893 2654 1004 2723 ipse
1027 2655 1175 2724 gravi
1203 2666 1391 2706 somno
1426 2663 1634 2704 mersus
1657 2646 1984 2713 dormiebas,
2017 2653 2215 2699 etcum

624 2755 694 2800 te-
733 2745 824 2798 alii
877 2743 1175 2798 excitarent
1202 2741 1600 2811 .indignabaris.
1664 2740 1736 2794 At
1802 2753 1944 2793 nunc
1995 2752 2062 2792 ex
2110 2750 2218 2806 quo

623 2834 822 2889 bellum
865 2832 967 2887 hoc
1005 2840 1060 2886 et
1113 2846 1338 2901 pugnam
1393 2830 1637 2893 subiisti,
1687 2829 1777 2883 illa
1818 2827 1995 2882 omnia
2046 2827 2217 2881 soluta

623 2931 768 2990 sunt,
796 2930 956 2991 atque
982 2923 1033 2976 in
1056 2921 1247 2975 melius
1272 2928 1494 2973 mutata.
1526 2918 1678 2986 Quod
1718 2919 1764 2973 si
1809 2931 2018 2988 quteras
2045 2931 2110 2970 ex
2134 2931 2220 2970 me

623 3013 998 3085 quamobrem,
1041 3027 1163 3067 cum
1192 3013 1243 3066 in
1273 3011 1478 3066 deliciis
1505 3024 1714 3078 ageres,
1758 3023 1823 3063 ac
1850 3007 2032 3062 mundi
2062 3007 2221 3062 rebus

624 3107 844 3161 omnino
897 3107 1134 3160 intentus
1179 3120 1362 3168 esses,
1413 3118 1520 3158 non
1587 3111 1715 3158 tunc
1761 3101 1854 3156 tibi
1917 3102 2219 3156 daemonem

625 3200 784 3253 istum
833 3197 1115 3253 immiserit
1160 3197 1320 3261 Deus,
1372 3195 1502 3250 illud
1551 3210 1651 3265 ego
1694 3193 2067 3264 respondebo,
2119 3193 2224 3246 hoc

625 3305 838 3360 quoque
865 3290 1006 3344 illius
1033 3298 1212 3344 actum
1254 3303 1374 3345 esse
1421 3287 1776 3357 providentia.
1821 3284 2036 3342 Sciebat
2078 3284 2221 3339 enim

628 3391 754 3438 tunc
785 3391 836 3438 te
888 3382 1235 3448 imbecillum,
1277 3381 1638 3452 superandum
1687 3380 1858 3444 facile,
1915 3393 1980 3433 ac
2018 3385 2224 3431 mature

629 3476 946 3543 periturum.
975 3476 1152 3542 Atque
1188 3471 1308 3527 ideo
1334 3487 1441 3526 non
1489 3472 1669 3526 statim
1725 3469 1792 3524 ad
1841 3469 1981 3524 hanc
2026 3468 2223 3523 luctam

627 3563 858 3628 vocavit,
903 3578 1024 3618 cum
1055 3563 1124 3617 ad
1155 3561 1540 3617 monachorum
1571 3562 1732 3615 vitam
1754 3559 2096 3622 accessisses,
2129 3556 2226 3613 sed

629 3653 871 3725 exerceri
900 3654 1048 3726 prius
1074 3663 1125 3708 te
1155 3653 1416 3723 permisit,
1459 3666 1524 3706 ac
1554 3651 1766 3722 longum
1797 3665 1957 3721 agere
1981 3658 2222 3719 tempus;

629 3754 974 3816 posteaquam
1004 3759 1132 3799 vero
1152 3743 1556 3799 robustissimus
1598 3743 1768 3798 factus
1798 3758 1878 3808 es,
1904 3751 2033 3798 tunc
2051 3741 2116 3795 ad
2143 3741 2225 3794 la-

631 3836 904 3890 boriosum
924 3833 1029 3890 hoc
1066 3833 1297 3890 stadium
1325 3833 1602 3904 pertraxit.
1645 3832 1834 3888 Adhuc
1859 3833 2016 3904 igitur
2038 3847 2227 3887 eorum

629 3925 721 3995 qui
776 3934 901 3979 sunt
947 3924 1002 3979 in
1048 3924 1245 3979 saeculo
1285 3933 1608 3979 mentionem
1655 3923 1820 3990 facis,
1866 3923 2228 3995 famulumque

632 4029 778 4072 tuum
824 4017 877 4070 in
921 4016 1155 4072 medium
1205 4016 1427 4072 adducis
1458 4035 1472 4072 :
1502 4017 1649 4072 illum
1679 4019 1822 4073 enim
1853 4025 1907 4073 te
1928 4017 2228 4088 significare

632 4111 864 4166 voluisse
890 4125 1034 4177 reor,
1063 4125 1185 4165 cum
1211 4110 1422 4167 diceres
1469 4111 1726 4180 plurimos
1755 4111 2040 4166 saeculares
2061 4109 2224 4176 viros,

636 4217 756 4257 cum
794 4202 846 4257 in
876 4203 1018 4258 hunc
1043 4202 1286 4257 morbum
1315 4201 1644 4270 incidissent,
1671 4201 1917 4257 celeriter
1939 4211 2100 4271 atque
2141 4199 2229 4254 in-

635 4293 919 4363 tegerrime
956 4293 1120 4348 fuisse
1157 4293 1431 4348 liberatos.
1482 4292 1680 4348 Verum
1723 4289 1954 4347 famulus
1999 4301 2142 4357 tuus,
2195 4303 2230 4344 ο

633 4386 1021 4448 amantissime,
1053 4393 1111 4440 et
1143 4392 1403 4455 quotquot
1432 4385 1649 4440 eosdem
1676 4383 1890 4439 subiere
1913 4397 2090 4449 casus,
2121 4397 2228 4435 non

1343 337 1399 392 S.
1441 331 1717 392 JOANNIS
1753 323 2228 387 CIIRYSOSTOMI
2265 324 2584 388 ARCIIIEP.
2623 331 3162 390 CONSTANTINOP.

3810 329 3931 384 458

2311 443 2499 502 eadem
2523 463 2587 502 ex
2607 463 2766 504 causa
2793 465 2913 504 cum
2938 449 3237 519 hujusmodi
3265 449 3404 504 malo
3438 447 3736 503 conflictati
3767 460 3931 513 sunt,

2311 553 2414 608 qua
2460 549 2512 592 tu
2565 541 2744 595 modo.
2794 541 2870 596 Illi
2921 543 3066 597 enim
3092 556 3156 596 ac
3180 543 3389 596 caeteris
3437 541 3702 596 similibus
3737 542 3936 595 solum

2317 631 2550 687 terrendi
2573 648 2752 698 causa,
2783 644 2920 689 utex
2949 633 3252 703 hujusmodi
3280 635 3471 689 timore
3514 634 3778 688 meliores
3824 633 3936 688 fie-

2316 732 2454 789 rent,
2475 722 2611 777 hanc
2627 723 2855 778 belluam
2879 726 3098 779 immisit
3116 726 3282 790 Deus;
3307 725 3400 780 tibi
3419 741 3545 780 vero
3561 734 3620 779 ut
3644 739 3935 794 pugnares

2315 814 2530 872 fortiter
2569 825 2624 871 et
2663 827 2881 874 strenue
2907 835 2971 876 ac
2993 821 3257 886 vinceres,
3303 836 3667 892 coronamque
3695 823 3932 891 patien-

2315 908 2404 962 tiae
2433 909 2682 966 referres.
2733 911 2905 966 Porro
2945 913 3166 966 victoria
3220 921 3344 967 tunc
3369 921 3470 979 est,
3503 928 3609 967 non
3638 928 3767 966 cum
3802 913 3934 982 quis

2313 999 2490 1056 adhuc
2511 1002 2721 1057 theatro
2745 1013 3043 1071 constante,
3069 1005 3318 1060 luctando
3338 1006 3568 1074 scipsum
3599 1005 3930 1060 adversario

2315 1093 2602 1160 snbducit,
2656 1095 2750 1150 sed
2799 1112 2919 1151 cum
2955 1111 3014 1153 se
3051 1097 3117 1151 ad
3170 1098 3619 1167 congrediendum
3665 1105 3925 1167 paratum

2318 1183 2565 1240 luetatori
2595 1201 2808 1257 semper
2835 1188 2994 1244 oil'ert
3011 1231 3026 1254 ,
3058 1189 3148 1260 qui
3175 1189 3510 1245 adversarius
3531 1191 3806 1245 absurdas
3823 1206 3926 1245 co-

2316 1277 2598 1345 gitationes
2622 1279 2638 1310 ¹
2663 1295 2771 1349 prae
2793 1296 3023 1337 maerore
3042 1297 3331 1353 suggerens
3350 1283 3476 1338 nihil
3506 1285 3772 1354 perficere
3793 1299 3926 1352 pos-

2317 1369 2402 1420 sit.
2435 1367 2586 1435 Quod
2623 1386 2751 1432 vero
2791 1387 2876 1426 res
2913 1374 2984 1427 ita
3019 1389 3078 1428 se
3124 1373 3334 1440 habeat,
3379 1375 3455 1429 sic
3493 1377 3658 1445 probe
3695 1376 3926 1446 colligo.

2317 1456 2541 1514 Constat
2570 1463 2808 1530 profecto
2836 1466 3103 1529 omnibus,
3131 1466 3521 1536 quantumlibet
3547 1476 3598 1520 tu
3618 1475 3670 1520 te
3692 1483 3797 1537 per
3826 1469 3929 1522 hu-

2320 1551 2594 1606 militatem
2622 1553 2859 1622 dejicias,
2907 1571 2935 1608 a
2985 1560 3125 1611 servi
3171 1557 3244 1610 tui
3277 1558 3382 1611 vita
3423 1567 3566 1612 tuam
3599 1558 3930 1628 longissime

2319 1641 2552 1706 differre,
2584 1659 2646 1698 ac
2662 1659 2785 1700 esse
2811 1647 3121 1702 meliorem:
3143 1648 3250 1704 Deo
3274 1651 3450 1720 itaque
3471 1650 3641 1720 major
3658 1652 3732 1703 tui
3753 1664 3926 1720 quam

2320 1732 2462 1786 illius
2491 1747 2618 1787 cura
2641 1735 2711 1788 sit
2739 1751 2961 1791 necesse
2984 1748 3086 1791 est.
3113 1738 3224 1793 Hoc
3245 1754 3364 1793 eum
3385 1741 3555 1811 palam
3585 1741 3674 1804 sit,
3703 1741 3757 1794 id
3787 1757 3928 1810 quo-

2319 1839 2424 1890 que
2443 1825 2694 1881 similiter
2717 1828 2980 1882 constabit
3007 1847 3018 1882 :
3046 1846 3237 1900 nempe
3258 1832 3301 1884 si
3329 1841 3470 1886 esset
3493 1833 3600 1886 odii
3630 1835 3926 1902 permissio

2321 1915 2429 1980 illa,
2462 1932 2751 1987 numquam
2774 1919 3014 1991 profecto
3049 1922 3097 1976 ei
3123 1938 3279 1992 quem
3308 1926 3477 1994 magis
3492 1923 3739 1995 diligeret
3771 1927 3921 1980 illam

2319 2007 2578 2091 auxisset,
2607 2017 2888 2079 postquam
2916 2027 3036 2066 eum
3064 2013 3152 2081 qui
3176 2013 3331 2084 longe
3353 2013 3524 2069 fuerat
3543 2015 3786 2069 deterior
3813 2027 3919 2070 tam

2321 2098 2428 2153 cito
2455 2099 2688 2155 dtemoni
2735 2101 3023 2171 eripuerat.
3049 2103 3230 2174 Neque
3254 2105 3394 2159 enim
3426 2121 3489 2161 ex
3517 2105 3618 2162 hoc
3643 2108 3826 2161 solum
3869 2108 3919 2162 id

2320 2193 2766 2258 asseveraverim,
2787 2195 2882 2250 sed
2905 2211 2971 2250 ex
2993 2197 3186 2266 quibus
3202 2213 3233 2252 a
3257 2198 3364 2252 Deo
3383 2209 3434 2252 te
3445 2199 3713 2253 desertum
3734 2211 3916 2269 putas,

2322 2300 2388 2338 ex
2412 2286 2491 2339 eis
2512 2288 2744 2342 maxime
2773 2288 2848 2342 illi
2887 2305 3069 2344 curam
3099 2292 3171 2344 tui
3213 2306 3473 2346 summam
3512 2307 3632 2347 esse
3680 2294 3923 2347 conabor
3952 2339 3956 2342 λ

2322 2378 2630 2434 ostendere.
2664 2380 2797 2435 Nam
2822 2383 2866 2436 si
2893 2398 2997 2437 non
3021 2384 3408 2440 studiosissime
3437 2397 3625 2440 cuncta
3658 2387 3922 2442 hat-tenus

2323 2469 2544 2540 egisses,
2578 2472 2622 2527 si
2652 2487 2759 2528 non
2783 2475 3241 2544 peregrinationes
3268 2477 3600 2546 longinquas,
3629 2487 3689 2531 ut
3717 2480 3921 2533 sanctis

2325 2563 2430 2618 illis
2457 2564 2585 2620 viris
2613 2567 2680 2620 ad
2718 2567 2979 2638 ejusmodi
3020 2570 3272 2624 Solvenda
3295 2570 3501 2625 vincula
3532 2573 3920 2641 pOtenIissimis

2323 2656 2744 2725 congredereris,
2796 2660 3142 2729 suscepisses,
3191 2665 3383 2716 merito
3428 2660 3653 2717 fortasse
3701 2665 3916 2734 quidam

2324 2748 2674 2816 dubitassent,
2706 2767 2826 2806 cum
2853 2769 2956 2808 non
2974 2755 3102 2809 satis
3116 2766 3294 2823 aperta
3314 2753 3580 2809 videretur
3603 2771 3722 2811 esse
3733 2771 3912 2822 causa,

2324 2860 2420 2900 cur
2447 2853 2648 2900 tantum
2687 2848 2941 2918 temporis
2970 2857 3022 2902 te
3049 2849 3320 2918 reliquerit
3348 2865 3364 2904 :
3393 2859 3572 2917 postea
3597 2865 3728 2904 vero
3757 2866 3912 2919 quam

2326 2945 2616 3008 martyrum
2655 2937 2768 2991 loca
2796 2939 3045 3008 frequens
3073 2937 3278 3002 adiisti,
3331 2939 3419 2993 ubi
3471 2939 3682 3008 plurimi
3739 2955 3808 2994 ex
3856 2941 3916 2994 iis

2326 3041 2559 3097 quoque,
2591 3028 2680 3098 qui
2707 3027 2953 3084 homines
2977 3030 3324 3096 devorabant,
3355 3045 3497 3099 smpe
3540 3032 3709 3084 sanati
3757 3040 3912 3094 sunt,

2329 3118 2722 3190 plurimumque
2767 3123 3021 3192 temporis
3046 3123 3186 3193 apud
3217 3124 3360 3178 viros
3407 3125 3531 3178 illos
3560 3125 3833 3180 mirabiles
3855 3140 3916 3181 ac

2328 3215 2751 3283 strenuissimos,
2780 3217 2871 3286 qui
2895 3219 3229 3274 curationem
3260 3235 3545 3290 numquam
3571 3219 3766 3276 frustra
3799 3231 3912 3276 ten-

2332 3314 2590 3373 taverant,
2624 3307 2835 3378 degisti,
2870 3308 3109 3380 nihilque
3139 3313 3357 3365 omnino
3384 3313 3630 3379 omisisti,
3682 3313 3824 3383 quod
3849 3315 3912 3368 ad

2331 3397 2470 3453 hanc
2497 3399 2863 3455 liberationem
2894 3400 3140 3458 conferre
3169 3419 3324 3472 posse
3348 3403 3450 3456 ulla
3473 3404 3678 3459 ratione
3711 3404 3914 3459 videre-

2331 3498 2437 3557 tur,
2472 3505 2825 3564 reversusque
2845 3507 2904 3548 es
2933 3492 3110 3549 ferens
3135 3505 3310 3549 tecum
3358 3495 3647 3561 inimicum,
3677 3506 3915 3566 apertum
4001 3529 4005 3531 λ

2330 3598 2395 3639 ac
2445 3585 2801 3641 certissimum
2844 3585 3038 3640 divina:
3085 3588 3227 3642 circa
3269 3597 3320 3642 te
3364 3589 3710 3657 providentia:
3757 3587 3916 3642 ducu-

2331 3684 2573 3732 mentum
2599 3677 2677 3732 eis
2699 3693 2907 3748 quoque
2937 3679 3027 3748 qui
3059 3677 3211 3734 valde
3237 3679 3543 3749 insipientes
3562 3687 3686 3733 sunt
3706 3679 3915 3748 COItSpi—

2331 3784 2490 3822 cuum
2520 3769 2768 3825 retulisti.
2794 3768 3096 3839 Numquam
3143 3771 3285 3825 enim
3327 3769 3566 3840 profecto
3595 3780 3790 3825 tantam
3818 3771 3916 3824 im-

2332 3860 2622 3932 pedivisset
2670 3861 2810 3917 Deus
2851 3863 3098 3932 gratiam,
3143 3878 3429 3932 numquam
3475 3876 3660 3916 servos
3698 3877 3821 3916 suos
3852 3863 3916 3915 ita

2334 3955 2534 4025 pudore
2556 3954 2788 4009 sufl‘undi
2811 3969 2998 4025 passus
3023 3963 3186 4021 esset,
3212 3955 3311 4009 nisi
3338 3955 3387 4009 id
3418 3965 3519 4009 tute
3547 3964 3601 4008 et
3628 3953 3916 4024 probationi

2332 4056 2388 4101 et
2416 4047 2626 4102 utilitati
2658 4046 3004 4102 vehementer
3045 4047 3300 4117 expedire
3337 4046 3695 4116 cognovisset.
3742 4043 3917 4114 itaque

2335 4139 2477 4208 quod
2529 4138 2723 4193 divinae
2771 4137 3134 4194 derelictionis
3193 4137 3404 4207 signum
3443 4135 3689 4198 videtur,
3731 4133 3781 4189 id
3805 4134 3918 4204 ejus

2336 4229 2528 4286 summi
2544 4230 2601 4286 in
2617 4237 2668 4286 te
2700 4230 2922 4286 affectus
2951 4239 3007 4285 et
3048 4229 3248 4285 amoris
3281 4238 3364 4285 est
3388 4237 3778 4300 argumentum.

2400 4387 2416 4417 ι
2443 4383 2584 4435 savil.
2611 4389 2666 4435 et
2683 4384 2817 4434 Colb.
2840 4385 3060 4454 habent,
3077 4382 3450 4436 irmumerabites
3473 4381 3794 4446 cogitationes.

1108 4597 1936 4714 musnnm
2007 4601 2266 4711 an
2342 4597 3432 4740 STAGIBIUM,

1317 4747 1534 4823 QUOD
1577 4748 1984 4812 TRISTlTIA
2025 4746 2387 4809 DJEMONE
2432 4745 2606 4807 IPSO
2649 4745 2772 4806 SIT
2817 4744 3206 4807 GRAVIOR.

1573 4846 2052 4954 LIBER
2121 4843 2984 4952 SECUNDUS.

711 5017 764 5071 1.
813 5015 878 5068 ΕΙ.
917 5013 1017 5070 ista
1060 5012 1276 5084 quidem
1318 5011 1386 5067 de
1419 5011 1516 5067 Dei
1549 5011 1906 5081 providentia,
1952 5019 2114 5080 utque
2148 5010 2238 5065 ille

639 5122 748 5162 non
784 5119 1040 5160 aversans
1067 5113 1121 5159 et
1149 5118 1461 5168 exsecraris,
1495 5103 1592 5158 sed
1621 5112 1675 5157 et
1703 5102 1990 5156 admodum
2011 5101 2240 5172 diligens

639 5197 744 5253 hoc
772 5205 822 5252 te
849 5205 1098 5251 exerceat
1121 5195 1304 5262 modo,
1329 5195 1528 5250 dixisse
1547 5192 1794 5250 sufficiat.
1824 5192 2085 5261 Quoniam
2107 5209 2240 5249 vero

639 5290 742 5345 alia
774 5291 936 5345 etiam
959 5305 1028 5344 ex
1068 5297 1219 5359 parte
1266 5287 1607 5343 vehementer
1637 5295 1689 5342 te
1726 5287 1847 5357 angi
1891 5294 2111 5357 questus
2155 5300 2235 5353 es,

640 5379 782 5448 quod
831 5395 1200 5451 saepenumero
1248 5379 1459 5435 daemon
1510 5378 1596 5434 vel
1643 5379 1870 5450 pelago,
1919 5378 2001 5436 vel
2047 5379 2240 5448 praeci-

643 5471 812 5538 pitio,
861 5471 947 5526 vel
999 5471 1106 5526 alio
1152 5471 1344 5540 quovis
1387 5469 1477 5524 leti
1528 5483 1724 5537 genere
1779 5469 1944 5523 vitam
1989 5469 2081 5523 tibi
2129 5469 2240 5524 eri-

640 5572 771 5626 pere
829 5561 1084 5629 suadeat,
1133 5575 1231 5631 age
1277 5559 1343 5615 de
1395 5558 1702 5628 hujusmodi
1766 5573 1980 5630 quoque
2033 5561 2240 5631 cogita-

645 5649 878 5703 tionibus
934 5653 1119 5720 paucis
1189 5652 1535 5706 disseramus.
1616 5648 1799 5720 Neque
1865 5651 2010 5707 enim
2075 5651 2242 5707 solius

645 5739 904 5796 daemonis
944 5751 1027 5796 est
1067 5742 1194 5798 illud
1231 5742 1544 5810 consilium,
1595 5741 1689 5797 sed
1743 5741 1902 5797 etiam
1951 5743 2236 5799 maeroris:

2345 5008 2452 5063 imo
2479 5022 2611 5063 vero
2640 5009 2755 5077 plus
2783 5008 3029 5064 maeroris
3051 5021 3207 5078 quam
3234 5007 3515 5077 daemonis,
3546 5008 3765 5065 fortasse
3797 5025 3912 5066 vero

2343 5099 2592 5153 maeroris
2613 5099 2798 5153 solius.
2831 5098 2885 5152 ld
2915 5113 2980 5153 ex
3020 5113 3086 5152 eo
3117 5097 3354 5168 profecto
3392 5109 3622 5166 constat,
3654 5102 3788 5172 quod
3808 5103 3912 5172 plu—

2342 5189 2465 5246 rimi
2506 5189 2668 5245 etiam
2697 5189 2765 5244 ab
2809 5189 3112 5257 hujusmodi
3161 5190 3510 5262 insectatione
3561 5191 3711 5246 liberi
3743 5207 3799 5253 ex
3821 5193 3901 5246 do-

2344 5282 2460 5337 lore
2485 5281 2602 5336 solo
2642 5280 2757 5335 haec
2783 5280 3101 5336 deliberant.
3144 5280 3294 5335 Hunc
3333 5281 3492 5351 igitur
3529 5297 3592 5336 ex
3623 5283 3796 5337 animo
3829 5289 3906 5338 tuo

2344 5373 2463 5444 fuga
2490 5387 2552 5428 ac
2579 5373 2792 5442 penitus
2811 5371 3047 5438 elimina,
3077 5386 3140 5426 ac
3182 5372 3382 5428 nullam
3419 5372 3522 5427 vim
3554 5373 3795 5443 deinceps
3831 5374 3897 5428 illi

2346 5453 2578 5531 habebit,
2608 5481 2714 5521 nou
2743 5466 2914 5520 solum
2945 5465 3010 5520 ad
3038 5465 3465 5535 persuadendum
3501 5467 3623 5534 ista,
3653 5480 3824 5521 verum
3851 5478 3909 5520 ne

2345 5558 2412 5613 ad
2459 5559 2846 5630 suggerendum
2877 5557 3115 5629 quidem.
3165 5558 3314 5614 Nunc
3351 5559 3548 5629 quippe
3593 5558 3907 5630 quemadmo-

2345 5651 2476 5706 dum
2501 5651 2537 5706 ii
2578 5652 2668 5722 qui
2716 5651 2945 5720 parietes
2989 5650 3298 5713 suil'odiunt.
3332 5651 3503 5707 noctis
3535 5661 3791 5721 tempore,
3823 5666 3903 5705 ex-

2349 5745 2544 5801 stincto
2595 5745 2828 5813 lumine,
2869 5753 2923 5800 et
2951 5744 3111 5800 furari
3160 5758 3323 5813 opes,
3372 5754 3424 5800 et
3471 5759 3652 5799 earum
3696 5743 3901 5800 dominos
