4138 6432
293 342 409 400 447

299 457 464 526 οὗτος
494 461 524 515 0
551 461 792 532 δαίμων;
840 461 928 517 διά
968 460 1126 517 τοῦτό
1171 479 1229 516 σε
1261 462 1693 534 ἐκπληττόμενος
1726 464 1822 516 καὶ
1855 461 1987 516 θαυ-

219 553 234 563 “
304 550 502 620 μάζων
545 551 606 603 οὑ
638 550 905 622 παύομαι,
931 552 1013 604 ὅτι
1063 551 1199 623 πρὸς
1236 551 1476 606 τοιοῦτον
1514 551 1815 624 κληρωθεὶς
1857 553 1988 605 ἀντ-

301 641 636 709 αγωνιστὴν.
669 641 730 693 οὑ
779 640 1097 704 κατέπεσες,
1124 641 1245 694 οὐδέ
1283 639 1552 706 ἐξέδωκας
1585 641 1809 694 σεαυτὸν
1828 679 1844 706 ,
1872 639 1988 694 ἀλλ’

299 727 536 798 ἔμεινας
567 727 794 797 ἀκλινὴς
830 727 1143 799 μηδαμόθεν
1175 729 1661 800 περιτρεπόμενος.

383 813 438 867 ι’.
470 814 580 868 Καὶ
598 815 680 868 ὅτι
707 831 765 868 σε
797 816 857 868 οὐ
886 815 1193 870 κολακεύων
1219 818 1394 870 ταῦτα
1407 816 1558 885 λέγω
1571 815 1685 880 νῦν,
1702 817 1837 871 ἀλλά
1857 815 1991 888 ἀλη-

300 901 420 965 θῶς
452 902 520 955 τά
574 901 807 971 μέγιστα
848 904 955 956 ἀπὸ
985 905 1083 974 τῆς
1133 903 1364 973 θλίψεως
1407 903 1610 976 ταύτης
1656 904 1988 975 ἐκαρπώσω,

297 988 545 1057 ἀνάσχου
586 987 726 1059 μετά
755 989 1069 1060 παρρησίας
1100 991 1367 1059 λεγόντων
1400 989 1557 1061 ήμῶν
1587 1007 1598 1019 ·
1633 990 1752 1044 οὐδὲ
1781 990 1890 1061 γάρ
1923 990 1991 1043 ἂν

296 1074 483 1137 ἄλλως
509 1074 777 1147 δυναίμην
812 1077 1005 1130 τούτου
1043 1079 1348 1148 παρασχεῖν
1378 1076 1477 1149 τὴν
1506 1077 1799 1142 ἀπόδειξιν.
1820 1074 1991 1132 Οἷσθά

299 1179 413 1216 που
439 1163 534 1216 καὶ
562 1163 841 1236 μέμνησαι
869 1165 969 1236 τὴν
989 1164 1262 1237 προτέραν
1293 1181 1387 1217 σου
1418 1165 1716 1236 διαγωγὴν,
1752 1163 1850 1236 τὴν
1883 1165 1990 1236 πρὸ

293 1250 498 1303 τούτου
524 1250 667 1320 λέγω
691 1251 785 1306 τοῦ
807 1252 1115 1324 πειρασμοῦ
1132 1271 1146 1284 ο
1167 1252 1317 1325 [178]
1340 1253 1536 1306 οὐκοῦν
1566 1253 1818 1320 ἐξέτασον
1847 1253 1991 1306 ἐκεί-

295 1354 404 1408 νην
451 1338 652 1404 καλῶς,
683 1340 778 1394 καὶ
809 1341 1029 1406 ἀντίθες
1056 1345 1121 1413 τῇ
1159 1339 1411 1413 παρούσῃ
1459 1343 1524 1412 τῇ
1564 1340 1703 1412 μετά
1751 1341 1842 1395 τὸν
1869 1358 1982 1394 πει·

299 1425 546 1496 ρασμὸν,
589 1428 682 1481 καὶ
711 1427 831 1481 τότε
878 1427 997 1497 ὄψει
1037 1429 1099 1482 τὸ
1133 1427 1320 1498 κέρδος
1359 1429 1490 1480 ὅσον
1523 1428 1633 1482 ἀπὸ
1669 1428 1872 1499 ταύτης
1905 1446 1990 1484 σοι

295 1512 501 1581 γέγονε
542 1514 643 1586 τῆς
685 1515 1026 1586 συμπλοκῆς.
1061 1514 1176 1568 Νῦν
1201 1515 1298 1585 μὲν
1336 1515 1444 1586 γὰρ
1477 1515 1572 1570 καὶ
1611 1519 1670 1570 ἐν
1717 1517 1990 1588 νηστείαις

294 1603 401 1655 καί
436 1603 746 1674 παννυχίσι,
778 1605 873 1658 καὶ
897 1607 963 1675 τῇ
995 1605 1126 1676 περὶ
1159 1603 1257 1674 τὴν
1290 1603 1597 1672 ἀνάγνωσιν
1627 1605 1861 1676 σπουδῇ,
1894 1605 1989 1657 καὶ

291 1693 369 1761 τῇ
399 1690 526 1761 περὶ
556 1691 652 1754 τάς
681 1691 846 1762 εὐχὰς
873 1692 1160 1763 καρτερίᾳ,
1193 1690 1363 1762 πολλὴ
1394 1691 1621 1759 γέγονεν
1647 1695 1680 1762 ή
1714 1692 1985 1757 ἐπίτασις,

292 1781 400 1832 καὶ
430 1777 491 1831 τό
537 1779 822 1848 ἀδιάχυτον
861 1780 919 1832 δὲ
969 1780 1064 1834 καὶ
1095 1779 1349 1833 ταπεινὸν
1386 1780 1505 1850 μεθ’
1551 1780 1860 1851 ὑπερϐολῆς
1906 1798 1988 1834 σοι

290 1863 689 1936 κατώρθωται·
729 1865 994 1937 πρότερον
1029 1867 1087 1919 δέ
1121 1884 1204 1919 σοι
1241 1866 1464 1937 βιϐλίων
1495 1866 1651 1935 λόγος
1679 1863 1748 1938 ἦν
1792 1867 1986 1932 οὐδεὶς,

292 1953 455 2005 πᾶσα
502 1952 559 2005 δέ
592 1969 676 2006 σοι
706 1955 927 2024 φροντὶς
961 1954 1054 2007 καὶ
1089 1955 1249 2018 πόνος
1291 1956 1372 2018 εἰς
1402 1955 1502 2028 τὴν
1546 1955 1866 2024 ἐπιμέλειαν
1892 1955 1990 2008 ἀν-

287 2039 556 2109 ηλίσκετο
604 2041 714 2094 τῶν
763 2042 821 2094 ἐν
873 2040 952 2111 τῷ
986 2042 1302 2114 παραδείσῳ
1337 2041 1539 2110 φυτῶν.
1571 2041 1789 2096 Πολλῶν
1822 2035 1883 2096 δέ
1929 2060 1989 2095 σε

293 2127 403 2180 καὶ
435 2127 515 2191 εἰς
539 2127 802 2183 ἀπόνοιαν
832 2130 1189 2184 σκωπτόντων
1243 2131 1442 2201 ήκουον
1487 2130 1644 2195 τότε,
1680 2131 1776 2185 καὶ
1815 2131 1989 2204 ταύτῃ

288 2212 400 2285 τὴν
432 2213 528 2267 τοῦ
562 2215 755 2283 γένους
806 2217 1146 2288 αἰτιωμένων
1177 2217 1540 2291 λαμπρότητα
1561 2256 1577 2283 ,
1628 2220 1724 2274 καὶ
1756 2220 1857 2290 τὴν
1893 2221 1989 2274 τοῦ

291 2300 508 2371 πατρὸς
530 2300 708 2366 δόξαν,
749 2303 846 2356 καὶ
877 2304 940 2357 :0
969 2305 1025 2357 ἐν
1065 2305 1282 2376 πλούτῳ
1311 2303 1612 2377 τετράφθαι
1643 2305 1822 2378 πολλῷ
1847 2323 1861 2338 ·
1888 2309 1990 2379 τὴν

288 2385 355 2439 δὲ
391 2388 450 2441 ἐν
484 2390 606 2452 ταῖς
642 2389 930 2460 παννυχίσι
962 2391 1237 2462 ρᾳθυμίαν
1269 2392 1364 2446 καὶ
1398 2392 1564 2455 αὐτὸς
1597 2387 1744 2454 οἶδας
1778 2392 1986 2460 σαφῶς.

293 2473 572 2540 Πολλάκις
605 2476 714 2549 γὰρ
740 2477 916 2532 ἄλλων
944 2479 1082 2549 μετά
1115 2479 1214 2551 τὴν
1249 2479 1470 2550 βαθεῖαν
1495 2481 1735 2552 ἑσπέραν
1766 2480 1990 2534 ἀνιστα-

293 2560 482 2632 μένων
527 2562 751 2628 εὐθέως,
789 2565 952 2628 αὐτὸς
999 2565 1192 2637 ἔμενες
1233 2567 1387 2638 ῦπνῳ
1419 2567 1780 2638 κατεχόμενος
1811 2567 1987 2638 βαθεῖ,

290 2648 394 2702 καὶ
441 2649 580 2720 πρὸς
629 2650 757 2715 τοὺς
801 2651 1168 2722 διεγείροντας
1223 2652 1623 2725 ἐδυσχέραινες.
1681 2654 1844 2708 Ἀλλά
1894 2655 1989 2709 νῦν

289 2735 478 2790 πάντα
525 2735 741 2791 λέλυται
793 2740 1013 2802 ἐκεῖνα,
1067 2740 1162 2795 καὶ
1215 2741 1352 2813 πρὸς
1399 2741 1458 2794 τὸ
1503 2741 1709 2811 βέλτιον
1756 2744 1988 2814 μεταϐέ-

288 2822 522 2894 ϐληται,
565 2824 624 2889 ἐξ
671 2819 733 2879 οῦ
779 2827 879 2898 τὴν
935 2827 1116 2898 μάχην
1162 2830 1256 2883 καὶ
1313 2829 1404 2882 τὸν
1457 2830 1695 2900 πόλεμον
1756 2832 1990 2897 ἀνεδέξω

285 2910 502 2965 τοῦτον.
541 2913 604 2964 Εἰ
649 2913 706 2966 δὲ
753 2912 898 2986 ἔροιό
952 2932 1042 2986 με,
1090 2916 1142 2969 τί
1178 2916 1378 2990 δήποτέ
1429 2934 1513 2970 σοι
1569 2917 1846 2990 τρυφῶντι
1895 2920 1990 2974 καὶ

289 2998 435 3068 πρὸς
480 3001 547 3054 τά
597 3000 692 3054 τοῦ
749 3003 955 3072 κόσμου
1011 3004 1314 3076 πράγματα
1367 3007 1700 3078 ἐπτοημένῳ
1754 3009 1814 3062 οὐ
1865 3025 1992 3062 συν-

287 3084 572 3158 εχώρησεν
611 3089 930 3158 ἀντιστῆναι
965 3091 1055 3144 τὸν
1085 3092 1316 3164 δαίμονα
1347 3093 1536 3147 τοῦτον
1563 3097 1590 3148 ό
1620 3093 1774 3158 Θεὸς,
1814 3096 1992 3149 ἐκεῖνο

289 3173 362 3228 ἂν
393 3176 796 3248 ἀποκρινοίμην
833 3177 975 3247 ἐγὼ,
1011 3181 1094 3235 ὅτι
1126 3182 1223 3235 καὶ
1261 3181 1422 3235 τοῦτο
1465 3183 1564 3254 τῆς
1610 3183 1776 3237 αὐτοῦ
1824 3184 1988 3255 κηδε-

291 3263 487 3334 μονίας
536 3261 644 3337 ἦν·
695 3267 813 3338 ᾔδει
859 3268 970 3341 γὰρ
1017 3271 1100 3323 ὅτι
1150 3288 1211 3324 σε
1243 3271 1365 3325 τότε
1395 3272 1869 3341 εὐκαταγώνιστον
1895 3274 1988 3327 εὑ-

289 3354 405 3422 ρὼν
437 3354 651 3424 ταχέως
677 3356 890 3410 ἀπολεῖ.
914 3358 1014 3412 Διά
1047 3358 1208 3413 τοῦτο
1232 3360 1352 3414 οὐδέ
1380 3360 1588 3424 εὐθέως
1613 3361 1710 3415 ἐπὶ⁹
1739 3361 1833 3414 τὸν
1875 3361 1986 3416 τῶν

291 3440 545 3511 μοναχῶν
575 3441 798 3498 ἐλθόντα
829 3444 942 3515 βίον
965 3447 1102 3518 πρὸς
1126 3447 1224 3520 τὴν
1257 3447 1435 3519 πάλην
1463 3447 1675 3518 ταύτην
1702 3448 1982 3515 ἐκάλεσεν,

287 3527 406 3580 ἀλλ’
455 3529 668 3599 ἀφῆκεν
708 3535 1156 3606 ἐγγυμνασθῆναι
1190 3539 1284 3591 καὶ
1317 3536 1512 3609 χρόνον
1548 3539 1841 3609 ἀναμεῖναι
1874 3556 1982 3609 μα-

285 3614 447 3684 κρὸν,
476 3611 576 3669 εἷθ’
605 3617 692 3671 ὅτε
725 3621 1196 3694 καρτερικώτατος
1223 3625 1475 3695 γέγονας,
1506 3625 1818 3697 τηνικαῦτα
1845 3626 1984 3698 πρὸς

283 3701 352 3754 :0
412 3704 669 3760 ἐπίπονον
713 3708 874 3763 τοῦτο
917 3711 1132 3766 στάδιον
1170 3713 1442 3770 εἵλκυσεν.
1477 3716 1600 3770 Ἔτι
1637 3709 1732 3769 οῦν
1769 3714 1878 3768 τῶν
1924 3716 1982 3768 ἐν

281 3784 369 3856 τῷ
399 3787 588 3860 κόσμῳ
621 3792 1010 3863 στρεφομένων
1038 3799 1312 3872 μεμνήσῃ,
1342 3799 1436 3852 καὶ
1460 3797 1552 3853 τόν
1581 3798 1802 3870 οἰκέτην
1829 3796 1978 3863 ἄξεις

284 3873 370 3937 εἰς
404 3874 568 3944 μέσον
609 3877 698 3932 τὸν
747 3881 874 3933 σόνο
905 3885 1116 3937 ἐκεῖνον
1166 3886 1267 3956 μὲν
1295 3887 1404 3958 γάρ
1441 3905 1501 3942 σε
1531 3883 1686 3960 οἶμαι
1743 3887 1978 3943 αἰνίττε-

286 3961 440 4048 σθαι,
493 3964 622 4019 ὅταν
680 3967 848 4042 λέγῃς
896 3970 985 4048 ὅτι.
1027 3973 1214 4028 πολλοί⁸
1266 3976 1376 4030 τῶν
1439 3975 1710 4047 βιωτικῶν
1768 3974 1979 4046 ἀνδρῶν

281 4047 467 4124 ταύτῃ
500 4056 893 4124 περιπεσόντες
928 4047 994 4130 τῇ
1025 4060 1166 4132 νόσῳ
1189 4061 1454 4136 ταχίστης
1492 4063 1588 4117 καὶ
1622 4062 1832 4126 τελείας
1859 4062 1980 4117 ἔτυ-

1209 345 1301 402 AD
1339 345 1718 403 STAGIIHUM
1755 347 1799 402 Α
1837 343 2146 403 ΒΕΜΟΝΕ
2187 341 2548 402 VEXATUM.
2593 345 2723 404 LIB.
2767 347 2833 404 ΙΙ.

405 4321 3648 4357 -———_____._____—_______________________

3680 353 3782 412 N8

2096 478 2187 532 χον
2213 460 2552 532 ἀπαλλαγῆς.
2601 462 2741 516 Ἀλλ’
2775 464 2804 516 ὁ
2836 465 3078 540 οἰκέτης,
3113 466 3160 520 ῶ
3205 468 3448 537 φίλτατε,
3495 470 3524 523 ό
3569 467 3663 536 o0;
3687 473 3782 528 καὶ

2090 549 2206 603 ὅσοι
2268 550 2376 603 τῶν
2420 549 2600 604 αὐτῶν
2631 549 2822 622 ἔτυχον
2871 555 3088 626 ἐκείνῳ,
3130 557 3232 610 οὐκ
3281 557 3374 610 ἐπὶ
3443 562 3556 623 τοῖς
3599 561 3780 626 αὐτοῖς

2091 635 2241 708 αὑτῷ
2283 637 2767 711 προσεπλάκησαν,
2807 635 3004 716 οἷσπερ
3051 644 3146 698 καὶ
3187 645 3251 699 σὺ
3291 645 3386 699 νῦν
3413 662 3427 676 ·
3459 647 3652 718 ἐκείνῳ
3683 649 3782 721 μὲν

2090 725 2202 810 γάρ
2229 727 2323 778 καὶ
2353 727 2465 810 τοῖς
2492 725 2750 810 τοιούτοις
2781 728 2923 801 ὑπὲρ
2956 731 3049 785 τοῦ
3078 732 3313 804 φοϐῆσαι
3355 734 3536 805 μόνον,
3577 739 3672 790 καὶ
3701 737 3782 810 τῷ

2093 809 2244 880 φόϐῳ
2295 808 2522 878 ποιῆσαι
2577 809 2839 878 βελτίους,
2891 813 3052 868 τοῦτο
3101 817 3356 887 ἐπαφῆκε
3398 818 3460 872 :0
3514 818 3704 891 θηρίον
3748 808 3782 876 ό

2094 897 2229 982 Θεός
2252 913 2265 926 ·
2299 897 2381 948 σοὶ
2413 896 2492 961 δὲ,
2525 895 2666 950 ὥστε
2707 898 3083 967 ἀγωνίσασθαι
3116 906 3399 974 γενναίως,
3438 908 3534 961 καὶ
3558 911 3780 982 νικῆσαι

2091 981 2386 1054 λαμπρῶς,
2419 983 2637 1038 καὶτὸν
2669 986 2769 1056 τῆς
2823 988 3103 1060 ὑπομονῆς
3152 993 3524 1064 ἀναδήσασθαι
3579 981 3775 1068 στέφα-

2091 1088 2200 1124 νον.
2249 1072 2394 1142 Νίκη
2419 1072 2475 1126 δέ
2519 1073 2687 1137 ἐστιν,
2717 1074 2815 1146 οὐχ
2843 1077 2972 1130 ὅταν
3008 1096 3112 1142 τις,
3147 1080 3241 1133 τοῦ
3269 1081 3500 1155 θεάτρου
3547 1083 3628 1138 ἔτι
3657 1103 3783 1139 συν-

2091 1156 2347 1222 εστῶτος,
2391 1159 2689 1214 παλαίοντα
2731 1163 2895 1216 αὑτὸν
2951 1164 3186 1229 ἑλκύσας
3220 1169 3483 1241 ἀπαγάγῃ
3519 1171 3613 1225 τοῦ
3658 1175 3783 1228 ἀντ-

2092 1248 2428 1317 αγωνιστοῦ,
2481 1249 2597 1302 ἀλλ’
2665 1251 2795 1304 ὅταν
2846 1254 2960 1324 ἀφῇ
3025 1256 3415 1328 συμπλακῆναι
3465 1259 3782 1326 διαπαντὸς,

2091 1331 2210 1388 εἶτα
2243 1336 2492 1389 παλαίων
2521 1337 2613 1390 καὶ
2645 1337 2734 1391 διὰ
2755 1340 2857 1410 τῆς
2887 1341 3128 1412 ἀθυμίας
3159 1345 3238 1404 εἰς
3258 1345 3584 1416 ἐνθυμήσεις
3607 1359 3633 1388 ι
3660 1349 3784 1402 ἀτό-

2089 1440 2224 1488 πους
2252 1422 2400 1492 ἀγων
2428 1423 2623 1496 ἰσχύσῃ
2654 1426 2843 1497 μηδέν.
2872 1429 2981 1481 Καὶ
3003 1430 3084 1483 ὅτι
3117 1430 3261 1484 οὕτω
3284 1433 3438 1486 ταῦτ’
3466 1433 3601 1503 ἔχει,
3643 1437 3786 1489 ἐκεῖ-

2090 1509 2182 1563 θεν
2231 1510 2616 1582 συλλογιοῦμαι
2666 1513 2868 1576 καλῶς.
2916 1517 3090 1570 Παντί
3133 1535 3238 1572 που
3287 1519 3445 1590 δῆλόν
3507 1523 3643 1588 ἐστι,
3678 1523 3783 1577 κᾶν

2089 1598 2254 1662 αὐτὸς
2299 1597 2616 1668 μετριάζειν
2667 1600 2878 1673 ἐθέλῃς,
2927 1604 3052 1658 ὅσον
3084 1607 3185 1678 τῆς
3236 1607 3332 1660 τοῦ
3373 1610 3588 1664 οἰκέτου
3639 1611 3785 1682 ζωῆς

2095 1683 2320 1754 βελτίων
2348 1687 2382 1756 ή
2417 1687 2484 1756 σὴ
2513 1687 2840 1760 διενήνοχεν.
2873 1692 3084 1746 Οὐκοῦν
3112 1697 3207 1748 καὶ
3238 1695 3396 1764 λόγος
3429 1698 3522 1751 σοῦ
3558 1697 3638 1770 τῷ
3665 1699 3786 1770 Θεῷ

2091 1773 2292 1827 πλείων
2336 1775 2430 1828 καὶ⁵
2471 1778 2713 1845 φροντὶς,
2747 1779 2779 1849 ἢ
2822 1779 3052 1834 ἐκείνου.
3089 1783 3292 1837 Τούτου
3319 1785 3376 1838 δὲ
3418 1786 3570 1850 δντος
3597 1787 3782 1859 δήλου,

2090 1863 2314 1914 κάκεῖνο
2341 1863 2544 1932 ὁμοίως
2569 1864 2721 1919 ἔσται
2757 1867 3013 1939 φανερὸν,
3043 1870 3126 1924 ὅτι
3161 1872 3210 1923 εἰ
3250 1873 3443 1942 μίσους
3471 1873 3611 1945 αῦτη
3650 1891 3782 1944 συγη

2090 1947 2335 2020 χώρησις
2362 1946 2451 2021 ἦν,
2487 1951 2588 2004 οὑκ
2629 1952 2695 2006 ἂν
2731 1955 2812 2017 εἰς
2849 1955 2908 2007 ὃν
2957 1957 3159 2027 μᾶλλον
3204 1961 3399 2030 ἠγάπα
3443 1962 3650 2033 ταύτην
3693 1965 3785 2029 ἐξ·

2091 2034 2283 2100 έτεινε,
2310 2036 2402 2088 τὸν
2429 2037 2655 2107 ,ἥττονα
2680 2039 2814 2094 πολὺ
2843 2041 2973 2095 ὄντα
3011 2045 3202 2098 τοῦτον
3229 2048 3439 2118 ταχέως
3467 2049 3563 2102 τοῦ
3592 2050 3784 2121 δαίμο-

2090 2136 2178 2183 νος
2210 2121 2548 2192 ἐξαρπάσας.
2583 2124 2692 2178 Καὶ
2718 2126 2819 2178 οὐκ
2869 2128 2980 2181 ἀπὸ
3002 2130 3195 2184 τούτου
3226 2133 3386 2202 μόνον
3422 2134 3582 2188 τοῦτο
3633 2137 3786 2206 ἰσχυ-

2094 2209 2355 2279 ρισαίμην
2398 2209 2464 2264 ἂν
2499 2210 2695 2280 ἔγωγε,
2733 2212 2871 2267 ἀλλά
2909 2216 3005 2270 καὶ
3037 2217 3096 2284 ἐξ
3132 2218 3336 2286 αὐτῶν,
3362 2213 3438 2273 ὧν
3486 2223 3785 2290 ἐγκαταλε-

2089 2295 2305 2364 λεῖφθαι
2339 2297 2536 2363 δοκεῖς,
2580 2301 2645 2352 ἐκ
2694 2300 2902 2355 τούτων
2952 2305 3208 2375 μάλιστα,
3246 2308 3328 2361 ὃτι
3375 2309 3580 2382 σφόδρα
3631 2311 3786 2382 μέλει

2089 2382 2170 2471 τῶ
2200 2383 2320 2454 Θεῷ
2347 2384 2458 2438 τῶν
2489 2386 2619 2450 σῶν,
2648 2388 2927 2455 ἀποδεῖξαι
2955 2395 3313 2466 πειράσομαι.
3351 2393 3413 2448 Εἰ
3439 2397 3538 2467 μέν
3560 2398 3669 2468 γὰρ
3709 2399 3788 2471 μὴ

2090 2470 2292 2542 πολλὴν
2319 2474 2564 2544 ἐποιήσω
2597 2476 2855 2548 σπουδὴν,
2882 2479 3018 2550 μηδὲ
3047 2481 3356 2552 ἀποδημίας
3379 2485 3604 2538 ἐστείλω
3631 2470 3784 2558 [179]

2092 2559 2330 2630 μακρὰς,
2368 2559 2510 2614 ὥστε
2553 2565 2912 2632 συγγενέσθαι
2946 2568 3206 2639 ἀνδράσιν
3246 2571 3423 2638 ἀγίοις
3456 2573 3552 2624 καὶ
3581 2574 3788 2637 ίκανοῖς

2088 2644 2158 2698 τά
2179 2645 2405 2700 τοιαῦτα
2425 2647 2572 2701 λύειν
2595 2650 2790 2721 δεσμὰ,
2807 2653 2940 2716 ίσως
2956 2653 3023 2708 ἄν
3043 2673 3128 2719 τις
3149 2657 3398 2728 ἠπόρησε
3422 2658 3530 2712 τῶν
3550 2659 3782 2723 πολλῶν,

2089 2732 2151 2785 οὐ
2196 2732 2403 2804 σφόδρα
2449 2735 2548 2806 τῆς
2577 2737 2756 2803 αίτίας
2800 2738 2968 2812 οῦσης
2999 2744 3286 2814 ἐναργοῦς,
3319 2744 3386 2798 δι’
3428 2747 3494 2818 ῆν
3525 2745 3786 2801 τοσοῦτον

2089 2820 2240 2873 εἴασε
2271 2822 2490 2893 χρόνονο
2518 2825 2707 2898 ἐπειδὴ
2736 2827 2794 2882 δέ
2829 2831 2924 2882 καὶ
2963 2832 3163 2895 τόπους
3207 2833 3501 2904 μαρτύρων
3546 2835 3787 2891 καταλα-

2093 2907 2226 2974 ϐὼν,
2261 2908 2392 2964 ἔνθα
2426 2912 2612 2967 πολλοὶ
2658 2915 2753 2969 καὶ
2782 2917 2892 2970 τῶν
2936 2917 3259 2991 ἀνθρώπους
3293 2921 3580 2977 ἐσθιόντων
3631 2923 3786 2997 ἰάθη·

2093 3013 2212 3062 σαν,
2265 3000 2358 3052 καὶ
2406 3002 2520 3064 τοῖς
2565 3001 2898 3074 θαυμαστοῖς
2945 3009 3042 3062 καὶ
3083 3010 3354 3077 γενναίοις
3406 3011 3642 3075 ἐκείνοις
3691 3013 3786 3066 καὶ

2091 3085 2364 3173 μηδέποτε
2396 3089 2800 3165 διημαρτηκόσι
2856 3096 3027 3150 πολὺν
3058 3099 3199 3171 ὑπὲρ
3233 3102 3424 3154 τούτου
3460 3101 3785 3173 συνῴκησας

2087 3171 2305 3260 χρόνον,
2354 3176 2450 3228 καὶ
2491 3178 2641 3232 οὐδὲν
2687 3180 2825 3245 ὅλως
2865 3184 3191 3255 παραλιπὼν
3234 3186 3344 3240 τῶν
3391 3171 3674 3260 φερόντων.
3703 3191 3785 3256 εἰς

2086 3259 2186 3331 τὴν
2213 3258 2310 3313 τοῦ
2341 3262 2548 3328 πάθους
2582 3265 2931 3341 ἀπαλλαγὴν,
2961 3271 3267 3342 ἐπανῆλθες
3301 3258 3475 3327 πάλιν
3495 3276 3587 3328 τὸν
3623 3275 3786 3329 πολέ-

2090 3363 2214 3416 μιον
2244 3346 2384 3417 ἔχων
2421 3349 2562 3419 μετὰ
2602 3353 2827 3420 σαυτοῦ,
2865 3359 3108 3430 φανεράν
3150 3360 3245 3414 καί⁵
3286 3363 3491 3432 ἐναργῆ
3545 3362 3640 3414 καὶ
3673 3364 3786 3426 τοῖς

2093 3435 2300 3508 σφόδρα
2339 3439 2592 3509 ἀνοήτοις
2627 3442 2728 3512 τῆς
2765 3444 2896 3514 περί⁸
2945 3446 3004 3498 σὲ
3043 3447 3180 3501 Θεοῦ
3225 3449 3484 3521 προνοίας
3517 3450 3785 3521 ἐκόμισας

2090 3521 2188 3594 τὴν
2217 3523 2517 3590 ἀπόδειξιν.
2554 3527 2690 3582 Οὐδὲ
2713 3530 2825 3602 γάρ
2864 3531 2930 3587 ἀν
2961 3535 3231 3608 τοσαύτην
3259 3537 3420 3608 χάριν
3449 3537 3782 3601 ἐνεπόδισεν,

2090 3610 2210 3697 οὐδ’,
2229 3611 2295 3664 ἂν
2318 3613 2446 3676 τοὺς
2474 3615 2641 3669 αὑτοῦ
2674 3616 2898 3684 δούλους
2925 3622 3281 3694 αἰσχυνθῆναι
3312 3624 3592 3696 ἠνέσχετο,
3626 3627 3674 3678 εἰ
3708 3625 3785 3697 μὴ

2093 3696 2301 3769 σφόδρα
2329 3699 2468 3770 πρὸς
2497 3702 2598 3774 τὴν
2629 3704 2985 3778 εὐδοκίμησιν
3018 3710 3112 3763 καὶ
3151 3711 3250 3780 τὴν
3283 3711 3552 3781 ὠφέλειαν
3582 3696 3786 3782 μᾶλλον

2085 3783 2235 3856 ἐώρα
2281 3785 2382 3856 τὴν
2433 3787 2556 3858 σήν.
2609 3791 2763 3846 ’Ὠσθ’
2819 3795 2957 3868 ὅπερ
3003 3797 3154 3852 δοκεῖ
3202 3801 3431 3869 σημεῖον
3485 3793 3628 3852 εἰναι
3682 3799 3786 3868 τῆς

2087 3873 2527 3944 ἐγκαταλείψεως
2552 3878 2648 3934 τοῦ
2695 3882 2854 3947 Θεοῦ,
2883 3883 3043 3939 τοῦτο
3068 3887 3169 3954 τῆς
3201 3887 3404 3959 πολλῆς
3454 3887 3620 3941 αὐτοῦ
3653 3888 3785 3960 περὶ

2088 3961 2150 4014 σὲ
2185 3960 2572 4035 φιλοστοργίας
2601 3969 2697 4023 καὶ
2729 3973 2970 4044 σπουδῆς
2999 3975 3229 4048 σημεῖόν
3255 3977 3391 4030 ἐστι.

2152 4071 2180 4102 ⁸
2201 4069 2352 4120 Savil.
2381 4076 2434 4122 ει
2456 4073 2592 4126 Colb.
2616 4079 2682 4133 εἰς
2707 4078 2874 4143 μυρίας
2893 4080 3186 4144 ἐνθυμήσεις.

848 4539 1151 4657 ΤΟΥ
1207 4544 1705 4663 ΑΥΤΟΥ
1784 4546 2202 4664 ΠΡΟΣ
2263 4545 3179 4664 ΣΤΑΓΕΙΡΙΟΝ

1183 4741 1305 4795 ΚΑΙ
1339 4743 1448 4797 ΟΤΙ
1497 4743 1544 4797 Η
1576 4742 1845 4798 ΑΘΥΜῙΑ
1877 4744 2345 4799 ΧΑΛΕΠΩΤΕΡΑ
2375 4743 2498 4797 ΚΑΙ
2529 4742 2906 4799 ΔΑΙΜΟΝΟΣ.

1545 4889 1916 4977 ΛΟΓΟΣ
1967 4888 2564 4978 ΔΕΥΤΕΡΟΣ.

358 5059 428 5108 α’.
447 5050 631 5106 Ταῦτα
652 5051 749 5125 μέν
765 5051 898 5124 ἡμῖν
913 5051 1057 5124 ὑπὲρ
1071 5051 1277 5123 τῆςτοῦ
1293 5050 1428 5105 Θεοῦ
1448 5054 1704 5123 προνοίας
1716 5055 1978 5126 εἰρήσθω,

289 5144 386 5199 καὶ
418 5145 500 5198 ὅτι
540 5144 640 5198 οὐκ
681 5143 1162 5216 ἀποστρεφόμενος
1190 5142 1311 5196 οὐδέ
1357 5141 1552 5214 μισῶν,
1583 5143 1718 5198 ἀλλά
1741 5145 1834 5197 καὶ
1857 5144 1977 5197 λίαν

291 5233 544 5301 ἀγαπῶν,
574 5231 750 5304 τούτῳ
770 5230 1040 5304 γυμνάζει
1062 5230 1139 5302 τῷ
1163 5231 1370 5304 τρόπῳ.
1403 5229 1622 5303 Ἐπειδὴ
1650 5231 1706 5284 δὲ
1737 5231 1833 5286 καὶ
1863 5232 1980 5284 ἐτέ-

296 5337 399 5393 ρως
429 5321 634 5393 σφόδρα
669 5321 806 5394 ἔφης
822 5323 1032 5392 ἀλγεῖν,
1060 5321 1135 5383 ὼς
1165 5320 1260 5374 καὶ
1285 5318 1546 5385 πολλάκις
1575 5337 1635 5374 σε
1661 5320 1979 5375 ἀναπείθειν

293 5410 379 5462 τὸν
411 5408 642 5476 δαίμονα
675 5411 753 5474 εἰς
777 5411 1013 5478 πέλαγος
1043 5409 1076 5482 ἢ
1098 5409 1240 5464 κατά
1265 5407 1531 5481 κρημνῶν
1553 5409 1818 5478 ἀφανίσαι
1848 5424 1979 5462 σαυ-

293 5497 401 5562 τὸν,
436 5495 470 5571 ἢ
509 5497 656 5570 ἀλλῳ
697 5500 806 5551 τινὶ
843 5499 1069 5569 τοιούτῳ
1104 5497 1295 5568 τρόπῳ
1343 5496 1442 5568 τὴν
1487 5495 1772 5568 παροῦσαν
1808 5513 1979 5552 κατα-

296 5586 450 5641 λῦσαι
483 5586 652 5660 ζωήν,
685 5587 780 5642 καὶ
827 5588 969 5660 ὑπὲρ
1005 5587 1212 5641 τούτων
1237 5586 1409 5658 μικρά
1449 5585 1796 5657 διαλεχθῆναι
1849 5583 1977 5654 βού-

2088 5053 2296 5125 ταύτης
2331 5052 2531 5124 μᾶλλον
2565 5050 2600 5123 ἢ
2643 5050 2876 5116 ἐκείνου,
2923 5052 3066 5124 τάχα
3099 5052 3157 5106 δὲ
3205 5052 3301 5106 καὶ
3341 5054 3512 5124 μόνης
3553 5053 3782 5126 ταύτης.

2085 5143 2196 5196 Καὶ
2223 5141 2383 5212 δῆλον
2423 5141 2486 5206 ἐξ
2516 5134 2592 5196 ὧν
2627 5139 2814 5194 πολλοὶ⁵
2852 5142 2947 5196 καὶ
2976 5141 3086 5196 τῶν
3136 5141 3210 5214 μὴ
3244 5142 3628 5214 δαιμονῶντων
3669 5145 3785 5197 ἀπὸ

2082 5231 2177 5285 τοῦ
2223 5230 2515 5284 λυπεῖσθαι
2551 5228 2710 5300 μόνον
2749 5229 2980 5285 τοιαῦτα
3027 5229 3392 5301 βουλεύονται.
3435 5231 3652 5299 Ταύτην
3686 5227 3784 5286 οὗν

2083 5317 2278 5372 ἔκϐαλε
2311 5316 2408 5371 καὶ
2437 5316 2710 5371 ἀπέλασον
2741 5319 2841 5390 τῆς
2873 5317 3072 5388 ψυχῆς,
3108 5318 3201 5372 καὶ
3232 5317 3488 5388 οὐδεμίαν
3520 5317 3631 5383 ἕξει
3669 5317 3783 5374 λοι-

2082 5409 2182 5461 πὺν
2212 5410 2418 5471 ἐκεῖνος
2449 5406 2624 5478 ἰσχὺν,
2660 5407 2721 5460 οὐ
2755 5407 2915 5478 μόνον
2942 5407 3079 5478 πρὸς
3098 5406 3160 5460 :0
3192 5405 3402 5460 πείθειν
3429 5407 3498 5460 τά
3528 5407 3781 5474 τοιαῦτα,

2081 5497 2196 5550 ἀλλ’
2231 5495 2354 5549 οὐδέ
2405 5496 2542 5568 πρὸς
2591 5495 2654 5548 :0
2689 5498 2974 5567 παραινεῖν
3021 5494 3122 5567 τὴν
3148 5496 3345 5565 ἀρχήν.
3380 5494 3496 5549 Νῦν
3529 5496 3628 5566 μὲν
3664 5497 3780 5569 γὰρ

2079 5583 2332 5652 καθάπερ
2359 5583 2410 5636 οἰ
2431 5583 2754 5655 τοιχωρύχοι
2779 5581 3313 5653 καταλαμϐανούσης
3335 5583 3553 5647 νυκτὸς,
3579 5581 3642 5635 :0
3664 5584 3783 5654 φῶς

293 5674 449 5743 λομαι
507 5675 618 5728 τῶν
681 5675 977 5746 λογισμῶν.
1044 5676 1119 5729 Οὐ
1181 5675 1290 5748 γὰρ
1341 5673 1554 5729 ἐκείνου
1607 5674 1766 5745 μόνον
1823 5672 1974 5726 ἐστὶν
2076 5670 2504 5736 ἀποσϐέσαντες,
2537 5672 2632 5725 καὶ
2665 5670 2957 5740 ὑφελέσθαι
2995 5669 3066 5723 τά
3096 5670 3248 5735 ὄντα,
3281 5671 3531 5735 καὶτοὺς
3565 5670 3776 5724 τούτων

293 5765 426 5831 αὕτη
459 5765 492 5835 ἡ
541 5763 840 5835 συμϐουλὴ,
881 5763 1018 5818 ἀλλὰ
1067 5764 1160 5818 καὶ
1187 5763 1288 5834 τῆς
1317 5763 1554 5834 ἀθυμίας
1586 5761 1685 5833 τῆς
1719 5759 1839 5832 σῆς,
1873 5760 1970 5814 καὶ
2075 5759 2295 5832 κυρίους
2322 5759 2460 5831 μετά
2486 5757 2686 5828 πολλῆς
2705 5757 3016 5824 ἀποσφάξαι
3041 5757 3143 5829 τῆς
3164 5757 3411 5823 εὐκολίας
3427 5755 3668 5812 δύναιντ’
3691 5757 3774 5809 ἀν·
