4138 6442
423 333 531 391 449

424 448 567 503 οὕτω
608 450 701 503 καὶ
732 443 887 512 οὗτος
928 446 1050 505 ἀντί⁴
1096 448 1295 511 νυκτὸς
1326 448 1422 502 καί⁹
1470 448 1698 514 σκότους
1727 449 1827 522 τὴν
1864 449 2106 521 ἀθυμίαν

425 536 863 603 κατασκεδάσας,
909 535 1120 599 πάντας
1166 535 1458 604 ὑφελέσθαι
1497 539 1754 609 πειρᾶται
1802 541 1930 603 τοὺς
1974 538 2110 610 πρὸς

427 626 728 695 ἀσφάλειαν
763 624 1078 694 λογισμοὺς,
1108 623 1195 677 ἵνα
1222 625 1438 696 ἐρήμην
1468 625 1562 678 καὶ
1589 625 1894 697 ἀϐοήθητον
1930 625 2111 680 λαϐὼν

427 713 527 784 τὴν
564 712 741 784 ψυχὴν
785 711 1010 782 μυρίαις
1051 710 1381 784 κατατρώσῃ
1423 712 1680 783 πληγαῖς.
1720 714 1888 768 Ὅταν
1935 714 1993 767 δέ
2028 731 2115 778 τις

428 803 494 872 τῇ
527 800 664 872 πρὸς
710 801 798 851 τὸν
832 797 964 852 Θεὸν
1001 797 1175 851 ἐλπίδι
1215 797 1375 851 τοῦτο
1411 798 1774 862 διασκεδάσας
1804 798 1865 852 τὸ
1896 799 2109 864 σκότος,

430 892 523 944 καὶ
551 890 688 962 πρὸς
710 888 800 941 τὸν
829 889 981 960 ἥλιον
1006 888 1104 959 τῆς
1141 886 1491 960 δικαιοσύνης
1514 887 1868 958 καταφυγὼν,
1900 888 2110 959 σπεύσῃ

429 976 529 1040 τὰς
561 976 783 1039 ἀκτῖνας
821 975 1038 1038 ἐκείνας
1075 976 1154 1038 εἰς
1179 974 1278 1045 τὴν
1312 974 1505 1028 ἐαυτοῦ
1554 976 1870 1029 καταθεῖναι
1910 975 2109 1046 ψυχὴν,

431 1063 539 1117 ἀπὸ
576 1063 685 1117 τῶν
730 1064 949 1116 οἰκείων
990 1060 1270 1133 λογισμῶν
1314 1060 1408 1114 ἐπὶ
1436 1061 1527 1114 τὸν
1574 1062 1779 1135 λῃστὴν
1819 1061 2114 1133 μεταθήσει

430 1151 520 1204 τὸν
572 1150 827 1221 θόρυϐον”
880 1150 975 1204 καὶ
1024 1149 1134 1222 γάρ
1171 1150 1220 1202 οἰ
1266 1149 1335 1204 τὰ
1384 1147 1608 1202 τοιαῦτα
1654 1148 2111 1221 κακουργοῦντες,

433 1238 585 1313 [I80]
619 1241 747 1293 ὅταν
764 1239 964 1303 αὐτοὺς
989 1236 1181 1309 ἐλέγξῃ
1199 1255 1303 1301 τις,
1336 1236 1428 1291 καί
1457 1236 1603 1308 δείξῃ
1630 1236 1691 1290 τὸ
1718 1236 1854 1305 φῶς,
1883 1236 2119 1308 τρέμου-

435 1346 544 1389 σιν,
598 1326 888 1398 ἰλιγγιῶσι,
949 1327 1327 1398 ταράττονται.
1373 1325 1486 1380 Καὶ
1539 1324 1657 1389 πῶς
1701 1325 1766 1380 ἀν
1810 1342 1916 1390 τις,
1958 1325 2113 1395 φησί,

426 1417 637 1492 ,ταύτης
661 1415 1001 1487 ἀπαλλαγείη
1025 1418 1124 1487 τῆς
1151 1415 1364 1485 ὀδύνης,
1394 1413 1470 1485 μὴ
1498 1414 1766 1486 πρότερον
1787 1413 1881 1466 τοῦ
1912 1412 2118 1467 κινοῦν-

433 1522 527 1570 τος
557 1505 728 1576 αὐτὴν
754 1504 1008 1575 δαίμονος
1036 1502 1403 1571 ἀπαλλαγείς;
1439 1502 1552 1572 Οὐχ
1592 1502 1621 1553 ὀ
1660 1501 1870 1573 δαίμων
1912 1500 2061 1554 ἐστὶν
2085 1501 2116 1553 ό

432 1593 534 1666 τὴν
572 1593 807 1665 ἀθυμίαν
845 1591 1029 1657 κινῶν,
1064 1590 1178 1645 ἀλλ’
1204 1590 1386 1661 ἐκείνη
1419 1591 1452 1660 ή
1495 1590 1724 1644 ποιοῦσα
1764 1591 1858 1644 τὸν
1888 1590 2119 1661 δαίμονα

437 1686 678 1758 ἰσχυρὸν,
721 1686 815 1738 καὶ
848 1684 975 1748 τοὺς
1022 1681 1318 1753 λογισμοὺς
1364 1679 1746 1735 ὑποϐάλλουσα
1784 1680 1914 1744 τοὺς
1947 1697 2120 1751 πονη-

438 1773 586 1846 ρούς.
635 1773 745 1826 Καὶ
776 1772 1179 1844 μαρτυρήσειεν
1220 1769 1287 1824 ἂν
1328 1771 1461 1841 ἡμῖν
1494 1767 1732 1822 ἐνταῦθα
1775 1769 1803 1821 ό
1851 1767 2121 1841 μακάριος

434 1861 681 1921 Παῦλος·
711 1860 772 1912 οὐ
801 1858 912 1932 γὰρ
960 1858 1192 1929 δαίμονά
1229 1875 1374 1925 τινα,
1425 1855 1562 1911 ἀλλά
1599 1856 1697 1927 τὴν
1730 1855 1931 1924 ταύτης
1977 1858 2120 1926 ἀμε-

435 1950 595 2021 τρίαν
620 1946 874 2012 δεδοικὼς
919 1947 1209 2001 ἐπέστελλε
1252 1944 1562 2017 Κορινθίοις
1596 1944 1885 2013 φείσασθαι
1935 1942 2121 1997 λοιπὸν

436 2037 531 2091 τοῦ
576 2034 1105 2107 πεπλημμεληκότος
1151 2034 1236 2104 ἐφ’
1263 2027 1345 2097 οἷς
1395 2031 1691 2104 ἐξήμαρτε,
1754 2030 1984 2098 Μήπως
2044 2029 2122 2099 τῇ

437 2124 841 2194 περισσοτέρᾳ
871 2125 1041 2191 λύπῃ
1077 2119 1411 2190 καταποθῇ,
1448 2121 1634 2191 φησὶν,
1665 2124 1699 2174 δ
1738 2120 2028 2184 τοιοῦτος.
2059 2119 2123 2172 Εἰ

437 2213 497 2266 δὲ
527 2212 726 2283 βούλει,
759 2210 840 2282 τῷ
881 2211 1025 2281 λόγῳ
1061 2211 1198 2273 τέως
1239 2207 1573 2279 ὐποθώμεθα
1616 2207 1710 2261 τὸν
1752 2206 1852 2279 μέν
1894 2207 2125 2277 δαίμονα

439 2301 770 2367 ἐπικεῖσθαι,
786 2299 882 2372 τὴν
903 2298 961 2352 δὲ
981 2297 1219 2370 ἀθυμίαν
1240 2295 1535 2369 ἐξηλάσθαι
1557 2295 1658 2367 τῆς
1685 2297 1785 2367 σῆς
1803 2294 1985 2366 ψυχῆς
2003 2311 2016 2325 ·
2041 2294 2127 2358 τίς

440 2386 592 2440 ἐσται
621 2384 795 2457 βλάϐη
839 2385 1064 2450 λοιπόν;
1108 2384 1161 2438 τί
1202 2383 1324 2436 καθ’
1368 2382 1560 2437 ἐαυτὸν
1597 2374 1814 2453 οὗτοςῆ
1866 2380 2123 2453 μικρδνή

442 2474 587 2546 μέγα
608 2484 634 2514 ι
663 2472 867 2528 δύναιτ’
893 2471 959 2526 ἂν
986 2470 1245 2541 ἀδικῆσαι
1271 2472 1450 2542 ήμᾶς;
1495 2470 1708 2543 Ἐκείνη
1734 2469 1793 2524 δὲ
1819 2466 1918 2524 καί
1931 2469 2125 2524 τούτου

441 2561 520 2633 μὴ
550 2562 817 2632 παρόντος
850 2559 1024 2613 πολλὰ
1045 2558 1111 2614 ἂν
1141 2560 1436 2633 ἐργάσαιτο
1463 2558 1646 2613 δεινά’
1676 2557 1921 2620 καὶτοὺς
1951 2556 2130 2611 πλείο-

440 2666 539 2721 νας
562 2649 670 2703 τῶν
700 2648 926 2722 βρόχους
953 2648 1228 2718 ἁψάντων,
1257 2648 1290 2718 ἢ
1331 2648 1476 2719 ξίφει
1504 2646 1933 2719 διαφθαρέντων,
1967 2646 2000 2717 ἢ
2033 2663 2131 2699 πο-

440 2740 635 2809 ταμοῖς
681 2736 1116 2806 ἀποπνιγέντων,
1146 2736 1180 2806 ἢ
1213 2735 1309 2790 καί
1354 2736 1559 2808 ἐτέρως
1596 2752 1714 2798 πως
1747 2733 2130 2812 ἀπολεσάντων

441 2826 690 2890 ἑαυτοὺς,
722 2826 830 2879 ἀπὸ
849 2824 951 2895 τῆς
977 2824 1217 2895 ἀθυμίας
1242 2823 1336 2876 ἐπὶ
1356 2824 1485 2887 τοὺς
1516 2821 1725 2893 βιαίους
1765 2820 1989 2885 τούτους
2032 2820 2131 2874 θα-

441 2913 637 2975 νάτους
694 2911 975 2976 ὠσθέντας
1013 2912 1354 2983 εὑρήσομεν
1393 2912 1444 2964 εἰ
1473 2909 1531 2964 δέ
1559 2926 1705 2974 τινες
1748 2909 1843 2962 καὶ
1879 2909 1989 2963 τῶν
2015 2908 2133 2962 δαι-

447 2997 735 3071 μονῶντων
780 2993 893 3053 εἷεν
950 3000 1011 3053 ἐν
1054 2998 1286 3062 τούτοις.
1324 2998 1420 3053 καὶ
1468 2998 1675 3052 τούτων
1713 2996 1814 3068 τὴν
1852 2996 2130 3051 ἀπώλειαν

443 3087 506 3140 οὐ
535 3086 613 3159 τῷ
639 3086 855 3157 δαίμονι
883 3087 1179 3157 λογιστέον,
1201 3086 1338 3141 ἀλλά
1361 3088 1427 3159 τῇ
1455 3087 1555 3157 τῆς
1582 3085 1825 3156 ἀθυμίας
1852 3086 2132 3157 τυραννίδι

444 3176 542 3229 καὶ
580 3174 690 3246 βίᾳ.
723 3175 834 3228 Καὶ
880 3175 999 3239 πῶς
1043 3174 1244 3239 ἔνεστι,
1277 3174 1432 3244 φησί,
1479 3173 1555 3245 μὴ
1607 3175 1874 3245 ἀθυμεῖν;
1907 3174 2004 3225 Ἂν
2032 3173 2133 3244 τῆς

444 3260 554 3316 τῶν
608 3261 820 3316 πολλῶν
868 3263 999 3336 περὶ
1046 3262 1141 3316 τοῦ
1184 3262 1513 3334 πράγματος
1551 3260 1709 3333 δόξης
1772 3259 2019 3324 ἀποστὰς
2063 3260 2135 3314 τά

446 3349 561 3405 ἄνω
583 3354 807 3424 φρονῇς.
825 3352 940 3406 Νῦν
968 3353 1068 3422 μὲν
1092 3351 1202 3426 γάρ
1221 3351 1412 3423 ἐπειδὴ
1445 3354 1559 3415 τοῖς
1585 3350 1801 3414 πολλοῖς
1815 3349 1877 3403 τὸ
1899 3350 2134 3421 πρᾶγμα

446 3439 619 3496 δεινὸν
655 3435 797 3496 εἶναι
839 3441 1143 3513 νομίζεται,
1179 3443 1277 3494 καὶ
1312 3441 1394 3494 σοὶ
1421 3439 1570 3493 δοκεῖ
1597 3439 1651 3480 δ’
1689 3441 1739 3492 εἰ
1781 3437 1840 3491 δέ
1879 3436 2136 3508 θελήσαις

448 3529 582 3583 αὐτὸ
629 3528 751 3583 καθ’
791 3529 970 3595 ἐαυτδ,
1000 3529 1101 3600 τῆς
1138 3529 1375 3601 ματαίας
1409 3529 1504 3582 καί
1543 3526 1968 3598 πεπλανημένης
1996 3542 2136 3597 προ-

447 3614 663 3688 λήψεως
688 3615 1048 3684 ἀπαλλαγεὶς,
1080 3615 1217 3687 μετά
1256 3614 1545 3687 ἀκριϐείας
1588 3613 1848 3677 κατιδεῖν,
1881 3613 2136 3684 εὑρήσεις

449 3701 707 3775 οὐδεμίαν
751 3703 873 3775 ἔχον
916 3703 1155 3774 ἀθυμίας
1188 3703 1464 3775 ἀφορμὴν,
1499 3701 1575 3766 ὡς
1606 3702 1704 3755 καὶ
1743 3700 1843 3771 ἤδη
1877 3699 2136 3763 πολλάκις

451 3793 583 3863 ἡμῖν
605 3793 998 3849 ἀποδέδεικται.
1030 3792 1152 3845 Τῶν
1176 3792 1233 3845 δὲ
1254 3791 1534 3863 ὁμηλίκων
1561 3790 1745 3844 ἕνεκεν
1769 3789 1885 3861 (καὶ
1908 3788 2018 3859 γὰρ
2037 3789 2137 3859 τὴν

452 3880 678 3934 ἐκείνων
706 3880 1047 3953 εὐφροσύνην
1088 3880 1181 3934 καί⁸
1221 3878 1321 3951 τὴν
1350 3878 1486 3949 πρὸς
1528 3879 1654 3943 τοὺς
1705 3877 1966 3946 ἀδελφοὺς
1996 3878 2138 3949 παῤ-

457 3967 654 4037 ρησίαν
687 3968 901 4040 ὁρῶντά
927 3985 985 4022 σε
1006 3966 1247 4038 ἡγοῦμαι
1272 3964 1592 4037 συγχεῖσθαι
1626 3965 1721 4019 καὶ
1751 3965 2136 4034 καταπίπτειν)

457 4055 634 4107 ἐκεῖνο
664 4053 731 4108 ἂν
781 4054 1016 4127 εἴποιμι,
1041 4056 1144 4118 ὅτι,
1176 4056 1224 4108 εἰ
1258 4054 1358 4126 μὲν
1406 4052 1610 4108 τούτων
1640 4054 1698 4106 ἐν
1721 4051 2018 4123 ἐγκρατείᾳ
2045 4053 2140 4106 καὶ

457 4142 778 4214 κοσμιότητι
807 4143 904 4197 καὶ
932 4148 998 4215 τῇ
1032 4142 1192 4215 λοιπῇ
1229 4141 1325 4195 τοῦ
1355 4140 1469 4212 βίου
1504 4139 1794 4212 φιλοσοφίᾳ
1819 4139 2134 4208 διαγόντων,

457 4230 621 4296 αὐτὸς
676 4234 733 4287 ἐν
779 4232 1200 4305 χαμαιτυπείοις
1252 4231 1347 4285 καὶ
1402 4229 1589 4294 κύϐοις
1639 4230 1735 4283 καὶ
1790 4228 2000 4299 κώμοις
2048 4227 2139 4281 τὸν

457 4320 677 4376 ἅπαντα
705 4322 895 4395 χρόνον
923 4319 1238 4393 ἀνήλισκες,
1260 4319 1419 4388 λόγον
1448 4318 1516 4372 ἃν
1548 4312 1696 4388 εἶχεν
1725 4319 1759 4388 ἡ
1780 4318 1880 4387 τῆς
1901 4316 2143 4387 ἀθυμίας

457 4392 759 4480 πρόφασιςλ
796 4411 846 4464 εἰ
868 4392 933 4464 ’δέ
961 4392 1062 4482 τήν
1100 4408 1272 4480 αὐτὴν
1301 4408 1489 4470 αὐτοῖς
1532 4406 1615 4460 ἔτι
1646 4404 1878 4476 βαδίζεις
1915 4405 2055 4470 ὁδὸν,
2086 4405 2140 4459 τί

455 4496 591 4549 ποτέ
622 4495 738 4549 ἐστί
768 4512 830 4549 σε
867 4496 925 4549 τὸ
953 4495 1158 4550 λυποῦν
1184 4514 1200 4561 ;
1237 4493 1380 4564 Ἐγὼ
1419 4493 1548 4565 γάρ,
1587 4494 1635 4545 εἰ
1661 4492 1759 4564 μὲν
1791 4491 1928 4563 πρὸς
1955 4492 2142 4562 ἕτερόν

461 4582 551 4653 μοί
574 4599 699 4636 τινα
726 4583 836 4637 τῶν
860 4584 1097 4648 εὐκόλως
1125 4583 1505 4653 ἐπαιρομένων
1530 4584 1562 4635 ό
1585 4581 1744 4649 λόγος
1764 4576 1854 4651 ἦν,
1885 4578 1988 4634 κᾶν
2038 4582 2143 4635 ἀπ-

461 4669 749 4743 εσιώπησα
770 4669 967 4735 ταῦτα,
1009 4670 1047 4726 ἃ.
1084 4670 1266 4742 μέλλω
1305 4670 1442 4740 πρὸς
1488 4668 1548 4722 σὲ
1584 4666 1681 4722 νῦν
1731 4671 1907 4738 ἐρεῖν·
1955 4668 2142 4740 ἐπειδὴ

455 4758 513 4812 δὲ
556 4758 761 4831 σφόδρα
813 4758 1021 4832 θαρρῶ,
1051 4759 1156 4825 ὃτι,
1201 4758 1306 4812 κᾶν
1347 4756 1530 4830 -μυρία
1579 4756 1640 4810 σέ
1676 4773 1759 4821 τις
1800 4758 1997 4828 ἐπαινῇ
2050 4757 2146 4811 καὶ

457 4846 735 4920 θαυμάζῃ,
767 4846 859 4900 τοῦ
891 4845 1204 4920 μετριάζειν
1234 4846 1336 4900 οὐκ
1375 4846 1665 4920 ἀποστήσῃ
1693 4846 1843 4912 ποτὲ,
1875 4845 2013 4900 ἀλλά
2046 4862 2134 4917 με·

458 4938 567 5002 νεῖς
598 4937 695 4991 καὶ
737 4934 909 4999 οὔτως
945 4936 1003 4990 ἐν
1025 4938 1138 4999 τοῖς
1188 4935 1441 5007 ἐσχάτοις
1476 4934 1687 4989 τάττων
1734 4934 1953 5000 σαυτὸν,
1992 4933 2144 5009 οὐδέν

460 5024 919 5096 ὑποστειλάμενος
945 5023 1162 5078 ᾶπαντα
1191 5023 1324 5093 ἐρῶ.

528 5113 812 5185 Τοσαύτην
833 5112 942 5184 γὰρ
976 5110 1162 5166 ἀκούω
1190 5111 1289 5184 τὴν
1327 5110 1568 5165 ἐπίδοσιν
1606 5111 1706 5184 τῆς
1733 5110 2021 5175 εὐλαϐείας
2052 5126 2148 5179 γει

457 5199 720 5273 γενῆσθαι
767 5200 868 5271 τῆς
901 5200 1021 5271 σῆς,
1060 5199 1137 5263 ὼς
1173 5199 1373 5273 μηκέτι
1410 5216 1490 5252 σοι
1523 5199 1660 5272 πρὸς
1706 5201 1891 5253 ἐκεῖνα
1924 5197 1996 5252 τά
2028 5215 2149 5269 μει-

461 5288 648 5358 ράκια,
679 5287 817 5343 ἀλλά
841 5289 978 5360 πρὸς
1001 5290 1126 5352 τοὺς
1154 5286 1424 5360 μεγάλους
1457 5288 1551 5342 καὶ
1570 5286 1917 5357 θαυμαστοὺς
1946 5286 2148 5358 ἄνδρας

461 5372 601 5430 εἶναι
624 5377 724 5451 τὴν
753 5377 1008 5449 ἅμιλλαν.
1036 5376 1202 5431 Οὐδὲν
1224 5376 1334 5448 γάρ
1356 5376 1580 5429 ἐκείνων
1604 5393 1665 5428 σε
1684 5375 1936 5429 ἀποδέειν
1962 5374 2137 5444 λέγου·

460 5479 567 5535 σιν,
594 5466 653 5520 οὐ
695 5467 838 5522 κατά
882 5467 975 5520 τὸν
1003 5467 1103 5539 τῆς
1129 5467 1385 5538 νηστείας
1414 5464 1602 5533 λόγον’
1639 5462 1782 5533 (πῶς
1827 5464 1958 5535 γὰρ,
1992 5463 2150 5517 ῦδατι

465 5690 855 5805 etlﬁfbméﬁfi‘
876 5690 1045 5741 “0m
1069 5693 1101 5751 ἢ
1129 5709 1179 5752 μ’
1200 5693 1231 5749 ἢ
1258 5689 1433 5752 μεῖζονν
1466 5690 1587 5752 μέγα
1610 5687 1956 5750 rescripsimus
1975 5701 2007 5738 θ
2033 5689 2146 5739 Sav.

530 5815 559 5854 υ
577 5813 659 5862 Sic
682 5811 830 5863 Savil.
863 5817 917 5864 et
937 5813 1072 5865 Colb.
1096 5814 1161 5867 At
1182 5813 1359 5894 Morel:
1383 5811 1673 5891 εἶναιδοκεῖ.
1696 5812 1776 5862 καὶ
1800 5812 1876 5862 σοί
1901 5810 2048 5862 δοκεῖ.

1209 333 1268 388 S.
1305 329 1596 389 JOANNIS
1639 331 2123 390 CIIIKYSOSTOMI
2166 332 2490 392 ARCHIEP.
2527 332 3084 394 CONSTANTINOP.
3783 336 3871 396 450

2213 451 2308 505 καὶ
2335 452 2485 522 ἄρτῳ
2518 451 2703 522 μόνον,
2734 451 2829 508 καί
2858 452 3033 506 ταῦτα
3076 451 3289 524 ἡμέραν
3317 462 3450 522 παρ’
3483 450 3707 522 ἡμέραν
3758 467 3878 522 τρε-

2207 539 2442 610 φόμενον
2468 540 2509 609 ;)
2545 539 2606 592 οὐ
2661 541 2801 594 κατά
2838 540 2929 594 τὸν
2979 540 3089 594 τῶν
3135 539 3472 610 παννυχίδων
3511 538 3729 610 καιρὸν,
3775 539 3879 593 ἀλλ’
3927 526 3936 536 ’

2205 627 2407 697 ὁμοίως
2465 627 2653 688 αὐτοῖς
2708 626 2907 699 ἐφεξῆς
2955 627 3159 690 πολλὰς
3209 627 3411 690 νύκτας
3452 628 3700 689 ἀΰπνους
3752 645 3880 697 παρη

2207 714 2387 767 έλκειν
2423 725 2472 769 ο.
2526 715 2603 785 Τῇ
2624 714 2681 767 δὲ
2732 714 2849 785 μεθ’
2880 715 3091 788 ἡμέραν
3135 714 3379 785 διαγωγῇ
3436 713 3671 777 πολλοὺς
3713 713 3882 769 αὐτῶν

2208 800 2310 870 ήδη
2333 802 2428 855 καὶ
2450 801 2766 873 ἀποκρύψαι
2787 802 2952 872 φασί·
2978 803 3202 875 καὶγὰρ
3225 803 3331 855 τῶν
3349 802 3559 856 ἐκεῖθεν
3583 801 3880 872 ἐρχομένων

2209 888 2392 942 ἀκούω
2421 888 2811 960 διηγουμένων,
2845 890 2925 943 ὅτι
2957 907 3039 943 σοι
3084 892 3189 954 πᾶς
3219 893 3247 944 ό
3274 890 3461 962 καιρὸς
3489 892 3573 953 εἰς
3612 890 3775 959 εὐχὰς
3797 893 3881 943 καὶ

2208 975 2419 1048 δάκρυα
2449 977 2801 1031 ἀναλίσκεται
2822 995 2835 1009 ο
2868 979 2960 1032 καί
2987 979 3238 1050 καθάπερ
3274 980 3323 1032 οἱ
3373 978 3532 1048 σιγὴν
3578 976 3878 1043 ἀσκοῦντες,

2213 1062 2360 1137 [181]
2400 1065 2433 1138 ἢ
2487 1066 2580 1119 καὶ
2632 1066 2827 1136 μόνους
2873 1068 2929 1119 ἐν
2975 1066 3203 1137 οἰκίσκῳ
3254 1065 3720 1128 κατακλείσαντες
3761 1066 3881 1118 ἐαυ-

2210 1154 2356 1217 τοὺς,
2406 1153 2543 1224 πρὸς
2586 1153 2775 1207 οὐδένα
2812 1153 2964 1207 οὐδὲν
3009 1153 3359 1223 φθέγγονται,
3391 1154 3535 1207 οὓτω
3578 1153 3676 1207 καὶ
3718 1153 3775 1207 σέ
3802 1152 3879 1205 λέ-

2211 1256 2400 1308 γουσιν
2425 1241 2483 1293 ἐν
2509 1241 2702 1312 πλήθει
2729 1242 2966 1313 τοσούτῳ
3000 1242 3368 1314 στρεφόμενον
3389 1241 3680 1296 διατελεῖν.
3707 1241 3807 1295 Τὸν
3831 1240 3882 1297 δι

2212 1329 2312 1398 τῆς
2351 1329 2581 1400 καρδίας
2610 1346 2703 1382 σου
2752 1330 3112 1402 συντριμμὺν,
3158 1331 3371 1385 καὶτὸν
3414 1330 3647 1401 αὐχμὸν,
3684 1328 3775 1383 καὶ
3792 1330 3881 1401 τὴν

2214 1416 2484 1487 ἀλγηδόνα
2522 1416 2617 1470 καὶ
2657 1418 2960 1489 πεφρίκασι
3008 1418 3379 1490 διηγούμενοι,
3429 1418 3527 1472 καὶ
3565 1417 3790 1480 πολλοὺς
3809 1417 3883 1469 ἐνι

2215 1504 2386 1558 ταῦθα
2414 1505 2480 1559 τά
2510 1506 2577 1558 σά
2604 1505 2900 1571 κατένυξαν
2921 1506 3359 1577 ἀπαγγέλλοντες
3377 1523 3391 1537 ο
3415 1505 3532 1559 Οὐκ
3561 1503 3877 1571 ἀντιϐλέπει,

2217 1594 2403 1665 φησὶν,
2445 1594 2622 1648 οὐδενὶ
2645 1593 2755 1648 τῶν
2781 1594 3058 1649 εἰσιόντων
3091 1597 3225 1661 ἐκεῖ,
3259 1590 3369 1648 οὐδ’
3408 1593 3598 1665 ἀνίησι
3629 1592 3735 1645 τῶν
3771 1609 3883 1645 συν-

2217 1680 2360 1751 εχῶν
2407 1680 2588 1735 πόνων
2630 1680 2854 1735 ἐαυτόν·
2900 1681 3162 1745 πολλάκις
3210 1681 3495 1751 ἐδείσαμεν
3543 1680 3619 1752 μὴ
3669 1680 3881 1751 πηρὼσῃ

2216 1771 2342 1829 τοὺς
2376 1769 2826 1843 ὀφθαλμοὺς-τοῖς
2853 1769 3126 1840 ὀδυρμοῖς,
3180 1768 3254 1841 μὴ
3280 1769 3459 1841 πλήξῃ
3487 1769 3591 1832 τὰς
3635 1770 3881 1839 μήνιγγας

2216 1860 2284 1929 τῇ
2322 1857 2643 1927 σφοδρότητι
2668 1856 2769 1926 τῆς
2792 1857 3105 1927 ἀγρυπνίας
3131 1858 3228 1910 καὶ
3256 1859 3323 1926 τῇ
3357 1854 3629 1923 ἀνενδότῳ
3684 1853 3776 1906 καὶ
3814 1853 3881 1905 δι-

2218 1947 2405 2017 ηνεκεῖ
2440 1943 2569 2016 περὶ
2602 1943 2700 2016 τὴν
2732 1946 3039 2014 ἀνάγνωσιν
3073 1944 3300 2014 σπουδῇ.

2295 2031 2363 2102 β’.
2389 2032 2576 2087 Ταῦτα
2596 2029 2688 2086 οὖν
2711 2050 2773 2086 σε
2800 2032 2961 2085 λυπεῖ
2984 2032 3079 2086 καὶ
3098 2031 3337 2103 θορυϐεῖ,
3365 2031 3449 2085 ὅτι
3482 2027 3734 2083 τοσοῦτον
3756 2044 3881 2099 παρ-

2220 2120 2428 2193 ήλασας
2463 2122 2589 2184 τοὺς
2608 2120 2896 2192 ὁμήλικας,
2933 2121 3014 2174 ὅτι
3040 2120 3135 2174 καὶ
3174 2120 3400 2191 σφοδρὸν
3428 2119 3529 2172 καὶ
3556 2118 3878 2187 ἀναίσχυντον

2222 2208 2362 2280 έχων
2395 2209 2488 2262 τὸν
2510 2208 2917 2280 ἀνταγωνιστὴν
2961 2207 3143 2279 πολλῷ
3163 2208 3243 2279 τῷ
3270 2207 3455 2279 μέτρῳ
3484 2206 3615 2269 τοὺς
3645 2206 3775 2276 μετὰ
3800 2202 3878 2257 σοῦ

2223 2299 2515 2369 τρέχοντας
2545 2298 3002 2369 ὐπερηκόντισας,
3027 2293 3154 2369 ’Ἆρ’
3175 2296 3275 2349 οὐκ
3302 2296 3534 2359 εἰκότως
3562 2294 3743 2362 ἔλεγον
3764 2292 3879 2362 ὁτιή

2225 2385 2434 2458 ἀθυμία
2482 2383 2622 2456 αῦτη
2666 2384 2988 2456 προλήψεως
3029 2385 3188 2457 μόνον
3231 2385 3403 2450 ἐστὶν,
3454 2380 3796 2454 ἐρευνωμένη
3834 2378 3881 2432 δέ

2226 2475 2322 2529 καὶ
2366 2473 2634 2544 εὐθυμίας
2663 2476 2798 2545 ἡμῖν
2827 2472 3113 2539 ὑποθέσεις
3156 2472 3388 2544 παρέχει
3432 2470 3672 2534 πολλάς;
3708 2467 3767 2522 Τί
3790 2466 3881 2537 γὰρ

2225 2562 2439 2633 ὄφελος,
2470 2562 2592 2616 εἰπέ
2626 2578 2738 2633 μοι,
2778 2560 2873 2615 τοῦ
2907 2562 2982 2634 μὴ
3014 2563 3296 2634 δαιμονᾷν,
3328 2562 3460 2614 ὅταν
3498 2561 3527 2612 ό
3554 2558 3666 2630 βίος
3701 2555 3882 2626 ἠμελη-

2231 2652 2392 2723 μένος
2418 2649 2489 2724 ᾖ;
2522 2653 2674 2704 ποῖον
2713 2650 2770 2703 δέ
2816 2649 3012 2720 βλάϐος
3053 2644 3163 2704 ἀπὸ
3194 2649 3288 2703 τοῦ
3334 2649 3623 2719 δαιμονᾷν,
3670 2645 3789 2699 ὅταν
3824 2640 3882 2694 τὰ

2225 2738 2326 2809 τῆς
2364 2737 2646 2800 πολιτείας
2689 2736 3048 2808 ἠκριϐωμένα
3096 2736 3234 2810 τύχῃ
3278 2735 3371 2789 καὶ
3419 2728 3881 2804 συγκεκροτημένα

2228 2823 2444 2890 καλῶςς
2490 2824 2631 2878 Ἀλλ’
2670 2823 2800 2889 ἴσως
2827 2824 3060 2899 αἰσχύνῃ
3100 2827 3196 2878 καὶ
3241 2823 3525 2896 ἐρυθριᾷς,
3559 2823 3685 2875 ὅταν
3713 2835 3766 2872 σε
3796 2833 3879 2870 κα·

2228 2913 2440 2987 ταϐάλῃ
2488 2915 2771 2986 παρόντων
2810 2914 3006 2980 τ.νῶν;
3061 2915 3221 2968 Ἀλλά
3264 2913 3423 2967 τοῦτό
3474 2930 3559 2967 σοι
3602 2910 3754 2966 πάλιν
3792 2905 3881 2960 ἀπὸ

2231 3002 2330 3073 τῆς
2359 3004 2668 3068 ὑποθέσεως
2715 3005 2998 3076 συμϐαίνει
3055 3005 3154 3075 τῆς
3194 3003 3387 3074 αὐτῆς,
3420 3004 3508 3057 ὅτι
3544 3005 3611 3074 τῇ
3638 3002 3739 3053 τῶν
3775 2997 3880 3052 πολ-

2230 3090 2340 3145 λῶν
2358 3091 2505 3165 δόξῃ,
2559 3092 2807 3165 λογισμῷ
2826 3093 2882 3147 δέ
2916 3093 3171 3147 οὐδέποτε
3217 3093 3279 3146 τὸ
3312 3094 3550 3164 πρᾶγμα
3587 3087 3877 3159 ἐπέτρεψας-

2233 3180 2307 3233 Τὸ
2338 3181 2446 3250 γὰρ
2486 3184 2820 3234 καταπεσεῖν
2849 3181 2913 3234 οὐ
2947 3180 3105 3234 τοῦτό
3138 3182 3285 3235 ἐστιν
3334 3180 3363 3233 δ
3413 3181 3478 3234 σὺ
3510 3179 3731 3249 πάσχειν
3774 3174 3878 3244 φὴς.

2233 3267 2371 3321 ἀλλὰ
2392 3266 2454 3321 τὸ
2476 3268 2721 3340 ἁμαρτίᾳ
2750 3270 3088 3340 περιπεσεῖνδ
3131 3268 3224 3319 ἐπὶ
3263 3266 3437 3341 ταύτῃ
3467 3269 3540 3339 τῇ
3577 3263 3767 3318 mbas:
3795 3276 3879 3313 κα-

2234 3355 2327 3410 λὸν
2379 3355 2732 3427 αἰσχύνεσθαι
2754 3356 2848 3409 καὶ
2888 3354 3097 3423 ἀλγεῖν.
3131 3354 3246 3409 Νῦν
3272 3354 3329 3408 δέ
3366 3355 3461 3407 ἐπὶ
3497 3355 3594 3426 μὲν
3619 3355 3726 3414 τοῖς
3756 3346 3880 3400 οὐδε-

2238 3442 2369 3514 μίαν
2396 3442 2609 3513 ἐχουσιν
2637 3443 2900 3514 αἰσχύνην
2927 3441 3328 3512 καταδυόμεθα,
3354 3441 3422 3495 τά
3441 3442 3503 3495 δὲ
3524 3443 3687 3501 ὅντως
3709 3430 3879 3504 αἰσχρᾶ

2236 3532 2333 3585 καὶ
2377 3530 2575 3584 πολλοῦ
2620 3530 2863 3602 γέμοντα
2899 3530 3138 3600 γέλωτος
3179 3529 3274 3584 καὶ
3324 3528 3606 3591 κολάσεως
3657 3523 3879 3595 ἐσχάτηςι

2235 3619 2408 3674 ταῦτα
2450 3619 2687 3690 δρῶντες
2736 3620 2890 3673 οὐδὲν
2930 3618 3218 3691 ἡγούμεθα
3274 3619 3511 3689 πάσχειν
3554 3614 3746 3670 δεινόν·
3769 3607 3881 3663 ἀλλὰ

2235 3708 2334 3779 τῆς
2387 3708 2484 3779 μὲν
2551 3707 2731 3778 ψυχῆς
2783 3707 2907 3761 καθ’
2964 3708 3203 3778 ἐκάστην
3253 3706 3467 3777 ἡμέραν
3518 3704 3622 3758 ὐπὸ
3659 3701 3754 3770 τῆς
3793 3694 3883 3748 τῶν

2237 3798 2655 3870 ἁμαρτημάτων
2701 3799 2983 3869 ἐνεργείας
3032 3795 3343 3866 πιπτούσης
3392 3794 3572 3857 οὐδεὶς
3606 3795 3635 3847 ὁ
3668 3783 3878 3843 πενθῶν·

2238 3886 2287 3937 εἰ
2309 3885 2368 3940 δέ
2396 3885 2529 3939 ποτέ
2565 3901 2620 3938 τι
2648 3886 2709 3938 τὸ
2738 3884 2898 3956 σῶμα
2930 3883 3089 3938 τοῦτο
3114 3884 3295 3944 πάθοι,
3322 3882 3493 3937 δεινὸν
3525 3881 3619 3936 καὶ
3641 3876 3880 3946 ἀφόρητον

2238 3970 2380 4028 εἶναι
2429 3974 2595 4027 δοκεῖ.
2625 3969 2773 4044 τΑρα
2798 3973 2860 4026 οὐ
2910 3972 3071 4027 τοῦτό
3102 3974 3219 4025 ἐστι
3257 3972 3319 4024 τὸ
3358 3971 3638 4042 δαιμονᾷν,
3669 3965 3724 4020 τὸ
3765 3958 3885 4015 οὕτω

2238 4060 2544 4116 διακεῖσθαι
2588 4060 2687 4133 τὴν
2730 4060 2909 4132 ψυχὴν
2955 4061 3052 4114 καὶ
3102 4059 3231 4131 περὶ
3267 4058 3367 4130 τὴν
3417 4057 3531 4113 τῶν
3581 4049 3884 4127 πραγμάτων

2244 4150 2573 4220 σφάλλεσθαι
2599 4150 2821 4222 κρίσιν;
2856 4150 2919 4202 Εἰ
2957 4149 3058 4220 μὲν
3099 4147 3206 4220 γὰρ
3238 4146 3342 4200 ὑπὸ
3389 4145 3561 4218 μέθης
3591 4141 3739 4198 τοῦτο
3775 4134 3883 4188 ἐπα-

2244 4256 2392 4311 σχες,
2452 4239 2620 4311 ἐχρῆν
2672 4237 3036 4292 καταδύεσθαι
3087 4237 3182 4291 καὶ
3226 4235 3489 4306 ἀθυμεῖν,
3547 4225 3882 4311 προαιρέσεως

2241 4304 2352 4398 γᾶρ
2388 4326 2448 4380 τὸ
2467 4304 2720 4398 ἐγκλημα
2741 4320 2837 4396 ἦν·
2883 4325 2932 4377 εί
2967 4322 3024 4376 δέ
3063 4322 3162 4393 τῆς
3207 4304 3393 4394 ἐτέρδυ
3433 4321 3556 4392 βίας
3585 4317 3645 4409 τᾷ
3684 4304 3885 4409 “an?

2244 4415 2414 4479 ἐστιν,
2443 4414 2505 4467 οὐ
2534 4414 2627 4467 τὸν
2675 4410 3143 4485 ἐπηρεαζόμενον,
3186 4410 3308 4464 οὐδὲ
3337 4410 3429 4463 τὸν
3463 4406 3787 4479 ὑπομένοντα
3806 4406 3884 4463 την

2247 4503 2389 4575 βίαν,
2441 4501 2579 4557 ἀλλά
2630 4502 2719 4556 τὸν
2763 4501 2979 4575 δρῶντα
3029 4499 3382 4574 αἰσχύνεσθιι
3423 4499 3522 4554 δεῖ.
3567 4497 3666 4553 Καὶ
3695 4491 3794 4561 γὰρ
3839 4487 3886 4537 ὲν

2244 4593 2421 4664 ἀγορᾷ
2451 4591 2505 4644 εἴ
2526 4607 2657 4644 ποτε
2687 4590 2988 4660 γενομένης
3014 4589 3196 4661 μάχης
3223 4589 3411 4661 ἕτερος
3448 4589 3540 4642 τὸν
3563 4586 3736 4654 ἕτερον
3762 4575 3885 4630 ὦπας

2245 4678 2532 4746 κατέϐαλε,
2566 4679 2658 4731 τὸν
2716 4677 3114 4743 καταϐαλόντα,
3158 4677 3219 4729 οὐ
3265 4678 3357 4730 τὸν
3410 4678 3640 4730 πεσόντα
3681 4668 3885 4723 ἅπαντες

2247 4765 2571 4838 αἰτιώμεθα.
2625 4764 2807 4818 Καλὸν
2868 4765 2930 4818 τὸ
2981 4765 3277 4838 ἐρυθριᾷν,
3332 4763 3447 4818 ἀλλ’
3478 4765 3603 4817 ὅταν
3652 4774 3703 4809 τι
3740 4746 3885 4838 πρᾷῖί

2245 4832 2429 4929 τωμεν
2454 4856 2564 4909 τῶν
2594 4855 2817 4909 κόλασιν
2850 4832 3129 4926 φερόντων
3157 4832 3291 4926 ἡμῖν
3331 4852 3488 4925 παρὰ
3520 4849 3596 4921 τῷ
3607 4844 3739 4934 *τότε
3764 4832 3885 4934 ,μέλε

2244 4940 2392 4994 λοντι
2439 4943 2646 5013 κρίνειν
2700 4941 2877 5011 ἡμᾶς’
2915 4939 3016 5002 ἓως
3069 4938 3113 4991 δ’
3169 4938 3235 4992 ἂν
3288 4936 3453 5008 μηδὲν
3488 4931 3719 4988 τοιοῦτον

2249 4999 2550 5092 συνειδότες
2585 4999 2842 5093 ἑαυτοῖς,⁷
2867 4999 3012 5090 τίνος
3037 5026 3222 5079 ἕνεκεν
3258 4999 3736 5093 ἐγκαλυπτόμεθα;
3772 4999 3885 5059 Οὐδὲ

2247 5118 2376 5190 γὰρ,
2407 5118 2459 5171 εἴ
2486 5116 2570 5180 τίς
2601 5134 2660 5170 σε
2698 5116 2860 5187 μόνον
2896 5113 3188 5169 ἀπολαϐὼν
3217 5111 3448 5167 ἐτυπτεν
3485 5106 3667 5167 ἀπλὼς
3690 5096 3775 5190 καὶ
3797 5106 3884 5189 εἷθ’

2369 5205 2509 5277 ἔχων
2542 5203 2815 5273 ἐγκαλεῖν,
2872 5203 2904 5275 ἢ
2946 5202 3109 5257 πάλιν
3153 5200 3520 5273 κατέῤῥιπτεν
3553 5195 3630 5256 είς
3665 5187 3755 5277 τὴγ
3781 5187 3880 5277 γῆξ

2252 5257 2618 5349 δέλπάντά
2848 5257 3088 5360 ἐύεγκὼν
3117 5257 3459 5358 ἀπηλλάγης,
3489 5285 3589 5338 οὐκ
3612 5257 3881 5364 αἰσχύςδηῖ,ἁ

2339 5346 2571 5455 πρᾶγμα
2595 5346 2691 5453 ἦν,⁸
2711 5346 2847 5434 ἀλλά
2873 5346 3192 5450 φιλοσοφίας
3214 5346 3311 5431 καὶ
3473 5369 3730 5445 μεγίστων
3756 5346 3883 5408 ἐπαί-

2315 5564 2341 5596 ε
2363 5562 2580 5626 Verbum
2591 5563 2843 5626 παρέλκειν
2862 5576 2888 5613 a
2911 5565 3053 5610 textu
3073 5559 3315 5626 Mote_l._et
3340 5555 3492 5626 §aviL
3518 5544 3710 5602 mutuati
3727 5537 3879 5587 sumus-

2252 5626 2392 5696 (ζωῇ)ὲ
2416 5624 2598 5696 eluipsg
2623 5620 2772 5696 ﬁéyjl.
2798 5627 2846 5696 in}
2873 5636 3024 5696 mgrg.
3050 5621 3312 5693 παρελθεῖν.
3340 5620 3543 5696 ﬁgi“
3591 5661 3732 5696 “mn
3778 5657 3877 5696 vero
3922 5646 3930 5657 ο

2315 5661 2599 5762 ἂέρῖἶιξῗέἶ
2620 5661 2772 5762 ᾔδεε·
2787 5661 3038 5762 gum;
3056 5661 3566 5762 "gaggmqgmgnq.
3580 5661 3847 5762 gem-avg;

2254 5750 2343 5798 ος..
2362 5720 2757 5809 ἕῖςὲέέᾰντζξῖὲἑιζὶ
2786 5720 3655 5809 ﬁB'r’éI"15323;,‘2ﬁfEam.
3680 5720 3786 5779 mm.
3807 5720 3877 5762 ε.

2256 5813 2341 5863 vi].
2356 5807 2573 5880 ‘et_Colb.
2595 5807 2681 5860 τοῦ
2704 5809 2754 5859 δὲ
2778 5809 2959 5859 τούτων
2982 5807 3322 5870 πονηροτέρου.
