4138 6414
357 372 461 429 449

353 503 482 545 eum
519 499 619 542 sua
653 482 911 539 facilitate
934 481 1187 554 jugulare
1219 494 1445 554 possunt
1473 505 1484 538 :
1512 485 1584 539 ita
1617 495 1664 541 et
1696 487 1783 541 hic
1813 486 1930 541 vice

346 578 541 635 noctis
563 592 628 632 ac
650 575 996 632 tenebrarum
1017 590 1304 630 maerorem
1327 575 1631 642 effundens,
1650 578 1933 649 cogitatio-

344 686 457 726 nes
481 683 694 734 omnes,
723 682 844 737 qua:
866 667 933 723 ad
960 669 1235 723 munimen
1264 679 1510 725 nostrum
1539 687 1660 726 esse
1683 681 1931 742 possunt,

355 762 664 820 subducere
678 759 832 830 prius
856 775 919 815 ac
948 759 1117 813 furari
1140 762 1353 827 nititur,
1378 772 1434 815 ttt
1454 762 1724 818 desertam
1743 772 1797 818 et
1817 765 1933 820 sine

344 854 638 924 ,aaljutorio
683 854 922 908 animam
966 853 1230 909 invadens
1265 855 1435 925 plagis
1473 870 1590 912 eam
1632 859 1933 913 innumeris

357 945 659 1002 confodiat.
696 945 764 999 At
795 960 924 1001 vero
943 960 1068 1000 cum
1089 947 1213 1016 quis
1243 962 1338 1016 spe
1362 947 1416 1002 in
1448 946 1613 1004 Deum
1642 948 1810 1005 fultus
1838 951 1933 1004 has

346 1039 622 1095 tenebras
669 1037 951 1107 disiecerit
978 1048 1140 1107 atque
1169 1038 1236 1097 ad
1278 1038 1459 1094 Solem
1487 1040 1716 1106 justitite
1741 1041 1933 1095 confu-

340 1128 535 1200 ,giens,
565 1129 710 1184 illius
740 1130 923 1187 radios
953 1129 1006 1185 in
1030 1130 1210 1184 anima
1242 1145 1342 1185 sua
1370 1132 1612 1202 recipere
1639 1133 1930 1198 studuerit,

346 1222 614 1291 -protinus
632 1223 1021 1292 c0gitationum
1036 1239 1260 1281 suarum
1279 1223 1570 1280 tumultum
1595 1226 1647 1280 in
1668 1226 1931 1282 latronem

358 1314 514 1371 illum
549 1314 916 1371 transfundet.
948 1315 1085 1371 Nam
1109 1326 1162 1372 et
1187 1317 1279 1386 qui
1313 1317 1555 1373 facinora
1584 1319 1714 1374 talia
1744 1335 1932 1390 aggre-

358 1404 610 1469 diuntur,
651 1422 775 1462 cum
820 1408 943 1478 quis
986 1409 1109 1464 illos
1148 1408 1599 1478 deprehenderit,
1640 1425 1705 1465 ac
1751 1413 1933 1467 lumen

357 1496 684 1554 ostenderit.
719 1506 982 1563 tremunt,
1019 1497 1288 1552 fluctuant
1321 1507 1483 1568 atque
1518 1502 1930 1567 perturbantur.

342 1580 416 1635 Et
441 1580 735 1650 quomodo,
772 1581 997 1652 inquies,
1015 1582 1186 1651 possit
1213 1583 1331 1652 quis
1357 1581 1459 1637 hoc
1488 1582 1673 1637 dolore
1699 1581 1934 1647 liberart,

342 1671 451 1726 nisi
476 1672 625 1741 prius
652 1673 910 1743 eripiatur
943 1688 973 1729 a
1004 1673 1249 1731 daemone
1272 1675 1571 1744 agitatore?
1594 1674 1710 1730 Non
1727 1675 1937 1731 daemon

338 1773 428 1818 est
456 1765 548 1834 qui
595 1779 884 1823 mmrorcm
933 1774 1149 1832 movet,
1181 1766 1274 1822 sed
1323 1782 1522 1824 mceror
1568 1768 1743 1837 potius
1798 1768 1939 1823 vires

341 1853 578 1917 diemoni
606 1857 976 1925 administrat,
1007 1859 1464 1930 cogitationesque
1494 1861 1659 1916 malas
1681 1863 1934 1931 suggerit.

334 1949 644 2005 Attestatttr
684 1950 806 2006 huic
846 1953 1040 2008 rationi
1085 1962 1281 2008 nostra:
1329 1954 1667 2009 beatissimus
1696 1955 1935 2009 Paulus:

344 2058 454 2098 non
483 2044 623 2099 enim
647 2044 968 2111 dtemouem,
996 2047 1092 2103 sed
1122 2047 1530 2103 immoderatum
1553 2047 1792 2101 dolorem
1824 2063 1940 2102 me-

336 2142 525 2193 tuens.
556 2134 844 2192 Corinthiis
869 2138 1072 2205 scribit,
1100 2149 1157 2193 ut
1188 2148 1408 2208 parcant
1430 2139 1647 2196 demum
1674 2140 1938 2211 peccanti,

344 2222 431 2279 Ne
451 2229 581 2297 forte
602 2226 957 2283 abundantiori
981 2230 1183 2287 tristitia
1201 2229 1525 2286 absorbeatur
1537 2232 1625 2303 qui
1644 2232 1761 2286 talis
1775 2241 1846 2286 est
1863 2230 1939 2303 (2.

344 2316 527 2372 Cori.
556 2317 630 2391 7),
673 2319 1144 2390 inqttit.Cteterum
1169 2332 1225 2378 ut
1243 2323 1600 2380 concedamus
1642 2323 1940 2379 dmmonem

340 2410 523 2467 acrius
548 2411 770 2478 instare,
799 2427 863 2467 ex
890 2414 1071 2471 animo
1096 2426 1275 2468 autem
1307 2423 1397 2469 tuo
1425 2414 1632 2483 pulsum
1661 2429 1782 2470 esse
1808 2430 1943 2469 mte-

348 2514 549 2568 rorem,
584 2500 709 2571 quid
733 2501 844 2572 jam
871 2503 973 2557 erit
995 2518 1062 2557 ex
1089 2503 1191 2557 hoc
1215 2502 1561 2561 detrimenti?
1581 2503 1710 2575 quid
1737 2503 1823 2560 hic
1850 2519 1943 2573 per

348 2604 409 2646 se
436 2591 585 2646 solus
607 2602 705 2646 aut
727 2608 945 2662 parvum
968 2603 1061 2648 aut
1084 2610 1336 2664 magnum
1370 2595 1550 2666 possit
1588 2602 1773 2651 contra
1805 2597 1943 2650 nos?

347 2683 417 2740 At
445 2700 575 2739 vero
603 2700 822 2750 mteror,
856 2686 1080 2742 absente
1104 2687 1350 2743 dtemone
1370 2729 1384 2753 ,
1414 2687 1579 2742 multa
1607 2702 1705 2759 per
1731 2702 1790 2743 se
1819 2685 1945 2741 hor-

338 2772 518 2829 -reuda
541 2772 743 2841 efﬁcit,
772 2776 1135 2849 plurimosque
1163 2792 1349 2834 eorum
1382 2780 1472 2849 qui
1500 2779 1600 2835 sibi
1644 2788 1945 2835 nexueruut

334 2863 597 2934 laqueos,
629 2868 1007 2923 consciverunt
1030 2868 1260 2940 gladios,
1291 2871 1372 2926 vel
1396 2869 1539 2924 fluvii
1570 2886 1629 2925 se
1658 2870 1815 2926 undis
1843 2870 1942 2925 de-

347 2955 567 3024 derunt,
599 2957 677 3013 vel
706 2958 811 3013 alio
836 2960 1022 3029 quovis
1041 2975 1239 3030 genere
1264 2961 1548 3031 perdidere
1573 2962 1799 3031 seipsos,
1826 2962 1946 3025 solo

349 3047 539 3103 dolore
582 3049 634 3103 in
676 3050 962 3106 violentam
1009 3062 1234 3117 mortem
1282 3053 1542 3123 impulsos
1593 3055 1942 3123 reperiemus.

348 3140 505 3207 Quod
532 3141 577 3195 si
608 3141 747 3200 inter
775 3158 868 3199 eos
895 3146 1159 3215 quispiam
1187 3146 1429 3203 fortassis
1455 3146 1615 3201 fuerit
1643 3156 1890 3217 arreptus
1915 3163 1944 3201 a

349 3230 629 3300 daemone,
674 3232 831 3304 hujus
874 3249 1087 3305 quoque
1135 3236 1364 3305 perditio
1411 3252 1519 3291 non
1561 3236 1823 3302 da-moui,
1852 3237 1945 3291 sed

349 3323 603 3379 mroris
647 3326 911 3397 tyrannidi
959 3341 1022 3381 ac
1076 3326 1345 3382 violentia:
1398 3329 1589 3383 merito
1641 3329 1948 3398 imputanda

347 3415 474 3470 erit.
509 3414 577 3468 Et
603 3416 902 3485 quomodo,
932 3417 1169 3488 inquies,
1203 3432 1420 3487 possum
1467 3434 1571 3474 non
1605 3433 1838 3473 meet-ore
1864 3418 1949 3472 af-

350 3506 483 3562 fici?
508 3506 565 3563 Si
592 3522 623 3562 a
648 3509 1005 3567 multitudinis
1034 3510 1285 3580 opinione
1314 3510 1380 3565 de
1412 3510 1713 3580 hujusmodi
1745 3527 1803 3564 re
1834 3511 1951 3564 lon-

342 3600 574 3670 gissime
600 3602 895 3669 recedens,
923 3603 1037 3657 sola
1080 3617 1311 3672 superna
1360 3604 1579 3657 sentias.
1612 3602 1763 3657 Nunc
1806 3603 1949 3658 enim

350 3690 561 3747 idcirco
580 3707 643 3746 ea
671 3708 758 3748 res
784 3693 959 3761 gravis
982 3703 1145 3763 atque
1166 3692 1432 3749 horrenda
1456 3694 1549 3749 tibi
1576 3694 1807 3757 videtur,
1826 3695 1951 3765 quia

351 3782 547 3855 vulgus
575 3784 645 3839 ita
672 3784 963 3840 existimat.
991 3785 1151 3855 Atqui
1184 3785 1229 3839 si
1257 3786 1454 3840 omissa
1500 3786 1642 3841 inani
1673 3786 1952 3858 fallacique

351 3872 755 3929 existimatione
786 3876 952 3944 ipsam
993 3891 1107 3929 rem
1138 3875 1444 3945 diligentius
1486 3876 1830 3932 considerare
1863 3894 1954 3932 v0-

353 3962 544 4031 lueris,
582 3964 823 4020 invenies
860 3965 1058 4019 nullam
1101 3966 1278 4021 inesse
1316 3966 1366 4022 ei
1409 3967 1676 4023 mmstitim
1717 3966 1955 4022 occasio-

353 4069 483 4111 nem
510 4056 685 4125 :quod
703 4057 813 4127 jam
836 4072 981 4125 saepe
1002 4059 1247 4127 superius
1266 4059 1616 4114 ostendimus.
1644 4059 1951 4129 [eqtalium

342 4161 490 4202 vero
516 4156 725 4203 tuorum
770 4148 939 4219 gratia
970 4148 1130 4219 (reor
1168 4149 1311 4203 enim
1340 4158 1390 4204 te
1419 4150 1708 4204 intuentem
1741 4150 1951 4205 illorttm

354 4240 600 4295 lmtitiam
641 4256 706 4299 ac
746 4242 993 4296 ﬁduciam
1031 4258 1152 4298 cum
1183 4243 1467 4310 fratribus,
1499 4246 1750 4299 confundi
1795 4256 1956 4317 atque

357 4346 431 4387 ex
457 4332 668 4388 tristitia
697 4334 1014 4405 concidere)
1057 4350 1157 4404 ego
1188 4335 1240 4389 id
1284 4336 1546 4390 veraciter
1574 4336 1799 4391 dixerim
1845 4356 1858 4392 :
1908 4339 1954 4393 si

354 4423 602 4495 quidem,
629 4425 734 4481 illis
764 4426 813 4481 iu
833 4425 1160 4481 continentia
1182 4436 1236 4481 et
1255 4427 1542 4482 sobrietate
1568 4439 1730 4497 atque
1752 4429 1802 4483 in
1830 4430 1957 4484 reli-

354 4530 467 4586 qua
491 4516 614 4571 vitae
639 4516 973 4588 phi|050phia
1001 4518 1333 4589 degentibus,
1364 4518 1476 4588 ipse
1506 4519 1557 4575 in
1587 4520 1952 4590 lupanaribus,

356 4609 421 4663 in
447 4608 585 4664 ludis
616 4609 749 4690 etin
774 4611 904 4665 aleis
946 4619 1002 4666 et
1048 4610 1530 4666 comessationibus
1565 4622 1772 4682 tempus
1797 4628 1956 4669 omne

359 4713 745 4767 consumeres,
787 4703 1117 4757 rationabilis
1162 4703 1400 4774 profecto
1443 4717 1585 4762 esset
1619 4706 1705 4761 hic
1756 4721 1958 4763 mmror

365 4803 491 4847 tuus
518 4810 533 4847 :
561 4792 645 4847 sin
672 4801 849 4849 autem
881 4796 1122 4849 eamdem
1167 4797 1370 4851 incedis
1395 4799 1532 4853 viam
1560 4839 1574 4862 ,
1618 4798 1745 4868 quid
1784 4814 1959 4855 causa:

362 4884 616 4955 estquod
644 4886 894 4957 auguris?
921 4886 1181 4955 Equidem
1213 4888 1258 4942 si
1285 4888 1414 4943 mihi
1445 4889 1512 4944 ad
1539 4890 1768 4959 aliquem
1797 4906 1859 4945 ex
1894 4893 1959 4946 iis

362 4992 548 5032 sermo
577 4986 742 5042 esset,
772 4977 866 5048 qui
891 4979 1043 5035 facile
1067 4980 1395 5035 extolluntur
1424 4981 1669 5037 laudibus
1690 5024 1705 5049 ,
1746 4998 1808 5037 ea
1839 4999 1961 5054 qua:

361 5070 532 5125 modo
545 5068 787 5126 dicturus
814 5086 931 5125 sum
961 5072 1200 5142 profecto
1216 5074 1521 5129 tacuissem.
1547 5074 1809 5141 Quoniam
1835 5093 1961 5133 vero

361 5177 430 5219 ea
458 5161 588 5217 mihi
613 5162 682 5219 de
706 5172 757 5219 te
772 5178 897 5235 spes
916 5174 1019 5231 est,
1041 5164 1182 5234 quod
1207 5166 1611 5235 quamtnmlibet
1633 5170 1751 5237 quis
1772 5176 1823 5224 te
1847 5169 1964 5223 latt-

365 5255 461 5309 dct
484 5265 646 5325 atque
674 5256 967 5311 admiretur
985 5299 1000 5323 ,
1032 5272 1323 5327 numquam
1350 5257 1664 5313 modestiam
1705 5260 1923 5315 deseres
1943 5301 1959 5324 ,

363 5355 530 5418 atque
556 5347 904 5404 nihilominus
934 5350 1072 5405 inter
1100 5359 1369 5405 extremos
1413 5361 1463 5406 te
1501 5351 1671 5421 ipsum
1718 5362 1918 5407 statues
1942 5392 1959 5418 ,

364 5448 560 5495 cuncta
583 5439 715 5495 nihil
744 5451 987 5498 metuens
1010 5452 1101 5496 aut
1127 5443 1470 5497 dissimulans
1490 5443 1693 5512 loquar.

443 5529 701 5601 Stagirius
736 5547 803 5586 ea;
838 5532 1082 5587 dwmonis
1109 5533 1376 5589 insultt'bus
1406 5533 1620 5588 multum
1658 5536 1959 5605 profecerat.

365 5650 441 5665 ι--
465 5623 635 5678 Tanta
677 5625 819 5679 enim
863 5624 1024 5693 audio
1068 5625 1160 5679 tibi
1205 5624 1495 5679 accessisse
1541 5624 1752 5695 pietatis
1791 5626 1965 5679 incre-

369 5722 579 5782 menta,
610 5724 667 5770 ut
686 5730 792 5770 non
816 5713 926 5785 jam
966 5728 1085 5770 tum
1111 5715 1524 5771 adolescentulis
1553 5717 1656 5777 illis
1676 5757 1691 5782 ,
1721 5717 1816 5772 sed
1842 5732 1962 5772 cum

370 5803 582 5876 magnis
626 5803 1057 5873 admirandisun
1107 5807 1235 5860 viris
1282 5808 1475 5861 virtute
1529 5807 1841 5864 contendas.
1908 5813 1963 5870 In

704 5911 970 5973 ['A'rnon.
1017 5912 1127 5974 Gn.
1177 5911 1428 5971 XLVII.

1186 369 1278 425 AD
1319 368 1695 427 STAGlRlUM
1734 368 1779 421 Α
1818 351 2115 418 DJSllONE
2156 349 2512 406 VEXATUM.
2555 350 2680 406 LIB.
2724 349 2788 408 Il.

3521 353 3629 412 450

2042 487 2189 542 nullo
2217 496 2265 542 te
2306 487 2409 541 illis
2439 487 2741 545 inferiorem
2791 492 2969 557 aiunt,
2997 486 3104 548 non
3154 494 3359 553 ratione
3396 496 3631 571 jejunii:

2039 594 2143 646 quo
2172 578 2312 634 enim
2342 588 2516 647 pacto,
2564 596 2683 634 cum
2713 595 2902 650 panem
2936 591 2989 638 et
3012 598 3203 654 aquam
3245 598 3445 645 tantum
3474 591 3524 645 itt
3552 593 3631 647 ci-

2040 668 2164 721 bum
2212 683 2424 733 sumas,
2474 668 2630 739 idque
2676 670 2897 725 alternis
2933 672 3158 729 diebus?
3188 693 3292 731 non
3334 680 3631 751 vigiliarum

2042 760 2373 830 prolixitate,
2405 776 2525 816 cunt
2558 772 2612 815 ttt
2643 760 2741 830 ip~i
2773 762 2949 831 plures
2980 782 3078 821 una
3127 780 3310 825 noctes
3359 772 3632 831 insomnes

2044 853 2303 922 transigas
2328 870 2342 918 ;
2376 870 2481 908 non
2513 855 2706 909 diurno
2734 856 2993 921 instituto,
3024 876 3129 929 qtto
3158 871 3207 917 te
3234 878 3446 935 quoque
3467 866 3634 936 pluri.

2042 960 2159 1000 mos
2187 947 2393 1000 illorum
2427 949 2805 1004 transcendere
2835 948 2972 1004 fama
3018 962 3117 1007 est.
3149 955 3321 1011 Audio
3348 972 3413 1012 ex
3447 958 3511 1013 iis
3540 960 3632 1030 qui

2041 1034 2235 1091 isthinc
2256 1037 2577 1104 adveniunt,
2603 1038 2695 1093 tibi
2718 1056 2876 1095 omne
2907 1050 3114 1111 tempus
3145 1044 3197 1098 in
3226 1046 3473 1118 lacrymis
3504 1064 3633 1119 pcr-

2043 1128 2322 1198 petuisquc
2346 1131 2677 1185 orationibus
2704 1133 2941 1186 consumi
2965 1151 2978 1197 ;
3008 1145 3062 1188 et
3090 1138 3538 1205 quemadmodum
3562 1141 3632 1206 ii,

2042 1217 2132 1287 qui
2163 1219 2374 1274 silentio
2401 1235 2457 1275 se
2488 1220 2837 1287 devoverant,
2866 1238 3029 1293 seque
3057 1226 3200 1296 ipsos
3238 1228 3448 1297 tugurio
3486 1229 3633 1287 brevi

2025 1307 2401 1378 incluserunt,
2432 1312 2560 1365 nihil
2602 1313 2890 1383 loquuntur
2915 1357 2929 1379 ,
2959 1318 3028 1369 ita
3054 1325 3110 1371 et
3156 1326 3206 1373 te
3235 1319 3381 1373 aiunt
3410 1321 3460 1374 in
3492 1329 3634 1376 tanta

2043 1409 2342 1455 versantem
2375 1401 2713 1458 multitudine
2739 1405 3043 1476 persistere.
3070 1406 3238 1461 Porro
3259 1411 3633 1467 contritionent

2042 1489 2220 1543 cordis
2252 1491 2344 1558 tui,
2387 1492 2689 1562 squalorem
2731 1510 2793 1549 ac
2822 1495 3061 1551 dolorem
3093 1507 3147 1553 et
3185 1498 3237 1553 hi
3267 1500 3353 1569 qui
3384 1513 3635 1557 enarrant

2044 1579 2453 1648 exhorrescunt,
2490 1584 2854 1655 plurimosque
2899 1586 2985 1641 hic
3033 1587 3158 1645 dum
3217 1600 3301 1643 tua
3358 1603 3635 1647 narrarent

2044 1670 2281 1725 instituta
2336 1686 2785 1743 compuuxerunt.
2862 1675 3076 1732 Nullum
3135 1695 3385 1749 umquam
3451 1682 3635 1752 ingre-

2045 1762 2326 1830 dientittm,
2350 1768 2517 1833 aiunt,
2544 1768 2783 1839 respicit,
2812 1769 2940 1824 nihil
2969 1786 3033 1825 ex
3060 1773 3331 1828 consuetis
3362 1774 3635 1831 laboribus

2045 1858 2249 1913 relaxat
2279 1876 2291 1912 :
2325 1860 2519 1929 smpius
2545 1861 2699 1915 veriti
2730 1876 2912 1918 sumus
2957 1879 3023 1918 ne
3049 1865 3233 1920 oculos
3263 1868 3532 1938 perpetuis
3560 1868 3636 1922 la-

2043 1951 2241 2022 crymis
2278 1963 2589 2017 excmcaret,
2625 1968 2692 2008 ne
2727 1954 2917 2024 vigiliis
2949 1955 3147 2024 nimiis,
3180 1958 3559 2031 irretnissoque
3582 1972 3638 2016 et

2042 2042 2152 2112 jugi
2184 2043 2428 2098 lectionis
2456 2044 2633 2099 Studia
2654 2045 2933 2101 cerebrum
2964 2047 3278 2104 oﬂ‘enderet.

2095 2134 2148 2188 9..
2173 2134 2285 2191 Hoc
2300 2150 2427 2207 ergo
2450 2144 2500 2192 te
2518 2151 2749 2193 maerore
2768 2152 2868 2193 con
2877 2140 2985 2194 ficit
2998 2148 3159 2211 atque
3190 2143 3477 2212 perturbat,
3497 2145 3637 2215 quod

2046 2227 2278 2297 mquales
2311 2236 2428 2282 tttos
2461 2236 2603 2283 tanta
2631 2230 2948 2286 excellentia
2978 2246 3198 2302 superas
3221 2276 3236 2300 ,
3268 2234 3408 2305 quod
3439 2236 3640 2290 acerri-

2047 2334 2193 2372 mum
2223 2327 2275 2372 et
2304 2318 2666 2388 impudentem
2700 2330 2885 2376 nactus
2914 2322 3314 2390 adversarium,
3344 2335 3491 2380 tanto
3520 2341 3642 2395 spa-

2049 2409 2121 2462 tio
2150 2418 2322 2463 tecum
2366 2412 2562 2479 pariter
2588 2420 2867 2469 currentes
2894 2416 3192 2470 excessisti.
3227 2417 3415 2471 Annon
3447 2418 3640 2472 merito

2045 2499 2286 2555 dicebam
2318 2515 2603 2557 maerorem
2637 2504 2775 2559 hunc
2806 2518 3141 2575 praesumpta:
3182 2508 3352 2562 solum
3378 2524 3499 2564 esse
3526 2510 3641 2578 Opi-

2048 2591 2253 2656 nionis;
2284 2593 2328 2648 si
2359 2594 2698 2648 examinctur
2722 2610 2871 2659 vero,
2906 2611 3144 2652 summas
3174 2598 3327 2653 nobis
3359 2600 3551 2653 notitiae
3577 2614 3640 2653 ac

2051 2684 2447 2755 tranquillitatis
2475 2687 2783 2741 occasiones
2811 2688 3086 2756 praebere?
3108 2689 3234 2754 Qua:
3256 2689 3397 2744 enim
3419 2691 3634 2755 utilitas,

2049 2792 2234 2845 quaeso
2264 2785 2334 2842 te,
2366 2791 2395 2830 a
2420 2775 2663 2830 diemone
2693 2792 2799 2831 non
2839 2779 3070 2847 corripi,
3103 2780 3146 2832 si
3195 2780 3313 2834 vita:
3345 2780 3639 2835 institutum

2050 2868 2379 2939 negligatur?
2408 2868 2551 2939 quod
2579 2868 2831 2923 damnum
2864 2871 3098 2940 corripi,
3144 2871 3187 2925 si
3222 2872 3325 2926 vita
3374 2883 3519 2927 recte
3563 2874 3643 2927 in-

2050 2964 2229 3017 stituta
2257 2970 2311 3016 et
2332 2971 2580 3017 accurata
2605 2962 2713 3017 sit?
2732 2962 2801 3017 At
2824 2962 3048 3017 fortasse
3075 2964 3415 3020 confunderis
3437 2980 3500 3020 ac
3522 2981 3646 3020 eru-

2052 3053 2259 3114 bescis,
2299 3066 2419 3106 cunt
2453 3062 2505 3106 te
2532 3052 2631 3107 sub
2660 3052 2829 3107 oculis
2878 3054 3229 3123 quorumdam
3276 3056 3493 3125 dejicit?
3538 3057 3642 3111 Sed

2052 3141 2155 3197 hoc
2188 3142 2277 3198 tibi
2306 3158 2369 3197 ex
2402 3144 2588 3197 eadem
2636 3142 2841 3197 ratione
2871 3144 3148 3213 contingit,
3180 3147 3318 3215 quod
3351 3146 3646 3201 multitudi-

2053 3236 2137 3290 nis
2158 3235 2410 3306 opinione
2448 3235 2716 3304 negotinm
2768 3235 2902 3303 hoc,
2948 3252 3052 3290 non
3095 3238 3371 3292 ratiocinio
3416 3239 3644 3294 metiris.

2052 3324 2293 3394 Namque
2318 3324 2511 3380 cadere
2539 3339 2645 3380 non
2671 3325 2721 3379 id
2750 3336 2851 3390 est,
2880 3326 3022 3395 quod
3054 3335 3107 3381 tu
3140 3336 3190 3382 te
3218 3329 3321 3397 pati
3350 3328 3518 3396 dicis,
3550 3332 3645 3384 sed

2054 3415 2109 3469 in
2153 3423 2428 3484 peccatum
2460 3429 2709 3469 corruere
2740 3432 2753 3468 :
2782 3416 2832 3468 in
2864 3414 2967 3470 hoc
2995 3430 3125 3471 sane
3168 3432 3295 3471 casu
3337 3418 3551 3486 dolere,
3593 3436 3647 3475 tn

2054 3506 2159 3560 hoc
2200 3505 2518 3561 erubescere
2542 3506 2809 3560 convenit.
2842 3504 2949 3560 Nos
2979 3516 3162 3561 contra
3210 3508 3264 3561 in
3295 3508 3359 3562 iis
3384 3524 3502 3579 qua:
3532 3512 3650 3565 nul—

2056 3599 2161 3654 lam
2194 3599 2393 3654 habent
2438 3600 2773 3655 verecundia:
2800 3602 3061 3655 rationem
3089 3600 3496 3669 confundimur;
3529 3620 3649 3674 quae

2057 3702 2235 3747 autem
2260 3708 2443 3747 revera
2461 3702 2585 3748 sunt
2604 3694 2799 3763 turpia,
2822 3695 3296 3765 exsecrationeque
3316 3712 3377 3750 ac
3396 3711 3650 3767 supremo

2057 3784 2213 3854 digna
2244 3784 2477 3838 cruciatu
2499 3825 2514 3849 ,
2546 3800 2607 3839 ea
2633 3784 2759 3839 dum
2792 3795 3159 3855 perpetramus
3179 3828 3193 3851 ,
3223 3786 3355 3841 nihil
3400 3802 3499 3842 nos
3527 3787 3651 3843 mali

2060 3878 2165 3945 pati
2192 3875 2534 3930 arbitramur.
2565 3877 2741 3946 Atque
2765 3877 2939 3930 anima
2971 3877 3184 3947 quidem
3213 3878 3435 3948 singulis
3464 3878 3653 3935 diebus

2060 3977 2403 4037 peccatorum
2452 3970 2503 4024 vi
2544 3979 2864 4035 corracute,
2896 3970 3070 4024 nullus
3113 3980 3197 4025 est
3242 3971 3329 4040 qui
3362 3969 3575 4041 lugeat;
3607 3972 3654 4026 si

2060 4059 2273 4128 quando
2299 4076 2427 4114 vero
2455 4074 2649 4128 corpus
2683 4062 2787 4114 hoc
2812 4061 3009 4129 aliquid
3047 4063 3277 4129 patitur,
3321 4062 3370 4116 id
3404 4078 3532 4118 vero
3555 4064 3655 4117 du-

2060 4168 2177 4205 rum
2207 4160 2367 4221 atque
2415 4152 2750 4206 intolerabile
2779 4168 2899 4206 esse
2928 4153 3157 4207 videtur.
3184 4152 3371 4207 Nonne
3402 4153 3453 4208 id
3477 4154 3654 4223 potius

2060 4252 2145 4297 est
2183 4259 2214 4295 a
2258 4244 2503 4298 daemone
2532 4243 2764 4311 corripi,
2796 4243 2838 4296 si
2869 4243 3004 4296 adeo
3031 4244 3405 4297 miserabiliter
3442 4245 3654 4300 animus

2060 4335 2341 4400 afﬁciatur,
2365 4342 2524 4403 atque
2552 4335 2622 4387 ita
2646 4336 2786 4386 circa
2818 4351 2994 4388 rerum
3014 4334 3211 4402 judicia
3243 4333 3490 4389 fallatur?
3520 4334 3651 4389 Nam

2061 4427 2107 4480 si
2135 4426 2187 4480 id
2215 4426 2430 4496 quidem
2457 4441 2521 4479 ex
2550 4426 2810 4480 ebrietate
2842 4426 3101 4495 patereris
3122 4468 3135 4491 ,
3164 4426 3416 4480 confundi
3461 4427 3656 4482 merito

2063 4536 2127 4574 ac
2158 4534 2390 4575 maerere
2436 4518 2745 4583 debuisses,
2780 4521 2976 4589 quippe
3015 4518 3065 4572 id
3119 4519 3406 4574 voluntatis
3452 4520 3655 4575 crimen

2065 4625 2247 4677 esset;
2280 4614 2361 4668 sin
2387 4622 2565 4667 autem
2604 4612 2826 4666 alterius
2868 4612 3116 4666 violentia
3151 4612 3200 4666 id
3232 4613 3324 4676 ﬁt,
3358 4629 3463 4668 non
3495 4615 3538 4669 is
3566 4615 3656 4685 qui

2067 4719 2292 4762 vexatur
2318 4720 2474 4776 atque
2500 4721 2617 4761 eam
2646 4705 2949 4761 violentiam
2975 4705 3181 4768 tolerat,
3206 4706 3299 4760 St'd
3331 4705 3373 4760 is
3400 4708 3490 4777 qui
3514 4707 3657 4762 illam

2066 4801 2249 4865 infert,
2277 4798 2596 4853 erubescere
2625 4798 2805 4853 debet.
2837 4797 2967 4855 Nam
3002 4808 3049 4850 et
3085 4799 3136 4850 in
3162 4798 3342 4868 platea
3373 4799 3417 4852 si
3447 4798 3660 4869 quando

2066 4906 2352 4947 comtntssa
2382 4906 2555 4960 pugna
2583 4890 2715 4945 alter
2739 4889 2964 4944 alterum
2997 4890 3278 4959 impellens
3304 4890 3524 4960 dejrcrt,
3552 4909 3660 4947 non

2066 4984 2345 5038 cadentem
2364 5024 2378 5048 ,
2410 4982 2503 5037 scd
2552 4981 2908 5049 impellentem
2937 4995 3253 5037 accusamus
3280 4998 3489 5037 omnes.
3522 4983 3663 5038 Utile

2066 5076 2283 5146 quidem
2306 5085 2389 5129 est
2411 5073 2750 5138 erubescere,
2780 5072 2872 5126 sed
2906 5082 3012 5126 tum
3049 5073 3286 5142 profecto
3312 5089 3433 5127 cum
3465 5074 3662 5143 aliquid

2068 5168 2398 5236 gesserimus
2417 5164 2557 5233 quod
2586 5165 2674 5218 ille
2701 5164 2917 5233 dignum
2948 5165 3183 5219 cruciatu
3199 5164 3420 5232 judicet.
3445 5164 3536 5233 qui
3566 5178 3664 5218 nos

2065 5259 2402 5329 judicatnrus
2433 5256 2486 5309 in
2520 5255 2625 5310 fine
2655 5265 2755 5310 est.
2783 5254 3045 5322 Quamdiu
3089 5264 3267 5309 autem
3314 5255 3443 5308 nihil
3480 5254 3666 5323 hujus-

2072 5354 2215 5409 modi
2248 5352 2403 5406 nobis
2427 5350 2629 5405 conscii
2652 5348 2930 5411 fuerimus,
2956 5347 3106 5416 cujus
3135 5347 3212 5401 rei
3238 5347 3406 5416 gratia
3433 5345 3662 5400 confun.

2072 5445 2281 5500 dimur?
2313 5442 2495 5512 Neque
2521 5442 2661 5496 enim
2707 5438 2751 5494 si
2777 5437 2896 5509 quis
2924 5439 3039 5492 sine
3066 5437 3272 5491 ratione
3300 5435 3541 5506 nihilque
3570 5436 3663 5489 ιω-

2073 5554 2165 5593 sus
2197 5547 2245 5591 te
2276 5536 2509 5591 crederet
2531 5576 2545 5598 ,
2585 5543 2671 5588 aut
2714 5534 2764 5586 in
2794 5542 2988 5585 terram
3014 5528 3296 5597 dejiceret,
3326 5537 3488 5598 tuque
3514 5528 3660 5584 omni

2074 5628 2481 5686 mansuetudine
2511 5628 2741 5682 tolerans
2765 5623 2972 5685 abires,
3004 5621 3333 5675 confusionis
3370 5636 3430 5676 ea
3460 5636 3547 5676 res
3575 5636 3664 5677 es-

2073 5738 2175 5794 set,
2202 5728 2297 5787 sed
2320 5723 2667 5799 philosophia:
2692 5718 3150 5785 maximarumque
3179 5713 3415 5769 laudum.
3442 5714 3594 5781 Quod
3614 5713 3661 5768 si

2078 5822 2381 5877 hominibus
2428 5815 2644 5886 injurias
2674 5805 3048 5874 inferentibus,
3080 5806 3129 5860 id
3177 5805 3415 5876 perferre
3457 5806 3659 5875 glorio-

3236 5910 3316 5970 26
