4138 6414
623 379 805 445 ’Ζεῦν

626 528 756 569 sum
779 519 895 578 est,
928 526 1063 567 eone
1084 553 1098 579 ,
1129 512 1217 583 qui
1245 525 1430 568 omnes
1456 514 1690 585 nequitia
1736 511 2089 575 transcendit,
2124 510 2227 564 hoc

641 604 816 673 ipsum
850 603 1115 671 faciente,
1143 605 1233 674 qui
1276 603 1416 658 illius
1462 604 1733 659 vesaniam
1783 604 1989 657 fortiter
2027 601 2223 667 tulerit,

644 694 793 760 quasi
841 710 958 750 rem
988 695 1376 764 vituperatione
1400 695 1611 765 dignam
1642 694 1854 759 fecerit,
1888 694 2080 748 rubore
2110 709 2229 763 per-

644 785 940 841 fundetur?
969 788 1034 841 Et
1075 788 1199 857 quid
1227 787 1327 842 hac
1355 788 1734 843 contrarietate
1758 787 1863 842 dici
1892 786 2231 842 irrationabi-

647 874 748 929 lius
779 876 988 945 possit?
1020 876 1076 931 Si
1107 878 1248 932 enim
1274 892 1342 932 ex
1369 892 1495 931 casu
1516 877 1606 932 illo
1627 891 1917 948 exsurgens
1944 884 2097 947 turpe
2137 876 2233 929 ali-

648 968 775 1037 quid
793 977 882 1023 aut
910 969 1086 1025 facere
1115 969 1462 1036 inducereris,
1494 978 1586 1023 aut
1609 968 1774 1039 loqui,
1803 984 1871 1024 ne
1890 968 2003 1039 ipse
2020 966 2229 1038 quidem

647 1072 808 1128 super
839 1059 922 1113 his
951 1064 1003 1115 te
1031 1061 1210 1131 lugere
1237 1075 1299 1115 ac
1320 1060 1503 1115 dolere
1533 1060 1872 1131 prohiberem
1902 1077 1916 1112 :
1948 1060 2028 1113 sin
2054 1069 2230 1114 autem

653 1153 830 1208 omnia
860 1168 979 1208 cum
1009 1154 1297 1223 gratiarum
1327 1155 1538 1209 actione
1569 1154 1786 1219 toleras,
1810 1162 1967 1223 atque
1990 1152 2054 1207 ad
2077 1168 2236 1206 oran-

652 1244 777 1298 dum
806 1254 857 1300 te
882 1247 1061 1301 statim
1084 1246 1372 1312 convertis,
1405 1246 1530 1316 quid
1558 1255 1641 1301 est
1677 1245 1819 1317 quod
1851 1246 1942 1300 tibi
1972 1260 2234 1300 verecun-

652 1336 793 1391 diam
838 1346 932 1392 aut
955 1339 1322 1394 confusionem
1355 1339 1564 1409 pariat?
1594 1339 1698 1395 Sed
1743 1338 1983 1393 fortassis
2024 1337 2153 1393 dura
2184 1350 2238 1393 et

651 1427 874 1482 dolenda
893 1429 1193 1498 iudicantur
1219 1428 1409 1498 probra
1439 1430 1506 1486 ab
1535 1429 1651 1484 aliis
1676 1430 1727 1484 in
1756 1443 1854 1484 nos
1880 1428 2139 1498 coxijecta.

726 1520 946 1584 Quinam
973 1538 1082 1575 vere
1106 1522 1424 1575 daemoniaci.
1449 1551 1522 1562 —
1546 1522 1612 1577 Et
1654 1521 1779 1592 quid
1816 1519 2088 1592 ejusmodi
2136 1518 2237 1573 ho-

656 1613 888 1668 minibus
917 1613 1020 1668 dici
1050 1614 1453 1684 vituperabilius
1499 1614 1699 1685 possit,
1742 1616 1830 1684 qui
1882 1630 2052 1684 neque
2080 1612 2235 1683 digna

654 1702 1067 1773 exprobratione
1098 1705 1199 1761 rite
1225 1715 1446 1777 possunt
1474 1706 1820 1762 discernere?
1865 1707 1952 1761 Isti
1984 1707 2125 1761 enim
2157 1721 2240 1759 re-

661 1808 789 1848 vera
816 1794 985 1849 insani
1015 1803 1158 1863 sunt,
1188 1810 1251 1852 ac
1278 1797 1544 1852 dmmonio
1566 1797 1728 1867 pleni,
1757 1798 1845 1867 qui
1881 1813 2060 1852 rerum
2089 1809 2242 1851 natu-

656 1900 768 1939 ram
802 1895 859 1940 ut
884 1900 1004 1941 sese
1028 1886 1224 1942 habeat
1251 1887 1445 1943 intueri
1466 1903 1753 1957 numquam
1784 1888 2115 1953 didicerunt,
2145 1887 2239 1942 sed

654 1992 716 2033 ea
746 1992 863 2048 qua:
890 1989 1013 2032 sunt
1052 1979 1294 2035 laudibus
1321 1980 1627 2050 dignissima
1668 1980 2003 2049 vituperant,
2028 1987 2082 2033 et
2122 1993 2240 2048 qua:

658 2076 782 2122 sunt
827 2068 1196 2137 exprobranda
1239 2070 1293 2124 in
1344 2069 1686 2125 laudabilium
1735 2070 2058 2124 transferunt
2100 2068 2283 2124 ordi-'

658 2174 800 2213 nem.
835 2159 1084 2214 Plurimis
1115 2168 1169 2215 et
1193 2160 1487 2230 phrenetici
1518 2170 1807 2231 praesentes
1843 2160 2136 2216 maledictis
2164 2160 2244 2215 in-

658 2259 963 2316 sectantur;
994 2251 1084 2307 sed
1117 2253 1206 2323 qui
1233 2252 1319 2308 illa
1347 2253 1568 2307 audiunt
1606 2254 1777 2308 nullas
1814 2269 1872 2308 se
1911 2253 2018 2323 pati
2057 2262 2244 2306 contu-

664 2342 849 2396 melias
877 2343 1204 2399 existimant.
1232 2342 1301 2398 Et
1327 2355 1379 2398 tu
1422 2344 1578 2414 igitur
1602 2359 1724 2398 cum
1754 2352 1992 2399 amentes
2023 2343 2141 2398 illos
2170 2344 2243 2398 ita

650 2433 808 2503 ‘loqni
835 2434 989 2489 audis
1011 2476 1026 2500 ,
1076 2435 1183 2489 noli
1209 2435 1585 2492 contumeliam
1617 2444 1707 2489 aut
1734 2436 2096 2490 confusionem
2125 2444 2245 2490 eam

665 2541 780 2581 rem
809 2527 1136 2592 existimare,
1157 2543 1223 2583 ne
1243 2543 1368 2584 vere
1390 2528 1600 2598 probris
1621 2538 1672 2583 te
1692 2529 1909 2599 dignum
1931 2527 2240 2594 constituas,

646 2620 784 2675 dum
812 2630 994 2676 contra
1022 2631 1076 2677 te
1105 2622 1271 2678 Deum
1299 2637 1574 2693 provocas.
1607 2621 1738 2676 Cum
1760 2621 1902 2677 enim
1929 2636 1990 2677 ea
2008 2636 2125 2692 quae
2150 2634 2247 2690 pro

663 2721 840 2765 nostra
865 2711 1238 2768 emendatione
1258 2721 1313 2768 et
1336 2713 1558 2767 utilitate
1585 2728 1615 2766 a
1641 2712 1753 2767 Deo
1774 2710 2098 2776 inferuntur,
2125 2724 2249 2780 pro-

663 2801 760 2856 bro
791 2801 884 2857 tibi
906 2817 1024 2858 esse
1050 2802 1342 2869 arbitraris,
1372 2801 1489 2857 vide
1517 2817 1621 2872 quo
1637 2800 1738 2855 hoc
1764 2801 1961 2856 malum
1992 2809 2245 2871 emerget.

737 2892 789 2945 5.
831 2891 984 2958 Quod
1013 2893 1058 2946 si
1083 2893 1162 2947 vis
1182 2893 1270 2963 qui
1300 2895 1405 2947 sint
1430 2908 1611 2947 revera
1643 2891 1955 2948 confusione
1980 2902 2034 2947 et
2060 2906 2254 2962 expro—

671 2981 912 3037 bratione
937 2983 1081 3053 digni
1114 2984 1450 3053 perspicere:
1479 2999 1676 3055 paucos
1707 3000 1737 3039 e
1765 2984 1945 3040 multis
1975 2985 2065 3039 tibi
2091 2999 2253 3039 cona-

671 3086 767 3126 οοι·
793 3074 1094 3129 ostendere.
1145 3074 1253 3130 Eos
1303 3075 1539 3145 inspice,
1592 3075 1679 3145 qui
1730 3074 2010 3129 mulierum
2066 3074 2252 3131 formte

669 3163 814 3217 omni
840 3163 1017 3219 studio
1044 3164 1238 3220 addicti
1265 3175 1408 3232 sunt,
1442 3168 1531 3238 qui
1561 3167 1797 3238 pecuniis
1823 3182 1992 3238 usque
2016 3167 2081 3222 ad
2112 3167 2255 3222 insa-

666 3254 808 3309 niam
839 3254 1078 3322 inhiant,
1110 3256 1199 3327 qni
1235 3258 1484 3327 potentia:
1512 3273 1574 3312 ac
1621 3257 1804 3329 gloria:
1849 3268 1973 3312 smt
2021 3257 2256 3327 cupidis-

650 3347 783 3401 simi
811 3389 824 3412 ,
869 3356 1033 3419 utque
1080 3350 1179 3404 ista
1205 3360 1632 3422 consequantur,
1672 3365 1829 3421 agere
1869 3350 2046 3405 omnia
2069 3360 2122 3405 et
2146 3349 2252 3419 pati

646 3438 950 3503 sustinent,
979 3437 1068 3508 qui
1094 3438 1261 3493 livore
1290 3448 1344 3494 et
1372 3440 1566 3494 invidia
1596 3440 1894 3508 tabcscunt,
1916 3440 2003 3511 qui
2036 3440 2166 3494 nihil
2196 3455 2256 3495 se

656 3525 988 3581 ite-dentibus
1010 3526 1363 3595 insidiantur,
1413 3530 1501 3599 qui
1545 3538 1714 3583 atram
1744 3529 1903 3586 bilem
1950 3531 2255 3601 patiuntur,

644 3614 756 3682 vqui
782 3616 902 3670 vitae
925 3617 1202 3686 praesentis
1227 3621 1513 3674 vanitatem
1553 3632 1759 3674 summa
1788 3620 1934 3675 rabie
1962 3630 2251 3676 sectantur.

646 3736 649 3741 ι
670 3705 772 3760 Ista
798 3721 984 3762 revera
1013 3717 1171 3779 atque
1195 3708 1280 3763 his
1300 3709 1494 3764 similia
1523 3711 1756 3765 vesania:
1781 3721 1906 3765 sunt
1926 3725 2108 3781 opera,
2132 3725 2257 3782 sup-

650 3796 933 3867 plicioque
973 3796 1166 3868 digna;
1225 3799 1324 3853 ista
1367 3800 1576 3869 probris
1633 3810 1791 3870 atque
1827 3802 2069 3857 irrisione
2115 3804 2259 3859 inse-

644 3886 879 3941 ~ctanda.
910 3887 1077 3943 Porro
1094 3888 1140 3942 si
1171 3890 1291 3958 quis
1316 3890 1440 3944 dum
1470 3890 1808 3996 perun-batur
1833 3907 1861 3944 a
1893 3892 2150 3958 daemone,
2179 3895 2258 3948 sic

653 3992 881 4047 :quoque
907 3994 1170 4034 summam
1197 3981 1247 4035 in
1289 3981 1395 4035 vita
1423 3981 1811 4052 philosophiam
1842 3984 2123 4051 exhibeat,
2150 4001 2254 4041 non

647 4068 847 4123 'solum
875 4084 978 4124 non
1009 4072 1415 4141 exprobrandus
1440 4116 1454 4140 ,
1485 4089 1671 4128 verum
1716 4075 2058 4131 admirandus
2103 4092 2257 4131 coro-

652 4160 989 4231 nandusque
1037 4162 1105 4217 ab
1150 4163 1397 4219 omnibus
1422 4174 1532 4228 est,
1562 4165 1650 4235 qui
1683 4175 1760 4219 tot
1809 4166 2074 4236 tantisque
2123 4182 2258 4233 prte-

650 4251 882 4320 peditus
938 4253 1199 4319 vinculis,
1247 4270 1461 4310 cursum
1501 4256 1635 4312 adeo
1684 4255 2008 4313 laboriosum
2053 4259 2253 4327 currit,

668 4342 994 4413 arduamqne
1025 4354 1081 4399 et
1103 4360 1347 4415 asperam
1371 4347 1682 4402 conscendit
1709 4349 1919 4403 virtutis
1943 4349 2103 4403 viam.
2133 4349 2254 4405 Ca:—

671 4441 840 4487 terum
856 4435 1041 4489 nescio
1061 4450 1166 4504 quo
1186 4445 1337 4505 pacto
1353 4452 1438 4493 me
1457 4450 1592 4507 pene
1613 4448 1666 4494 et
1682 4439 1824 4494 aliud
1845 4440 2254 4511 eﬂ‘ugerit,quod

673 4524 786 4593 ipse
812 4526 928 4594 plus
969 4529 1131 4583 habes
1173 4545 1329 4600 quam
1361 4530 1553 4585 fratres
1591 4531 1801 4599 reliqui.
1851 4532 1904 4586 ld
1951 4541 2127 4587 autem
2175 4543 2257 4587 est

657 4613 975 4682 :hujusmodi
999 4635 1011 4671 :
1032 4618 1086 4672 Si
1108 4618 1232 4686 quid
1256 4635 1285 4674 a
1315 4630 1364 4674 te
1392 4631 1668 4689 peccatum
1690 4631 1793 4687 εει,
1822 4621 1977 4677 facile
2009 4638 2102 4693 per
2121 4622 2257 4678 hanc

675 4718 975 4773 pressuram
1001 4706 1053 4762 id
1083 4723 1241 4764 omne
1261 4706 1891 4787 deleturéoifemittitur.
1922 4714 2097 4785 Atque
2118 4730 2148 4770 a
2171 4730 2257 4769 me

660 4791 776 4850 :hoc
803 4806 958 4851 antea
988 4806 1258 4855 ostensum
1281 4808 1382 4867 est,
1409 4815 1530 4856 cum
1552 4793 1619 4858 de
1646 4788 1866 4871 Lazaro,
1892 4813 1945 4859 et
1964 4805 2032 4859 de
2053 4805 2144 4859 illo
2166 4805 2255 4874 qui

672 4888 814 4958 apud
838 4887 1147 4946 Corinthios
1168 4890 1462 4949 fornicatus
1504 4906 1616 4963 est,
1647 4911 1951 4953 sermonem
1980 4897 2253 4952 haberem.

672 4980 779 5036 Sed
818 4982 991 5052 patri,
1023 4983 1273 5053 inquies,
1303 4986 1465 5041 timeo
1491 5005 1504 5040 :
1535 4988 1634 5042 etsi
1663 4988 1842 5043 omnia
1873 5004 1990 5044 mea
2020 4990 2260 5045 modeste

671 5088 734 5127 ac
764 5071 956 5130 leniter
981 5074 1217 5145 perferre
1248 5077 1468 5146 possim,
1500 5079 1771 5148 quomodo
1810 5080 1949 5135 illius
1989 5094 2170 5135 casum
2194 5096 2257 5137 ac

673 5162 947 5218 vesaniam
991 5164 1193 5233 feram,-
1241 5166 1286 5220 si
1331 5168 1544 5237 quando
1574 5170 1700 5239 quid
1754 5171 1942 5225 horum
1997 5171 2258 5225 senserit?

675 5259 946 5317 Hactenus
970 5261 1184 5331 quidem
1211 5262 1343 5318 nihil
1374 5265 1655 5334 persensit.
1684 5265 1777 5320 Est
1803 5275 1980 5320 autem
2012 5265 2259 5321 maximae

676 5350 1126 5419 pusillanimitatis
1146 5369 1331 5409 eorum
1365 5356 1553 5425 gratia,
1583 5372 1704 5427 quae
1732 5365 1912 5427 postea
1943 5359 2255 5429 aliquando,

675 5441 761 5496 vel
793 5443 955 5498 etiam
995 5444 1215 5499 omnino
1266 5460 1373 5501 non
1420 5457 1676 5502 eventura
1705 5456 1847 5514 sunt,
1876 5465 2109 5505 mmrore
2148 5448 2258 5520 j‘am

670 5545 776 5586 nos
826 5547 890 5588 ac
933 5532 1122 5590 dolore
1163 5535 1449 5592 conficere.
1478 5536 1631 5592 Unde
1673 5540 1815 5593 enim
1864 5542 2015 5595 nobis
2055 5552 2265 5598 constet

675 5618 794 5676 haec
831 5623 896 5678 ad
925 5623 1067 5679 illius
1100 5636 1416 5695 perventura
1462 5629 1741 5683 notitiam?
1780 5631 1891 5686 luto
1917 5647 2046 5687 vero
2064 5633 2135 5689 sit
2162 5633 2264 5690 hoc

674 5712 837 5779 plane
867 5715 1203 5785 perspicuum
1227 5758 1245 5786 ,
1298 5718 1796 5790 concedamusque,
1830 5723 1874 5775 si
1911 5724 2024 5787 vis,
2071 5732 2262 5780 cuncta

664 5800 831 5858 alium
863 5805 1225 5874 nasciturum,
1271 5809 1600 5880 plurimaque
1649 5813 1901 5868 atrociter
1952 5811 2257 5869 facturum:

1380 381 1437 435 Β.
1478 378 1753 435 ΙΟΑΝΝΙΞ
1791 375 2264 434 (ΙΗΙῖΥΞΟΒΤΟΜΙ
2303 374 2615 432 ABClllEP.
2657 372 3185 434 CONSTANTINOP.

3795 368 3887 431 ιῦἱ

2341 488 2496 543 laudo
2529 500 2577 544 te
2619 490 2884 560 equidem,
2910 490 2953 545 si
3006 489 3145 542 illius
3189 485 3373 541 doleas
3420 485 3626 547 vicem,
3655 497 3885 542 canorum

2338 580 2462 634 nolo
2489 580 2537 635 id
2565 596 2684 634 eum
2716 590 2804 634 tuo
2840 580 3160 635 detrimento
3206 576 3390 631 facias.
3434 574 3642 646 Quippe
3682 591 3770 632 eos
3810 581 3886 648 qui

2334 688 2395 726 ea
2426 687 2545 741 quae
2573 688 2782 726 sursum
2811 683 2932 726 sunt
2959 671 3201 740 sapiunt,
3243 679 3294 724 et
3323 683 3427 722 non
3454 682 3578 738 quae
3603 682 3758 737 super
3799 679 3891 724 ter-

2349 779 2471 831 ‘am,
2505 779 2609 819 non
2632 764 2803 818 solum
2834 763 2902 817 ab
2931 763 3006 816 ira
3036 771 3088 817 et
3128 759 3556 829 concupiscentia
3599 760 3890 830 earterisque

2339 855 2844 926 perturbationibus,
2871 853 2964 908 sed
2987 868 3016 907 a
3046 866 3277 906 maerore
3308 851 3466 904 etiam
3490 849 3755 905 abstinere
3781 866 3894 905 con-

2337 947 2499 1003 venit.
2530 945 2629 1000 llic
2656 946 2800 1001 enim
2834 945 2987 1014 longe
3019 942 3276 1013 pluribus,
3304 956 3460 1011 quam
3490 950 3617 995 sunt
3643 942 3895 1010 perturba-

2340 1038 2510 1091 tiones
2537 1037 2671 1101 illa),
2705 1051 2805 1091 nos
2844 1032 3193 1089 incommodis
3216 1032 3410 1095 afficit;
3450 1046 3771 1102 prorsusque
3814 1046 3895 1086 ne-

2338 1143 2487 1181 cesse
2511 1135 2595 1182 est
2640 1128 2895 1182 adversus
2944 1125 3092 1179 illum
3133 1139 3231 1178 nos
3276 1124 3563 1178 fortissime
3609 1124 3891 1194 insurgere,

2339 1219 2438 1270 1ιίδὶ
2466 1220 2685 1273 omnino
2712 1217 2888 1286 perire
2914 1216 3155 1270 velimus.
3185 1212 3316 1267 Nam
3362 1214 3406 1267 si
3439 1213 3652 1283 quidem
3686 1218 3790 1285 ipse
3809 1214 3896 1268 bu-

2336 1307 2572 1378 jusmodi
2591 1308 2954 1362 calamitatum
2982 1307 3116 1376 patri
3143 1312 3331 1360 auctor
3352 1303 3559 1358 futurus
3587 1319 3749 1370 esses,
3767 1316 3895 1360 recte

2350 1413 2469 1452 iane
2498 1396 2791 1467 trepidares
2825 1413 2887 1451 ac
2910 1407 3188 1461 tremeres,
3217 1396 3307 1465 qui
3335 1404 3493 1448 tanta:
3516 1394 3588 1448 illi
3616 1395 3896 1464 perditionis

2341 1500 2498 1541 causa
2525 1501 2708 1550 esses;
2738 1489 2821 1541 sin
2848 1497 3025 1542 autem
3070 1487 3294 1555 ipsemet
3335 1484 3560 1538 summis
3587 1484 3735 1538 malis
3757 1495 3895 1553 atque

2343 1578 2694 1633 incommodis
2723 1576 2861 1633 aftiei
2891 1577 3021 1645 vult,
3046 1576 3178 1631 nihil
3205 1585 3257 1632 te
3285 1577 3475 1631 horum
3499 1576 3705 1645 penitus
3731 1576 3892 1644 tangit,

2344 1672 2443 1725 nisi
2467 1672 2518 1725 iu
2546 1682 2801 1742 quantum
2830 1672 2965 1738 patri
2994 1671 3077 1740 pie
3104 1668 3500 1724 condolendum
3530 1676 3629 1721 est.
3659 1667 3892 1720 Praeterea

2343 1764 2610 1819 nescimus
2637 1763 2904 1834 quomodo
2951 1761 3250 1832 hujusmodi
3294 1760 3538 1814 nuntium
3587 1759 3673 1813 ille
3721 1759 3895 1813 laturus

2344 1854 2445 1920 sit;
2469 1854 2690 1924 plurima
2705 1853 2846 1909 enim
2868 1868 3009 1922 saepe
3030 1861 3211 1908 contra
3228 1866 3384 1922 quam
3411 1850 3734 1920 sperabatur,
3751 1863 3894 1902 emer-

2344 1955 2551 2001 serunt.
2582 1945 2714 1999 Nam
2746 1955 2800 1999 et
2826 1944 2953 1999 illud
2982 1959 3141 1998 unum
3168 1952 3251 1998 est
3278 1957 3343 1997 ex
3376 1942 3460 2007 iis,
3494 1956 3611 2010 qua:
3637 1955 3752 1992 raro
3775 1939 3893 1993 acci-

2345 2038 2509 2103 dunt;
2541 2047 2596 2092 at
2638 2037 2742 2092 hoc
2761 2036 3035 2107 probabile
3057 2043 3138 2092 est
3157 2077 3172 2101 ,
3211 2050 3274 2089 ac
3299 2034 3614 2105 plerumque
3641 2032 3767 2086 solet
3790 2046 3893 2086 eve-

2346 2131 2480 2186 nire.
2511 2129 2670 2187 Unde
2700 2130 2750 2184 id
2778 2130 2952 2200 colligi
2979 2129 3189 2200 p0test?
3215 2128 3382 2183 Habet
3408 2125 3729 2183 adulterinos
3752 2124 3891 2187 filios,

2346 2240 2480 2296 quos
2508 2231 2563 2280 et
2592 2225 2805 2294 plurimi
2849 2224 3007 2290 facit;
3058 2238 3218 2295 porro
3263 2223 3378 2277 haec
3422 2222 3568 2275 illius
3608 2218 3789 2273 amoris
3830 2215 3893 2268 vis

2347 2317 2608 2386 ejusmodi
2637 2332 2922 2373 maerorem
2961 2316 3206 2371 facillime
3233 2315 3397 2370 lenire
3428 2312 3640 2383 poterit.
3667 2309 3739 2364 Ne
3764 2308 3893 2379 igitur

2349 2408 2543 2464 frustra
2575 2410 2800 2479 teipsum
2827 2411 2967 2465 curis
2993 2409 3283 2463 excrucies.
3341 2405 3476 2462 Nam
3519 2406 3560 2461 si
3589 2404 3743 2475 patris
3767 2413 3895 2455 causa

2341 2500 2634 2556 dolendum
2663 2510 2776 2567 est,
2805 2502 2919 2571 ejus
2949 2500 3187 2571 profecto
3212 2501 3290 2556 rei
3316 2499 3484 2571 gratia
3516 2495 3782 2553 dolendum
3799 2501 3892 2558 est,

2350 2592 2490 2663 quod
2506 2593 2949 2649 irrationabilibus
2965 2591 3424 2663 sumptibus,quod
3438 2584 3892 2650 comessationibus,

2352 2686 2493 2755 quod
2518 2687 2659 2741 fastu
2681 2696 2734 2741 et
2765 2686 3040 2759 tyrannide
3061 2728 3075 2752 ,
3102 2686 3242 2757 quod
3274 2685 3522 2755 praesenti
3554 2681 3794 2738 adulterio
3815 2678 3889 2734 ἀει

2352 2777 2494 2833 ditus
2518 2778 2605 2832 sit.
2633 2780 2711 2831 An
2743 2787 2796 2831 tu
2827 2777 3093 2832 modicum
3118 2777 3291 2832 scelus
3311 2775 3585 2831 existimas
3614 2786 3780 2838 uxore,
3807 2783 3893 2823 ma-

2354 2877 2434 2924 tre
2459 2880 2654 2934 vestra,
2683 2869 2953 2935 incolumi,
2985 2870 3199 2923 alterius
3229 2868 3416 2937 puella:
3458 2863 3703 2920 maculari
3728 2874 3893 2916 concu-

2355 2962 2487 3027 bltu,
2518 2962 2756 3031 filiosque
2783 2977 2848 3016 ex
2896 2961 3080 3016 illicito
3108 2975 3389 3031 procreare
3436 2951 3790 3012 matrimonio?
3815 2951 3893 3004 Ista

2355 3056 2523 3121 luctu,
2558 3054 2656 3109 ista
2690 3055 2937 3125 lacrymis
2960 3052 3145 3123 digna,
3173 3067 3291 3123 qua:
3310 3058 3498 3120 aperta
3525 3059 3644 3105 sunt
3668 3046 3807 3109 mala,
3828 3052 3893 3095 at-

2355 3162 2459 3218 que
2506 3145 2559 3201 in
2589 3146 2751 3202 tinem
2777 3145 3073 3216 perducta:
3104 3159 3220 3215 quae
3272 3159 3400 3198 vero
3447 3144 3524 3198 tui
3565 3154 3714 3197 causa
3756 3135 3894 3190 futura

2356 3251 2498 3305 sunt,
2519 3240 2630 3296 fieri
2654 3249 2827 3311 potest
2851 3249 2908 3294 ut
2934 3239 3110 3309 gravia
3139 3239 3266 3305 sint,
3291 3236 3404 3302 fieri
3434 3238 3587 3303 item,
3614 3243 3666 3287 ιιι
3688 3227 3895 3299 opinione

2358 3332 2590 3399 levium;
2624 3346 2846 3386 summa:
2876 3345 3005 3386 vero
3039 3339 3182 3385 esset
3217 3328 3469 3383 amentia:
3510 3327 3563 3381 in
3604 3322 3749 3379 rebus
3787 3314 3895 3370 adeo

2359 3425 2580 3480 incertis
2610 3434 2758 3480 certo
2799 3439 2860 3479 se
2897 3423 3007 3493 jam
3044 3422 3282 3478 cruciatu
3323 3417 3608 3476 conficere.
3655 3416 3717 3469 lJt
3753 3417 3894 3463 autem

2358 3517 2717 3575 concedamus
2747 3517 2958 3572 interim
3008 3516 3153 3569 ilium
3184 3510 3649 3569 vehementissima
3693 3501 3895 3568 indigna-

2360 3612 2503 3666 tione
2532 3608 2905 3665 concitandum
2928 3649 2944 3675 ,
2974 3617 3028 3661 at
3055 3605 3311 3661 citissime
3343 3603 3614 3658 sedabitur
3633 3640 3647 3662 ,
3693 3603 3742 3648 cl
3773 3598 3896 3644 ωηεν

2358 3717 2515 3773 (illam
2544 3701 2699 3772 plane
2727 3700 3058 3765 incendatur,
3083 3696 3474 3766 exstinguetur.
3504 3693 3665 3748 Homo
3691 3683 3897 3779 enituit.”

2358 3769 2564 3849 deliciis
2591 3792 2820 3857 deditus,
2854 3791 3317 3857 maximarumquc
3342 3800 3525 3841 rerum
3553 3781 3687 3837 curis
3709 3769 3897 3869 ἱωριὶςξσ

2361 3895 2464 3953 ωε,
2493 3885 2755 3955 Parasitus
2791 3894 2844 3938 et
2871 3890 3227 3937 assentatores
3253 3879 3497 3934 nutriens
3517 3920 3531 3941 ,
3563 3869 3829 3955 puellmque
3846 3856 3896 3911 ilo

2361 3980 2462 4035 lius
2487 3994 2674 4034 amore
2699 3979 2948 4033 incensus
2967 4016 2983 4041 ,
3012 3991 3078 4030 ex
3107 3989 3208 4045 qua
3238 3971 3386 4028 vobis
3427 3986 3500 4025 ex
3531 3963 3790 4022 medietate
3811 3952 3897 4004 fra-

2362 4081 2470 4128 tres
2492 4070 2676 4135 ltabet,
2706 4070 2867 4124 etiam
2896 4069 2939 4122 si
2982 4076 3099 4121 tuos
3145 4079 3302 4119 casus
3348 4055 3638 4132 perceperit
3656 4095 3669 4117 ,
3697 4046 3896 4143 doloretn

2360 4164 2638 4219 minimum
2660 4171 2716 4217 et
2744 4161 2895 4216 nihili
2922 4159 3222 4215 faciendum
3252 4157 3444 4226 capiet.
3482 4154 3636 4222 quue
3655 4158 3749 4236 non
3776 4146 3897 4236 61.119

2360 4256 2533 4310 δοιυτη
2553 4270 2671 4324 qua:
2693 4253 2823 4317 dixi,
2844 4252 2935 4307 sed
2958 4268 3022 4305 ex
3043 4249 3318 4320 praeteritis
3339 4245 3582 4315 conjicio.
3610 4233 3743 4294 Νοειί
3763 4233 3896 4283 enim.

2363 4350 2516 4419 plane
2547 4323 2709 4411 nosti,
2739 4360 2858 4401 cum
2889 4353 2940 4398 te
2967 4343 3051 4398 ille
3075 4342 3293 4397 nimium
3317 4348 3474 4394 antea
3503 4333 3748 4401 diligeret,
3773 4323 3897 4413 ιθίιιξθ

2359 4418 2597 4494 omnium
2623 4438 2743 4492 loco
2769 4437 3010 4499 haberet,
3039 4450 3103 4490 ex
3150 4448 3256 4504 quo
3282 4442 3333 4486 te
3372 4430 3438 4484 ad
3463 4422 3815 4504 monachorum
3837 4418 3898 4455 “‘

2362 4544 2467 4588 tam
2498 4529 2845 4593 transtulisti,
2877 4526 3099 4582 affectus
3138 4501 3311 4579 omnis
3341 4522 3429 4576 ille
3469 4529 3622 4590 quam
3652 4501 3898 4564 exstinctus

2359 4625 2446 4678 sit.
2465 4623 2596 4678 Rem
2616 4621 2759 4676 enim
2790 4619 2880 4674 ille
2907 4626 2959 4673 te
2981 4617 3157 4672 facere
3184 4624 3415 4682 turpem,
3447 4624 3507 4665 ac
3532 4603 3777 4682 111³30⁸⁵υηῖ
3797 4594 3900 4639 5""-

2359 4731 2477 4771 rum
2503 4712 2787 4784 splendore
2816 4710 3082 4779 indignam
3103 4749 3118 4773 ,
3160 4705 3486 4776 gloriamque
3511 4707 3654 4753 suam
3680 4679 3898 4784 ιθ

2362 4821 2487 4875 pare
2512 4769 2756 4858 dicebat:
2784 4811 2837 4858 et
2859 4769 2959 4854 nisi
2983 4808 3184 4854 natura!
3208 4796 3353 4850 illum
3382 4787 3660 4847 necessitas
3675 4769 3895 4875 cohibili:

2361 4860 2460 4958 set.
2494 4906 2545 4950 te
2570 4895 2788 4949 forsitan
2830 4892 3146 4947 abdicasset.
3193 4888 3398 4954 Itaque,
3438 4880 3535 4937 nisi
3566 4882 3726 4930 tamen
3774 4860 3899 4958 nimis

2363 4995 2598 5058 heptttm
2616 4986 2754 5059 quod
2770 4985 2945 5040 dicam
2960 4977 3451 5045 videatur,arbitror
3462 4950 3898 5076 illutnjfeﬂgczfor;

2508 5043 2778 5147 voluptate
2802 5075 3125 5137 auditurum,
3152 5043 3303 5140 quasi
3327 5077 3511 5137 ptnnas
3541 5043 3897 5152 deder-iiii?

2362 5133 2549 5228 orante
2578 5133 2667 5223 illo
2693 5167 2908 5237 smpius,
2930 5174 3088 5234 atque
3170 5133 3291 5215 vita:
3320 5133 3469 5212 istius
3497 5133 3877 5237 tolerantiaff’:

2364 5277 2578 5319 movere
2592 5260 2858 5330 cupiente,
2875 5255 3153 5311 consilium
3173 5251 3339 5321 ipsius
3354 5251 3633 5315 numquam
3645 5224 3898 5354 “duitas;

2435 5314 2683 5410 de
2723 5314 2874 5421 patre
2903 5348 3119 5419 quidem
3159 5314 3222 5400 ac
3251 5344 3441 5399 timore
3478 5347 3594 5444 tui).
3741 5314 3895 5444 diua]:

2365 5448 2597 5503 maxime
2624 5444 2889 5501 sollicitus
2917 5456 2976 5496 es
2996 5483 3010 5505 ,
3051 5440 3149 5493 ista
3181 5435 3337 5491 habui
3367 5447 3484 5505 qua:
3508 5413 3895 5532 di‘eeretl‘t'ﬁ";

2367 5535 2559 5595 ciiﬁtia
2585 5577 2599 5600 ,
2630 5546 2690 5591 ut
2718 5549 2860 5599 reor,
2895 5532 2959 5586 ad
2988 5543 3201 5586 omnem
3230 5514 3587 5596 hujuscemodi
3621 5498 3894 5621 “1:211:31

2368 5629 2705 5687 clmlendum.
2728 5627 2989 5696 Quoniam
3017 5636 3148 5678 vero
3174 5618 3433 5679 malorum
3461 5612 3657 5666 tuorum

2318 5782 2323 5787 .
2370 5739 2490 5781 esse
2528 5720 2839 5785 assorebaS,
2870 5716 3010 5787 fi"0d
3053 5728 3224 5784 ιιεειιιε
3251 5711 3316 5766 de
3349 5705 3531 5763 {muris
3568 5683 3894 5809 Ροῗῗῗηὲἓὶ-

2373 5814 2522 5883 dere,
2553 5827 2723 5882 neque
2749 5813 2912 5867 scires
2942 5804 3315 5878 hnjnsmotline
3339 5804 3578 5868 umquam
3603 5769 3797 5836 Vinc‘m’
