4138 6436
449 365 548 428 451

447 502 577 542 νων.
609 481 742 544 Εἷτα
771 489 1073 562 ἀνθρώπων
1122 492 1221 564 μὲν
1254 496 1693 568 ἐπηρεαζόντων,
1724 499 1784 553 τὸ
1818 500 2004 575 φέρειν
2025 500 2124 572 τὴν

446 573 716 648 ἐπήρειαν
749 577 970 644 ἔπαινος
989 598 1003 611 ο
1028 581 1123 636 τοῦ
1163 583 1219 637 δὲ
1242 585 1460 648 πάντων
1494 588 1862 661 πονηροτέρου
1891 589 1955 642 τὸ
1993 590 2127 644 αὐτὸ

445 661 606 716 τοῦτο
629 665 930 733 ποιοῦντος,
955 669 984 722 ὀ
1007 669 1106 742 τὴν
1141 671 1352 728 ἐκείνου
1379 673 1576 744 μανίαν
1599 675 1864 744 γενναίως
1887 675 2127 746 ἐνεγκὼν

445 751 810 808 καταδύσεται
826 753 902 820 ὡς
930 757 1188 828 ἐπίψογον
1213 762 1448 832 πρᾶγμα
1478 762 1681 828 ποιῶν;
1706 763 1819 818 Καὶ
1838 765 1890 818 τί
1919 763 2125 834 ταύτης

441 838 545 908 τῆς
571 841 941 908 ἐναντιώσεως
963 845 1300 921 ἀλογώτερον
1321 850 1520 918 γένοιτ’
1540 851 1642 918 άν;
1671 853 1734 905 Εἰ
1765 853 1864 923 μὲν
1890 853 1999 926 γὰρ
2017 853 2126 907 ἀπιι

441 931 544 1001 τῆς
575 930 836 998 πτώσεως
864 935 1017 1010 [182]
1055 938 1296 1005 ἀναστὰς
1339 941 1576 1014 ἐκείνης,
1609 945 1808 998 ἄτοπόν
1837 964 1890 999 τι
1920 946 2125 1018 πρᾶξαι

443 1019 729 1092 προήχθης
754 1021 786 1094 ἢ
827 1023 1022 1090 εἰπεῖν,
1053 1024 1174 1081 ούδέ
1196 1027 1359 1094 αὐτὸς
1377 1025 1445 1084 ἂν
1477 1030 1724 1085 ἐκώλυσα
1753 1034 1893 1107 ὑπὲρ
1920 1037 2125 1092 τούτων

440 1106 892 1196 κατακόπτεσθαι
957 1111 1052 1168 καὶ
1097 1115 1312 1186 ἀλγεῖν’
1384 1119 1435 1172 εί
1479 1116 1536 1172 δέ
1597 1119 1736 1190 μετά
1772 1106 2125 1196 εὐχαριστίας

440 1185 660 1250 ἅπαντα
693 1196 902 1268 φέρεις,
926 1201 1023 1255 καί⁷
1054 1203 1136 1266 είς
1169 1185 1481 1276 προσευχὰς
1501 1185 1705 1272 εὐθέως
1735 1185 1958 1281 τρέπείς
1989 1185 2122 1266 σοιυζ

439 1283 552 1350 τὸν,
584 1285 638 1339 τί
671 1287 788 1340 ποτ’
811 1285 904 1342 οὖν
936 1291 1053 1344 ἐστι
1071 1291 1134 1346 τὸ
1163 1287 1354 1348 ποιοῦν
1369 1295 1468 1366 τὴν
1489 1295 1756 1370 αἰσχύνην
1781 1315 1795 1364 ;
1826 1299 1969 1353 Ἀλλ’
1993 1301 2123 1366 ἴσως

441 1371 666 1442 ἀλγεινά
696 1375 764 1428 τὰ
798 1377 950 1451 παρά
979 1377 1088 1433 τῶν
1117 1380 1292 1435 ἄλλων
1319 1383 1519 1456 ὀνείδη.
1611 1437 1620 1446 ,

507 1497 621 1552 Καὶ
667 1498 722 1552 τί
775 1500 983 1556 τούτων
1015 1504 1508 1580 ἐπονειδιστότερον
1533 1509 1734 1577 γένοιτ’
1773 1509 1861 1576 ἂν,
1901 1510 1952 1564 οἳ
1987 1511 2121 1582 μηδέ

437 1584 583 1658 ἅπερ
609 1587 886 1654 ὀνειδίζειν
903 1592 1009 1665 χρὴ
1027 1591 1258 1648 δύναιντ’
1279 1593 1345 1650 ἂν
1370 1595 1570 1650 εἰδέναι
1603 1597 1816 1665 καλῶς;
1835 1591 1997 1653 Οὗτοι
2013 1600 2122 1673 γὰρ

435 1673 655 1744 ἀληθῶς
677 1676 814 1730 εἰσιν
834 1679 884 1731 οἱ
910 1681 1226 1750 μαινόμενοι
1265 1683 1360 1736 καὶ
1393 1684 1778 1754 δαιμονῶντες,
1805 1689 1855 1740 οἱ
1889 1687 1960 1742 τὰ
1979 1689 2122 1761 πρά-

433 1778 620 1832 γματα
653 1763 732 1828 ὡς
761 1764 876 1838 ἔχει
912 1765 1129 1837 φύσεως
1171 1769 1246 1842 μὴ
1297 1771 1681 1844 μεμαθηκότες
1705 1775 1860 1846 ὀρᾷν,
1891 1776 2030 1831 ἀλλά
2051 1777 2122 1831 τὰ

437 1849 538 1921 μὲν
563 1851 804 1907 ἐπαίνων
849 1853 974 1919 ἄξια
1011 1855 1296 1926 ψέγοντες,
1327 1859 1398 1913 τὰ
1427 1859 1486 1915 δὲ
1527 1863 1872 1917 ἐπονείδιστα
1909 1865 1990 1929 εἰς
2019 1866 2118 1937 τὴν

430 1941 542 1994 τῶν
579 1941 989 2014 ἐπαινουμένων
1027 1943 1183 2014 τάξιν
1197 1949 1602 2018 μετατιθέντες.
1619 1953 1798 2008 Πολλὰ
1823 1955 1918 2008 καὶ
1943 1957 1991 2008 οί
2017 1955 2118 2028 τὴν

431 2030 675 2100 φρενῖτιν
695 2030 979 2096 νοσοῦντες
1005 2031 1224 2102 λέγουσι
1256 2037 1384 2102 τοὺς
1417 2039 1695 2111 παρόντας
1720 2041 1890 2109 κακά,
1917 2043 2035 2097 ἀλλ’
2068 2046 2117 2098 οἰ

430 2115 724 2181 ἀκούοντες
744 2118 843 2189 οὐχ
870 2118 1128 2189 ἡγοῦνται
1156 2121 1496 2193 ὑϐρίζεσθαι.
1529 2129 1620 2200 Μὴ
1659 2129 1844 2184 τοίνυν
1887 2132 2024 2203 μηδέ
2051 2133 2116 2188 σὺ

426 2203 541 2256 τῶν
575 2203 948 2293 ἐξεστηκότων
977 2208 1203 2263 ἐκείνων
1235 2211 1472 2280 ἀκούων,
1507 2215 1772 2288 αἰσχύνην
1807 2219 1905 2273 καὶ
1959 2219 2117 2293 ὓϐριν

427 2292 490 2346 τὸ
538 2293 772 2364 πρᾶγμα
811 2289 954 2349 εἶναι
983 2296 1193 2367 νόμιζε,
1231 2299 1318 2355 ίνα
1355 2303 1428 2373 μή
1465 2317 1596 2358 ποτε
1621 2305 1838 2378 ἀληθῶς
1863 2289 2118 2363 ἐπονείδι-

429 2396 556 2435 στον
574 2385 928 2456 καταστήσῃς
955 2387 1152 2440 σαυτὸν
1181 2389 1504 2461 παροξύνων
1526 2394 1618 2448 τὸν
1629 2395 1783 2453 Θεόν.
1818 2399 1986 2454 Ὅταν
2005 2399 2114 2472 γὰρ

424 2471 498 2523 τά
532 2471 672 2542 πρὸς
711 2473 961 2527 παιδείαν
1000 2477 1096 2530 καὶ
1151 2477 1420 2548 ὠφέλειαν
1477 2483 1800 2555 ἐπαγόμενα
1841 2487 1992 2558 παρά
2015 2471 2112 2542 τοῦ

423 2558 584 2623 Θεοῦ,
629 2559 804 2614 ταῦτα
845 2558 1048 2626 ὄνειδος
1085 2561 1223 2618 εἶναι
1248 2566 1498 2642 νομίσῃς,
1539 2571 1640 2644 ὅρα
1674 2571 1779 2626 ποῦ
1807 2573 2031 2647 τελευτᾷ
2053 2576 2113 2630 τὸ

425 2645 620 2700 κακόν.

496 2775 566 2840 γ’.
607 2771 670 2824 Εί
710 2772 820 2844 γὰρ
848 2769 1028 2844 βούλει
1055 2775 1182 2840 τοὺς
1209 2775 1430 2850 ἀληθῶς
1459 2779 1722 2856 αἰσχύνης
1753 2785 1848 2840 καὶ
1875 2787 2111 2854 ὀνείδους

423 2859 613 2927 ἀξίους
642 2860 790 2926 ίδεῖν,
823 2861 934 2932 ἐγώ
960 2879 1040 2917 σοι
1058 2867 1394 2938 πειράσομαι
1425 2871 1490 2924 ἐκ
1510 2871 1724 2927 πολλῶν
1745 2874 1960 2945 ὀλίγους
1976 2877 2110 2932 ύπο-

420 2941 694 3020 δεῖξαιτῷ
717 2947 882 3022 λόγῳ.
911 2950 1117 3039 Θέασαι
1145 2954 1273 3019 τοὺς
1291 2957 1420 3028 περί
1447 2957 1548 3023 τὰς
1577 2941 1884 3034 εὐμορφίας
1909 2965 2109 3039 ἐπτοη-

424 3036 626 3106 μένους
652 3035 761 3092 τῶν
795 3038 1092 3106 γυναικῶν,
1117 3043 1244 3106 τοὺς
1277 3045 1408 3116 περὶ
1434 3047 1697 3119 χρήματα
1723 3035 2106 3123 μαινομένους,

419 3125 549 3188 τοὺς
569 3123 888 3190 δυναστείας
919 3127 1016 3181 καὶ
1041 3127 1198 3200 δόξης
1217 3130 1480 3202 ἐρῶντας,
1508 3136 1605 3190 καὶ
1633 3139 1812 3192 πάντα
1829 3140 1968 3212 ὑπέρ
1983 3141 2108 3196 τού-

417 3229 531 3266 των
557 3212 651 3266 καί
677 3213 883 3288 πρᾶξαι
933 3215 1027 3268 καὶ
1059 3216 1255 3272 παθεῖν
1296 3219 1678 3292 αἱρουμένους,
1714 3226 1841 3290 τοὺς
1877 3228 1984 3283 ὑπὸ
2005 3228 2106 3300 βα-

421 3300 650 3364 σκανίας
687 3301 1044 3373 τηκομένους,
1095 3303 1223 3370 τοὺς
1261 3305 1718 3376 ἐπιϐουλεύοντας
1762 3318 1878 3380 τοῖς
1913 3317 2106 3388 ἠδικη-

419 3387 576 3441 κόσιν
608 3389 782 3453 οὐδὲν,
813 3390 941 3454 τοὺς
977 3390 1430 3464 μελαγχολῶντας
1473 3397 1682 3465 ἁπλῶς,
1719 3403 1846 3467 τοὺς
1874 3405 2004 3477 περί
2035 3387 2108 3461 τὰ

422 3475 628 3546 μάταια
659 3476 754 3530 τοῦ
784 3475 899 3548 βίου
928 3475 1238 3544 λυττῶντας
1262 3481 1382 3536 ἀεί·
1419 3485 1596 3540 ταῦτά
1633 3489 1750 3542 ἐστι
1789 3490 1884 3544 καὶ
1905 3475 1974 3546 τά
2000 3510 2108 3548 τοι·

418 3563 562 3618 αῦτα
587 3564 785 3636 μανίας
812 3564 949 3639 ἔργα
992 3565 1086 3620 καὶ
1119 3567 1396 3636 κολάσεως
1435 3583 1461 3612 ει
1493 3571 1640 3639 ἄξια,
1669 3576 1846 3631 ταῦτα
1867 3580 2105 3646 ὀνείδους

417 3653 516 3708 καὶ
549 3653 812 3725 αἰσχύνης
844 3653 937 3708 καὶ
979 3655 1232 3724 γέλωτος.
1267 3659 1330 3712 EE
1357 3659 1414 3714 δέ
1456 3677 1540 3727 τις
1577 3664 1684 3718 ὑπὸ
1736 3667 1990 3739 δαίμονος
2017 3672 2106 3726 ἐν-

413 3739 742 3812 οχλούμενος
766 3741 1085 3812 φιλοσοφίαν
1118 3746 1212 3799 καὶ
1226 3745 1400 3812 οὕτως
1424 3750 1482 3804 ἐν
1509 3751 1588 3824 τῷ
1615 3751 1715 3823 βίῳ
1751 3755 1952 3830 πολλὴν
1983 3761 2102 3815 ἐπι-

317 3815 328 3832 “
413 3825 736 3896 δεικνύοιτο,
763 3831 826 3884 οὐ
859 3831 1020 3902 μόνον
1049 3830 1150 3888 οὐκ
1183 3815 1570 3906 ὀνειδίζεσθαι,
1593 3815 1730 3896 ἀλλὰ
1770 3845 1864 3898 καὶ
1889 3815 2099 3918 θαυμά-

415 3917 608 3984 ζεσθαι
641 3920 735 3973 καὶ
775 3921 1168 3991 στεφανοῦσθαι
1206 3923 1358 3996 παρά
1398 3927 1617 3982 πάντων
1649 3932 1714 3985 ἂν
1748 3931 1831 4003 εἴη
1868 3917 2097 4005 δίκαιος,

417 4007 560 4078 μετά
584 4005 855 4063 τοσούτων
878 4009 1095 4081 δεσμῶν
1127 4009 1330 4083 δρόμον
1361 4012 1538 4081 οὕτως
1561 4019 1820 4074 ἐπίπονον
1849 4023 2064 4094 τρέχων
2081 4068 2096 4092 ,

412 4095 514 4150 καὶ
551 4095 650 4168 τὴν
689 4098 892 4169 ἀνάντη
927 4095 1024 4152 καὶ
1072 4102 1334 4170 τραχεῖαν
1387 4103 1490 4172 τῆς
1543 4106 1748 4178 ἀρετῆς
1790 4109 2101 4168 ἀναϐαίνων

411 4181 553 4239 ὀδόν.
589 4183 749 4238 Ἀλλά
773 4185 882 4270 γὰρ
914 4187 1015 4241 ούκ
1039 4183 1155 4241 οῐδα
1186 4189 1306 4252 πῶς
1327 4190 1421 4244 καὶ
1446 4191 1634 4262 ἕτερόν
1666 4211 1733 4265 με
1761 4197 1958 4270 μικροῦ
1989 4199 2098 4255 δεῖν

413 4273 812 4344 παρελήλυθεν,
835 4267 880 4344 ᾧ
909 4273 1255 4340 πλεονεκτεῖς
1276 4277 1388 4332 τῶν
1413 4278 1660 4349 ἀδελφῶν
1676 4299 1690 4314 ’
1717 4267 1876 4338 τοῦτο
1897 4285 1958 4340 δέ
1979 4287 2098 4342 ἐστι

409 4359 476 4413 τὸ
497 4362 720 4432 ῥᾳδίως,
743 4365 792 4416 εἰ
817 4363 913 4418 καί
935 4361 989 4417 τί
1012 4381 1094 4418 σοι
1121 4365 1611 4438 πεπλημμέληται,
1635 4368 1722 4424 διὰ
1741 4371 1841 4442 τῆς
1864 4372 2099 4445 θλίψεως

408 4449 620 4522 ταύτης
653 4449 748 4504 καὶ
801 4449 976 4506 ταῦτα
1012 4451 1386 4510 ἀποδύσασθαι
1427 4455 1497 4510 τά
1535 4457 1928 4530 ἁμαρτήματα.
1984 4463 2097 4518 Καὶ

408 4534 571 4590 τοῦτο
603 4535 795 4606 γέγονε
818 4537 978 4610 δῆλον
999 4541 1130 4612 ἡμῖν
1153 4539 1212 4608 ἐξ
1238 4533 1313 4596 ὧν
1336 4541 1509 4614 ἔφθην
1539 4544 1642 4617 ἤδη
1663 4545 1988 4618 διαλεχθεὶς,
2005 4552 2095 4607 ὅτε

409 4624 544 4695 περί
567 4625 662 4680 τοῦ
691 4626 946 4700 Λαζάρου
981 4627 1077 4682 καὶ
1105 4629 1200 4684 τοῦ
1233 4621 1386 4704 παρά
1403 4632 1516 4697 τοῖς
1547 4634 1858 4707 Κορινθίοις
1887 4654 2096 4712 πεπορ-

410 4713 665 4778 νευκότος
698 4713 905 4785 ἔλεγον.
946 4715 1086 4770 Ἀλλ’
1115 4715 1256 4793 ὑπὲρ
1283 4720 1379 4775 τοῦ
1414 4723 1623 4795 πατρὸς
1653 4723 1892 4790 δέδοικα,
1929 4729 2094 4800 φησί·

407 4797 516 4853 κᾶν
547 4801 658 4872 γὰρ
684 4799 755 4854 τὰ
777 4803 1019 4873 ἐμαυτοῦ
1046 4804 1234 4877 πράως
1266 4809 1512 4878 ἐνεγκεῖν
1545 4810 1780 4882 δυνηθῶ,
1821 4814 1920 4878 τὰς
1955 4797 2098 4870 ἐκεί-

408 4906 505 4943 νου
537 4891 826 4963 συμφορὰς
855 4893 950 4946 καὶ
983 4893 1323 4964 τῆν’μανίαν
1374 4898 1492 4962 πῶς
1523 4899 1744 4970 οἴσομεν
1782 4902 2001 4974 ῥᾳδίως,
2045 4907 2100 4960 εἴ

409 4995 544 5032 ποτε
571 4977 812 5034 αἴσθοιτό
832 4999 884 5034 τι
919 4983 1157 5048 τούτων;
1189 4984 1339 5049 Τέως
1372 4985 1470 5057 μὲν
1503 4989 1604 5042 οὐκ
1633 4989 1849 5061 ᾔσθετο.
1885 4994 2096 5068 Πολλῆς

407 5065 468 5122 δὲ
505 5068 874 5140 μικροψυχίας
903 5071 1048 5123 ἐστὶν
1073 5069 1213 5142 ὑπὲρ
1235 5073 1341 5126 τῶν
1374 5071 1601 5146 ὕστερόν
1632 5094 1764 5132 ποτε
1818 5065 2096 5154 συμϐησο-

414 5155 594 5224 μένων
627 5155 661 5228 ἢ
701 5155 835 5229 μηδέ
869 5156 1006 5222 ὅλως
1057 5159 1491 5232 συμϐησομένων
1547 5164 1647 5236 τὴν
1691 5165 1933 5238 ἀθυμίαν
1991 5172 2092 5243 ἥδη

409 5243 757 5314 καρποῦσθαι
784 5245 878 5298 καὶ
907 5245 1224 5300 κόπτεσθαι.
1261 5249 1431 5304 Πόθεν
1475 5250 1606 5324 γὰρ,
1656 5253 1738 5307 ὅτι
1771 5256 1867 5310 καὶ
1898 5258 2092 5332 αἰσθή..

411 5350 586 5398 σεται,
604 5331 760 5405 δῆλον
785 5335 918 5406 ἡμῖν
942 5352 956 5400 ;
992 5335 1208 5389 Μᾶλλον
1237 5336 1294 5390 δὲ
1316 5336 1456 5392 έστω
1478 5338 1657 5411 δῆλον,
1695 5343 1790 5395 καὶ
1813 5331 2092 5418 συγκεχω-

411 5421 624 5496 ρήσθω,
663 5421 711 5474 εἰ
758 5421 958 5491 βούλει,
1003 5421 1155 5495 [185]
1208 5425 1303 5478 καὶ
1348 5425 1710 5499 αἰσθήσεσθαι
1745 5432 1946 5498 αὐτὸν,
1998 5437 2094 5490 καὶ

413 5511 629 5584 μεγάλα
678 5513 1010 5582 ἐργάσεσθαι
1066 5513 1252 5569 δεινά·
1298 5515 1507 5570 ἐπαινῶ
1564 5517 1664 5588 μέν
1711 5536 1771 5572 σε
1819 5521 2092 5591 ἀλγοῦντα

475 5671 502 5699 ⁸
526 5668 685 5743 ξεινίιζ
705 5675 760 5720 ει
789 5670 926 5743 Cglb;
964 5673 1233 5743 κολάσεων,
1257 5675 1773 5743 ,ξιοςθίλκολάςε-ωςη
1793 5677 1949 5743 Paulo
1982 5687 2096 5743 post

409 5731 589 5804 ﬂore}.
605 5732 752 5804 .soltls
769 5734 851 5804 καὶ
874 5733 1029 5804 οὗτος,
1053 5737 1183 5804 male
1205 5735 1321 5804 ibid_.
1349 5735 1576 5804 S_a_vil.eg
1589 5731 1728 5804 Cplb;
1755 5731 2093 5804 ἐπιδείκνυται,

409 5793 951 5864 ξίοτριοέπιδεικνύοιτο.
977 5793 1128 5847 Paulo
1151 5804 1264 5859 po,st
1285 5798 1435 5852 Savil.
1465 5807 1516 5851 el
1543 5797 1682 5851 Colb.
1711 5802 1830 5864 μετά
1848 5793 2096 5854 τοσούτων

407 5855 547 5914 διον..

1342 379 1432 434 AD
1475 375 1857 439 STAGIRIUM
1898 386 1942 438 A
1976 381 2288 441 ΒᾹΞΜΟΝΕ
2329 383 2686 450 VEXATUM.
2729 395 2856 454 LIB.
2899 396 2959 453 11.

3694 405 3716 428 ⁶
3807 405 3915 464 352

2235 503 2376 576 ὑπὲρ
2396 507 2503 560 τῶν
2532 510 2742 566 ἐκείνου
2767 513 2974 577 κακῶν,
3010 514 3112 570 οὐκ
3163 515 3301 582 ἀξιῶ
3325 517 3384 572 δὲ
3417 518 3558 591 μετά
3586 519 3688 591 τῆς
3715 520 3911 578 σαυτοῦ

2229 591 2434 666 ζημίας
2470 599 2630 654 τοῦτο
2649 607 2822 658 ποιεῖν
2842 622 2858 640 ο
2893 607 3022 671 τοὺς
3044 606 3156 679 γὰρ
3205 609 3276 664 τὰ
3309 609 3424 665 ἄνω
3454 609 3790 683 φρονοῦντας
3814 613 3910 670 καὶ

2229 687 2306 756 μὴ
2346 689 2414 742 τὰ
2441 691 2534 744 ἐπὶ
2563 693 2663 764 τῆς
2689 697 2810 766 γῆς.
2843 699 2904 752 ού
2934 699 3110 772 θυμοῦ
3146 703 3308 774 μόνον
3351 703 3446 758 καὶ
3480 703 3783 778 ἐπιθυμίας
3813 707 3912 760 καὶ

2226 778 2334 832 τῶν
2373 780 2548 834 ἄλλων
2578 785 2772 841 παθῶν
2791 826 2805 850 ,
2839 788 2975 844 ἀλλά
3003 791 3099 845 καὶ
3135 792 3377 868 ἀθυμίας
3413 795 3636 852 κρατεῖν
3665 794 3769 850 δεῖ.
3796 795 3910 852 Καὶ

2237 868 2336 940 γὰρ
2378 873 2474 925 καὶ
2515 873 2675 930 τοῦτο
2720 878 2946 936 πλείονα
2977 884 3122 954 ἡμᾶς
3157 886 3382 940 ἐκείνων
3411 887 3708 960 ἐργάσεται
3734 889 3906 955 δεινὰ,

2225 961 2320 1014 καί¹
2349 962 2454 1035 χρὴ
2473 965 2610 1037 πρὸς
2646 969 2782 1024 αὐτὸ
2820 975 3088 1041 γενναίως
3119 977 3433 1033 ἐνίστασθαι
3487 979 3561 1052 μὴ
3616 979 3908 1050 μέλλοντας

2224 1058 2562 1118 ἀπόλλυσθαι
2587 1067 2889 1133 παντελῶς.
2917 1071 2982 1124 El
3021 1073 3118 1144 μὲν
3143 1073 3254 1147 γὰρ
3283 1076 3446 1140 αὐτὸς
3480 1076 3656 1141 αἴτιος
3681 1075 3906 1148 ἐμιλλις

2224 1152 2445 1211 ἔσεσθαι
2500 1160 2610 1215 τῶν
2661 1163 2742 1235 τῷ
2789 1168 2960 1239 πατρὶ
2993 1169 3406 1240 συμϐαινόντων
3441 1173 3701 1246 ἀνιαρῶν,
3724 1173 3907 1235 καλῶς

2222 1247 2290 1303 ἂν
2304 1249 2590 1323 ἐδεδοίκεις
2617 1261 2712 1314 καὶ
2737 1261 2988 1334 ἔτρεμες,
3013 1265 3284 1338 τοσαύτης
3316 1265 3591 1332 ἀπωλείας
3618 1267 3906 1341 γενόμενος

2221 1342 2428 1414 αἴτιος·
2461 1354 2510 1406 εἰ
2561 1354 2617 1408 δὲ
2665 1356 2828 1422 αὐτὸς
2879 1360 3070 1416 ἐαυτὸν
3111 1364 3455 1435 περιπείρειν
3495 1363 3747 1436 βούλεται
3792 1363 3908 1429 τοῖς

2222 1442 2473 1516 ἐσχάτοις
2497 1453 2706 1518 κακοῖς,
2731 1456 2906 1521 οὐδεὶς
2939 1458 3076 1528 πρὸς
3105 1459 3166 1512 σὲ
3193 1459 3398 1515 τούτων
3420 1461 3598 1530 λόγος,
3619 1461 3759 1534 πλὴν
3779 1461 3908 1516 ὅσον

2223 1543 2391 1614 πατρὶ
2420 1547 2703 1618 συναλγεῖν
2729 1552 2858 1624 χρή.
2876 1553 3062 1626 Χωρὶς
3083 1555 3140 1610 δὲ
3169 1557 3376 1612 τούτων
3403 1558 3522 1612 οὐδέ
3541 1561 3723 1630 ἴσμεν,
3755 1560 3906 1624 ὅπως

2221 1639 2358 1692 οἴσει
2380 1641 2586 1716 ταύτην
2609 1645 2710 1719 τὴν
2747 1649 2918 1722 ἀκοήν
2943 1667 2956 1680 ·
2993 1652 3167 1714 πολλά
3204 1655 3314 1726 γάρ
3341 1657 3558 1711 ἐναντία
3585 1661 3697 1722 τοῖς
3732 1675 3906 1732 προσο

2219 1732 2526 1806 δοκηθεῖσιν
2554 1741 2714 1815 ἐξέϐη
2742 1743 3006 1812 πολλάκις
3023 1765 3038 1780 ·
3066 1751 3290 1804 κάκεῖνο
3317 1753 3416 1823 μὲν
3443 1752 3555 1808 τῶν
3585 1755 3906 1826 παραδόξως

2220 1832 2316 1886 καὶ
2342 1837 2584 1902 σπανίως
2607 1841 3016 1911 συμϐαινόντων
3039 1846 3182 1914 ἐστὶ,
3209 1848 3368 1902 τοῦτο
3391 1849 3447 1903 δὲ
3478 1852 3572 1906 καὶ
3611 1851 3721 1906 τῶν
3759 1854 3906 1908 είκό-

2197 1928 2328 1983 ’των
2354 1931 2580 1989 καὶτῶν
2598 1937 2802 2010 σφόδρα
2828 1941 3216 2013 ἐνδεχομένων.
3243 1945 3416 2001 Πόθεν
3441 1947 3505 2020 δὴ
3527 1949 3684 2002 τοῦτο
3709 1949 3904 2021 δῆλον;

2220 2026 2396 2082 Πολὺν
2427 2029 2536 2083 τῶν
2563 2033 2734 2089 νόθων
2781 2042 3016 2094 ποιεῖται
3050 2039 3230 2111 λόγον,
3261 2045 3357 2098 καὶ
3380 2043 3443 2098 τὸ
3478 2047 3616 2118 πρὸς
3659 2045 3904 2112 ἐκείνους

2219 2122 2442 2197 φίλτρον
2490 2130 2675 2184 ἰκανὸν
2708 2133 2914 2208 ταύτην
2943 2136 3108 2192 αὑτοῦ
3145 2142 3440 2197 συσκιάσαι
3491 2145 3592 2216 τὴν
3640 2143 3900 2218 ἀθυμίαν.

2217 2221 2309 2294 Μὴ
2333 2223 2398 2296 δὴ
2423 2225 2604 2298 μάτην
2635 2228 2796 2284 ὀδύνα
2827 2233 3024 2290 σαυτὸν
3039 2239 3162 2302 ταῖς
3188 2238 3485 2309 φροντίσιν.
3517 2241 3580 2295 Εἰ
3605 2241 3662 2296 δέ
3691 2244 3788 2298 καὶ
3808 2245 3904 2298 ἀλ-

2216 2321 2332 2387 γεῖν
2369 2320 2511 2394 ὑπὲρ
2531 2323 2626 2377 τοῦ
2654 2325 2862 2398 πατρὸς
2900 2331 3026 2404 χρὴ,
3065 2334 3158 2388 ἐπὶ
3201 2338 3324 2400 ταῖς
3354 2336 3571 2406 ἀλόγοις
3613 2338 3900 2408 δαπάναις.

2215 2409 2308 2468 ἐπὶ
2355 2419 2469 2482 τοῖς
2503 2417 2730 2492 κώμοις,
2772 2425 2867 2478 καὶ
2901 2426 2995 2480 ἐπ).
3031 2427 3110 2499 τῷ
3139 2427 3317 2502 τύφῳ,
3349 2433 3446 2486 καὶ
3476 2434 3570 2487 ἐπὶ
3613 2436 3680 2506 τῇ
3703 2451 3904 2508 τυρανο

2215 2510 2338 2578 νίδι,
2371 2513 2464 2567 ἐπὶ
2495 2519 2562 2586 τῇ
2607 2517 2822 2591 μοιχείᾳ
2867 2523 2935 2592 τῇ
2980 2523 3096 2576 νῦν.
3126 2525 3198 2577 Ἣ
3239 2526 3436 2598 μικρὸν
3483 2527 3588 2582 οἴει
3638 2531 3809 2585 κακὸν
3839 2532 3902 2588 τὸ
3941 2539 3947 2544 ’

2213 2609 2473 2677 γυναικὸς
2497 2612 2644 2668 ἔνδον
2660 2615 2828 2688 οὔσης
2857 2619 2956 2690 τῆς
2985 2620 3262 2692 ὑμετέρας
3292 2623 3518 2696 μητρὸς,
3541 2627 3708 2701 ἑτέρᾳ
3730 2643 3902 2700 προσο

2217 2705 2533 2778 φθείρεσθαι
2554 2711 2712 2784 κόρῃ,
2743 2715 2835 2767 καὶ
2864 2716 3200 2771 παιδοποιεῖν
3215 2720 3282 2773 ἐκ
3310 2722 3648 2794 παρανόμων
3669 2724 3896 2796 γάμων;

2214 2801 2399 2856 Ταῦτα
2432 2805 2661 2872 πένθους
2698 2807 2856 2878 ἄξια,
2894 2813 3071 2868 ταῦτα
3124 2814 3400 2888 δακρύων,
3437 2819 3507 2874 τὰ
3539 2821 3752 2894 φανερά
3801 2827 3899 2879 καὶ

2212 2899 2295 2962 είς
2323 2899 2478 2966 τέλος
2527 2903 2767 2960 ἐκϐάντα
2803 2909 2982 2962 κακά·
3033 2908 3105 2964 τὰ
3130 2911 3187 2964 δὲ
3221 2912 3316 2966 ἐπὶ
3365 2914 3450 2969 σοὶ
3503 2917 3898 2992 συμϐησόμενα

2211 2997 2345 3062 ἴσως
2375 3000 2474 3070 μὲν
2521 2999 2674 3056 ἔσται
2695 3003 2865 3074 δεινὰ,
2902 3005 3035 3072 ίσως
3065 3007 3124 3062 δέ
3162 3009 3223 3063 οὐ
3243 3009 3410 3078 δεινὰ,
3439 3010 3640 3087 πολλῆς
3678 3014 3734 3070 δὲ
3767 3019 3896 3074 ἀλο-

2209 3093 2334 3163 γίας
2361 3096 2502 3169 ὑπὲρ
2533 3098 2642 3154 τῶν
2680 3097 2854 3165 οὕτως
2878 3101 3090 3175 ἀδήλων
3134 3101 3572 3185 ὡμολογημένην
3605 3115 3897 3188 ὑπομένειν

2209 3191 2310 3264 ἤδη
2335 3191 2586 3263 βάσανον.
2622 3194 2818 3270 Θῶμεν
2839 3198 2896 3253 δὲ
2919 3201 3059 3256 αὐτὰ
3095 3203 3188 3257 καί
3223 3205 3364 3276 μετὰ
3399 3207 3602 3280 πολλῆς
3631 3209 3733 3282 τῆς
3762 3229 3896 3283 σφο-

2207 3289 2466 3362 δρότητος
2491 3293 2920 3366 ἀπαντήσεσθαι,
2951 3298 3090 3352 ἀλλὰ
3133 3300 3390 3372 τάχιστον
3434 3304 3548 3372 ἕξει
3590 3305 3764 3376 τέλος,
3799 3311 3894 3364 καὶ

2207 3383 2340 3456 πρὶν
2371 3385 2404 3458 ἢ
2439 3387 2622 3453 καλῶς
2668 3391 2970 3466 ἐξαφθῆναι
3005 3395 3392 3466 σϐεσθήσεται.
3430 3401 3753 3476 Ἀνθρωπος
3783 3407 3895 3480 γὰρ

2207 3474 2445 3550 τοσαύτῃ
2465 3478 2750 3549 προσέχων
2781 3485 2987 3556 τρυφῇ,
3013 3485 3106 3538 καὶ
3134 3487 3480 3558 πραγμάτων
3521 3474 3895 3566 ἐπιμελούμεν-

2206 3579 2296 3627 νος
2345 3563 2556 3620 πολλῶν
2575 3605 2590 3631 ,
2629 3568 2724 3620 καὶ
2757 3571 3098 3641 παρασίτους
3137 3575 3356 3647 τρέφων
3377 3577 3474 3632 καὶ
3506 3579 3762 3648 κόλακας,
3795 3563 3892 3639 καὶ

2205 3649 2351 3704 οὕτω
2371 3652 2471 3724 τῆς
2495 3653 2664 3724 κόρης
2688 3657 2906 3728 ἐκείνης
2940 3661 3365 3732 περικαιόμενος
3383 3703 3400 3729 ,
3435 3665 3495 3734 ἐξ
3519 3662 3589 3739 ἦς
3620 3668 3735 3740 εχει
3763 3673 3892 3736 τοὺς

2205 3740 2264 3807 ἐξ
2293 3742 2556 3813 ἡμισείας
2573 3744 2705 3814 ὑμῖν
2733 3745 3024 3816 ἀδελφοὺς,
3046 3749 3150 3802 κᾶν
3166 3750 3307 3824 λάϐῃ
3337 3752 3445 3806 τῶν
3477 3754 3586 3808 σῶν
3615 3757 3890 3829 αἴσθησιν,
4006 3769 4013 3778 ’

2205 3827 2469 3902 βραχεῖαν
2513 3831 2744 3902 λήψεται
2778 3835 2870 3888 καὶ
2907 3837 3124 3902 οὐδενὸς
3155 3837 3330 3905 ἀξίαν.
3364 3841 3476 3896 Καὶ
3497 3841 3656 3898 τοῦτο
3685 3827 3783 3918 οὐχ
3805 3842 3890 3911 οἷς

2203 3913 2358 3971 εἷπον
2375 3920 2557 3990 μόνον,
2578 3921 2720 4006 ἀλλά
2747 3923 2842 3976 καὶ
2868 3928 2980 3990 τοῖς
2999 3927 3096 3998 ἤδη
3128 3931 3515 4001 γεγενημένοις
3533 3913 3884 4006 στοχάζομαι·

2201 4002 2358 4062 οἶσθα
2377 4007 2506 4080 γὰρ,
2545 4005 2706 4066 οἶσθα
2723 4013 2931 4082 σαφῶς,
2965 4016 3048 4068 ὅτι
3073 4017 3278 4090 σφόδρα
3302 4036 3362 4072 σε
3387 4021 3494 4094 πρὸ
3513 4002 3716 4077 τούτων
3742 4002 3778 4064 δ.
3803 4043 3893 4096 φι-

2202 4095 2332 4164 λῶν,
2359 4099 2454 4150 καὶ
2477 4099 2654 4153 πάντα
2677 4100 2778 4172 τὴν
2805 4101 2906 4172 σὴν
2921 4104 3222 4174 ἡγούμενος
3252 4109 3516 4179 κεφαλὴν,
3536 4111 3723 4184 ἐπειδὴ
3751 4095 3890 4186 πρὸς

2199 4184 2292 4240 τὸν
2304 4187 2415 4243 τῶν
2447 4187 2700 4259 μοναχῶν
2731 4191 2998 4260 μετέστης
3014 4191 3148 4261 βίον,
3175 4194 3353 4248 πάντα
3373 4196 3464 4250 τὸν
3491 4197 3654 4252 πόθον
3679 4184 3888 4257 ἐκεῖνον

2201 4274 2392 4328 ἔσϐεσε
2415 4315 2432 4343 ,
2472 4277 2568 4329 καί⁵
2600 4276 2662 4330 τὸ
2695 4279 2934 4351 πρᾶγμα
2971 4281 3194 4350 αίσχρὸν
3219 4283 3482 4353 ἡγήσατο,
3519 4287 3617 4342 καὶ
3647 4287 3746 4358 τῆς
3775 4289 3886 4342 τῶν

2202 4364 2484 4435 προγόνων
2519 4364 2908 4437 λαμπρότητος
2945 4367 3184 4434 ἀνάξιον,
3229 4371 3323 4423 καὶ
3369 4370 3470 4443 τὴν
3513 4372 3679 4427 αὐτοῦ
3725 4375 3885 4444 δόξαν

2201 4452 2583 4524 καταισχύνειν
2623 4471 2683 4508 σε
2725 4454 2878 4524 ἔλεγε
2901 4469 2914 4484 ⁸
2942 4456 3037 4511 καὶ
3068 4457 3117 4508 εἰ
3153 4455 3228 4528 μὴ
3259 4460 3293 4529 ἡ
3334 4459 3432 4531 τῆς
3465 4461 3679 4531 φύσεως
3719 4464 3884 4518 αὐτὸν

2200 4543 2454 4613 κατεῖχεν
2485 4541 2722 4614 ἀνάγκη,
2753 4543 2894 4615 τάχα
2931 4544 2997 4600 ἄν
3039 4560 3096 4598 σε
3144 4545 3238 4600 καὶ
3286 4546 3653 4620 ἀπεκήρυξεν.
3695 4550 3881 4619 Ὥστε,

2198 4631 2249 4683 εἰ
2281 4629 2359 4702 μὴ
2399 4631 2603 4703 σφόδρα
2629 4631 2957 4704 ἀναίσθητον
2989 4632 3050 4686 τὸ
3075 4631 3390 4705 λεγόμενον,
3415 4633 3570 4709 οἶμαι
3600 4639 3764 4694 αὐτὸν
3787 4642 3883 4695 καὶ

2200 4718 2430 4791 ἡσθῆναι
2460 4720 2538 4792 τῷ
2567 4721 2848 4790 γεγονότι,
2881 4721 2956 4786 ὡς
2993 4721 3154 4792 δίκην
3185 4739 3280 4776 σου
3311 4725 3603 4791 δεδωκότος
3638 4728 3779 4800 ὑπὲρ
3803 4722 3881 4784 ὧν

2199 4809 2460 4874 πολλάκις
2489 4809 2940 4881 παρακαλοῦντος
2956 4812 3049 4864 καὶ
3069 4812 3380 4884 ἀπαγαγεῖν
3411 4816 3736 4888 βουλομένου
3757 4819 3884 4872 ταύ-

2197 4917 2298 4972 της
2343 4897 2439 4952 τοῦ
2479 4898 2596 4970 βίου
2629 4901 2729 4971 τῆς
2775 4900 3074 4971 καρτερίας
3101 4941 3115 4965 ,
3163 4901 3284 4956 οὐδὲ
3343 4903 3508 4976 μέχρι
3565 4906 3875 4976 ῥημάτων(Ι

2195 4991 2428 5062 ἠνέσχου
2459 4989 2560 5060 τὴν
2585 4985 2915 5058 συμϐουλήν.

2267 5149 2328 5204 δ’.
2366 5145 2476 5200 Καὶ
2492 5147 2620 5216 περὶ
2639 5144 2739 5216 μὲν
2757 5143 2852 5198 τοῦ
2875 5143 3083 5219 πατρὸς
3105 5145 3310 5202 καὶτοῦ
3327 5147 3491 5218 φόϐου
3511 5144 3572 5204 οὗ
3590 5153 3730 5226 ὑπὲρ
3742 5155 3879 5210 ἐκείο

2195 5263 2286 5300 νου
2303 5243 2566 5310 δέδοικας,
2584 5241 2755 5296 ταῦτα
2775 5241 2841 5296 ἂν
2856 5241 3034 5314 ἔχοιμι
3052 5242 3252 5312 λέγειν,
3273 5245 3436 5300 ἱκανά
3461 5262 3524 5314 γε
3547 5244 3702 5323 [184]
3727 5251 3874 5320 ὄντα,

2196 5342 2274 5404 ὼς
2303 5337 2478 5412 οἶμαι,
2511 5338 2692 5394 πάντα
2725 5338 2818 5392 τὸν
2851 5339 2991 5412 ὑπὲρ
3021 5339 3230 5393 τούτων
3265 5356 3348 5394 σοι
3393 5342 3686 5415 γενόμενον
3717 5347 3876 5406 λῦσαι

2197 5440 2382 5512 φόϐον.
2422 5435 2642 5510 Ἐπειδὴ
2667 5436 2725 5492 δὲ
2742 5435 2928 5505 ἔλεγες
2956 5435 3019 5489 τό
3049 5437 3346 5507 κεφάλαιον
3365 5437 3478 5492 τῶν
3516 5440 3704 5495 κακῶν
3735 5439 3876 5500 εἶναι

2195 5535 2258 5590 τὸ
2285 5535 2419 5608 μηδὲ
2443 5535 2587 5607 ὑπὲρ
2617 5533 2728 5587 τῶν
2754 5531 3059 5604 μελλόντων
3074 5530 3220 5602 ἔχειν
3235 5531 3482 5606 θαρρεῖν,
3517 5535 3653 5608 μηδὲ
3675 5536 3874 5592 εἰδέναι

2197 5637 2426 5703 πότερον
2453 5631 2605 5686 ἔσται
2631 5645 2715 5694 τις
2743 5629 2894 5692 λύσις
2915 5628 3048 5711 ποτὲ
3081 5629 3360 5699 τούτων,ἢ
3391 5631 3486 5686 καὶ
3502 5631 3666 5706 μέχρι
3685 5633 3878 5688 τελευη

2260 5803 2287 5842 b
2311 5799 2447 5853 Colb.
2471 5809 2526 5850 et
2548 5800 2698 5852 εει-ξι.
2732 5798 2824 5861 πρὸ
2853 5797 3046 5846 τούτου.

2258 5865 2284 5895 ⁸
2302 5863 2437 5916 Colb.
2465 5869 2518 5912 et
2539 5863 2690 5913 Savil.
2719 5862 2854 5924 μέχρι
2874 5861 3102 5939 ῥήματος.
