4138 6420
473 404 582 462 453

477 517 680 570 vendes
709 529 856 570 esses
874 555 888 577 ,
920 528 988 568 an
1029 511 1082 568 in
1112 515 1269 568 linem
1302 527 1466 584 usque
1495 527 1727 582 pugnare
1766 523 1816 567 te
1845 511 1931 565 ille
1959 511 2054 564 de-

476 609 765 675 crevisset,
795 605 883 678 qui
926 607 1018 661 tibi
1057 615 1324 661 certamen
1365 605 1466 660 hoc
1511 604 1816 674 proposuit,
1849 620 1914 659 ne
1948 606 2057 674 ipse

474 699 690 768 quidem
731 697 1072 768 exploratum
1118 713 1180 753 ac
1221 707 1428 753 certum
1473 695 1669 766 aliquid
1714 695 1928 761 dicere,
1971 711 2061 748 aut

479 788 776 844 futurorum
807 799 1028 844 eventus
1055 789 1263 860 aperire
1293 804 1506 858 possum
1531 805 1545 854 ;
1577 787 1702 844 illud
1733 797 1904 842 tamen
1948 786 2060 841 scio

478 880 778 949 manifeste,
814 881 1012 952 tibique
1043 897 1350 952 persuasum
1376 881 1554 950 cupio,
1584 879 1842 935 utrumvis
1873 879 2058 934 borum

476 971 781 1044 contingat,
815 987 910 1042 pro
945 982 1122 1028 nost.a
1159 973 1384 1028 utilitate
1416 971 1666 1028 futurum.
1696 970 1846 1038 Quod
1884 971 1928 1024 si
1960 971 2061 1026 hoc

477 1062 658 1116 animo
686 1059 878 1129 fueris,
911 1063 1018 1118 cito
1040 1078 1346 1133 supremum
1374 1061 1514 1117 hunc
1539 1062 1798 1116 malorum
1819 1102 1836 1128 ,
1864 1070 1917 1115 ut
1945 1061 2020 1115 ais
2040 1101 2056 1126 ,

477 1152 733 1207 verticem
763 1152 858 1208 abs
887 1162 938 1208 te
963 1153 1188 1210 arcebis.

550 1239 890 1296 Prwmiorum
926 1253 998 1297 est
1037 1254 1232 1314 tempus
1268 1245 1527 1314 futurum,
1557 1241 1784 1297 laborant
1820 1256 2057 1310 prwsens.

475 1361 550 1372 —
572 1331 654 1387 Ad
684 1331 798 1387 hare
823 1333 948 1388 illud
973 1349 1180 1406 quoque
1207 1333 1298 1388 tibi
1324 1332 1660 1404 cogitandum
1687 1340 1788 1398 est,
1817 1333 2061 1402 praemio-

477 1436 598 1476 rum
637 1431 691 1478 et
727 1437 1042 1479 coronarum
1083 1433 1290 1493 tempus
1327 1439 1447 1480 esse
1491 1423 1722 1479 futurum
1767 1423 2016 1477 szeculum
2043 1463 2058 1488 ,

477 1513 910 1570 colluctationem
939 1530 1070 1584 vero
1087 1529 1152 1570 ac
1179 1515 1417 1570 laborum
1445 1530 1701 1586 przcscus.
1727 1513 1876 1580 Quod
1910 1513 2062 1568 nobis

477 1605 712 1674 apertius
743 1605 1011 1662 insinuare
1040 1607 1224 1662 volens
1251 1607 1436 1663 beatus
1462 1607 1655 1661 Paulus
1683 1606 1892 1661 dicebat
1926 1624 1938 1658 :
1973 1606 2061 1660 Sic

459 1711 648 1763 .curro,
679 1711 778 1750 non
805 1697 949 1766 quasi
973 1698 1028 1750 in
1058 1697 1339 1763 incertum;
1367 1697 1439 1751 sic
1466 1713 1653 1768 pugno,
1683 1713 1780 1750 non
1807 1697 1951 1766 quasi
1976 1711 2062 1748 ae-

475 1803 581 1840 rem
621 1786 881 1841 verberans
915 1803 932 1842 :
959 1788 1049 1843 sed
1084 1790 1274 1860 castigo
1315 1805 1498 1859 corpus
1539 1806 1704 1842 meum
1724 1830 1738 1856 ,
1766 1798 1809 1841 et
1839 1787 2060 1842 servituti

475 1875 710 1945 subjicio,
743 1893 805 1930 ne
833 1877 961 1946 forte
984 1878 1099 1932 aliis
1127 1878 1428 1948 prwdirbans,
1458 1878 1567 1948 ipse
1598 1877 1838 1947 reprobus
1875 1876 2060 1948 cﬂiciar

477 1967 551 2036 (l.
583 1965 701 2022 Car.
737 1967 792 2024 9.
821 1967 914 2023 26.
940 1969 1053 2040 ‘27).
1084 1970 1152 2024 At
1180 1983 1308 2025 vero
1335 1985 1455 2024 cum
1485 1968 1550 2024 ad
1573 1969 1733 2024 linem
1755 1967 2059 2021 certaminis

477 2059 729 2124 venisset,
758 2059 970 2114 demum
997 2059 1205 2116 beatam
1237 2060 1380 2114 illam
1413 2061 1588 2116 emisit
1611 2073 1792 2113 vocem
1819 2075 1834 2112 :
1861 2056 2058 2110 Bonum

473 2157 724 2203 certamen
763 2151 944 2204 certavi
961 2193 978 2218 ,
1006 2167 1208 2205 cursum
1245 2152 1611 2218 Consummavi,
1641 2151 1792 2220 [idem
1829 2148 2045 2212 servavi,

470 2239 577 2309 iam
607 2241 826 2310 reposita
855 2251 926 2295 cst
961 2241 1084 2295 nti/ii
1109 2231 1295 2296 corona
1329 2243 1544 2312 justitia:
1572 2243 1590 2311 (
1607 2242 1661 2297 2.
1698 2241 1827 2295 Tim.
1861 2241 1912 2295 4.
1941 2241 2006 2310 7)
2040 2260 2053 2294 :

473 2332 760 2387 ostendens
789 2333 948 2387 vitam
979 2343 1191 2389 omnem
1223 2336 1274 2388 in
1301 2335 1678 2390 certaminibus
1704 2344 1755 2386 et
1790 2333 2060 2386 laboribus

471 2423 628 2478 nobis
655 2437 772 2479 esse
797 2424 1076 2496 agendam,
1104 2427 1146 2479 si
1173 2426 1414 2495 cupimus
1438 2435 1633 2480 :cterna
1665 2424 1846 2494 requie
1875 2422 2054 2478 bonis-

473 2531 576 2586 que
602 2515 704 2570 illis
733 2516 1026 2572 innumeris
1056 2517 1274 2587 perfrui.
1306 2517 1397 2573 Sin
1431 2528 1607 2572 autem
1643 2517 1832 2586 aliquis
1861 2515 1929 2569 ita
1958 2529 2052 2569 ne-

471 2605 675 2676 gligens
697 2605 798 2673 sit,
831 2615 888 2660 ut
917 2615 1062 2676 putet
1089 2621 1147 2661 se
1171 2617 1224 2662 et
1252 2607 1406 2677 hujus
1434 2607 1555 2662 vita:
1585 2607 1936 2678 voluptatibus
1956 2647 1971 2672 ,
2004 2614 2056 2660 ct

474 2697 705 2766 praemiis
734 2714 795 2753 ac
823 2697 1028 2768 gaudiis
1057 2714 1174 2768 quae
1209 2699 1262 2753 in
1291 2699 1434 2754 ca-lis
1466 2709 1641 2769 parata
1679 2708 1801 2753 sunt
1836 2698 1898 2752 iis
1919 2739 1934 2765 ,
1965 2699 2052 2767 qui

471 2790 681 2846 labores
711 2791 1078 2858 sustinuerint,
1112 2791 1209 2847 frui
1243 2805 1416 2862 posse,
1448 2791 1531 2846 hic
1566 2793 1797 2862 seipsum
1837 2807 2055 2862 prorsus

469 2882 605 2939 fallit
641 2899 704 2939 ac
746 2883 962 2954 decipit.
1003 2884 1134 2940 Nam
1177 2885 1312 2941 sicut
1351 2885 1406 2940 in
1445 2884 1658 2940 athletis
1687 2885 1772 2956 qui
1816 2894 2054 2955 tempore

469 2979 820 3033 certaminum
847 2981 1083 3050 requiem
1114 2981 1322 3051 qumrit,
1351 2981 1716 3037 confusionem
1741 2981 1838 3036 sibi
1867 2995 2052 3051 perpe-

469 3080 612 3124 tuam
640 3081 798 3141 atque
829 3071 1166 3141 ignominiam
1199 3082 1386 3144 parat;
1415 3074 1502 3144 qui
1532 3088 1662 3128 vero
1691 3073 1742 3128 in
1779 3074 1949 3128 stadio
1977 3074 2054 3127 la-

469 3161 628 3218 bores
665 3177 850 3218 omnes
891 3163 1096 3219 fortiter
1131 3165 1322 3220 tolerat
1342 3207 1358 3232 ,
1387 3180 1640 3220 coronam
1671 3173 1724 3220 et
1753 3165 1970 3236 gloriam
1999 3175 2052 3222 et

468 3253 651 3309 laudes
679 3263 732 3308 et
758 3254 807 3307 in
841 3254 953 3324 ipso
980 3256 1288 3321 certamine,
1313 3265 1368 3310 et
1391 3265 1508 3327 post
1531 3257 1760 3310 solutum
1788 3256 2048 3312 theatrum

468 3358 498 3398 a
525 3346 910 3413 spectatoribus
933 3346 1276 3416 consequitur
1305 3364 1318 3400 :
1347 3347 1416 3401 ita
1456 3347 1507 3401 in
1551 3347 1700 3402 nobis
1731 3361 1942 3418 quoque
1972 3349 2046 3402 fit.

467 3439 598 3493 Nam
627 3441 672 3494 is
699 3442 786 3509 qui
817 3442 1056 3496 laborum
1088 3453 1295 3512 tempus
1317 3443 1476 3514 quieti
1501 3443 1724 3508 dedicat,
1755 3454 1876 3498 tunc
1907 3445 2050 3515 inge-

467 3529 655 3586 tuiscet
679 3540 734 3587 et
759 3531 1002 3588 Stridebit
1026 3534 1290 3600 dentibus,
1323 3534 1531 3604 quando
1562 3536 1611 3589 in
1644 3545 1839 3590 aeterna
1867 3537 2049 3604 requie

465 3621 736 3678 debuisset
787 3624 942 3679 finem
996 3625 1232 3680 labormn
1283 3627 1553 3692 nancisci,
1602 3635 1760 3696 atque
1811 3635 2045 3681 extrema

465 3713 722 3784 supplicia
762 3713 910 3770 luere
949 3725 1166 3785 cogetur
1198 3733 1210 3769 :
1239 3717 1326 3786 qui
1375 3731 1502 3771 vero
1547 3733 1821 3788 presseras
1866 3734 2050 3772 omnes

466 3813 710 3874 prompte
735 3819 798 3860 ac
836 3805 1062 3861 libenter
1087 3807 1235 3873 tulit,
1263 3819 1318 3863 et
1351 3807 1436 3864 hic
1464 3819 1516 3864 et
1541 3809 1595 3863 in
1639 3808 1814 3864 futuro
1855 3811 2050 3864 sarculo

395 3928 402 3933 -
465 3895 792 3951 clarissimus
815 3897 916 3952 erit
935 3940 948 3961 ,
977 3915 1208 3970 veraque
1235 3909 1286 3954 et
1327 3901 1609 3954 immortali
1647 3901 1813 3972 gloria
1841 3902 2045 3957 beatus.

463 3983 596 4040 Nam
624 3987 671 4041 si
699 3987 750 4042 in
775 3989 1119 4044 saecularibus
1145 3991 1234 4061 qui
1265 4007 1440 4046 rerum
1473 3999 1710 4060 tempora
1738 3991 2007 4046 confundit
2031 4034 2045 4058 ,

463 4075 715 4132 omnibus
750 4077 848 4132 sibi
881 4081 1162 4150 propositis
1191 4082 1485 4136 commodis
1514 4084 1752 4148 excidet,
1786 4093 1941 4154 atque
1973 4086 2049 4137 in-

464 4169 705 4224 numeris
729 4185 786 4225 se
815 4171 1200 4226 calamitatibus
1228 4184 1490 4242 exponet,
1521 4173 1675 4244 longe
1715 4175 1764 4229 id
1798 4177 1963 4245 magis
1995 4177 2046 4230 in

464 4260 626 4316 rebus
668 4262 1028 4332 spiritualibus
1071 4264 1332 4333 patietur,
1361 4265 1447 4335 qui
1483 4275 1776 4334 temporum
1809 4267 2045 4322 ordinem

463 4349 692 4420 ignorat.
737 4351 874 4406 Dixit
914 4353 1056 4407 enim
1091 4352 1334 4408 Christus
1373 4371 1385 4406 :
1425 4353 1491 4407 In
1535 4355 1723 4408 mundo
1763 4372 2048 4425 pressuram

463 4444 706 4499 habebitis
727 4444 906 4515 (Joau.
935 4444 1017 4500 l6.
1041 4443 1152 4518 55).
1177 4445 1368 4500 Beatus
1391 4461 1516 4501 vero
1537 4446 1748 4512 Paulus,
1774 4446 1838 4501 Et
1857 4464 2046 4510 omnes,

461 4536 556 4599 ait,
579 4535 663 4604 qui
693 4537 775 4606 pie
797 4535 968 4590 volunt
994 4537 1154 4590 vivere
1176 4537 1228 4590 in
1251 4535 1448 4592 Christo
1467 4536 1593 4592 Jesu
1618 4540 2047 4610 persequutionem

463 4628 719 4696 patientur
748 4627 822 4700 (2.
855 4627 984 4683 Tim.
1015 4631 1068 4685 5.
1103 4628 1224 4700 l2);
1257 4645 1362 4685 non
1390 4631 1532 4686 solas
1560 4629 1832 4686 hominum
1865 4638 2045 4700 perse4

463 4719 750 4788 quutiones
775 4719 978 4786 dicens,
1007 4721 1098 4776 sed
1127 4731 1180 4775 et
1207 4721 1506 4778 daemonum
1535 4721 1770 4778 insidias.
1797 4722 1898 4778 Job
1918 4739 2048 4793 quo-

461 4823 586 4879 que,
616 4807 868 4876 Tentatio,
890 4812 1076 4881 inquit,
1096 4823 1168 4866 est
1189 4813 1289 4866 vita
1311 4815 1526 4870 hominis
1546 4830 1698 4886 super
1719 4824 1903 4868 terram
1927 4813 2045 4886 (Job

461 4901 516 4955 ’1.
544 4901 620 4970 1).
641 4901 776 4968 Quid
803 4918 930 4973 ergo
954 4904 1182 4974 angoris,
1206 4906 1345 4974 quod
1375 4908 1424 4960 in
1450 4921 1701 4962 aerumna:
1724 4908 2048 4976 temporibus

461 4986 710 5042 vereris?
731 4985 880 5041 Tunc
901 4987 1041 5041 enim
1063 4987 1347 5042 dolendum
1375 4999 1536 5054 esset,
1568 4989 1612 5044 si
1639 4989 1779 5060 quod
1803 4990 2047 5046 Christus

463 5090 728 5146 pressura:
751 5084 958 5146 tempus
981 5076 1272 5147 deputavit,
1295 5078 1346 5133 id
1375 5094 1470 5156 nos
1489 5079 1794 5134 deliciarum
1819 5089 1873 5136 et
1898 5082 2046 5151 quie-

463 5171 532 5224 tis
564 5168 895 5237 faceremus;
927 5169 971 5224 si
1004 5187 1110 5240 quo
1149 5179 1388 5239 tempore
1430 5185 1664 5241 pugnare
1706 5187 1769 5226 ac
1809 5171 2047 5227 laborare

457 5260 592 5331 jussi
636 5274 851 5328 sumus,
890 5275 956 5316 eo
994 5270 1363 5329 torperemus;
1393 5260 1439 5316 si
1483 5259 1638 5314 latam
1683 5261 2047 5316 incederenms

463 5365 623 5416 nam,
650 5367 770 5407 eum
798 5352 884 5406 ille
907 5367 1004 5424 per
1027 5361 1302 5422 angustam
1343 5343 1655 5423 praeceperit
1682 5354 1934 5408 eundum.
1973 5355 2044 5409 lla

461 5445 607 5501 enim
647 5449 948 5503 necessario
985 5447 1093 5517 jam
1140 5446 1293 5503 nobis
1324 5447 1581 5502 ferendus
1599 5459 1740 5502 esset
1781 5448 2046 5503 cruciatus

465 5537 558 5593 Ille
584 5538 960 5608 sempiternus.
996 5538 1130 5607 Quid
1173 5555 1330 5610 ergo,
1365 5539 1602 5609 inquies,
1633 5539 1698 5594 dc
1725 5539 1838 5593 illis
1873 5540 2004 5595 dicis
2027 5581 2041 5606 ,

464 5629 555 5698 qui
585 5638 638 5683 et
674 5628 726 5682 in
766 5627 870 5682 isto
910 5628 1108 5684 sacculo
1133 5629 1444 5700 gradiuntur
1484 5631 1534 5684 in
1572 5629 1877 5695 latitudine,
1911 5639 1964 5684 ct
1993 5632 2044 5684 in

365 5731 374 5741 ‘
464 5718 644 5776 futuro
682 5717 922 5788 requiem
964 5719 1193 5774 habituri
1233 5721 1394 5775 sunt?
1419 5721 1586 5788 Quem
1629 5732 1680 5774 tu
1719 5721 1843 5775 mihi
1885 5723 2049 5776 talem

465 5809 652 5868 dabis?
678 5824 777 5879 ego
809 5809 950 5866 enim
991 5811 1156 5868 solius
1183 5811 1381 5868 Christi
1424 5829 1501 5870 vet
1517 5812 1596 5871 bis
1639 5814 1918 5884 acquiesco
1957 5814 2037 5870 di-

1317 401 1406 455 AD
1429 399 1796 457 summust
1835 401 1878 455 A
1917 397 2218 454 omnem
2258 399 2604 456 vsxarun.
2647 400 2771 455 LIB.
2812 400 2873 454 n.
3640 368 3738 462 tsi

2167 510 2335 565 centio
2366 529 2380 565 :
2407 512 2632 582 Angusta
2669 523 2714 566 et
2751 524 2890 566 arcta
2928 514 3006 568 via
3044 525 3148 582 est,
3179 531 3292 583 qua
3317 517 3385 570 ad
3420 518 3570 573 vitam
3605 523 3743 574 ducit

2168 599 2379 672 (Matth.
2413 602 2464 656 7.
2497 604 2587 675 14)
2623 622 2636 655 :
2667 604 2806 673 quod
2835 614 3010 660 autem
3053 621 3146 676 per
3174 617 3446 677 angustam
3473 610 3608 664 viam
3643 612 3744 666 late

2165 689 2229 744 iri
2270 707 2374 745 non
2415 694 2601 762 possit,
2643 695 2887 750 omnibus
2923 697 3161 766 profecto
3203 697 3383 767 liquet.
3414 699 3469 754 Si
3514 701 3656 754 enim
3691 702 3744 755 in

2165 781 2518 838 exterioribus
2536 785 2913 841 certaminibus
2934 788 3105 842 nullus
3125 788 3324 858 absque
3351 789 3633 845 sudoribus
3655 806 3744 846 eo—

2165 886 2348 926 ronam
2366 874 2688 940 retulit,cum
2706 883 2879 932 tamen
2897 877 3133 946 ejusdem
3152 887 3349 936 naturae
3361 890 3636 936 consortes
3653 880 3746 935 lia-

2165 963 2286 1018 beat
2305 963 2666 1024 adversarios:
2692 967 2778 1022 ubi
2805 967 2958 1022 nobis
2976 968 3196 1025 virtutes
3216 969 3316 1026 illa:
3341 986 3568 1042 nequam
3588 968 3743 1026 obla-

2163 1064 2393 1125 ctantur,
2412 1073 2516 1128 quo
2539 1069 2691 1130 pacto
2712 1061 2826 1114 sine
2854 1062 3074 1116 summis
3090 1061 3356 1119 laboribus
3379 1063 3746 1134 pressurisque

2164 1153 2216 1202 et
2230 1147 2485 1218 angustiis
2505 1149 2704 1203 illarum
2724 1150 2980 1206 insaniam
2998 1165 3251 1222 superare
3264 1153 3590 1223 poterimus?

2234 1241 2288 1297 5.
2320 1239 2582 1312 Exemplis
2609 1254 2895 1297 structorum
2924 1244 2977 1298 id
3003 1245 3234 1300 ostendit.
3263 1274 3332 1286 —
3351 1245 3454 1301 Sed
3481 1245 3622 1300 enim
3648 1259 3743 1300 nos

2162 1331 2412 1400 quamdiu
2443 1333 2737 1388 rationibus
2765 1335 2862 1388 ista
2899 1334 3216 1395 ventilamus
3236 1375 3252 1403 ,
3281 1350 3400 1390 cum
3431 1335 3585 1390 liceat
3611 1350 3742 1391 con-

2165 1419 2346 1491 fugere
2373 1423 2438 1476 ad
2482 1423 2666 1478 beatos
2697 1425 2814 1480 illos
2853 1441 2915 1480 ac
2959 1425 3306 1492 fortissimos,
3346 1427 3438 1497 qui
3482 1427 3744 1498 prioribus

2164 1510 2312 1568 fuere
2339 1515 2708 1582 temporibus?
2733 1517 2986 1570 Examina
3015 1518 3318 1590 diligentius
3342 1533 3436 1574 eos
3458 1560 3473 1585 ,
3507 1519 3598 1590 qui
3630 1518 3742 1575 fuc-

2162 1611 2284 1656 runt
2330 1605 2735 1660 nominatissimi
2761 1647 2774 1671 ,
2817 1607 3126 1678 videbisque
3163 1624 3349 1663 omnes
3394 1609 3446 1663 in
3489 1609 3743 1680 angustiis

2165 1692 2406 1748 fiduciam
2436 1710 2558 1764 erga
2587 1695 2747 1752 Deum
2774 1696 3040 1753 habuisse.
3065 1698 3240 1768 Atque
3264 1699 3452 1769 primo,
3475 1701 3519 1754 si
3548 1700 3740 1768 placet,

2165 1783 2317 1851 primi
2371 1787 2606 1854 parentis
2657 1788 2999 1856 inspiciamus
3055 1789 3252 1853 lilium,
3309 1805 3500 1860 agnum
3546 1789 3742 1846 Christi

2163 1876 2312 1930 Abel.
2351 1877 2398 1930 Is
2423 1893 2540 1930 cum
2571 1879 2620 1931 in
2649 1880 2792 1934 nullo
2814 1881 2899 1949 jus
2930 1881 3199 1949 violasset,
3221 1897 3284 1937 ea
3311 1897 3498 1952 passus
3524 1893 3605 1938 est
3624 1900 3742 1953 qua:

2163 1975 2434 2019 merentur
2470 1967 2537 2032 ii,
2571 1972 2657 2038 qui
2705 1969 3016 2038 gravissime
3065 1973 3422 2040 peccaverint.
3456 1972 3563 2028 Nos
3599 1974 3740 2027 enim

2163 2065 2498 2122 peccatorum
2529 2066 2829 2112 nostrorum
2859 2075 3044 2130 poenas
3066 2061 3274 2127 damus,
3301 2063 3617 2118 tentationcs
3641 2065 3742 2118 sci-

2162 2147 2317 2212 licet;
2342 2157 2396 2201 at
2423 2163 2550 2202 vero
2574 2149 2750 2218 justus
2777 2151 2864 2206 ille
2893 2152 3030 2207 nulla
3053 2154 3153 2208 alia
3177 2169 3333 2209 causa
3357 2155 3618 2211 cruciatus
3638 2169 3738 2223 εει,

2161 2238 2262 2292 nisi
2303 2239 2423 2309 quia
2456 2239 2630 2308 justus
2660 2251 2792 2296 erat.
2836 2243 2912 2296 Ac
2947 2243 3195 2313 quamdiu
3236 2245 3436 2300 nullum
3475 2247 3741 2301 excellens

2163 2329 2374 2382 virtutis
2402 2345 2511 2384 sua:
2537 2331 2908 2386 documentum
2931 2333 3096 2398 dedit,
3120 2335 3440 2405 agnoscebat
3467 2335 3608 2389 illum
3637 2335 3732 2403 fra-

2161 2429 2272 2485 ter;
2305 2420 2389 2474 ubi
2421 2435 2550 2476 vero
2575 2437 2638 2476 ex
2670 2422 2928 2478 sacriﬁcio
2957 2425 3133 2478 clarus
3160 2426 3363 2480 meritis
3392 2426 3593 2492 eluxit,
3629 2438 3736 2482 tum

2153 2510 2263 2580 jam
2291 2520 2531 2567 naturam
2554 2529 2764 2586 quoque
2794 2515 2960 2585 ipsam
2993 2517 3082 2572 ille
3111 2517 3389 2588 ignoravit,
3419 2519 3610 2574 invidia
3638 2521 3738 2575 sci-

2158 2602 2281 2658 licet
2304 2613 2553 2660 emeatus.
2577 2604 2730 2661 Unde
2753 2621 2880 2662 vero
2901 2608 3036 2662 nosti
3059 2624 3124 2663 an
3146 2609 3304 2663 modo
3325 2625 3532 2680 quoque
3553 2610 3736 2666 eadem

2157 2707 2312 2749 causa
2339 2695 2606 2750 diabolum
2637 2696 2916 2752 adversum
2945 2707 2996 2753 te
3020 2699 3364 2754 concitaverit
3389 2699 3613 2769 vittaque
3635 2707 3736 2754 tua:

2157 2786 2328 2859 fulgor
2359 2789 2508 2844 illum
2537 2789 2602 2844 ad
2633 2789 2770 2845 hanc
2797 2805 3024 2862 pugnam
3054 2791 3388 2846 evocaverit?
3413 2791 3564 2860 Quod
3593 2792 3636 2846 si
3664 2792 3734 2846 ri-

2157 2878 2284 2935 deas
2306 2879 2402 2935 ista
2425 2882 2748 2952 loquentem,
2775 2882 2932 2937 laudo
2955 2883 3167 2954 quidem
3199 2883 3544 2938 humilitatem
3571 2893 3732 2948 tuam,

2157 2987 2264 3028 non
2303 2982 2477 3030 tamen
2521 2975 2590 3030 ab
2630 2975 2729 3030 bac
2769 2977 3028 3030 sententia
3071 2976 3343 3032 desistam.
3375 2975 3430 3032 Si
3470 2976 3610 3032 enim
3651 2977 3737 3030 ille

2154 3065 2364 3135 adipem
2389 3064 2618 3120 oli'erens
2645 3066 2714 3122 ita
2745 3065 2852 3120 Deo
2878 3081 3032 3122 carus
3057 3074 3411 3136 acceptusque
3439 3065 3558 3132 fuit,
3583 3067 3627 3122 is
3649 3070 3734 3136 qui

2156 3156 2286 3212 nihil
2329 3157 2696 3224 extrinsecus,
2741 3158 2834 3213 sed
2878 3158 3112 3228 seipsum
3152 3167 3317 3214 totum
3362 3158 3552 3214 obtulit
3591 3159 3733 3225 Deo,

2154 3247 2321 3302 multo
2348 3247 2592 3318 profecto
2619 3249 2786 3319 magis
2814 3249 3094 3305 adversum
3125 3265 3182 3306 se
3216 3249 3524 3320 provocavit
3558 3250 3733 3305 inimio

2153 3355 2293 3394 cum.
2324 3340 2462 3394 Deus
2491 3350 2665 3395 autem
2695 3350 2746 3395 te
2773 3341 2918 3395 illum
2947 3341 3193 3396 invadere
3221 3343 3478 3411 permisit,
3505 3342 3657 3397 sicuti
3683 3351 3734 3397 et

2155 3442 2277 3488 tunc
2299 3432 2497 3487 etc-dem
2521 3432 2660 3486 illam
2685 3431 3089 3503 haudquaquam
3113 3433 3404 3502 impedivit,
3427 3432 3521 3488 sed
3549 3447 3734 3502 passus

2151 3532 2236 3580 est
2252 3523 2455 3595 justum
2487 3523 2535 3578 in
2567 3539 2604 3578 s-
2629 3525 2884 3594 nguinarii
2916 3538 3100 3578 manus
3132 3523 3386 3591 incidere,
3416 3539 3586 3594 neque
3610 3539 3730 3577 cuzn

2153 3616 2376 3684 eripuit,
2410 3616 2497 3686 qui
2528 3629 2746 3686 pr0pter
2773 3632 2829 3671 se
2859 3626 3014 3686 atque
3041 3617 3110 3671 ob
3151 3616 3406 3671 honorem
3439 3631 3591 3671 suum
3619 3631 3732 3669 ma-

2153 3708 2410 3762 ctabatur.
2449 3707 2625 3762 Noluit
2655 3709 2798 3762 enim
2845 3708 2915 3761 illi
2956 3723 3181 3762 coronas
3207 3722 3330 3762 suas
3366 3707 3529 3762 minui
3561 3724 3574 3760 :
3603 3723 3733 3777 quo-

2152 3799 2292 3854 circa
2319 3797 2388 3854 ad
2415 3798 2570 3853 linem
2601 3813 2768 3868 usque
2795 3798 2942 3852 illum
2969 3812 3185 3852 currere
3213 3798 3469 3868 permisit.
3503 3798 3568 3851 Et
3591 3799 3730 3867 quis,

2153 3891 2390 3962 inquies,
2419 3892 2682 3946 cruciatus
2709 3899 2792 3946 est
2820 3889 3001 3945 mors?
3034 3889 3244 3946 Utinam
3275 3891 3485 3961 quidem
3519 3890 3657 3945 hunc
3681 3902 3732 3945 et

2151 3998 2250 4054 ego
2270 3983 2504 4039 subirem
2525 3985 2844 4039 cruciatum!
2875 3983 2975 4038 lSIa
2999 3999 3138 4038 nunc
3159 3983 3308 4048 dicis,
3337 3983 3730 4048 amantissime;

2151 4081 2205 4127 at
2233 4074 2378 4142 prius
2405 4089 2494 4128 res
2519 4075 2756 4128 omnium
2784 4075 3096 4144 gravissima
3125 4089 3243 4129 esse
3284 4074 3586 4144 putabatur,
3615 4090 3727 4127 om-

2152 4163 2310 4234 nique
2339 4179 2491 4233 pcena
2524 4164 2894 4232 miserabilior.
2929 4165 3129 4218 Idcirco
3159 4165 3209 4218 in
3238 4165 3354 4233 lege
3381 4164 3545 4234 Moysi
3578 4165 3611 4218 ii
3643 4165 3728 4233 qui

2151 4255 2378 4308 maxima
2406 4270 2628 4324 qumque
2657 4255 3006 4325 deliquissent
3031 4271 3093 4310 ac
3119 4259 3270 4310 venia
3299 4255 3530 4326 indigna,
3563 4267 3730 4309 morte

2152 4343 2560 4398 mulctabantur.
2591 4344 2696 4400 Sed
2723 4354 2777 4398 et
2802 4343 2940 4414 apud
2973 4346 3114 4414 ipsos
3138 4359 3348 4415 quoque
3379 4353 3626 4400 externos
3653 4345 3730 4399 le-

2149 4436 2506 4504 gumlatores,
2538 4435 2626 4505 qui
2669 4435 2720 4490 in
2761 4435 3007 4489 maximis
3047 4435 3468 4504 turpissimisque
3525 4434 3731 4506 ﬂagitiis

2150 4524 2656 4592 deprehenduntur,
2690 4542 2795 4580 non
2835 4525 2942 4580 alio
2975 4526 3234 4594 supplicio
3271 4525 3606 4593 afliciuntur,
3640 4527 3735 4580 sed

2153 4625 2327 4672 tamen
2373 4616 2848 4686 perditissimorum
2893 4615 3164 4671 hominum
3209 4615 3524 4685 supplicium
3561 4617 3728 4686 justus

2151 4708 2240 4763 ille
2269 4710 2582 4780 perpetitur,
2611 4711 2716 4765 imo
2747 4725 2870 4764 vero
2899 4724 2964 4764 eo
2987 4709 3220 4779 gravius,
3252 4708 3393 4778 quod
3419 4709 3730 4764 et'fraterna

2151 4801 2335 4856 dextra
2379 4817 2664 4869 percussus
2692 4801 2957 4856 occubuit.
2989 4801 3126 4870 Quid
3164 4811 3341 4857 autem
3372 4803 3437 4858 de
3465 4803 3575 4858 Noe
3599 4801 3730 4856 dici-

2153 4895 2309 4949 mus?
2335 4895 2464 4949 Nam
2501 4904 2555 4949 et
2592 4896 2705 4965 ipse
2745 4894 2920 4963 justus
2950 4909 3012 4948 ac
3044 4894 3310 4963 perfectus
3353 4894 3448 4948 fuit
3478 4893 3629 4963 (Gen.
3661 4893 3720 4961 6)

2151 4986 2457 5056 cunctisque
2495 4987 2758 5053 corruptis
2792 4985 2940 5040 solus
2972 4985 3166 5055 placuit
3194 4985 3336 5048 Deo,
3366 4983 3582 5054 reliquis
3611 4999 3729 5038 om-

2153 5081 2306 5134 nibus
2339 5081 2486 5136 illum
2525 5079 2934 5136 offendentibus.
2975 5081 3282 5134 Innumeras
3319 5079 3472 5148 plane
3508 5077 3729 5131 tribula-

2153 5174 2324 5227 tiones
2365 5171 2579 5241 pertulit
2614 5171 2806 5225 multas
2829 5179 2880 5226 et
2914 5170 3098 5225 malas.
3129 5170 3313 5238 Neque
3340 5169 3481 5221 enim
3512 5175 3569 5221 ut
3598 5165 3729 5219 Abel

2151 5264 2405 5318 continuo
2435 5273 2672 5320 mortuus
2697 5271 2798 5328 est,
2831 5277 3001 5333 neque
3031 5262 3079 5315 id
3113 5274 3298 5330 [KIDSHS
3326 5257 3464 5328 quod
3493 5257 3610 5312 leve
3638 5257 3728 5312 tibi

2151 5356 2354 5410 videtur
2379 5397 2391 5419 ,
2423 5353 2516 5410 sed
2549 5353 2907 5424 longissimam
2945 5353 3102 5407 vitam
3137 5349 3410 5412 toleravit,
3448 5356 3526 5402 tot
3563 5361 3730 5400 annos

2152 5446 2216 5502 iis
2245 5447 2332 5517 qui
2378 5444 2551 5501 lerunt
2589 5460 2751 5500 onera
2789 5443 3204 5516 gravissitnoque
3246 5453 3456 5506 semper
3498 5435 3731 5506 pondere

2151 5549 2462 5610 premuntur
2488 5538 2654 5593 uibilo
2687 5537 2854 5592 levius
2883 5545 2970 5589 aut
2989 5533 3216 5604 quietius
3241 5529 3484 5584 affectus.
3510 5529 3618 5584 Hoc
3639 5543 3730 5580 au-

2152 5639 2258 5686 tem
2279 5631 2454 5684 statim
2477 5629 2816 5702 apertissime.
2831 5625 3082 5695 probabo,
3113 5623 3236 5676 hinc
3262 5621 3466 5676 initium
3489 5632 3726 5677 sumens.

2151 5725 2362 5778 Annum
2391 5723 2653 5793 integrum
2681 5719 2778 5774 iste
2801 5716 2999 5772 carceri
3021 5713 3262 5769 addictus
3286 5709 3401 5774 fuit,
3426 5709 3730 5774 carcerique

2157 5813 2439 5886 peregrino
2468 5822 2522 5869 et
2545 5807 2831 5866 horrendo.
2872 5805 2937 5864 Ut
2967 5803 3108 5864 enim
3139 5803 3366 5864 ferarum
3415 5810 3469 5856 ct
3516 5810 3728 5864 serpen-
