4138 6422
470 421 574 483 455

473 536 602 590 tium
626 533 1018 591 multitudinem
1041 531 1299 598 omittam,
1321 533 1633 604 quibuscum
1660 542 1805 587 tanto
1827 541 2065 601 tempore

470 625 610 680 vixit
651 623 703 679 in
752 625 916 679 tantis
956 623 1170 678 relictus
1209 623 1504 693 angustiis,
1545 625 1668 694 quid
1716 623 1863 678 illum
1902 623 2066 677 animi

472 715 724 771 habuisse
764 724 916 786 putas
960 718 1097 771 inter
1131 715 1267 769 adeo
1310 715 1548 785 ingentes
1595 725 1670 769 tot
1712 716 2064 770 tonitruormn

473 806 709 879 fragores
752 816 911 877 atque
956 808 1296 863 nimborum?
1337 808 1545 882 Quippe
1589 808 1808 864 inferior
1843 810 2069 880 abyssus

472 900 932 971 disrumpebatur,
966 903 1211 972 superior
1246 918 1450 957 summa
1486 903 1713 973 impetus
1742 904 1790 957 vi
1817 904 2065 959 demitte-

474 995 646 1059 batur,
675 1009 796 1049 cum
827 995 1146 1051 intrinsecus
1176 996 1265 1051 ille
1295 1011 1413 1050 cum
1447 996 1627 1050 liberis
1655 997 1870 1052 sederet
1895 997 2061 1051 solus.

474 1084 584 1139 Etsi
623 1086 764 1140 enim
798 1085 865 1141 de
893 1086 998 1142 line
1026 1086 1315 1141 confideret
1338 1128 1354 1154 ,
1386 1102 1480 1156 per
1515 1103 1700 1141 eorum
1744 1096 1919 1143 tamen
1950 1104 2066 1159 qua:

475 1176 672 1232 tiebant
698 1178 1088 1233 vehementiam
1119 1188 1262 1234 metu
1290 1179 1398 1235 fere
1425 1190 1777 1249 prtemortuus
1804 1189 1937 1234 erat.
1968 1179 2066 1236 Ubi

472 1270 614 1326 cnim
644 1287 743 1327 nos
770 1287 891 1326 cum
924 1271 1214 1328 habeamus
1242 1272 1431 1327 domos
1473 1273 1523 1326 in
1567 1282 1707 1327 terra
1748 1273 1905 1326 altius
1946 1271 2066 1326 fun-

470 1364 657 1430 datas,
715 1367 979 1435 urbesque
1030 1365 1422 1431 lnbabitcnms,
1477 1374 1653 1420 tamen
1702 1369 1747 1419 si
1793 1364 2068 1419 videamus

471 1459 702 1527 pluviam
744 1459 825 1513 vel
871 1458 1026 1527 paulo
1064 1459 1431 1515 vehementius
1469 1458 1627 1513 solito
1669 1457 1910 1523 demitti,
1941 1472 2070 1511 con-

471 1550 698 1605 cldimus
747 1557 999 1620 metuque
1046 1552 1462 1620 constringimur
1506 1567 1520 1605 :
1562 1551 1688 1621 quid
1743 1551 1832 1606 ille
1879 1563 2067 1619 passus

472 1643 798 1709 mstimetur,
831 1658 951 1696 cum
983 1643 1131 1697 solus
1161 1643 1303 1698 intus
1328 1652 1499 1709 esset,
1532 1643 1893 1713 abyssumque
1923 1642 2065 1695 illam

473 1731 773 1785 horrilicam
796 1773 809 1796 ,
843 1748 905 1787 ac
934 1731 1077 1786 varia
1108 1747 1324 1799 eorum,
1356 1749 1475 1801 qua:
1512 1731 1941 1796 sull'ocabantur,
1970 1745 2067 1801 ge-

470 1838 597 1877 nera
624 1823 1024 1878 consideraret?
1054 1824 1291 1894 Denique
1328 1824 1574 1880 sufficere
1607 1824 1742 1879 solet
1772 1823 1837 1877 ad
1870 1822 2068 1877 ferien-

469 1912 568 1967 dos
593 1928 802 1966 snnnno
833 1929 1029 1982 pavore
1056 1913 1283 1981 animos,
1316 1917 1498 1970 urbem
1529 1932 1710 1978 unam,
1744 1916 1824 1971 vel
1848 1915 2065 1970 domum

471 2004 631 2062 etiam
689 2006 736 2057 vi
790 2005 963 2079 aliqua
1027 2006 1386 2064 inundationis
1441 2007 1747 2077 absorptam
1806 2006 2067 2076 nudisque

469 2104 709 2164 opertam
751 2113 1008 2163 cernere;
1042 2104 1098 2154 at
1126 2114 1254 2153 vero
1281 2097 1494 2168 quando
1524 2098 1574 2151 id
1611 2098 1756 2157 orbis
1788 2099 2068 2151 universus

472 2199 660 2254 passus
697 2196 810 2254 est,
843 2188 947 2243 dici
995 2205 1097 2242 non
1146 2199 1317 2258 potest
1357 2189 1445 2258 qui
1489 2188 1711 2244 allectus
1749 2190 1819 2245 sit
1858 2190 1939 2244 vir
1979 2190 2068 2244 ille

472 2293 593 2332 cum
628 2278 679 2333 in
713 2279 902 2335 mediis
944 2280 1189 2335 fluctibus
1232 2280 1687 2338 circmnferretur.
1721 2280 1911 2336 Totum
1939 2296 2068 2351 ergo

469 2384 667 2425 annum
716 2371 862 2424 illum
910 2370 962 2426 in
1011 2387 1076 2426 eo
1126 2382 1268 2426 metu
1316 2373 1442 2442 egit.
1491 2372 1627 2427 Cum
1676 2388 1804 2428 vero
1853 2372 2067 2428 tandem

469 2463 722 2517 diluvium
771 2473 1067 2532 cessasset,
1119 2465 1370 2535 paulatim
1422 2465 1633 2536 quidem
1679 2465 1789 2535 jam
1841 2465 2068 2520 cedebat

475 2563 679 2618 metus,
730 2554 824 2608 sed
868 2571 1070 2610 mceror
1113 2558 1444 2627 augebatur,
1501 2557 1956 2628 prodeuntemque
1999 2572 2066 2611 ex

471 2659 593 2700 arca
624 2653 912 2722 tempestas
943 2647 1045 2702 alia
1087 2650 1297 2722 excepit
1329 2650 1508 2719 priore
1546 2664 1654 2702 non
1696 2648 1900 2711 minor,
1945 2663 2066 2701 cum

474 2739 770 2799 intueretur
809 2740 1131 2797 horrendam
1173 2741 1314 2796 illam
1353 2741 1728 2807 solitudinem,
1777 2756 2068 2806 necemque

471 2828 617 2885 illam
639 2829 950 2896 violentam,
980 2839 1141 2900 atque
1170 2831 1571 2888 interfectorum
1603 2846 1825 2901 corpora
1857 2831 1981 2885 limo
2006 2845 2069 2886 ac

470 2920 583 2975 luto
612 2920 895 2990 permixta,
920 2933 1249 2992 cunctosque
1270 2922 1471 2995 pariter
1495 2922 1758 2989 homines,
1792 2931 1845 2977 et
1863 2923 2064 2987 asinos,

469 3021 525 3065 et
564 3019 757 3068 czntet'a
784 3011 869 3067 his
894 3013 1054 3067 etiam
1098 3014 1411 3084 ignobiliora
1447 3015 1793 3071 animantium
1838 3030 2064 3085 genera,

470 3117 576 3157 uno
612 3117 830 3173 prorsus
875 3105 1166 3161 miserabili
1210 3107 1456 3180 sepulcro
1507 3108 1718 3163 obruta.
1782 3107 1912 3162 Nam
1966 3107 2066 3162 etsi

468 3196 753 3257 admodum
782 3206 1092 3269 peccatores
1115 3200 1434 3271 fuerantqui
1467 3202 1588 3257 talia
1623 3201 1859 3272 perpessi
1887 3207 2063 3267 erant,

470 3285 634 3349 homo
662 3295 837 3343 tamen
863 3299 978 3344 erat
1002 3288 1130 3357 Noe,
1163 3290 1595 3363 contribulesque
1622 3306 1749 3346 suos
1777 3307 1880 3346 non
1911 3300 2062 3361 pote-

469 3389 551 3435 rat
576 3397 681 3436 non
709 3382 976 3440 miserari.
993 3373 1206 3455 Quippe
1222 3394 1276 3440 et
1291 3383 1539 3442 Ezechiel
1565 3402 1686 3440 cum
1704 3385 1879 3456 justus
1898 3394 2061 3452 esset,

464 3482 625 3549 atque
654 3473 920 3530 lsraelitas
946 3476 1178 3532 maxime
1205 3478 1442 3533 omnium
1472 3479 1744 3549 improbos
1771 3495 2062 3552 cognosce~

466 3573 568 3627 ret,
590 3565 778 3620 videns
804 3574 979 3623 tamen
1012 3568 1132 3624 illos
1148 3568 1377 3639 jugulati
1405 3580 1457 3626 et
1483 3586 1755 3637 corruere,
1791 3573 1891 3627 hoc
1921 3572 2061 3629 idem

469 3673 658 3726 passus
686 3667 802 3725 est,
852 3669 1014 3731 atque
1044 3663 1393 3734 illacrymavit
1417 3706 1432 3730 ,
1474 3665 1683 3721 etiamsi
1722 3675 1876 3720 antea
1924 3667 2064 3721 Deus

466 3766 683 3806 omnem
735 3752 832 3821 ipsi
882 3753 1094 3808 illorum
1144 3756 1472 3824 impietatem
1521 3757 1850 3821 revelasset,
1904 3769 2065 3826 atque

470 3841 600 3910 ipsis
625 3843 795 3897 oculis
822 3844 1130 3900 intuendam
1161 3846 1495 3913 prtebuisset,
1526 3856 1583 3901 ut
1606 3863 1724 3902 cum
1747 3847 1865 3901 illos
1888 3848 2063 3917 puniri

464 3931 775 4002 inspiceret,
808 3948 927 3988 eam
976 3935 1336 3989 calamitatem
1381 3934 1593 3990 fortiter
1637 3935 1922 4006 perferret.
1957 3936 2061 3993 Sed

462 4031 643 4085 tamen
695 4038 817 4079 cum
872 4032 1021 4080 tanto
1082 4026 1431 4095 prrescientize
1484 4028 1677 4083 solatio
1732 4039 2063 4100 pra~paratus

460 4122 626 4181 esset,
675 4114 745 4175 ita
790 4132 1004 4187 quoque
1048 4119 1343 4188 angebatur
1383 4136 1568 4175 eorum
1610 4122 1886 4188 cladibus,
1936 4138 2061 4177 cor-

462 4221 733 4278 ruensque
760 4210 1024 4266 clamabat
1047 4229 1061 4267 :
1083 4211 1200 4268 Heu
1232 4214 1382 4281 mihi,
1412 4212 1660 4281 Domine,
1693 4215 1830 4270 (Ioles
1861 4228 1912 4269 tu
1938 4216 2060 4270 reli-

458 4299 606 4368 quias
649 4299 815 4356 Israel
858 4301 1071 4374 (Ezech.
1105 4304 1158 4361 9.
1193 4304 1287 4375 8)?
1319 4307 1431 4362 Non
1465 4309 1632 4363 semel
1665 4318 1842 4363 autem
1885 4309 2057 4364 solum

460 4404 748 4460 perpessus
767 4401 871 4457 est,
904 4394 1000 4451 sed
1028 4404 1082 4450 et
1110 4397 1347 4452 secundo
1372 4414 1491 4465 cum
1522 4399 1835 4454 leeboniam
1866 4416 2055 4457 cerne-

458 4488 544 4534 ret
572 4481 829 4543 occisum.
860 4484 1043 4556 Itaque
1072 4496 1126 4541 et
1149 4487 1282 4553 Noe,
1312 4491 1521 4546 tametsi
1550 4491 1827 4546 iunmuera
1857 4494 2061 4549 sciebat

417 4616 423 4621 .
459 4569 673 4627 illorum
706 4588 829 4630 esse
857 4575 1085 4643 scelera,
1117 4592 1223 4631 non
1257 4588 1432 4641 tamen
1466 4581 1748 4637 Ezechiele
1772 4584 1884 4638 sive
1912 4585 2058 4640 Mose

460 4662 649 4720 fortior
671 4674 819 4721 erat:
844 4666 1043 4741 quippe
1064 4679 1118 4727 et
1144 4668 1233 4726 ille
1260 4686 1402 4742 saepe
1428 4672 1615 4731 eadem
1642 4689 1761 4745 quze
1799 4677 2055 4746 propheta

457 4769 648 4829 passus
693 4766 809 4822 est;
858 4771 1144 4830 peccantes
1184 4762 1398 4818 intuens
1444 4764 1729 4833 llebraeos,
1788 4776 1912 4823 tunc
1961 4784 2058 4826 eos

460 4846 692 4903 maxime
728 4849 1112 4914 miserabatur,
1160 4853 1375 4924 quando
1420 4858 1669 4925 puniendi
1717 4869 1901 4925 erant,
1944 4877 2057 4915 ma-

455 4937 642 5008 gisque
667 4939 782 5015 ipse
806 4957 963 5017 quam
991 4945 1078 5019 qui
1110 4945 1467 5019 puniebantur
1491 4949 1801 5019 angebatur.
1830 4953 1898 5005 At
1920 4961 2055 5006 tem~

458 5046 589 5101 pore
615 5031 728 5088 Noe
765 5034 1043 5091 calamitas
1085 5038 1244 5109 longe
1285 5049 1403 5095 erat
1448 5042 1692 5111 gravior,
1737 5043 1936 5112 quippe
1966 5043 2052 5097 illa

455 5122 568 5177 sola
598 5123 863 5193 ejusmodi
895 5127 1201 5189 morsillata
1219 5139 1319 5184 est.
1342 5128 1472 5185 Cum
1493 5131 1651 5201 igitur
1677 5141 1754 5186 tot
1784 5149 2055 5203 premere-

455 5229 542 5281 tur
569 5222 743 5287 malis,
773 5223 1083 5290 solitudine,
1109 5227 1325 5291 miseria
1350 5231 1525 5299 gentis
1550 5246 1681 5298 sum,
1713 5234 2050 5305 pereuntium

456 5312 815 5384 multitudine,
848 5320 1038 5375 mortis
1065 5335 1285 5391 genere,
1319 5330 1477 5379 terra:
1506 5326 1668 5381 totius
1696 5327 2047 5392 desolatione,

451 5413 614 5475 atque
657 5409 890 5480 undique
919 5425 1121 5473 mmror
1158 5412 1484 5477 incresceret
1505 5458 1520 5480 ,
1554 5418 1730 5487 quise
1760 5417 2048 5479 vehemen-

458 5495 664 5552 tissime
689 5510 1042 5569 concuteret,
1074 5504 1324 5575 adjicitur
1350 5508 1604 5566 continuo
1632 5509 1740 5563 nati
1768 5522 2050 5567 contume-

452 5586 524 5641 lia
545 5627 563 5655 ,
607 5602 696 5644 res
732 5592 947 5663 quidem
974 5594 1359 5663 intolerabilis,
1396 5599 1740 5669 turpitudinis
1767 5610 1820 5657 et
1848 5601 2052 5661 doloris

457 5676 805 5739 incredibilis.
832 5685 1043 5769 Quanto
1074 5690 1217 5747 enim
1247 5692 1542 5747 amicorum
1573 5693 1774 5763 probra
1802 5696 2051 5765 graviora

454 5786 616 5835 uitam
647 5772 983 5834 inimicorum
1011 5790 1157 5847 sunt,
1191 5792 1339 5840 tanto
1366 5785 1576 5857 injuria:
1602 5800 1633 5840 a
1667 5785 1790 5842 filiis
1813 5798 2050 5858 accepta:

446 5859 559 5925 illis
604 5865 763 5927 etiam
811 5867 1258 5935 intolerabiliores
1309 5885 1452 5940 sunt.
1501 5877 1636 5941 Cum
1688 5879 1832 5937 enim
1886 5896 2042 5957 quem

1181 417 1237 472 S.
1276 416 1554 474 JOANNIS
1577 372 2051 474 CllRYSOSTOMI
2091 415 2404 475 ARCIIIEP.
2439 420 2973 483 CONSTANTINOP.

3648 414 3741 471 456

2170 543 2460 601 genuerat,
2505 550 2664 604 quem
2706 535 3060 603 educaverat,
3104 553 3262 608 quem
3290 536 3570 607 erudierat,
3597 539 3739 611 cujus

2170 622 2337 690 gratia
2364 622 2574 678 labores
2602 624 2860 695 plurimos
2886 641 2947 681 ac
2972 627 3183 682 dolores
3209 643 3469 698 curasque
3495 629 3740 688 tolerave-

2172 723 2291 776 rat,
2336 731 2457 769 eum
2489 731 2598 786 prte
2628 719 2837 773 casteris
2866 719 3399 775 contumeliosissime
3431 735 3490 774 se
3529 731 3740 778 tractare

2170 816 2438 872 cerneret,
2488 824 2555 863 ne
2601 808 2744 864 ferre
2783 809 2993 879 quidem
3038 811 3200 865 animi
3248 810 3484 866 dolorem
3527 822 3738 882 poterat.

2171 897 2504 954 Contumelia
2533 902 2728 972 quippe
2772 902 2938 958 libero
2969 902 3191 969 homini,
3225 912 3335 958 tum
3363 920 3458 973 per
3481 919 3539 960 se
3563 916 3641 960 est
3667 906 3739 961 in--

2173 991 2480 1059 tolerabilis,
2531 1004 2639 1050 tum
2685 995 2730 1050 si
2771 1012 2799 1049 a
2850 996 2973 1051 [illis
3017 999 3343 1063 manaverit,
3392 998 3444 1053 in
3485 1010 3742 1067 stuporem

2170 1084 2332 1137 animi
2359 1086 2652 1153 convertit,
2686 1089 2902 1156 utpote
2953 1089 3308 1145 atrocissima.
3349 1089 3425 1144 Tu
3463 1091 3615 1146 velim
3643 1106 3738 1145 non

2172 1171 2223 1226 id
2252 1174 2409 1228 modo
2444 1173 2653 1233 facinus
2678 1179 2987 1233 consideres
3007 1220 3021 1245 ,
3056 1179 3148 1234 sed
3177 1196 3240 1233 cx
3277 1195 3343 1234 eo
3368 1180 3483 1250 ipso
3507 1182 3742 1250 conjicias

2171 1280 2328 1334 quam
2362 1267 2448 1321 ille
2476 1270 2863 1329 contumeliose
2908 1271 3071 1340 priori
3107 1270 3254 1328 omni
3286 1281 3523 1340 tempore
3553 1284 3744 1341 patrem

2172 1356 2435 1412 habuerit.
2477 1360 2574 1430 Qui
2620 1362 2760 1416 enim
2809 1374 3129 1432 pra-sentem
3174 1364 3350 1420 adhuc
3394 1376 3549 1420 tanta:
3593 1365 3744 1422 cladis

2175 1458 2431 1504 terrorem
2464 1452 2723 1518 habebat,
2765 1468 2828 1511 ac
2860 1470 3028 1526 nupcr
3056 1471 3122 1510 ex
3166 1471 3379 1513 carcere
3408 1457 3497 1511 illo
3525 1458 3742 1524 exierat,

2172 1542 2423 1610 orbisque
2452 1544 2611 1597 totius
2636 1544 2994 1600 calamEIatem
3022 1547 3253 1610 videbat,
3274 1562 3337 1601 ac
3362 1564 3427 1601 ne
3451 1551 3528 1602 sic
3547 1548 3743 1617 quidem

2172 1631 2485 1688 emendatus
2528 1633 2733 1700 fuerat,
2781 1635 2875 1691 sed
2919 1652 3037 1690 eum
3087 1653 3246 1706 quem
3278 1638 3497 1692 minimc
3523 1642 3744 1692 omnium

2172 1722 2466 1787 debuerat,
2514 1728 2852 1782 centnmeliis
2891 1727 3180 1791 alliciebat,
3232 1744 3404 1798 neque
3437 1730 3745 1787 infinitarum

2174 1816 2480 1874 mortalium
2531 1834 2696 1883 nece,
2749 1836 2921 1889 neque
2959 1821 3245 1874 solitudine
3272 1861 3288 1883 ,
3330 1836 3500 1889 neque
3531 1821 3616 1874 Dei
3645 1822 3743 1883 ira,

2173 1923 2347 1977 neque
2383 1910 2486 1963 alia
2525 1911 2627 1966 ulla
2670 1927 2853 1966 earum
2898 1929 3074 1969 rerum
3115 1928 3233 1981 qua:
3275 1922 3388 1969 tum
3432 1914 3745 1983 contigerant

2173 1998 2364 2052 melior
2406 1998 2629 2054 allectus
2660 2000 2830 2055 fuerat
2855 2019 2869 2057 :
2892 2003 3189 2069 cujusmodi
3235 2002 3323 2057 ille
3352 2012 3476 2056 ante
3505 2002 3744 2057 diluvium

2174 2087 2301 2154 fuit,
2341 2105 2462 2145 cum
2508 2092 2766 2161 plurimos
2811 2093 3061 2161 haberet,
3109 2096 3196 2163 qui
3240 2110 3301 2151 se
3332 2094 3666 2151 hortarentur
3687 2094 3745 2151 ad

2173 2180 2336 2235 vitia?
2380 2182 2529 2237 Tunc
2554 2185 2697 2238 enim
2731 2185 3000 2255 proficio,
3049 2180 3174 2242 tunc
3219 2188 3551 2243 molestiores
3576 2188 3748 2243 [luctus

2167 2272 2345 2344 justus
2375 2275 2463 2328 ille
2496 2278 2747 2346 pertulit,
2780 2294 2936 2348 quam
2980 2278 3180 2334 fuerint
3217 2281 3304 2351 qui
3339 2293 3460 2351 post
3490 2281 3539 2336 in
3565 2281 3749 2336 diluvio

2173 2367 2532 2437 contigerunt,
2585 2384 2705 2423 cum
2756 2385 2850 2439 per
2898 2371 3066 2425 lilium
3112 2387 3287 2437 suum,
3346 2383 3459 2427 tum
3501 2389 3591 2443 per
3630 2376 3748 2429 alios

2173 2473 2381 2514 omnes.
2418 2459 2547 2513 Nam
2594 2460 2646 2514 in
2689 2460 2890 2515 diluvio
2929 2463 3140 2533 quidem
3170 2465 3285 2519 sola
3317 2465 3466 2519 illum
3497 2480 3736 2534 aquarmn

2174 2553 2459 2608 multitudo
2498 2556 2849 2625 angustabat;
2893 2566 3018 2611 ante
3044 2556 3299 2611 diluvium
3331 2569 3509 2614 autem
3537 2558 3750 2626 undique

2173 2646 2425 2716 nequitiae
2447 2647 2640 2718 abyssi)
2656 2648 3131 2717 comprimebatur,
3151 2664 3213 2703 ac
3227 2648 3592 2707 vehementius
3608 2664 3747 2718 quam

2175 2740 2427 2795 fluctibus
2471 2740 2678 2795 insidiis
2728 2741 3176 2810 ncquissimorum
3229 2740 3505 2795 hominum
3552 2740 3752 2794 collide-

2175 2830 2351 2885 batur.
2380 2831 2537 2886 Solus
2564 2831 2705 2884 enim
2728 2832 2947 2886 relictus
2971 2833 3020 2885 in
3053 2840 3199 2886 tanta
3225 2832 3574 2887 scelestorum
3600 2832 3751 2886 [10mi-

2174 2941 2300 2979 num
2353 2925 2849 2996 agitiosorumque
2880 2928 3260 2996 multitudine,
3307 2931 3411 2984 etsi
3457 2930 3583 2984 nihil
3623 2930 3748 2984 aliud

2173 3021 2515 3095 patiebatur,
2572 3021 2848 3079 irrisiones
2900 3034 3077 3077 tamen
3125 3023 3383 3093 plurimas
3440 3040 3503 3079 ac
3551 3024 3748 3078 dicteria

2173 3114 2412 3185 quotidie
2460 3116 2887 3185 ferebat:5dqne
2928 3116 2973 3170 si
3022 3132 3128 3171 non
3159 3126 3353 3180 antea,
3405 3127 3511 3172 tum
3544 3117 3750 3171 maxime

2171 3207 2387 3277 quando
2413 3208 2519 3262 illis
2544 3209 2611 3261 de
2637 3223 2757 3261 arca
2787 3208 2933 3263 etde
2979 3207 3172 3264 futuris
3214 3209 3458 3264 cladibus
3498 3211 3645 3266 verba
3685 3209 3750 3261 la-

2171 3298 2369 3354 ciebat.
2397 3298 2539 3353 lstud
2568 3315 2695 3354 vero
2716 3308 2967 3368 quantam
2999 3301 3102 3353 vim
3131 3299 3323 3354 habeat
3352 3302 3421 3355 ad
3454 3301 3748 3371 perturban-

2171 3390 2269 3447 dos
2298 3392 2526 3456 animos,
2560 3401 2785 3446 testatur
2805 3392 2891 3460 qui
2922 3408 2989 3447 ex
3017 3402 3169 3445 Ult'IO
3193 3394 3382 3447 matris
3415 3392 3749 3446 sanetilicatus

2169 3492 2254 3540 est
2281 3484 2563 3551 Jeremias,
2588 3486 2674 3555 qni
2702 3496 2983 3555 propterea
3009 3485 3338 3556 prophetiam
3362 3501 3573 3557 quoque
3596 3486 3747 3553 ipsam

2172 3577 2477 3648 relinquere
2505 3576 2881 3632 meditabatur.
2912 3576 3040 3631 Dixi
3069 3577 3242 3645 enim,
3277 3577 3470 3648 inquit,
3501 3592 3599 3632 non
3638 3592 3746 3647 pro.

2172 3668 2386 3737 phetabo
2414 3668 2545 3741 (.
2576 3669 2667 3725 20.
2697 3668 2777 3740 9).
2811 3669 3076 3724 Praterea
3112 3668 3164 3722 id
3193 3669 3393 3735 solum,
3422 3668 3560 3738 quod
3589 3668 3749 3721 nullus

2171 3761 2242 3814 illi
2270 3769 2385 3814 erat
2415 3760 2700 3826 unanimis,
2734 3761 3018 3829 nullusque
3044 3760 3156 3813 suis
3183 3760 3424 3814 moribus
3453 3757 3742 3818 conformis,

2168 3861 2426 3920 quantum
2458 3850 2532 3903 illi
2576 3851 2756 3915 t:cdii,
2797 3859 3056 3920 quantum
3103 3861 3256 3920 putas
3284 3852 3534 3906 mmroris
3559 3847 3748 3903 olTunle-

2169 3943 2286 3995 rat?
2314 3940 2498 4009 Neque
2530 3938 2665 3995 ideo
2678 3952 2881 3995 tantum
2903 3942 3218 4011 angebatur,
3245 3957 3433 3998 verum
3464 3958 3530 4001 ex
3555 3942 3746 3997 illorum

2169 4032 2509 4087 miseratione
2529 4032 2796 4088 cruciatus
2817 4032 3130 4088 innumeros
3150 4034 3466 4102 patiebatur.
3487 4033 3598 4089 Non
3619 4032 3748 4085 enim

2171 4131 2294 4177 tunc
2324 4123 2493 4177 solum
2525 4131 2753 4203 niterent
2779 4124 2878 4179 viri
2905 4125 3070 4194 justi,
3097 4140 3218 4178 cum
3249 4140 3446 4195 pravos
3474 4125 3746 4180 morientes

2167 4215 2452 4282 aspiciunt,
2480 4214 2571 4269 sed
2602 4216 2764 4270 etiam
2792 4230 2911 4269 cum
2947 4225 3230 4284 peccantes
3260 4215 3474 4281 vident;
3502 4217 3604 4269 imo
3632 4227 3747 4267 vero

2167 4306 2334 4359 multo
2375 4306 2604 4374 amplius
2649 4306 2752 4362 hoc
2794 4321 2953 4376 quam
3004 4306 3097 4360 illo
3149 4304 3643 4377 crttcianturzquod
3686 4317 3743 4357 ex

2166 4396 2442 4467 prophetis
2476 4396 2728 4452 facillime
2760 4398 3111 4453 animadverti
3153 4407 3346 4468 potest.
3393 4399 3543 4454 Alitis
3568 4396 3748 4466 quippe

2165 4490 2372 4542 illorum
2404 4505 2583 4544 amare
2616 4489 2973 4560 ingemiscens
3000 4508 3010 4543 :
3043 4488 3149 4553 Vw,
3183 4491 3370 4561 inquit,
3402 4491 3594 4552 anima,
3637 4487 3746 4557 quia

2164 4583 2312 4653 periit
2344 4585 2460 4651 pius
2500 4583 2563 4635 de
2592 4593 2757 4647 terra,
2802 4600 2890 4637 nec
2935 4593 3009 4637 est
3052 4585 3106 4636 in
3155 4584 3473 4648 hominibus,
3515 4583 3599 4654 qui
3624 4579 3744 4650 quod

2161 4685 2351 4729 rectum
2387 4685 2459 4729 est
2496 4676 2651 4745 faciat
2682 4674 2871 4747 (Mich.
2902 4675 2954 4731 7.
2994 4675 3070 4746 ).
3106 4675 3256 4730 Alius
3281 4675 3346 4731 ad
3379 4677 3541 4731 Deum
3571 4674 3743 4742 loque-

2161 4768 2316 4821 batur
2345 4785 2356 4821 :
2386 4767 2557 4834 Quare
2609 4767 2872 4820 ostendisti
2913 4768 3038 4820 mihi
3067 4767 3263 4821 labores
3293 4778 3339 4821 et
3372 4768 3569 4821 dolores
3593 4764 3745 4819 videre

2161 4858 2387 4927 (Habac.
2427 4859 2478 4912 l.
2512 4857 2592 4930 5).
2623 4857 2690 4913 Et
2718 4857 2785 4913 de
2816 4859 2880 4913 iis
2908 4861 2995 4928 qui
3042 4858 3253 4928 injuriis
3283 4857 3739 4928 opprimebantur,

2160 4953 2384 5007 nimium
2434 4952 2728 5007 condolens
2773 4952 2987 5023 lugebat
3034 4953 3217 5008 dicens
3255 4970 3267 5004 :
3304 4951 3486 5005 Facies
3534 4940 3740 5002 homines

2158 5054 2213 5099 ut
2253 5046 2413 5114 pisces
2444 5047 2599 5100 maris
2627 5064 2729 5101 non
2770 5046 3007 5101 habentes
3037 5047 3214 5100 ducem
3242 5045 3404 5115 (Ibid.
3445 5045 3555 5115 14).

2157 5140 2203 5195 si
2235 5150 2358 5195 tunc
2381 5141 2477 5195 ista
2497 5142 2900 5212 contingebant,
2922 5157 3042 5195 cum
3064 5141 3209 5210 leges
3227 5140 3529 5193 constitutm
3548 5138 3736 5192 essent,

2158 5242 2209 5287 et
2243 5233 2509 5303 principes
2531 5275 2544 5299 ,
2578 5242 2632 5288 et
2652 5234 2873 5304 judicia,
2908 5244 2963 5288 et
2988 5233 3297 5289 sacerdotes
3321 5275 3334 5292 .
3364 5243 3412 5285 et
3446 5227 3732 5301 propheta}.

2155 5332 2211 5379 et
2234 5323 2523 5395 supplicia,
2556 5325 2837 5380 considera
2868 5334 3063 5394 quanta
3107 5324 3444 5393 impudentia:
3486 5318 3735 5390 magnitu

2155 5416 2284 5472 dine
2310 5417 2411 5472 Sub
2437 5416 2548 5472 Noe
2584 5426 2776 5472 cuncta
2819 5416 3025 5472 scelera
3066 5416 3572 5475 comniittebaulur,
3616 5421 3727 5463 cum

2156 5509 2303 5564 nullo
2344 5508 2534 5575 horum
2574 5508 2751 5563 adhuc
2797 5507 3043 5564 homines
3090 5509 3487 5564 cohiberentur.
3539 5504 3603 5557 Et
3642 5498 3733 5552 sub

2156 5601 2432 5671 prephetis
2460 5600 2675 5670 quidem
2706 5616 2815 5655 non
2854 5599 3011 5655 valde
3054 5600 3294 5670 longaeva
3335 5606 3447 5652 crat
3484 5605 3617 5659 vita,
3645 5585 3730 5643 scd

2154 5693 2490 5765 septuaginta
2525 5693 2613 5748 vel
2650 5691 2924 5763 octoginta
2967 5692 3123 5748 annis
3165 5691 3574 5750 terminabatur;
3617 5691 3731 5735 tunc

2274 5835 2402 5887 Hazc,
2420 5832 2581 5889 utpote
2603 5825 2920 5886 atrocissima,
2946 5825 3127 5877 desunt
3149 5826 3198 5877 in
3220 5823 3347 5875 Colb.
3371 5831 3433 5889 et
3444 5823 3491 5872 in
3515 5816 3734 5871 textus:-

2165 5889 2267 5952 vil.,
2291 5884 2645 5944 sel'habcntur
2668 5903 2715 5945 tn
2739 5884 2980 5947 MorelJet
3005 5891 3052 5946 in
3075 5889 3293 5955 margine
3312 5884 3453 5940 savii.
