4138 6418
283 518 390 571 την
418 502 830 575 ἀπειλημμένος
881 507 1258 576 στενοχωρίαν,
1309 505 1360 559 τί
1397 506 1498 558 οίει
1546 504 1776 574 πάσχειν
1810 501 1972 556 αὐτὸν

285 592 398 647 ύπδ
445 590 542 646 τοῦ
574 594 819 664 πατάγου
873 595 981 648 τῶν
1035 595 1291 667 βροντῶν,
1335 595 1440 650 ὑπὸ
1492 595 1585 649 τοῦ
1625 593 1800 664 ψόφου
1863 593 1974 647 τῶν

285 677 502 747 ύετῶνς
537 681 807 746 Ἀϐυσσος
854 686 888 754 ἡ
941 683 1038 754 μὲν
1098 683 1342 737 κάτωθεν
1383 684 1776 755 ἀνερρήγνυτο,
1831 685 1864 754 ή
1917 681 1974 735 δέ

285 769 506 824 ἄνωθεν
527 770 858 842 κατεφέρετο
892 783 944 812 ι·
995 773 1025 825 6
1067 771 1125 824 δὲ
1171 771 1316 825 ἐνδον
1357 771 1590 842 ἐκάθητο
1638 771 1798 840 μόνος
1836 769 1976 841 μετά

283 855 398 912 τῶν
429 857 581 912 υἱῶν.
635 858 700 912 Εἰ
731 858 839 926 γὰρ
869 859 962 912 καὶ
1013 859 1154 930 ὑπὲρ
1184 858 1278 912 τοῦ
1334 859 1524 923 τέλους
1578 853 1691 929 εἶχε
1727 857 1970 930 θαρρεῖν,

285 943 424 1000 ἀλλὰ
457 946 522 1016 τῇ
547 943 660 998 τῶν
685 946 985 1016 γινομένων
1027 947 1346 1018 σφοδρότητι
1382 944 1844 1018 προαποτεθνήκει
1896 944 1975 1015 τῷ

283 1031 417 1086 δέει.
447 1032 623 1085 Ὅπου
658 1032 767 1104 γὰρ
809 1034 973 1104 ήμεῖς
1004 1034 1182 1098 οἰκίας
1227 1034 1441 1106 ἔχοντες
1490 1034 1833 1107 ήδρασμέεθας
1880 1033 1973 1088 ἐπὶ

283 1117 387 1188 τῆς
421 1117 544 1189 γῆς,
584 1119 678 1173 καὶ
709 1119 892 1184 πόλεις
917 1120 1214 1186 οἰκοῦντες,
1247 1122 1398 1192 ὅμως
1425 1121 1556 1175 ὅταν
1607 1121 1810 1192 ἴδωμεν
1843 1137 1974 1176 κατ-

281 1206 575 1278 ἐνεχθέντα
606 1207 964 1281 σφοδρότερον
987 1209 1166 1278 ὀλίγον
1191 1209 1286 1264 τοῦ
1325 1210 1587 1281 συνήθους
1610 1211 1784 1276 ὑετὸν,
1812 1227 1974 1265 κατα-

283 1296 560 1369 πίπτομεν
599 1297 692 1351 καὶ
721 1297 1142 1369 συστελλόμεθα,
1189 1298 1243 1352 τί
1287 1300 1389 1353 οὐκ
1438 1298 1504 1353 ἂν
1552 1301 1759 1364 ἐκεῖνος
1801 1299 1970 1354 ἔπαθε

286 1387 450 1456 μόνος
471 1385 617 1440 ἔνδον
649 1385 744 1450 ὢν,
777 1388 872 1441 καὶ
895 1389 993 1459 τὴν
1013 1389 1457 1461 φρικωδεστάτην
1491 1390 1704 1460 ἐκείνην
1735 1389 1970 1445 ἄϐυσσον

281 1473 484 1528 ἐννοῶν
521 1476 743 1529 καὶτῶν
781 1477 1192 1545 ἀποπνιγέντων
1216 1479 1283 1533 τὰ
1304 1479 1534 1551 διάφορα
1557 1477 1690 1549 γένη
1719 1495 1734 1543 ;
1764 1477 1969 1531 Ἱκανὸν

285 1560 386 1632 μὲν
410 1557 505 1616 οὖν
536 1562 804 1634 ἐκπλῆξαι
835 1564 1011 1637 ψυχὴν
1034 1567 1127 1621 καὶ
1160 1567 1222 1620 τὸ
1250 1566 1404 1620 πόλιν
1451 1565 1640 1638 μίανῆ
1681 1567 1774 1620 καὶ
1796 1566 1970 1619 οἰκίαν

285 1649 458 1722 μόνην
481 1650 902 1706 ἐπικλυσθεῖσαν
935 1653 1278 1723 καλυφθῆναι
1309 1656 1423 1718 τοῖς
1448 1653 1675 1725 κύμασι,
1698 1653 1759 1706 :6
1785 1653 1841 1707 δέ
1870 1653 1968 1725 τὴν

283 1737 614 1808 οἰκουμένην
643 1740 821 1792 πᾶσαν
843 1739 1001 1793 τοῦτο
1031 1741 1246 1804 παθεῖν,
1287 1740 1406 1794 ούδέ
1447 1741 1594 1794 ἐστιν
1629 1742 1821 1806 εἰπεῖν,
1854 1740 1971 1804 πῶς

283 1826 353 1880 ἂν
373 1825 592 1899 διέθηκε
627 1827 719 1880 τὸν
775 1830 834 1881 ἐν
873 1829 1023 1900 μέσῳ
1059 1830 1138 1900 τῷ
1185 1829 1464 1902 κλυδωνίῳ
1515 1830 1965 1902 περιφερόμενον.

282 1913 389 1968 Τὸν
425 1915 525 1985 μὲν
581 1911 674 1969 οὖν
714 1917 962 1969 ἐνιαυτὸν
997 1917 1204 1970 ἐκεῖνον
1254 1916 1496 1989 τοσούτῳ
1531 1918 1804 1987 συνείχετο
1839 1915 1966 1970 δέει.

295 2003 515 2074 Ἐπειδὴ
537 2003 592 2059 δέ
621 2022 749 2058 ποτε
789 2005 818 2057 6
847 2005 1229 2076 κατακλυσμὸς
1274 2005 1571 2064 ἐπαύσατο,
1613 2005 1641 2057 6
1677 2006 1774 2076 μὲν
1806 2003 1970 2074 φόϐος

279 2091 522 2146 ἐνεδίδου
559 2091 765 2156 λοιπὸν,
802 2093 1111 2146 ἐπετείνετο
1152 2093 1209 2147 δέ
1249 2093 1318 2146 τὰ
1365 2094 1464 2163 τῆς
1511 2093 1752 2164 ἀθυμίας
1799 2091 1968 2163 αύτῷ,

279 2179 378 2233 καὶ
439 2183 540 2250 τῆς
591 2179 824 2232 κιϐωτοῦ
877 2179 1236 2250 προκύψαντα
1261 2179 1472 2250 χειμὼν
1501 2180 1688 2248 ἕτερος
1704 2179 1971 2250 διεδέχετο

278 2266 376 2320 τοῦ
405 2267 674 2340 προτέρου
699 2269 796 2337 οὐχ
816 2268 1016 2338 ῆττων.
1065 2267 1164 2336 τὴν
1209 2267 1413 2340 πολλὴν
1453 2268 1689 2340 ἐρημίαν
1733 2268 1966 2340 δρῶντα,

281 2353 492 2407 καὶτὸν
522 2352 697 2422 βίαιον
747 2353 976 2407 θάνατον
1004 2355 1231 2418 ἐκεῖνον,
1281 2357 1374 2409 καὶ
1417 2354 1528 2408 τῶν
1574 2354 1970 2426 ἀναιρεθέντων

279 2441 350 2494 τὰ
377 2439 607 2512 σώματα
637 2444 700 2512 τῇ
729 2441 834 2495 ίλύῖ
863 2443 1186 2512 πεφυρμένα
1213 2445 1307 2496 καὶ
1338 2442 1417 2514 τῷ
1447 2442 1623 2514 πηλῷ,
1644 2445 1737 2497 καὶ
1762 2442 1970 2505 πάντας

278 2528 418 2599 ὁμοῦ
449 2529 766 2602 ἀνθρώπους
790 2547 849 2582 τε
881 2531 978 2582 καὶ
1008 2529 1164 2594 ὀνους
1201 2532 1298 2584 καὶ
1324 2532 1394 2584 τά
1428 2531 1636 2585 τούτων
1673 2531 1970 2602 ἀτιμότερα

279 2619 413 2690 γένη
461 2621 562 2691 μιᾷ
607 2621 673 2690 τῇ
732 2619 1070 2689 ἐλεεινοτάτη
1111 2618 1532 2690 καταχωσθέντα
1578 2623 1745 2692 ταφῇ.
1781 2623 1970 2695 Είγάρ

279 2709 380 2764 καὶ
410 2710 620 2780 σφόδρα
647 2710 963 2781 ἁμαρτω).οὶ
991 2713 1040 2764 οί
1077 2711 1249 2766 ταῦτα
1285 2711 1612 2776 πεπονθότες
1658 2708 1819 2783 ἦσαν,
1853 2713 1967 2767 ἀλλ’

278 2797 434 2868 ὅμως
462 2797 747 2870 ἄνθρωπος
787 2794 855 2869 ἦν
887 2801 916 2852 6
945 2799 1097 2862 Νῶε,
1139 2799 1232 2854 καὶ
1263 2799 1468 2870 ἔπασχέ
1495 2817 1546 2852 τι
1580 2800 1718 2871 πρὸς
1748 2799 1809 2852 :6
1841 2801 1970 2870 ὀμό-

278 2885 470 2954 φυλονι.
501 2887 611 2939 Καὶ
647 2887 758 2959 γὰρ
784 2890 812 2940 6
841 2888 1100 2959 ’ῐεζεκιὴλ
1121 2889 1327 2952 δίκαιος
1359 2889 1456 2950 ῶν,
1481 2889 1576 2942 και
1605 2891 1730 2952 τοὺς
1762 2890 1972 2960 Ἰσραη-

278 2971 438 3036 λίτας
489 2973 722 3044 μάλιστα
754 2975 971 3029 πάντων
1016 2977 1415 3048 πονηροτάτους
1449 2977 1625 3040 εἰδὼς,
1682 2978 1774 3030 ὅτε
1800 2995 1964 3031 κατα-

283 3061 692 3131 σφαττομένους
737 3059 844 3116 εἶδε
895 3064 989 3117 καὶ
1038 3066 1499 3128 καταπίπτοντας,
1524 3064 1679 3117 τοῦτο
1706 3065 1766 3118 :6
1793 3065 1972 3118 κοινὸν

282 3147 458 3203 ἔπαθε
490 3150 586 3203 καὶ
625 3151 913 3222 ἐδάκρυσεο
955 3154 1132 3207 καίτοι
1171 3153 1258 3206 διὰ
1288 3153 1446 3209 τοῦτο
1476 3152 1763 3224 προλαϐὼν
1786 3157 1814 3208 6
1839 3154 1970 3218 Θεὸς

285 3237 506 3290 ἃπασαν
537 3237 686 3308 αύτῷ
706 3237 805 3309 τὴν
835 3239 1090 3292 ἀσέϐειαν
1118 3239 1298 3294 αὐτῶν
1321 3239 1641 3309 ἐξεκάλυψε,
1671 3241 1762 3292 καὶ
1789 3241 1970 3304 αὐτοῖς

281 3324 584 3396 ὀφθαλμοῖς
632 3327 803 3396 αὐτὴν
855 3328 1191 3382 ἐποπτεῦσαι
1222 3328 1657 3400 παρεσκεύασεν,
1721 3329 1783 3382 ἶν’
1840 3331 1970 3384 ὅταν

281 3413 486 3478 αὐτοὺς
538 3415 937 3486 κολαζομένους
985 3414 1091 3488 ἴδῃ,
1143 3417 1406 3486 γενναίως
1445 3417 1647 3490 ἐνέγκῃ
1686 3417 1786 3490 τὴν
1835 3436 1969 3488 συμο

283 3501 482 3574 φοράν.
525 3503 665 3555 Ἀλλ’
693 3503 843 3573 ὅμως
896 3505 990 3558 καὶ
1035 3505 1303 3577 τοσαύτης
1344 3506 1699 3576 παραμυθίας
1753 3524 1970 3578 προπα-

285 3588 760 3660 ρασκευασθείσης
785 3590 956 3662 αὐτῷ,
1008 3591 1105 3645 καὶ
1150 3592 1324 3656 οὕτως
1346 3593 1630 3664 ἠλέγχετο,
1664 3593 1758 3647 καὶ
1789 3593 1972 3648 πεσὼν

280 3675 416 3729 ἐϐόα
464 3675 658 3746 λέγων·
694 3679 882 3748 Οἵμοι,
934 3678 1135 3750 Κύριε,
1170 3681 1510 3750 ἐξαλείφεις
1560 3681 1644 3736 σὺ
1680 3681 1748 3736 τὸ
1793 3682 1972 3736 κατά-

280 3767 506 3818 λοιπον
533 3765 639 3819 τοῦ
683 3767 962 3837 Ἰσραήλ;
992 3769 1104 3840 Οὐχ
1134 3768 1282 3835 ἅπαξ
1310 3770 1366 3824 δὲ
1401 3770 1556 3824 τοῦτο
1585 3770 1752 3824 ἔπαθε
1785 3773 1968 3844 μόνον,

281 3852 424 3907 ἀλλά
448 3853 544 3906 καὶ
566 3853 728 3907 πάλιν
770 3856 860 3908 ὅτε
912 3856 1004 3910 τὸν
1047 3857 1305 3928 Ἰεχονίαν
1359 3854 1499 3912 εἶδεν
1551 3860 1965 3930 ἀναιρούμενον.

280 3939 452 3993 Ὥστε
479 3942 572 3994 καὶ
601 3943 630 3994 ὀ
661 3942 783 3996 Νῶε
807 3947 854 3998 εί
880 3946 976 3998 καὶ
1004 3946 1176 4018 μυρία
1203 3947 1386 4011 αὐτοῖς
1429 3946 1646 4018 συνῄδει
1675 3949 1838 4010 κακὰ,
1869 3948 1972 4002 ούκ

280 4023 355 4098 ῆν
379 4026 504 4081 οὔτε
529 4028 743 4093 τούτου,
770 4029 894 4084 οὔτε
954 4032 1050 4086 τοῦ
1112 4034 1360 4096 Μωσέως
1413 4034 1806 4105 ἀνδρειότερος.
1859 4035 1971 4088 Καὶ

281 4116 400 4187 γὰρ
428 4117 523 4171 καὶ
571 4116 780 4182 ἐκεῖνος
816 4120 885 4172 τὰ
915 4119 1055 4174 αύτά
1107 4121 1151 4192 [ί
1165 4120 1257 4192 87]
1295 4120 1374 4191 τῷ
1404 4113 1656 4192 προφήτῃ
1710 4121 1972 4185 πολλάκις

281 4203 477 4268 ἔπαθε,
505 4205 601 4258 καὶ⁸
640 4207 1051 4278 ἁμαρτάνοντας
1089 4208 1253 4278 ὁρῶν,
1291 4210 1380 4261 ὅτε
1434 4208 1797 4280 τιμωρεῖσθαι
1842 4208 1968 4272 ἔδει,

283 4293 464 4363 ῆλγει,
496 4293 592 4347 καὶ
629 4296 828 4364 μᾶλλον
860 4295 888 4336 ι)
911 4296 1155 4349 ὠδυνᾶτο
1198 4294 1305 4348 τῶν
1353 4295 1733 4367 κολαζομένων
1767 4295 1968 4352 αὐτῶν.

294 4383 424 4435 Ἐπὶ
453 4382 509 4436 δὲ
528 4383 621 4436 τοῦ
645 4384 768 4436 Νῶε
802 4385 896 4438 καὶ
924 4387 958 4456 ἡ
995 4383 1251 4455 συμφορὰ
1290 4382 1650 4456 χαλεπωτέρα
1685 4379 1776 4455 ἦν·
1812 4385 1973 4456 μόνος

289 4469 399 4542 γὰρ
424 4473 631 4534 ἐκεῖνος
678 4473 916 4536 τοιοῦτος
946 4473 1162 4540 ἐγένετο
1191 4471 1440 4533 θάνατος.
1475 4471 1766 4536 Τοσούτοις
1792 4472 1972 4526 τοίνυν

282 4559 636 4628 συνεχομένῳ
677 4563 889 4624 κακοῖς,
921 4563 988 4632 τῇ
1043 4559 1296 4630 μονώσει.
1326 4562 1392 4630 τῇ
1422 4559 1560 4631 πρὸς
1602 4559 1665 4613 :6
1697 4559 1971 4630 ὁμόφυλον

282 4647 625 4719 συμπαθείᾳ,
654 4648 732 4719 τῷ
762 4649 956 4719 πλήθει
985 4649 1092 4702 τῶν
1125 4649 1510 4710 ἀπολωλότων,
1545 4649 1624 4721 τῷ
1653 4650 1844 4723 τρόπῳ
1873 4651 1970 4721 τῆς

279 4734 568 4806 τελευτῆς,
621 4738 688 4807 τῇ
719 4736 820 4806 τῆς
845 4737 949 4807 γῆς
987 4737 1212 4808 ἐρημίᾳ,
1248 4739 1344 4792 καὶ
1383 4738 1648 4793 πάντοθεν
1693 4738 1844 4810 αὐτῷ
1871 4739 1972 4809 τῆς

280 4823 530 4894 ἀθυμίας
553 4824 850 4896 αἰρομένης
874 4825 968 4876 καὶ
996 4824 1352 4896 ἀκμαζούσης
1387 4826 1654 4899 σφοδρῶς.
1673 4825 1973 4880 ἐπιτίθεται

281 4911 491 4976 εὐθέως
517 4917 612 4966 καὶ
640 4915 674 4984 ή
708 4913 801 4967 τοῦ
824 4913 1012 4977 παιδὸς
1046 4913 1227 4984 ὕϐρις,
1259 4915 1493 4986 πρᾶγμα
1535 4916 1842 4988 ἀφόρητον,
1877 4915 1972 4968 καὶ

279 4999 490 5071 πολλῆς
519 5001 618 5072 μὲν
651 5001 934 5072 αἰσχύνης,
971 5000 1172 5071 πολλῆς
1205 4999 1262 5054 δέ
1311 5001 1481 5070 γέμον
1529 5000 1739 5072 ὀδύνης.
1771 5013 1796 5040 α
1821 5003 1972 5072 Ὄσῳ

279 5086 398 5160 γὰρ
420 5087 529 5143 τῶν
547 5088 652 5142 ὑπὸ
677 5089 787 5142 τῶν
825 5088 1035 5160 ἐχθρῶν
1063 5089 1133 5142 τὰ
1159 5087 1312 5160 παρά
1337 5087 1446 5142 τῶν
1478 5088 1647 5158 φίλων
1668 5089 1845 5160 ὀνείδη
1874 5089 1971 5160 βα-

285 5173 515 5248 ρύτερα,
531 5177 771 5247 τοσούτῳ
796 5176 1002 5232 τούτων
1023 5177 1202 5230 αὐτῶν
1227 5177 1298 5230 τὰ
1331 5177 1485 5246 παρά
1521 5176 1630 5230 τῶν
1656 5176 1863 5230 παίδων
1889 5177 1970 5230 ἔτι

285 5260 492 5332 μᾶλλον
516 5263 910 5336 ἀφορητότερα.
935 5263 1104 5316 Ὅταν
1130 5262 1238 5332 γὰρ
1273 5262 1331 5316 ὃν
1373 5263 1682 5330 ἐγέννησεν,
1712 5261 1772 5314 ὃν
1819 5261 1974 5332 ἐθρε-

279 5348 410 5418 qm,
435 5349 494 5404 ὃν
528 5350 869 5416 ἐπαίδευσεν,
890 5351 1030 5422 ύπέρ
1047 5343 1108 5404 οῦ
1142 5349 1370 5412 πολλοὺς
1395 5349 1629 5420 μόχθους
1657 5349 1752 5401 καὶ
1776 5347 1972 5410 πόνους

281 5438 384 5494 καὶ
413 5439 698 5513 φροντίδας
725 5439 1002 5510 ἠνέσχετο,
1027 5438 1216 5494 τοῦτον
1239 5440 1494 5494 ἁπάντων
1515 5435 1972 5509 ὑϐριστικώτερον

351 5685 384 5718 ⁸
407 5684 492 5734 Sic
513 5682 663 5746 Sarvil.
689 5689 742 5732 et
760 5681 896 5734 Colb.
933 5683 1106 5733 Morel.
1131 5697 1248 5733 vero
1265 5685 1534 5746 ἀνεφέρετο.

354 5747 384 5838 ξ)
396 5745 693 5838 ἕξοιὲἐέέει
725 5746 806 5794 καὶ
831 5747 1026 5807 μᾶλλον,
1054 5746 1210 5796 Savil.
1243 5743 1524 5805 ἔδειίήλέει,
1542 5745 1623 5793 καὶ
1645 5744 1822 5806 μᾶλλον
1839 5743 1973 5805 ἤλγει

285 5810 373 5862 ιιι
395 5809 634 5856 ὠδυνᾶτο.

355 5871 381 5904 ο
415 5869 732 5922 Nonnullam
755 5867 1078 5932 sequentibus
1101 5881 1130 5922 ο
1152 5870 1336 5922 Savilio
1354 5867 1642 5922 addidimus.
1673 5868 1808 5920 Εοιτ.

1181 389 1274 444 AD
1312 386 1694 445 ετΑοιιιιωι
1733 385 1779 440 Α
1818 380 2128 438 ΒᾹΣΜΟΝΕ
2175 380 2534 440 VEXATUM.
2577 383 2705 439 LIB.
2747 382 2814 442 ΙΙ.

3649 388 3778 447 456-

2077 496 2229 568 αύτῷ
2276 500 2615 571 κεχρημένον
2653 501 2762 573 ῐδῃ,
2797 502 2921 557 ούδέ
2968 505 3214 574 ἐνεγκεῖν
3241 505 3327 557 ’τὸ
3381 505 3514 560 πολὺ
3563 506 3757 572 πένθος

2074 595 2364 668 δυνήσεται
2395 600 2494 671 τῆς
2526 599 2704 672 ψυχῆς
2729 605 2756 656 ὀ
2786 601 2946 657 τοῦτο
2973 602 3182 658 παθῶν.
3223 605 3287 657 Ἦ
3317 603 3426 676 γὰρ
3461 603 3617 676 ὕϐρις
3645 607 3758 668 τοῖς

2075 695 2380 770 ἐλευθέροις
2409 700 2505 754 καὶ
2537 700 2658 755 καθ’
2689 700 2888 774 ἐαυτὴν
2915 703 3013 774 μὲν
3039 702 3184 756 ἐστιν
3214 702 3506 772 ἀφόρητος,
3542 703 3668 758 ὅταν
3700 702 3759 761 δὲ

2074 791 2167 844 καὶ
2212 792 2364 866 παρά
2391 792 2500 848 τῶν
2534 794 2738 850 παίδων
2761 796 3000 868 γίνηται.
3032 797 3137 852 κᾶν
3167 799 3246 862 είς
3277 797 3532 851 ἔκστασιν
3561 797 3762 866 ἀγάγοι

2074 883 2166 939 τὸν
2220 885 2522 958 πάσχονταο
2563 887 2708 942 οὕτω
2769 889 3046 962 βαρυτάτη
3090 891 3236 944 ἐστίν
3271 889 3320 946 ά.
3351 891 3422 942 Σὺ
3461 889 3520 944 δέ
3556 907 3645 960 μοι
3683 889 3758 962 μὴ

2077 977 2236 1048 μόνον
2269 981 2448 1034 ἐκεῖνο
2492 978 2554 1034 τὸ
2599 981 2855 1053 τόλμημα
2906 984 3102 1049 ἐννόει,
3127 984 3265 1038 ἀλλὰ
3304 985 3396 1039 καὶ
3427 984 3536 1040 67:6
3568 985 3757 1039 τούτου

2076 1075 2338 1146 μάνθανε,
2392 1078 2512 1143 πῶς
2549 1077 2699 1150 αύτῷ
2721 1079 2815 1133 καὶ
2847 1077 2937 1132 τὸν
2978 1077 3287 1149 ἔμπροσθεν
3322 1078 3513 1150 χρόνον
3541 1077 3755 1132 ἅπαντα

2069 1169 2275 1248 ἐχρῆτο
2303 1161 2457 1236 οὗτος
2477 1173 2506 1225 6
2533 1171 2816 1244 ὑϐριστής.
2856 1172 2913 1225 '0
2932 1171 3042 1244 γὰρ
3064 1171 3122 1225 ἐν
3153 1172 3344 1242 χερσὶν
3376 1171 3456 1224 ἔτι
3485 1171 3575 1224 τὸν
3593 1171 3758 1241 φόϐον

2071 1267 2182 1321 τῶν
2213 1270 2595 1341 γεγενημένων
2622 1269 2784 1341 ἔχων,
2839 1271 2933 1325 καὶ
2964 1271 3090 1342 ἄρτι
3143 1275 3242 1343 τῆς
3290 1272 3513 1342 εἱρκτῆς
3543 1273 3757 1340 ἐκείνης

2072 1359 2444 1431 ἀπαλλαγεὶς,
2501 1363 2594 1416 καὶ
2659 1363 2760 1434 τῆς
2813 1363 3136 1434 οίκουμένης
3185 1363 3282 1427 τὰς
3341 1364 3626 1436 συμφορὰς
3679 1365 3759 1417 ἔτι

2073 1448 2314 1523 θεωρῶν,
2348 1454 2444 1507 καὶ
2473 1453 2612 1524 μηδὲ
2638 1453 2782 1508 οὕτω
2836 1456 3250 1525 σωφρονισθεὶς,
3287 1456 3402 1510 ἀλλ’
3428 1457 3659 1526 ὑϐρίσας
3680 1459 3761 1521 είς

2069 1543 2130 1598 δν
2164 1546 2370 1618 ῆκιστα
2421 1548 2639 1602 πάντων
2681 1549 2868 1620 ἐχρῆν,
2915 1549 3010 1602 καὶ
3061 1548 3198 1620 μηδὲ
3245 1547 3324 1618 τῷ
3387 1547 3604 1619 Θανάτῳ
3649 1549 3758 1602 τῶν

2070 1643 2304 1708 πολλῶν,
2333 1643 2470 1717 μηδέ
2493 1648 2559 1718 τῇ
2585 1646 2810 1718 ἐρημίᾳ,
2863 1647 2999 1718 μηδὲ
3039 1649 3105 1718 τῇ
3135 1646 3272 1717 ὀργῇ
3304 1645 3396 1698 τοῦ
3433 1646 3590 1710 Θεοῦ,
3624 1646 3758 1718 μηδὲ

2063 1734 2214 1807 ἄλλῳ
2241 1737 2349 1790 τινὶ
2395 1736 2505 1792 τῶν
2532 1737 2653 1792 τότε
2705 1738 3129 1812 συμϐεϐηκότων
3177 1739 3400 1810 βελτίων
3446 1739 3756 1811 γενόμενος.

2069 1833 2152 1897 τίς
2183 1829 2252 1906 ἦν
2279 1836 2383 1907 7:96
2409 1836 2502 1890 τοῦ
2532 1835 2947 1906 κατακλυσμοῦ,
2981 1838 3071 1890 ὅτε
3103 1837 3196 1891 καὶ
3227 1836 3456 1901 πολλοὺς
3482 1832 3594 1908 εἶχε
3630 1839 3758 1902 τοὺς

2070 1932 2526 2002 παρακαλοῦντας
2560 1933 2653 1987 67:1
2679 1935 2778 2006 τὴν
2817 1935 3017 1989 κακίαν
3063 1935 3260 1999 αύτόνς
3305 1935 3440 1989 Τότε
3476 1935 3605 2007 γὰρ,
3637 1939 3758 1992 τότε

2071 2021 2450 2095 χαλεπώτερον
2477 2023 2767 2078 κλυδώνιον
2825 2025 3112 2096 ὑπέμεινεν
3134 2026 3162 2078 6
3190 2025 3396 2089 δίκαιος
3426 2027 3634 2090 ἐκεῖνος
3663 2024 3757 2078 τοῦ

2074 2117 2214 2188 μετά
2261 2119 2434 2173 ταῦτα
2477 2120 2572 2174 ἐπὶ
2626 2121 2721 2174 τοῦ
2775 2121 3164 2192 κατακλυσμοῦ
3208 2121 3504 2192 γενομένου
3535 2121 3630 2175 καὶ
3670 2121 3760 2176 διὰ

2071 2215 2278 2283 τοῦτον,
2317 2216 2410 2271 καὶ
2435 2216 2522 2272 διὰ
2553 2220 2679 2283 τοὺς
2707 2219 2900 2283 ἄλλους
2933 2219 3199 2283 ἅπαντας.
3235 2217 3360 2272 Ἐπὶ
3391 2217 3490 2289 μὲν
3516 2218 3626 2290 γάρ
3663 2219 3758 2273 τοῦ

2073 2314 2461 2386 κατακλυσμοῦ
2517 2316 2720 2386 πλῆθος
2780 2317 2988 2371 ὑδάτων
3042 2318 3205 2372 αὐτὸν
3268 2319 3511 2389 περιεῖχε
3576 2318 3758 2388 μόνον,

2073 2412 2179 2480 7:96
2223 2412 2279 2466 δέ
2329 2412 2517 2466 τούτου
2553 2415 2752 2478 κακίας
2788 2413 3014 2484 άϐύσσῳ
3047 2415 3312 2468 πάντοθεν
3343 2414 3638 2485 συνείχετο,
3665 2416 3761 2468 καὶ

2071 2510 2180 2563 τῶν
2210 2511 2470 2582 κυμάτων
2495 2512 2646 2583 αὐτῷ
2679 2513 3039 2582 σφοδρότερον
3087 2515 3142 2566 αἱ
3186 2511 3296 2566 τῶν
3356 2513 3610 2584 πονηρῶν
3662 2517 3762 2566 ἀνα

2069 2607 2214 2680 δρῶν
2271 2609 2556 2687 ἐπιϐουλαὶ
2587 2612 3084 2684 προσερρήγνυντο.
3126 2609 3302 2673 Μόνος
3330 2609 3438 2680 γὰρ
3473 2611 3554 2673 είς
3576 2609 3764 2664 τοσοῦ-

2017 2695 2024 2702 ’
2069 2722 2161 2760 τον
2193 2706 2398 2777 πλῆθος
2424 2707 2774 2777 ἀπολειφθεὶς
2800 2706 3008 2778 ἀνδρῶν
3039 2707 3373 2778 παρανόμων
3402 2707 3496 2761 καὶ
3523 2706 3770 2778 μιαρῶν,

2071 2806 2121 2858 εί
2169 2805 2264 2859 καὶ
2329 2806 2494 2876 μηδὲν
2543 2807 2751 2876 ἔπασχε
2800 2805 3010 2870 δεινὸν,
3065 2805 3180 2858 ἀλλ’
3234 2805 3386 2875 ὅμως
3434 2806 3604 2860 πολὺν
3669 2803 3762 2860 τον

2071 2897 2286 2966 γέλωτα
2336 2899 2432 2952 καὶ
2483 2899 2652 2953 πολλά
2705 2897 2775 2952 τά
2835 2896 3145 2969 σκώμματα
3189 2897 3404 2970 ἔφερεν,
3461 2899 3510 2952 εί
3561 2899 3762 2970 καὶμὴ

2072 2991 2359 3063 πρότερον,
2390 2991 2504 3045 611‘
2526 2992 2614 3045 ὅτε
2645 2991 2772 3062 περὶ
2801 2991 2903 3061 τῆς
2926 2990 3160 3045 κιϐωτοῦ
3195 2993 3290 3046 καὶ
3310 2991 3421 3045 τῶν
3455 2991 3764 3062 μελλουσῶν

2071 3091 2257 3153 αὐτοῖς
2280 3091 2551 3160 διελέγετο
2591 3089 2910 3162 συμφορῶν.
2969 3089 3140 3143 Τοῦτο
3193 3091 3251 3144 66
3284 3091 3418 3160 ὅσην
3453 3089 3567 3161 ἔχει
3601 3089 3765 3144 δύνα-

2076 3199 2168 3252 μιν
2193 3184 2332 3256 πρὸς
2355 3183 2418 3238 τὸ
2448 3184 2681 3256 ταράξαι
2699 3182 2898 3256 ψυχὴν,
2927 3185 3328 3255 μαρτυρήσειεν
3356 3183 3424 3238 ἂν
3453 3185 3585 3254 ἡμῖν
3625 3185 3654 3238 6
3700 3187 3765 3239 ἐκ

2073 3279 2278 3344 κοιλίας
2299 3280 2600 3350 ἀγιασθεὶς,
2621 3283 2648 3335 6
2671 3279 2757 3334 διὰ
2777 3279 2935 3334 τοῦτο
2961 3279 3056 3333 καὶ
3078 3280 3177 3351 τῆς
3197 3279 3535 3352 προφητείας
3555 3278 3764 3350 μέλλων

2072 3380 2423 3451 ἀφίστασθαι.
2454 3380 2642 3434 Εἶπον
2673 3379 2844 3450 ι’γέιρ,
2895 3379 3081 3449 φησὶν,
3113 3380 3194 3432 Ού
3221 3377 3306 3448 μὴ
3337 3378 3760 3447 προφητεύσω.

2072 3481 2258 3552 Χωρὶς
2287 3479 2344 3534 δέ
2375 3479 2580 3534 τούτων
2605 3479 2738 3532 αὐτὸ
2774 3478 2935 3550 μόνον
2961 3477 3022 3530 :6
3064 3477 3267 3548 μηδένα
3305 3476 3598 3548 όμόψυχον,
3627 3477 3764 3548 μηδέ

2073 3583 2375 3656 ὀμότροπον
2391 3582 2557 3654 ἔχειν,
2577 3582 2752 3652 πόσην
2775 3581 2988 3652 ἀηδίαν,
3019 3579 3194 3652 πόσην
3222 3578 3372 3651 αύτῷ
3392 3576 3762 3644 κατεσκεύαζε

2073 3678 2172 3749 τὴν
2229 3677 2498 3749 ἀθυμίανς
2551 3677 2630 3731 Ού
2676 3675 2836 3730 τοῦτο
2862 3675 2918 3729 66
2951 3673 3128 3744 μόνον,
3155 3672 3290 3728 ἀλλά
3318 3673 3413 3726 καὶ
3443 3673 3524 3744 τῷ
3564 3672 3762 3726 συναλο

2072 3773 2190 3838 γεῖν
2244 3769 2430 3832 αὐτοῖς
2460 3768 2630 3841 μυρία
2658 3767 2863 3840 ἔπασχε
2889 3767 3057 3821 δεινά.
3094 3766 3170 3821 ού
3218 3765 3325 3838 γὰρ
3359 3765 3530 3837 δήπου
3577 3765 3767 3820 τελευ-

2072 3863 2284 3928 τῶντας
2309 3863 2469 3936 μόνον
2495 3862 2790 3935 ἐνορῶντες
2825 3861 3000 3926 οῦτως
3035 3859 3292 3929 ἀλγοῦσιν
3317 3858 3468 3932 [188]
3491 3860 3540 3914 οί
3565 3859 3766 3915 δίκαιοι

2073 3958 2199 4022 τοὺς
2236 3959 2525 4028 πονηροὺς,
2569 3956 2985 4029 ἁμαρτάνοντας
3018 3953 3076 4008 66
3134 3953 3236 4007 ούκ
3283 3953 3386 4018 ἔτι,
3420 3951 3557 4007 ἀλλά
3587 3953 3768 4024 πολλῷ

2078 4052 2279 4121 μᾶλλον
2314 4051 2490 4120 τούτῳ
2545 4050 2855 4111 δάκνονται,
2897 4050 2932 4119 ἥ
2987 4049 3202 4120 ἐκείνην
3238 4048 3335 4102 καὶ
3375 4047 3536 4102 τοῦτο
3568 4046 3624 4100 δέ
3659 4046 3768 4100 67:6

2074 4146 2184 4199 τῶν
2235 4145 2528 4218 προφητῶν
2551 4146 2618 4200 ἀν
2638 4163 2722 4208 τις
2775 4142 2938 4215 μάθοι
2977 4142 3178 4206 καλῶς.
3232 4143 3292 4194 Ὀ
3327 4140 3428 4212 μὲν
3479 4141 3588 4211 γὰρ
3637 4140 3767 4194 ἐϐόα

2077 4243 2293 4316 πικρόν·
2329 4243 2528 4313 Οἵμοι,
2580 4241 2774 4312 ψυχὴ,
2831 4241 2920 4295 ὅτι
2969 4240 3290 4294 ἀπόλωλεν
3333 4235 3600 4303 εὐλαϐὴς
3645 4237 3765 4290 ἀπὸ

2075 4338 2188 4406 τῆς
2237 4339 2372 4409 γῆς,
2395 4339 2492 4394 καὶ
2531 4343 2565 4394 ὀ
2609 4336 2918 4406 κατορθῶν
2961 4336 3032 4389 ἐν
3070 4333 3408 4402 ἀνθρώποις
3435 4335 3548 4402 οὐχ
3573 4333 3763 4401 ὑπάρ-

2073 4451 2184 4502 χει.
2204 4433 2434 4506 Ἕτερος
2462 4432 2518 4487 66
2547 4431 2700 4500 ἔλεγε
2736 4431 2876 4503 πρὸς
2895 4428 2987 4483 τὸν
3012 4427 3166 4482 Θεόν·
3199 4427 3384 4482 Ἰνατί
3407 4443 3510 4496 μοι
3528 4424 3766 4490 ἔδειξας

2074 4533 2303 4600 κόποὺς
2338 4533 2438 4586 καὶ
2467 4533 2696 4598 πόνους
2727 4528 3110 4593 ἐπιϐλέπειν;
3157 4527 3269 4582 Καὶ
3323 4526 3462 4597 ύπέρ
3501 4525 3612 4581 τῶν
3644 4526 3765 4580 ἁδι-

2075 4633 2354 4704 κουμένων
2368 4632 2426 4687 66
2445 4632 2650 4705 σφόδρα
2661 4631 3020 4702 κοπτόμενος,
3039 4628 3258 4702 ἐθρήνει
3272 4628 3467 4698 λέγων’
3482 4625 3767 4695 Ποιήσεις

2073 4733 2216 4800 τοὺς
2241 4732 2596 4803 ἀνθρώπους
2624 4734 2706 4800 ὡς
2732 4733 2876 4798 τοὺς
2918 4732 3129 4801 ἰχθύας
3159 4730 3270 4800 τῆς
3308 4728 3632 4800 θαλάσσης
3655 4732 3766 4785 οὐκ

2073 4828 2330 4898 ἔχοντας
2366 4829 2727 4896 ἡγούμενον.
2789 4827 2852 4880 El
2897 4825 2956 4879 66
3004 4825 3127 4879 τότε
3179 4824 3355 4880 ταῦτα
3392 4825 3626 4892 ἐγίνετο,
3669 4822 3764 4876 καὶ

2073 4927 2253 4996 νόμων
2305 4923 2514 4986 ὅντων,
2570 4924 2665 4978 καὶ
2723 4923 3038 4994 ἀρχόντων,
3073 4923 3170 4977 καὶ
3215 4923 3620 4994 δικαστηρίων,
3671 4921 3780 4974 καὶ·

2077 5019 2288 5085 ἱερέων,
2337 5018 2432 5071 καὶ
2483 5015 2810 5088 προφητῶν,
2865 5017 2960 5070 καὶ
2997 5015 3292 5079 κολάσεων,
3341 5013 3597 5084 ἐννόησον
3646 5011 3761 5083 μεθ’

2072 5114 2207 5185 ὅσης
2235 5109 2542 5182 ὑπερϐολῆς
2566 5109 2785 5162 ἅπαντα
2803 5106 3071 5178 ἐτολμᾶτο
3101 5106 3194 5160 ἐπὶ
3220 5107 3314 5162 τοῦ
3346 5103 3494 5168 Νῶε,
3515 5103 3604 5156 ὅτε
3640 5100 3765 5155 τού-

2074 5222 2182 5259 των
2209 5203 2364 5258 οὐδὲν
2396 5203 2646 5272 κατεῖχεν
2667 5199 2885 5265 αὐτούς.
2925 5200 3038 5254 Καὶ
3071 5199 3166 5253 67:1
3191 5197 3292 5269 μὲν
3327 5195 3436 5250 τῶν
3466 5193 3781 5267 προφητῶν.

2072 5297 2194 5351 ούδέ
2223 5297 2390 5361 πολὺς
2413 5295 2558 5366 ὁτῆς
2588 5295 2736 5364 ζωῆς
2769 5294 2960 5366 χρόνος
2990 5289 3080 5364 ἦν,
3115 5289 3230 5359 ἀλλ’
3258 5288 3632 5360 ἐϐδομήκοντα
3667 5286 3763 5357 ἐτη

2073 5396 2170 5449 καὶ
2191 5395 2543 5465 ὀγδοήκοντα⁶
2562 5393 2684 5448 τότε
2707 5391 2762 5446 δὲ
2788 5391 2881 5448 καὶ
2914 5393 2994 5455 είς
3015 5389 3272 5454 ἑξακόσια
3299 5386 3394 5460 ἐτη
3418 5385 3514 5441 καὶ
3539 5385 3760 5440 πλείονα

2072 5491 2102 5542 6
2125 5489 2234 5546 τῶν
2253 5490 2351 5545 ἀνθ
2361 5491 2557 5562 ρώπων
2580 5488 2814 5544 ἐτείνετο
2829 5489 2962 5559 βίος.
2985 5485 3080 5540 Ἴν⁹
3095 5480 3188 5539 οῦν
3209 5483 3385 5537 πάντα
3405 5481 3476 5536 τὰ
3497 5479 3776 5553 είρημέναμ

2136 5741 2164 5810 ἐι
2198 5743 2335 5810 Hau},
2353 5747 2482 5810 οῦτοι
2504 5746 2740 5810 βαρυτάτη
2763 5742 2908 5810 éafn'v,
2927 5742 3109 5810 desunt
3131 5745 3180 5810 in
3201 5740 3336 5810 (‘01)).
3365 5749 3416 5810 οι
3442 5744 3490 5792 in
3513 5745 3649 5793 textu
3671 5738 3764 5794 Sa-

2076 5806 2186 5864 vil.,
2216 5809 2306 5870 βοά
2324 5805 2644 5870 ὶιοιιοιιιίιι-“ιιι
2673 5805 2840 5870 Morel.
2873 5806 2996 5870 el_in
3014 5808 3245 5870 margine
3266 5805 3420 5854 Savil.

2094 5913 2110 5920 -
2148 5871 2171 5900 '
2207 5869 2355 5920 Savil.
2377 5868 2583 5921 elColb.
2611 5869 2760 5920 εἷπον.
2787 5865 2962 5918 Morel.
2991 5868 3109 5920 εἶπε.
