4138 6414
429 487 612 559 παρῶ,
640 486 785 539 πόσα
820 483 1121 555 πράγματα
1164 481 1307 552 ἔχειν
1338 483 1702 552 ἠναγκάζετο,
1731 483 1874 537 οὕτω
1906 482 2122 554 μακράν

430 574 631 631 ὁδεύων
668 573 808 638 666v,
836 574 933 626 καὶ
975 571 1112 642 μηδέ
1143 570 1337 642 μικρὸν
1370 572 1430 626 ἐν
1470 571 1707 643 τοσούτῳ
1739 574 1907 642 μήκει
1942 588 2123 642 παρα-

431 661 708 734 τραπῆναι
745 659 1086 724 σπουδάζων,
1136 658 1348 712 πολλῶν
1392 661 1449 713 ἐν
1488 659 1567 730 τῷ
1616 659 1819 732 μεταξὺ
1865 660 2124 731 κωλυμόι-

432 767 542 805 των
565 750 733 803 ὅντων
758 765 772 814 ;
802 749 913 801 Καὶ
946 746 999 801 τί
1030 746 1174 817 λέγω
1204 748 1435 812 πολλῶν,
1471 749 1651 819 πάσης
1698 750 1796 817 μὲν
1827 745 1917 803 οῦν
1951 749 2125 803 διόλου

434 837 692 908 τοιαύτης
749 835 915 906 οὔσης
954 835 1053 906 τῆς
1077 836 1223 903 ὁδοῦ,
1264 837 1373 890 ἀπὸ
1425 836 1530 891 τῶν
1564 839 1851 908 τερμάτων
1884 838 1984 908 τῆς
2019 837 2125 907 γῆς

435 928 528 982 ἐπὶ
590 926 658 980 τά
713 925 962 996 τέρματα
1012 925 1194 997 πάτης
1245 926 1525 979 σκοπέλων
1588 929 1684 980 καὶ
1731 926 1984 982 ἀκανθῶν
2032 929 2127 980 καὶ

438 1016 644 1089 θηρίων
701 1014 796 1069 καὶ
862 1013 1077 1085 αὐχμοῦ
1132 1014 1225 1067 καὶ
1307 1014 1496 1085 λοιμοῦ
1556 1026 1581 1056 ι
1637 1016 1733 1069 καὶ
1789 1013 2001 1087 κρυμοῦ
2032 1016 2127 1068 καὶ

437 1103 766 1175 κακούργων
813 1101 1283 1173 πεπληρωμένης;
1335 1103 1445 1156 Καὶ
1487 1104 1596 1175 γάρ
1646 1103 2016 1175 εὐκολώτερον
2035 1122 2127 1157 τε-

437 1193 748 1264 τριμμένην
784 1190 1028 1262 ἀτραπὸν
1051 1193 1109 1244 ἐν
1152 1191 1228 1261 τῷ
1258 1192 1543 1264 βαθυτάτῳ
1576 1193 1676 1264 τῆς
1706 1192 1898 1258 νυκτὸς
1925 1193 2129 1246 ὁδεύειν

439 1279 756 1347 διαπαντὸς,
807 1278 842 1350 ἢ
882 1280 980 1351 τὴν
1031 1280 1128 1351 τῆς
1161 1280 1365 1351 ἀρετῆς
1410 1280 1529 1334 ὁδὸν
1591 1282 1713 1335 κατ’
1742 1281 1981 1345 ἐκείνους
2007 1283 2131 1346 τοὺς

441 1366 688 1439 καιρούς⁹
742 1365 987 1420 τοσοῦτοι
1041 1369 1089 1420 οἱ
1142 1366 1212 1420 τά
1255 1367 1567 1440 διαδήματα
1601 1368 1766 1423 αύτοῦ
1824 1368 2131 1439 βιαζόμενοι

441 1456 817 1528 παρατρέπειν
837 1450 996 1525 ἦσαν.
1026 1455 1196 1509 Ὅταν
1249 1456 1358 1529 γὰρ
1396 1458 1601 1512 ἅπασιν
1634 1457 1778 1530 ειπερ
1808 1458 1874 1512 ἂν
1907 1456 2131 1510 ἐθέλωσι

445 1548 706 1619 πράττειν
736 1546 853 1617 ἐξῇ.
909 1542 989 1611 εἷς
1034 1546 1091 1601 δέ
1136 1548 1296 1619 μόνος
1332 1552 1360 1604 ὁ
1395 1549 1494 1621 τὴν
1523 1551 1770 1605 ἐναντίαν
1806 1550 1986 1613 αὐτοῖς
2036 1550 2132 1621 βα-

442 1635 604 1702 δίζων
653 1632 709 1709 ᾗ,
746 1635 863 1699 πῶς
907 1635 1194 1708 δυνήσεται
1246 1638 1381 1711 πρὸς
1431 1640 1493 1693 τὸ
1533 1640 1686 1704 τέλος
1709 1638 1885 1693 ἐλθεῖν
1915 1640 2134 1694 πάντων

444 1723 730 1778 ὠθούντων
758 1723 936 1777 ὀπίσω
986 1725 1081 1778 καὶ
1123 1725 1539 1797 ἀνακρουόντων
1574 1728 1771 1793 αὐτόνς
1822 1727 1997 1796 Ὅσην
2025 1725 2135 1796 γὰρ

444 1812 559 1884 εχει
583 1812 871 1866 δυσκολίαν
921 1814 982 1865 τὸ
1048 1813 1186 1884 μετά
1237 1814 1448 1868 πολλῶν
1476 1814 1632 1878 ὄντας
1686 1812 2005 1887 κατορθοῦν,
2044 1812 2137 1882 δη-

444 1901 630 1956 λοῦσιν
655 1901 705 1955 οί
739 1900 839 1964 τάς
891 1902 1129 1973 ἐρημίας
1185 1902 1576 1974 κατειληφότες
1629 1902 1748 1968 νῦν,
1794 1904 1881 1956 ὅτε
1940 1903 2005 1971 τῇ
2040 1899 2135 1953 τοῦ

446 1988 582 2043 Θεοῦ
616 1989 796 2060 χάριτι
836 1989 937 2061 τὴν
965 1988 1198 2055 εύζωΐαν
1239 1992 1518 2063 πανταχοῦ
1547 1990 1957 2064 διεσπαρμένην
1988 1990 2136 2043 ἐστιν

451 2079 598 2146 ἰδεῖν,
630 2078 718 2131 ὅτε
741 2080 835 2130 καὶ¹
858 2077 1111 2147 ὁμόνοιαν
1138 2079 1233 2131 καὶ
1264 2078 1647 2152 φιλοστοργίαν
1711 2079 1846 2150 πρὸς
1877 2078 2138 2148 ἀλλήλους

447 2168 508 2221 ού
555 2165 778 2236 μικράν.
818 2164 979 2218 Ἀλλά
1016 2164 1133 2218 τότε
1163 2167 1365 2220 τούτων
1393 2167 1545 2221 οὐδὲν
1587 2163 1675 2239 ἦν,
1712 2166 1848 2220 ἀλλά
1905 2166 2001 2220 καὶ
2040 2166 2138 2237 θη-

451 2253 585 2326 ρίων
616 2250 952 2325 ἀγριώτερον
981 2253 1183 2315 πάντες
1209 2253 1471 2308 διέκειντο
1503 2255 1641 2327 πρὸς
1673 2254 1852 2309 αὐτόν.

523 2349 597 2406 ς’.
635 2339 678 2391 Τ
685 2340 701 2391 ί
733 2336 826 2394 οῦν
853 2342 1044 2395 τούτου
1077 2343 1273 2409 γένοιτ’
1305 2342 1370 2397 ἂν
1395 2343 1783 2417 ὀδυνηρότερον
1807 2340 1899 2396 τοῦ
1932 2341 2141 2413 βίου;τί

448 2430 655 2500 ταύτης
702 2429 1105 2501 μοχθηρότερον
1158 2430 1259 2500 τῆς
1314 2430 1495 2502 ζωῆς;
1551 2431 1694 2501 Ἐγὼ
1744 2432 1845 2503 μὲν
1887 2427 1981 2486 οὖν
2033 2431 2142 2484 τῶν

450 2518 899 2591 ἀχθοφορούντων
953 2517 1246 2582 διαπαντὸς
1306 2519 1400 2572 καὶ
1454 2519 1725 2591 μηδέποτε
1764 2520 2143 2576 ἀναπνεόντων

450 2607 868 2679 ἐπηγγειλάμην
913 2607 1109 2673 δείξειν
1141 2609 1308 2662 αὐτὸν
1334 2609 1490 2663 οὐδὲν
1518 2610 1741 2681 ἄμεινον
1766 2611 2140 2682 ’διακείμενονο

449 2694 478 2746 6
514 2692 572 2746 δὲ
599 2692 757 2762 λόγος
788 2692 968 2764 πολλῷ
1003 2692 1166 2747 πλέον
1195 2693 1471 2765 ἐποίησεν,
1499 2694 1559 2748 ού
1600 2695 1761 2765 μόνον
1802 2696 1954 2749 ούδέν
1981 2695 2143 2765 ἀμει-

451 2797 563 2846 νον,
595 2780 732 2835 ἀλλά
758 2782 855 2834 καὶ
882 2779 1062 2850 πολλῷ
1089 2779 1495 2852 φορτικώτερον
1525 2781 1752 2835 ἐκείνων
1779 2782 1972 2853 ἔχοντα
2008 2784 2146 2836 ἀπο-

454 2869 633 2939 φήνας
661 2869 816 2939 ήμῖν.
852 2870 1014 2920 Δοκεῖ
1044 2867 1144 2938 μὲν
1170 2862 1264 2920 οῦν
1291 2867 1506 2932 πολλοῖς
1536 2870 1563 2920 ὁ
1611 2868 1863 2941 Ἀϐραὰμ
1890 2870 1948 2923 ἐν
1984 2869 2145 2922 εύθυ-

456 2955 557 3027 μία
603 2955 695 3008 τὸν
740 2954 957 3009 ᾶπαντα
999 2953 1432 3010 διατετελεκέναι
1479 2955 1691 3028 χρόνον,
1726 2957 1849 3011 ὅθεν
1886 2958 1982 3011 καὶ¹
2020 2957 2147 3021 τοὺς

452 3043 863 3117 εὑημεροῦντας
889 3044 983 3098 καὶ
1011 3043 1351 3116 πανταχόθεν
1377 3046 1666 3116 κομῶντας
1688 3044 1839 3117 αύτῷ
1870 3045 2149 3117 παραϐάλ-

452 3133 567 3187 λειν
603 3132 846 3189 εἰώθασι.
895 3134 1033 3205 Φέρε
1089 3128 1184 3187 οὖν
1237 3133 1585 3205 ἐξετάσωμεν
1634 3133 1704 3188 τὰ
1760 3132 2148 3207 συμϐεϐηκότα

455 3221 627 3294 αύτῷ.
671 3222 829 3293 Ἐμοὶ
887 3222 996 3295 γὰρ
1051 3213 1209 3284 οὗτος
1261 3221 1445 3295 πολλῷ
1482 3223 1577 3277 καὶ
1614 3222 1708 3277 τοῦ
1755 3221 1878 3277 Νῶε
1921 3224 2017 3278 καὶ
2050 3224 2145 3278 τοῦ

460 3310 647 3365 Ἀϐελ·
688 3311 891 3384 μᾶλλον
920 3311 978 3365 δέ
1009 3312 1161 3366 οὐδὲν
1186 3312 1316 3385 ἐρῶ,
1346 3312 1452 3377 ἐως
1497 3313 1564 3368 ἀν
1602 3314 1635 3385 ή
1665 3313 1774 3368 τῶν
1803 3314 2147 3386 πραγμάτων

448 3397 704 3469 ,ἐξέτασις
736 3398 895 3471 θῆται
918 3399 1019 3471 τὴν
1046 3399 1225 3471 ψῆφον
1252 3402 1407 3471 ήμῖν.
1441 3400 1523 3454 Τὰ
1557 3400 1656 3471 μὲν
1688 3397 1783 3455 οὖν
1817 3405 1874 3457 ἐν
1901 3401 2143 3473 Περσίδι,

457 3487 553 3541 καὶ
605 3488 658 3541 εῖ
698 3505 751 3540 τι
795 3487 960 3559 μέχρι
992 3486 1104 3541 τῶν
1151 3486 1522 3561 ἐϐδομήκοντα
1568 3488 1708 3543 ἐτῶν
1758 3489 1908 3561 αὐτῷ
1948 3489 2147 3563 συνέϐη

456 3572 699 3646 λυπηρὸν
717 3573 768 3639 b,
796 3574 972 3639 οὐδεὶς
999 3573 1203 3628 δύναιτ’
1228 3574 1295 3629 ἂν
1343 3575 1542 3629 ειδέναι
1589 3576 1798 3647 σαφῶς.
1850 3577 1984 3631 Οὐδὲ
2038 3578 2149 3650 γὰρ

456 3662 487 3714 ὁ
534 3660 802 3733 μακάριος
830 3660 984 3734 [189]
1017 3662 1257 3734 Μωῦσῆς
1283 3662 1493 3719 ἐκείνου
1519 3662 1613 3718 τοῦ
1646 3665 1839 3737 χρόνου
1869 3664 1967 3738 τὴν
2004 3667 2150 3720 ἱστο-

465 3749 588 3819 ρίαν
619 3750 749 3821 ἡμῖν
787 3748 1049 3821 ἔγραψεν,
1100 3750 1236 3804 ἀλλά
1285 3753 1465 3806 πᾶσαν
1523 3751 1622 3824 τὴν
1674 3753 1893 3825 ήλικίαν
1920 3754 2153 3824 ιταύτην

460 3837 639 3906 ἀφεὶς,
670 3837 778 3891 ἀπὸ
819 3836 927 3891 τῶν
962 3837 1101 3909 μετά
1129 3838 1302 3894 ταῦτα
1335 3840 1631 3913 πεποίηται
1671 3842 1765 3896 τοῦ
1810 3842 2151 3915 διηγήματος

460 3926 560 3998 τήν
586 3926 782 3999 ἀρχήν.
820 3926 944 3983 Ὀτι
969 3928 1026 3981 δέ
1057 3930 1150 3982 καί⁵
1177 3930 1338 3984 αὑτὸν
1373 3930 1439 3985 τὰ
1463 3931 1605 3986 αύτά
1644 3932 1877 4003 πάσχειν
1914 3931 1995 4004 τῷ
2025 3932 2151 3985 Νῶε

460 4014 609 4079 εἰκὸς
640 4010 730 4087 ἦν,
760 4015 963 4085 μεταξὺ
990 4016 1261 4073 τοσούτων
1294 4018 1508 4074 ἀσεϐῶν
1547 4022 1640 4075 καὶ
1667 4020 1960 4094 βαρϐάρων
1992 4020 2152 4093 μόνον

463 4098 787 4169 βουλόμενον
815 4100 1081 4167 εύσεϐεῖν,
1107 4101 1266 4156 τοῦτο
1315 4105 1416 4159 οὐκ
1462 4104 1541 4159 ἐτι
1582 4109 1694 4171 τοῖς
1726 4105 1908 4170 ἀλλοις
1951 4105 2154 4177 ὁμοίως

462 4185 659 4258 ἄδηλόν
692 4189 859 4249 ἐστιν,
885 4188 1021 4244 ἀλλά
1070 4190 1165 4243 καὶ
1205 4192 1255 4245 οἱ
1298 4193 1506 4266 σφόδρα
1532 4194 1750 4264 ἀνόητοι
1797 4193 2154 4265 στοχάσαιντο

466 4273 665 4346 ῥᾳδίως
694 4275 890 4330 αύτόο.
923 4276 1074 4349 Πλὴν
1100 4277 1238 4331 ἀλλά
1266 4280 1361 4332 καὶ
1386 4278 1559 4333 ταῦτα
1590 4280 1873 4352 παρείσθω
1899 4281 2014 4336 νῦν·
2044 4282 2154 4336 ἀπὸ

462 4361 520 4415 δὲ
563 4361 665 4433 τῆς
715 4364 1025 4437 ἀποδημίας
1074 4365 1237 4420 αὑτοῦ
1281 4366 1640 4439 ποιησώμεθα
1694 4368 1787 4423 τοῦ
1841 4369 2001 4438 λόγου
2053 4370 2153 4442 τὴν

464 4448 663 4520 ἀρχὴν,
699 4450 968 4522 πρότερον
999 4454 1175 4506 ἐκεῖνο
1203 4454 1579 4520 ἐξετάσαντες,
1609 4456 1774 4510 πόσον
1804 4458 1836 4528 ἡ
1869 4457 1979 4511 τῶν
2006 4457 2154 4510 Χαλ-

464 4530 628 4585 δαίων
673 4532 747 4602 γῆ
786 4533 888 4601 τῆς
920 4534 1286 4607 Παλαιστίνης
1317 4538 1648 4607 ἀφέστηκεν,
1681 4538 1714 4610 ἦ
1754 4540 1882 4592 ποία
1904 4558 1988 4603 τις
2017 4536 2084 4611 ἦν
2126 4543 2153 4612 ή

465 4619 579 4673 τῶν
619 4619 754 4673 ὁδῶν
790 4624 1129 4694 κατασκευὴ.
1164 4624 1279 4688 πῶς
1309 4628 1419 4688 τοῖς
1452 4625 1758 4698 ἀνθρώποις
1799 4628 1867 4682 τά
1898 4630 1999 4700 τῆς
2037 4628 2158 4682 ἐπι-

470 4707 654 4779 μιξίας
692 4708 791 4779 τῆς
835 4709 969 4780 πρὸς
990 4709 1254 4782 ἀλλήλους
1289 4712 1541 4779 διέκειτο,
1575 4714 1656 4778 τίς
1690 4715 1718 4767 ὁ
1748 4715 1845 4785 τῆς
1879 4715 2155 4780 πολιτείας

464 4795 669 4868 τρόπος
692 4791 781 4867 ἦν.
817 4794 908 4868 Μὴ
938 4798 1047 4870 γὰρ
1073 4799 1257 4872 ἐπειδὴ
1286 4801 1523 4866 εὐκόλως
1554 4803 1863 4872 ὑπήκουσεν
1889 4806 1918 4857 ὁ
1948 4803 2156 4869 δίκαιος

466 4883 697 4948 ἐκεῖνος,
737 4885 833 4938 καὶ
859 4885 919 4938 τὸ
956 4888 1190 4958 πρᾶγμα
1210 4888 1429 4942 εὔκολον
1458 4885 1599 4944 εἷναι
1626 4890 1853 4945 δοκείτω
1890 4891 2003 4955 νῦν,
2031 4893 2155 4963 μηδ’

466 4972 548 5026 ὅτι
601 4973 885 5044 συντόμως
931 4975 1028 5028 καὶ
1073 4976 1130 5029 ἐν
1175 4977 1368 5048 βραχεῖ
1410 4980 1471 5032 τὸ
1513 4980 1736 5049 γεγονὸς
1786 4979 2083 5051 διηγήσατο
2128 4982 2157 5033 6

464 5064 695 5135 Μωσῆς,
750 5067 845 5119 καὶ
884 5068 945 5120 τὸ
981 5067 1142 5139 ἔργον
1173 5071 1271 5140 τὴν
1299 5071 1407 5123 τῶν
1435 5072 1696 5143 ῥημάτων
1725 5070 2041 5143 βραχύτητα
2078 5089 2158 5141 μι-

469 5150 691 5223 μεῖσθαι
740 5155 951 5228 νόμιζεο
985 5160 1158 5213 εἰπεῖν
1207 5160 1308 5230 μὲν
1342 5160 1449 5232 γάρ
1479 5160 1649 5215 ταῦτα
1675 5162 1769 5215 καὶ
1791 5160 2157 5231 διηγήσασθαι

469 5243 673 5315 ῥᾴδιον,
738 5245 941 5317 πρᾶξαι
995 5246 1051 5302 δὲ
1101 5248 1285 5301 οὐκέτι
1321 5250 1522 5319 ὁμοίως
1567 5246 1824 5318 εὔπορον,
1881 5248 2016 5302 ἀλλά
2066 5248 2158 5302 καὶ

470 5333 681 5404 σφόδρα
717 5333 976 5403 χαλεπόν.
1014 5335 1089 5388 T6
1123 5336 1221 5406 μὲν
1250 5332 1342 5391 οὖν
1381 5338 1482 5408 τῆς
1522 5334 1643 5390 ὁδοῦ
1692 5337 1866 5407 μῆκος
1904 5338 1997 5390 καὶ
2036 5338 2159 5390 ὅσον

468 5415 530 5467 τι
564 5420 729 5489 μέσον
776 5423 895 5477 ἐστὶ
936 5423 1141 5478 τούτων
1177 5425 1287 5479 τῶν
1331 5425 1548 5496 χωρίων
1599 5425 1737 5494 μετά
1775 5424 2065 5495 ἀκριϐείας
2093 5423 2158 5477 ἂν

466 5502 676 5559 εἷποιεν
707 5508 819 5562 ὅσοι
847 5513 983 5585 πρὸς
1005 5515 1152 5583 ἡμᾶς
1186 5513 1399 5567 ἐκεῖθεν
1432 5514 1710 5585 διέϐησαν,
1740 5515 1787 5566 εἰ
1816 5513 1879 5584 δή
1911 5514 2056 5575 τινές
2084 5514 2161 5566 εί-

534 5744 559 5815 ‘_'
581 5741 722 5815 (2011};
740 5744 940 5815 λοιμοῦ,
956 5751 1109 5815 ἓᾳνίι.
1134 5758 1187 5800 el
1220 5752 1393 5803 Morel.
1419 5753 1578 5815 λιμοῦ.

535 5803 743 5883 212:1.-
768 5803 978 5883 ειιςρέελ
998 5813 1237 5883 λυπηρεης

540 5866 563 5897 θ
592 5864 744 5918 Savil.
773 5871 824 5916 el
844 5869 974 5921 Coll).
1012 5864 1181 5936 αὐτοῦί
1205 5875 1323 5925 Mor.
1347 5876 1484 5925 αὐτό.

1223 366 1279 423 S.
1317 363 1605 423 JOANNIS
1642 364 2132 423 CllBYSOSTOM-l
2176 365 2502 423 ARCHIEP.
2547 367 3102 425 CONSTANTlNOP.
3775 375 3858 432 .153

2227 499 2331 537 σιν·
2367 485 2528 554 ήμεῖς
2561 483 2621 537 δέ
2649 484 2872 538 ἐκείιων
2900 485 3000 556 μὲν
3022 486 3216 550 οὐδενὶ,
3247 485 3355 540 τῶν
3385 486 3442 540 δὲ
3472 487 3554 551 είς
3581 485 3677 558 τὴν
3703 488 3857 553 ἐξωτέ-

2227 590 2327 645 ραν
2358 570 2540 642 χώραν
2577 574 2923 646 ἀφικομένων
2946 574 3329 646 συγγενόμενοί
3355 592 3482 639 τινι,
3515 576 3610 630 καὶ
3642 576 3725 630 τδν

2225 667 2342 741 νονί
2369 660 2530 712 αὐτὸν
2576 661 2955 731 ἐρωτήσαντες
3011 663 3135 715 ὅσον
3197 663 3499 735 ὁδοιπορεῖν
3558 666 3865 741 ἠναγκάσθη,

2223 739 2540 813 ήκοὺσαμεν
2590 744 2672 797 ὅτι
2719 744 3012 816 τριάκοντα
3052 747 3214 799 πέντε
3264 748 3488 817 ήμερῶν
3529 748 3766 820 ἀριθμόν·
3791 739 3869 805 καὶ

2228 831 2525 885 Βαϐυλῶνα
2558 832 2655 901 μὲν
2691 833 2791 885 οὐκ
2818 832 3016 887 εἰδέναι
3047 833 3171 905 ἔφη,
3213 834 3322 887 τῶν
3355 833 3409 888 δὲ
3444 838 3561 889 ἐκεῖ
3602 838 3869 906 γενομένων

2228 920 2545 990 ἀκηκοέναι,
2592 921 2674 973 ὅτι
2709 922 2872 993 ἐτέρα
2891 921 3128 993 τοσαύτη
3156 921 3319 976 πάλιν
3353 922 3564 976 ἐκεῖθέν
3596 925 3733 978 ἐστιν
3755 925 3867 991 ὁδός.

2229 1008 2340 1061 Καὶ
2383 1006 2444 1060 τὸ
2496 1008 2594 1078 μὲν
2635 1007 2908 1079 διάστημα
2950 1008 3202 1063 τοσοῦτον
3250 1011 3345 1063 καὶ
3383 1010 3509 1064 τότε
3554 1007 3641 1083 ἧν,
3666 1013 3765 1071 ,καὶ
3795 1014 3872 1067 νῦν

2230 1098 2397 1149 ἐστιν’
2427 1099 2460 1168 ή
2483 1096 2539 1150 δὲ
2573 1096 2887 1169 κατασκευὴ
2915 1097 3025 1151 τῶν
3046 1097 3181 1151 ὁδῶν
3203 1099 3303 1150 οὐκ
3332 1097 3405 1151 ἔθ’
3426 1099 3629 1169 ὁμοίως
3655 1099 3725 1164 ὡς
3747 1099 3770 1140 ά
3798 1104 3872 1156 καὶ

2230 1182 2326 1238 νῦν
2351 1183 2444 1237 καὶ
2474 1184 2594 1237 τότε
2618 1184 2908 1238 διάκειται.
2948 1184 3063 1240 Νῦν
3095 1186 3193 1257 μὲν
3226 1186 3335 1257 γὰρ
3367 1188 3462 1240 καὶ
3486 1187 3738 1258 σταθμοῖς
3764 1188 3873 1243 διεί-

2230 1269 2433 1342 ληπται
2466 1272 2715 1342 συνεχέσι
2762 1273 2857 1327 καὶ
2892 1270 3077 1326 πόλεσι
3111 1276 3205 1326 καὶ
3240 1266 3447 1345 ἀγροῖς,
3483 1275 3579 1328 καὶ
3613 1274 3875 1349 ὁδοιπόροις

2231 1356 2289 1412 δὲ
2322 1357 2554 1429 βαδίζων
2594 1361 2661 1414 ἀν
2699 1377 2783 1424 τις
2828 1360 3044 1431 ἐντύχοι
3089 1360 3326 1425 πολλοῖς,
3361 1363 3499 1433 ὅπερ
3538 1363 3633 1416 καὶ
3666 1362 3874 1435 σταθμοῦ

2233 1446 2330 1499 καὶ
2381 1445 2590 1510 πόλεως
2642 1448 2739 1501 καὶ
2771 1448 2943 1519 ἀγροῦ
2982 1448 3081 1519 ούχ
3122 1443 3285 1520 ἦττον
3324 1450 3404 1513 εἰς
3432 1448 3724 1518 ἀσφαλείας
3746 1449 3876 1520 λόγον

2235 1527 2370 1583 ἐστι.
2398 1529 2542 1597 Πρὸς
2570 1529 2627 1582 δέ
2655 1530 2864 1594 τούτοις
2896 1532 2990 1585 καὶ
3016 1531 3124 1585 ἀπὸ
3147 1535 3248 1604 τῆς
3277 1529 3460 1603 χώρας
3490 1533 3541 1585 οἱ
3568 1532 3673 1586 τῶν
3702 1534 3877 1588 πόλεων

2235 1616 2494 1688 ἄρχοντες
2538 1617 2738 1688 ἄνδρας
2773 1619 2868 1673 καὶ
2901 1618 3059 1691 ῥώμῃ
3094 1618 3349 1689 σώματος
3387 1620 3498 1673 τῶν
3524 1620 3695 1675 ἀλλων
3722 1621 3879 1691 διαφέ-

2240 1723 2432 1777 ροντας
2470 1706 2566 1759 καὶ
2606 1707 2841 1778 ἀκοντίῳ
2876 1708 2971 1761 καὶ
3003 1708 3264 1780 σφενδόνῃ
3306 1707 3561 1761 τοσοῦτον
3589 1707 3879 1779 δυναμένους

2241 1791 2450 1865 ἀρκεῖν,
2485 1796 2608 1849 ὅσον
2648 1798 2762 1859 τοῖς
2803 1796 2983 1866 βέλεσι
3033 1796 3133 1866 μὲν
3179 1798 3228 1849 οἱ
3258 1795 3491 1861 τοξόται,
3532 1798 3581 1849 οἱ
3617 1796 3670 1850 δέ
3699 1797 3880 1850 ὁπλῖται

2237 1887 2353 1947 τοῖς
2391 1884 2599 1957 δόρασι,
2637 1885 2862 1949 τούτους
2902 1884 3281 1950 συντάξαντες,
3319 1885 3414 1939 καὶ
3445 1887 3705 1957 ἄρχοντας
3731 1888 3880 1950 αὐτοῖς

2239 1970 2655 2040 ἐπιστήσαντες.
2716 1972 2797 2034 είς
2865 1970 3014 2024 οὐδὲν
3065 1971 3252 2041 ἕτερον
3312 1972 3725 2041 ἀπησχόλησαν,
3772 1970 3880 2024 ἀλλὰ

2247 2058 2405 2129 μόνον
2442 2057 2541 2127 τὴν
2568 2057 2677 2110 τῶν
2712 2058 2846 2111 ὁδῶν
2875 2057 3180 2129 ἐπέτρεψαν
3213 2059 3482 2130 φυλακήν.
3526 2058 3676 2112 Μετά
3710 2055 3762 2110 δὲ
3786 2056 3882 2110 τού-

2242 2163 2351 2199 των
2382 2146 2477 2198 καὶ
2513 2146 2707 2218 ἐτέραν
2744 2146 2904 2201 πάλιν
2933 2146 3140 2199 τούτων
3177 2146 3581 2218 ἀκριϐεστέραν
3625 2145 3882 2213 ἀσφάλειαν

2244 2234 2562 2304 ἐπενόησαν.
2604 2233 2895 2303 Οἰκήματα
2937 2232 3048 2305 γὰρ
3089 2233 3232 2287 κατά
3277 2232 3465 2304 χιλίων
3520 2233 3763 2304 βημάτων
3793 2232 3885 2286 διά-ι

2246 2338 2427 2391 στημα
2467 2320 2783 2391 δειμάμενοι
2822 2320 2974 2391 παρά
3012 2322 3111 2391 τὴν
3147 2321 3288 2384 ὁδὸν,
3343 2323 3691 2393 νυκτερινοὺς
3733 2320 3885 2384 αὐτοῖς

2245 2409 2657 2479 ἐγκατέστησαν
2692 2408 2961 2478 φύλακας,
2993 2409 3092 2480 τὴν
3129 2409 3352 2463 ἐκείνων
3376 2408 3687 2481 ἀγρυπνίαν
3706 2408 3787 2461 καὶ
3810 2408 3888 2479 τήν

2248 2494 2443 2566 σχολὴν
2479 2495 2735 2566 μέγιστον
2775 2494 3007 2566 κώλυμα
3043 2499 3155 2559 τοῖς
3190 2496 3299 2549 τῶν
3346 2495 3674 2568 κακούργων
3713 2495 3890 2564 ἐφόδοις

2246 2582 2697 2653 ἐπιτειχίσαντες.
2729 2582 2864 2636 Τότε
2888 2582 2945 2636 δέ
2980 2583 3132 2637 οὐδὲν
3159 2583 3363 2637 τούτων
3384 2579 3478 2657 ἦν,
3505 2584 3605 2637 οὐκ
3631 2583 3778 2654 ἀγροὶ
3798 2596 3892 2635 συν-

2190 2682 2195 2687 ’
2249 2674 2415 2743 εχεῖς,
2442 2671 2503 2725 ού
2540 2670 2744 2737 πόλεις,
2776 2672 2838 2726 οὐ
2871 2671 3124 2743 σταθμοὶ,
3156 2673 3218 2725 ού
3242 2672 3611 2741 καταγώγιον,
3639 2672 3697 2725 οὐ
3715 2670 3772 2724 τδ
3795 2686 3892 2724 σνν-

2249 2760 2530 2832 θδοιπόρον
2580 2761 2793 2830 ταχέως
2833 2759 2980 2821 ἰδεῖν,
3014 2760 3114 2814 οὐκ
3144 2759 3272 2814 ἄλλο
3298 2777 3350 2814 τι
3386 2760 3596 2813 τούτων
3623 2758 3782 2812 οὐδέν’
3814 2757 3893 2830 τὴν

2247 2845 2357 2918 γὰρ
2386 2847 2484 2917 τῆς
2509 2847 2759 2917 ἀτραποῦ
2809 2847 3124 2919 τραχύτητα
3156 2847 3251 2901 καὶ
3295 2847 3393 2917 τὴν
3430 2847 3544 2901 τῶν
3609 2846 3775 2917 ἀέρων
3817 2845 3893 2899 ἁν-

2254 2932 2504 3004 ωμαλίαν
2526 2933 2765 3005 παρίημι
2781 2933 2898 2998 νῦν,
2932 2935 3109 2988 καίτοι
3129 2952 3192 3004 γε
3222 2933 3402 2998 ἱκανὰ,
3429 2934 3655 2988 ἐκείνων
3674 2933 3742 3005 μὴ
3759 2947 3896 3005 προσ-

2249 3021 2420 3075 όντων
2446 3034 2495 3091 ε,
2523 3021 2761 3093 λυπῆσαι
2795 3023 2922 3086 τοὺς
2959 3022 3372 3094 ὁδοιποροῦντας
3407 3016 3628 3087 ἱκανῶς.
3664 3023 3766 3076 Καὶ
3789 3036 3898 3092 μαρ-

2249 3112 2547 3185 τυρήσαιεν
2590 3111 2655 3165 ἀν
2685 3128 2776 3182 μοι
2811 3112 2860 3165 οἱ
2908 3110 3129 3179 ζεύγεσι
3159 3112 3251 3165 καὶ
3293 3111 3612 3181 ὑποζυγίοις
3642 3111 3896 3185 χρώμενοι,

2250 3200 2346 3254 καὶ
2378 3198 2514 3271 μηδέ
2542 3197 2687 3252 οὕτω
2707 3199 2806 3270 τῆς
2836 3198 3101 3271 συνήθους
3128 3199 3429 3254 ἐπιϐαίνειν
3460 3200 3761 3272 τολμῶντες
3780 3195 3897 3259 ὁδοῦ,

2250 3288 2300 3340 εί
2327 3286 2402 3358 μὴ
2428 3286 2693 3359 πρότερον
2712 3286 2884 3357 αὐτὴν
2915 3287 3228 3359 στορέσαιεν
3249 3287 3441 3353 λίθοις,
3468 3288 3682 3351 καὶτὰς
3700 3285 3797 3341 ἀπὸ
3812 3284 3900 3338 τῶν

2253 3374 2403 3449 [190]
2446 3376 2664 3448 ῥυάκων
2695 3376 2976 3448 χαράδρας
3012 3375 3517 3449 ἀναπληρώσαντες
3564 3376 3792 3431 ἰσόπεδον
3827 3370 3901 3427 οὔ·

2250 3481 2358 3528 τως
2396 3464 2744 3535 ἐργάσαιντο.
2784 3464 2918 3517 Τότε
2956 3464 3014 3517 δέ
3053 3466 3362 3537 ἐρημοτέρα
3400 3467 3500 3536 μὲν
3534 3466 3639 3520 τῶν
3664 3462 3901 3533 ἀοικήτων

2249 3546 2341 3623 ἦν,
2367 3551 2698 3624 ἀπορωτέρα
2723 3551 2780 3606 δὲ
2803 3552 2911 3605 τῶν
2936 3552 3100 3625 ὀρῶν,
3132 3552 3527 3627 σφαλερωτέρα
3552 3553 3608 3608 δὲ
3634 3552 3736 3607 τῶν
3763 3549 3903 3623 βαρά-

2252 3641 2400 3714 θρων
2424 3642 2519 3697 καὶ
2544 3642 2654 3697 τῶν
2675 3642 2960 3714 κρημνῶν.
2988 3642 3101 3698 Καὶ
3129 3643 3190 3697 τὸ
3218 3644 3438 3699 πάντων
3468 3644 3528 3697 δὲ
3559 3640 3901 3715 χαλεπώτερον

2252 3732 2353 3785 οὐκ
2400 3726 2575 3793 εἷπον.
2608 3731 2725 3797 πῶς
2769 3731 2837 3785 τά
2874 3732 2974 3803 τῆς
3015 3732 3296 3804 ἐπιμιξίας
3336 3733 3590 3798 διέκειτο,
3642 3733 3668 3786 6
3707 3728 3902 3797 καὶτῆς

2251 3820 2374 3875 ὁδοῦ
2440 3820 2621 3892 πολλῷ
2661 3821 2881 3875 πλείονα
2943 3822 3038 3875 καὶ
3099 3821 3322 3893 μείζονα
3373 3825 3605 3896 παρεῖχε
3640 3819 3905 3893 πράγματα

2254 3910 2461 3974 αὐτοῖς,
2497 3909 2641 3963 κατά
2669 3909 2820 3981 ἔθνη,
2859 3910 3063 3980 μᾶλλον
3104 3910 3162 3964 δέ
3193 3910 3337 3965 κατά
3377 3911 3535 3965 πόλιν
3571 3909 3811 3965 ἁπάντων
3843 3904 3906 3957 δι-

2253 3999 2569 4072 ῃρημένων.
2602 3999 2679 4052 θύ
2713 3998 2821 4069 γάρ
2851 3998 3042 4070 ὥσπερ
3080 3997 3176 4054 νῦν
3226 3998 3323 4070 μία
3359 3999 3505 4071 ἀρχὴ
3536 3998 3675 4053 κατά
3699 3995 3755 4049 τὸ
3781 3993 3906 4047 πλεῖ-

2257 4103 2380 4141 στον
2409 4086 2507 4158 τῆς
2531 4086 2861 4157 οἰκουμένης
2885 4086 3109 4141 τέταται
3141 4087 3326 4159 μέρος,
3351 4087 3447 4141 καὶ
3478 4088 3562 4141 ἐνὶ
3590 4086 3781 4147 πάντες
3806 4082 3906 4136 δου-

2254 4175 2504 4230 λεύουσιν
2546 4173 2844 4248 ἀνθρώπῳ,
2878 4176 2972 4230 καὶ
3011 4177 3124 4240 τοῖς
3158 4176 3335 4239 αὐτοῖς
3368 4174 3696 4231 διοικοῦνται
3730 4172 3907 4242 νόμοις.

2256 4264 2398 4318 οὕτω
2435 4265 2531 4318 καὶ
2556 4264 2678 4318 τότε
2711 4259 2799 4335 ἦν·
2828 4264 2943 4318 ἀλλ’
2973 4262 3164 4334 ὥσπερ
3197 4262 3356 4335 σῶμα
3389 4262 3448 4316 ἓν
3483 4264 3564 4327 είς
3600 4260 3762 4316 πολλὰ
3787 4257 3908 4330 μέρη

2258 4352 2629 4424 κατατμηθέν,
2659 4352 2804 4406 οὓτω
2827 4352 2922 4407 καὶ
2953 4352 3014 4405 τὸ
3048 4350 3155 4405 τῶν
3180 4351 3483 4423 ἀνθρώπων
3514 4350 3797 4405 διέσπαστο
3830 4344 3908 4415 γέ-

2257 4460 2368 4506 νος,
2425 4443 2519 4495 καὶ
2572 4440 2867 4512 πολεμίους
2913 4441 2978 4493 ἐκ
3034 4439 3309 4512 πολεμίων
3356 4440 3609 4509 ἀμείϐειν
3653 4440 3682 4492 ὁ
3732 4437 3911 4494 δίκαιος

2258 4532 2618 4602 ἠναγκάζετο,
2653 4530 2785 4602 πρὶν
2823 4530 2856 4600 ἢ
2896 4529 3023 4593 τοὺς
3056 4530 3357 4602 προτέρους
3390 4529 3691 4597 διαφυγεῖν,
3730 4524 3909 4593 ἑτέροις

2259 4619 2548 4690 ἐμπίπτων
2584 4619 2696 4681 ἀεὶ,
2725 4617 2801 4688 πὴ
2836 4618 2935 4689 μὲν
2962 4618 3318 4689 πολυαρχίας,
3356 4618 3432 4688 πὴ
3475 4618 3534 4672 δέ
3562 4616 3813 4687 ἀναρχίας
3836 4610 3913 4665 οὗ·

2261 4727 2380 4779 σης.
2416 4707 2482 4760 Τί
2520 4702 2614 4761 οὖν
2644 4706 2851 4778 ταύτης
2878 4705 3257 4778 χαλεπώτερον
3298 4706 3398 4777 τῆς
3443 4705 3621 4777 ζωῆς;
3656 4703 3784 4760 Οὐδὲ
3820 4699 3912 4769 γὰρ

2249 4797 2402 4868 ὺπέρ
2434 4794 2630 4849 ἐαυτοῦ
2660 4796 2819 4867 μόνον
2844 4795 3100 4849 ἐδεδοίκει
3124 4795 3219 4848 καὶ
3239 4794 3487 4867 ἐτρεμεν,
3518 4795 3651 4849 ἀλλά
3681 4794 3768 4847 καὶ
3792 4788 3912 4856 ὑπὲρ

2260 4882 2465 4955 πατρὸς
2499 4883 2596 4937 καὶ
2622 4882 2880 4951 γυναικὸς
2906 4883 3001 4937 καὶ
3029 4882 3169 4954 ὑπὲρ
3202 4882 3503 4953 ἀδελφιδοῦ.
3533 4878 3639 4936 Ἦν
3667 4881 3723 4934 δέ
3752 4876 3909 4943 ούδὲή

2258 4973 2367 5027 τῶν
2409 4971 2635 5026 οἰκετῶν
2676 4971 2899 5044 φροντὶς
2957 4970 3150 5043 μικρὰ,
3201 4972 3247 5024 εἰ
3294 4971 3388 5024 καὶ
3447 4970 3541 5024 ἐπὶ
3592 4972 3691 5040 τῆς
3734 4963 3913 5023 οἰκείας

2260 5062 2556 5132 ἐτύγχανον
2600 5059 2774 5125 ὄντες,
2827 5059 2902 5131 μὴ
2957 5060 3038 5114 ὅτι
3085 5076 3148 5127 γε
3193 5060 3281 5112 ὅτε
3341 5059 3435 5111 ἐπὶ
3487 5058 3584 5129 τῆς
3633 5052 3908 5125 ἀλλοτρίας,

2260 5150 2635 5221 ἠναγκάζοντο
2683 5144 2823 5203 εἶναι
2865 5150 3179 5213 διαπαντός.
3225 5149 3335 5202 Καὶ
3382 5149 3431 5201 εί
3474 5148 3568 5219 μὲν
3596 5146 3713 5217 ᾔδει
3750 5139 3913 5210 σαφῶς

2259 5240 2432 5295 ὃπουί
2474 5242 2730 5310 στήσεται
2769 5238 2839 5293 τά
2876 5240 2975 5310 τῆς
3006 5238 3214 5309 πλάνης
3244 5237 3412 5308 αὐτῷ,
3445 5238 3543 5290 οὐκ
3583 5231 3650 5306 ἦν
3695 5231 3827 5287 οὕτω
3864 5225 3914 5279 τὸ

2260 5330 2369 5385 τῶν
2406 5329 2704 5401 φροντίδων
2731 5328 3025 5400 ἀφόρητον·
3063 5327 3159 5381 νῦν
3191 5328 3248 5381 δὲ
3279 5326 3467 5390 ἁπλῶς
3508 5325 3597 5381 καὶ
3624 5320 3913 5394 ἀδιορίστως

2261 5417 2501 5481 ἀκούσας
2528 5416 2683 5487 Γῆν,
2708 5416 2769 5469 ού
2795 5415 2951 5487 τήνδε
2974 5415 3007 5486 ἢ
3035 5414 3212 5486 τήνδε,
3245 5415 3379 5479 ἀλλ’.
3404 5416 3510 5469 Ἢν
3529 5414 3603 5467 ἄν
3624 5427 3717 5466 σοι
3742 5404 3913 5471 δείξω,

2325 5694 2352 5733 tl
2379 5696 2463 5751 Ὡς
2485 5696 2631 5743 deest
2655 5692 2704 5741 in
2732 5693 2886 5744 Savh.
2915 5700 2967 5743 el
2988 5694 3124 5744 Coln.
3492 5753 3505 5755 _
3573 5752 3593 5755 Δ
3628 5749 3659 5755 __
3753 5753 3759 5755 _
3785 5745 3812 5755 -
3867 5743 3879 5755 .

2336 5758 2355 5781 ε
2390 5740 3199 5833 ᾗῑρτέῐἐιὲιὲἓειᾰεῖὲέαἶιέιέὲἓέέιωγ
3225 5755 3289 5818 μὴ
3314 5740 3914 5833 «990-10£9_“3_-_5E§P'“'

2266 5820 2407 5882 ἱκανά
2427 5820 2588 5867 ἀθεεὶ.
2623 5811 2910 5882 κοτέει-Η.
2941 5811 3305 5882 ὁδοιποροῦντας
3335 5811 3431 5867 τῶν
3464 5816 3638 5867 λοιπῶν
3658 5811 3834 5863 ἱκανῶν.

2333 5881 2352 5922 ί
2380 5882 2515 5933 Culb.
2543 5888 2595 5931 οι
2617 5879 2767 5931 SMU.
2796 5882 2925 5945 ὅποι,
2951 5879 3124 5932 Morel}
3150 5881 3291 5930 ὅπου.
