4138 6414
335 429 438 485 45⁸1

334 557 466 599 vero
493 541 558 597 ad
588 550 870 596 sexcentos
892 553 1061 594 annos
1089 547 1142 593 et
1168 538 1304 593 ultra
1334 538 1565 592 humana
1592 535 1696 588 vita
1724 531 1927 603 pertin:

333 635 514 706 gebat.
555 633 625 689 Ut
663 634 820 704 igitur
864 634 966 687 alia
1008 632 1272 696 omittam,
1320 637 1449 701 quot
1495 627 1705 698 negotia
1745 624 1926 680 subire

335 725 628 797 cogebatur
657 726 746 796 qui
787 725 920 780 adeo
949 725 1212 794 prolixum
1244 723 1345 776 iter
1369 720 1617 792 gradiens
1645 717 1922 780 currebat,

337 835 400 874 ac
425 819 630 872 viribus
659 818 785 872 totis
816 816 1124 871 intendebat
1167 815 1220 869 in
1262 824 1404 868 tanta
1457 813 1556 866 viae
1599 809 1927 880 longitudine

339 926 405 966 ne
434 925 620 980 parum
652 909 866 979 quidem
894 908 1178 973 divertere,
1209 921 1327 961 eum
1351 905 1578 974 plurima
1601 910 1779 957 essent
1808 916 1926 970 quae

340 1000 718 1072 prohiberent?
746 999 811 1053 Et
835 999 960 1068 quid
989 998 1110 1053 dico
1139 997 1388 1068 plurima,
1422 1009 1542 1049 cum
1571 1001 1677 1047 tota
1705 1005 1926 1062 prorsus

337 1092 444 1146 vita
485 1106 515 1146 a
549 1091 740 1146 ﬁnibus
779 1091 843 1144 ad
887 1090 1017 1144 ﬁnes
1065 1098 1220 1143 terrae
1262 1096 1405 1142 esset
1449 1083 1785 1155 hujusmodi,
1818 1091 1925 1136 tota

336 1183 609 1252 scapulis,
639 1182 878 1247 sentibus
898 1224 910 1246 ,
945 1181 1163 1245 belluis,
1229 1179 1510 1249 squalore,
1566 1185 1716 1246 peste
1743 1175 1759 1206 ¹
1787 1216 1801 1240 ,
1851 1174 1928 1228 al-

338 1289 490 1342 gore,
524 1273 889 1343 maleﬁcisqne
919 1275 1105 1342 plena?
1128 1271 1385 1341 Equidem
1419 1268 1624 1323 facilius
1651 1265 1923 1322 existinm-

339 1365 509 1418 verim
555 1364 985 1434 augustissimam
1027 1363 1270 1417 semitam
1313 1359 1726 1432 profundissima
1771 1362 1929 1410 nocte

337 1469 555 1525 semper
608 1454 900 1520 incedere,
966 1469 1122 1525 quam
1179 1452 1285 1507 illis
1335 1449 1665 1520 temporibus
1717 1444 1929 1500 virtutis

336 1546 480 1599 viam
507 1562 519 1598 :
545 1552 622 1598 tot
647 1542 892 1598 homines
963 1547 1148 1606 erant,
1187 1542 1277 1614 qui
1306 1554 1530 1612 gressus
1562 1539 1710 1598 illius
1737 1551 1908 1596 cona-

338 1644 527 1690 rentur
571 1644 832 1689 evertere.
888 1631 1026 1688 Cum
1081 1632 1225 1688 enim
1279 1629 1527 1685 omnibus
1578 1639 1929 1698 quascumque

338 1729 508 1784 velint
537 1743 694 1796 agere
734 1727 935 1782 licitum
965 1728 1052 1793 sit,
1081 1741 1218 1781 unus
1259 1739 1388 1779 vero
1423 1723 1569 1777 solus
1606 1719 1927 1775 contrariam

337 1820 592 1876 omnibus
620 1819 831 1874 incedat
857 1820 994 1872 viam
1017 1861 1032 1884 ,
1061 1817 1273 1888 quando
1301 1817 1344 1870 is
1371 1815 1436 1868 ad
1465 1813 1622 1867 ﬁnem
1651 1810 1932 1882 pervenire

339 1912 571 1982 poterit,
613 1910 822 1965 cunctis
853 1910 999 1964 illum
1034 1918 1178 1964 retro
1208 1906 1605 1976 impellentibus
1632 1911 1788 1973 atque
1815 1900 1930 1970 pul-

337 2001 624 2056 santibus?
659 1999 837 2067 .Cujus
877 1999 1020 2054 enim
1061 1997 1388 2052 diflicultatis
1428 1995 1496 2049 sit
1530 2008 1649 2048 cum
1693 1989 1932 2061 plurimis

337 2091 584 2161 degendo
613 2099 757 2146 recte
784 2090 992 2160 operari
1013 2132 1027 2156 ,
1060 2089 1380 2144 documento
1410 2085 1565 2140 nobis
1597 2091 1722 2138 sunt
1751 2083 1808 2146 ii,
1840 2081 1929 2152 qui

337 2184 502 2238 modo
525 2198 736 2253 quoque
758 2181 1070 2236 solitudines
1096 2188 1358 2248 occupant
1380 2219 1395 2244 ,
1425 2193 1545 2232 cum
1580 2185 1756 2229 tamen
1787 2181 1934 2228 recte

337 2275 554 2328 vivendi
579 2277 800 2328 formam
822 2273 1017 2342 ubique
1039 2271 1463 2333 disseminatam,
1487 2265 1934 2334 concordiamque

338 2375 397 2420 Cl
417 2376 657 2420 mutuum
681 2381 918 2418 amorem
947 2379 1050 2417 non
1075 2363 1322 2432 CXiglllﬂll
1353 2375 1573 2415 CCI‘IICI‘C
1603 2358 1654 2410 ἰιι
1686 2364 1933 2426 promptu

338 2459 430 2512 sit.
459 2457 607 2512 'I‘unc
635 2473 759 2511 vero
788 2457 916 2511 nihil
947 2457 1133 2510 horum
1168 2453 1390 2508 inveniri
1419 2460 1654 2522 poterat;
1686 2448 1779 2504 sed
1808 2463 1936 2502 con-

340 2557 425 2602 tra
456 2549 599 2602 illum
625 2563 814 2604 omnes
853 2547 980 2601 feris
1005 2545 1252 2600 omnibus
1281 2543 1621 2596 innnaniores
1652 2548 1822 2595 erant.

415 2639 470 2694 6.
490 2639 795 2708 Exemplum
826 2639 1041 2692 Abrahae
1069 2640 1280 2709 profert.
1295 2665 1365 2676 -—
1387 2635 1520 2703 Quid
1540 2634 1698 2704 igitur
1714 2633 1814 2688 hac
1831 2634 1936 2686 vita

339 2732 656 2797 luctuosius,
677 2731 802 2802 quid
826 2730 1179 2785 laboriosius?
1197 2729 1454 2798 Equidem
1486 2735 1827 2782 ostensurum
1851 2741 1937 2779 me

339 2825 694 2892 promiseram
731 2824 878 2878 illum
912 2823 1078 2877 nihilo
1103 2821 1324 2877 meliore
1350 2819 1654 2875 conditione
1687 2817 1847 2871 fuisse
1874 2816 1939 2870 iis

340 2915 433 2983 qui
471 2929 686 2983 semper
723 2929 886 2968 onera
918 2913 1116 2979 ferunt,
1149 2923 1201 2967 et
1230 2903 1517 2980 numquam
1557 2909 1934 2980 requiescunt;

342 3007 438 3062 sed
483 3010 654 3061 oratio
696 3006 864 3061 multo
903 3006 1131 3075 amplius
1178 3004 1352 3058 eﬂ'ecit
1389 3022 1401 3058 :
1436 3019 1540 3056 non
1584 3001 1757 3056 solum
1795 3000 1935 3054 enim

343 3115 452 3154 non
494 3099 734 3164 meliore,
765 3099 857 3154 scd
906 3108 959 3154 et
985 3099 1139 3169 longe
1185 3098 1428 3168 graviore
1455 3096 1556 3149 illis
1584 3110 1646 3149 ac
1675 3094 1938 3148 deteriore

342 3193 651 3249 conditione
696 3192 860 3247 fuisse
905 3192 1058 3246 nobis
1109 3189 1378 3261 patefecit.
1429 3187 1650 3242 Videtur
1698 3185 1938 3256 plurimis

342 3285 616 3340 Abraham
646 3293 856 3339 aetatem
899 3300 1111 3337 onmem
1159 3297 1414 3352 prospere
1458 3296 1520 3335 ac
1553 3279 1838 3350 tranquille
1859 3279 1936 3332 vi-

343 3378 490 3432 xisse
524 3395 536 3432 :
564 3378 813 3448 quocirca
845 3375 1107 3431 feliciores
1132 3389 1372 3444 quosque
1397 3383 1448 3427 et
1472 3372 1703 3442 undique
1743 3370 1938 3424 ﬂoren-

295 3520 303 3526 .
345 3478 429 3524 tes
467 3469 539 3524 illi
586 3485 903 3538 comparare
930 3469 1124 3523 Solent.
1157 3467 1268 3538 Age
1295 3481 1421 3535 ergo
1455 3465 1787 3534 inquiramus
1813 3463 1936 3518 dili-

345 3562 559 3631 gentius
602 3576 720 3630 qua:
750 3560 822 3614 illi
855 3560 1210 3629 contigerunt.
1241 3556 1338 3611 Hic
1367 3555 1494 3609 mihi
1527 3555 1736 3610 videtur
1781 3555 1939 3625 longe

345 3655 590 3726 graviora
634 3668 792 3723 quam
836 3651 948 3706 Noe
993 3665 1259 3721 quamque
1303 3648 1437 3704 Abel
1491 3662 1811 3719 perpessus;
1843 3646 1938 3702 sed

346 3761 450 3816 ego
475 3746 643 3800 satius
675 3760 794 3800 esse
823 3758 888 3798 ac
917 3742 1308 3812 meliusjudico
1337 3741 1468 3796 nihil
1495 3741 1706 3797 interim
1734 3740 1934 3805 dicere,

345 3836 521 3907 quoad
571 3853 748 3890 rerum
803 3835 1028 3905 diligens
1088 3835 1350 3890 discussio
1404 3835 1723 3889 sententiam
1783 3833 1934 3888 ferat.

345 3928 478 3996 Qure
511 3927 668 3997 igitur
696 3927 774 3982 illi
803 3929 853 3982 in
883 3927 1102 3982 Perside
1122 3936 1176 3982 et
1207 3941 1376 3998 usque
1399 3927 1465 3982 ad
1488 3925 1936 3996 septuagesimum

345 4034 545 4072 annnin
569 4019 906 4088 contigerunt
935 4018 1124 4083 tristia,
1149 4017 1334 4074 nullus
1363 4026 1547 4086 aperte
1572 4016 1711 4070 scire
1742 4024 1935 4085 potest.

343 4109 528 4180 Neque
554 4111 696 4164 enim
721 4109 906 4164 beatus
923 4109 1132 4179 Moyses
1153 4109 1268 4178 ejus
1300 4109 1455 4164 nobis
1478 4109 1737 4178 temporis
1769 4107 1938 4162 histo-

343 4205 480 4258 riam
507 4203 739 4270 tradidit,
772 4202 866 4256 sed
899 4203 984 4257 illa
1033 4202 1176 4257 omni
1223 4208 1379 4256 actate
1418 4201 1637 4265 omissa,
1667 4215 1697 4254 a
1726 4210 1940 4270 septua-

342 4296 552 4366 gesimo
601 4310 744 4349 anno
789 4295 1115 4349 narrationis
1161 4309 1273 4349 sua:
1324 4294 1462 4364 cepit
1508 4292 1738 4346 initium.
1785 4291 1938 4358 Quod

347 4397 526 4440 tamen
557 4395 610 4439 et
649 4386 762 4454 ipse
792 4386 934 4454 paria
967 4386 1030 4438 iis
1060 4400 1177 4456 qum
1208 4385 1335 4438 Non:
1381 4397 1663 4453 perpessus
1688 4383 1776 4447 sit,
1815 4399 1936 4437 curn

345 4476 487 4530 inter
512 4485 587 4529 tot
615 4476 805 4545 impios
843 4492 904 4531 ac
933 4476 1189 4530 barbaros
1230 4475 1378 4530 solus
1418 4476 1669 4546 pietatem
1714 4473 1936 4537 coleret,

315 4551 451 4622 'hoc
479 4568 915 4635 saneincertnm,
945 4578 1002 4622 nt
1031 4569 1231 4638 reliqua
1260 4569 1652 4637 obscurumque
1681 4582 1784 4621 non
1815 4578 1895 4621 est
1923 4583 1935 4619 :

345 4659 456 4714 imo
479 4657 528 4712 id
559 4659 981 4728 insipientissimi
1009 4676 1219 4730 quoque
1271 4659 1424 4714 facile
1469 4660 1771 4729 conjectare
1814 4674 1935 4728 pos-

343 4751 475 4804 sint.
507 4749 702 4804 V’erum
750 4750 848 4804 ista
893 4767 1104 4821 quoque
1135 4751 1293 4804 modo
1320 4751 1649 4815 omittamus,
1684 4759 1842 4819 atque
1870 4749 1938 4802 ab

346 4841 516 4912 ipsius
562 4842 992 4914 peregrinatione
1030 4843 1324 4909 ordiamur,
1380 4841 1509 4895 illud
1551 4843 1722 4911 primo
1766 4841 1937 4911 inqui-

343 4941 529 4988 rentes
559 4933 883 5003 diligentius,
912 4943 1110 5003 quanto
1137 4933 1338 4986 itineris
1368 4933 1539 5002 spatio
1568 4932 1936 4988 Chaldmornm

347 5035 490 5078 terra
515 5041 542 5079 a
575 5025 854 5078 Palatstina
883 5027 1062 5089 distet,
1084 5034 1174 5078 aut
1198 5041 1439 5094 quasnam
1472 5025 1629 5079 fuerit
1654 5025 1753 5080 via:
1797 5025 1938 5080 illius

342 5115 602 5182 conditio,
626 5116 892 5186 quomodo
919 5126 1043 5168 tunc
1063 5115 1159 5168 sibi
1191 5115 1399 5169 misceri
1425 5117 1494 5169 illi
1515 5117 1799 5184 potuerint,
1820 5119 1937 5186 quis

342 5208 506 5262 fuerit
551 5208 760 5262 vivendi
820 5208 1028 5262 modus.
1074 5208 1189 5262 Non
1238 5209 1381 5262 enim
1439 5209 1560 5277 quia
1609 5208 1761 5262 facile
1813 5217 1940 5262 tunc

343 5302 517 5373 justus
546 5300 631 5354 ille
660 5301 914 5366 obedivit,
939 5317 1025 5356 res
1051 5301 1170 5355 ideo
1194 5302 1361 5355 facilis
1382 5302 1742 5367 existimetur;
1765 5317 1938 5371 neque

341 5393 597 5462 quoniam
627 5391 860 5446 breviter
888 5394 1058 5449 Moses
1098 5394 1176 5448 rei
1203 5407 1367 5464 geswe
1405 5379 1627 5463 digessit
1669 5393 1932 5460 ordinem,

343 5497 480 5550 Opus
527 5483 700 5551 ipsum
747 5484 1031 5538 verborum
1083 5485 1396 5540 brevitatem
1445 5494 1597 5555 putes
1624 5484 1936 5539 imitatum:

345 5573 449 5628 ista
476 5577 616 5627 enim
643 5574 823 5630 dicere
853 5587 906 5633 et
937 5591 1158 5632 narrare
1184 5577 1497 5632 facillimum
1525 5584 1628 5644 est,
1659 5593 1818 5649 agere
1843 5594 1938 5633 au-

346 5677 456 5723 tem
492 5668 692 5724 laboris
738 5669 1175 5742 difﬁcultatisque
1217 5672 1606 5742 plenissimum.
1640 5671 1751 5728 Vise
1780 5673 1938 5743 igitur

345 5762 499 5820 istius
525 5763 909 5832 longitudinem
953 5765 1338 5836 regionumque
1375 5765 1824 5839 intercapedinem
1851 5765 1935 5822 di-

399 5875 416 5907 ι
449 5875 532 5926 Sic
563 5876 694 5927 Coll).
710 5889 728 5936 ;
748 5876 837 5927 sed
860 5876 997 5928 Savil.
1026 5885 1076 5929 et
1093 5876 1274 5942 March,
1299 5880 1446 5942 fame.

1168 424 1260 479 AD
1297 420 1667 480 STAGIRIUM
1710 421 1753 474 Ᾱ
1796 410 2094 471 θἰλΕἋΟΝΕ
2140 411 2486 469 V’EXATUM.
2531 411 2658 466 LIB.
2702 411 2766 466 ll.

3521 409 3626 466 458

2035 523 2284 594 ligentius
2311 524 2465 579 nobis
2488 539 2738 580 enarrare
2763 533 2980 594 possent
3009 525 3096 594 qui
3128 522 3252 578 inde
3276 523 3343 578 ad
3375 539 3472 579 nos
3499 539 3624 594 per-

2033 615 2328 679 venissent,
2363 617 2408 669 si
2437 615 2650 685 quidem
2683 615 2773 670 ulli
2807 616 2936 670 tales
2956 624 3137 670 essent
3167 631 3182 668 :
3215 630 3335 668 nam
3366 613 3620 670 hactenus

2032 704 2244 758 illorum
2291 705 2492 760 nemini
2533 707 2805 775 congressi
2849 721 3063 771 sumus;
3105 723 3268 760 unum
3299 721 3429 760 vero
3460 721 3522 760 ex
3558 706 3658 766 il3_

2031 793 2122 864 qui
2152 811 2216 848 ex
2244 795 2491 850 citeriore
2536 796 2805 865 provincia
2853 796 3142 852 adveniunt
3187 798 3348 863 nacti,
3390 812 3511 851 cum
3556 797 3624 851 ab

2032 885 2122 940 illo
2165 885 2560 956 inquireremus
2615 899 2870 958 quantum
2926 889 3132 944 itineris
3186 904 3347 960 agere
3406 898 3624 944 coaetus

2032 987 2192 1045 esset,
2225 980 2436 1050 triginta
2468 990 2522 1035 et
2563 981 2798 1052 quinque
2839 980 3046 1035 dierum
3093 997 3370 1035 numerum
3415 979 3624 1034 audivi-

2032 1084 2152 1124 mus
2181 1087 2196 1125 :
2228 1077 2282 1124 et
2309 1071 2633 1140 Babylonem
2661 1071 2875 1141 quidem
2908 1071 2996 1125 ille
3024 1086 3310 1140 numquam
3343 1085 3402 1125 se
3425 1070 3625 1125 vidisse

2032 1161 2126 1227 ait,
2157 1161 2370 1216 audisse
2398 1170 2572 1216 tamen
2608 1161 2760 1216 abiis
2784 1163 2872 1232 qni
2917 1162 2988 1216 ibi
3034 1162 3247 1217 fuerant
3291 1161 3623 1216 tantumdem

2033 1253 2240 1308 itineris
2277 1263 2480 1309 restare
2496 1253 2905 1317 conﬁciendum,
2934 1263 2993 1308 ut
3015 1270 3079 1310 eo
3107 1255 3496 1324 perveniretur.
3531 1256 3627 1309 Λιμ-

2033 1362 2137 1417 que
2189 1347 2492 1418 huiusmodi
2546 1349 2797 1402 distantia
2853 1347 3092 1403 locorum
3145 1357 3200 1403 et
3244 1357 3369 1402 tunc
3415 1356 3626 1403 eratet

2036 1451 2178 1491 nunc
2222 1447 2307 1493 est
2340 1456 2353 1492 :
2387 1454 2549 1508 porro
2592 1440 2797 1494 itineris
2835 1439 3072 1494 conditio
3103 1454 3208 1493 non
3238 1455 3301 1494 ea
3332 1438 3492 1493 modo
3519 1448 3625 1505 est,

2033 1544 2152 1599 quae
2179 1535 2302 1584 tunc
2333 1528 2494 1585 fuisse
2523 1529 2777 1585 creditur.
2812 1529 2967 1586 Nunc
3010 1533 3151 1584 enim
3177 1539 3230 1584 et
3262 1529 3628 1585 mansionibus

2034 1621 2307 1690 perpetuis
2331 1620 2638 1675 distinctum
2666 1629 2768 1685 est,
2789 1630 2844 1676 et
2871 1621 3090 1675 urbibus
3115 1635 3178 1674 ac
3204 1620 3342 1674 villis
3371 1619 3626 1690 frequen-

2036 1711 2176 1765 tibus
2201 1721 2471 1778 ornatum,
2516 1713 2856 1782 viatoresque
2899 1712 3161 1782 plurimos
3205 1711 3503 1777 offendunt,
3536 1711 3626 1781 qui

2037 1804 2160 1858 illuc
2206 1804 2618 1875 proﬁciscuntur
2673 1805 2812 1875 quod
2861 1820 2967 1860 non
3013 1804 3190 1859 minus
3235 1805 3301 1859 ad
3325 1803 3628 1859 securitatis

2035 1896 2298 1950 rationem
2321 1897 2482 1963 valet,
2507 1913 2665 1966 quam
2708 1897 3034 1963 mansiones,
3057 1897 3216 1950 urbes
3257 1904 3418 1966 atque
3464 1894 3628 1948 villas.

2038 1988 2306 2043 Prmterea
2332 1998 2386 2044 et
2405 2006 2468 2043 ex
2493 1989 2764 2060 provincia
2793 1989 3066 2043 civitatum
3095 1987 3367 2058 principes
3391 1985 3631 2056 deligunt

2037 2080 2203 2146 viros,
2247 2082 2487 2150 corporis
2531 2080 2896 2151 magnitudine
2924 2089 2978 2134 et
3005 2079 3201 2134 robore
3243 2078 3451 2134 cunctis
3496 2092 3634 2147 prie-

2038 2170 2315 2235 cellentes,
2353 2170 2637 2241 jacnloque
2664 2181 2718 2226 et
2745 2170 2905 2225 funda
2951 2178 3155 2225 tantum
3195 2169 3435 2230 valentes
3459 2185 3627 2239 quan-

2041 2274 2150 2318 tum
2181 2265 2263 2319 vel
2291 2264 2548 2334 sagittarii
2571 2264 2895 2335 sagittis,vel
2923 2265 3113 2320 armati
3139 2265 3295 2336 pilis;
3317 2264 3633 2334 statutisque

2039 2356 2263 2412 ducibus
2290 2357 2482 2426 quibus
2519 2358 2594 2411 illi
2632 2358 3024 2426 obtemperent,
3055 2357 3154 2411 hoc
3183 2356 3261 2412 eis
3291 2355 3510 2410 unicum
3554 2356 3634 2410 iii-

2035 2451 2265 2520 jungunt
2292 2465 2508 2514 manus,
2523 2451 2798 2520 solamque
2825 2450 3029 2504 itineris
3053 2445 3233 2504 luendi
3259 2464 3441 2504 curam
3463 2457 3635 2503 custo-
3717 2483 3720 2486 -

2040 2540 2289 2609 diamque
2327 2541 2659 2611 permittunt.
2692 2539 2772 2595 Ad
2816 2540 2929 2594 hmc
2957 2540 3112 2593 aliam
3145 2539 3304 2609 longe
3348 2539 3430 2592 his
3463 2538 3637 2593 omni-

2039 2631 2140 2686 bus
2164 2631 2553 2702 diligentiorem
2580 2647 2760 2686 curam
2776 2630 3473 2701 exeogitaruntJlabitacula
3491 2630 3632 2684 enim

2043 2724 2189 2778 mille
2216 2724 2461 2793 passibus
2490 2724 2556 2779 ab
2584 2724 2814 2778 invicem
2845 2723 3094 2777 distincta
3121 2722 3310 2776 itinere
3341 2731 3450 2775 toto
3470 2721 3634 2776 fabri-

2043 2827 2247 2883 cantes,
2279 2825 2568 2872 nocturnos
2599 2817 2708 2872 illic
2737 2825 2975 2872 statuere
3004 2815 3273 2880 custodes,
3293 2830 3391 2885 per
3420 2815 3635 2870 illorum

2043 2910 2252 2965 labores
2273 2919 2323 2964 et
2341 2911 2545 2980 vigilias
2577 2911 2866 2964 maximum
2897 2917 3084 2965 contra
3110 2909 3374 2963 latronum
3408 2909 3636 2978 impetus

2043 3001 2314 3054 munimen
2332 3001 2622 3054 viatoribus
2648 3000 3055 3054 constituentes.
3071 2999 3224 3054 Tunc
3239 3014 3366 3055 vero
3389 2999 3517 3053 nihil
3537 2999 3638 3053 ho-

2044 3112 2160 3151 rum
2182 3107 2317 3162 erat,
2337 3113 2442 3150 non
2461 3097 2598 3150 villa:
2622 3107 2910 3167 perpetuae,
2927 3113 3032 3152 non
3058 3099 3237 3165 urbes,
3259 3113 3362 3152 non
3399 3099 3640 3154 mansio-

2045 3205 2162 3256 nes,
2182 3204 2288 3243 non
2319 3189 2632 3255 diversoria,
2657 3204 2760 3243 non
2792 3189 2998 3244 itineris
3027 3190 3179 3254 socii,
3206 3205 3307 3244 non
3335 3190 3531 3260 aliquid
3555 3190 3640 3245 dc~

2045 3284 2205 3354 nique
2237 3283 2558 3353 hujusmodi.
2578 3283 2726 3338 Libet
2752 3298 2895 3339 nunc
2927 3284 3173 3338 omittere
3198 3285 3404 3338 semita:
3437 3285 3642 3354 asperi-

2046 3383 2206 3430 tatem
2225 3376 2467 3444 aerisque
2485 3375 2918 3445 inaequalitatem,
2941 3389 3080 3445 quae,
3100 3375 3200 3429 etsi
3221 3374 3395 3429 desint
3416 3374 3642 3445 alia,per

2044 3481 2103 3521 se
2130 3467 2418 3521 viatoribus
2434 3475 2558 3521 sunt
2593 3467 2992 3521 molestissima.
3026 3466 3214 3521 Testes
3243 3465 3371 3520 mihi
3407 3475 3530 3521 sunt
3551 3466 3639 3536 qui

2043 3557 2306 3613 vehiculis
2325 3558 2686 3628 jumentisqne
2709 3557 2993 3624 vehuntur,
3011 3569 3067 3613 et
3087 3573 3154 3612 ne
3174 3559 3252 3612 sic
3272 3558 3486 3628 quidem
3511 3573 3640 3612 con-

2043 3660 2193 3706 sueta
2207 3651 2394 3706 itinera
2410 3651 2608 3706 audent
2626 3651 2891 3717 incedere,
2909 3651 3008 3706 nisi
3026 3653 3173 3722 prius
3189 3667 3250 3707 ea
3270 3661 3433 3706 strata
3456 3652 3643 3721 lapidi-

2045 3745 2143 3799 bus
2163 3744 2414 3811 viderint,
2435 3742 2718 3813 foveasque
2739 3744 2956 3798 relictas
2976 3758 3004 3796 a
3033 3743 3360 3798 torrentibus
3385 3741 3642 3812 impleve-

2044 3836 2169 3900 rint,
2190 3845 2243 3890 et
2259 3845 2446 3890 cuncta
2467 3836 2947 3905 complanaverint.
2965 3833 3229 3889 Caeterum
3251 3833 3624 3888 luncinhabita

2044 3929 2135 3986 bili
2155 3931 2370 4001 regione
2394 3937 2511 3984 erat
2527 3929 2607 3984 via
2636 3929 2724 3984 illa
2744 3927 3166 3999 desertior,ipsis
3181 3927 3453 3983 montibus
3482 3942 3617 3996 aspe

2044 4024 2175 4090 rior,
2197 4023 2584 4093 prmruptisque
2601 4021 2850 4076 omnibus
2872 4028 2928 4076 et
2944 4021 3249 4091 prmeipitiis
3267 4019 3620 4090 periculosior

2044 4114 2294 4169 Nondum
2325 4113 2377 4166 id
2404 4112 2545 4182 quod
2572 4119 2657 4166 est
2686 4112 2922 4166 omnium
2971 4109 3344 4180 gravissimum
3372 4108 3503 4172 dixi,
3535 4122 3639 4177 qua

2046 4203 2351 4260 conditione
2395 4203 2713 4257 commercia
2760 4209 2887 4256 tunc
2929 4209 3145 4266 essent,
3193 4199 3335 4270 quod
3396 4200 3642 4269 graviora

2046 4295 2256 4367 negotia
2284 4293 2582 4349 facessebat
2605 4307 2765 4362 quam
2811 4293 2941 4362 ipsa:
2982 4292 3103 4354 viae,
3131 4305 3254 4346 cum
3286 4303 3476 4344 omnes
3512 4297 3638 4344 tunc

2045 4404 2141 4459 per
2161 4397 2367 4458 gentes,
2397 4387 2506 4441 imo
2556 4387 2705 4451 Iro,
2733 4395 2793 4440 ut
2834 4385 3014 4440 verius
3043 4385 3248 4454 loquar,
3277 4399 3373 4454 per
3399 4383 3643 4438 civitates

2045 4479 2199 4535 divisi
2227 4486 2425 4534 essent.
2443 4477 2627 4548 Neque
2649 4479 2789 4532 enim
2817 4477 2972 4532 sicuti
2999 4476 3210 4531 nuncin
3241 4475 3473 4530 maxima
3493 4475 3645 4532 orbis

2047 4581 2196 4641 parte
2213 4570 2302 4625 uni
2321 4570 2545 4641 imperio
2568 4570 2826 4640 uniusque
2842 4569 3030 4624 ditioni
3051 4569 3304 4624 mortales
3323 4583 3513 4624 omnes
3529 4583 3635 4624 ser-

2045 4665 2278 4729 viebant,
2298 4663 2612 4734 eisdemque
2635 4661 3071 4733 gubernabantur
3107 4661 3334 4730 legibus,
3355 4658 3454 4714 sed
3476 4659 3645 4714 veluti

2045 4771 2239 4825 corpus
2263 4757 2312 4808 in
2343 4756 2506 4809 multa
2534 4754 2776 4809 membra
2801 4754 3097 4818 concisum,
3131 4753 3197 4806 ita
3243 4751 3517 4806 hominum
3549 4765 3643 4820 ge-

2047 4865 2147 4904 nus
2168 4849 2524 4919 disgregatum
2547 4856 2681 4913 erat,
2701 4846 2991 4916 hostesque
3005 4861 3072 4899 ex
3105 4844 3345 4900 hostibus
3357 4843 3536 4914 justus
3556 4843 3643 4896 ille

2046 4952 2254 4998 mutare
2277 4944 2326 4996 in
2350 4942 2463 4996 dies
2481 4939 2788 5010 cogebatur,
2805 4939 2964 4994 etiam
2987 4944 3268 5008 antequam
3287 4937 3494 5008 priores
3513 4932 3646 4988 ell‘u-

2045 5047 2215 5107 geret,
2231 5052 2416 5091 rursus
2440 5035 2492 5088 in
2526 5035 2659 5088 alios
2683 5033 2944 5098 incidens,
2959 5047 3085 5088 cum
3104 5030 3229 5086 alibi
3245 5028 3458 5101 quidem
3479 5026 3642 5097 pluri-

2047 5143 2257 5182 morum
2280 5128 2603 5193 dominatus,
2620 5127 2747 5181 alibi
2770 5125 2946 5180 nullus
2966 5121 3344 5180 dominationis
3381 5117 3513 5173 ordo
3531 5132 3632 5174 ser-

2048 5229 2278 5273 varetur.
2299 5218 2435 5286 Quid
2473 5219 2632 5288 igitur
2661 5217 2762 5272 hoc
2801 5217 2923 5272 vita:
2958 5231 3155 5287 genere
3193 5208 3644 5268 molestiusiNon

2047 5311 2189 5364 enim
2208 5310 2304 5363 sibi
2323 5308 2421 5362 soli
2443 5308 2786 5362 iuetuebatac
2800 5305 3044 5377 pavebat,
3063 5318 3248 5360 verum
3266 5301 3402 5373 patri
3419 5308 3473 5355 et
3488 5299 3640 5354 uxori

2047 5413 2101 5457 et
2119 5402 2316 5471 nepoti.
2330 5399 2616 5456 Servorum
2634 5415 2846 5471 quoque
2861 5414 2965 5454 non
2983 5396 3170 5466 exigua
3186 5403 3299 5448 erat
3315 5407 3462 5458 cura,
3481 5390 3643 5447 etiam

2046 5510 2166 5550 cum
2194 5494 2338 5548 domi
2361 5502 2560 5560 essent,
2599 5493 2794 5548 nedum
2814 5501 2938 5546 tunc
2953 5487 3166 5560 quando
3196 5502 3290 5558 per
3308 5484 3482 5540 aliena
3518 5485 3645 5540 ferri

2047 5584 2392 5655 cogebantur.
2416 5585 2494 5638 Ac
2529 5585 2573 5639 si
2605 5583 2819 5653 quidem
2855 5579 3188 5650 exploratum
3230 5577 3320 5632 ille
3345 5576 3643 5642 habuisset,

2047 5675 2259 5748 quando
2276 5675 2362 5731 hic
2377 5691 2529 5731 error
2549 5674 2706 5730 ﬁnem
2731 5672 2917 5727 fuisset
2937 5671 3232 5737 habiturus,
3248 5685 3351 5724 non
3373 5668 3510 5724 adeo
3530 5684 3650 5740 gra-

2047 5788 2139 5828 ves
2160 5772 2262 5830 ilke
2279 5785 2423 5825 cura:
2454 5768 2615 5823 fuisse
2649 5765 2960 5822 viderentur
2989 5778 3166 5820 :nune
3203 5777 3331 5819 vero
3351 5775 3474 5816 cum
3510 5760 3643 5816 siin-

2051 5867 2258 5941 pliciter
2285 5873 2442 5938 atque
2460 5861 2734 5920 indeﬁnite
2757 5857 3014 5918 audisset.
3031 5856 3097 5914 In
3117 5869 3321 5924 terram,
3342 5867 3451 5907 non
3471 5854 3648 5920 istam,
