4138 6436
538 388 643 444 459

534 499 615 556 vel
633 496 1071 568 iilam,sedquam
1101 504 1437 549 monstravere
1458 494 1545 548 tibi
1563 492 1712 567 (Gen.
1734 492 1916 563 iii),
1942 492 2120 547 omnia

532 597 713 644 mente
747 587 1444 657 circumibat,iugenteSque
1478 586 1734 639 tumultus
1768 585 1946 637 animo
1982 582 2119 636 acci-

530 679 863 750 piebat,eum
895 692 1155 748 nusquam
1185 678 1376 732 sistere
1398 675 1771 745 cogitationem
1799 682 2000 742 posset,
2027 670 2119 726 sed

528 770 786 841 suspicari
808 770 1052 841 plurima,
1071 769 1318 839 curisque
1339 768 1457 837 angi
1480 778 1779 837 cogeretur.
1802 764 1955 820 Credi
1977 765 2119 819 enim

530 872 709 934 potest
750 863 818 918 ad
867 864 1011 917 orbis
1051 874 1204 917 terra:
1247 861 1403 925 lines,
1435 859 1813 929 Oceanumque
1859 858 2031 926 ipsum
2062 870 2121 910 se

530 955 895 1025 profecturum
959 965 1322 1025 exspectasse.
1372 954 1554 1021 Itaque
1600 951 1701 1006 etsi
1747 967 1853 1004 non
1900 964 2117 1004 omnem

528 1047 875 1116 perlustravit
900 1056 1120 1113 terram,
1150 1060 1335 1100 curam
1365 1054 1541 1098 tamen
1570 1043 1793 1111 hujusce
1835 1040 1934 1094 sibi
1964 1039 2116 1109 perli-

527 1136 705 1193 ciendi
737 1138 941 1193 itineris
967 1136 1433 1205 sustinuit.Neque
1456 1135 1597 1189 enim
1619 1134 1798 1187 animo
1817 1132 1886 1186 ita
1910 1139 2122 1201 paratus

524 1229 928 1300 erat,quasLad
957 1230 1123 1283 solam
1172 1244 1339 1298 usque
1382 1226 1718 1281 Palinstinam
1765 1222 2119 1293 profecturus,

440 1314 446 1320 ’
527 1319 624 1374 sed
643 1320 795 1391 quasi
826 1320 1019 1388 ubique
1043 1319 1318 1389 jubentem
1341 1327 1682 1388 sequuturus,
1701 1315 1911 1371 etiamsi
1936 1314 2121 1369 orbem

531 1422 700 1470 totum
730 1411 1007 1485 pervagari
1034 1412 1330 1481 iuberetur,
1360 1410 1566 1464 etiamsi
1598 1407 1663 1461 ad
1695 1421 1786 1462 eas
1826 1420 1942 1475 qua:
1973 1413 2121 1459 extra

534 1503 827 1559 habitatam
871 1512 998 1557 sunt
1046 1502 1247 1555 insulas
1285 1500 1562 1555 accedere.
1615 1497 1766 1564 Quod
1813 1496 1859 1551 si
1902 1510 2123 1565 sperare

529 1594 858 1647 contrarium
890 1601 1156 1661 praecepto
1185 1590 1461 1646 indeﬁnito
1492 1589 1827 1654 suaderetur,
1855 1588 1905 1641 id
1937 1602 2122 1642 rursus

528 1692 644 1737 erat
673 1683 1127 1737 molestissimum.
1154 1680 1201 1736 ls
1228 1681 1370 1737 enim
1401 1682 1488 1751 qui
1516 1695 1679 1750 grave
1703 1679 1900 1751 aliquid
1926 1679 2126 1733 tolera-

531 1783 682 1828 turus
707 1783 810 1840 est,
847 1774 1012 1828 multo
1036 1773 1137 1828 l'ert
1161 1774 1353 1837 levius,
1387 1773 1430 1826 si
1462 1782 1647 1842 aperte
1693 1771 1825 1824 sciat
1870 1769 1994 1840 quid
2023 1768 2124 1823 sibi

528 1866 898 1921 sustinendum
925 1866 1013 1931 sit,
1042 1873 1096 1920 et
1119 1864 1186 1917 ad
1231 1863 1357 1933 quid
1401 1877 1520 1917 sese
1565 1876 1869 1931 praeparare
1907 1860 2120 1927 debeat,

528 1971 688 2026 quam
719 1956 764 2010 si
788 1972 880 2025 per
902 1957 1079 2011 otnuia
1111 1954 1526 2026 cogitationibus
1558 1953 1789 2023 jactetur
1839 1950 2120 2021 ambiguis,

529 2057 584 2104 et
610 2063 749 2102 nunc
774 2049 917 2115 beta,
950 2048 1107 2101 modo
1140 2048 1310 2101 tristia
1352 2046 1647 2116 exspectct‘,
1680 2058 1779 2100 nec
1811 2044 1980 2115 possit
2007 2042 2123 2099 cui-

530 2155 689 2209 quam
735 2139 925 2193 horum
987 2139 1282 2205 conlidere,
1331 2153 1454 2192 cum
1504 2148 1788 2206 utrumque
1818 2136 2019 2206 pariter
2046 2135 2127 2188 in-

531 2239 737 2286 certum
770 2231 954 2285 haberi
983 2233 1172 2302 possit.

603 2323 654 2376 7.
690 2322 821 2391 Quot
859 2322 1073 2384 adversa
1101 2323 1267 2375 tulerit
1295 2321 1570 2374 Abraham.
1593 2350 1664 2361 --
1690 2320 1757 2376 Et
1778 2321 1872 2374 Est?
1907 2318 2124 2391 quidem

529 2408 813 2484 antequam
856 2414 906 2468 in
957 2414 1337 2483 reprcunissmu
1383 2421 1579 2467 terram
1621 2413 1927 2481 perveniret
1960 2428 1971 2462 :
2002 2425 2124 2464 cum

529 2523 659 2563 vero
690 2507 901 2561 tandem
928 2508 978 2561 in
1012 2508 1345 2562 l’alaistinam
1379 2509 1636 2573 venisset,
1671 2515 1724 2559 et
1753 2521 1810 2559 se
1832 2505 1940 2576 jam
1971 2504 2124 2574 quie—

530 2608 704 2653 turum
732 2608 992 2668 speraret,
1027 2606 1153 2652 tunc
1185 2616 1311 2654 vero
1339 2597 1510 2668 major
1542 2599 1691 2651 illum
1726 2597 1776 2650 in
1809 2605 1963 2664 portu
1988 2604 2124 2649 tem-

529 2700 707 2760 pestas
755 2691 990 2762 excepit.
1034 2690 1134 2744 Est
1177 2700 1353 2745 autem
1401 2706 1463 2744 ea
1514 2705 1617 2744 non
1660 2689 1880 2743 minima
1927 2686 2126 2742 doloris

531 2788 689 2853 ratio,
718 2787 824 2841 imo
849 2788 1086 2840 omnium
1118 2784 1623 2850 intolerabilissima,
1648 2799 1767 2837 cum
1791 2784 1909 2852 quis
1935 2781 2127 2836 adver-

528 2881 602 2935 sis
629 2896 689 2935 se
727 2891 970 2949 ereptum
1004 2891 1195 2949 putans
1216 2922 1228 2940 .
1260 2892 1418 2948 atque
1447 2878 1512 2932 ad
1546 2878 1703 2932 linem
1739 2878 1911 2946 ipsum
1944 2890 2128 2944 perve-

529 2973 673 3026 nisse
693 3015 708 3038 ,
747 2988 872 3026 cura
903 2973 1011 3041 jam
1051 2973 1195 3025 omni
1231 2980 1285 3026 et
1313 2971 1634 3040 cogitatione
1664 2969 1873 3024 solutus
1894 3011 1908 3034 ,
1939 2981 2125 3022 rursus

528 3065 738 3118 initium
770 3065 913 3119 aliud
945 3066 1204 3118 malorum
1226 3064 1457 3135 experiri
1484 3064 1848 3133 compellitur.
1879 3061 2011 3116 Nam
2034 3062 2123 3131 qui

529 3155 592 3209 ad
618 3155 836 3211 ferenda
868 3155 1090 3210 adversa
1119 3156 1293 3211 adhuc
1320 3166 1537 3226 paratus
1563 3165 1665 3222 est,
1689 3155 1925 3226 :equiore
1945 3155 2126 3209 animo

531 3247 630 3301 ista
662 3262 784 3301 cum
815 3248 915 3303 sibi
960 3249 1275 3314 inlercntur,
1309 3249 1539 3317 excipiet
1572 3266 1585 3303 :
1618 3257 1672 3301 at
1701 3263 1828 3301 vero
1856 3246 1901 3302 si
1939 3246 2127 3318 positis

530 3353 777 3393 curarum
809 3340 1238 3410 cogitationibus,
1268 3341 1466 3410 aliquid
1500 3340 1804 3408 huiusmodi
1829 3340 2122 3409 contingat,

530 3428 736 3485 duabus
764 3444 832 3484 ex
866 3431 1105 3501 partibus
1135 3432 1397 3496 turbatur,
1425 3447 1486 3485 ac
1508 3440 1806 3501 expugnatu
1832 3430 1999 3485 facilis
2020 3442 2124 3496 est,

530 3526 641 3574 tum
674 3520 796 3589 quia
831 3521 1193 3590 inexspectata
1226 3536 1314 3576 res
1345 3530 1448 3586 est,
1483 3531 1594 3575 tum
1622 3522 1745 3590 quia
1779 3537 1993 3577 omnem
2034 3538 2129 3577 cu-

531 3625 645 3665 ram
674 3620 729 3665 et
774 3621 1086 3681 apparatum
1119 3613 1384 3682 deposuit.
1414 3612 1670 3680 Quianam
1699 3628 1827 3683 ergo
1858 3614 1955 3667 ista
1988 3620 2126 3668 tem-

532 3710 711 3772 pestas
736 3702 832 3757 fuit
849 3703 872 3754 ?
900 3702 1090 3758 Fames
1109 3704 1178 3758 ita
1197 3703 1368 3757 valida
1388 3703 1726 3758 Palicstinam
1750 3713 2124 3774 occupaverat,

532 3803 587 3848 ut
610 3795 733 3850 inde
762 3797 1015 3851 continuo
1045 3812 1334 3867 exsurgere
1357 3808 1576 3870 coactus
1603 3798 1692 3865 sit,
1712 3808 1871 3866 atque
1896 3799 1947 3851 in
1966 3796 2130 3868 rEgy-

532 3896 682 3956 ptum
707 3887 990 3956 prolicisci.
1017 3888 1130 3956 Quo
1154 3903 1276 3942 cum
1301 3887 1654 3957 pervenisset,
1672 3887 1834 3942 veluti
1866 3888 2126 3942 malorum

528 3980 686 4033 tinem
744 3978 1093 4045 inventurus,
1139 3979 1240 4033 alia
1286 3979 1435 4034 illum
1480 3970 1668 4034 rursus
1707 3977 1847 4033 fame
1889 3978 2131 4033 acerbior

528 4071 805 4125 calamitas
829 4071 1042 4139 invasit,
1074 4071 1208 4127 adeo
1239 4081 1296 4126 ut
1320 4072 1388 4126 de
1417 4086 1622 4126 summa
1649 4086 1829 4126 rerum
1860 4070 2130 4141 periclita-

528 4172 698 4229 retur,
725 4173 884 4235 atque
934 4178 999 4218 eo
1041 4163 1248 4219 timoris
1275 4163 1533 4220 deductus
1557 4164 1646 4227 sit,
1675 4172 1736 4219 ut
1760 4163 1899 4234 quod
1924 4163 2129 4233 gravis-

530 4254 723 4308 simum
755 4265 838 4311 est
864 4242 1125 4320 omnium,
1156 4270 1377 4311 uxorem
1423 4255 1629 4310 scilicet
1687 4255 1879 4310 aliena:
1923 4252 2127 4308 libidini

527 4362 820 4417 exponere,
847 4360 991 4403 metu
1017 4359 1233 4406 coactus
1258 4349 1499 4419 eligeret.
1524 4349 1801 4419 lunatam
1823 4349 1963 4404 enim
2005 4357 2130 4403 tunc

532 4362 820 4417 exponere,
847 4360 991 4403 metu
1017 4359 1233 4406 coactus
1258 4358 1499 4419 eligeret.
1526 4358 1582 4403 ln
1625 4370 1634 4379 -
1658 4359 1801 4403 utam
1823 4358 1963 4404 enim
2005 4358 2124 4403 tunc

532 4439 910 4494 necessitatem
935 4441 1168 4507 devenit,
1201 4450 1256 4494 ut
1284 4443 1445 4496 etiam
1468 4358 1807 4496 sim-ﬁlione
1838 4449 2079 4496 uteretur
2108 4457 2124 4495 :

526 4544 631 4598 quo
657 4530 782 4599 quid
805 4530 908 4587 dici
948 4533 1303 4587 miserabilius
1338 4532 1544 4603 possit?
1587 4533 1703 4599 Quo
1747 4532 1891 4587 enim
1949 4532 2128 4587 animo

530 4622 677 4675 illum
708 4620 872 4677 fuisse
901 4625 1196 4690 existimas,
1226 4640 1345 4679 cum
1375 4625 1525 4679 uxori
1554 4626 1624 4680 ita
1651 4626 1934 4681 consulere
1964 4642 2124 4696 coge-

526 4720 692 4778 retur,
723 4721 778 4767 et
806 4711 1011 4769 diceret
1038 4733 1052 4767 :
1082 4713 1204 4770 Scio
1232 4731 1322 4786 ego
1363 4717 1498 4785 quod
1544 4715 1726 4770 mulier
1765 4716 1950 4770 decora
1995 4721 2127 4789 [acie

527 4804 613 4858 sis.
643 4803 755 4858 Erit
777 4821 895 4876 ergo
922 4823 1037 4860 cum
1066 4816 1112 4861 te
1131 4808 1346 4862 viderint
1369 4800 1627 4880 Egyptii,
1653 4809 1840 4862 dicturi
1865 4821 1984 4865 sunt
2007 4811 2127 4878 quia

530 4895 676 4951 Uxor
702 4897 840 4952 illius
861 4907 930 4952 est
947 4915 966 4965 ;
997 4907 1043 4952 et
1069 4900 1366 4970 interﬁciant
1387 4918 1484 4968 me,
1514 4912 1558 4955 et
1588 4902 1909 4956 reservabant
1926 4911 1991 4956 te.
2032 4901 2124 4954 Dic

530 5006 651 5061 ergo
684 4991 804 5057 quia
851 4990 1014 5046 Soror
1038 4991 1178 5047 illius
1211 5010 1342 5060 sum,
1374 5005 1429 5047 ut
1452 4994 1574 5048 bene
1594 4994 1716 5047 mihi
1737 4995 1801 5048 sit
1822 4992 2025 5064 propter
2056 5002 2121 5060 te,

526 5082 752 5144 vivatque
771 5084 943 5137 anima
964 5099 1075 5138 mea
1092 5085 1153 5137 ob
1172 5086 1389 5156 gratiam
1416 5088 1488 5138 tui
1512 5084 1664 5154 (Gen.
1695 5085 1782 5139 12.
1804 5084 1884 5139 Η.
1914 5083 2123 5152 l5).liis

526 5172 706 5228 verbis
754 5188 882 5228 usus
933 5183 1015 5229 est
1062 5176 1152 5246 qui
1212 5186 1429 5245 propter
1469 5176 1655 5240 Deum,
1688 5184 1746 5230 et
1801 5174 2045 5245 patriam,
2072 5183 2126 5229 et

525 5265 767 5333 domum,
792 5275 847 5321 et
884 5267 1120 5334 amicos,
1167 5275 1222 5322 et
1258 5275 1533 5338 cognatos,
1575 5267 1786 5336 aliaque
1831 5265 2123 5321 domestica

525 5356 703 5410 omnia
743 5354 1056 5425 dimiserat;
1104 5359 1194 5429 qui
1250 5359 1412 5414 talem
1459 5373 1751 5413 mrumnam
1811 5367 2126 5428 tantumque

526 5444 727 5503 laboris
774 5456 882 5502 tam
936 5450 1145 5519 prolixo
1201 5460 1443 5520 tempore
1483 5450 1535 5504 in
1589 5451 1780 5506 itinere
1836 5466 2125 5522 perpessus

529 5535 702 5593 fuerat
729 5556 743 5593 :
775 5553 830 5596 et
857 5551 1032 5599 tamen
1066 5543 1196 5598 nihil
1226 5543 1528 5614 hujusmodi
1556 5545 1806 5615 loquutus
1826 5555 1927 5613 est,
1958 5554 2078 5614 puta
2103 5562 2119 5600 :

529 5626 763 5698 Reliquit
809 5649 893 5688 me
936 5634 1096 5700 Deus,
1128 5643 1184 5690 et
1207 5644 1480 5690 aversatus
1509 5645 1610 5699 est.
1654 5650 1857 5706 snaque
1899 5652 2025 5691 cura
2070 5646 2125 5692 et

529 5719 860 5788 providentia
886 5726 1146 5792 exclusit;
1176 5726 1271 5782 sed
1315 5727 1525 5783 fortiter
1565 5731 1741 5783 omnia
1793 5745 1856 5786 ac
1894 5731 2126 5787 ﬁdeliter

529 5811 750 5879 pertulit
778 5828 791 5866 :
819 5822 866 5867 et
895 5816 984 5883 qui
1013 5819 1239 5874 maxime
1257 5820 1518 5888 omnium,
1546 5836 1712 5878 uxore
1743 5838 1835 5894 per
1858 5838 2122 5880 suuunam

1249 382 1306 437 S.
1349 379 1626 437 JOANNlS
1663 379 2136 438 CHRYSOSTOMI
2175 379 2503 437 ARCHIEP.
2540 374 3079 435 CONSTANTINOP.

3702 377 3798 439 460

2225 492 2332 544 vim
2357 490 2697 545 contumeliis
2717 489 2905 545 atTecta
2928 489 3084 545 irasci
3106 487 3381 555 debuerat,
3410 488 3597 559 agebat
3636 495 3799 547 omnia

2227 596 2293 636 ne
2324 580 2642 635 contumelia
2686 579 2966 636 manifesta
3018 580 3189 636 ﬁeret.
3227 579 3336 635 l-loc
3361 594 3486 633 vero
3516 580 3802 650 cuiusmodi

2226 674 2472 730 mteroris
2516 687 2578 728 ac
2617 673 2818 728 doloris
2857 675 2944 738 sit,
2992 688 3240 728 sermone
3282 672 3536 741 explicari
3583 675 3801 744 nequit:

2227 775 2421 820 norunt
2448 765 2499 820 id
2522 781 2708 820 omnes
2734 766 2821 835 qui
2854 781 3053 821 uxores
3083 764 3365 828 duxerunt,
3398 774 3558 835 atque
3588 765 3636 818 in
3664 765 3799 820 zelo-

2232 856 2390 928 typia:
2419 872 2669 925 umquam
2699 856 3058 925 suSpicionem
3088 855 3410 910 inciderunt.
3446 855 3553 910 Sed
3580 865 3634 909 et
3657 851 3800 910 Salo-

2226 964 2348 1003 mon
2378 962 2621 1017 quamam
2653 947 2721 1001 sit
2757 946 2873 1001 luce
2903 946 3078 1017 passio
3111 945 3553 1013 testatur,diccns
3583 963 3596 999 :
3629 945 3807 1004 Plenus

2224 1041 2359 1092 enim
2384 1040 2491 1091 zelo
2521 1042 2664 1109 furor
2685 1038 2777 1091 viri
2803 1038 2913 1108 ejus
2937 1040 2977 1105 ³,
3000 1054 3100 1091 non
3128 1047 3293 1106 parcet
3328 1038 3380 1090 in
3401 1037 3479 1091 die
3496 1037 3700 1108 judicii,
3724 1055 3804 1093 ne-
3855 1042 3870 1057 '

2225 1147 2321 1200 que
2348 1130 2487 1183 nullo
2504 1130 2663 1200 pretio
2694 1130 2987 1183 inimicitias
3010 1129 3185 1195 solvet,
3210 1146 3369 1201 neque
3398 1130 3543 1183 donis
3588 1130 3805 1200 plurimis

2224 1221 2630 1276 reconciliabitar
2678 1222 2859 1293 (Prov.
2903 1223 2955 1277 6.
3015 1222 3104 1277 54.
3129 1221 3242 1291 '55).
3284 1223 3349 1276 Et
3388 1238 3617 1277 rursus:
3648 1222 3807 1279 Fortis

2226 1324 2282 1367 ut
2307 1330 2441 1367 mors
2466 1312 2689 1379 dilectio,
2732 1316 2892 1368 durus
2917 1323 2970 1368 ut
3007 1314 3237 1385 infernus
3282 1313 3420 1367 zelus
3459 1312 3632 1387 (Cant.
3659 1316 3708 1369 8.
3733 1315 3805 1386 6).

2226 1406 2376 1475 Quod
2404 1408 2447 1460 si
2478 1408 2751 1478 zelotypus
2778 1408 2849 1461 ita
2892 1406 3254 1473 excandescit,
3285 1406 3329 1461 is
3357 1407 3443 1477 qui
3473 1408 3634 1461 tantis
3662 1423 3806 1477 pres-

2227 1515 2316 1554 sus
2347 1507 2462 1554 erat
2483 1499 2854 1566 incommodis,
2874 1509 2932 1554 ut
2950 1508 3231 1569 cogeretur
3258 1499 3335 1555 eis
3360 1515 3571 1570 quoque
3596 1500 3805 1566 adulari,

2226 1591 2401 1661 quise
2430 1591 2769 1645 contumeliis
2812 1590 3105 1655 alﬁcerent,
3139 1600 3192 1646 et
3217 1606 3353 1661 quos
3402 1590 3584 1647 ulcisci
3620 1591 3807 1646 debue-

2228 1692 2535 1748 rat,cuncta
2564 1682 2740 1737 facere
2763 1690 2818 1736 ut
2840 1682 3088 1736 libidines
3111 1682 3409 1751 explerent,
3433 1695 3634 1751 suaque
3657 1698 3808 1736 uxore

2227 1775 2552 1841 fruerentur,
2583 1790 2690 1843 quo
2719 1790 2823 1828 non
2849 1773 2955 1826 dici
2994 1783 3168 1840 potest
3197 1771 3591 1826 miserabilior?
3619 1771 3806 1826 Interea

2228 1880 2348 1919 cum
2382 1864 2478 1919 ista
2510 1880 2722 1934 quoque
2773 1865 2941 1918 tristia
2991 1863 3148 1917 linem
3176 1865 3533 1933 accepissent,
3575 1864 3671 1917 alia
3702 1878 3809 1918 rur-

2228 1971 2320 2011 sus
2363 1957 2586 2011 adversa
2625 1958 2998 2028 gignebantur,
3031 1955 3261 2026 fumique
3307 1956 3506 2011 bellum
3551 1959 3805 2014 successit.

2228 2045 2428 2104 Omitto
2471 2065 2610 2103 nunc
2640 2049 2783 2103 rixas
2813 2057 2868 2103 et
2903 2050 3075 2118 iurgia
3109 2060 3401 2117 pastorum,
3435 2049 3808 2117 separatioueni

2228 2157 2258 2195 a
2288 2138 2468 2195 fratris
2515 2137 2626 2193 ﬁlio
2656 2157 2670 2193 :
2701 2138 2943 2208 quamvis
2990 2138 3087 2193 ista
3116 2154 3349 2208 quoque,
3378 2138 3424 2192 si
3452 2155 3574 2194 cum
3618 2140 3808 2194 caneris

2229 2233 2621 2298 examinentur,
2652 2245 2941 2287 maerorem
2971 2246 3079 2295 non
3104 2230 3428 2285 mediocrem
3462 2230 3655 2286 inferre
3695 2247 3809 2301 pos-

2229 2325 2356 2380 sint.
2385 2323 2515 2379 Cum
2535 2324 2676 2378 enim
2709 2324 2752 2379 is
2780 2323 2868 2394 qui
2891 2332 3134 2378 servatus
3159 2322 3225 2376 ab
3248 2323 3530 2388 coluerat,
3560 2323 3809 2392 tantisque

2230 2433 2326 2486 per
2375 2417 2522 2472 illum
2568 2418 2767 2487 potitus
2821 2415 3155 2483 commodis,
3204 2416 3295 2485 qui
3342 2415 3441 2470 sibi
3502 2416 3688 2471 cedere
3728 2433 3811 2485 per

2229 2509 2429 2576 omnia,
2494 2520 2840 2579 pastoresque
2885 2524 3010 2564 suos
3062 2512 3336 2580 incremre
3382 2508 3673 2577 debuerat;
3716 2508 3812 2574 hic,

2230 2603 2450 2671 optione
2498 2603 2789 2671 proposita,
2837 2601 3151 2658 fertiliorem
3198 2603 3298 2656 sibi
3334 2603 3609 2673 regionem
3634 2602 3808 2672 elegit,

2232 2693 2483 2747 incultam
2526 2693 2601 2747 illi
2640 2708 2703 2748 ac
2744 2694 3095 2748 desertiorem
3139 2695 3487 2764 relinquens:
3518 2696 3662 2765 quis,
3704 2709 3812 2759 oro,

2233 2783 2392 2840 facile
2439 2785 2620 2853 ferret,
2669 2802 2776 2841 non
2816 2787 2936 2841 dico
2981 2786 3384 2855 detrimentum,
3415 2788 3515 2843 sed
3565 2787 3809 2858 iujuriam,

2231 2890 2354 2931 cum
2383 2876 2590 2930 videret
2614 2892 2692 2942 se,
2726 2879 2815 2948 qui
2849 2877 3020 2947 ipsum
3065 2878 3400 2943 honorasset,
3428 2894 3619 2948 parum
3662 2879 3813 2934 bono-

2232 2969 2381 3024 rifice
2428 2971 2666 3036 tractari,
2696 2986 2758 3025 ac
2783 2972 3042 3027 minorem
3084 2973 3328 3041 accipere
3353 2972 3605 3043 partem?
3632 2971 3680 3025 l-l
3706 2970 3811 3040 qui-

2230 3061 2352 3116 dem
2402 3064 2546 3116 omni
2603 3062 2926 3119 detrimento
2979 3065 3193 3134 gravius
3233 3073 3520 3129 censetur;
3580 3065 3670 3118 seJ
3709 3065 3811 3116 haec

2233 3162 2411 3208 tamen
2463 3156 2708 3209 universa
2758 3166 3020 3231 prmterco
3051 3174 3063 3208 :
3093 3155 3161 3210 de
3189 3155 3496 3224 patriarcha
3532 3157 3690 3231 enim,
3721 3170 3813 3208 nou

2231 3245 2299 3301 de
2321 3247 2509 3312 quovis
2538 3246 2753 3301 homine
2785 3227 3146 3301 nobissertuo
3171 3257 3275 3302 est.

2306 3338 2359 3392 8.
2388 3338 2657 3393 Successit
2688 3339 2764 3392 illi
2791 3338 2913 3392 fami
2957 3338 3228 3392 Persicqu
3271 3336 3498 3405 bellum,
3524 3338 3812 3408 cogiturque

2234 3431 2492 3485 adversus
2510 3430 2693 3486 hostes
2723 3432 2944 3485 victoria
2971 3431 3142 3486 elatos
3166 3431 3385 3484 militem
3413 3430 3613 3486 dueere
3638 3432 3700 3495 is,
3725 3429 3805 3499 qui

2236 3524 2498 3593 principio
2520 3539 2625 3578 non
2654 3523 2880 3577 all‘uerat
2928 3522 3073 3589 belli,
3106 3522 3327 3593 integris
3377 3523 3559 3580 adhuc
3586 3524 3806 3592 utrisque

2236 3615 2496 3684 partibus,
2530 3615 2626 3670 sed
2671 3615 2892 3669 victoria
2932 3614 3043 3686 jam
3078 3617 3261 3686 politis
3298 3616 3566 3682 hostibus,
3590 3630 3809 3671 cumcos

2234 3724 2393 3764 nemo
2422 3709 2560 3764 ferre
2586 3720 2788 3780 posset,
2819 3708 2911 3763 sed
2963 3709 3050 3763 alii
3083 3708 3295 3779 quidem
3332 3711 3534 3778 passim
3568 3708 3811 3765 interfecti

2233 3812 2435 3869 essent,
2459 3803 2545 3857 alii
2573 3819 2631 3858 se
2653 3803 2871 3856 latebris
2896 3811 2950 3857 et
2982 3801 3117 3873 fugae
3149 3801 3444 3868 dedissent,
3493 3813 3543 3857 et
3578 3800 3812 3872 reliquiiu

2233 3896 2543 3952 servitutem
2569 3894 2785 3951 abducti
2818 3893 3060 3949 fuissent.
3110 3894 3213 3950 Sed
3247 3905 3422 3949 tamen
3483 3894 3607 3947 nihil
3641 3894 3815 3946 bonan

2236 3989 2384 4042 illum
2413 3996 2468 4041 ut
2494 3986 2640 4041 domi
2665 3998 2903 4040 maneret
2932 3985 3162 4051 induxit,
3188 3984 3280 4040 sed
3306 3984 3612 4040 vehementi
3643 3997 3813 4038 mer

2234 4094 2293 4134 re
2324 4078 2603 4148 perculsus
2629 4077 2903 4147 profectus
2926 4088 3028 4143 est,
3078 4079 3191 4148 ipse
3215 4091 3428 4147 quoque
3468 4076 3700 4147 ejusdem
3729 4090 3809 4129 ca-

2234 4170 2486 4225 lamitatis
2512 4170 2778 4240 particeps
2809 4169 3035 4234 futurus,
3061 4183 3227 4238 seque
3265 4169 3437 4239 ipsum
3485 4166 3621 4223 haud
3650 4165 3809 4220 dubie

2234 4263 2353 4318 neci
2377 4262 2735 4331 expositurus.
2758 4260 2890 4316 Nam
2912 4261 3049 4315 velle
3074 4275 3194 4314 cum
3219 4259 3471 4314 trecentis
3501 4258 3667 4313 servis
3693 4256 3813 4320 suis,

2234 4354 2316 4409 vel
2348 4354 2557 4409 modice
2590 4353 2850 4424 pluribus,
2879 4351 3163 4408 adversum
3196 4351 3406 4406 hostem
3452 4347 3810 4405 numerosissi-

2237 4462 2383 4501 mnm
2410 4447 2668 4502 dimicare
2684 4446 2817 4500 nihil
2837 4446 2980 4499 aliud
3021 4445 3259 4515 profecto
3300 4452 3436 4511 erat,
3461 4458 3620 4514 quam
3674 4455 3728 4495 se
3763 4448 3810 4492 ct

2233 4539 2521 4608 captivitati
2544 4548 2597 4593 et
2626 4538 2885 4608 supplicio
2916 4548 2970 4594 et
2999 4538 3157 4593 morti
3190 4536 3550 4593 acerbissima:
3592 4546 3810 4603 expone»
3852 4544 3862 4557 ’

2234 4647 2314 4686 re.
2351 4630 2627 4686 Profectus
2665 4630 2840 4699 itaque
2862 4640 2963 4692 est,
3008 4637 3065 4682 ut
3087 4628 3202 4699 ipse
3243 4642 3455 4698 quoque
3498 4625 3809 4682 barbaricam

2235 4724 2619 4778 immanitatem
2648 4722 3007 4792 experiretur.
3038 4721 3236 4775 Verum
3294 4719 3387 4773 Dei
3410 4717 3686 4774 clementia
3706 4728 3811 4769 ser-

2233 4824 2408 4881 vatus,
2435 4814 2563 4868 fusis
2594 4813 2858 4877 hostibus,
2881 4812 3080 4882 praedae
3116 4827 3179 4866 ac
3200 4811 3409 4881 cognati
3454 4822 3671 4879 compos
3698 4817 3811 4861 cum

2233 4915 2549 4972 remeasset,
2576 4920 2671 4959 sua
2710 4920 2898 4959 rursus
2946 4902 3280 4959 incommoda
3332 4902 3462 4958 ﬂere
3517 4899 3807 4971 cogebatur.

2233 5012 2354 5051 cum
2385 4997 2455 5052 ob
2474 4996 2738 5052 delectum
2766 4997 3056 5052 liberorum
3079 4997 3281 5050 nullum
3302 4997 3627 5066 relinqueret
3654 4992 3808 5047 haere-

2233 5091 2416 5147 ditatis
2484 5105 2873 5146 successorem.
2901 5088 3018 5145 Noli
3040 5089 3182 5145 enim
3203 5089 3528 5153 existimare,
3552 5099 3670 5141 cum
3697 5094 3808 5137 eum

2232 5183 2386 5238 audis
2411 5183 2687 5251 conqueri,
2712 5192 2765 5236 et
2793 5183 2858 5237 ad
2885 5183 3048 5236 Deum
3081 5181 3279 5247 dicere,
3315 5180 3450 5246 Quid
3498 5179 3620 5231 mihi
3639 5170 3812 5229 dabis?

2236 5292 2329 5347 ego
2359 5285 2528 5328 autent
2557 5274 2664 5328 sine
2682 5274 2852 5328 liberis
2907 5290 3054 5343 pereo
3081 5274 3100 5342 ζ
3128 5272 3255 5326 Gen.
3305 5272 3390 5328 15.
3425 5270 3459 5324 2
3486 5267 3528 5341 ),
3568 5268 3700 5321 hanc
3746 5262 3809 5315 illi

2235 5378 2511 5428 recentem
2542 5366 2708 5423 fuisse
2733 5382 2799 5423 ac
2822 5382 3013 5421 novam
3043 5365 3372 5420 molestiam:
3395 5363 3511 5417 hare
3535 5360 3674 5416 enim
3698 5369 3807 5410 cura

2238 5472 2293 5517 ct
2318 5458 2625 5515 sollicitudo
2666 5475 2787 5514 cum
2825 5474 3021 5529 Sponsa
3054 5473 3156 5513 una
3186 5458 3237 5511 in
3268 5457 3482 5511 domum
3509 5451 3636 5524 justi
3681 5448 3807 5503 illius

2233 5546 2534 5619 intromrat,
2564 5554 2672 5608 imo
2720 5568 2848 5608 vero
2877 5561 3001 5608 ante
3052 5553 3226 5623 ipsum
3272 5553 3568 5621 ingressum
3589 5556 3801 5615 Sponsas.

2233 5648 2443 5718 Quippe
2462 5662 2651 5703 omnes
2670 5646 3068 5712 consuevimus,
3097 5660 3218 5700 cum
3260 5642 3539 5714 incipimus
3563 5638 3629 5693 de
3655 5643 3803 5690 uxore

2236 5743 2495 5812 cogitare,
2530 5740 2633 5811 iam
2663 5749 2787 5795 tunc
2815 5739 2892 5796 rei
2937 5738 3107 5812 ipsius
3138 5738 3282 5796 euris
3319 5734 3564 5796 omnibus
3608 5722 3802 5789 tentari.

2298 5855 2316 5887 ί
2342 5839 2508 5915 υθοδὲ,
2534 5854 2655 5917 ejus,
2676 5854 2725 5904 in
2747 5850 2876 5903 Coll).
