4138 6422
121 451 237 511 £59

126 564 419 638 πανταχοῦ
455 562 668 636 περιῄει
690 561 768 634 τῷ
795 561 890 634 νῷ,
927 562 1021 617 καὶ
1050 563 1217 615 πολὺν
1250 559 1461 630 ἐδέχετο
1495 552 1721 627 θόρυϐον
1748 553 1814 622 τῇ

129 657 306 728 ψυχῇ,
343 651 596 726 μηδαμοῦ
639 651 716 722 τῷ
764 648 1008 722 λογισμῷ
1064 649 1258 720 στῆναι
1307 645 1623 715 δυνάμενος,
1685 638 1819 692 ιι)λά

131 743 312 799 πολλά
365 739 692 796 ὑποπτεύειν
732 740 891 811 ἔχων,
923 739 1016 792 καὶ
1051 737 1319 808 μεριμνᾷν
1353 729 1816 800 ἀναγκαζόμενος.

131 833 304 895 Εἰκὸς
333 829 444 902 γὰρ
473 827 635 882 αὑτὸν
666 828 760 882 καὶ
787 828 925 898 πρὸς
958 824 1097 880 αὑτά
1138 827 1236 895 τῆς
1265 819 1586 890 οἰκουμένης
1628 811 1819 883 ἀφίξε-

132 919 265 972 σθαι
307 917 378 970 τά
413 917 626 986 πέρατα
657 915 984 984 προσδοκᾷν,
1027 913 1122 966 καὶ
1159 911 1294 982 πρὸς
1332 907 1494 962 αὑτὸν
1517 903 1609 958 τὸν
1644 903 1822 955 ὠκεα-

129 1006 245 1060 νόν·
273 1003 419 1059 ὥστε
446 1005 495 1056 εἰ
525 1002 620 1056 καὶ
652 1000 728 1072 μὴ
759 1002 940 1054 πᾶσαν
987 997 1189 1066 ἐπῆλθε
1239 995 1338 1066 τὴν
1379 993 1506 1064 γῆν,
1545 988 1682 1044 ἀλλά
1723 987 1820 1058 τὴν

131 1091 399 1164 φροντίδα
425 1089 524 1160 τῆς
551 1087 818 1159 τοσαύτης
839 1085 1148 1156 ὁδοιπορίας
1171 1083 1479 1153 ὑπέμεινεν.
1513 1079 1588 1130 (ὶὺ
1610 1075 1718 1148 γὰρ
1745 1075 1820 1164 ᾡς

132 1163 309 1251 μέχρι
344 1179 442 1248 τῆς
480 1175 839 1245 Παλαιστίνης
887 1173 1032 1246 ἥξων
1081 1172 1222 1226 οὑτω
1266 1167 1669 1242 παρεσκευάκει
1722 1163 1820 1236 τὴν

127 1269 338 1340 ψυχὴν,
371 1267 486 1321 ἀλλ’
520 1265 596 1330 ὡς
625 1266 885 1336 ἑψόμενος
920 1260 1216 1333 πανταχοῦ,
1245 1261 1341 1314 καὶ
1366 1259 1464 1330 τὴν
1493 1254 1819 1326 οἰκουμένην

129 1356 367 1425 ἐκϐῆναι
417 1353 728 1422 κελεύηται,
778 1351 882 1405 κᾶν
924 1353 1004 1414 εἰς
1047 1351 1144 1414 τὰς
1183 1347 1340 1411 ἐκτὸς
1376 1345 1581 1414 ταύτης
1626 1343 1820 1414 νήσους

130 1446 339 1501 ἐλθεῖν.
392 1445 454 1498 Εἰ
499 1443 556 1497 δὲ
600 1443 695 1497 καὶ
743 1441 1001 1496 τάναντία
1047 1438 1352 1510 προσδοκᾷν
1393 1435 1576 1489 ἔπειθε
1626 1432 1687 1486 τὸ
1729 1430 1822 1486 τοῦ

131 1533 568 1607 προστάγματος
591 1530 914 1602 ἀδιόριστον,
946 1529 1040 1584 καὶ⁹
1065 1525 1222 1580 τοῦτο
1252 1523 1414 1578 πάλιν
1439 1521 1694 1594 χαλεπόν.
1719 1519 1824 1573 Τὸν

131 1626 248 1696 γὰρ
279 1622 548 1694 μέλλοντά
581 1638 631 1674 τι
661 1621 919 1692 φορτικὸν
949 1617 1264 1690 ὑπομένειν,
1291 1614 1472 1686 πολλῷ
1497 1613 1822 1682 κουφὸτερον

133 1714 341 1767 εἰδέναι
399 1711 583 1780 σαφῶς
634 1711 770 1781 ὅπερ
810 1709 1198 1778 ὑποστήσεται,
1252 1707 1345 1758 καί
1387 1703 1520 1774 πρὸς
1567 1703 1596 1755 ὃ
1653 1717 1866 1771 παρα-,

137 1803 496 1863 σκευάσεται,
520 1798 553 1870 ἥ
582 1795 855 1868 πανταχοῦ
884 1795 1182 1868 ῥέμϐεσθαι
1210 1792 1287 1864 τῷ
1306 1790 1573 1862 λογισμῷ,
1603 1790 1696 1843 καὶ
1729 1787 1823 1842 νῦν

138 1892 244 1962 μὲν
287 1890 358 1944 τὰ
401 1887 637 1960 χρηστά,
682 1885 777 1938 νῦν
813 1885 869 1938 δὲ
900 1883 1157 1938 τάναντία
1190 1881 1514 1952 προσδοκᾷν,
1557 1879 1650 1932 καὶ
1685 1878 1824 1946 ὑπὲρ

140 1979 376 2051 μηδενὸς
407 1977 612 2032 τούτων
645 1975 788 2045 ἐχειν
825 1974 1070 2045 θαρρεῖν,
1114 1969 1225 2024 ἀλλ’
1255 1968 1584 2039 ἀμφοτέροις
1624 1966 1826 2037 ὁμοίως

137 2072 418 2124 άπιστεῖν.

208 2157 280 2224 ζ’.
316 2157 424 2213 Καὶ
462 2154 635 2210 ταῦτα
673 2155 772 2226 μὲν
807 2153 936 2225 πρὶν
973 2151 1144 2205 ἐλθεῖν
1173 2150 1252 2213 εἰς
1279 2148 1377 2220 τὴν
1398 2143 1828 2215 ἐπαγγελθείσαν

141 2249 265 2320 γῆν·
300 2244 492 2315 ἐπειδὴ
514 2244 570 2297 δέ
593 2261 722 2297 ποτε
740 2241 839 2312 τῆς
870 2239 1235 2308 Παλαιστίνης
1263 2236 1576 2300 ἐπελάϐετο,
1605 2235 1696 2288 καὶ
1717 2235 1828 2287 λοιο

139 2339 244 2392 πὸν
276 2331 698 2389 ἀναπαύσασθαι
730 2328 1118 2400 προσεδόκησε,
1151 2327 1272 2379 τότε
1317 2326 1382 2396 δὴ
1417 2325 1637 2396 μείζονα
1663 2325 1720 2376 ἐν
1751 2322 1828 2394 τῷ

137 2425 326 2496 λιμένι
373 2422 465 2476 τὸν
505 2419 749 2492 χειμῶνα
797 2416 1071 2488 εὕρισκεν.
1122 2415 1197 2468 Οὑ
1245 2413 1438 2486 μικρὸν
1476 2411 1533 2466 δὲ
1567 2412 1721 2466 τοῦτο
1749 2414 1828 2476 εἰς

137 2509 342 2578 ὀδύνης
373 2505 552 2572 λόγον,
591 2503 726 2557 ἀλλά
761 2502 854 2554 καὶ
881 2500 1100 2553 πάντων
1130 2498 1552 2568 ἀφορητότερον,
1589 2496 1718 2550 ὅταν
1744 2513 1828 2559 τις

137 2588 498 2663 ἀπηλλάχθαι
532 2587 762 2658 νομίσας
791 2584 884 2638 καὶ
915 2583 1050 2653 πρὸς
1080 2581 1140 2634 τὸ
1172 2581 1325 2644 τέλος
1362 2581 1516 2650 ἥκειν
1547 2578 1698 2643 αὐτὸ,
1736 2579 1829 2633 καὶ

139 2661 409 2745 φροντίδα
479 2669 573 2724 καὶ
638 2669 908 2740 μέριμναν
963 2667 1181 2721 ἃπασαν
1246 2663 1601 2734 ἀποθέμενος,
1666 2661 1830 2716 πάλιν

139 2756 358 2814 ἄνωθεν
407 2753 580 2826 ἀρχὴν
628 2753 821 2824 ἑτέραν
873 2750 1008 2822 εὑρη
1049 2758 1074 2786 ⁸
1116 2747 1226 2803 τῶν
1277 2747 1572 2820 δυσχερῶν.
1616 2749 1676 2800 '0
1728 2745 1830 2817 μὲν

139 2842 257 2912 γὰρ
282 2840 363 2892 ἐτι
386 2835 900 2911 παρεσκευασμένος
931 2836 1065 2906 πρὸς
1089 2833 1158 2886 τά
1183 2831 1331 2885 δεινά
1362 2833 1490 2902 ῥᾷον
1522 2831 1587 2883 ἂν
1618 2829 1832 2898 ἐνέγκοι

140 2911 249 3000 τὴν
280 2921 434 2997 [191]
469 2922 676 2976 τούτων
717 2920 1033 2988 ἐπαγωγὴν·
1081 2919 1109 2970 6
1155 2916 1212 2970 δέ
1263 2913 1684 3000 ἀναπεσὼν-καὶ
1725 2911 1832 2965 τῶν

145 2998 451 3086 φροντίδων
491 3003 769 3086 ἀπολύσας
805 3005 930 3086 τοὺς
979 3002 1293 3072 λογισμοὺς,
1323 2999 1392 3054 ἂν
1432 2998 1611 3070 συμϐῇ
1642 3016 1693 3050 τι
1722 3014 1834 3050 τοι-

145 3083 310 3146 οῦτον
345 3089 526 3154 πάλιν,
563 3083 672 3141 οἷον
706 3087 800 3141 καὶ
829 3085 1113 3158 πρότερον,
1141 3085 1302 3155 διπλῇ
1339 3101 1454 3148 πως
1484 3083 1831 3154 ταράττεται,

147 3177 249 3230 καὶ
279 3173 601 3244 εὐχείρωτος
633 3171 843 3240 γίνεται
872 3169 948 3240 τῷ
977 3187 1034 3222 τε
1061 3167 1454 3241 ἀπροσδοκήτῳ
1489 3167 1582 3218 καὶ
1612 3165 1690 3236 τῷ
1719 3166 1834 3219 δια-

148 3258 410 3314 λελύσθαι
453 3257 551 3327 τὴν
608 3254 842 3325 σπουδὴν
883 3254 1100 3308 ἃπασαν
1153 3250 1302 3322 αὐτῷ
1350 3251 1444 3304 καὶ
1501 3250 1600 3320 τὴν
1659 3266 1836 3320 παρα-

154 3348 384 3418 σκευήν.
417 3344 514 3409 Τίς
535 3339 627 3398 οὖν
663 3345 690 3397 ὀ
722 3340 929 3413 χειμὼν
957 3337 1058 3412 ἧνς
1100 3339 1271 3410 Λιμὸς
1305 3337 1448 3390 οὑτω
1475 3336 1704 3406 σφοδρὸς
1737 3337 1839 3407 τὴν

154 3435 522 3504 Παλαιστίνην
564 3431 825 3486 κατέλαϐε
860 3429 1002 3492 τότε,
1053 3429 1128 3492 ὡς
1161 3425 1462 3495 ἀναστῆσαι
1507 3424 1709 3488 εὑθέως
1740 3424 1838 3476 αὑ-

155 3526 250 3580 τὸν
287 3521 518 3584 ἐκεῖθεν,
551 3523 643 3573 καὶ
677 3521 757 3582 εἰς
798 3518 894 3588 τὴν
939 3518 1214 3584 Αἴγυπτον
1242 3515 1592 3582 καταγαγεῖν.
1636 3510 1838 3564 Ἐλθὼν

157 3611 216 3666 δέ
259 3614 378 3666 ἐκεῖ
403 3610 478 3674 ὡς
505 3609 658 3662 λύσιν
696 3607 941 3679 εὑρήσων
996 3603 1090 3658 τοῦ
1145 3602 1335 3665 κακοῦ,
1379 3601 1471 3654 τοῦ
1518 3599 1678 3672 λιμοῦ
1731 3599 1840 3652 πά-

159 3705 245 3755 λιν
273 3699 631 3771 χαλεπωτέρα
661 3696 954 3768 περιέπεσε
1009 3695 1262 3765 συμφορᾷ
1293 3693 1421 3764 περὶ
1446 3691 1555 3744 τῷν
1596 3691 1839 3762 ἐσχάτων

159 3785 490 3843 κινδυνεύειν
529 3783 990 3854 ἀχαγκαζόμενος
1023 3783 1117 3835 καὶ
1145 3782 1223 3845 εἰς
1250 3781 1503 3834 τοσοῦτον
1533 3779 1652 3833 τότε
1711 3795 1842 3832 κατ-

159 3878 294 3947 έστη
319 3875 501 3947 φόϐον,
521 3873 683 3938 ὥστε,
710 3873 737 3926 ὃ
755 3873 916 3926 πᾶσίν
946 3873 1061 3925 ἐστι
1088 3870 1304 3924 πάντων
1337 3869 1754 3942 ἀφορητότερον,
1781 3866 1842 3920 τὸ

159 3969 262 4031 τάς
292 3969 554 4036 γυναῖκας
587 3963 904 4036 ὑϐρίζεσθαι
931 3962 1032 4026 τάς
1059 3959 1259 4025 αὐτῶν,
1291 3961 1448 4014 τοῦτο
1483 3958 1720 4012 ἑλέσθαι.
1748 3958 1844 4022 Et;

161 4054 432 4123 τοσαύτην
469 4053 578 4126 γὰρ
608 4053 730 4106 τότε
769 4049 933 4120 ἦλθεν
965 4050 1232 4122 ἀνάγκην,
1266 4049 1341 4112 ὡς
1376 4049 1466 4100 καί
1497 4047 1844 4117 ὑπηρετήσα-

166 4145 292 4198 σθαι
317 4145 383 4214 τῇ
406 4141 710 4212 ὑποκρίσει,
736 4132 796 4192 οῦ
819 4139 870 4192 τί
896 4139 1095 4206 γένοιτ’
1119 4137 1186 4191 ἂν
1209 4137 1570 4206 ἐλεεινότερον
1586 4151 1600 4199 ;
1617 4133 1844 4187 ὐποίαν

163 4231 275 4302 γάρ
307 4227 470 4282 αὑτὸν
505 4227 744 4297 νομίζεις
777 4225 920 4296 ἔχειν
940 4225 1138 4296 ψυχὴν,
1167 4225 1255 4276 ὅτε
1278 4226 1344 4295 τῇ
1373 4221 1591 4290 γυναικὶ
1622 4219 1846 4274 τοιαῦτα

165 4311 558 4384 συμϐουλεύειν
598 4311 972 4381 ἠναγκάζετο;
1033 4306 1318 4362 Γινώσκω
1373 4305 1490 4376 ἐγὼ
1536 4305 1626 4359 ὅτι
1686 4304 1844 4375 γυνὴ

163 4406 562 4472 εὐπρόσωπος
603 4397 674 4455 εἷ·
705 4401 875 4454 ἔσται
907 4395 1022 4452 οὖν
1059 4397 1141 4463 ὡς
1171 4395 1249 4449 ἂν
1281 4393 1455 4448 ἴδωσί
1489 4411 1562 4448 σε
1597 4396 1650 4447 οι
1680 4393 1849 4463 Αἰγύ-

165 4509 348 4552 πτιοι,
378 4491 626 4560 ἐροῦσιν
661 4490 770 4551 ὅτι,
807 4486 976 4554 Γυνή
1019 4485 1206 4540 αὐτοῦ
1247 4485 1422 4552 αὕτη·
1467 4483 1566 4536 καί
1595 4483 1848 4537 ἀποκτε-

165 4581 351 4638 νοῦσί
366 4597 462 4650 με,
489 4579 564 4633 σὲ
594 4579 662 4632 δὲ
689 4577 1200 4647 περιποιήσανται.
1225 4575 1372 4630 Εἰπὲ
1395 4569 1510 4629 οὖν
1529 4571 1636 4636 ὅτι,
1656 4569 1849 4625 Ἀδελ-

170 4670 258 4741 φὴ
308 4669 494 4722 αὑτοῦ
525 4671 660 4737 εἰμι,
691 4667 852 4734 ὅπως
888 4667 966 4721 ἂν
997 4663 1066 4722 εὖ
1093 4684 1193 4736 μοι
1219 4665 1458 4736 γένηται
1491 4663 1588 4716 διὰ
1619 4659 1715 4722 σὲ,
1749 4658 1850 4712 καὶ

171 4759 413 4828 (picata;
440 4758 478 4824 ἡ
508 4755 679 4826 ψυχή
701 4774 821 4825 μου
845 4755 1055 4808 ἕνεκεν
1081 4754 1220 4811 σοῦ.
1251 4755 1362 4808 Καὶ
1391 4752 1564 4806 ταῦτα
1586 4749 1852 4820 ἐφθέγξα-

170 4865 236 4902 το
263 4848 332 4900 τὰ
370 4848 589 4918 ῥήματα
617 4847 646 4898 6
676 4844 765 4898 διά
793 4843 884 4896 τὸν
911 4842 1064 4902 Θεὸν,
1101 4841 1196 4896 καὶ
1229 4841 1480 4912 πατρίδα,
1517 4841 1611 4893 καὶ
1649 4840 1850 4906 οἰκίαν,

173 4939 272 4992 καὶ
303 4935 509 5004 φίλους.
546 4935 640 4988 καὶ
675 4934 975 5002 συγγενεῖς,
1013 4932 1102 4984 καὶ
1133 4929 1301 4984 τάλλα
1326 4931 1501 4983 πάντα
1525 4929 1618 4982 ἐπὶ
1647 4929 1748 4998 τῆς
1778 4929 1855 4980 οἱ-

174 5026 303 5089 κίας
333 5025 511 5096 ἀφεὶς,
553 5025 582 5077 6
602 5022 858 5091 τοιαύτην
884 5019 1260 5090 ταλαιπωρίαν
1290 5018 1385 5071 καὶ
1412 5017 1665 5070 τοσοῦτον
1693 5017 1856 5070 πόνον

177 5117 237 5169 ἐν
260 5114 338 5186 τῷ
361 5112 556 5186 μακρῷ
583 5111 756 5182 τούτῳ
776 5108 950 5179 καιρῷ
977 5107 1122 5161 κατά
1138 5107 1236 5178 τὴν
1262 5105 1570 5177 ὁδοιπορίαν
1593 5105 1852 5166 ὑποστάς

178 5205 274 5259 καὶ
305 5204 455 5274 ὅμως
480 5202 631 5256 οὐδὲν
657 5199 863 5254 τούτων
901 5194 1073 5260 εἶπεν,
1091 5191 1201 5248 οἷον
1233 5195 1315 5248 ὃτι
1340 5192 1698 5262 Ἐγκατέλιπέ
1727 5210 1796 5262 με
1829 5196 1858 5246 6

178 5293 333 5356 Θεὸς.
371 5290 722 5360 ἀπεστράφη,
769 5289 864 5342 καὶ
911 5288 1010 5357 τῆς
1049 5283 1254 5348 οἰκείας
1286 5283 1541 5355 προνοίας
1579 5282 1855 5348 ἐξέϐαλεν·

179 5381 294 5440 ἀλλ’
333 5380 496 5452 ἔφερε
529 5378 790 5446 γενναίως
839 5375 1016 5430 πάντα
1059 5373 1154 5426 καὶ
1184 5371 1412 5434 πιστῶς,
1463 5371 1556 5424 καὶ
1585 5369 1645 5423 ὃν
1690 5370 1859 5444 ἐχρῆν

181 5469 421 5543 μάλιστα
457 5467 672 5522 πάντων
715 5463 1074 5536 ὑϐριζομένης
1111 5459 1427 5532 ὀργίζεσθαι
1466 5459 1564 5530 τῆς
1603 5457 1861 5527 γυναικὸς

180 5558 290 5612 ὑπὸ
337 5557 440 5628 τῆς
474 5555 674 5624 πολλῆς
729 5554 872 5624 βίας,
909 5554 1058 5615 ὅπως
1120 5551 1259 5621 μήτε
1295 5547 1506 5618 φανερά
1551 5546 1774 5617 γένηται
1827 5547 1860 5617 ἡ

184 5647 362 5718 ὕϐρις,
394 5646 611 5702 ἅπαντα
633 5643 890 5716 ἔπραττε.
925 5639 1098 5694 Τοῦτο
1125 5638 1182 5692 δὲ
1209 5639 1340 5708 ὅσην
1371 5629 1610 5705 ἀθυμίαν
1631 5633 1743 5706 ἔχει
1768 5636 1863 5690 καὶ

180 5735 399 5805 ὀδύνην,
424 5733 567 5804 λόγῳ
603 5732 702 5804 μὲν
730 5729 1077 5804 παραστῆσαι
1110 5731 1172 5784 οὐ
1207 5727 1453 5791 δυνατὸν,
1492 5725 1639 5779 ῐσασι
1671 5724 1726 5778 δὲ
1749 5723 1863 5779 ὅσοι

245 5868 276 5930 ἒ
311 5869 396 5917 Sic
414 5866 549 5919 Colb.
573 5871 627 5916 et
645 5865 810 5930 Statil:
827 5865 960 5930 εὕρῃ,
979 5865 1152 5915 Morel.
1176 5866 1319 5930 εὑροι.

245 5929 284 5979 β
304 5932 460 5991 Αὐτῆς
479 5931 621 5980 deest
639 5931 688 5980 in
711 5927 851 5982 Colb.
877 5925 982 5978 Mox
993 5930 1136 5984 jlem
1156 5925 1265 5976 οὑδέ
1287 5927 1365 5976 ἀλ)
1375 5925 1549 5982 άξετα..

1060 444 1153 501 AD
1193 438 1574 500 STAGIRIUM
1605 437 1647 491 A
1692 431 2001 490 DzEMONE
2037 431 2382 490 VEXATUM
2451 429 2579 486 LIB.
2623 429 2685 484 ll.

3495 427 3604 484 460

1923 550 2188 618 γυναῖκας
2231 547 2388 619 ἔσχον
2418 547 2514 601 καὶ
2545 547 2626 610 είς
2658 544 2988 614 ζηλοτυπίας
3033 543 3267 616 ὑποψίαν
3320 543 3602 600 ἐνέπεσον.

1921 639 2208 710 Μαρτυρεῖ
2255 638 2314 691 δὲ
2349 635 2428 707 τῷ
2461 636 2622 696 πάθει
2658 636 2832 704 τούτῳ
2862 635 2957 686 καὶ
2986 635 3014 686 ὁ
3047 631 3296 702 Σολομὼν
3321 631 3494 695 οὑτως
3524 634 3604 686 εί-

1925 725 2058 779 πὼν·
2109 725 2386 792 Μεστόςο
2400 725 2509 794 γὰρ
2555 722 2738 792 ζήλου
2771 722 2954 791 θυμὸς
2990 720 3212 788 ἀνδρὸς
3242 718 3434 788 αὐτῆς
3451 719 3498 782 δ,
3531 719 3603 774 οὐ

1920 813 2192 882 φείσεται
2235 814 2306 866 ἐν
2341 813 2532 882 ἡμέρᾳ
2559 811 2830 879 κρίσεως,
2859 807 3003 862 οὐδὲ
3033 807 3474 871 ἀπαλλάξεται
3501 808 3604 861 οὐ-

1921 903 2098 969 δενὸς
2124 903 2348 970 λύτρον
2381 901 2498 968 τὴν
2523 899 2766 968 ἔχθραν,
2797 897 2940 952 οὐδὲ
2957 895 3042 966 μὴ
3069 895 3328 964 διαλυθῇ
3356 893 3606 950 πολλῶν

1921 989 2144 1058 δώρων.
2192 989 2304 1042 Καὶ
2347 987 2526 1042 πάλιν·
2573 985 2833 1052 Κραταιὰ
2877 985 2960 1050 ὡς
3001 982 3257 1048 θάνατος
3299 985 3339 1051 ἠ
3376 983 3598 1052 ἀγάπη,
3629 973 3640 984 ’

1925 1076 2192 1145 σκληρὸς
2227 1077 2308 1142 ὡς
2339 1075 2489 1143 ᾅδης
2525 1077 2559 1129 ό
2603 1072 2800 1142 ζῆλος.
2835 1073 2898 1126 Εἰ
2928 1071 2984 1124 δὲ
3013 1074 3041 1125 6
3074 1071 3391 1142 ζηλοτυπῶν
3430 1070 3604 1136 οὕτως

1925 1164 2226 1226 ἐκκαίεται,
2256 1166 2283 1217 6
2319 1163 2594 1226 τοσούτοις
2619 1161 2989 1234 κρατούμενος
3016 1163 3224 1224 κακοῖς,
3253 1160 3329 1223 ὡς
3362 1161 3606 1228 ἀναγκά-

1927 1249 2112 1314 ζεσθαι
2155 1249 2250 1302 καὶ
2287 1247 2604 1301 κολακεύειν
2635 1245 2726 1299 τὸν
2764 1245 3048 1318 ὑϐριστὴν,
3078 1244 3168 1297 καὶ
3196 1244 3256 1297 δν
3291 1242 3604 1313 ἀμύνασθαι

1926 1337 2030 1392 ἔδει
2060 1337 2238 1390 πάντα
2274 1339 2444 1390 ποιεῖν
2469 1347 2490 1376 ο
2521 1337 2668 1400 ὅπως
2709 1335 2908 1407 ρςιδίως
2951 1333 3329 1404 ἀπολαύσηται
3374 1335 3472 1404 τῆς
3509 1335 3608 1386 αὑ·-

1923 1420 2018 1474 τοῦ
2065 1420 2323 1489 γυναικὸς
2359 1423 2387 1474 6
2417 1421 2624 1490 μοιχὸς,
2656 1420 2802 1482 τίνος
2827 1412 2928 1473 οὑκ
2960 1419 3318 1488 ἐλεεινότερος
3351 1413 3457 1488 ῆν;
3497 1419 3608 1471 Λα-

1925 1505 2126 1558 ϐόντων
2163 1505 2221 1558 δὲ
2268 1505 2362 1559 καὶ
2393 1504 2600 1558 τούτων
2640 1503 2810 1574 πέρας
2841 1503 2949 1558 τῶν
2979 1501 3185 1565 κακῶν,
3235 1503 3398 1573 ἐτερα
3445 1502 3607 1555 πάλιν

1926 1589 2170 1642 ἐτίκτετο
2208 1587 2376 1652 δεινὰ,
2430 1587 2525 1639 καὶ
2557 1586 2646 1639 τὸν
2689 1585 2844 1656 λιμὸν
2891 1587 3094 1638 ἐκεῖνον
3140 1584 3408 1654 διεδέχετο
3450 1585 3609 1636 πόλε·

1929 1689 2046 1742 μος.
2087 1671 2197 1743 Τὴν
2232 1671 2340 1742 γὰρ
2381 1670 2492 1724 τῶν
2521 1669 2793 1740 ποιμένων
2834 1669 3015 1740 μάχην
3061 1669 3154 1721 καὶ
3197 1668 3294 1742 τὴν
3341 1669 3477 1738 πρὸς
3515 1669 3607 1721 τὸν

1927 1755 2241 1826 ἀδελφιδοῦν
2275 1756 2538 1826 διανομῆν
2583 1753 2784 1824 ἀφίημι
2838 1753 2954 1815 νῦν,
3005 1753 3180 1806 καίτοι
3220 1769 3284 1820 γε
3315 1753 3401 1806 ἐπ’
3433 1752 3608 1806 ἄλλων

1925 1838 2096 1892 ταῦτα
2149 1837 2510 1909 ἐξεταζόμενα
2582 1837 2744 1891 ἰκανά
2792 1837 2991 1907 πολλὴν
3037 1836 3276 1908 ἀθυμίαν
3325 1837 3606 1906 ἐμϐαλεῖν.

1930 1928 2096 1982 Ὅταν
2125 1929 2233 1999 γάρ
2265 1930 2292 1981 ὁ
2324 1927 2609 1989 διασωθεὶς
2645 1928 2736 1978 ὑπ’
2767 1924 2932 1978 αὑτοῦ
2963 1926 3055 1979 καὶ
3078 1925 3348 1978 τοσούτων
3387 1925 3610 1995 γενόμε-

1927 2033 2017 2079 νος
2065 2014 2255 2086 κύριος
2315 2015 2559 2084 ἀγαθῶν,
2608 2014 2700 2067 καὶ
2751 2013 2810 2067 ὃν
2861 2013 3030 2084 ἐχρῆν
3069 2014 3329 2084 ἐκστῆναι
3389 2014 3610 2067 πάντων

1928 2101 2100 2174 αὑτῷ,
2136 2104 2230 2156 καὶ
2275 2104 2389 2166 τοῖς
2421 2102 2680 2172 ποιμέσιν
2729 2101 3050 2172 ἐπιτιμῆσαι
3081 2105 3194 2165 τοῖς
3235 2101 3422 2167 αὑτοῦ,
3457 2096 3610 2165 οὗτος

1929 2191 2358 2264 προτεινομένης
2412 2191 2681 2262 αἱρέσεως
2735 2189 3012 2262 ἐπιτρέχει
3063 2193 3174 2253 τοῖς
3218 2189 3612 2261 εὑφορωτέροις

1927 2280 2037 2334 τῶν
2069 2280 2306 2352 χωρίων,
2354 2280 2448 2334 καὶ
2479 2278 2549 2332 τὰ
2589 2279 2900 2350 ἐρημότερα
2931 2277 2956 2317 ά
2989 2277 3180 2348 ἐκείνῳ
3213 2278 3616 2349 καταλιμπάνει

1933 2370 2097 2442 μέρη.
2158 2368 2244 2429 τίς
2290 2367 2357 2422 ἂν
2407 2369 2620 2438 ἐνέγκοι
2667 2367 2886 2438 ῥᾳδίως,
2949 2369 3010 2420 οὺ
3057 2366 3155 2437 τὴν
3195 2367 3398 2438 ζημίαν
3449 2368 3616 2437 λέγω,

1929 2457 2066 2510 ἀλλὰ
2103 2457 2166 2510 τὸ
2195 2457 2435 2528 τιμήσας
2471 2455 2840 2526 ἀτιμασθῆναι
2872 2456 2965 2510 καί
2995 2454 3056 2510 τὸ
3086 2455 3309 2510 ἔλαττον
3348 2459 3613 2525 ἐνεγκεῖν,

1929 2545 1958 2598 6
1994 2544 2145 2617 [192]
2173 2544 2355 2616 πάσης
2388 2543 2592 2614 ζημίας
2635 2543 3021 2616 χαλεπώτερον
3074 2539 3216 2598 εἶναι
3249 2545 3430 2610 δοκεῖς
3475 2547 3615 2599 Ἀλλ’

1930 2634 2080 2702 ὅμως
2128 2632 2344 2688 ἅπαντα
2387 2631 2563 2687 ταῦτα
2615 2633 2856 2705 παρίημι
2900 2633 3014 2686 νῦν·
3055 2634 3185 2705 περὶ
3227 2636 3334 2706 γὰρ
3379 2635 3472 2688 τοῦ
3512 2652 3619 2689 πα-

1931 2723 2212 2795 τριάρχου,
2253 2722 2314 2776 οὑ
2349 2721 2476 2794 περί
2503 2739 2647 2786 τινος
2671 2723 2780 2777 τῶν
2809 2721 3018 2776 πολλῶν
3046 2725 3074 2777 ὁ
3101 2723 3258 2791 λόγος
3288 2725 3433 2776 ἐστὶν
3461 2725 3614 2796 ἡμῖν.

2001 2818 2073 2883 η’.
2114 2812 2428 2882 Διαδέχεται
2472 2812 2535 2883 δὴ
2578 2811 2668 2866 τὸν
2709 2811 2868 2883 λιμὸν
2909 2814 3119 2866 ἐκεῖνον
3161 2815 3190 2866 6
3231 2812 3464 2883 πόλεμος
3508 2813 3622 2868 τῶν

1933 2899 2180 2972 Περσῶν,
2205 2901 2298 2954 καὶ
2317 2899 2686 2969 ἀναγκάζεται
2709 2899 3123 2972 ἐπιστρατεύειν
3140 2903 3344 2966 αὑτοῖς,
3378 2902 3440 2955 οὑ
3472 2904 3622 2974 παρὰ

1932 2990 2032 3060 τὴν
2058 2989 2232 3061 ἀρχὴν
2265 2987 2435 3059 αὐτὴν
2467 2989 2740 3061 ἀκεραίων
2771 2989 3050 3060 ἑκατέρων
3085 2989 3165 3044 ἔτι
3207 2990 3477 3060 μενόντων
3513 2991 3622 3044 τῶν

1939 3077 2143 3150 μερῶν,
2195 3077 2333 3131 ἀλλά
2367 3077 2866 3148 προτροπωθέντων
2905 3079 3183 3141 ἁπάντων,
3218 3079 3315 3131 καὶ
3345 3080 3442 3150 τῆς
3468 3079 3624 3150 νίκης

1936 3167 2090 3240 παρά
2114 3169 2227 3228 τοῖς
2259 3165 2538 3237 πολεμίοις
2557 3164 2744 3236 οὑσης,
2777 3166 2871 3219 καὶ
2895 3166 3110 3229 οὐδενὸς
3137 3167 3335 3230 αὑτοὺς
3365 3167 3444 3220 ἐτι
3472 3169 3629 3237 ἐνεγ-

1937 3257 2052 3308 κεῖν
2082 3255 2406 3323 δυναμένου,
2441 3255 2548 3307 τῶν
2597 3255 2694 3324 μὲν
2734 3254 2903 3324 ἄρδην
2934 3255 3378 3320 κατακοπέντων,
3421 3256 3532 3308 τῶν
3567 3256 3627 3309 δὲ

1939 3341 2354 3413 κρυπτομένων,
2397 3340 2506 3394 τῶν
2546 3341 2603 3394 δὲ
2660 3341 3019 3394 δουλευόντων
3062 3343 3193 3412 παρ’
3234 3341 3438 3406 αὑτοῖς.
3486 3343 3624 3396 Ἀλλ’

1937 3432 2088 3502 ὅμως
2140 3431 2294 3484 οὐδὲν
2351 3431 2514 3484 αὑτὸν
2551 3430 2758 3484 τούτων
2792 3430 2930 3484 οῐκοι
2989 3431 3172 3502 μένειν
3224 3432 3461 3496 ἔπεισεν,
3492 3432 3626 3486 ’ἀλλ’

1940 3519 2045 3572 ὑπὸ
2074 3519 2172 3589 τῆς
2204 3517 2440 3589 σφοδρᾶς
2466 3518 2703 3589 ἀθυμίας
2730 3517 2839 3571 τῶν
2865 3518 3172 3590 γενομένων
3207 3517 3436 3588 πληγεὶς
3462 3519 3628 3590 ἀπῄει
3707 3576 3715 3580 _

1941 3607 2284 3676 κοινωνήσων
2317 3607 2546 3668 ἐκείνοις
2563 3607 2670 3660 τῶν
2691 3606 2899 3672 κακῶν,
2925 3607 3020 3661 καὶ
3043 3608 3124 3670 εἰς
3152 3605 3431 3678 προῦπτον
3455 3607 3630 3678 ῥίψων

1942 3695 2172 3748 θάνατον
2225 3695 2436 3750 ἑαυτόν.
2481 3695 2555 3748 Τὸ
2596 3695 2705 3766 γάρ
2741 3693 2879 3765 μετὰ
2909 3695 3238 3768 τριακοσίων
3272 3695 3498 3748 οἰκετῶν
3535 3697 3634 3750 καὶ

1946 3783 2128 3856 μικρῷ
2159 3783 2422 3838 πλειόνων
2458 3795 2482 3822 θ
2513 3784 2650 3852 πρὸς
2689 3782 2958 3855 τοσαύτην
2987 3782 3426 3854 παρατάττεσθαι
3467 3801 3632 3856 στρα-

1943 3873 2084 3939 τιὰν,
2129 3874 2282 3927 οὐδὲν
2329 3873 2516 3944 ἕτερον
2563 3872 2596 3944 ῆ
2633 3871 2804 3926 ταῦτα
2838 3869 3191 3942 λογιζομένου
3234 3867 3322 3944 ῆν,
3366 3872 3460 3926 καὶ
3495 3873 3633 3946 πρὸς

1943 3962 2320 4034 αἰχμαλωσίαν
2347 3963 2442 4015 καὶ
2469 3961 2603 4032 πρὸς
2627 3960 2918 4033 τιμωρίαν,
2952 3961 3047 4014 καὶ
3073 3960 3208 4033 πρὸς
3235 3962 3462 4034 μυρίους
3491 3977 3634 4032 παρ-

1944 4052 2352 4123 ἐσκευασμένον
2390 4051 2672 4113 θανάτους.
2735 4049 2968 4119 Ἀπῆλθε
3025 4051 3124 4120 μὲν
3151 4045 3244 4104 οὖν
3287 4049 3360 4114 ὡς
3405 4050 3500 4104 καὶ
3533 4051 3634 4104 αὑ-

1943 4140 2036 4204 τὸς
2074 4143 2172 4211 τῆς
2219 4139 2562 4210 βαρϐαρικῆς
2602 4137 2928 4190 ἀπολαύσων
2970 4137 3274 4206 ὠμότητος·
3321 4139 3387 4206 τῇ
3440 4137 3498 4190 δὲ
3535 4138 3632 4190 τοῦ

1945 4226 2082 4284 Θεοῦ
2125 4226 2506 4297 φιλανθρωπίᾳ
2532 4223 2840 4287 διασωθεὶς,
2877 4223 2972 4276 καὶ
3004 4222 3316 4276 ἐπανελθὼν
3360 4223 3498 4294 μετὰ
3532 4225 3634 4295 τῆς

1946 4315 2096 4378 λείας
2130 4313 2226 4367 καὶ
2258 4311 2352 4366 τοῦ
2389 4311 2706 4381 συγγενοῦς,
2740 4309 3080 4380 ἠναγκάζετο
3129 4310 3288 4362 πάλιν
3335 4309 3405 4364 τά
3456 4312 3635 4365 οἰκεῖα

1949 4403 2170 4476 θρηνεῖν
2229 4402 2392 4466 κακά,
2423 4403 2521 4472 τὴν
2554 4400 2811 4456 ἀπαιδίαν
2838 4399 3003 4468 λέγω,
3034 4399 3130 4453 καὶ
3161 4399 3223 4454 τὸ
3255 4400 3460 4470 μηδένα
3487 4399 3634 4470 ἔχειν

1949 4493 2044 4546 τοῦ
2097 4492 2301 4564 κλήρου
2341 4491 2603 4560 διάδοχον.
2651 4489 2742 4560 Μὴ
2791 4489 2900 4560 γὰρ
2939 4487 3125 4560 ἐπειδὴ
3169 4487 3290 4542 τότε
3331 4487 3572 4559 ἤκουσας
3606 4485 3629 4526 ί

1952 4581 2357 4653 ἀποδυρομένου
2396 4579 2532 4652 πρὸς
2578 4578 2670 4632 τὸν
2703 4577 2834 4631 Θεὸν
2869 4577 2963 4632 καὶ
2994 4575 3266 4646 λέγοντος,
3303 4577 3366 4630 τι
3391 4594 3492 4646 μοι
3528 4571 3637 4630 δώ-

1952 4685 2118 4737 σεις;
2146 4670 2260 4738 ἐγὼ
2279 4669 2346 4722 δὲ
2369 4669 2718 4737 ἀπόλλυμαι
2750 4665 3024 4732 ἄτεκνος·
3042 4665 3131 4719 διά
3161 4663 3320 4719 τοῦτο
3357 4665 3448 4722 καὶ
3473 4667 3638 4736 πρόσ-

1955 4776 2122 4830 φατον
2160 4759 2258 4830 τὴν
2289 4757 2467 4828 λύπην
2495 4756 2698 4823 ταύτην
2729 4751 2869 4808 εἶναι
2903 4753 3112 4826 νόμιζεο
3146 4755 3179 4820 ἡ
3227 4754 3338 4826 γὰρ
3399 4755 3639 4826 μέριμνα

1955 4847 2094 4918 αὕτη
2127 4847 2224 4900 καὶ
2256 4848 2289 4916 ἡ
2335 4844 2555 4917 φροντὶς
2593 4843 2730 4914 μετὰ
2759 4843 2857 4914 τῆς
2877 4843 3097 4913 νύμφης
3129 4842 3379 4915 εἰσῆλθεν
3417 4846 3498 4906 είς
3539 4844 3639 4913 τὴν

1955 4937 2132 4991 οἰκίαν
2165 4934 2257 4988 τοῦ
2291 4934 2526 4994 δικαίου,
2564 4933 2762 5004 μᾶλλον
2800 4932 2856 4986 δὲ
2891 4932 2986 4985 καὶ
3029 4932 3135 5004 πρὸ
3172 4932 3272 5004 τῆς
3299 4932 3520 5002 νύμφης
3550 4931 3644 4984 αὑ-

1955 5026 2073 5096 τῆς.
2104 5025 2263 5088 Ἕθος
2294 5023 2403 5094 γάρ
2427 5023 2556 5092 ἡμῖν
2584 5021 2808 5085 ἅπασιν,
2841 5021 2970 5074 ὅταν
3005 5021 3165 5090 μόνον
3191 5019 3484 5091 ἀρξώμεθα
3515 5021 3641 5088 βου-

1957 5113 2209 5167 λεύεσθαι
2250 5115 2344 5166 καὶ
2375 5109 2720 5178 διαλέγεσθαι
2768 5109 2897 5182 περὶ
2940 5109 3142 5180 γάμου,
3169 5107 3372 5170 πάσαις
3400 5108 3520 5170 ταῖς
3547 5105 3642 5159 τοῦ

1959 5203 2286 5274 πράγματος
2317 5197 2710 5254 ὑπονύττεσθαι
2743 5198 3043 5269 φροντίσιν,
3072 5192 3148 5251 ὧν
3181 5195 3410 5250 άπασῷν
3455 5194 3516 5247 τὸ
3557 5208 3645 5248 κε-

1961 5293 2192 5360 φάλαιον
2225 5293 2252 5360 ἡ
2279 5289 2388 5342 τῶν
2429 5289 2635 5342 παίδων
2674 5289 2812 5350 ἐστὶ,
2848 5287 2944 5340 καὶ
2972 5288 3002 5339 6
3030 5285 3194 5356 φόϐος
3225 5276 3380 5346 οὗτος
3409 5282 3518 5336 ἀπὸ
3543 5283 3645 5352 τῆς

1959 5383 2176 5454 ἡμέρας
2213 5379 2431 5450 ἐκείνης
2467 5378 2568 5442 τὰς
2609 5379 2886 5452 ἡμετέρας
2928 5374 3207 5432 κατασείει
3242 5372 3442 5444 ψυχάς.
3481 5373 3544 5426 Εἰ
3585 5371 3645 5426 δὲ

2025 5547 2048 5575 ο
2077 5543 2212 5592 Coll).
2240 5543 2394 5592 πάντα
2410 5543 2581 5590 ποιῶν.

2027 5604 2202 5674 διξοιυ.
2228 5613 2280 5674 gl
2306 5605 2459 5674 Sag-Il.
2486 5606 2535 5653 in
2563 5611 2700 5653 lexlu
2724 5604 2784 5651 τὰ
2805 5599 3085 5665 ἐρημότερα,
3112 5598 3285 5649 Morel.
3325 5602 3375 5646 el
3397 5596 3552 5646 Savil.
3593 5597 3646 5646 in

1963 5681 2118 5723 mam.
2142 5669 2202 5716 τὰ
2225 5668 2393 5730 ἒρημαῖ

2031 5742 2054 5769 e
2079 5731 2230 5778 Sun].
2253 5725 2466 5792 'el'Cle.
2496 5728 2648 5792 μικρῷ
2667 5725 2842 5775 πλεῖον.

2033 5792 2056 5834 ῐ
2082 5777 2277 5840 ςέινξῗιιί
2296 5777 2434 5839 ίῖδὶὴ.
2471 5777 2593 5838 τϐτέ
2616 5780 2845 5848 ἤκουσας,
2868 5783 3042 5848 Morel.
3067 5783 3212 5835 τοῦτο
3242 5784 3474 5848 ἤκουσας.
3495 5777 3652 5848 Ρδιιίο

1968 5865 2080 5918 post
2103 5855 2224 5918 εον.
2243 5859 2297 5918 (ξι
2327 5852 2460 5902 Coll).
2489 5844 2733 5918 ᾓν-λύσιν
2753 5847 2946 5904 ταύτην,
2981 5847 3153 5900 Morel.
3179 5851 3230 5897 et
3269 5844 3406 5896 Savil
3449 5853 3501 5892 ω
3524 5847 3655 5888 mar-

1970 5910 2086 5982 kine
2113 5919 2197 5977 τήν
2219 5915 2386 5976 λύπην,
2417 5919 2466 5962 el
2486 5914 2556 5964 ila
2581 5910 2700 5976 legit
2721 5913 2985 5972 interpres.
