4138 6422
277 413 378 472 ιδι

277 545 505 600 quarum
539 529 776 586 omnium
796 544 1041 601 suprema
1073 536 1155 585 est
1182 527 1454 592 sterilitas,
1482 533 1762 594 metusque
1791 521 1859 577 il-

275 625 330 676 le
351 637 419 676 ex
459 635 522 676 ea
550 621 636 676 die
673 631 885 676 nostros
935 621 1141 675 animos
1194 619 1444 688 exagitat.
1478 615 1631 685 Quod
1660 617 1704 670 si
1731 629 1862 670 con-

274 713 451 784 tingat
480 723 602 783 post
631 714 1026 768 matrimonium
1074 712 1388 768 solemniter
1430 719 1722 780 peractum,
1751 707 1861 776 pri-

271 820 424 858 mum
455 804 816 859 etsecundum
869 805 983 860 sive
1035 803 1247 858 tertium
1275 817 1473 858 annum
1520 801 1634 854 sine
1679 798 1861 853 liberis

270 897 525 963 transire,
551 905 681 951 tunc
698 897 808 966 jam
831 907 1051 966 augetur
1085 896 1258 960 dolor,
1286 909 1349 950 ac
1376 894 1496 948 lazta
1523 907 1645 962 spes
1669 890 1862 945 minui-

269 995 378 1041 tur.
415 987 620 1041 Rursus
645 987 826 1056 elapso
857 987 1044 1056 majori
1079 996 1318 1056 tempore
1355 984 1573 1040 omnino
1615 997 1737 1052 spes
1763 995 1860 1036 nos

264 1078 362 1132 illa
388 1077 608 1144 deserit,
639 1077 786 1132 solus
813 1093 1011 1134 maeror
1040 1079 1274 1132 animum
1304 1084 1548 1146 occupat,
1577 1075 1860 1144 omniaquae

265 1169 395 1223 vita:
417 1168 650 1239 jucunda
679 1168 836 1223 simul
900 1169 1240 1232 obnubilans,
1281 1168 1482 1222 nullum
1512 1167 1666 1222 nobis
1704 1167 1857 1221 volu-

265 1269 432 1329 ptatis
471 1276 688 1315 sensum
737 1262 1014 1331 permittit.
1049 1261 1228 1331 Itaque
1255 1261 1354 1316 etsi
1383 1261 1514 1315 nihil
1551 1259 1859 1331 contigisset

264 1350 510 1417 adversi,
541 1359 838 1422 cunctaque
859 1351 925 1405 ad
948 1361 1128 1406 votum
1153 1352 1560 1417 successissent,
1596 1351 1696 1404 ista
1718 1349 1853 1404 libe-

262 1455 453 1495 rorum
480 1440 679 1496 orbitas
705 1442 841 1497 laetis
868 1442 972 1497 illis
997 1443 1156 1498 rebus
1185 1441 1418 1504 admota,
1450 1450 1694 1497 cunctam
1713 1441 1856 1495 illam

263 1531 678 1600 prosperitatem
729 1532 1003 1588 obnubere
1053 1547 1116 1587 ac
1143 1532 1379 1602 dejicere
1410 1533 1521 1586 sola
1574 1533 1851 1601 potuisset.

258 1623 402 1680 Nam
421 1625 703 1694 promissio
726 1625 813 1680 illa
838 1625 1016 1681 divina
1045 1626 1112 1681 ad
1158 1636 1452 1680 extremam
1502 1633 1854 1688 senectutem,

259 1714 482 1784 quando
542 1715 774 1770 maxime
812 1715 1196 1785 desperabatur
1241 1715 1449 1784 impleri
1501 1728 1676 1784 posse,
1719 1715 1854 1768 facta

258 1818 349 1863 est
380 1826 395 1874 ;
423 1808 588 1878 priori
616 1818 797 1862 autem
825 1817 935 1864 toto
981 1815 1225 1877 tempore
1255 1823 1283 1860 a
1323 1808 1465 1861 luctu
1525 1815 1580 1861 et
1621 1821 1854 1861 maerore

260 1911 558 1968 numquam
583 1907 897 1952 vacaverat:
931 1907 1236 1968 quantoque
1261 1897 1490 1967 amplius
1510 1896 1689 1966 augeri
1716 1895 1847 1949 divi-

261 1984 368 2045 tias
410 1991 644 2054 videbat,
697 1999 844 2044 tanto
895 1991 1106 2061 lugebat
1154 1989 1546 2054 vehementius,
1594 2003 1716 2042 cum
1745 2003 1851 2041 non

257 2091 430 2146 esset,
455 2080 646 2152 quihis
690 2081 938 2136 omnibus
991 2079 1324 2136 succederet.
1356 2080 1491 2146 Quid
1537 2094 1666 2134 vero
1701 2079 1851 2132 illum

259 2184 392 2229 tunc
434 2188 646 2243 passum
710 2183 885 2243 putas,
960 2174 1176 2244 quando
1223 2173 1471 2227 audivit:
1520 2171 1852 2243 Peregrinum

257 2267 356 2320 erit
381 2274 704 2320 sementuum
730 2267 782 2320 in
824 2275 958 2320 terra
1001 2282 1102 2319 non
1128 2282 1242 2330 sua,
1285 2275 1331 2319 et
1357 2265 1409 2319 in
1445 2265 1729 2318 servitutem
1768 2281 1851 2318 eos

255 2360 510 2429 rcdigent,
535 2367 581 2412 et
609 2359 827 2430 aﬂiiqrnt
852 2400 867 2423 ,
893 2368 1041 2427 atque
1068 2358 1402 2412 humiliabunt
1434 2357 1582 2410 annis
1601 2357 1850 2426 quadrin-

255 2449 422 2518 gentis
452 2447 471 2520 (
503 2447 630 2502 Gen.
682 2450 769 2505 I5.
805 2449 870 2503 I3
899 2448 918 2520 )
946 2449 968 2502 ?
998 2448 1140 2504 Uxor
1189 2457 1366 2502 autem
1411 2448 1654 2502 ancillam
1699 2463 1848 2502 suam

259 2554 405 2594 nunc
421 2540 518 2594 viri
558 2540 893 2610 amplexibus
932 2540 1183 2610 jungens,
1241 2554 1381 2593 nunc
1412 2549 1529 2607 post
1565 2554 1684 2594 eam
1715 2555 1848 2594 con-

254 2631 591 2700 iunctionem
641 2617 1156 2698 expostulationibus
1203 2630 1350 2683 illum
1395 2640 1448 2684 et
1500 2630 1849 2699 querimoniis

256 2724 488 2793 agitans,
519 2724 790 2792 Deumque
815 2722 1072 2777 adversus
1109 2737 1232 2777 eum
1264 2737 1480 2786 vocans,
1511 2731 1565 2776 et
1590 2737 1707 2776 eam
1731 2739 1849 2792 qua:

264 2815 366 2869 tori
397 2815 663 2884 particeps
704 2814 895 2880 fuerat,
926 2829 1046 2869 cum
1081 2814 1190 2884 jam
1221 2814 1385 2867 lilium
1413 2814 1646 2883 paritura
1683 2821 1844 2880 esset,

255 2905 422 2961 domo
441 2906 730 2961 deturbare
750 2922 964 2976 cogens,
989 2921 1271 2976 quemnam
1297 2906 1347 2959 in
1381 2888 1668 2960 lnoerorem.
1694 2920 1847 2959 acer-

256 3000 540 3054 bissimum
574 3015 678 3053 non
725 2993 1149 3069 praecipitasset?
1183 3000 1280 3052 Ista
1325 2999 1478 3053 sicui
1512 2998 1736 3052 fortasse
1765 2998 1842 3052 lc-

256 3092 340 3144 via
370 3089 639 3156 videntur,
670 3091 713 3144 is
743 3106 864 3145 cum
911 3091 1224 3161 cogitaverit
1272 3089 1498 3142 familias
1544 3098 1599 3144 et
1655 3088 1845 3142 domos

255 3184 492 3253 integras
523 3184 709 3238 harum
734 3200 910 3239 rerum
952 3199 1109 3239 causa
1133 3184 1327 3252 sacpius
1377 3197 1611 3246 eversas,
1639 3181 1842 3251 justum

256 3275 411 3329 illum
458 3275 824 3330 admirabitur.
883 3277 995 3331 Etsi
1045 3277 1188 3330 enim
1224 3275 1426 3329 timoris
1476 3274 1640 3329 divini
1689 3289 1845 3328 causa

255 3362 469 3418 fortiter
490 3364 693 3419 ferebat
719 3367 918 3431 omnia,
943 3367 1104 3420 homo
1129 3376 1302 3419 tamen
1345 3373 1478 3427 erat,
1520 3365 1659 3418 etiis
1687 3363 1846 3418 rebus

255 3469 365 3509 non
394 3465 600 3524 poterat
620 3473 722 3511 non
753 3457 872 3526 angi
903 3455 1062 3525 atque
1089 3455 1333 3510 cruciari.
1362 3455 1565 3509 Rursus
1597 3465 1774 3509 autem
1793 3455 1845 3508 in

254 3548 477 3602 domum
499 3549 688 3602 ancilla
713 3549 1034 3619 regreditur,
1065 3549 1247 3618 illique
1275 3548 1495 3601 nothum
1536 3549 1692 3616 parit,
1725 3547 1843 3601 effi-

255 3640 505 3708 citurque
545 3639 813 3693 Abraham
865 3650 1017 3709 pater
1073 3649 1192 3709 post
1243 3638 1371 3693 illud
1410 3640 1544 3693 adeo
1585 3639 1845 3708 prolixum

259 3741 473 3802 tempus
506 3747 517 3782 :
562 3731 834 3799 ineratque
860 3732 935 3786 rei
979 3731 1223 3800 voluptas
1267 3730 1532 3800 quardam,
1563 3729 1654 3785 sed
1679 3731 1847 3800 major

256 3836 420 3875 causa
449 3821 670 3876 doloris.
701 3821 910 3876 Nothus
955 3822 1098 3876 enim
1147 3821 1235 3875 ille
1265 3821 1401 3875 [ilius
1444 3821 1661 3891 legitimi
1723 3836 1844 3875 eum

256 3912 604 3979 admonebat,
657 3914 932 3984 majusque
1003 3915 1142 3968 illius
1183 3915 1509 3970 desiderium
1559 3915 1842 3983 injiciebat.

257 4003 413 4069 Quod
434 4004 574 4058 enim
599 4005 674 4057 illi
702 4006 899 4060 dictum
927 4017 1040 4060 erat
1073 4025 1084 4059 :
1112 4006 1233 4059 Non
1280 4007 1373 4060 erit
1402 4007 1490 4059 ille
1518 4006 1676 4058 hwres
1706 4014 1842 4070 tuus,

257 4095 351 4148 sed
371 4095 455 4164 qui
481 4095 759 4163 egredietur
783 4112 846 4149 ea:
873 4105 918 4148 te
943 4098 960 4165 (
985 4095 1122 4149 Ibid.
1147 4097 1219 4166 4)
1245 4138 1260 4163 ,
1303 4096 1368 4150 de
1396 4094 1617 4151 lsmaele
1646 4095 1843 4149 dictum

259 4189 429 4244 fuisse
464 4190 820 4244 arbitrabatur
854 4207 867 4243 :
905 4189 1107 4244 nullum
1146 4190 1288 4244 enim
1337 4199 1560 4244 eatenus
1607 4189 1672 4244 de
1714 4189 1846 4244 Sara

259 4293 577 4350 resmeSum
603 4291 902 4350 acceperat.

335 4373 674 4428 Sodomorum
717 4376 886 4428 clades
936 4375 1131 4429 occasio
1170 4373 1397 4428 maeroris
1435 4373 1742 4427 Abrahamo.
1779 4401 1848 4413 --

259 4471 393 4526 Cum
425 4482 557 4525 vero
583 4467 796 4524 demum
827 4467 1105 4523 clariorem
1136 4468 1220 4522 de-
1246 4467 1392 4522 Isaac
1441 4465 1846 4536 promissionem

261 4560 574 4629 accepisset,
600 4568 912 4630 tempusque
952 4566 1137 4628 partus
1165 4558 1440 4613 deﬁnitum
1473 4565 1632 4621 esset,
1663 4569 1848 4610 rursus

261 4661 542 4723 antequam
573 4653 688 4721 ejus
707 4653 819 4722 spei
845 4652 1172 4721 voluptatem
1202 4651 1360 4705 ullam
1401 4649 1643 4715 sentiret,
1675 4646 1848 4701 Sodo-

264 4757 473 4798 morum
503 4743 681 4798 clades
716 4742 984 4812 ingentem
1009 4741 1084 4795 illi
1097 4740 1344 4795 maeroris
1373 4739 1620 4794 nebulam
1639 4736 1846 4792 offudit.

262 4835 397 4894 Nam
424 4836 566 4907 quod
594 4851 680 4890 res
711 4835 822 4904 ipsa
847 4835 1046 4904 justum
1070 4833 1240 4887 virum
1278 4832 1563 4888 immodice
1599 4832 1848 4886 turbave-

263 4929 356 4993 rit,
387 4942 454 4981 ex
485 4925 662 4981 verbis
691 4925 794 4980 illis
822 4940 885 4979 ac
912 4939 1070 4993 prece
1095 4939 1255 4992 quam
1283 4938 1380 4992 pro
1409 4923 1486 4978 eis
1509 4923 1660 4987 fudit,
1678 4922 1850 4976 omni-

271 5021 373 5072 bus
399 5016 640 5087 profecto
669 5025 896 5070 constat.
925 5014 1057 5070 Cum
1100 5029 1229 5068 vero
1271 5015 1477 5083 lapsum
1506 5031 1536 5070 e
1580 5015 1718 5069 caelo
1745 5014 1848 5068 im-

267 5113 414 5165 brem
438 5111 585 5165 illum
609 5110 830 5164 omnino
860 5108 1149 5164 terribilem
1179 5118 1443 5174 cerneret,
1475 5120 1769 5178 cunctaque
1797 5110 1848 5164 in

266 5201 539 5273 pulverem
569 5211 621 5255 et
641 5201 874 5256 cinerem
921 5214 1198 5263 conversa,
1230 5215 1404 5268 neque
1435 5200 1488 5253 in
1533 5199 1712 5267 seipso
1737 5199 1847 5270 jam

265 5305 403 5349 erat.
434 5293 562 5348 Nam
587 5294 628 5348 si
646 5309 765 5348 cum
793 5294 977 5363 procul
1029 5292 1217 5347 domos
1259 5293 1464 5362 aliquas
1521 5291 1850 5362 conﬂagrare

268 5385 516 5442 incendio
551 5385 811 5450 videmus,
836 5393 1113 5454 stupemus
1152 5397 1215 5438 ac
1241 5383 1429 5438 dolore
1481 5382 1800 5438 conﬂcimur
1831 5399 1847 5436 :

266 5479 393 5548 quid
437 5469 820 5548 illum-passum
847 5477 1188 5538 arbitremur,
1213 5476 1372 5530 urbes
1421 5475 1652 5544 integras
1679 5484 1732 5530 et
1761 5491 1850 5530 re-

265 5569 452 5640 giones
477 5583 598 5624 eum
630 5567 1015 5622 habitatorilms
1045 5566 1290 5622 incendio
1311 5582 1415 5620 non
1447 5573 1724 5631 consueto,
1757 5565 1852 5622 sed

270 5677 410 5717 novo
436 5677 498 5716 ac
523 5660 746 5716 terribili
799 5659 989 5714 ardere
1035 5660 1447 5730 conspicientem
1467 5659 1492 5711 ?
1521 5658 1603 5713 An
1631 5658 1723 5713 tibi
1746 5672 1852 5714 non

268 5752 480 5808 videtur
500 5752 629 5821 justi
672 5751 824 5819 hujus
849 5751 1376 5822 aﬂ‘ectus‘mquoreos
1418 5750 1852 5820 decumanosque

272 5845 460 5903 fluctus
497 5842 692 5898 imitari
721 5841 932 5898 ?-Sicut
964 5842 1106 5902 enim
1145 5844 1198 5898 in
1245 5843 1380 5899 mari
1431 5851 1713 5912 antequam
1749 5841 1850 5897 ﬂu-

1147 409 1238 502 AI)
1274 407 1648 467 summum
1688 405 1729 461 Α
1771 403 2071 464 nemone
2111 410 2464 469 VEXATUM.
2505 413 2630 470 LIB.
2666 413 2731 472 ll.

3441 423 3550 482 462

1975 533 2092 578 ctus
2120 525 2211 580 alii
2234 527 2550 598 quieverint,
2571 529 2658 585 alii
2685 547 2866 589 rursus
2891 534 3088 590 montis
3117 534 3282 592 instar
3316 533 3549 595 intume-

1971 626 2146 682 scunt,
2176 617 2246 672 ita
2275 627 2329 673 et
2375 634 2470 689 per
2510 629 2672 676 totam
2707 623 2806 678 viri
2835 625 2994 681 vitam
3023 629 3310 701 contigisse
3341 631 3549 702 perspi-

1969 708 2100 763 cies.
2142 708 2273 763 Nam
2299 724 2420 764 cum
2457 710 2629 766 adhuc
2657 712 3007 770 Sodomorum
3057 733 3246 775 recens
3287 730 3431 776 esset
3460 724 3549 778 illa

1967 799 2248 865 desolatio,
2267 816 2360 856 rex
2382 801 2597 857 Gerartc
2623 803 2831 869 eadem,
2854 820 2972 876 qua:
3019 807 3246 875 Pharao,
3278 810 3329 864 in
3361 812 3548 868 Saram

1968 892 2303 946 committere
2333 902 2556 949 conatus
2595 903 2697 961 est,
2730 910 3019 966 rursusque
3057 901 3246 956 mulier
3283 903 3349 956 ad
3381 903 3546 960 mise-

1965 982 2186 1036 randam
2233 983 2628 1040 simulationem
2680 988 3054 1056 compellitur;
3088 999 3247 1060 atque
3301 993 3352 1048 in
3404 1009 3541 1064 Opus

1970 1073 2304 1143 prorupisset
2349 1089 2412 1128 ea
2450 1075 2790 1141 contumelia,
2839 1077 2938 1131 nisi
2989 1079 3344 1147 prohibuisset
3385 1084 3543 1138 Deus.

1964 1163 2094 1218 Cum
2116 1173 2290 1219 autem
2317 1163 2370 1218 in
2395 1174 2549 1234 partu
2574 1165 2717 1220 illius
2757 1176 2812 1221 et
2852 1183 2987 1222 uxor
3005 1169 3162 1224 simul
3203 1179 3258 1225 et
3307 1171 3462 1238 ﬁlius,
3481 1187 3545 1228 ac

1965 1266 2070 1311 tota
2090 1256 2284 1311 familia
2308 1258 2600 1326 laetaretur,
2632 1259 2776 1314 solus
2797 1259 2953 1316 illein
2981 1271 3131 1318 tanto
3149 1266 3384 1320 omnium
3413 1282 3544 1337 gau-

1962 1347 2050 1401 dio
2081 1348 2246 1402 tristis
2269 1362 2389 1403 esse
2422 1363 2485 1403 ac
2535 1363 2764 1405 moerere
2803 1353 3114 1420 cogebatur,
3143 1357 3388 1411 ancillam
3418 1374 3540 1413 cum

1963 1439 2072 1494 lilio
2101 1438 2295 1507 ejicere
2314 1439 2644 1509 compulsus.
2672 1440 2786 1496 Etsi
2815 1443 2959 1497 enim
3001 1444 3197 1501 nothus
3243 1457 3358 1502 erat
3383 1459 3543 1518 atque

1960 1519 2023 1587 es
2053 1531 2246 1586 ancilla
2275 1540 2429 1586 natus
2458 1531 2667 1600 Ismacl,
2687 1536 2945 1592 naturalis
2987 1547 3165 1592 tamen
3221 1540 3303 1594 vis
3345 1542 3543 1597 amoris

1957 1643 2019 1679 ex
2046 1625 2356 1694 indignitate
2384 1623 2746 1680 nihilo-minor
2769 1635 2904 1694 erat,
2933 1643 3109 1699 neque
3132 1629 3538 1688 imbecilliorem

1959 1730 2301 1786 paternorum
2333 1725 2594 1780 viscerum
2615 1726 2854 1782 dolorem
2877 1727 3075 1784 fecerat
3096 1729 3396 1798 ignobilitas
3422 1745 3540 1784 ma-

1959 1811 2055 1866 tris
2091 1829 2106 1877 ;
2133 1813 2375 1886 istudque
2401 1832 2466 1872 ex
2501 1818 2615 1888 ipsa
2641 1818 2878 1874 historia:
2906 1821 3044 1874 serie
3070 1835 3353 1890 possumus
3383 1821 3538 1875 addi-

1957 1916 2125 1958 scere.
2161 1905 2254 1960 Ille
2290 1908 2429 1962 enim
2454 1907 2625 1974 fortis,
2651 1911 2740 1966 ille
2769 1912 3138 1966 severissimus
3163 1921 3217 1968 et
3240 1915 3327 1984 qui
3355 1915 3537 1985 unige-

1962 1995 2129 2047 nitum
2161 1999 2391 2066 prOpriis
2420 2001 2663 2054 manibus
2685 2009 2871 2070 postea
2893 2002 3233 2056 mactandum
3282 2006 3533 2074 suscepit,

1959 2099 2124 2139 uxore
2167 2087 2266 2141 sibi
2309 2087 2411 2143 hoc
2442 2091 2787 2160 praecipiente
2838 2107 2978 2161 aegre
3032 2091 3258 2161 ferebat,
3276 2109 3339 2149 ac
3377 2111 3537 2148 num-

1956 2191 2112 2246 quam
2167 2176 2237 2231 illi
2287 2180 2556 2244 cessisset,
2609 2197 2894 2252 numquam
2936 2187 3381 2254 obtemperaSset,
3437 2187 3538 2243 etsi

1958 2277 2080 2323 tunc
2107 2268 2276 2338 major
2291 2273 2585 2327 accessisse
2619 2273 2893 2330 videretur
2917 2277 3231 2345 auctoritas,
3257 2278 3357 2332 nisi
3385 2279 3534 2334 illum

1957 2361 2117 2415 timor
2144 2363 2234 2416 Dei
2263 2363 2612 2420 vehementer
2663 2367 2982 2436 impulisset.
3016 2369 3199 2439 Itaque
3233 2386 3352 2425 cum
3383 2372 3537 2427 audis

1955 2450 2101 2507 illum
2136 2454 2243 2507 Deo
2259 2454 2481 2524 jnbente
2507 2456 2754 2511 ancillam
2781 2459 3026 2514 emisisse
3072 2475 3194 2514 cum
3245 2461 3378 2528 filio,
3406 2478 3537 2520 cave

1954 2554 2108 2614 putes
2133 2546 2331 2600 doloris
2357 2561 2515 2601 sensu
2544 2549 2802 2614 caruisse,
2847 2548 2949 2602 hoc
2977 2566 3118 2604 emm
3141 2560 3256 2604 erat
3285 2552 3536 2622 impossi-

1952 2636 2308 2701 bile;vcrum
2355 2637 2495 2692 illius
2528 2639 2704 2708 potius
2756 2640 3076 2709 singularem
3117 2641 3382 2698 admirare
3402 2643 3536 2699 obe-

1953 2727 2226 2795 dientiam,
2253 2728 2392 2797 quod
2419 2742 2538 2782 cum
2565 2729 2724 2784 etiam
2762 2731 3116 2785 miserationis
3143 2732 3334 2786 affectu
3359 2743 3532 2788 retra-

1953 2818 2189 2886 heretur,
2228 2820 2334 2874 Deo
2362 2827 2537 2874 tamen
2569 2835 2674 2874 non
2703 2821 3047 2887 contradixit,
3079 2823 3171 2877 sed
3199 2824 3377 2878 emisit
3404 2840 3526 2879 cum

1952 2911 2060 2966 filio
2105 2923 2354 2976 matrem,
2407 2927 2662 2982 quorsum
2715 2912 3018 2982 profectura
3063 2922 3206 2969 esset
3261 2917 3525 2971 nesciens.

1952 3001 2235 3057 Tolerabat
2258 3012 2437 3057 autem
2481 3012 2642 3072 atque
2697 3004 2996 3058 sustinebat
3045 3019 3281 3060 mmrens
3316 3023 3329 3060 :
3361 3021 3536 3078 neque

1951 3095 2092 3148 enim
2121 3094 2209 3148 ille
2231 3102 2417 3147 natura
2442 3095 2686 3162 superior
2705 3103 2969 3148 evaserat.
3427 3157 3433 3162 _

2021 3183 2076 3238 9.
2111 3181 2184 3236 De
2207 3183 2458 3249 sacriﬁcio
2482 3181 2648 3235 Isaac.
2671 3211 2743 3221 —
2769 3183 2880 3236 IIoc
2903 3192 3080 3237 autem
3111 3191 3167 3238 et
3217 3184 3268 3237 in
3300 3184 3535 3256 legitimo

1952 3289 2139 3344 passus
2167 3281 2250 3328 est
2277 3273 2388 3327 filio
2412 3291 2425 3326 :
2455 3273 2630 3326 nullus
2649 3274 2790 3326 enim
2818 3289 2937 3327 cum
2967 3289 3070 3327 non
3097 3275 3330 3330 doluisse
3356 3278 3527 3343 dicat,

1951 3381 2124 3434 neque
2175 3373 2396 3432 paterno
2451 3363 2645 3418 aﬂ‘ectu
2695 3365 2861 3419 fuisse
2912 3375 3260 3431 commotum,
3293 3384 3360 3422 ne
3405 3368 3530 3423 dum

1951 3456 2090 3509 ultra
2135 3455 2350 3509 modum
2397 3455 2537 3510 illius
2566 3455 2852 3510 ostendere
2903 3456 3088 3510 nititur
3115 3457 3530 3527 phiIOSOphiam,

1950 3547 2096 3601 illum
2127 3561 2332 3602 summa
2363 3547 2578 3602 laudum
2619 3549 2855 3602 omnium
2885 3549 3076 3618 privet.
3117 3548 3248 3603 Nam
3282 3551 3326 3604 si
3349 3551 3399 3605 in
3440 3551 3534 3608 ﬂa-

1948 3640 2090 3710 gitiis
2118 3639 2438 3709 turpissimis
2458 3639 2842 3708 deprehensos,
2867 3653 2930 3693 ac
2956 3639 3264 3710 longissimo
3291 3649 3533 3713 tempore

1951 3734 2054 3787 vita
2070 3733 2287 3803 potitos,
2317 3732 2636 3802 ignotosque
2661 3739 2716 3785 et
2738 3745 2870 3800 quos
2895 3745 3183 3800 numquam
3211 3742 3366 3785 antea
3397 3733 3532 3787 vidi-

1950 3842 2088 3890 mus,
2113 3832 2478 3894 cum'repente
2522 3823 2882 3893 conspicimus
2933 3824 2986 3877 in
3043 3823 3158 3878 foro
3187 3823 3252 3878 ad
3305 3835 3532 3881 mortem

1948 3917 2091 3980 duci,
2121 3914 2486 3972 misericordia
2529 3929 2591 3968 ac
2615 3913 2802 3968 dolore
2829 3912 3160 3980 conﬂcimur,
3195 3929 3336 3983 saepe
3357 3925 3532 3971 autem

1950 4009 2107 4064 etiam
2133 4009 2554 4080 illacrymamur:
2586 4007 2630 4062 is
2648 4008 2736 4077 qui
2763 4007 3090 4076 unigenitum
3113 4015 3165 4061 et
3192 4007 3529 4063 carissimum

1949 4102 2134 4164 ﬂlium,
2169 4101 2258 4170 qui
2286 4110 2482 4168 prteter
2509 4113 2680 4167 spem,
2705 4097 2794 4167 qui
2831 4106 2951 4166 post
2986 4104 3192 4150 tantum
3245 4099 3523 4166 temporis,

1949 4194 2038 4262 qui
2056 4193 2122 4245 ad
2151 4201 2442 4246 extremam
2473 4196 2803 4242 senectutem
2846 4196 3001 4240 natus
3044 4194 3190 4253 erat,
3221 4185 3337 4240 h;ec
3381 4186 3521 4240 enim

1950 4284 2128 4338 omnia
2174 4281 2407 4337 excitant
2467 4279 2726 4348 majorem
2775 4278 2979 4332 doloris
3035 4277 3338 4342 ﬂammam,
3387 4277 3528 4331 hunc

1950 4377 2125 4430 adhuc
2145 4375 2398 4444 juvenem
2423 4372 2533 4426 suis
2582 4369 2828 4424 manibus
2867 4376 3102 4423 mactare
3146 4377 3202 4422 et
3244 4367 3532 4421 incendere

1945 4468 2146 4538 jussus,
2171 4465 2303 4519 nihil
2338 4463 2626 4518 humanum
2647 4475 2834 4531 passus
2878 4459 3250 4514 existimetur:
3281 4457 3405 4528 quid
3432 4458 3532 4513 ista

1949 4558 2246 4614 dicentibus
2273 4556 2608 4612 ridiculosius
2630 4555 2653 4606 ’ἰ
2677 4553 2914 4622 Namque
2934 4551 2980 4605 si
3006 4549 3142 4618 lapis
3156 4558 3316 4614 esset,
3343 4549 3386 4603 si
3417 4547 3529 4603 fer-

1952 4664 2092 4715 rum,
2120 4648 2166 4702 si
2189 4647 2405 4701 adamas
2421 4645 2672 4714 denique,
2728 4651 2980 4712 possetne
3008 4655 3112 4693 non
3167 4639 3384 4703 molliri,
3417 4654 3526 4694 non

1953 4741 2118 4810 frangi
2142 4741 2207 4795 ad
2225 4741 2475 4795 decorum
2497 4738 2590 4792 lilii
2629 4745 2899 4805 aspectum
2927 4733 2986 4803 ?(
3002 4739 3116 4786 erat
3158 4731 3299 4786 enim
3329 4732 3384 4785 in
3416 4731 3534 4801 ipso

1952 4833 2123 4889 anatis
2144 4831 2296 4901 ﬂore)
2333 4830 2397 4884 ad
2435 4829 2716 4884 verborum
2745 4822 3078 4895 prudentiam
3103 4832 3156 4878 et
3178 4811 3487 4892 religionem
3511 4822 3535 4874 ἲ

1953 4926 2303 4996 Interrogavit
2327 4931 2552 4994 patrem,
2580 4920 2711 4973 Ecce
2731 4919 2868 4989 ligna
2894 4927 2938 4972 et
2957 4918 3125 4987 ignem
3152 4931 3172 4969 :
3191 4915 3277 4969 ubi
3302 4924 3373 4968 est
3389 4901 3492 4967 ouis
3509 4915 3537 4967 7

1953 5019 2174 5085 audivit,
2207 5018 2342 5072 Deus
2364 5013 2642 5086 providebit
2665 5011 2758 5065 sibi
2785 5026 2925 5066 ovem
2963 5010 3016 5062 in
3061 5007 3429 5069 holocaustum,
3456 5005 3534 5071 ﬁli

1953 5113 2021 5164 mi
2047 5112 2065 5182 (
2091 5109 2219 5164 Gen.
2241 5107 2332 5162 22.
2358 5108 2388 5161 7
2415 5107 2434 5176 )
2465 5124 2476 5158 :
2503 5104 2736 5173 nihilque
2759 5100 3068 5172 perquisivit
3091 5097 3336 5166 amplius.
3363 5094 3521 5162 Aspi-

1953 5206 2127 5259 ciebat
2145 5201 2349 5274 patrem
2379 5216 2435 5254 se
2466 5199 2740 5268 rigantem,
2765 5210 2866 5249 nec
2887 5192 3280 5248 reluctabatur:
3308 5186 3528 5255 imposi-

1954 5306 2038 5352 tus
2087 5310 2217 5365 rogo
2259 5309 2366 5347 non
2410 5290 2686 5346 resiliebat
2721 5287 2952 5358 gladium
2970 5294 3155 5339 contra
3208 5295 3267 5334 se
3313 5277 3530 5341 vibrari,

1955 5401 2127 5456 neque
2154 5382 2473 5439 terrebatur.
2495 5380 2632 5448 Quid
2663 5379 2767 5434 hoc
2801 5377 2980 5431 animo
3003 5368 3301 5440 religiosius
3316 5366 3535 5421 ?Aude-

1955 5479 2101 5533 bitne
2127 5489 2254 5544 ergo
2277 5469 2555 5544 quisquam
2588 5470 2760 5525 adhuc
2785 5468 2964 5522 dicere
2993 5460 3125 5516 nihil
3153 5461 3203 5513 in
3233 5457 3533 5528 hujusmodi

1956 5569 2202 5626 omnibus
2218 5579 2526 5637 perpessum
2546 5579 2666 5618 esse
2680 5560 2947 5616 Abraham
2966 5555 3060 5610 ?-Si
3078 5556 3217 5607 enim
3240 5549 3533 5611 inimicum,

1957 5662 2000 5716 si
2027 5659 2237 5715 hostem
2261 5655 2640 5711 interfecturus
2679 5658 2839 5712 esset,
2877 5647 3038 5702 etiam
3069 5644 3114 5698 si
3142 5642 3319 5698 bellua
3352 5639 3533 5693 fuisset

1959 5762 2225 5815 immanis,
2259 5744 2397 5802 num'
2417 5747 2524 5800 ista“
2541 5745 2657 5798 sine
2684 5739 2868 5794 dolore
2887 5739 3248 5805 perpetrasset
3272 5731 3296 5783 τ
3322 5729 3434 5783 Non
3456 5738 3534 5782 est

1963 5841 2068 5912 ita,
2099 5854 2204 5895 non
2257 5847 2358 5893 cst.
2407 5835 2524 5890 Noli
2575 5834 2766 5887 iustum
2803 5826 2974 5879 virum
3023 5834 3180 5879 tanta:
3214 5817 3541 5876 crudelitatis
