4138 6424
674 363 777 420 ωδ

673 490 927 546 arguere:
956 473 1166 529 dolebat
1190 473 1427 544 profecto
1449 482 1607 542 atque
1628 470 2076 539 disrumpehatur.
2100 465 2261 529 Deus,

673 563 883 634 inquit,
928 562 1201 634 providebit
1235 564 1330 618 sibi
1376 565 1630 618 uictimam
1667 563 1719 618 in
1759 563 2128 628 holocaustum,
2165 563 2261 630 ﬁli.

673 656 881 725 Quanta
908 652 1250 713 miseratione
1267 657 1428 713 verba
1456 659 1555 712 ista
1578 658 1733 728 plena
1763 656 1929 713 fuisse
1951 656 2265 712 arbitraris?

677 746 997 804 Continebat
1025 763 1083 804 se
1112 758 1311 817 tamen,
1340 763 1404 804 ac
1434 748 1922 819 premebatdoloris
1947 748 2075 814 vim,
2106 757 2265 818 atque

677 841 778 897 ista
796 841 973 897 omnia
991 856 1051 895 ea
1074 841 1347 896 alacritate
1364 841 1734 911 patrabat,qua
1758 840 1991 897 facerent
2007 840 2097 911 qui
2118 840 2263 895 nullo

676 934 977 988 istiusmodi
1026 934 1410 1004 impedimento
1462 935 1882 990 continerentur.
1929 934 2261 989 lmmolatum

672 1023 874 1079 interea
907 1025 1072 1078 lilium
1114 1025 1334 1096 (quippe
1372 1024 1657 1080 devotione
1684 1025 1830 1079 illum
1871 1025 2260 1097 immolaverat)

671 1124 860 1171 sanum
886 1131 1071 1172 rursus
1098 1126 1256 1186 atque
1282 1117 1604 1173 incolumem
1632 1118 1864 1173 restituit
1890 1118 2046 1173 matri
2070 1136 2082 1171 :
2104 1136 2259 1187 quem

672 1204 760 1261 illa
789 1208 1104 1277 suscipiens,
1126 1215 1408 1276 antequam
1438 1206 1636 1262 aﬂatim
1660 1207 1803 1263 dulci
1826 1217 1950 1263 nato
1976 1208 2258 1277 frueretur,

670 1301 905 1356 excessit
945 1318 976 1356 e
1010 1301 1117 1356 vita
1151 1319 1165 1355 :
1195 1302 1247 1355 id
1283 1300 1431 1372 justo
1475 1301 1549 1356 illi
1597 1303 1830 1357 maximo
1875 1301 2093 1385 maerori
2144 1301 2259 1355 fuit.

679 1385 794 1446 Etsi
835 1392 980 1447 enim
1026 1392 1187 1464 longo
1229 1392 1389 1449 simul
1417 1393 1660 1449 vixerant
1691 1404 1967 1465 tempore,
2014 1394 2145 1450 nihil
2186 1406 2264 1451 ta-

672 1496 796 1537 men
825 1484 1146 1553 persuadere
1164 1494 1391 1555 poterat,
1414 1494 1475 1543 ut
1502 1502 1625 1542 eum
1652 1502 1834 1543 casum
1865 1489 2034 1545 levius
2060 1490 2258 1545 ferret:

672 1577 783 1632 imo
812 1593 943 1635 vero
985 1579 1087 1635 hoc
1127 1580 1300 1649 ipsum
1326 1582 1587 1652 ampliore
1618 1582 1767 1637 illum
1798 1583 1986 1639 dolore
2009 1584 2261 1638 conficie-

670 1667 780 1723 bat.
811 1668 1048 1739 Namque
1072 1670 1447 1728 consuevimus
1472 1687 1588 1740 eos,
1618 1674 1707 1743 qui
1737 1672 1964 1743 plurimo
1982 1675 2260 1732 nobiscum

670 1767 912 1830 tempore
940 1761 1221 1827 vixerunt,
1262 1777 1576 1834 summaque
1614 1766 1826 1820 virtutis
1851 1782 1961 1822 sua:
1991 1776 2047 1822 et
2075 1769 2261 1823 amici-

670 1850 757 1904 tiae
787 1850 941 1905 nobis
976 1851 1291 1908 documenta
1322 1854 1579 1912 dederunt
1602 1898 1618 1923 ,
1665 1859 1895 1914 maxime
1930 1861 2165 1915 omnium
2197 1876 2260 1917 ac

672 1954 885 1995 summo
914 1940 1182 1997 desiderio
1210 1950 1505 2013 requirere.
1556 1948 1815 2019 Quodque
1844 1951 1945 2006 ista
1971 1954 2050 2007 sic
2070 1968 2128 2006 se
2161 1953 2259 2007 ha-

670 2030 864 2099 beant,
918 2031 1031 2101 ipse
1075 2035 1376 2103 patriarcha
1418 2038 1571 2094 nobis
1614 2038 1846 2108 iudicat,
1897 2042 1990 2112 qui
2028 2042 2155 2098 ﬂetu
2195 2060 2261 2100 ac

671 2123 1049 2179 lamentatione
1089 2124 1233 2179 illam
1278 2137 1632 2198 prosequutus
1671 2139 1774 2184 est.
1826 2132 1955 2199 Quis
1995 2133 2105 2204 jam
2137 2136 2261 2190 reli-

668 2227 801 2281 quas
825 2227 982 2268 curas
1010 2230 1296 2271 recensere
1323 2219 1529 2285 possit,
1566 2235 1697 2289 quas
1723 2237 1819 2290 pro
1847 2222 1958 2277 ﬁlio
1977 2262 1993 2289 ,
2021 2238 2118 2295 pro
2143 2224 2259 2295 ejus

670 2318 834 2358 uxore
853 2346 867 2370 ,
918 2320 1016 2374 pro
1048 2303 1297 2362 fratribus
1322 2308 1462 2364 illius
1488 2312 1762 2381 suscepit,
1803 2314 2011 2384 aliaque
2032 2316 2211 2372 omnia
2241 2332 2257 2373 :

667 2410 785 2462 quin
814 2395 902 2466 qui
928 2395 994 2451 ad
1022 2399 1275 2452 amussim
1321 2399 1663 2457 considerare
1704 2404 1867 2471 velit,
1916 2406 2070 2475 longe
2110 2406 2259 2462 laboo

671 2484 947 2541 riosiorem
984 2488 1113 2558 justi
1158 2489 1314 2561 hujus
1356 2493 1550 2559 vitam,
1580 2495 1828 2565 curisque
1854 2499 2257 2555 eumulatiorem

669 2579 983 2647 perspiciet,
1018 2597 1175 2650 quam
1202 2583 1316 2653 ejus
1356 2600 1513 2655 quem
1545 2589 1704 2656 paulo
1738 2598 1861 2645 ante
1887 2589 2257 2647 indicavimus.

672 2668 942 2739 Praecipua
989 2672 1129 2726 enim
1173 2683 1375 2729 tantum
1427 2675 1699 2746 Scriptura
1748 2695 2010 2747 narrans,
2065 2694 2256 2739 cmtera

669 2761 821 2815 nobis
846 2763 1023 2817 omnia
1042 2768 1393 2823 examinanda
1418 2770 1653 2840 reliquit,
1683 2788 1802 2842 qua:
1821 2772 2009 2828 diebus
2031 2777 2256 2846 singulis

668 2851 956 2908 verisimile
1003 2864 1087 2909 est
1133 2856 1278 2911 domi
1321 2860 1664 2929 contingere,
1724 2862 1811 2916 ubi
1857 2877 2133 2919 servorum
2176 2876 2260 2922 est

670 2944 979 3011 multitudo,
1022 2944 1134 3011 vir,
1186 2963 1350 3013 uxor,
1395 2964 1461 3004 ac
1488 2951 1617 3017 filii,
1659 2952 2059 3029 multarumque
2077 2973 2257 3013 rerum

668 3049 791 3089 eura
817 3050 882 3090 ac
910 3033 1230 3092 sollicitudo.
1255 3037 1329 3093 lta
1358 3055 1507 3106 sane,
1533 3042 1759 3110 inquies,
1789 3044 1884 3099 sed
1913 3045 1985 3100 illi
2008 3048 2255 3103 solatium

668 3125 870 3181 ferebat
897 3127 947 3181 in
976 3128 1197 3199 singulis
1222 3130 1525 3202 hujusmodi
1560 3133 1830 3202 adversis,
1860 3138 2001 3206 quod
2042 3149 2258 3209 propter

670 3217 833 3270 Deum
879 3218 965 3272 illa
997 3221 1174 3275 omnia
1204 3230 1490 3290 pateretur.
1544 3223 1613 3279 Et
1648 3235 1700 3280 te
1739 3227 1911 3297 ipsum
1943 3228 2104 3299 igitur
2126 3231 2255 3286 illud

665 3309 1048 3367 consolabitur.
1099 3311 1287 3370 Nullus
1332 3317 1475 3371 enim
1518 3316 1755 3387 profecto
1776 3361 1792 3386 ,
1825 3322 1924 3375 nisi
1959 3323 2097 3378 Deus
2117 3365 2131 3388 ,
2163 3325 2255 3381 tibi

668 3403 806 3458 hanc
834 3402 1019 3460 inferri
1042 3408 1390 3463 tentationem
1421 3410 1680 3477 permisit.
1703 3410 1833 3465 Nam
1865 3414 1911 3468 si
1939 3430 2039 3471 nec
2063 3430 2255 3484 porcos

665 3493 883 3564 quidem
937 3495 1191 3553 invadere
1230 3500 1540 3569 nequissimi
1582 3501 1856 3558 dtemones
1895 3506 2010 3560 ausi
2059 3506 2257 3563 fuerint

671 3582 880 3661 (Mqttli.
903 3584 956 3641 8.
981 3587 1069 3643 30.
1094 3589 1280 3661 δέρᾳ),
1305 3590 1404 3644 nisi
1429 3592 1576 3661 prius
1598 3592 1688 3648 ille
1706 3596 2054 3663 permitteret.
2085 3600 2255 3655 multo

666 3675 844 3730 minus
873 3678 1158 3746 pretiosam
1186 3681 1441 3737 animam.
1475 3682 1625 3739 Sicut
1668 3685 1826 3756 igitur
1863 3689 1979 3744 viro
2013 3690 2087 3745 illi
2112 3691 2253 3762 quod

666 3765 875 3823 fortiter
920 3770 1094 3824 omnia
1139 3780 1194 3826 et
1240 3787 1361 3827 cum
1403 3776 1694 3844 gratiarum
1736 3781 1943 3836 actione
1972 3783 2171 3847 ferret,
2203 3786 2255 3840 id

667 3858 887 3912 multam
918 3860 1142 3915 contulit
1167 3863 1487 3931 mercedem,
1517 3866 1588 3919 ita
1613 3868 1780 3935 pariet
1802 3879 1858 3924 et
1883 3872 1996 3935 tibi,
2025 3874 2069 3927 si
2098 3875 2256 3928 modo

670 3964 776 4002 non
804 3949 1035 4020 graviter
1059 3962 1218 4022 atque
1244 3953 1581 4024 indignanter
1608 3957 1744 4013 feras
1764 4000 1779 4027 ,
1808 3962 1902 4015 sed
1927 3964 1979 4016 in
2008 3965 2255 4020 omnibus

665 4040 866 4109 gratias
905 4057 1030 4112 agas
1057 4043 1476 4100 clementissimo
1504 4048 1634 4103 Deo.
1687 4049 1816 4103 Nam
1847 4060 1901 4106 et
1941 4052 2128 4109 beatus
2153 4055 2254 4111 Job

664 4145 729 4185 ea
750 4147 868 4200 quae
891 4147 1078 4203 passus
1103 4144 1203 4199 est,
1230 4137 1337 4191 Deo
1361 4140 1697 4206 permittente
1722 4157 2005 4212 perpessus
2025 4156 2109 4200 est
2136 4164 2148 4199 :
2173 4163 2256 4202 eo-

666 4225 812 4279 runis
842 4234 1016 4281 tamen
1046 4243 1150 4283 non
1178 4228 1298 4285 ideo
1321 4238 1521 4286 tantum
1543 4233 1772 4298 donatus
1792 4245 1893 4300 est,
1920 4239 2039 4307 quia
2070 4254 2253 4307 passus

665 4327 768 4383 est,
784 4334 967 4375 verum
984 4321 1142 4377 etiam
1159 4323 1281 4392 quia
1297 4334 1480 4380 contra
1493 4326 1716 4383 adversa
1731 4329 1911 4384 omnia
1927 4328 2078 4386 fortis
2093 4341 2253 4403 atque

667 4412 984 4468 inviolabilis
1005 4416 1269 4485 perstitit;
1296 4418 1728 4492 admiramurque
1744 4423 1891 4479 illum
1913 4440 2121 4491 omnes,
2147 4442 2252 4480 non

666 4500 807 4569 quod
831 4503 1065 4573 privatus
1086 4506 1334 4563 omnibus
1362 4498 1399 4564 εἰ
1419 4510 1629 4565 diabolo
1652 4512 1827 4580 fuerit,
1856 4513 1948 4573 sed
1971 4516 2091 4586 quia
2116 4519 2254 4573 inter

668 4588 784 4645 haze
807 4593 984 4646 omnia
1012 4610 1115 4649 non
1145 4598 1464 4667 peccaverit,
1497 4615 1565 4655 ne
1591 4601 1643 4655 in
1672 4601 1822 4657 labiis
1848 4605 2059 4673 quidem
2084 4608 2215 4662 suis.

741 4683 827 4738 10.
856 4683 1007 4738 Redit
1033 4687 1101 4740 ad
1128 4690 1413 4757 exemplum
1445 4691 1616 4747 Isaac.
1641 4722 1714 4734 -
1737 4696 1996 4763 Quoniam
2028 4715 2155 4755 vero
2185 4700 2252 4755 de

666 4773 769 4829 Job
804 4778 1127 4834 mentionem
1159 4780 1292 4850 feci,
1336 4783 1526 4839 vellem
1553 4786 1767 4855 quidem
1796 4788 1951 4859 longa
1982 4791 2147 4861 ipsius
2175 4794 2251 4847 la-

667 4878 868 4938 menta,
898 4874 1311 4945 passionumque
1332 4876 1996 4955 vehementiam'persequi
2027 4904 2040 4939 :
2066 4903 2252 4943 verum

668 4977 735 5017 ne
759 4963 1013 5033 prolixior
1038 4965 1160 5031 sint,
1193 4967 1258 5021 ad
1286 4967 1432 5025 Isaac
1459 4972 1643 5027 redeo.
1675 4972 1840 5030 Porro
1867 4979 1912 5029 si
1934 4978 2084 5047 cupis
2112 4978 2251 5034 illius

664 5054 845 5109 omnia
871 5054 1179 5126 diligentius
1205 5058 1481 5127 addiscere
1504 5104 1518 5127 ,
1560 5064 1752 5119 librum
1796 5067 1967 5137 ipsum
1999 5068 2050 5122 in
2077 5069 2249 5124 mani-

665 5144 764 5198 bus
794 5158 1035 5208 sumens.
1066 5147 1247 5217 aspice
1278 5150 1331 5204 in
1357 5152 1606 5223 abyssum
1636 5155 1949 5212 altissimam
1976 5159 2250 5216 calamita-

668 5245 777 5290 tum
808 5235 937 5305 viri,
982 5237 1374 5312 plurimumque
1414 5242 1485 5298 ibi
1527 5246 1946 5303 consolationem
1985 5250 2247 5306 invenies.

662 5327 873 5395 Quanto
897 5331 1043 5385 enim
1072 5332 1261 5388 melior
1283 5333 1458 5403 justus
1497 5335 1588 5392 ille
1622 5348 1706 5395 est
1748 5354 1906 5409 quam
1944 5356 2073 5408 nos,
2103 5353 2251 5398 tanto

663 5424 917 5491 majorem
949 5424 1054 5478 vim
1085 5428 1491 5497 expugnandam
1522 5429 1724 5493 habuit,
1762 5446 1933 5502 eoque
1957 5432 2248 5489 vehemen-

664 5515 767 5569 tius
790 5528 974 5573 contra
1002 5518 1149 5573 illum
1175 5529 1301 5576 tunc
1327 5523 1684 5593 nequissimus
1711 5524 1799 5580 ille
1823 5528 2119 5583 concitatus
2143 5538 2246 5583 est.

660 5604 926 5663 (Ia-terum
978 5620 1126 5666 recte
1169 5610 1304 5667 facta
1337 5627 1442 5668 non
1471 5624 1575 5667 tam
1617 5616 1968 5672 tentationum
2000 5636 2244 5685 numero,

659 5707 816 5759 quam
847 5713 1024 5752 rerum
1060 5701 1257 5758 virtute
1283 5705 1633 5760 aestimantur.
1690 5704 1870 5776 Itaque
1896 5710 1994 5764 etsi
2026 5711 2248 5767 inferius

661 5779 802 5837 istud
827 5795 1098 5843 certamen
1126 5800 1208 5847 est
1230 5833 1243 5858 ,
1274 5793 1404 5849 nihil
1432 5794 1482 5850 id
1511 5805 1626 5852 tuas
1660 5812 1884 5853 coronas
1923 5803 2117 5870 poterit
2149 5805 2245 5857 mi-

1419 362 1474 419 S.
1514 360 1792 419 JOANNIS
1827 349 2303 417 CIIRYSOSTOMI
2342 349 2665 411 AllClllEP.
2706 354 3239 423 CONSTANTlNOP.
3826 372 3909 429 ια

2371 478 2537 518 nuere
2565 482 2578 519 :
2611 481 2735 521 nam
2760 476 2815 523 et
2834 468 2880 525 is
2905 470 2994 540 qui
3023 472 3129 527 duo
3157 473 3355 528 talenta
3380 473 3593 542 obtulit,
3621 474 3742 533 nihil
3765 481 3909 539 minus

2372 555 2573 623 retulit,
2605 574 2764 627 quam
2796 560 2839 615 is
2864 562 2951 632 qui
2977 564 3240 620 obtulerat
3262 566 3511 636 quinque.
3540 567 3647 623 Cur
3674 566 3756 624 id?
3781 571 3904 638 Quia,

2372 649 2472 703 etsi
2497 666 2603 705 non
2634 651 2773 707 idem
2801 665 3108 723 proventus,
3136 658 3322 714 eadem
3350 669 3530 718 tamen
3557 663 3787 720 alacritas
3812 668 3907 727 fuit.

2370 743 2631 809 Quocirca
2673 756 2727 801 et
2767 748 2956 804 eodem
3003 750 3206 806 honore
3248 763 3469 823 uterque
3491 755 3681 825 potitus
3704 770 3806 826 est,
3831 778 3911 817 au-

2369 832 2522 891 diens
2558 854 2569 890 :
2600 835 2747 892 Intra
2773 839 2825 893 in
2859 841 3099 910 gaudium
3137 841 3345 899 Domini
3373 847 3447 900 tui
3475 848 3683 916 (Matth.
3711 851 3791 906 23.
3815 854 3909 926 2i).

2368 926 2506 994 Quid
2529 943 2657 999 ergo
2685 926 2870 985 lsaae?
2909 930 3392 1004 Peregrinationem
3419 939 3632 1008 quidem
3662 942 3794 1000 illam
3818 946 3911 1003 lon-

2367 1019 2640 1087 gissimam
2691 1023 2870 1079 subire
2915 1027 3162 1095 exemplo
3220 1030 3386 1098 patris
3445 1039 3740 1104 terramque
3784 1053 3908 1095 suam

2366 1109 2739 1181 derelinquere
2778 1126 2994 1172 coactus
3039 1134 3143 1173 non
3173 1129 3288 1185 est;
3320 1123 3413 1177 sed
3456 1125 3611 1194 plane
3638 1143 3909 1198 supremum

2366 1200 2629 1256 malorum
2660 1204 2897 1259 omnium
2923 1210 3036 1277 ipse
3062 1211 3310 1266 sustinuit
3336 1255 3350 1278 ,
3382 1224 3584 1270 metum
3621 1219 3827 1289 scilicet,
3855 1240 3911 1279 ne

2366 1294 2482 1349 sine
2531 1294 2712 1351 liberis
2758 1298 3064 1355 decederet.
3116 1302 3305 1358 Postea
3352 1322 3478 1360 vero
3512 1324 3665 1379 quam
3703 1327 3787 1380 per
3812 1329 3910 1368 ora-

2368 1388 2565 1442 tionem
2592 1404 2657 1443 eo
2699 1402 2842 1445 metu
2889 1392 3142 1451 liberatus
3180 1407 3303 1465 est,
3353 1399 3489 1454 alius
3527 1404 3769 1460 continuo
3807 1422 3907 1461 eunt

2366 1482 2577 1551 excepit
2606 1482 2765 1537 timor
2794 1484 2951 1555 longe
2993 1488 3184 1556 major.
3237 1488 3419 1561 Neque
3444 1494 3585 1547 enim
3631 1509 3722 1563 par
3763 1508 3908 1553 metus

2366 1581 2448 1626 est
2480 1588 2575 1642 pro
2600 1575 2842 1644 conjugis
2868 1577 3183 1647 sterilitate,
3224 1591 3276 1636 et
3305 1598 3403 1652 pro
3437 1583 3613 1640 radice
3642 1586 3743 1655 ipsa
3772 1590 3908 1659 trepi-

2365 1662 2515 1718 dare.
2548 1664 2634 1720 Sic
2671 1668 2812 1721 enim
2850 1678 3033 1738 partus
3075 1670 3347 1727 doloribus
3385 1672 3827 1744 disrumpehatur,
3861 1689 3906 1733 ut

2366 1757 2472 1810 vita
2500 1768 2669 1811 morte
2691 1760 2834 1813 oumi
2864 1760 2939 1814 illi
2964 1772 3100 1817 esset
3124 1764 3388 1818 acerbior.
3441 1766 3502 1820 Et
3532 1766 3629 1821 hoc
3659 1768 3811 1837 ipsam
3831 1784 3907 1823 au-

2366 1848 2480 1903 dias
2510 1851 2635 1905 licet
2659 1852 2922 1907 dicentem
2958 1871 2973 1907 :
3001 1853 3063 1908 Si
3089 1856 3212 1909 milii
3239 1858 3308 1909 ita
3326 1861 3555 1926 futurum
3579 1870 3699 1926 erat,
3726 1861 3788 1915 ad
3808 1863 3905 1930 quid

2366 1935 2492 1988 mihi
2531 1936 2692 1990 vivere
2723 1935 2873 2007 (Gen.
2903 1939 2992 1993 25.
3024 1937 3161 2008 22)?
3209 1940 3387 1997 Famis
3422 1956 3601 2000 autem
3628 1956 3678 2000 et
3714 1947 3801 2001 iste
3830 1962 3903 2001 ex-

2365 2029 2718 2096 perimentum
2763 2032 2931 2100 cepit,
2976 2036 3076 2087 etsi
3122 2048 3227 2089 non
3271 2045 3328 2090 ut
3371 2046 3523 2105 pater
3567 2038 3618 2093 in
3657 2037 3901 2111 Egyptum

2364 2115 2641 2173 descendit
2672 2136 2685 2173 :
2715 2120 2808 2175 sed
2839 2121 2980 2190 quod
3010 2123 3097 2178 ille
3120 2140 3248 2179 vere
3276 2126 3326 2180 in
3354 2125 3591 2199 Egypto
3618 2130 3836 2198 pertulit,
3862 2140 3903 2184 et

2364 2207 2466 2264 iste
2495 2210 2598 2277 pati
2620 2211 3015 2279 periclitabatur
3038 2256 3052 2279 ,
3094 2231 3321 2273 uxorem
3362 2221 3827 2277 scilicet‘amittere.
3853 2223 3903 2277 Et

2365 2306 2569 2368 patrem
2621 2300 2834 2370 quidem
2863 2306 3256 2361 venerabantur
3294 2308 3505 2364 finitimi
3536 2327 3715 2368 omnes
3735 2355 3748 2380 ,
3791 2313 3903 2368 hunc

2365 2405 2493 2443 vero
2524 2406 2628 2446 non
2672 2406 2828 2448 secus
2872 2405 3030 2465 atque
3079 2398 3350 2454 inimicum
3377 2412 3433 2456 et
3481 2401 3683 2459 hostem
3710 2406 3903 2475 exagita-

2364 2478 2511 2546 bant,
2541 2497 2712 2552 neque
2740 2485 2965 2554 propriis
2985 2486 3134 2542 illum
3158 2488 3424 2546 laboribus
3444 2494 3641 2562 perfrui
3664 2495 3899 2561 sinebant;

2365 2588 2550 2627 verum
2598 2590 2719 2632 cum
2763 2575 2911 2631 illum
2956 2580 3215 2647 angustiis
3260 2582 3496 2653 undique
3544 2586 3899 2651 concluderent,

2367 2662 2590 2719 licenter
2607 2664 2705 2734 ipsi
2733 2666 2999 2722 laboribus
3018 2670 3185 2739 ipsius
3210 2671 3546 2729 fruebantur.
3571 2676 3787 2731 Tandem
3802 2694 3902 2732 veru

2364 2770 2484 2808 cum
2515 2754 2616 2809 sibi
2665 2755 2787 2812 illos
2814 2761 3016 2815 amicos
3043 2771 3228 2817 nactus
3252 2774 3435 2831 esset,
3472 2765 3707 2836 filiosque
3730 2767 3902 2822 adultos

2363 2855 2609 2901 cerneret
2633 2890 2647 2913 ,
2696 2857 2823 2903 tunc
2850 2862 3018 2917 certe,
3045 2863 3171 2908 tunc
3200 2854 3410 2925 quando
3443 2872 3699 2913 summam
3727 2873 3779 2914 se
3797 2875 3900 2914 con-

2364 2940 2676 2996 solationem
2700 2944 3036 3001 inventurum
3059 2948 3326 3017 sperabat,
3351 2952 3687 3022 Optimosque
3707 2963 3903 3008 senectu-

2364 3031 2432 3086 tis
2471 3049 2580 3087 sua:
2610 3044 2885 3091 curatores
2925 3035 3269 3103 habiturum,
3323 3041 3375 3094 in
3413 3055 3717 3111 supremum
3739 3042 3902 3097 corruit

2365 3138 2673 3179 mmrorem.
2731 3122 2968 3182 Primum
2997 3130 3137 3184 enim
3183 3131 3355 3209 major
3394 3144 3528 3189 natu
3560 3134 3691 3190 filius
3719 3149 3898 3190 uxorem

2367 3215 2467 3269 sibi
2513 3217 2865 3288 alienigenam
2911 3229 3096 3276 contra
3142 3223 3308 3291 patris
3338 3234 3524 3280 votum
3567 3224 3732 3295 cepit,
3776 3234 3901 3281 eteo

2363 3308 2481 3377 ipso
2515 3308 2659 3379 quod
2707 3327 2936 3382 pugnam
2964 3321 3016 3368 et
3059 3313 3253 3369 bellum
3285 3315 3337 3370 in
3375 3315 3595 3373 donmm
3625 3316 3902 3372 introduxiso

2363 3407 2464 3467 set,
2508 3397 2656 3455 illum
2681 3417 2887 3456 summa
2912 3413 2965 3458 et
2994 3405 3295 3461 incredibili
3323 3407 3372 3461 vi
3402 3407 3607 3464 doloris
3634 3407 3807 3463 affecit.
3836 3405 3900 3458 Ino

2366 3492 2599 3547 numeris
2618 3491 2757 3546 enim
2786 3493 2938 3549 malis
2965 3495 3218 3551 mulieres
3245 3496 3348 3552 illm
3375 3513 3596 3554 soceros
3610 3499 3897 3553 afficiebant:

2363 3600 2481 3654 quae
2525 3585 2705 3640 omnia
2753 3585 3025 3654 Scriptura
3068 3588 3349 3654 devitans,
3397 3605 3510 3644 uno
3556 3590 3708 3645 verbo
3742 3596 3899 3644 cuncta

2363 3677 2624 3749 signavit,
2679 3692 2800 3733 cum
2848 3677 3100 3735 diceret:
3138 3680 3263 3734 Cum
3315 3678 3543 3735 Rebecca
3585 3680 3900 3735 contendebant

2365 3772 2493 3841 (Id.
2523 3772 2611 3826 ‘26.
2638 3773 2706 3826 55
2735 3773 2752 3841 )
2784 3790 2796 3826 :
2832 3773 3149 3843 reliquitque
3191 3774 3241 3827 id
3289 3773 3490 3829 dictum
3536 3776 3611 3829 eis
3649 3772 3901 3841 intelligen-

2363 3866 2522 3927 dum,
2571 3866 2658 3936 qui
2708 3863 2900 3920 dumos
2930 3866 3127 3921 habent
3153 3881 3213 3921 ac
3244 3865 3383 3921 ﬁlios
3415 3869 3528 3936 jam
3558 3877 3804 3922 uxoratos.
3839 3863 3897 3916 Illi

2363 3958 2505 4011 enim
2556 3958 2784 4012 maxime
2821 3958 3059 4012 omnium
3103 3969 3366 4013 noverunt
3412 3970 3668 4029 quantum
3713 3956 3820 4011 mali
3844 3954 3898 4006 sit

2362 4058 2724 4119 quantumque
2768 4048 3111 4115 detrimenti,
3163 4051 3208 4105 si
3252 4065 3439 4107 seems
3471 4062 3525 4107 et
3562 4066 3720 4106 nurus
3746 4057 3897 4103 mutua

2364 4140 2603 4195 rixentur
2629 4182 2643 4205 ,
2688 4138 2846 4210 idque
2874 4149 3001 4196 tunc
3026 4142 3288 4208 maxime,
3337 4157 3459 4197 cum
3491 4142 3656 4197 ambae
3695 4137 3897 4193 eamdem

2364 4232 2660 4287 inhabitcnt
2687 4232 2926 4287 domum.
2977 4232 3090 4289 Hoc
3116 4242 3290 4289 autem
3314 4234 3437 4304 juge
3468 4235 3572 4289 illis
3596 4240 3703 4288 erat
3728 4231 3873 4283 incom

2364 4322 2599 4377 modum.
2634 4323 2716 4381 Ad
2745 4324 2862 4377 haec
2888 4324 2963 4377 illi
2993 4325 3206 4394 gravior
3233 4339 3441 4395 quoque
3467 4324 3703 4380 molestia
3728 4319 3897 4388 adjecta

2362 4425 2461 4479 est,
2492 4417 2704 4470 (arcitas
2731 4416 2953 4480 scilicet,
2982 4432 3100 4487 qua:
3119 4417 3413 4487 eujusmodi
3436 4414 3525 4483 sit,
3546 4417 3619 4471 illi
3649 4412 3738 4468 soli
3757 4410 3899 4465 sciunt

2362 4509 2448 4577 qui
2484 4508 2769 4577 patiuntur.
2814 4508 3077 4566 Praeterea
3103 4510 3228 4565 dum
3261 4512 3600 4567 benediceret
3629 4510 3767 4574 filiis,
3792 4517 3897 4558 con-

2364 4611 2440 4653 tra
2471 4617 2627 4670 quam
2661 4598 2911 4669 volebat,
2956 4606 3141 4659 matris
3176 4618 3294 4660 astu
3324 4616 3377 4660 et
3411 4615 3527 4661 arte
3560 4606 3798 4658 minorem
3824 4613 3897 4666 pl"

2361 4690 2563 4761 majore
2590 4693 2861 4748 benedixit
2890 4712 2904 4750 :
2933 4711 3035 4765 qua
3062 4697 3113 4751 in
3145 4713 3204 4752 re
3234 4698 3304 4752 ita
3334 4697 3591 4763 indoluit,
3621 4705 3676 4751 ut
3703 4691 3896 4747 amarius

2359 4799 2516 4853 quam
2562 4786 2608 4838 is
2644 4786 2731 4855 qui
2778 4802 2964 4855 passus
3000 4784 3174 4844 fuerat
3212 4788 3507 4855 clamaret,
3557 4794 3897 4848 excusaretque

2360 4875 2734 4945 ignorantiam,
2756 4879 2894 4947 quod
2923 4896 3025 4934 non
3055 4881 3202 4935 illum
3226 4882 3401 4936 sciens
3417 4881 3771 4936 benedictione
3789 4873 3896 4928 fratr

2358 4966 2556 5033 dasset,
2588 4986 2771 5024 verum
2793 4972 3202 5027 circtnnventus.

2434 5069 2559 5124 llaec
2607 5079 2787 5124 autem
2838 5072 3019 5124 omnia
3077 5086 3255 5126 scenae
3301 5070 3621 5142 tragtediam
3676 5063 3888 5136 praefere-

2362 5164 2492 5217 hant
2516 5203 2530 5227 ,
2586 5160 2939 5232 fabulamque
2973 5160 3359 5219 Thebanorum
3394 5159 3799 5219 adolescentium
3825 5151 3886 5204 sie

2358 5253 2623 5324 gnabant.
2665 5253 2801 5309 Nam
2859 5264 2914 5309 et
2965 5257 3055 5311 hic
3095 5258 3258 5311 etiam
3312 5263 3643 5312 senectutem
3687 5256 3887 5303 occaeca-

2362 5347 2677 5415 tionemque
2700 5347 2872 5415 patris
2902 5348 3077 5416 major
3105 5358 3235 5403 natu
3257 5358 3629 5407 contemnens,
3651 5338 3885 5432 juniorent

2358 5435 2581 5492 fratrem
2615 5436 2925 5493 deturbavit
2954 5439 3139 5493 domo.
3172 5438 3236 5491 Et
3263 5440 3307 5493 si
3343 5455 3452 5493 non
3480 5438 3566 5492 ille
3602 5429 3816 5489 necavit,
3844 5420 3883 5526 id

2361 5530 2554 5584 matris
2610 5529 2895 5599 impedivit
2929 5533 3233 5602 sapientia:
3279 5540 3334 5588 et
3377 5534 3463 5587 hic
3510 5529 3648 5586 enim
3691 5533 3884 5578 comun-

2359 5628 2518 5673 natus
2574 5626 2659 5673 est
2727 5619 2967 5687 caulem,
3038 5623 3319 5691 patrisque
3371 5629 3594 5676 mortem
3652 5607 3885 5683 aperieba-

2358 5717 2467 5762 tur.
2527 5706 2682 5773 Quod
2743 5726 2867 5764 ctnn
2921 5719 3097 5767 mater
3135 5720 3295 5767 cauta
3335 5712 3628 5773 didicisset,
3673 5699 3883 5775 palmi“

2358 5799 2656 5868 retulisset,
2696 5802 2849 5857 illum
2896 5803 3016 5873 ejus
3061 5806 3313 5863 manibus
3365 5802 3561 5876 eripuit
3617 5817 3629 5854 :
3687 5801 3735 5850 et
3780 5797 3878 5844 eum
