4138 6428
278 360 402 417 463

284 476 522 548 ὄψεται
565 479 864 550 πρόϐατον
883 480 1074 548 ἑαυτῷ
1121 491 1206 551 εὶς
1244 487 1686 557 ὁλοκάρπωσιν,
1721 493 1954 545 τέκνον.

279 565 478 635 Πόσης
515 567 614 622 οίει
651 567 818 622 ταῦτα
858 569 1200 640 συμπαθείας
1237 568 1374 626 εἶναι
1418 575 1488 628 τά
1523 579 1782 649 ῥήματας
1823 578 1962 631 Ἀλλ’

277 653 446 724 ὅμως
468 657 686 726 κατεῖχε
715 657 866 710 κάτω
893 656 991 729 τὴν
1029 657 1220 730 ὀδύνην
1265 661 1359 714 καί¹
1405 662 1616 730 ἐπίεζε,
1675 665 1769 719 καὶ
1827 669 1963 736 μετά

281 739 564 811 τοσαύτης
613 741 827 798 ἅπαντα
869 745 967 814 τῆς
1016 747 1324 818 προθυμίας
1366 748 1624 821 ἔπραττε,
1671 752 1790 822 μεθ’
1835 753 1962 824 ὅσης

282 827 346 881 οῖ
365 828 558 900 μηδενὶ
583 829 786 884 τούτων
809 832 1160 904 κατεχόμενοι
1190 833 1301 888 τῶν
1325 837 1682 908 κωλυμάτων.
1709 841 1963 894 Καταθύ-

285 930 398 978 σας
424 915 605 968 τοίνυν
627 917 787 970 αὑτὸν
819 918 934 989 (καὶ⁵
963 919 1070 991 γὰρ
1097 921 1359 976 κατέθυσε
1391 925 1457 995 τῇ
1511 925 1833 998 προθυμίᾳ),
1863 942 1964 981 πα-

291 1000 592 1072 ραδίδωσιν
620 1004 747 1074 ὑγιῆ
775 1006 870 1058 καὶ
895 1005 1033 1059 σῶον
1063 1010 1128 1078 τῇ
1160 1011 1326 1080 μητρί
1349 1025 1364 1040 ⁶
1401 1009 1641 1064 λαϐοῦσα
1665 1012 1722 1064 δέ
1755 1013 1962 1083 ἐκείνη,

285 1087 430 1158 πρὶν
455 1090 834 1161 ἐμπλησθῆναι
859 1093 1039 1156 καλῶς
1063 1094 1158 1147 τοῦ
1189 1096 1396 1160 παιδὸς,
1426 1096 1682 1150 καταλύει
1711 1097 1802 1150 τὸν
1832 1097 1964 1168 βίον.

285 1176 536 1230 Κάκεῖνο
573 1178 630 1230 δὲ
667 1179 729 1231 οὑ
757 1181 967 1252 μικρῶς
1002 1181 1189 1235 ἐλύπει
1215 1183 1307 1236 τὸν
1343 1184 1612 1258 Ἀϐραάμ.
1651 1188 1712 1240 EE
1741 1185 1850 1258 γὰρ
1875 1188 1966 1240 καὶ

287 1264 466 1317 πολὺν
497 1265 642 1336 αὑτῷ
667 1269 1007 1337 συνεγεγόνει
1033 1271 1246 1340 χρόνον,
1285 1272 1436 1326 οὐδὲν
1470 1270 1538 1345 ἦν
1569 1273 1752 1328 ίκανδν
1784 1278 1968 1328 πεῖσαι

290 1349 430 1420 ῥᾷον
460 1353 704 1420 ἐνεγκεῖν
733 1354 830 1425 τὴν
865 1359 1149 1428 συμφοράν
1167 1377 1180 1388 ·
1209 1359 1339 1412 αὑτὸ
1364 1359 1462 1430 μὲν
1491 1356 1583 1414 οῦν
1606 1361 1762 1414 τοῦτο
1789 1361 1968 1414 πλείο-

287 1452 362 1488 να
418 1437 568 1509 αὑτῷ
617 1443 842 1512 παρεῖχε
887 1443 983 1512 τὴν
1021 1443 1258 1514 ἀθυμίαν
1313 1461 1326 1475 ·
1388 1449 1512 1511 τοὺς
1558 1448 1666 1518 γὰρ
1705 1450 1796 1502 ἐπὶ
1836 1449 1968 1504 πολὺ

289 1525 744 1594 συνοικήσαντας.
774 1529 870 1581 καὶ
915 1528 1115 1600 πολλὴν
1159 1531 1256 1601 τῆς
1290 1523 1496 1586 ἐάυτῶν
1545 1535 1636 1588 καὶ
1663 1534 1843 1603 φιλίας
1877 1536 1968 1588 καὶ

287 1607 500 1680 ἀρετῆς
547 1609 842 1676 δεδωκότας
894 1617 1087 1687 πεῖραν
1129 1619 1279 1688 ἡμῖν,
1312 1619 1530 1683 τούτους
1564 1621 1798 1691 μάλιστα
1831 1621 1967 1675 πάν-

285 1711 404 1750 των
448 1696 734 1768 ζητοῦμεν.
779 1699 930 1774 [193]
975 1704 1084 1756 Καὶ
1126 1706 1207 1758 ὅτι
1234 1706 1387 1760 ταῦθ’
1416 1705 1588 1771 οὕτως
1626 1708 1762 1779 ἔχει,
1803 1709 1979 1773 αὑτὸς

289 1783 565 1854 ἐδήλωσεν
596 1785 624 1836 6
657 1787 1000 1860 πατριάρχης
1033 1791 1308 1863 πενθήσας
1339 1794 1435 1846 καὶ
1467 1794 1744 1868 θρηνήσας
1775 1797 1965 1866 αὑτήν.

290 1869 360 1924 Τί
404 1871 450 1924 δ’
478 1872 542 1926 ἄν
568 1868 663 1936 ’τις
707 1873 851 1942 λέγοι
875 1877 973 1940 τὰς
1012 1878 1150 1951 ὑπὲρ
1187 1881 1279 1933 τοῦ
1309 1881 1498 1944 παιδὸς
1534 1882 1840 1952 φροντίδας,
1871 1883 1970 1945 τὰς

292 1959 441 2030 ὑπὲρ
480 1956 581 2030 τῆς
611 1961 798 2016 τούτου
832 1966 1106 2033 γυναικὸς,
1136 1967 1234 2032 τὰς
1267 1969 1407 2041 ὑπὲρ
1445 1969 1550 2023 τῶν
1583 1969 1827 2038 ἀδελφῶν
1862 1971 1969 2024 τῶν

287 2047 511 2113 τούτου,
535 2050 602 2102 τὰ
627 2049 760 2104 ἄλλα
789 2051 1023 2119 ἅπαντα,
1051 2055 1193 2126 άπερ
1223 2057 1272 2108 εί
1297 2057 1414 2108 κατ’
1443 2055 1727 2128 άκρίϐειάν
1759 2075 1840 2120 τις
1885 2057 1972 2122 ἐξ·

291 2134 510 2199 ετάζειν
557 2135 750 2202 ἐθέλοι,
803 2139 937 2193 πολὺ
976 2140 1068 2194 τοῦ
1117 2141 1211 2195 νῦν
1252 2141 1552 2214 δειχθέντος
1591 2143 1970 2216 ὀδυνηρότερον

291 2223 488 2292 ὄψεται
515 2222 607 2276 τοῦ
640 2224 845 2280 δικαίου
873 2228 964 2282 τὸν
992 2229 1104 2299 βίον
1133 2220 1227 2284 καῖ
1255 2229 1514 2284 πλειόνων
1547 2231 1783 2302 γέμοντα
1811 2250 1972 2304 φρον-

292 2309 458 2364 τίδων
484 2327 498 2375 ;
529 2311 609 2392 Τά
624 2311 733 2384 γὰρ
759 2314 1264 2389 κεφαλαιωδέστερα
1282 2319 1441 2388 μόνον
1463 2318 1690 2372 εἰποῦσα
1707 2321 1740 2391 ή
1757 2320 1967 2392 Γραφὴ,

293 2397 367 2450 τά
393 2397 524 2452 ἄλλα
553 2387 729 2453 πάντα
752 2401 1002 2472 παρῆκεν
1039 2387 1312 2468 ἐξετάζειν
1343 2406 1496 2475 ἡμῖν,
1541 2405 1642 2459 ὅσα
1680 2405 1800 2458 καθ’
1842 2407 1972 2460 ἐκά-

297 2501 434 2554 στην
451 2487 662 2558 ἡμέραν
681 2485 925 2556 γίνεσθαι
945 2490 1090 2554 εἰκὸς
1112 2493 1168 2544 ἐν
1183 2491 1346 2561 οἰκίᾳ,
1363 2490 1492 2546 ἔνθα
1525 2491 1748 2545 οίκετῶν
1769 2493 1970 2563 πλῆθος

296 2572 396 2624 καὶ
421 2573 558 2644 ἀνὴρ
581 2575 676 2628 καὶ
695 2575 830 2647 γυνὴ
857 2577 950 2630 καὶ
982 2577 1168 2630 παιδία
1194 2578 1288 2632 καὶ
1317 2578 1656 2650 πραγμάτων
1677 2579 1970 2648 ἐπιμέλεια

297 2657 536 2713 πολλῶν.
556 2661 682 2726 Ναὶ,
709 2663 871 2735 φησίν
895 2679 909 2693 ·
945 2663 1060 2718 ἀλλ’
1087 2665 1279 2734 ἐκείνῳ
1309 2663 1568 2736 μεγίστην
1595 2666 1714 2718 καθ’
1739 2667 1968 2720 ἕκαστον

296 2744 503 2800 τούτων
533 2749 878 2820 παραμυθίαν
907 2751 1067 2822 ἔφερε
1099 2751 1208 2804 τῶν
1231 2751 1490 2824 λυπηρῶν
1516 2753 1575 2806 τὸ
1603 2752 1690 2806 διὰ
1718 2753 1807 2806 τὸν
1838 2753 1969 2806 Θεὸν

297 2833 480 2890 πάντα
505 2837 798 2908 ὑπομένειν
823 2840 1025 2892 ἐκεῖνα.
1059 2838 1266 2893 οὐκοῦν
1289 2840 1383 2893 καὶ
1421 2841 1482 2894 σὲ
1519 2840 1682 2894 τοῦτο
1712 2858 1970 2912 παραμυ-

299 2919 525 2992 θήσεται
549 2921 644 2976 νῦν
662 2942 676 2956 ·
701 2927 795 2980 καὶ
819 2925 927 2998 γάρ
953 2943 1036 2980 σοι
1056 2928 1144 2980 τὸν
1168 2927 1474 2999 πειρασμὸν
1499 2927 1686 2982 τοῦτον
1711 2930 1739 2980 ὁ
1763 2945 1974 2998 συγχω-

301 3013 476 3084 ρήσας
499 3013 741 3067 ἐπελθεῖν
779 3015 953 3078 οὐδεὶς
983 3016 1166 3086 ἕτερός
1191 3017 1360 3082 ἐστιν,
1404 3017 1520 3069 ἀλλ’
1561 3016 1594 3088 ἢ
1632 3019 1660 3070 6
1685 3017 1840 3080 Θεός.
1909 3017 1972 3068 EE

298 3099 412 3170 γὰρ
439 3101 640 3171 χοίροις
690 3101 1021 3173 ἐπιπηδῆσαι
1066 3105 1166 3156 οὑκ
1212 3103 1278 3157 ἂν
1313 3103 1620 3174 ἐτόλμησαν
1659 3105 1708 3156 οί
1745 3103 1973 3174 πονηροὶ

297 3184 551 3256 δαίμονες
590 3189 806 3250 ἐκεῖνοι,
842 3189 916 3259 μὴ
967 3189 1360 3259 ἐπιτρέψαντος
1404 3190 1568 3243 αὑτοῦ
1611 3190 1752 3254 τότε,
1795 3190 1972 3260 πολλῷ

303 3271 504 3342 μᾶλλον
523 3275 586 3344 τῇ
614 3275 676 3344 σῇ
702 3273 858 3345 τιμία
875 3274 1043 3345 ψυχῇ.
1069 3277 1276 3346 Ὠσπερ
1293 3271 1385 3329 οὖν
1412 3277 1606 3346 ἐκείνῳ
1630 3276 1689 3330 τὸ
1712 3277 1974 3346 γενναίως

299 3357 518 3413 ἅπαντα
545 3360 728 3432 φέρειν
754 3362 846 3414 καὶ
867 3361 1198 3432 εὐχαρίστως
1230 3363 1394 3416 πολὺν
1427 3365 1625 3434 ἤνεγκε
1648 3362 1858 3434 μισθὸν,
1881 3362 1973 3416 οὓ-

298 3463 410 3510 τως
433 3447 568 3500 οἴσει
607 3449 700 3501 καὶ
733 3451 834 3513 σοὶ,
872 3449 1028 3519 μόνον
1058 3448 1122 3502 ἂν
1170 3449 1244 3520 μὴ
1276 3450 1634 3521 δυσχεραίνῃς
1671 3450 1805 3520 μηδέ
1836 3453 1973 3519 ἀγα-

298 3537 521 3606 νακτῇς,
547 3535 662 3589 ἀλλ’
687 3537 825 3606 ὑπὲρ
855 3537 1108 3590 ἁπάντων
1141 3538 1466 3608 εὑχαριστῇς
1497 3537 1576 3608 τῷ
1607 3537 1972 3610 φιλανθρώπῳ

299 3621 440 3691 Θεῷ.
481 3623 632 3692 Ἐπεὶ
657 3625 752 3678 καὶ⁸
776 3626 804 3677 6
837 3625 1106 3696 μακάριος
1140 3625 1259 3678 Ἰὼϐ
1302 3624 1469 3678 ἔπαθε
1506 3625 1602 3696 μὲν
1631 3625 1774 3698 ειπερ
1802 3625 1969 3680 ἔπαθε

303 3707 758 3778 συγχωρήσαντος
799 3708 892 3762 τοῦ
935 3707 1090 3772 Θεοῦ,
1139 3707 1300 3779 ἔφερε
1327 3707 1383 3761 δὲ
1423 3707 1571 3778 αύτῷ
1604 3710 1730 3772 τοὺς
1773 3709 1966 3778 στεφά-

231 3793 238 3798 ’
301 3811 425 3858 νους
451 3795 512 3848 οὑ
539 3795 608 3848 ’τὸ
645 3797 836 3852 παθεῖν
873 3796 1052 3867 μόνον,
1084 3795 1220 3850 ἀλλὰ
1259 3795 1353 3849 καὶ
1373 3795 1433 3849 τὸ
1463 3797 1724 3864 γενναίως
1752 3797 1888 3868 πρὸς
1910 3797 1971 3850 ἆ-

299 3898 482 3935 παντα
511 3884 699 3954 στῆναι
731 3885 796 3938 τὰ
821 3885 996 3940 δεινά’
1035 3886 1129 3938 καὶ
1151 3884 1498 3956 θαυμάζομεν
1526 3885 1683 3939 αὑτὸν
1711 3885 1968 3952 ἅπαντες,

303 3969 406 4022 οὑκ
437 3971 622 4043 ἐπειδὴ
658 3973 876 4026 πάντων
909 3973 1073 4026 αὑτὸν
1101 3973 1471 4044 ἀπεστέρησεν
1497 3977 1524 4026 6
1548 3973 1813 4037 διάϐολος,
1859 3974 1970 4026 ἀλλ’

300 4057 489 4126 ἐπειδὴ
515 4058 571 4111 ἐν
594 4060 727 4112 πᾶσι
751 4059 960 4124 τούτοις
987 4061 1084 4130 οὑχ
1111 4061 1379 4132 ἥμαρτεν,
1419 4059 1541 4113 οὑδὲ
1570 4062 1629 4113 ἐν
1656 4063 1768 4124 τοῖς
1796 4062 1972 4131 χείλε-

284 4155 390 4195 ’σιν
420 4143 602 4198 αὑτοῦ.

381 4235 432 4282 ι’.
492 4230 708 4302 Ἐπειδὴ
751 4231 804 4284 δέ
851 4231 1125 4303 ἐμνήσθην
1181 4230 1277 4286 τοῦ
1337 4232 1477 4295 Ἰὼϐ,
1529 4232 1827 4303 ἐϐουλόμην
1873 4233 1972 4303 μὲν

304 4317 547 4380 καὶτοὺς
577 4316 804 4388 θρήνους
837 4318 1001 4371 αὑτοῦ
1037 4318 1163 4382 τοὺς
1202 4318 1463 4390 μακροὺς,
1507 4319 1600 4372 καὶ
1637 4319 1746 4371 τῶν
1782 4317 1972 4373 παθῶν

303 4403 403 4474 τὴν
448 4403 780 4476 σφοδρότητα
825 4405 1060 4459 ἐκθεῖναι
1104 4407 1183 4477 τῷ
1230 4407 1374 4478 λόγῳ
1394 4422 1408 4437 ·
1453 4407 1594 4478 ὑπὲρ
1640 4406 1696 4459 δὲ
1741 4407 1836 4460 τοῦ
1898 4407 1971 4478 μὴ

304 4489 441 4543 πολὺ
493 4491 712 4562 ποιῆσαι
749 4491 810 4545 τὸ
844 4492 1018 4562 μῆκος
1057 4494 1313 4564 ἐπάνειμι
1349 4493 1484 4565 πρδς
1517 4493 1609 4546 τὸν
1650 4493 1854 4548 Ἰσαάκ.
1892 4497 1966 4548 Σὺ

303 4577 360 4630 δὲ
385 4579 433 4630 εί
478 4577 654 4648 βούλει
704 4579 842 4650 μετά
872 4580 1158 4650 ἀκριϐείας
1189 4583 1258 4636 τά
1297 4581 1505 4634 ἐκείνου
1553 4581 1762 4652 μαθεῖν,
1801 4588 1862 4636 τὸ
1892 4581 1974 4651 βι-

306 4663 451 4717 ϐλίον
481 4665 645 4718 αὑτοῦ
670 4666 807 4736 μετά
835 4670 1020 4738 χεῖρας
1043 4667 1222 4722 λαϐὼν
1241 4669 1499 4736 διάκυψον
1526 4675 1660 4738 πρὸς
1683 4667 1781 4739 τὴν
1811 4669 1998 4734 ἄϐυσο,

307 4769 400 4806 σον
442 4751 550 4806 τῶν
583 4755 896 4824 συμφορῶν,
932 4756 1026 4807 καὶ
1051 4755 1248 4827 πολλὴν
1281 4758 1338 4810 ἐν
1366 4755 1593 4818 ἐκείνοις
1622 4755 1970 4826 παραμυθίαν

305 4841 556 4912 εὑρήσεις
608 4839 717 4893 τῶν
744 4840 865 4894 σῶν.
929 4842 991 4896 Et
1027 4841 1136 4912 γὰρ
1163 4844 1256 4896 καὶ
1301 4843 1482 4912 πολλῷ
1515 4843 1737 4914 βελτίων
1763 4847 1794 4914 ή
1805 4843 1919 4914 μῶν
1942 4844 1972 4896 6

305 4928 529 4994 δίκαιος,
542 4929 678 4983 ἀλλά
699 4929 943 5001 καὶπρὸς
965 4929 1144 5001 πολλῷ
1162 4931 1384 5002 μείζονα
1414 4931 1508 5002 τὴν
1539 4932 1816 5002 ἐνέργειαν
1839 4949 1972 5004 παρ-

304 5014 552 5080 ετάξατο·
603 5016 696 5069 καὶ
740 5017 848 5088 γὰρ
883 5018 1241 5090 σφοδρότερον
1284 5018 1510 5073 ἔπνευσε
1536 5021 1654 5072 κατ’
1683 5020 1892 5073 ἐκείνου
1943 5023 1972 5075 6

305 5105 544 5176 Πονηρὸς
568 5105 707 5160 τότε.
752 5106 832 5158 Τὰ
869 5105 926 5159 δέ
965 5105 1362 5176 κατορθώματα
1405 5106 1462 5158 οὑ
1507 5105 1588 5176 τῷ
1639 5106 1822 5178 μέτρῳ
1863 5107 1970 5160 τῶν

306 5193 644 5264 πειρασμῶν,
695 5191 831 5247 ἀλλά
853 5195 920 5264 τῇ
955 5192 1062 5245 τῶν
1092 5192 1477 5264 πραττομένων
1524 5193 1748 5262 δυνάμει
1786 5193 1971 5264 κρίνε-

303 5296 415 5332 ται.
435 5278 600 5332 "om
625 5279 728 5334 κᾶν
756 5281 992 5335 ἐλάττων
1011 5273 1162 5343 οὗτος
1178 5281 1206 5332 ὁ
1226 5279 1318 5332 νῦν
1349 5279 1520 5348 ἀγὼν,
1543 5279 1695 5332 οὐδέν
1725 5297 1784 5332 σε
1811 5279 1971 5334 τοῦτο

307 5368 384 5430 είς
413 5367 542 5430 τοὺς
585 5367 883 5438 στεφάνους
917 5366 1270 5440 παραϐλάψαι
1305 5367 1609 5438 δυνήσεται.
1663 5367 1722 5419 Ὀ
1773 5365 1880 5438 γὰρ
1904 5367 1968 5422 τά

303 5453 394 5507 δύο
439 5454 721 5509 τάλανταει
774 5453 1150 5528 προσενεγκὼν
1207 5454 1308 5508 οὑκ
1358 5453 1576 5508 ἔλαττον
1613 5453 1814 5524 ήνεγκε
1873 5453 1968 5508 τοῖι

305 5541 372 5596 τὰ
403 5543 563 5596 πέντε
606 5542 987 5608 ἐπιδείξαντος.
1012 5543 1111 5598 Διά
1140 5543 1223 5609 τί;
1251 5543 1370 5597 Ὀτι
1416 5543 1464 5595 εί
1503 5543 1595 5594 καὶ
1635 5540 1667 5610 ἡ
1711 5541 1969 5611 πῴσοδος·

363 5785 392 5818 ³
415 5781 563 5838 Salvi}.
577 5788 670 5837 ἐπεὶ
696 5787 720 5834 6
741 5782 802 5834 τὰ
816 5785 898 5835 δύο
915 5785 1136 5834 τάλαντα.

1107 412 1116 420 .
1183 362 1295 423 ἈΒ
1333 369 1718 432 ετειοιιιιυιι
1757 375 1804 428 Α
1837 373 2145 430 ῡεΕΜοΝΕ
2194 376 2556 434 VEXATUM.
2577 378 2706 435 LIB.
2744 377 2810 434 ΙΙ.

3619 376 3730 440 £64

2070 493 2167 562 οὑχ
2193 496 2226 564 ή
2257 495 2413 566 αὑτὴ,
2439 495 2551 550 ἀλλ’
2573 498 2606 568 ή
2638 496 2914 569 προθυμία
2935 498 2967 568 ἡ
2992 494 3150 568 αὑτὴ,
3176 495 3298 554 ὅθεν
3319 496 3532 569 καὶτῆς
3558 499 3728 566 αὐτῆς

2069 583 2328 654 ἑκάτερος
2370 585 2527 656 ἔτυχε
2559 587 2723 657 τιμῆς
2769 587 3026 650 ἀκούσας,
3067 585 3324 647 Elegiae
3359 588 3447 654 είς
3479 585 3594 654 τὴν
3620 605 3732 656 χα-

2065 671 2181 738 ρὰν
2208 671 2313 725 τοῦ
2333 673 2562 740 Κυρίου
2594 687 2728 726 σου.
2765 673 2830 725 Τί
2853 669 2945 726 οῦν
2971 673 3000 726 6
3022 672 3238 738 Ἰσαάκ,
3288 673 3598 742 ἀποδημίαν
3631 673 3731 744 μὲν

2067 759 2166 811 οὑκ
2193 759 2470 812 ἐστείλατο
2507 760 2742 831 μακράν,
2783 761 3034 833 καθάπερ
3065 763 3092 814 6
3121 761 3324 832 πατὴρ,
3371 761 3489 812 οὑδέ
3506 759 3604 831 τὴν
3648 763 3725 814 οἱ·

2069 841 2222 894 κείαν
2256 844 2470 910 ἀφεῖναι
2513 844 2830 914 ἠναγκάσθη
2865 844 2994 912 γῆν,
3029 843 3283 916 καθάπερ
3327 846 3552 907 ἐκεῖνος,
3583 843 3645 896 τὸ
3673 843 3731 896 δὲ

2071 930 2359 999 κεφάλαιον
2404 930 2508 983 τῶν
2555 931 2739 984 κακῶν
2788 932 2880 984 καὶ
2909 931 3070 994 αὑτὸς
3117 932 3396 1000 ὑπέμεινε,
3437 931 3536 1001 τῆς
3569 932 3706 984 ἀπαι

2069 1018 2186 1080 δίας
2217 1017 2308 1070 τὸν
2342 1018 2525 1087 φόϐον.
2577 1018 2665 1081 Ὠς
2695 1019 2751 1071 δὲ
2785 1018 2939 1070 ἔλυσε
2975 1017 3036 1071 τὸ
3065 1017 3232 1072 δεινὸν
3267 1019 3579 1090 εὐξάμενος,
3609 1019 3731 1072 ἐτε-

2075 1133 2162 1186 ρος
2203 1115 2363 1170 αὑτὸν
2395 1115 2662 1181 διεδέξατο
2692 1114 2856 1186 φόϐος
2885 1114 3090 1168 ἐκείνου
3129 1117 3354 1186 μείζωνο
3385 1115 3504 1168 ούδέ
3531 1115 3638 1188 γάρ
3663 1111 3730 1187 ἦν

2072 1213 2182 1266 ἴσον
2221 1213 2362 1284 ὑπὲρ
2395 1212 2644 1276 ἀπαιδίας
2683 1212 2925 1283 τρέμειν,
2981 1211 3074 1268 καὶ
3109 1212 3247 1282 ὑπὲρ
3270 1213 3367 1283 τῆς
3397 1213 3549 1284 ῥίζης
3579 1209 3732 1284 [196]

2069 1313 2258 1382 αὑτῆς.
2303 1311 2458 1365 Οὕτω
2491 1310 2600 1382 γάρ
2629 1311 2764 1383 αὑτὴ
2799 1309 3110 1366 διεκόπτετο
3135 1313 3254 1374 ταῖς
3295 1311 3478 1363 ὠδῖσιν
3522 1311 3598 1374 ὡς
3647 1328 3736 1363 πι-

2071 1409 2336 1480 κροτέραν
2389 1409 2618 1464 θανάτου
2665 1409 2862 1472 παντὸς
2909 1409 3204 1480 ὑπομένειν
3233 1409 3412 1480 ζωήν·
3453 1408 3549 1461 καλ⁹
3579 1406 3736 1461 τοῦτ)

2069 1507 2239 1576 αὐτῆς
2255 1506 2485 1559 ἄκουσον
2517 1505 2800 1576 λεγούσης,
2823 1509 2890 1559 El
2919 1506 3071 1559 οὕτω
3081 1521 3182 1574 μοι
3195 1505 3407 1573 μέλλει
3441 1504 3733 1573 γίνεσθαι,

2069 1605 2226 1658 [rati
2243 1621 2346 1674 μοι
2374 1603 2442 1658 τὸ
2469 1601 2575 1671 ζῇν
2593 1619 2613 1667 ;
2655 1603 2830 1674 Λιμοῦ
2865 1603 2919 1656 δὲ
2953 1605 3146 1672 πεῖραν
3180 1601 3339 1655 ἐλαϐε
3370 1602 3468 1671 μὲν
3495 1600 3590 1654 καὶ
3632 1601 3734 1656 αὑο

2068 1703 2192 1764 τός⁸
2251 1704 2299 1756 εἰ
2327 1702 2384 1755 δὲ
2422 1703 2495 1772 μὴ
2527 1701 2792 1772 κατῆλθεν
2819 1702 2898 1762 είς
2929 1700 3223 1767 Αἴγυπτον,
3251 1698 3365 1752 ἀλλ’
3402 1700 3538 1768 ὅπερ
3563 1697 3590 1750 ὁ
3629 1713 3735 1750 πα-

2069 1795 2174 1868 τὴρ
2205 1795 2400 1866 μικροῦ
2429 1794 2539 1848 δεῖν
2569 1795 2768 1850 ἔπαθεν
2800 1796 2934 1854 ἐκεῖ,
2973 1791 3145 1846 ταῦτα
3170 1794 3264 1846 καὶ⁹
3287 1788 3439 1854 οὗτος
3474 1791 3733 1860 ὑπέμεινε

2070 1891 2163 1944 καὶ
2194 1891 2528 1946 ἐκινδύνευεν
2559 1892 2698 1962 ὑπὲρ
2725 1893 2826 1962 τῆς
2862 1888 3024 1945 αὑτοῦ
3055 1887 3330 1955 γυναικός.
3373 1887 3482 1940 Καὶ
3511 1887 3600 1940 τὸν
3630 1903 3736 1940 πα·

2069 1985 2201 2057 τέρα
2247 1987 2344 2056 μὲν
2394 1988 2594 2058 ἐτίμων
2647 1989 2696 2040 οἱ
2733 1988 3012 2058 πρόσοικοι
3060 1987 3278 2050 πάντε·,
3325 1985 3510 2038 τοῦτον
3556 1985 3611 2037 δὲ
3658 1985 3735 2047 ὡς

2071 2085 2261 2155 ἐχθρὸν
2288 2085 2382 2138 καὶ
2407 2085 2666 2155 πολέμιον
2693 2086 2922 2157 ἤλαυνον
2947 2087 3042 2138 καὶ
3069 2085 3176 2138 τῶν
3205 2085 3420 2138 οἰκείων
3447 2085 3608 2136 αὑτὸν
3633 2082 3734 2134 οὑκ

2070 2181 2300 2250 ήφίεσαν
2349 2179 2654 2233 ἀπολαῦσαι
2692 2179 2890 2241 πόνων,
2923 2177 3037 2232 ἀλλ’
3077 2179 3282 2230 ἐκεῖνον
3315 2178 3373 2228 ἐν
3405 2173 3734 2246 στενοχωρία

2071 2271 2434 2335 καθιστῶντες
2467 2270 2656 2341 πολλῇ,
2687 2271 2839 2323 αὐτοὶ
2864 2269 2978 2339 μετ’
3010 2267 3255 2336 ἐξουσίας
3286 2271 3344 2320 ὲν
3371 2269 3484 2330 τοῖς
3517 2267 3734 2337 μόχθοις

2071 2367 2318 2438 ἐτρύφων
2350 2368 2462 2429 τοῖς
2500 2365 2730 2419 ἐκείνου.
2757 2365 2842 2426 Ὠς
2861 2363 2917 2416 δέ
2949 2381 3078 2416 ποτε
3109 2363 3201 2416 καὶ
3223 2361 3443 2425 τούτους
3469 2357 3622 2424 οὗτος
3647 2359 3735 2430 φί-

2069 2462 2194 2525 λους
2231 2461 2518 2529 ἐκτήσατο,
2567 2458 2664 2511 καὶ
2703 2458 2762 2509 ἐν
2792 2456 2978 2526 ἡλικίᾳ
3004 2457 3128 2518 τοὺς
3157 2455 3350 2518 παῖδας
3379 2451 3484 2508 εἶδε
3513 2453 3736 2524 γενομέ-

2069 2577 2193 2624 νους
2231 2560 2357 2622 τοῦς
2377 2558 2564 2622 αὑτοῦ,
2591 2557 2713 2610 τότε
2741 2558 2826 2627 δὴ,
2854 2555 2994 2616 τότε,
3019 2555 3106 2606 ὅτε
3141 2553 3339 2623 πολλὴν
3369 2549 3734 2626 προσεδόκησε

2071 2653 2421 2726 παραμυθίαν
2451 2652 2726 2722 εὑρήσειν,
2765 2650 2857 2702 καὶ
2880 2643 3224 2717 γηροκόμους
3245 2644 3386 2709 ἕξειν
3413 2645 3630 2708 καλοὺς,
3655 2649 3735 2707 είς

2069 2739 2166 2808 τὴν
2211 2737 2445 2807 ἐσχάτην
2495 2735 2734 2804 ἀθυμίαν
2783 2733 3026 2786 ἐνέπεσε.
3081 2731 3301 2802 Πρῶτον
3353 2729 3452 2800 μὲν
3488 2731 3595 2801 γάρ
3627 2731 3732 2784 ἀπδ

2069 2833 2176 2886 τῶν
2207 2829 2516 2900 ἀλλοφύλων
2539 2831 2568 2882 6
2623 2827 2990 2898 πρεσϐύτερος
3026 2829 3260 2896 γυναῖκα
3285 2824 3465 2878 λαϐὼν
3502 2825 3650 2896 παρά
3674 2826 3736 2879 τὸ

2070 2924 2148 2996 τῷ
2183 2925 2350 2996 πατρὶ
2385 2921 2593 2986 δοκοῦν,
2628 2920 2802 2992 τούτῳ
2831 2937 2894 2989 γε
2919 2917 3070 2989 αὑτῷ
3099 2917 3303 3007 σφόδρα
3340 2919 3500 2971 αὑτὸν
3523 2920 3734 2987 ἠνίασε,

2071 3024 2166 3076 καὶ
2187 3021 2264 3092 τῷ
2297 3021 2474 3093 μάχην
2495 3022 2523 3060 ι’
2572 3020 2665 3072 καὶ
2706 3018 2936 3088 πόλεμον
2966 3019 3043 3079 εἰς
3071 3016 3170 3086 τὴν
3197 3015 3371 3068 οἰκίαν
3403 3017 3734 3083 εἰσαγαγεῖν.

2070 3115 2298 3187 Μυρίοις
2341 3113 2449 3185 γὰρ
2493 3113 2550 3166 αἱ
2581 3113 2836 3180 γυναῖκες
2885 3110 3088 3162 ἐκεῖναι
3135 3106 3491 3178 παριέϐαλλον
3542 3107 3738 3170 αὐτοὺς

2072 3214 2280 3278 κακοῖς,
2321 3210 2465 3280 άπερ
2501 3209 2715 3263 ἅπαντα
2765 3208 2940 3259 εἰπεῖν
2983 3205 3393 3274 παραιτουμένη
3442 3205 3475 3274 ή
3523 3203 3734 3274 Γραφὴ,

2070 3305 2136 3357 δι’
2179 3305 2296 3367 ἐνὸς
2341 3303 2584 3374 ῥήματος
2615 3299 2676 3352 τὸ
2711 3300 2819 3352 πᾶν
2857 3298 3077 3370 ᾐνίξατο
3111 3291 3360 3360 εἰποῦσα,
3394 3297 3476 3349 ὃτι
3510 3294 3739 3362 Ἥριζον

2070 3399 2144 3468 τῇ
2184 3399 2485 3465 Ῥεϐέκκα·
2521 3397 2614 3450 καὶ
2643 3397 2758 3459 τοῖς
2784 3393 2959 3457 οἰκίας
2983 3392 3164 3462 έχουσι
3191 3393 3285 3444 καὶ
3306 3392 3498 3444 παῖδας
3526 3391 3624 3463 ήδη
3648 3407 3740 3461 γε-

2070 3495 2392 3568 γαμηκότας
2419 3492 2710 3548 κατέλιπεν
2728 3490 2921 3544 εἰδέναι
2943 3489 3002 3543 τὸ
3029 3487 3236 3558 λεχθέν.
3257 3489 3482 3542 Ἐκεῖνοι
3500 3488 3608 3559 γάρ
3637 3489 3740 3558 μά·

2070 3595 2228 3648 λιστα
2249 3593 2464 3647 πάντων
2496 3590 2672 3644 ἴσασιν
2701 3586 2944 3660 ἀκριϐῶς
2983 3587 3106 3639 ὅσον
3150 3585 3265 3638 ἐστὶ
3298 3583 3465 3638 κακὸν
3517 3585 3740 3652 ἐμφιλοο

2071 3683 2266 3746 νείκως
2314 3679 2623 3750 διατεθῆναι
2677 3677 2776 3748 τὴν
2819 3673 2914 3728 τοῦ
2965 3672 3200 3742 νυμφίου
3250 3673 3463 3744 μητέρα
3499 3673 3594 3726 καὶ
3639 3673 3739 3744 τὴν

2072 3779 2310 3851 νύμφην,
2367 3778 2462 3830 καὶ
2509 3775 2741 3848 μάλιστα
2791 3775 2920 3828 ὃταν
2959 3771 3135 3826 οίκίαν
3181 3769 3398 3822 οίκῶσιν
3440 3770 3739 3842 ἀμφότεροι

2076 3879 2227 3950 μίαν.
2273 3875 2444 3930 Τοῦτο
2485 3874 2581 3946 μὲν
2614 3869 2707 3926 οὖν
2733 3870 2977 3942 διηνεκὲς
3010 3865 3078 3940 ῆν
3107 3868 3169 3921 τὸ
3195 3867 3384 3920 δεινόν.
3447 3867 3519 3918 T6
3555 3865 3612 3918 δέ
3645 3867 3740 3920 ἐπὶ

2071 3983 2280 4046 τούτοις
2305 3975 2538 4049 συμϐὰν,
2567 3977 2600 4046 ἡ
2629 3973 2736 4028 τῶν
2786 3969 3078 4042 ὀφθαλμῶν
3126 3970 3390 4040 πήρωσις,
3441 3967 3576 4038 ὅπερ
3615 3967 3739 4020 ὅσον

2075 4090 2191 4143 ἐστὶ
2237 4086 2405 4141 κακὸν
2447 4082 2498 4136 οἱ
2527 4078 2786 4138 παθόντες
2838 4071 2984 4125 [cum
3035 4070 3227 4141 μόνον·
3287 4067 3426 4138 μετὰ
3469 4068 3525 4121 δὲ
3555 4066 3736 4132 τοῦτο,

2072 4178 2106 4247 ή
2139 4175 2265 4244 περὶ
2292 4171 2390 4234 τὰς
2435 4165 2682 4233 εὐλογίας
2723 4159 2992 4228 ἀποτυχία
3020 4155 3114 4247 τοῦ
3166 4155 3374 4247 παιδδς,
3418 4155 3518 4247 ὑφί
3549 4149 3737 4247 ἦς-οὶῦ-

2069 4243 2176 4328 τως
2217 4243 2430 4332 ἐπλήγη
2471 4255 2568 4328 τὴν
2603 4253 2803 4324 ψυχὴν,
2839 4249 2914 4313 ὼς
2951 4244 3116 4300 αὑτοῦ
3161 4245 3480 4314 πικρότερον
3499 4243 3736 4296 ἀναϐοῆ-

2073 4376 2164 4413 ⁴’ται
2215 4356 2307 4410 τοῦ
2349 4354 2446 4424 τὴν
2479 4349 2694 4419 ἀπάτην
2729 4341 3142 4414 ὑπομείναντος,
3181 4337 3273 4391 καὶ
3294 4334 3736 4406 ἀπολογήσασθαι

2070 4453 2208 4524 πρὸς
2229 4449 2408 4504 αὐτόν’
2442 4447 2503 4500 οὑ
2543 4443 2650 4516 γὰρ
2688 4439 2828 4495 ἐκὼν
2873 4434 3194 4508 ἠδικηκέναι
3223 4430 3426 4499 ἐλεγεν,
3448 4427 3562 4484 ἀλλ’
3591 4429 3736 4483 ἀπα-

2071 4536 2275 4610 τηθείς.

2141 4645 2222 4700 Τὰ
2249 4644 2305 4697 δέ
2331 4637 2580 4694 ἐντεῦθεν
2599 4636 2694 4706 τὴν
2719 4635 2812 4686 ἐπὶ
2825 4631 2926 4702 τῆς
2944 4627 3147 4698 σκηνῆς
3171 4624 3382 4678 ἐδείκνυ
3403 4621 3733 4694 τραγῳδίαν,

2071 4735 2166 4788 καὶ
2187 4734 2247 4786 τὸ
2278 4733 2462 4803 δρᾶμα
2487 4727 2598 4783 τῶν
2631 4720 2884 4794 Θηϐαίων
2909 4715 3178 4773 ἀνετύπου
3201 4725 3233 4803 -ο
3267 4713 3590 4803 μειρακίων..
3627 4711 3737 4764 Καὶ

2070 4823 2178 4892 γὰρ
2203 4799 2554 4874 καιινεαῡθα
2580 4814 2681 4882 τῆς
2709 4809 2803 4862 τοῦ
2827 4805 3032 4877 πατρδς
3061 4801 3280 4892 ἡλικίας
3308 4800 3404 4892 καὶ
3430 4799 3737 4892 nmmo};

2070 4885 2492 4978 καταφρονήσας
2541 4903 2569 4952 6
2614 4895 2984 4969 πρεσϐύτερος
3029 4891 3248 4956 ἐξέϐαλε
3297 4889 3399 4978 τῆς
3437 4888 3619 4978 οἰκίας
3645 4885 3738 4939 τὸν

2072 4977 2334 5066 νεώτερον
2363 4987 2613 5058 ἀδελφόν.
2638 4985 2702 5039 El
2727 4982 2884 5053 δέ-μὴ
2907 4979 3195 5034 ἀπέκτεινε
3221 4977 3486 5066 καθάπερ
3505 4977 3732 5066 ἐκεῖνος,

2073 5085 2106 5154 ἡ
2139 5060 2256 5152 τῆς-
2283 5077 2488 5154 μητρὸς
2527 5073 2691 5144 σοφία
2739 5069 2899 5122 τοῦτο
2931 5067 3256 5154 διεκώλυσεν
3284 5080 3312 5154 ’Δ
3342 5061 3605 5154 ἠπείλησε
3639 5060 3735 5154 μὲν

2071 5148 2181 5241 γὰρ
2198 5148 2318 5223 ’καὶ
2349 5148 2506 5227 οὗτος
2528 5163 2618 5216 τὸν
2647 5161 2827 5230 φόνον.
2864 5157 2958 5211 καὶ
2987 5155 3085 5227 τὴν
3105 5148 3734 5241 τελευτηνὲἀνέμενεῌτοῦ

2072 5235 2297 5328 πατρός.
2325 5251 2587 5308 Μαθοῦσα
2604 5249 2660 5301 δὲ
2682 5249 2715 5318 ἡ
2739 5247 2942 5318 μήτηρ,
2966 5244 3070 5297 καὶ
3083 5241 3160 5311 τῴ
3183 5255 3288 5328 πατ
3299 5235 3733 5328 ρὶμδιαλεχθΔεῖσα,

2071 5319 2380 5414 ἐξήρπασεν
2405 5338 2566 5394 αὑτὸν
2595 5335 2702 5390 τῶν
2729 5332 2936 5388 ἐκείνου
2960 5324 3298 5414 χειρῶν,κώ
3323 5323 3416 5376 τὸν
3447 5321 3544 5394 μέν
3564 5319 3736 5414 θερα-

2071 5407 2310 5485 πεύοντα
2355 5427 2554 5490 αὑτοὺς
2589 5425 2685 5478 καὶ
2724 5417 2985 5480 εὐνοϊκῶς
3027 5412 3368 5482 διακείμενον
3414 5407 3736 5478 φυγαδεύειν

2132 5584 2160 5624 h
2181 5583 2265 5632 Sic
2284 5596 2312 5630 ε
2337 5581 2487 5631 Savil.
2515 5586 2560 5627 el
2589 5577 2726 5628 Colb.
2753 5571 3075 5632 restituimus.
3105 5581 3192 5632 pro
3233 5579 3296 5632 eg
3317 5564 3448 5626 quod
3471 5576 3532 5611 ex
3559 5559 3738 5612 Morel.

2071 5629 2360 5708 Ιιιεόδξίιιιτ,
2378 5641 2520 5690 τοῦτὸ
2542 5657 2596 5702 γε
2621 5639 2860 5701 σφόδρα...
2886 5633 2966 5679 καὶ
2985 5630 3040 5677 τὸ
3061 5629 3233 5700 μάχην.
3265 5629 3396 5675 1⁴ζοιτ.
3584 5679 3597 5693 ⁸

2134 5711 2156 5738 θ
2187 5703 2315 5754 savii
2360 5707 2408 5752 in
2433 5709 2576 5751 textu
2603 5705 2656 5748 et
2679 5665 2813 5749 Con.
2862 5695 3169 5742 ἀνετνπουτο.
3197 5690 3369 5738 ’θοι-ιιι.
3398 5693 3450 5736 ει
3487 5681 3638 5735 Sam.
3673 5689 3726 5736 in

2075 5783 2224 5832 marg.
2251 5766 2498 5816 ἀνετῦπου.
