  <div class='ocr_page' id='page_1' title='image "/cluster/home/n/w/nwhite01/storage/ocr_20150623/47:no.1:pt.1/coo.31924054869460/429.png"; bbox 0 0 4138 6420; ppageno 0'>
   <div class='ocr_carea' id='block_1_1' title="bbox 504 336 612 403">
    <p class='ocr_par' dir='ltr' id='par_1_1' title="bbox 504 336 612 403">
     <span class='ocr_line' id='line_1_1' title="bbox 504 336 612 403; baseline -0.074 0"><span class='ocrx_word' id='word_1_1' title='bbox 504 336 612 403; x_wconf 66' lang='lat'>685</span> 
     </span>
    </p>
   </div>
   <div class='ocr_carea' id='block_1_2' title="bbox 504 449 2165 526">
    <p class='ocr_par' dir='ltr' id='par_1_2' title="bbox 504 449 2165 526">
     <span class='ocr_line' id='line_1_2' title="bbox 504 449 2165 526; baseline -0.003 -16"><span class='ocrx_word' id='word_1_2' title='bbox 504 450 1010 526; x_wconf 73' lang='grc' dir='ltr'>ἡναγκάζοντο,τδν</span> <span class='ocrx_word' id='word_1_3' title='bbox 1039 449 1095 504; x_wconf 75' lang='grc' dir='ltr'>δέ</span> <span class='ocrx_word' id='word_1_4' title='bbox 1125 449 1398 522; x_wconf 80' lang='grc' dir='ltr'>μοχθηρὸν</span> <span class='ocrx_word' id='word_1_5' title='bbox 1429 453 1521 506; x_wconf 63' lang='grc' dir='ltr'>κει)⁸</span> <span class='ocrx_word' id='word_1_6' title='bbox 1550 451 1781 507; x_wconf 82' lang='grc' dir='ltr'>ἀϐίωτον</span> <span class='ocrx_word' id='word_1_7' title='bbox 1812 453 1997 515; x_wconf 86' lang='grc' dir='ltr'>αὐτοῖς</span> <span class='ocrx_word' id='word_1_8' title='bbox 2027 450 2165 505; x_wconf 84' lang='grc' dir='ltr'>καθ-</span> 
     </span>
    </p>
   </div>
   <div class='ocr_carea' id='block_1_3' title="bbox 509 538 2169 612">
    <p class='ocr_par' dir='ltr' id='par_1_3' title="bbox 509 538 2169 612">
     <span class='ocr_line' id='line_1_3' title="bbox 509 538 2169 612; baseline -0.002 -16"><span class='ocrx_word' id='word_1_9' title='bbox 509 543 740 597; x_wconf 84' lang='grc' dir='ltr'>ιστῶντα</span> <span class='ocrx_word' id='word_1_10' title='bbox 767 539 858 596; x_wconf 74' lang='grc' dir='ltr'>τὸν</span> <span class='ocrx_word' id='word_1_11' title='bbox 890 540 1003 611; x_wconf 87' lang='grc' dir='ltr'>βίον</span> <span class='ocrx_word' id='word_1_12' title='bbox 1037 538 1214 610; x_wconf 90' lang='grc' dir='ltr'>(τοῦτο</span> <span class='ocrx_word' id='word_1_13' title='bbox 1257 538 1370 610; x_wconf 80' lang='grc' dir='ltr'>γὰρ</span> <span class='ocrx_word' id='word_1_14' title='bbox 1422 539 1560 612; x_wconf 82' lang='grc' dir='ltr'>αὐτή</span> <span class='ocrx_word' id='word_1_15' title='bbox 1598 556 1761 610; x_wconf 88' lang='grc' dir='ltr'>φησιν</span> <span class='ocrx_word' id='word_1_16' title='bbox 1790 541 1824 610; x_wconf 84' lang='grc' dir='ltr'>ὴ</span> <span class='ocrx_word' id='word_1_17' title='bbox 1863 539 2169 609; x_wconf 85' lang='grc' dir='ltr'>Ῥεϐέκκα)</span> 
     </span>
    </p>
   </div>
   <div class='ocr_carea' id='block_1_4' title="bbox 505 619 2170 695">
    <p class='ocr_par' dir='ltr' id='par_1_4' title="bbox 505 619 2170 695">
     <span class='ocr_line' id='line_1_4' title="bbox 505 619 2170 695; baseline -0.002 -17"><span class='ocrx_word' id='word_1_18' title='bbox 505 623 640 695; x_wconf 89' lang='grc' dir='ltr'>παρ’</span> <span class='ocrx_word' id='word_1_19' title='bbox 687 624 901 685; x_wconf 74' lang='grc' dir='ltr'>ἑαυτοῖς</span> <span class='ocrx_word' id='word_1_20' title='bbox 948 622 1202 691; x_wconf 86' lang='grc' dir='ltr'>κατεῖχον</span> <span class='ocrx_word' id='word_1_21' title='bbox 1241 619 1525 691; x_wconf 81' lang='grc' dir='ltr'>διηνεκῶς.</span> <span class='ocrx_word' id='word_1_22' title='bbox 1582 621 1943 692; x_wconf 84' lang='grc' dir='ltr'>’Δποδράντος</span> <span class='ocrx_word' id='word_1_23' title='bbox 1988 619 2170 675; x_wconf 82' lang='grc' dir='ltr'>τοίνυν</span> 
     </span>
    </p>
   </div>
   <div class='ocr_carea' id='block_1_5' title="bbox 504 698 2172 776">
    <p class='ocr_par' dir='ltr' id='par_1_5' title="bbox 504 698 2172 776">
     <span class='ocr_line' id='line_1_5' title="bbox 504 698 2172 776; baseline -0.003 -15"><span class='ocrx_word' id='word_1_24' title='bbox 504 706 715 761; x_wconf 84' lang='grc' dir='ltr'>ἐκείνου</span> <span class='ocrx_word' id='word_1_25' title='bbox 741 705 835 760; x_wconf 86' lang='grc' dir='ltr'>τοῦ</span> <span class='ocrx_word' id='word_1_26' title='bbox 860 705 1150 769; x_wconf 83' lang='grc' dir='ltr'>διαπαντὸς</span> <span class='ocrx_word' id='word_1_27' title='bbox 1176 704 1268 759; x_wconf 78' lang='grc' dir='ltr'>ἐπὶ</span> <span class='ocrx_word' id='word_1_28' title='bbox 1296 704 1395 775; x_wconf 79' lang='grc' dir='ltr'>τῆς</span> <span class='ocrx_word' id='word_1_29' title='bbox 1423 703 1601 765; x_wconf 76' lang='grc' dir='ltr'>οἰκίας</span> <span class='ocrx_word' id='word_1_30' title='bbox 1631 703 1932 776; x_wconf 81' lang='grc' dir='ltr'>τραφέντος</span> <span class='ocrx_word' id='word_1_31' title='bbox 1954 698 2041 775; x_wconf 76' lang='grc' dir='ltr'>(ἦν</span> <span class='ocrx_word' id='word_1_32' title='bbox 2062 703 2172 774; x_wconf 89' lang='grc' dir='ltr'>γάρ</span> 
     </span>
    </p>
   </div>
   <div class='ocr_carea' id='block_1_6' title="bbox 503 791 2172 864">
    <p class='ocr_par' dir='ltr' id='par_1_6' title="bbox 503 791 2172 864">
     <span class='ocr_line' id='line_1_6' title="bbox 503 791 2172 864; baseline -0.002 -16"><span class='ocrx_word' id='word_1_33' title='bbox 503 793 779 858; x_wconf 78' lang='grc' dir='ltr'>ἄπλαστος</span> <span class='ocrx_word' id='word_1_34' title='bbox 803 793 970 847; x_wconf 82' lang='grc' dir='ltr'>οἰκῶν</span> <span class='ocrx_word' id='word_1_35' title='bbox 996 791 1208 864; x_wconf 82' lang='grc' dir='ltr'>οὶκίαν)</span> <span class='ocrx_word' id='word_1_36' title='bbox 1230 793 1325 846; x_wconf 79' lang='grc' dir='ltr'>καὶ</span> <span class='ocrx_word' id='word_1_37' title='bbox 1372 791 1439 846; x_wconf 87' lang='grc' dir='ltr'>τά</span> <span class='ocrx_word' id='word_1_38' title='bbox 1479 791 1649 845; x_wconf 89' lang='grc' dir='ltr'>πολλά</span> <span class='ocrx_word' id='word_1_39' title='bbox 1683 792 1821 862; x_wconf 84' lang='grc' dir='ltr'>μετά</span> <span class='ocrx_word' id='word_1_40' title='bbox 1842 792 1942 863; x_wconf 86' lang='grc' dir='ltr'>τῆς</span> <span class='ocrx_word' id='word_1_41' title='bbox 1968 792 2172 862; x_wconf 82' lang='grc' dir='ltr'>μητρὸς</span> 
     </span>
    </p>
   </div>
   <div class='ocr_carea' id='block_1_7' title="bbox 502 875 2172 952">
    <p class='ocr_par' dir='ltr' id='par_1_7' title="bbox 502 875 2172 952">
     <span class='ocr_line' id='line_1_7' title="bbox 502 875 2172 952; baseline -0.002 -17"><span class='ocrx_word' id='word_1_42' title='bbox 502 881 912 952; x_wconf 87' lang='grc' dir='ltr'>οίκουροῦντος,</span> <span class='ocrx_word' id='word_1_43' title='bbox 950 881 1092 934; x_wconf 86' lang='grc' dir='ltr'>πόσα</span> <span class='ocrx_word' id='word_1_44' title='bbox 1134 880 1233 950; x_wconf 82' lang='grc' dir='ltr'>μὲν</span> <span class='ocrx_word' id='word_1_45' title='bbox 1272 875 1346 951; x_wconf 65' lang='grc' dir='ltr'>ιῆν</span> <span class='ocrx_word' id='word_1_46' title='bbox 1393 879 1540 943; x_wconf 84' lang='grc' dir='ltr'>είκὸς</span> <span class='ocrx_word' id='word_1_47' title='bbox 1577 879 1675 951; x_wconf 83' lang='grc' dir='ltr'>τὴν</span> <span class='ocrx_word' id='word_1_48' title='bbox 1725 878 2018 933; x_wconf 87' lang='grc' dir='ltr'>Ῥεϐέκκαν</span> <span class='ocrx_word' id='word_1_49' title='bbox 2051 878 2172 932; x_wconf 75' lang='lat'><em>666-</em></span> 
     </span>
    </p>
   </div>
   <div class='ocr_carea' id='block_1_8' title="bbox 507 965 2172 1040">
    <p class='ocr_par' dir='ltr' id='par_1_8' title="bbox 507 965 2172 1040">
     <span class='ocr_line' id='line_1_8' title="bbox 507 965 2172 1040; baseline -0.002 -19"><span class='ocrx_word' id='word_1_50' title='bbox 507 967 696 1038; x_wconf 88' lang='grc' dir='ltr'>ρεσθαι</span> <span class='ocrx_word' id='word_1_51' title='bbox 728 968 822 1021; x_wconf 82' lang='grc' dir='ltr'>καὶ</span> <span class='ocrx_word' id='word_1_52' title='bbox 851 966 1070 1040; x_wconf 81' lang='grc' dir='ltr'>θρηνεῖν</span> <span class='ocrx_word' id='word_1_53' title='bbox 1121 966 1478 1039; x_wconf 81' lang='grc' dir='ltr'>μεμνημένην</span> <span class='ocrx_word' id='word_1_54' title='bbox 1514 967 1608 1020; x_wconf 88' lang='grc' dir='ltr'>τοῦ</span> <span class='ocrx_word' id='word_1_55' title='bbox 1643 966 1831 1030; x_wconf 79' lang='grc' dir='ltr'>παιδὸς</span> <span class='ocrx_word' id='word_1_56' title='bbox 1858 965 2172 1029; x_wconf 85' lang='grc' dir='ltr'>διαπαντὸς,</span> 
     </span>
    </p>
   </div>
   <div class='ocr_carea' id='block_1_9' title="bbox 506 1052 2174 1126">
    <p class='ocr_par' dir='ltr' id='par_1_9' title="bbox 506 1052 2174 1126">
     <span class='ocr_line' id='line_1_9' title="bbox 506 1052 2174 1126; baseline -0.001 -19"><span class='ocrx_word' id='word_1_57' title='bbox 506 1053 599 1107; x_wconf 73' lang='grc' dir='ltr'>καὶ</span> <span class='ocrx_word' id='word_1_58' title='bbox 623 1054 716 1106; x_wconf 75' lang='grc' dir='ltr'>τὸν</span> <span class='ocrx_word' id='word_1_59' title='bbox 743 1053 913 1126; x_wconf 80' lang='grc' dir='ltr'>ἀνδρα</span> <span class='ocrx_word' id='word_1_60' title='bbox 941 1052 1153 1124; x_wconf 81' lang='grc' dir='ltr'>ὁρῶσαν</span> <span class='ocrx_word' id='word_1_61' title='bbox 1181 1054 1333 1106; x_wconf 81' lang='grc' dir='ltr'>οὐδὲν</span> <span class='ocrx_word' id='word_1_62' title='bbox 1356 1053 1464 1107; x_wconf 84' lang='grc' dir='ltr'>τῶν</span> <span class='ocrx_word' id='word_1_63' title='bbox 1484 1053 1695 1125; x_wconf 79' lang='grc' dir='ltr'>νεκρῶν</span> <span class='ocrx_word' id='word_1_64' title='bbox 1714 1053 1939 1122; x_wconf 84' lang='grc' dir='ltr'>ἄμεινον</span> <span class='ocrx_word' id='word_1_65' title='bbox 1967 1052 2174 1105; x_wconf 82' lang='grc' dir='ltr'>διακεί-</span> 
     </span>
    </p>
   </div>
   <div class='ocr_carea' id='block_1_10' title="bbox 509 1138 2171 1214">
    <p class='ocr_par' dir='ltr' id='par_1_10' title="bbox 509 1138 2171 1214">
     <span class='ocr_line' id='line_1_10' title="bbox 509 1138 2171 1214; baseline -0.002 -19"><span class='ocrx_word' id='word_1_66' title='bbox 509 1158 670 1213; x_wconf 85' lang='grc' dir='ltr'>μενον</span> <span class='ocrx_word' id='word_1_67' title='bbox 699 1141 794 1195; x_wconf 75' lang='grc' dir='ltr'>καὶ</span> <span class='ocrx_word' id='word_1_68' title='bbox 823 1142 911 1195; x_wconf 87' lang='grc' dir='ltr'>διά</span> <span class='ocrx_word' id='word_1_69' title='bbox 939 1142 1047 1214; x_wconf 66' lang='grc' dir='ltr'>τὴν,</span> <span class='ocrx_word' id='word_1_70' title='bbox 1075 1141 1291 1212; x_wconf 80' lang='grc' dir='ltr'>ἠλικίαν</span> <span class='ocrx_word' id='word_1_71' title='bbox 1324 1140 1415 1194; x_wconf 73' lang='grc' dir='ltr'>καὶ</span> <span class='ocrx_word' id='word_1_72' title='bbox 1448 1139 1533 1195; x_wconf 80' lang='grc' dir='ltr'>διὰ</span> <span class='ocrx_word' id='word_1_73' title='bbox 1564 1140 1662 1212; x_wconf 76' lang='grc' dir='ltr'>τὴν</span> <span class='ocrx_word' id='word_1_74' title='bbox 1700 1140 1889 1205; x_wconf 89' lang='grc' dir='ltr'>νόσον;</span> <span class='ocrx_word' id='word_1_75' title='bbox 1921 1140 2076 1209; x_wconf 86' lang='grc' dir='ltr'>πόσῳ</span> <span class='ocrx_word' id='word_1_76' title='bbox 2114 1138 2171 1193; x_wconf 84' lang='grc' dir='ltr'>δὲ</span> 
     </span>
    </p>
   </div>
   <div class='ocr_carea' id='block_1_11' title="bbox 505 1226 2175 1301">
    <p class='ocr_par' dir='ltr' id='par_1_11' title="bbox 505 1226 2175 1301">
     <span class='ocr_line' id='line_1_11' title="bbox 505 1226 2175 1301; baseline 0 -20"><span class='ocrx_word' id='word_1_77' title='bbox 505 1228 595 1282; x_wconf 82' lang='grc' dir='ltr'>τὸν</span> <span class='ocrx_word' id='word_1_78' title='bbox 622 1227 772 1301; x_wconf 75' lang='grc'>[197]</span> <span class='ocrx_word' id='word_1_79' title='bbox 800 1228 1032 1300; x_wconf 89' lang='grc' dir='ltr'>γέροντα</span> <span class='ocrx_word' id='word_1_80' title='bbox 1071 1228 1257 1283; x_wconf 85' lang='grc' dir='ltr'>πένθει</span> <span class='ocrx_word' id='word_1_81' title='bbox 1289 1226 1615 1297; x_wconf 87' lang='grc' dir='ltr'>κατέχεσθαι</span> <span class='ocrx_word' id='word_1_82' title='bbox 1653 1228 1792 1299; x_wconf 87' lang='grc' dir='ltr'>μετά</span> <span class='ocrx_word' id='word_1_83' title='bbox 1817 1228 1926 1281; x_wconf 90' lang='grc' dir='ltr'>τῶν</span> <span class='ocrx_word' id='word_1_84' title='bbox 1959 1227 2175 1281; x_wconf 75' lang='grc' dir='ltr'>οἰκείων</span> 
     </span>
    </p>
   </div>
   <div class='ocr_carea' id='block_1_12' title="bbox 508 1313 2176 1387">
    <p class='ocr_par' dir='ltr' id='par_1_12' title="bbox 508 1313 2176 1387">
     <span class='ocr_line' id='line_1_12' title="bbox 508 1313 2176 1387; baseline -0.001 -18"><span class='ocrx_word' id='word_1_85' title='bbox 508 1316 604 1369; x_wconf 75' lang='grc' dir='ltr'>καὶ</span> <span class='ocrx_word' id='word_1_86' title='bbox 637 1316 738 1379; x_wconf 87' lang='grc' dir='ltr'>τάς</span> <span class='ocrx_word' id='word_1_87' title='bbox 768 1316 868 1386; x_wconf 78' lang='grc' dir='ltr'>τῆς</span> <span class='ocrx_word' id='word_1_88' title='bbox 908 1315 1170 1386; x_wconf 80' lang='grc' dir='ltr'>γυναικὸς</span> <span class='ocrx_word' id='word_1_89' title='bbox 1214 1313 1657 1384; x_wconf 76' lang='grc' dir='ltr'>ἀναγκαζόμενον</span> <span class='ocrx_word' id='word_1_90' title='bbox 1700 1315 1919 1387; x_wconf 80' lang='grc' dir='ltr'>θρηνεῖν</span> <span class='ocrx_word' id='word_1_91' title='bbox 1962 1332 2176 1386; x_wconf 89' lang='grc' dir='ltr'>συμφο-</span> 
     </span>
    </p>
   </div>
   <div class='ocr_carea' id='block_1_13' title="bbox 510 1399 2175 1474">
    <p class='ocr_par' dir='ltr' id='par_1_13' title="bbox 510 1399 2175 1474">
     <span class='ocr_line' id='line_1_13' title="bbox 510 1399 2175 1474; baseline -0.001 -19"><span class='ocrx_word' id='word_1_92' title='bbox 510 1402 649 1474; x_wconf 86' lang='grc' dir='ltr'>ράς;</span> <span class='ocrx_word' id='word_1_93' title='bbox 684 1403 811 1455; x_wconf 84' lang='grc' dir='ltr'>Ὅτε</span> <span class='ocrx_word' id='word_1_94' title='bbox 839 1403 894 1456; x_wconf 87' lang='grc' dir='ltr'>δέ</span> <span class='ocrx_word' id='word_1_95' title='bbox 928 1402 1119 1474; x_wconf 77' lang='grc' dir='ltr'>ἔμελλε</span> <span class='ocrx_word' id='word_1_96' title='bbox 1147 1403 1402 1474; x_wconf 76' lang='grc' dir='ltr'>τελευτᾷν</span> <span class='ocrx_word' id='word_1_97' title='bbox 1438 1402 1622 1473; x_wconf 87' lang='grc' dir='ltr'>ἐκείνη</span> <span class='ocrx_word' id='word_1_98' title='bbox 1645 1442 1659 1465; x_wconf 92' lang='grc'>,</span> <span class='ocrx_word' id='word_1_99' title='bbox 1682 1403 1736 1456; x_wconf 89' lang='grc' dir='ltr'>τί</span> <span class='ocrx_word' id='word_1_100' title='bbox 1763 1402 1873 1474; x_wconf 75' lang='grc' dir='ltr'>ἄρα</span> <span class='ocrx_word' id='word_1_101' title='bbox 1904 1403 2004 1456; x_wconf 84' lang='grc' dir='ltr'>οὐκ</span> <span class='ocrx_word' id='word_1_102' title='bbox 2032 1399 2175 1469; x_wconf 79' lang='grc' dir='ltr'>εἷπε,</span> 
     </span>
    </p>
   </div>
   <div class='ocr_carea' id='block_1_14' title="bbox 507 1489 2178 1564">
    <p class='ocr_par' dir='ltr' id='par_1_14' title="bbox 507 1489 2178 1564">
     <span class='ocr_line' id='line_1_14' title="bbox 507 1489 2178 1564; baseline -0.001 -21"><span class='ocrx_word' id='word_1_103' title='bbox 507 1490 563 1543; x_wconf 77' lang='grc' dir='ltr'>τί</span> <span class='ocrx_word' id='word_1_104' title='bbox 592 1489 652 1544; x_wconf 71' lang='grc' dir='ltr'>’δέ</span> <span class='ocrx_word' id='word_1_105' title='bbox 680 1491 781 1544; x_wconf 87' lang='grc' dir='ltr'>ούκ</span> <span class='ocrx_word' id='word_1_106' title='bbox 814 1489 1114 1560; x_wconf 81' lang='grc' dir='ltr'>ἐφθέγξατο</span> <span class='ocrx_word' id='word_1_107' title='bbox 1135 1531 1148 1554; x_wconf 91' lang='grc'>,</span> <span class='ocrx_word' id='word_1_108' title='bbox 1178 1490 1216 1544; x_wconf 76' lang='grc' dir='ltr'>ἀ</span> <span class='ocrx_word' id='word_1_109' title='bbox 1251 1490 1354 1543; x_wconf 75' lang='grc' dir='ltr'>’καὶ</span> <span class='ocrx_word' id='word_1_110' title='bbox 1377 1489 1524 1543; x_wconf 80' lang='grc' dir='ltr'>λίθον</span> <span class='ocrx_word' id='word_1_111' title='bbox 1566 1489 1726 1561; x_wconf 79' lang='grc' dir='ltr'>τῆξαι</span> <span class='ocrx_word' id='word_1_112' title='bbox 1773 1490 1933 1564; x_wconf 75' lang='grc' dir='ltr'>ίκανὰ</span> <span class='ocrx_word' id='word_1_113' title='bbox 1966 1502 1992 1532; x_wconf 75' lang='grc' dir='ltr'>ι</span> <span class='ocrx_word' id='word_1_114' title='bbox 2013 1529 2029 1554; x_wconf 92' lang='grc'>,</span> <span class='ocrx_word' id='word_1_115' title='bbox 2077 1489 2178 1559; x_wconf 83' lang='grc' dir='ltr'>οὐχ</span> 
     </span>
    </p>
   </div>
   <div class='ocr_carea' id='block_1_15' title="bbox 504 1576 2178 1649">
    <p class='ocr_par' dir='ltr' id='par_1_15' title="bbox 504 1576 2178 1649">
     <span class='ocr_line' id='line_1_15' title="bbox 504 1576 2178 1649; baseline -0.002 -17"><span class='ocrx_word' id='word_1_116' title='bbox 504 1576 694 1648; x_wconf 74' lang='grc' dir='ltr'>ὁρῶσα</span> <span class='ocrx_word' id='word_1_117' title='bbox 730 1576 825 1631; x_wconf 79' lang='grc' dir='ltr'>τὸν</span> <span class='ocrx_word' id='word_1_118' title='bbox 878 1577 1046 1631; x_wconf 83' lang='grc' dir='ltr'>παῖδα</span> <span class='ocrx_word' id='word_1_119' title='bbox 1115 1576 1440 1649; x_wconf 81' lang='grc' dir='ltr'>παρεστῶτα</span> <span class='ocrx_word' id='word_1_120' title='bbox 1514 1577 1610 1631; x_wconf 71' lang='grc' dir='ltr'>καὶ</span> <span class='ocrx_word' id='word_1_121' title='bbox 1683 1576 1984 1648; x_wconf 79' lang='grc' dir='ltr'>δακρύοντα</span> <span class='ocrx_word' id='word_1_122' title='bbox 2005 1617 2020 1641; x_wconf 93' lang='grc'>,</span> <span class='ocrx_word' id='word_1_123' title='bbox 2083 1576 2178 1630; x_wconf 72' lang='grc' dir='ltr'>καὶ</span> 
     </span>
    </p>
   </div>
   <div class='ocr_carea' id='block_1_16' title="bbox 506 1667 2180 1741">
    <p class='ocr_par' dir='ltr' id='par_1_16' title="bbox 506 1667 2180 1741">
     <span class='ocr_line' id='line_1_16' title="bbox 506 1667 2180 1741; baseline -0.002 -18"><span class='ocrx_word' id='word_1_124' title='bbox 506 1668 872 1741; x_wconf 80' lang='grc' dir='ltr'>καθαιροῦντα</span> <span class='ocrx_word' id='word_1_125' title='bbox 902 1667 1234 1739; x_wconf 78' lang='grc' dir='ltr'>ὀφθαλμοὺς,</span> <span class='ocrx_word' id='word_1_126' title='bbox 1266 1668 1361 1722; x_wconf 77' lang='grc' dir='ltr'>καὶ</span> <span class='ocrx_word' id='word_1_127' title='bbox 1394 1667 1839 1739; x_wconf 88' lang='grc' dir='ltr'>συλλαμϐάνοντα</span> <span class='ocrx_word' id='word_1_128' title='bbox 1864 1667 2060 1739; x_wconf 82' lang='grc' dir='ltr'>στόμα,</span> <span class='ocrx_word' id='word_1_129' title='bbox 2084 1667 2180 1722; x_wconf 81' lang='grc' dir='ltr'>καὶ</span> 
     </span>
    </p>
   </div>
   <div class='ocr_carea' id='block_1_17' title="bbox 507 1756 2178 1829">
    <p class='ocr_par' dir='ltr' id='par_1_17' title="bbox 507 1756 2178 1829">
     <span class='ocr_line' id='line_1_17' title="bbox 507 1756 2178 1829; baseline -0.001 -19"><span class='ocrx_word' id='word_1_130' title='bbox 507 1757 945 1829; x_wconf 81' lang='grc' dir='ltr'>περιστέλλοντα,</span> <span class='ocrx_word' id='word_1_131' title='bbox 971 1756 1066 1811; x_wconf 74' lang='grc' dir='ltr'>καὶ</span> <span class='ocrx_word' id='word_1_132' title='bbox 1091 1758 1160 1811; x_wconf 79' lang='grc' dir='ltr'>τὰ</span> <span class='ocrx_word' id='word_1_133' title='bbox 1183 1757 1318 1813; x_wconf 78' lang='grc' dir='ltr'>ἀλλα</span> <span class='ocrx_word' id='word_1_134' title='bbox 1344 1757 1521 1811; x_wconf 86' lang='grc' dir='ltr'>πάντα</span> <span class='ocrx_word' id='word_1_135' title='bbox 1549 1756 2005 1829; x_wconf 85' lang='grc' dir='ltr'>ἐπιμελούμενον,</span> <span class='ocrx_word' id='word_1_136' title='bbox 2033 1756 2178 1828; x_wconf 74' lang='grc' dir='ltr'>ἅπερ</span> 
     </span>
    </p>
   </div>
   <div class='ocr_carea' id='block_1_18' title="bbox 507 1839 2178 1916">
    <p class='ocr_par' dir='ltr' id='par_1_18' title="bbox 507 1839 2178 1916">
     <span class='ocr_line' id='line_1_18' title="bbox 507 1839 2178 1916; baseline -0.001 -18"><span class='ocrx_word' id='word_1_137' title='bbox 507 1843 674 1898; x_wconf 78' lang='grc' dir='ltr'>αὐτοῦ</span> <span class='ocrx_word' id='word_1_138' title='bbox 707 1843 802 1899; x_wconf 85' lang='grc' dir='ltr'>τοῦ</span> <span class='ocrx_word' id='word_1_139' title='bbox 835 1843 1067 1899; x_wconf 76' lang='grc' dir='ltr'>θανάτου</span> <span class='ocrx_word' id='word_1_140' title='bbox 1114 1843 1418 1916; x_wconf 84' lang='grc' dir='ltr'>πικρότερα</span> <span class='ocrx_word' id='word_1_141' title='bbox 1455 1845 1572 1908; x_wconf 86' lang='grc' dir='ltr'>τοῖς</span> <span class='ocrx_word' id='word_1_142' title='bbox 1613 1843 2007 1916; x_wconf 86' lang='grc' dir='ltr'>γεγεννηκόσιν</span> <span class='ocrx_word' id='word_1_143' title='bbox 2033 1839 2178 1897; x_wconf 71' lang='grc' dir='ltr'>εἶναι</span> 
     </span>
    </p>
   </div>
   <div class='ocr_carea' id='block_1_19' title="bbox 505 1931 2176 2008">
    <p class='ocr_par' dir='ltr' id='par_1_19' title="bbox 505 1931 2176 2008">
     <span class='ocr_line' id='line_1_19' title="bbox 505 1931 2176 2008; baseline 0.003 -22"><span class='ocrx_word' id='word_1_144' title='bbox 505 1931 681 1998; x_wconf 79' lang='grc' dir='ltr'>δοκεῖς</span> <span class='ocrx_word' id='word_1_145' title='bbox 739 1935 798 1988; x_wconf 84' lang='grc' dir='ltr'>Ὀ</span> <span class='ocrx_word' id='word_1_146' title='bbox 835 1934 892 1988; x_wconf 79' lang='grc' dir='ltr'>δέ</span> <span class='ocrx_word' id='word_1_147' title='bbox 953 1934 1136 1990; x_wconf 82' lang='grc' dir='ltr'>’Ῑσαάκ</span> <span class='ocrx_word' id='word_1_148' title='bbox 1176 1934 1349 1999; x_wconf 74' lang='grc' dir='ltr'>οὕτως</span> <span class='ocrx_word' id='word_1_149' title='bbox 1386 1934 1557 2004; x_wconf 77' lang='grc' dir='ltr'>αὐτὴν</span> <span class='ocrx_word' id='word_1_150' title='bbox 1601 1936 1976 1991; x_wconf 78' lang='grc' dir='ltr'>ἀποπνέουσαν</span> <span class='ocrx_word' id='word_1_151' title='bbox 2013 1937 2176 2008; x_wconf 85' lang='grc' dir='ltr'>ὁρῶν,</span> 
     </span>
    </p>
   </div>
   <div class='ocr_carea' id='block_1_20' title="bbox 506 2021 2180 2096">
    <p class='ocr_par' dir='ltr' id='par_1_20' title="bbox 506 2021 2180 2096">
     <span class='ocr_line' id='line_1_20' title="bbox 506 2021 2180 2096; baseline 0.002 -23"><span class='ocrx_word' id='word_1_152' title='bbox 506 2021 700 2075; x_wconf 78' lang='grc' dir='ltr'>ὁποίαν</span> <span class='ocrx_word' id='word_1_153' title='bbox 725 2021 991 2094; x_wconf 77' lang='grc' dir='ltr'>ἐκέκτητο</span> <span class='ocrx_word' id='word_1_154' title='bbox 1019 2022 1198 2093; x_wconf 80' lang='grc' dir='ltr'>ψυχὴν</span> <span class='ocrx_word' id='word_1_155' title='bbox 1231 2022 1326 2076; x_wconf 77' lang='grc' dir='ltr'>καὶ</span> <span class='ocrx_word' id='word_1_156' title='bbox 1360 2021 1487 2075; x_wconf 87' lang='grc' dir='ltr'>τότε</span> <span class='ocrx_word' id='word_1_157' title='bbox 1517 2023 1612 2076; x_wconf 79' lang='grc' dir='ltr'>καὶ</span> <span class='ocrx_word' id='word_1_158' title='bbox 1644 2022 1785 2095; x_wconf 88' lang='grc' dir='ltr'>μετά</span> <span class='ocrx_word' id='word_1_159' title='bbox 1825 2023 1926 2094; x_wconf 80' lang='grc' dir='ltr'>τὴν</span> <span class='ocrx_word' id='word_1_160' title='bbox 1959 2024 2180 2096; x_wconf 89' lang='grc' dir='ltr'>ἐκείνης</span> 
     </span>
    </p>
   </div>
   <div class='ocr_carea' id='block_1_21' title="bbox 507 2110 802 2182">
    <p class='ocr_par' dir='ltr' id='par_1_21' title="bbox 507 2110 802 2182">
     <span class='ocr_line' id='line_1_21' title="bbox 507 2110 802 2182; baseline -0.01 -18"><span class='ocrx_word' id='word_1_161' title='bbox 507 2110 767 2182; x_wconf 81' lang='grc' dir='ltr'>τελευτήν</span> <span class='ocrx_word' id='word_1_162' title='bbox 788 2127 802 2176; x_wconf 89' lang='lat'><strong>;</strong></span> 
     </span>
    </p>
   </div>
   <div class='ocr_carea' id='block_1_22' title="bbox 580 2197 2181 2272">
    <p class='ocr_par' dir='ltr' id='par_1_22' title="bbox 580 2197 2181 2272">
     <span class='ocr_line' id='line_1_22' title="bbox 580 2197 2181 2272; baseline 0.003 -20"><span class='ocrx_word' id='word_1_163' title='bbox 580 2205 670 2254; x_wconf 89' lang='grc' dir='ltr'>ια’.</span> <span class='ocrx_word' id='word_1_164' title='bbox 709 2198 961 2262; x_wconf 84' lang='grc' dir='ltr'>Τοιοῦτος</span> <span class='ocrx_word' id='word_1_165' title='bbox 991 2199 1123 2269; x_wconf 81' lang='grc' dir='ltr'>ἡμῖν</span> <span class='ocrx_word' id='word_1_166' title='bbox 1154 2200 1183 2249; x_wconf 91' lang='grc' dir='ltr'>ὁ</span> <span class='ocrx_word' id='word_1_167' title='bbox 1213 2197 1424 2252; x_wconf 87' lang='grc' dir='ltr'>πολλῶν</span> <span class='ocrx_word' id='word_1_168' title='bbox 1452 2198 1818 2272; x_wconf 83' lang='grc' dir='ltr'>εὐθυμότερος</span> <span class='ocrx_word' id='word_1_169' title='bbox 1846 2197 1987 2256; x_wconf 83' lang='grc' dir='ltr'>εἶναι</span> <span class='ocrx_word' id='word_1_170' title='bbox 2007 2200 2181 2257; x_wconf 90' lang='grc' dir='ltr'>δοκῶν</span> 
     </span>
    </p>
   </div>
   <div class='ocr_carea' id='block_1_23' title="bbox 506 2281 2181 2360">
    <p class='ocr_par' dir='ltr' id='par_1_23' title="bbox 506 2281 2181 2360">
     <span class='ocr_line' id='line_1_23' title="bbox 506 2281 2181 2360; baseline 0.001 -20"><span class='ocrx_word' id='word_1_171' title='bbox 506 2284 910 2354; x_wconf 87' lang='grc' dir='ltr'>ἀποπέφανται.</span> <span class='ocrx_word' id='word_1_172' title='bbox 930 2285 1032 2340; x_wconf 81' lang='grc' dir='ltr'>Τὸν</span> <span class='ocrx_word' id='word_1_173' title='bbox 1055 2284 1111 2338; x_wconf 85' lang='grc' dir='ltr'>δὲ</span> <span class='ocrx_word' id='word_1_174' title='bbox 1125 2283 1223 2339; x_wconf 89' lang='grc' dir='ltr'>τοῦ</span> <span class='ocrx_word' id='word_1_175' title='bbox 1239 2284 1431 2339; x_wconf 87' lang='grc' dir='ltr'>Ἰακὼϐ</span> <span class='ocrx_word' id='word_1_176' title='bbox 1459 2285 1570 2356; x_wconf 90' lang='grc' dir='ltr'>βίον</span> <span class='ocrx_word' id='word_1_177' title='bbox 1589 2281 1754 2359; x_wconf 82' lang='grc' dir='ltr'>ἀρκεῖ</span> <span class='ocrx_word' id='word_1_178' title='bbox 1778 2281 1876 2359; x_wconf 83' lang='grc' dir='ltr'>μὲν</span> <span class='ocrx_word' id='word_1_179' title='bbox 1897 2288 1991 2343; x_wconf 78' lang='grc' dir='ltr'>καὶ</span> <span class='ocrx_word' id='word_1_180' title='bbox 2012 2290 2181 2360; x_wconf 73' lang='grc' dir='ltr'>χωρὶς</span> 
     </span>
    </p>
   </div>
   <div class='ocr_carea' id='block_1_24' title="bbox 509 2366 2181 2442">
    <p class='ocr_par' dir='ltr' id='par_1_24' title="bbox 509 2366 2181 2442">
     <span class='ocr_line' id='line_1_24' title="bbox 509 2366 2181 2442; baseline 0.001 -20"><span class='ocrx_word' id='word_1_181' title='bbox 509 2367 810 2436; x_wconf 73' lang='grc' dir='ltr'>ἐξετάσεως</span> <span class='ocrx_word' id='word_1_182' title='bbox 832 2367 999 2431; x_wconf 80' lang='grc' dir='ltr'>δεῖξαι</span> <span class='ocrx_word' id='word_1_183' title='bbox 1034 2367 1173 2437; x_wconf 86' lang='grc' dir='ltr'>αὐτὴ</span> <span class='ocrx_word' id='word_1_184' title='bbox 1202 2369 1238 2438; x_wconf 82' lang='grc' dir='ltr'>ἡ</span> <span class='ocrx_word' id='word_1_185' title='bbox 1264 2366 1359 2422; x_wconf 86' lang='grc' dir='ltr'>τοῦ</span> <span class='ocrx_word' id='word_1_186' title='bbox 1397 2367 1593 2423; x_wconf 82' lang='grc' dir='ltr'>Ἰακὼϐ</span> <span class='ocrx_word' id='word_1_187' title='bbox 1623 2370 1930 2440; x_wconf 74' lang='grc' dir='ltr'>ἀπόφασιςο</span> <span class='ocrx_word' id='word_1_188' title='bbox 1966 2373 2044 2442; x_wconf 86' lang='grc' dir='ltr'>τῷ</span> <span class='ocrx_word' id='word_1_189' title='bbox 2072 2371 2181 2442; x_wconf 81' lang='grc' dir='ltr'>γὰρ</span> 
     </span>
    </p>
   </div>
   <div class='ocr_carea' id='block_1_25' title="bbox 506 2450 2182 2523">
    <p class='ocr_par' dir='ltr' id='par_1_25' title="bbox 506 2450 2182 2523">
     <span class='ocr_line' id='line_1_25' title="bbox 506 2450 2182 2523; baseline 0.001 -17"><span class='ocrx_word' id='word_1_190' title='bbox 506 2450 708 2523; x_wconf 74' lang='grc' dir='ltr'>Φαραὼ</span> <span class='ocrx_word' id='word_1_191' title='bbox 744 2451 865 2504; x_wconf 88' lang='grc' dir='ltr'>τότε</span> <span class='ocrx_word' id='word_1_192' title='bbox 893 2451 1278 2521; x_wconf 84' lang='grc' dir='ltr'>διαλεγόμενος</span> <span class='ocrx_word' id='word_1_193' title='bbox 1311 2453 1466 2519; x_wconf 73' lang='grc' dir='ltr'>ἔλεγε</span> <span class='ocrx_word' id='word_1_194' title='bbox 1487 2469 1501 2482; x_wconf 87' lang='grc'><strong>·</strong></span> <span class='ocrx_word' id='word_1_195' title='bbox 1540 2454 1756 2521; x_wconf 80' lang='grc' dir='ltr'>Μικραί</span> <span class='ocrx_word' id='word_1_196' title='bbox 1784 2454 1890 2508; x_wconf 74' lang='grc' dir='ltr'>καί</span> <span class='ocrx_word' id='word_1_197' title='bbox 1920 2455 2182 2523; x_wconf 79' lang='grc' dir='ltr'>πονηραὶ</span> 
     </span>
    </p>
   </div>
   <div class='ocr_carea' id='block_1_26' title="bbox 507 2533 2184 2609">
    <p class='ocr_par' dir='ltr' id='par_1_26' title="bbox 507 2533 2184 2609">
     <span class='ocr_line' id='line_1_26' title="bbox 507 2533 2184 2609; baseline 0.003 -20"><span class='ocrx_word' id='word_1_198' title='bbox 507 2538 571 2589; x_wconf 82' lang='grc' dir='ltr'>αἱ</span> <span class='ocrx_word' id='word_1_199' title='bbox 598 2533 807 2604; x_wconf 74' lang='grc' dir='ltr'>ἡμέραι</span> <span class='ocrx_word' id='word_1_200' title='bbox 832 2552 972 2603; x_wconf 86' lang='grc' dir='ltr'>μου,</span> <span class='ocrx_word' id='word_1_201' title='bbox 1003 2534 1100 2587; x_wconf 79' lang='grc' dir='ltr'>καί</span> <span class='ocrx_word' id='word_1_202' title='bbox 1124 2536 1234 2589; x_wconf 82' lang='grc' dir='ltr'>οὐκ</span> <span class='ocrx_word' id='word_1_203' title='bbox 1261 2536 1551 2605; x_wconf 68' lang='grc' dir='ltr'>ἀφίκοντο</span> <span class='ocrx_word' id='word_1_204' title='bbox 1577 2539 1665 2601; x_wconf 80' lang='grc' dir='ltr'>είς</span> <span class='ocrx_word' id='word_1_205' title='bbox 1692 2539 1801 2605; x_wconf 82' lang='grc' dir='ltr'>τὰς</span> <span class='ocrx_word' id='word_1_206' title='bbox 1823 2538 2048 2609; x_wconf 70' lang='grc' dir='ltr'>ἡμέρας</span> <span class='ocrx_word' id='word_1_207' title='bbox 2062 2538 2184 2594; x_wconf 73' lang='grc' dir='ltr'>τῶν</span> 
     </span>
    </p>
   </div>
   <div class='ocr_carea' id='block_1_27' title="bbox 513 2617 2184 2693">
    <p class='ocr_par' dir='ltr' id='par_1_27' title="bbox 513 2617 2184 2693">
     <span class='ocr_line' id='line_1_27' title="bbox 513 2617 2184 2693; baseline 0.002 -21"><span class='ocrx_word' id='word_1_208' title='bbox 513 2618 785 2685; x_wconf 79' lang='grc' dir='ltr'>πατέρων</span> <span class='ocrx_word' id='word_1_209' title='bbox 793 2635 931 2687; x_wconf 76' lang='grc' dir='ltr'>μου·</span> <span class='ocrx_word' id='word_1_210' title='bbox 956 2617 1100 2671; x_wconf 83' lang='grc' dir='ltr'>τοῦτ’</span> <span class='ocrx_word' id='word_1_211' title='bbox 1117 2617 1254 2681; x_wconf 78' lang='grc' dir='ltr'>ἔστι,</span> <span class='ocrx_word' id='word_1_212' title='bbox 1267 2619 1363 2673; x_wconf 65' lang='grc' dir='ltr'>καὶ⁹</span> <span class='ocrx_word' id='word_1_213' title='bbox 1382 2618 1715 2692; x_wconf 84' lang='grc' dir='ltr'>βραχύτερον</span> <span class='ocrx_word' id='word_1_214' title='bbox 1731 2623 1824 2675; x_wconf 73' lang='grc' dir='ltr'>καὶ</span> <span class='ocrx_word' id='word_1_215' title='bbox 1850 2622 2184 2693; x_wconf 80' lang='grc' dir='ltr'>μοχθηρότε-</span> 
     </span>
    </p>
   </div>
   <div class='ocr_carea' id='block_1_28' title="bbox 514 2700 2184 2777">
    <p class='ocr_par' dir='ltr' id='par_1_28' title="bbox 514 2700 2184 2777">
     <span class='ocr_line' id='line_1_28' title="bbox 514 2700 2184 2777; baseline 0 -22"><span class='ocrx_word' id='word_1_216' title='bbox 514 2718 608 2775; x_wconf 80' lang='grc' dir='ltr'>ρον</span> <span class='ocrx_word' id='word_1_217' title='bbox 636 2701 840 2754; x_wconf 87' lang='grc' dir='ltr'>ἐϐίωσα</span> <span class='ocrx_word' id='word_1_218' title='bbox 873 2700 1010 2770; x_wconf 86' lang='grc' dir='ltr'>βίον.</span> <span class='ocrx_word' id='word_1_219' title='bbox 1044 2701 1239 2777; x_wconf 32' lang='grc' dir='ltr'>Χωρὶςη</span> <span class='ocrx_word' id='word_1_220' title='bbox 1267 2701 1326 2755; x_wconf 82' lang='grc' dir='ltr'>δὲ</span> <span class='ocrx_word' id='word_1_221' title='bbox 1363 2702 1465 2772; x_wconf 81' lang='grc' dir='ltr'>τῆς</span> <span class='ocrx_word' id='word_1_222' title='bbox 1498 2703 1828 2772; x_wconf 80' lang='grc' dir='ltr'>ἀποφάσεως</span> <span class='ocrx_word' id='word_1_223' title='bbox 1866 2705 2041 2767; x_wconf 79' lang='grc' dir='ltr'>οὓτως</span> <span class='ocrx_word' id='word_1_224' title='bbox 2076 2704 2184 2757; x_wconf 77' lang='grc' dir='ltr'>εἰσὶ</span> 
     </span>
    </p>
   </div>
   <div class='ocr_carea' id='block_1_29' title="bbox 513 2785 2183 2858">
    <p class='ocr_par' dir='ltr' id='par_1_29' title="bbox 513 2785 2183 2858">
     <span class='ocr_line' id='line_1_29' title="bbox 513 2785 2183 2858; baseline -0.001 -18"><span class='ocrx_word' id='word_1_225' title='bbox 513 2787 835 2858; x_wconf 84' lang='grc' dir='ltr'>περιφανεῖς</span> <span class='ocrx_word' id='word_1_226' title='bbox 871 2785 930 2837; x_wconf 86' lang='grc' dir='ltr'>αί</span> <span class='ocrx_word' id='word_1_227' title='bbox 971 2785 1250 2857; x_wconf 77' lang='grc' dir='ltr'>συμφοραὶ</span> <span class='ocrx_word' id='word_1_228' title='bbox 1286 2785 1480 2850; x_wconf 75' lang='grc' dir='ltr'>αὑτοῦ,</span> <span class='ocrx_word' id='word_1_229' title='bbox 1515 2785 1589 2849; x_wconf 64' lang='lat' dir='ltr'>Cu;</span> <span class='ocrx_word' id='word_1_230' title='bbox 1629 2787 1765 2857; x_wconf 85' lang='grc' dir='ltr'>μηδέ</span> <span class='ocrx_word' id='word_1_231' title='bbox 1811 2787 1918 2840; x_wconf 88' lang='grc' dir='ltr'>τῶν</span> <span class='ocrx_word' id='word_1_232' title='bbox 1970 2786 2183 2841; x_wconf 89' lang='grc' dir='ltr'>πολλῶν</span> 
     </span>
    </p>
   </div>
   <div class='ocr_carea' id='block_1_30' title="bbox 513 2867 2185 2940">
    <p class='ocr_par' dir='ltr' id='par_1_30' title="bbox 513 2867 2185 2940">
     <span class='ocr_line' id='line_1_30' title="bbox 513 2867 2185 2940; baseline 0 -17"><span class='ocrx_word' id='word_1_233' title='bbox 513 2886 665 2932; x_wconf 87' lang='grc' dir='ltr'>τινας</span> <span class='ocrx_word' id='word_1_234' title='bbox 697 2867 867 2931; x_wconf 77' lang='grc' dir='ltr'>αὐτὰς</span> <span class='ocrx_word' id='word_1_235' title='bbox 902 2868 1138 2936; x_wconf 83' lang='grc' dir='ltr'>ἀγνοεῖν.</span> <span class='ocrx_word' id='word_1_236' title='bbox 1191 2868 1251 2921; x_wconf 79' lang='lat'>&#39;0</span> <span class='ocrx_word' id='word_1_237' title='bbox 1285 2868 1531 2940; x_wconf 82' lang='grc' dir='ltr'>μὲνγὰρ</span> <span class='ocrx_word' id='word_1_238' title='bbox 1560 2870 1782 2934; x_wconf 85' lang='grc' dir='ltr'>πάππος</span> <span class='ocrx_word' id='word_1_239' title='bbox 1816 2873 1844 2924; x_wconf 93' lang='grc' dir='ltr'>ὁ</span> <span class='ocrx_word' id='word_1_240' title='bbox 1883 2870 2105 2937; x_wconf 85' lang='grc' dir='ltr'>τούτου,</span> <span class='ocrx_word' id='word_1_241' title='bbox 2135 2873 2185 2923; x_wconf 90' lang='grc' dir='ltr'>εί</span> 
     </span>
    </p>
   </div>
   <div class='ocr_carea' id='block_1_31' title="bbox 514 2949 2185 3023">
    <p class='ocr_par' dir='ltr' id='par_1_31' title="bbox 514 2949 2185 3023">
     <span class='ocr_line' id='line_1_31' title="bbox 514 2949 2185 3023; baseline -0.001 -17"><span class='ocrx_word' id='word_1_242' title='bbox 514 2953 609 3006; x_wconf 72' lang='grc' dir='ltr'>καὶ</span> <span class='ocrx_word' id='word_1_243' title='bbox 641 2950 857 3023; x_wconf 76' lang='grc' dir='ltr'>μακρὰν</span> <span class='ocrx_word' id='word_1_244' title='bbox 874 2950 1149 3003; x_wconf 75' lang='grc' dir='ltr'>ἐστείλατο</span> <span class='ocrx_word' id='word_1_245' title='bbox 1162 2949 1261 3021; x_wconf 79' lang='grc' dir='ltr'>τὴν</span> <span class='ocrx_word' id='word_1_246' title='bbox 1288 2952 1620 3021; x_wconf 84' lang='grc' dir='ltr'>ἀποδημίαν,</span> <span class='ocrx_word' id='word_1_247' title='bbox 1649 2954 1785 3007; x_wconf 76' lang='grc' dir='ltr'>ἀλλὰ</span> <span class='ocrx_word' id='word_1_248' title='bbox 1807 2955 1899 3007; x_wconf 81' lang='grc' dir='ltr'>τοῦ</span> <span class='ocrx_word' id='word_1_249' title='bbox 1929 2952 2064 3006; x_wconf 85' lang='grc' dir='ltr'>Θεοῦ</span> <span class='ocrx_word' id='word_1_250' title='bbox 2092 2970 2185 3006; x_wconf 90' lang='grc' dir='ltr'>κε-</span> 
     </span>
    </p>
   </div>
   <div class='ocr_carea' id='block_1_32' title="bbox 515 3034 2181 3107">
    <p class='ocr_par' dir='ltr' id='par_1_32' title="bbox 515 3034 2181 3107">
     <span class='ocr_line' id='line_1_32' title="bbox 515 3034 2181 3107; baseline 0.001 -20"><span class='ocrx_word' id='word_1_251' title='bbox 515 3035 786 3100; x_wconf 85' lang='grc' dir='ltr'>λεύοντος,</span> <span class='ocrx_word' id='word_1_252' title='bbox 817 3036 953 3105; x_wconf 82' lang='grc' dir='ltr'>ὅπερ</span> <span class='ocrx_word' id='word_1_253' title='bbox 979 3034 1333 3105; x_wconf 78' lang='grc' dir='ltr'>παραμυθίαν</span> <span class='ocrx_word' id='word_1_254' title='bbox 1365 3034 1513 3106; x_wconf 82' lang='grc' dir='ltr'>αὐτῷ</span> <span class='ocrx_word' id='word_1_255' title='bbox 1537 3035 1636 3106; x_wconf 83' lang='grc' dir='ltr'>τὴν</span> <span class='ocrx_word' id='word_1_256' title='bbox 1664 3038 1927 3107; x_wconf 81' lang='grc' dir='ltr'>μεγίστην</span> <span class='ocrx_word' id='word_1_257' title='bbox 1956 3038 2148 3107; x_wconf 78' lang='grc' dir='ltr'>ἔφερεν</span> <span class='ocrx_word' id='word_1_258' title='bbox 2167 3052 2181 3066; x_wconf 91' lang='grc'><strong>·</strong></span> 
     </span>
    </p>
   </div>
   <div class='ocr_carea' id='block_1_33' title="bbox 517 3111 2185 3191">
    <p class='ocr_par' dir='ltr' id='par_1_33' title="bbox 517 3111 2185 3191">
     <span class='ocr_line' id='line_1_33' title="bbox 517 3111 2185 3191; baseline 0.004 -20"><span class='ocrx_word' id='word_1_259' title='bbox 517 3111 670 3181; x_wconf 78' lang='grc' dir='ltr'>οἶῖτος</span> <span class='ocrx_word' id='word_1_260' title='bbox 705 3119 761 3171; x_wconf 83' lang='grc' dir='ltr'>δέ</span> <span class='ocrx_word' id='word_1_261' title='bbox 794 3117 1020 3186; x_wconf 84' lang='grc' dir='ltr'>ἀδελφὺν</span> <span class='ocrx_word' id='word_1_262' title='bbox 1066 3114 1284 3185; x_wconf 81' lang='grc' dir='ltr'>φεύγων</span> <span class='ocrx_word' id='word_1_263' title='bbox 1327 3116 1748 3172; x_wconf 88' lang='grc' dir='ltr'>ἐπιϐουλεύοντα</span> <span class='ocrx_word' id='word_1_264' title='bbox 1793 3122 1889 3174; x_wconf 72' lang='grc' dir='ltr'>καὶ</span> <span class='ocrx_word' id='word_1_265' title='bbox 1936 3124 2185 3191; x_wconf 87' lang='grc' dir='ltr'>φονῶντα</span> 
     </span>
    </p>
   </div>
   <div class='ocr_carea' id='block_1_34' title="bbox 519 3199 2185 3275">
    <p class='ocr_par' dir='ltr' id='par_1_34' title="bbox 519 3199 2185 3275">
     <span class='ocr_line' id='line_1_34' title="bbox 519 3199 2185 3275; baseline 0.003 -20"><span class='ocrx_word' id='word_1_266' title='bbox 519 3202 644 3256; x_wconf 79' lang='grc' dir='ltr'>κατ’</span> <span class='ocrx_word' id='word_1_267' title='bbox 677 3199 841 3254; x_wconf 84' lang='grc' dir='ltr'>αὑτοῦ</span> <span class='ocrx_word' id='word_1_268' title='bbox 860 3216 874 3231; x_wconf 74' lang='grc' dir='ltr'><strong>ο</strong></span> <span class='ocrx_word' id='word_1_269' title='bbox 914 3200 1168 3263; x_wconf 84' lang='grc' dir='ltr'>κάκεῖνος</span> <span class='ocrx_word' id='word_1_270' title='bbox 1193 3200 1290 3270; x_wconf 84' lang='grc' dir='ltr'>μὲν</span> <span class='ocrx_word' id='word_1_271' title='bbox 1315 3199 1571 3254; x_wconf 83' lang='grc' dir='ltr'>οὐδέποτε</span> <span class='ocrx_word' id='word_1_272' title='bbox 1594 3202 1736 3274; x_wconf 80' lang='grc' dir='ltr'>ὑπὲρ</span> <span class='ocrx_word' id='word_1_273' title='bbox 1762 3204 1860 3275; x_wconf 83' lang='grc' dir='ltr'>τῆς</span> <span class='ocrx_word' id='word_1_274' title='bbox 1882 3207 1991 3258; x_wconf 84' lang='grc' dir='ltr'>τῶν</span> <span class='ocrx_word' id='word_1_275' title='bbox 2013 3207 2185 3274; x_wconf 85' lang='grc' dir='ltr'>ἀναγ-</span> 
     </span>
    </p>
   </div>
   <div class='ocr_carea' id='block_1_35' title="bbox 519 3277 2187 3359">
    <p class='ocr_par' dir='ltr' id='par_1_35' title="bbox 519 3277 2187 3359">
     <span class='ocr_line' id='line_1_35' title="bbox 519 3277 2187 3359; baseline 0.002 -21"><span class='ocrx_word' id='word_1_276' title='bbox 519 3284 691 3339; x_wconf 83' lang='grc' dir='ltr'>καίων</span> <span class='ocrx_word' id='word_1_277' title='bbox 709 3285 971 3357; x_wconf 82' lang='grc' dir='ltr'>χορηγίας</span> <span class='ocrx_word' id='word_1_278' title='bbox 996 3282 1260 3354; x_wconf 84' lang='grc' dir='ltr'>ὠδύρετο·</span> <span class='ocrx_word' id='word_1_279' title='bbox 1292 3277 1445 3347; x_wconf 77' lang='grc' dir='ltr'>οὗτος</span> <span class='ocrx_word' id='word_1_280' title='bbox 1473 3285 1531 3337; x_wconf 85' lang='grc' dir='ltr'>δὲ</span> <span class='ocrx_word' id='word_1_281' title='bbox 1564 3286 1850 3357; x_wconf 84' lang='grc' dir='ltr'>ἀγαπητὸν</span> <span class='ocrx_word' id='word_1_282' title='bbox 1876 3291 2066 3359; x_wconf 63' lang='grc' dir='ltr'>ἡγεῖτο</span> <span class='ocrx_word' id='word_1_283' title='bbox 2093 3291 2187 3344; x_wconf 76' lang='grc' dir='ltr'>καὶ</span> 
     </span>
    </p>
   </div>
   <div class='ocr_carea' id='block_1_36' title="bbox 519 3365 2184 3441">
    <p class='ocr_par' dir='ltr' id='par_1_36' title="bbox 519 3365 2184 3441">
     <span class='ocr_line' id='line_1_36' title="bbox 519 3365 2184 3441; baseline 0.003 -20"><span class='ocrx_word' id='word_1_284' title='bbox 519 3368 734 3430; x_wconf 78' lang='grc' dir='ltr'>εὐκτὸν,</span> <span class='ocrx_word' id='word_1_285' title='bbox 762 3367 824 3420; x_wconf 83' lang='grc' dir='ltr'>τὸ</span> <span class='ocrx_word' id='word_1_286' title='bbox 862 3365 1074 3435; x_wconf 77' lang='grc' dir='ltr'>ἱματίου</span> <span class='ocrx_word' id='word_1_287' title='bbox 1102 3367 1200 3420; x_wconf 74' lang='grc' dir='ltr'>καί</span> <span class='ocrx_word' id='word_1_288' title='bbox 1224 3366 1391 3437; x_wconf 74' lang='grc' dir='ltr'>ἄρτου</span> <span class='ocrx_word' id='word_1_289' title='bbox 1414 3367 1728 3439; x_wconf 69' lang='grc' dir='ltr'>ἐὐπορῆσαι</span> <span class='ocrx_word' id='word_1_290' title='bbox 1758 3370 1936 3441; x_wconf 88' lang='grc' dir='ltr'>μόνον.</span> <span class='ocrx_word' id='word_1_291' title='bbox 1970 3374 2184 3426; x_wconf 84' lang='grc' dir='ltr'>Διασω-</span> 
     </span>
    </p>
   </div>
   <div class='ocr_carea' id='block_1_37' title="bbox 522 3449 2188 3525">
    <p class='ocr_par' dir='ltr' id='par_1_37' title="bbox 522 3449 2188 3525">
     <span class='ocr_line' id='line_1_37' title="bbox 522 3449 2188 3525; baseline 0.004 -21"><span class='ocrx_word' id='word_1_292' title='bbox 522 3449 638 3514; x_wconf 74' lang='grc' dir='ltr'>θεὶς</span> <span class='ocrx_word' id='word_1_293' title='bbox 656 3450 733 3515; x_wconf 84' lang='grc' dir='ltr'>δὲ,</span> <span class='ocrx_word' id='word_1_294' title='bbox 764 3451 860 3504; x_wconf 75' lang='grc' dir='ltr'>καὶ</span> <span class='ocrx_word' id='word_1_295' title='bbox 884 3450 990 3503; x_wconf 87' lang='grc' dir='ltr'>τῶν</span> <span class='ocrx_word' id='word_1_296' title='bbox 1018 3449 1119 3520; x_wconf 82' lang='grc' dir='ltr'>τῆς</span> <span class='ocrx_word' id='word_1_297' title='bbox 1144 3449 1451 3520; x_wconf 82' lang='grc' dir='ltr'>ὁδοιπορίας</span> <span class='ocrx_word' id='word_1_298' title='bbox 1474 3453 1665 3506; x_wconf 86' lang='grc' dir='ltr'>κακῶν</span> <span class='ocrx_word' id='word_1_299' title='bbox 1690 3455 2026 3525; x_wconf 80' lang='grc' dir='ltr'>ἀπαλλαγεὶς</span> <span class='ocrx_word' id='word_1_300' title='bbox 2049 3499 2064 3520; x_wconf 92' lang='grc'>,</span> <span class='ocrx_word' id='word_1_301' title='bbox 2092 3457 2188 3511; x_wconf 72' lang='grc' dir='ltr'>καὶ</span> 
     </span>
    </p>
   </div>
   <div class='ocr_carea' id='block_1_38' title="bbox 522 3530 2188 3608">
    <p class='ocr_par' dir='ltr' id='par_1_38' title="bbox 522 3530 2188 3608">
     <span class='ocr_line' id='line_1_38' title="bbox 522 3530 2188 3608; baseline 0.005 -22"><span class='ocrx_word' id='word_1_302' title='bbox 522 3531 661 3604; x_wconf 71' lang='grc' dir='ltr'>πρὸς</span> <span class='ocrx_word' id='word_1_303' title='bbox 700 3532 826 3595; x_wconf 78' lang='grc' dir='ltr'>τοὺς</span> <span class='ocrx_word' id='word_1_304' title='bbox 879 3533 1160 3600; x_wconf 78' lang='grc' dir='ltr'>συγγενεῖς</span> <span class='ocrx_word' id='word_1_305' title='bbox 1209 3530 1382 3585; x_wconf 86' lang='grc' dir='ltr'>ἐλθὼν</span> <span class='ocrx_word' id='word_1_306' title='bbox 1431 3536 1558 3598; x_wconf 80' lang='grc' dir='ltr'>τοὺς</span> <span class='ocrx_word' id='word_1_307' title='bbox 1609 3535 1796 3602; x_wconf 83' lang='grc' dir='ltr'>αὑτοῦ,</span> <span class='ocrx_word' id='word_1_308' title='bbox 1847 3539 2188 3608; x_wconf 73' lang='grc' dir='ltr'>ἠναγκάζετο</span> 
     </span>
    </p>
   </div>
   <div class='ocr_carea' id='block_1_39' title="bbox 518 3612 2188 3689">
    <p class='ocr_par' dir='ltr' id='par_1_39' title="bbox 518 3612 2188 3689">
     <span class='ocr_line' id='line_1_39' title="bbox 518 3612 2188 3689; baseline -0.004 -19"><span class='ocrx_word' id='word_1_309' title='bbox 518 3614 790 3670; x_wconf 80' lang='grc' dir='ltr'>δουλεύειν</span> <span class='ocrx_word' id='word_1_310' title='bbox 819 3616 848 3667; x_wconf 84' lang='grc' dir='ltr'>ὁ</span> <span class='ocrx_word' id='word_1_311' title='bbox 876 3615 934 3666; x_wconf 88' lang='grc' dir='ltr'>ἐν</span> <span class='ocrx_word' id='word_1_312' title='bbox 968 3612 1200 3686; x_wconf 87' lang='grc' dir='ltr'>ἀφθονίᾳ</span> <span class='ocrx_word' id='word_1_313' title='bbox 1242 3615 1478 3687; x_wconf 80' lang='grc' dir='ltr'>τοσαύτῃ</span> <span class='ocrx_word' id='word_1_314' title='bbox 1523 3619 1772 3689; x_wconf 78' lang='grc' dir='ltr'>τραφείς.</span> <span class='ocrx_word' id='word_1_315' title='bbox 1805 3615 1974 3675; x_wconf 78' lang='grc' dir='ltr'>Οἶσθα</span> <span class='ocrx_word' id='word_1_316' title='bbox 2014 3622 2072 3675; x_wconf 69' lang='grc' dir='ltr'>δὲ</span> <span class='ocrx_word' id='word_1_317' title='bbox 2106 3623 2188 3678; x_wconf 81' lang='grc' dir='ltr'>δτι</span> 
     </span>
    </p>
   </div>
   <div class='ocr_carea' id='block_1_40' title="bbox 520 3696 2185 3777">
    <p class='ocr_par' dir='ltr' id='par_1_40' title="bbox 520 3696 2185 3777">
     <span class='ocr_line' id='line_1_40' title="bbox 520 3696 2185 3777; baseline 0.005 -24"><span class='ocrx_word' id='word_1_318' title='bbox 520 3696 795 3769; x_wconf 72' lang='grc' dir='ltr'>πανταχοῦ</span> <span class='ocrx_word' id='word_1_319' title='bbox 823 3697 852 3737; x_wconf 64' lang='grc' dir='ltr'><strong>Β</strong></span> <span class='ocrx_word' id='word_1_320' title='bbox 877 3697 975 3766; x_wconf 87' lang='grc' dir='ltr'>μέν</span> <span class='ocrx_word' id='word_1_321' title='bbox 994 3697 1027 3768; x_wconf 85' lang='grc' dir='ltr'>ἡ</span> <span class='ocrx_word' id='word_1_322' title='bbox 1049 3696 1261 3751; x_wconf 88' lang='grc' dir='ltr'>δουλεία</span> <span class='ocrx_word' id='word_1_323' title='bbox 1289 3699 1486 3769; x_wconf 86' lang='grc' dir='ltr'>πικρόν</span> <span class='ocrx_word' id='word_1_324' title='bbox 1502 3715 1517 3730; x_wconf 89' lang='grc'><strong>·</strong></span> <span class='ocrx_word' id='word_1_325' title='bbox 1542 3701 1670 3755; x_wconf 78' lang='grc' dir='ltr'>ὅταν</span> <span class='ocrx_word' id='word_1_326' title='bbox 1696 3702 1754 3756; x_wconf 87' lang='grc' dir='ltr'>δέ</span> <span class='ocrx_word' id='word_1_327' title='bbox 1783 3720 1868 3767; x_wconf 90' lang='grc' dir='ltr'>τις</span> <span class='ocrx_word' id='word_1_328' title='bbox 1896 3705 2045 3777; x_wconf 86' lang='grc' dir='ltr'>παρά</span> <span class='ocrx_word' id='word_1_329' title='bbox 2075 3710 2185 3772; x_wconf 85' lang='grc' dir='ltr'>τοῖς</span> 
     </span>
    </p>
   </div>
   <div class='ocr_carea' id='block_1_41' title="bbox 520 3779 2182 3857">
    <p class='ocr_par' dir='ltr' id='par_1_41' title="bbox 520 3779 2182 3857">
     <span class='ocr_line' id='line_1_41' title="bbox 520 3779 2182 3857; baseline 0.007 -24"><span class='ocrx_word' id='word_1_330' title='bbox 520 3779 802 3851; x_wconf 81' lang='grc' dir='ltr'>ὁμοτίμοις</span> <span class='ocrx_word' id='word_1_331' title='bbox 825 3781 893 3833; x_wconf 76' lang='grc' dir='ltr'>τὰ</span> <span class='ocrx_word' id='word_1_332' title='bbox 915 3779 1023 3832; x_wconf 89' lang='grc' dir='ltr'>τῶν</span> <span class='ocrx_word' id='word_1_333' title='bbox 1046 3779 1274 3832; x_wconf 77' lang='grc' dir='ltr'>οἰκετῶν</span> <span class='ocrx_word' id='word_1_334' title='bbox 1313 3781 1604 3852; x_wconf 82' lang='grc' dir='ltr'>ὑπομένειν</span> <span class='ocrx_word' id='word_1_335' title='bbox 1636 3784 2053 3857; x_wconf 77' lang='grc' dir='ltr'>ἀναγκάζηται,</span> <span class='ocrx_word' id='word_1_336' title='bbox 2083 3791 2182 3844; x_wconf 76' lang='grc' dir='ltr'>καὶ</span> 
     </span>
    </p>
   </div>
   <div class='ocr_carea' id='block_1_42' title="bbox 518 3861 2184 3937">
    <p class='ocr_par' dir='ltr' id='par_1_42' title="bbox 518 3861 2184 3937">
     <span class='ocr_line' id='line_1_42' title="bbox 518 3861 2184 3937; baseline 0.007 -22"><span class='ocrx_word' id='word_1_337' title='bbox 518 3862 692 3916; x_wconf 85' lang='grc' dir='ltr'>ταῦτα</span> <span class='ocrx_word' id='word_1_338' title='bbox 723 3861 991 3933; x_wconf 68' lang='grc' dir='ltr'>μηδέποτε</span> <span class='ocrx_word' id='word_1_339' title='bbox 1022 3863 1119 3916; x_wconf 86' lang='grc' dir='ltr'>τοῦ</span> <span class='ocrx_word' id='word_1_340' title='bbox 1154 3863 1481 3935; x_wconf 84' lang='grc' dir='ltr'>πράγματος</span> <span class='ocrx_word' id='word_1_341' title='bbox 1510 3869 1707 3937; x_wconf 82' lang='grc' dir='ltr'>πεῖραν</span> <span class='ocrx_word' id='word_1_342' title='bbox 1738 3869 1940 3933; x_wconf 87' lang='grc' dir='ltr'>λαϐὼν,</span> <span class='ocrx_word' id='word_1_343' title='bbox 1981 3872 2099 3925; x_wconf 83' lang='grc' dir='ltr'>ἀλλ’</span> <span class='ocrx_word' id='word_1_344' title='bbox 2125 3876 2184 3928; x_wconf 86' lang='grc' dir='ltr'>ἐν</span> 
     </span>
    </p>
   </div>
   <div class='ocr_carea' id='block_1_43' title="bbox 520 3944 2186 4023">
    <p class='ocr_par' dir='ltr' id='par_1_43' title="bbox 520 3944 2186 4023">
     <span class='ocr_line' id='line_1_43' title="bbox 520 3944 2186 4023; baseline 0.007 -23"><span class='ocrx_word' id='word_1_345' title='bbox 520 3944 805 4016; x_wconf 76' lang='grc' dir='ltr'>ἐλευθερίᾳ</span> <span class='ocrx_word' id='word_1_346' title='bbox 850 3946 944 3998; x_wconf 82' lang='grc' dir='ltr'>καὶ</span> <span class='ocrx_word' id='word_1_347' title='bbox 968 3948 1147 4017; x_wconf 82' lang='grc' dir='ltr'>τρυφῇ</span> <span class='ocrx_word' id='word_1_348' title='bbox 1176 3947 1277 4015; x_wconf 83' lang='grc' dir='ltr'>τὴν</span> <span class='ocrx_word' id='word_1_349' title='bbox 1309 3948 1535 4020; x_wconf 87' lang='grc' dir='ltr'>πρώτην</span> <span class='ocrx_word' id='word_1_350' title='bbox 1584 3950 1802 4006; x_wconf 72' lang='grc' dir='ltr'>ἃπασαν</span> <span class='ocrx_word' id='word_1_351' title='bbox 1833 3952 2050 4023; x_wconf 70' lang='grc' dir='ltr'>⁴ἡλικίαν</span> <span class='ocrx_word' id='word_1_352' title='bbox 2076 3956 2186 4011; x_wconf 89' lang='grc' dir='ltr'>δια-</span> 
     </span>
    </p>
   </div>
   <div class='ocr_carea' id='block_1_44' title="bbox 517 4025 2185 4112">
    <p class='ocr_par' dir='ltr' id='par_1_44' title="bbox 517 4025 2185 4112">
     <span class='ocr_line' id='line_1_44' title="bbox 517 4025 2185 4112; baseline 0.01 -35"><span class='ocrx_word' id='word_1_353' title='bbox 517 4025 728 4112; x_wconf 78' lang='grc' dir='ltr'>γαγὼν,</span> <span class='ocrx_word' id='word_1_354' title='bbox 766 4026 1058 4112; x_wconf 10' lang='grc' dir='ltr'>ἀφόρητον,</span> <span class='ocrx_word' id='word_1_355' title='bbox 1087 4029 1292 4112; x_wconf 80' lang='grc' dir='ltr'>γίνεται</span> <span class='ocrx_word' id='word_1_356' title='bbox 1327 4030 1390 4084; x_wconf 84' lang='grc' dir='ltr'>τὸ</span> <span class='ocrx_word' id='word_1_357' title='bbox 1424 4031 1595 4085; x_wconf 81' lang='grc' dir='ltr'>δεινόν</span> <span class='ocrx_word' id='word_1_358' title='bbox 1616 4051 1629 4066; x_wconf 96' lang='grc'><strong>·</strong></span> <span class='ocrx_word' id='word_1_359' title='bbox 1678 4035 1793 4090; x_wconf 84' lang='grc' dir='ltr'>ἀλλ’</span> <span class='ocrx_word' id='word_1_360' title='bbox 1831 4037 1981 4107; x_wconf 84' lang='grc' dir='ltr'>ὅμως</span> <span class='ocrx_word' id='word_1_361' title='bbox 2025 4039 2185 4112; x_wconf 79' lang='grc' dir='ltr'>ἔφερε</span> 
     </span>
    </p>
   </div>
   <div class='ocr_carea' id='block_1_45' title="bbox 519 4108 2185 4190">
    <p class='ocr_par' dir='ltr' id='par_1_45' title="bbox 519 4108 2185 4190">
     <span class='ocr_line' id='line_1_45' title="bbox 519 4108 2185 4190; baseline 0.007 -27"><span class='ocrx_word' id='word_1_362' title='bbox 519 4108 699 4165; x_wconf 82' lang='grc' dir='ltr'>πάντα</span> <span class='ocrx_word' id='word_1_363' title='bbox 713 4109 996 4177; x_wconf 83' lang='grc' dir='ltr'>γενναίως.</span> <span class='ocrx_word' id='word_1_364' title='bbox 1024 4111 1132 4165; x_wconf 76' lang='grc' dir='ltr'>Καὶ</span> <span class='ocrx_word' id='word_1_365' title='bbox 1157 4112 1255 4176; x_wconf 88' lang='grc' dir='ltr'>τάς</span> <span class='ocrx_word' id='word_1_366' title='bbox 1281 4115 1339 4167; x_wconf 86' lang='grc' dir='ltr'>ἐν</span> <span class='ocrx_word' id='word_1_367' title='bbox 1367 4115 1432 4185; x_wconf 77' lang='grc' dir='ltr'>τῇ</span> <span class='ocrx_word' id='word_1_368' title='bbox 1459 4121 1788 4190; x_wconf 77' lang='grc' dir='ltr'>ποιμαντικῇ</span> <span class='ocrx_word' id='word_1_369' title='bbox 1812 4119 1977 4172; x_wconf 80' lang='grc' dir='ltr'>αὑτοῦ</span> <span class='ocrx_word' id='word_1_370' title='bbox 1994 4108 2185 4174; x_wconf 80' lang='grc' dir='ltr'>,ταλαι-</span> 
     </span>
    </p>
   </div>
   <div class='ocr_carea' id='block_1_46' title="bbox 518 4192 2183 4274">
    <p class='ocr_par' dir='ltr' id='par_1_46' title="bbox 518 4192 2183 4274">
     <span class='ocr_line' id='line_1_46' title="bbox 518 4192 2183 4274; baseline 0.01 -30"><span class='ocrx_word' id='word_1_371' title='bbox 518 4192 734 4263; x_wconf 88' lang='grc' dir='ltr'>πωρίας</span> <span class='ocrx_word' id='word_1_372' title='bbox 753 4192 973 4257; x_wconf 85' lang='grc' dir='ltr'>ἀκούεις</span> <span class='ocrx_word' id='word_1_373' title='bbox 994 4193 1348 4266; x_wconf 83' lang='grc' dir='ltr'>διηγουμένου</span> <span class='ocrx_word' id='word_1_374' title='bbox 1371 4236 1385 4261; x_wconf 91' lang='grc'>,</span> <span class='ocrx_word' id='word_1_375' title='bbox 1433 4200 1528 4254; x_wconf 83' lang='grc' dir='ltr'>καὶ</span> <span class='ocrx_word' id='word_1_376' title='bbox 1552 4199 1834 4270; x_wconf 76' lang='grc' dir='ltr'>λέγοντοςο</span> <span class='ocrx_word' id='word_1_377' title='bbox 1877 4203 2026 4274; x_wconf 76' lang='grc' dir='ltr'>Ἐγὼ</span> <span class='ocrx_word' id='word_1_378' title='bbox 2070 4206 2183 4260; x_wconf 77' lang='grc' dir='ltr'>ἀπ-</span> 
     </span>
    </p>
   </div>
   <div class='ocr_carea' id='block_1_47' title="bbox 516 4279 2184 4362">
    <p class='ocr_par' dir='ltr' id='par_1_47' title="bbox 516 4279 2184 4362">
     <span class='ocr_line' id='line_1_47' title="bbox 516 4279 2184 4362; baseline 0.008 -30"><span class='ocrx_word' id='word_1_379' title='bbox 516 4279 798 4334; x_wconf 77' lang='grc' dir='ltr'>ετίννυον</span> <span class='ocrx_word' id='word_1_380' title='bbox 823 4283 960 4350; x_wconf 82' lang='grc' dir='ltr'>παρ’</span> <span class='ocrx_word' id='word_1_381' title='bbox 984 4281 1257 4352; x_wconf 77' lang='grc' dir='ltr'>,ἐμαυτοῦ</span> <span class='ocrx_word' id='word_1_382' title='bbox 1288 4285 1597 4357; x_wconf 72' lang='grc' dir='ltr'>κλέμματα</span> <span class='ocrx_word' id='word_1_383' title='bbox 1632 4289 1856 4361; x_wconf 73' lang='grc' dir='ltr'>ἡμέρας</span> <span class='ocrx_word' id='word_1_384' title='bbox 1883 4292 1982 4347; x_wconf 80' lang='grc' dir='ltr'>καί</span> <span class='ocrx_word' id='word_1_385' title='bbox 2004 4291 2184 4362; x_wconf 56' lang='grc' dir='ltr'>κλέμ.</span> 
     </span>
    </p>
   </div>
   <div class='ocr_carea' id='block_1_48' title="bbox 511 4369 2182 4449">
    <p class='ocr_par' dir='ltr' id='par_1_48' title="bbox 511 4369 2182 4449">
     <span class='ocr_line' id='line_1_48' title="bbox 511 4369 2182 4449; baseline 0.007 -29"><span class='ocrx_word' id='word_1_386' title='bbox 511 4382 671 4437; x_wconf 83' lang='grc' dir='ltr'>ματα</span> <span class='ocrx_word' id='word_1_387' title='bbox 707 4369 957 4435; x_wconf 81' lang='grc' dir='ltr'>νυκτός·</span> <span class='ocrx_word' id='word_1_388' title='bbox 1007 4371 1301 4441; x_wconf 73' lang='grc' dir='ltr'>ἐγενόμην</span> <span class='ocrx_word' id='word_1_389' title='bbox 1336 4376 1775 4445; x_wconf 79' lang='grc' dir='ltr'>συγκαιόμενος</span> <span class='ocrx_word' id='word_1_390' title='bbox 1816 4378 1898 4445; x_wconf 85' lang='grc' dir='ltr'>τῷ</span> <span class='ocrx_word' id='word_1_391' title='bbox 1929 4380 2182 4449; x_wconf 79' lang='grc' dir='ltr'>καύματι</span> 
     </span>
    </p>
   </div>
   <div class='ocr_carea' id='block_1_49' title="bbox 516 4453 2187 4536">
    <p class='ocr_par' dir='ltr' id='par_1_49' title="bbox 516 4453 2187 4536">
     <span class='ocr_line' id='line_1_49' title="bbox 516 4453 2187 4536; baseline 0.008 -28"><span class='ocrx_word' id='word_1_392' title='bbox 516 4453 630 4523; x_wconf 80' lang='grc' dir='ltr'>τῆς</span> <span class='ocrx_word' id='word_1_393' title='bbox 650 4454 876 4525; x_wconf 75' lang='grc' dir='ltr'>ἡμέρας</span> <span class='ocrx_word' id='word_1_394' title='bbox 903 4456 999 4510; x_wconf 79' lang='grc' dir='ltr'>καὶ</span> <span class='ocrx_word' id='word_1_395' title='bbox 1020 4456 1101 4523; x_wconf 86' lang='grc' dir='ltr'>τῷ</span> <span class='ocrx_word' id='word_1_396' title='bbox 1121 4458 1354 4529; x_wconf 79' lang='grc' dir='ltr'>παγετῷ</span> <span class='ocrx_word' id='word_1_397' title='bbox 1375 4459 1488 4530; x_wconf 81' lang='grc' dir='ltr'>τῆς</span> <span class='ocrx_word' id='word_1_398' title='bbox 1507 4463 1749 4530; x_wconf 77' lang='grc' dir='ltr'>νυκτὸς,</span> <span class='ocrx_word' id='word_1_399' title='bbox 1770 4465 1868 4519; x_wconf 83' lang='grc' dir='ltr'>καὶ</span> <span class='ocrx_word' id='word_1_400' title='bbox 1890 4465 2187 4536; x_wconf 64' lang='grc' dir='ltr'>ἀφίστατο</span> 
     </span>
    </p>
   </div>
   <div class='ocr_carea' id='block_1_50' title="bbox 516 4540 2186 4623">
    <p class='ocr_par' dir='ltr' id='par_1_50' title="bbox 516 4540 2186 4623">
     <span class='ocr_line' id='line_1_50' title="bbox 516 4540 2186 4623; baseline 0.008 -28"><span class='ocrx_word' id='word_1_401' title='bbox 516 4543 553 4595; x_wconf 81' lang='grc' dir='ltr'><em>ὁ</em></span> <span class='ocrx_word' id='word_1_402' title='bbox 579 4540 773 4607; x_wconf 82' lang='grc' dir='ltr'>ὕπνος</span> <span class='ocrx_word' id='word_1_403' title='bbox 811 4541 931 4596; x_wconf 81' lang='grc' dir='ltr'>ἀπὸ</span> <span class='ocrx_word' id='word_1_404' title='bbox 968 4542 1086 4598; x_wconf 77' lang='grc' dir='ltr'>τῶν</span> <span class='ocrx_word' id='word_1_405' title='bbox 1119 4546 1444 4616; x_wconf 74' lang='grc' dir='ltr'>ὀφθαλμῶν</span> <span class='ocrx_word' id='word_1_406' title='bbox 1481 4566 1622 4617; x_wconf 84' lang='grc' dir='ltr'>μου.</span> <span class='ocrx_word' id='word_1_407' title='bbox 1658 4549 1846 4606; x_wconf 86' lang='grc' dir='ltr'>Ταῦτά</span> <span class='ocrx_word' id='word_1_408' title='bbox 1887 4570 1978 4623; x_wconf 92' lang='grc' dir='ltr'>μοι</span> <span class='ocrx_word' id='word_1_409' title='bbox 2014 4553 2186 4608; x_wconf 72' lang='grc' dir='ltr'>εἴκοσι</span> 
     </span>
    </p>
   </div>
   <div class='ocr_carea' id='block_1_51' title="bbox 510 4625 2187 4709">
    <p class='ocr_par' dir='ltr' id='par_1_51' title="bbox 510 4625 2187 4709">
     <span class='ocr_line' id='line_1_51' title="bbox 510 4625 2187 4709; baseline 0.008 -27"><span class='ocrx_word' id='word_1_410' title='bbox 510 4625 635 4698; x_wconf 69' lang='grc' dir='ltr'>ἔτη.</span> <span class='ocrx_word' id='word_1_411' title='bbox 676 4627 863 4682; x_wconf 88' lang='grc' dir='ltr'>Ταῦτα</span> <span class='ocrx_word' id='word_1_412' title='bbox 897 4628 1134 4700; x_wconf 79' lang='grc' dir='ltr'>ἔπασχεν</span> <span class='ocrx_word' id='word_1_413' title='bbox 1171 4632 1200 4684; x_wconf 98' lang='lat'>6</span> <span class='ocrx_word' id='word_1_414' title='bbox 1230 4633 1321 4686; x_wconf 83' lang='grc' dir='ltr'>τὸν</span> <span class='ocrx_word' id='word_1_415' title='bbox 1359 4633 1636 4690; x_wconf 78' lang='grc' dir='ltr'>ἄπλαστον</span> <span class='ocrx_word' id='word_1_416' title='bbox 1671 4636 1785 4708; x_wconf 89' lang='grc' dir='ltr'>βίον</span> <span class='ocrx_word' id='word_1_417' title='bbox 1821 4638 2121 4709; x_wconf 85' lang='grc' dir='ltr'>βεϐιωκὼς,</span> <span class='ocrx_word' id='word_1_418' title='bbox 2157 4643 2187 4695; x_wconf 83' lang='grc' dir='ltr'>ὁ</span> 
     </span>
    </p>
   </div>
   <div class='ocr_carea' id='block_1_52' title="bbox 512 4716 2186 4800">
    <p class='ocr_par' dir='ltr' id='par_1_52' title="bbox 512 4716 2186 4800">
     <span class='ocr_line' id='line_1_52' title="bbox 512 4716 2186 4800; baseline 0.009 -32"><span class='ocrx_word' id='word_1_419' title='bbox 512 4716 951 4788; x_wconf 61' lang='grc' dir='ltr'>οίκίανλοίκήσας</span> <span class='ocrx_word' id='word_1_420' title='bbox 969 4717 1263 4784; x_wconf 81' lang='grc' dir='ltr'>διαπαντὸς</span> <span class='ocrx_word' id='word_1_421' title='bbox 1282 4760 1296 4785; x_wconf 89' lang='grc'>,</span> <span class='ocrx_word' id='word_1_422' title='bbox 1330 4721 1428 4775; x_wconf 82' lang='grc' dir='ltr'>καὶ</span> <span class='ocrx_word' id='word_1_423' title='bbox 1459 4724 1598 4793; x_wconf 86' lang='grc' dir='ltr'>μετὰ</span> <span class='ocrx_word' id='word_1_424' title='bbox 1621 4726 1748 4789; x_wconf 85' lang='grc' dir='ltr'>τοὺς</span> <span class='ocrx_word' id='word_1_425' title='bbox 1776 4726 2066 4792; x_wconf 82' lang='grc' dir='ltr'>τοσούτους</span> <span class='ocrx_word' id='word_1_426' title='bbox 2089 4730 2186 4800; x_wconf 79' lang='grc' dir='ltr'>μό-</span> 
     </span>
    </p>
   </div>
   <div class='ocr_carea' id='block_1_53' title="bbox 516 4802 2187 4888">
    <p class='ocr_par' dir='ltr' id='par_1_53' title="bbox 516 4802 2187 4888">
     <span class='ocr_line' id='line_1_53' title="bbox 516 4802 2187 4888; baseline 0.011 -33"><span class='ocrx_word' id='word_1_427' title='bbox 516 4802 683 4875; x_wconf 86' lang='grc' dir='ltr'>χθους</span> <span class='ocrx_word' id='word_1_428' title='bbox 701 4804 918 4868; x_wconf 73' lang='grc' dir='ltr'>καὶτὰς</span> <span class='ocrx_word' id='word_1_429' title='bbox 947 4803 1153 4876; x_wconf 79' lang='grc' dir='ltr'>ζημίας</span> <span class='ocrx_word' id='word_1_430' title='bbox 1178 4809 1273 4861; x_wconf 77' lang='grc' dir='ltr'>καὶ</span> <span class='ocrx_word' id='word_1_431' title='bbox 1299 4809 1392 4863; x_wconf 80' lang='grc' dir='ltr'>τὸν</span> <span class='ocrx_word' id='word_1_432' title='bbox 1420 4811 1588 4865; x_wconf 86' lang='grc' dir='ltr'>πολὺν</span> <span class='ocrx_word' id='word_1_433' title='bbox 1618 4815 1810 4884; x_wconf 84' lang='grc' dir='ltr'>χρόνον</span> <span class='ocrx_word' id='word_1_434' title='bbox 1832 4817 2057 4883; x_wconf 88' lang='grc' dir='ltr'>ἐκεῖνον,</span> <span class='ocrx_word' id='word_1_435' title='bbox 2088 4819 2187 4888; x_wconf 80' lang='grc' dir='ltr'>τὴν</span> 
     </span>
    </p>
   </div>
   <div class='ocr_carea' id='block_1_54' title="bbox 517 4891 2186 4978">
    <p class='ocr_par' dir='ltr' id='par_1_54' title="bbox 517 4891 2186 4978">
     <span class='ocr_line' id='line_1_54' title="bbox 517 4891 2186 4978; baseline 0.008 -33"><span class='ocrx_word' id='word_1_436' title='bbox 517 4891 726 4964; x_wconf 86' lang='grc' dir='ltr'>πικρὰν</span> <span class='ocrx_word' id='word_1_437' title='bbox 764 4892 982 4964; x_wconf 85' lang='grc' dir='ltr'>ἀπάτην</span> <span class='ocrx_word' id='word_1_438' title='bbox 1018 4894 1278 4966; x_wconf 82' lang='grc' dir='ltr'>ὑπέμεινε</span> <span class='ocrx_word' id='word_1_439' title='bbox 1325 4897 1425 4969; x_wconf 84' lang='grc' dir='ltr'>τὴν</span> <span class='ocrx_word' id='word_1_440' title='bbox 1472 4900 1564 4954; x_wconf 79' lang='grc' dir='ltr'>ἐπὶ</span> <span class='ocrx_word' id='word_1_441' title='bbox 1596 4903 1662 4972; x_wconf 81' lang='grc' dir='ltr'>τῇ</span> <span class='ocrx_word' id='word_1_442' title='bbox 1696 4904 1937 4971; x_wconf 90' lang='grc' dir='ltr'>γυναικί.</span> <span class='ocrx_word' id='word_1_443' title='bbox 1977 4903 2044 4958; x_wconf 71' lang='lat' dir='ltr'>Et</span> <span class='ocrx_word' id='word_1_444' title='bbox 2078 4905 2186 4978; x_wconf 84' lang='grc' dir='ltr'>γὰρ</span> 
     </span>
    </p>
   </div>
   <div class='ocr_carea' id='block_1_55' title="bbox 518 4979 2183 5062">
    <p class='ocr_par' dir='ltr' id='par_1_55' title="bbox 518 4979 2183 5062">
     <span class='ocr_line' id='line_1_55' title="bbox 518 4979 2183 5062; baseline 0.01 -30"><span class='ocrx_word' id='word_1_445' title='bbox 518 4979 595 5052; x_wconf 81' lang='grc' dir='ltr'>μὴ</span> <span class='ocrx_word' id='word_1_446' title='bbox 628 4980 965 5036; x_wconf 86' lang='grc' dir='ltr'>δεδουλεύκει</span> <span class='ocrx_word' id='word_1_447' title='bbox 999 4983 1068 5037; x_wconf 84' lang='grc' dir='ltr'>τὰ</span> <span class='ocrx_word' id='word_1_448' title='bbox 1095 4985 1234 5038; x_wconf 82' lang='grc' dir='ltr'>ἐπτά</span> <span class='ocrx_word' id='word_1_449' title='bbox 1281 4985 1396 5058; x_wconf 84' lang='grc' dir='ltr'>ἐτη,</span> <span class='ocrx_word' id='word_1_450' title='bbox 1438 4989 1487 5041; x_wconf 90' lang='grc' dir='ltr'>εί</span> <span class='ocrx_word' id='word_1_451' title='bbox 1520 4990 1629 5062; x_wconf 84' lang='grc' dir='ltr'>γὰρ</span> <span class='ocrx_word' id='word_1_452' title='bbox 1656 4992 1827 5062; x_wconf 83' lang='grc' dir='ltr'>μηδὲν</span> <span class='ocrx_word' id='word_1_453' title='bbox 1858 4986 1933 5046; x_wconf 76' lang='grc' dir='ltr'>ὧν</span> <span class='ocrx_word' id='word_1_454' title='bbox 1964 4994 2183 5047; x_wconf 84' lang='grc' dir='ltr'>ἀπωδύ-</span> 
     </span>
    </p>
   </div>
   <div class='ocr_carea' id='block_1_56' title="bbox 517 5068 2185 5152">
    <p class='ocr_par' dir='ltr' id='par_1_56' title="bbox 517 5068 2185 5152">
     <span class='ocr_line' id='line_1_56' title="bbox 517 5068 2185 5152; baseline 0.01 -33"><span class='ocrx_word' id='word_1_455' title='bbox 517 5085 651 5134; x_wconf 88' lang='grc' dir='ltr'>ρατο</span> <span class='ocrx_word' id='word_1_456' title='bbox 672 5068 814 5139; x_wconf 77' lang='grc' dir='ltr'>πρὸς</span> <span class='ocrx_word' id='word_1_457' title='bbox 833 5070 926 5123; x_wconf 78' lang='grc' dir='ltr'>τὸν</span> <span class='ocrx_word' id='word_1_458' title='bbox 947 5070 1213 5143; x_wconf 81' lang='grc' dir='ltr'>κηδεστὴν</span> <span class='ocrx_word' id='word_1_459' title='bbox 1242 5072 1463 5141; x_wconf 74' lang='grc' dir='ltr'>ἔπαθεν,</span> <span class='ocrx_word' id='word_1_460' title='bbox 1496 5080 1545 5131; x_wconf 83' lang='grc' dir='ltr'>εί</span> <span class='ocrx_word' id='word_1_461' title='bbox 1568 5078 1677 5149; x_wconf 84' lang='grc' dir='ltr'>γὰρ</span> <span class='ocrx_word' id='word_1_462' title='bbox 1700 5081 1776 5151; x_wconf 80' lang='grc' dir='ltr'>μὴ</span> <span class='ocrx_word' id='word_1_463' title='bbox 1799 5082 1908 5152; x_wconf 79' lang='grc' dir='ltr'>ἦρα</span> <span class='ocrx_word' id='word_1_464' title='bbox 1927 5081 2027 5151; x_wconf 78' lang='grc' dir='ltr'>τῆς</span> <span class='ocrx_word' id='word_1_465' title='bbox 2056 5099 2185 5134; x_wconf 84' lang='grc' dir='ltr'>παι-</span> 
     </span>
    </p>
   </div>
   <div class='ocr_carea' id='block_1_57' title="bbox 513 5154 2185 5241">
    <p class='ocr_par' dir='ltr' id='par_1_57' title="bbox 513 5154 2185 5241">
     <span class='ocr_line' id='line_1_57' title="bbox 513 5154 2185 5241; baseline 0.01 -34"><span class='ocrx_word' id='word_1_466' title='bbox 513 5154 623 5219; x_wconf 80' lang='grc' dir='ltr'>δὸς,</span> <span class='ocrx_word' id='word_1_467' title='bbox 642 5157 772 5209; x_wconf 79' lang='grc' dir='ltr'>αὐτὸ</span> <span class='ocrx_word' id='word_1_468' title='bbox 791 5157 1032 5227; x_wconf 86' lang='grc' dir='ltr'>μόνοντὸ</span> <span class='ocrx_word' id='word_1_469' title='bbox 1055 5162 1495 5235; x_wconf 84' lang='grc' dir='ltr'>κατεγγυηθῆναι</span> <span class='ocrx_word' id='word_1_470' title='bbox 1525 5167 1915 5241; x_wconf 66' lang='grc' dir='ltr'>μὲναὺτῷστὴν</span> <span class='ocrx_word' id='word_1_471' title='bbox 1939 5169 2148 5240; x_wconf 78' lang='grc' dir='ltr'>ἀμείνω</span> <span class='ocrx_word' id='word_1_472' title='bbox 2169 5210 2185 5236; x_wconf 91' lang='grc'>,</span> 
     </span>
    </p>
   </div>
   <div class='ocr_carea' id='block_1_58' title="bbox 511 5241 2185 5329">
    <p class='ocr_par' dir='ltr' id='par_1_58' title="bbox 511 5241 2185 5329">
     <span class='ocr_line' id='line_1_58' title="bbox 511 5241 2185 5329; baseline 0.01 -35"><span class='ocrx_word' id='word_1_473' title='bbox 511 5241 736 5312; x_wconf 80' lang='grc' dir='ltr'>δοθῆναι</span> <span class='ocrx_word' id='word_1_474' title='bbox 763 5244 820 5298; x_wconf 83' lang='grc' dir='ltr'>δὲ</span> <span class='ocrx_word' id='word_1_475' title='bbox 841 5244 941 5316; x_wconf 79' lang='grc' dir='ltr'>τὴν</span> <span class='ocrx_word' id='word_1_476' title='bbox 962 5246 1300 5320; x_wconf 86' lang='grc' dir='ltr'>φαυλοτέραν</span> <span class='ocrx_word' id='word_1_477' title='bbox 1320 5251 1436 5305; x_wconf 82' lang='grc' dir='ltr'>ἀντ’</span> <span class='ocrx_word' id='word_1_478' title='bbox 1460 5253 1697 5324; x_wconf 85' lang='grc' dir='ltr'>ἐκείνης,</span> <span class='ocrx_word' id='word_1_479' title='bbox 1722 5256 1898 5329; x_wconf 87' lang='grc' dir='ltr'>πόσην</span> <span class='ocrx_word' id='word_1_480' title='bbox 1924 5257 2185 5328; x_wconf 79' lang='grc' dir='ltr'>ἀθυμίαν,</span> 
     </span>
    </p>
   </div>
   <div class='ocr_carea' id='block_1_59' title="bbox 514 5330 2184 5417">
    <p class='ocr_par' dir='ltr' id='par_1_59' title="bbox 514 5330 2184 5417">
     <span class='ocr_line' id='line_1_59' title="bbox 514 5330 2184 5417; baseline 0.008 -36"><span class='ocrx_word' id='word_1_481' title='bbox 514 5330 682 5417; x_wconf 81' lang='grc' dir='ltr'>πόσον</span> <span class='ocrx_word' id='word_1_482' title='bbox 728 5331 973 5403; x_wconf 85' lang='grc' dir='ltr'>θόρυϐον,</span> <span class='ocrx_word' id='word_1_483' title='bbox 1023 5334 1197 5406; x_wconf 87' lang='grc' dir='ltr'>πόσην</span> <span class='ocrx_word' id='word_1_484' title='bbox 1236 5337 1499 5409; x_wconf 86' lang='grc' dir='ltr'>ἐπήρειαν</span> <span class='ocrx_word' id='word_1_485' title='bbox 1544 5345 1776 5414; x_wconf 86' lang='grc' dir='ltr'>παρεῖχε</span> <span class='ocrx_word' id='word_1_486' title='bbox 1814 5344 1893 5415; x_wconf 85' lang='grc' dir='ltr'>τῷ</span> <span class='ocrx_word' id='word_1_487' title='bbox 1930 5343 2184 5417; x_wconf 78' lang='grc' dir='ltr'>μακαρίῳ</span> 
     </span>
    </p>
   </div>
   <div class='ocr_carea' id='block_1_60' title="bbox 513 5416 2183 5505">
    <p class='ocr_par' dir='ltr' id='par_1_60' title="bbox 513 5416 2183 5505">
     <span class='ocr_line' id='line_1_60' title="bbox 513 5416 2183 5505; baseline 0.01 -35"><span class='ocrx_word' id='word_1_488' title='bbox 513 5416 636 5471; x_wconf 75' lang='grc' dir='ltr'>τότε</span> <span class='ocrx_word' id='word_1_489' title='bbox 660 5419 852 5490; x_wconf 83' lang='grc' dir='ltr'>ἐκείνῳ</span> <span class='ocrx_word' id='word_1_490' title='bbox 869 5419 1104 5485; x_wconf 72' lang='grc' dir='ltr'>ι’Ἂλλος</span> <span class='ocrx_word' id='word_1_491' title='bbox 1127 5423 1226 5494; x_wconf 86' lang='grc' dir='ltr'>μὲν</span> <span class='ocrx_word' id='word_1_492' title='bbox 1245 5419 1340 5478; x_wconf 84' lang='grc' dir='ltr'>οὖν</span> <span class='ocrx_word' id='word_1_493' title='bbox 1365 5426 1519 5491; x_wconf 76' lang='grc' dir='ltr'>εἴτις</span> <span class='ocrx_word' id='word_1_494' title='bbox 1537 5423 1629 5499; x_wconf 77' lang='grc' dir='ltr'>ἦν,</span> <span class='ocrx_word' id='word_1_495' title='bbox 1655 5430 1755 5484; x_wconf 78' lang='grc' dir='ltr'>οὐκ</span> <span class='ocrx_word' id='word_1_496' title='bbox 1777 5431 1841 5485; x_wconf 85' lang='grc' dir='ltr'>ἂν</span> <span class='ocrx_word' id='word_1_497' title='bbox 1866 5433 2065 5505; x_wconf 72' lang='grc' dir='ltr'>ῥᾳδίως</span> <span class='ocrx_word' id='word_1_498' title='bbox 2085 5416 2183 5503; x_wconf 77' lang='grc' dir='ltr'>τὴν</span> 
     </span>
    </p>
   </div>
   <div class='ocr_carea' id='block_1_61' title="bbox 577 5617 1509 5682">
    <p class='ocr_par' dir='ltr' id='par_1_61' title="bbox 577 5617 1509 5682">
     <span class='ocr_line' id='line_1_61' title="bbox 577 5617 1509 5682; baseline 0.011 -17"><span class='ocrx_word' id='word_1_499' title='bbox 577 5618 604 5682; x_wconf 74' lang='lat'>_‘</span> <span class='ocrx_word' id='word_1_500' title='bbox 630 5617 779 5682; x_wconf 62' lang='lat' dir='ltr'>Sari}.</span> <span class='ocrx_word' id='word_1_501' title='bbox 806 5620 832 5667; x_wconf 81' lang='grc' dir='ltr'>ὅ</span> <span class='ocrx_word' id='word_1_502' title='bbox 853 5621 933 5668; x_wconf 83' lang='grc' dir='ltr'>καὶ</span> <span class='ocrx_word' id='word_1_503' title='bbox 953 5621 1079 5670; x_wconf 83' lang='grc' dir='ltr'>λίθον</span> <span class='ocrx_word' id='word_1_504' title='bbox 1098 5621 1157 5681; x_wconf 81' lang='grc' dir='ltr'>ἦν</span> <span class='ocrx_word' id='word_1_505' title='bbox 1175 5625 1311 5682; x_wconf 77' lang='grc' dir='ltr'>τῆξαι</span> <span class='ocrx_word' id='word_1_506' title='bbox 1334 5626 1509 5675; x_wconf 75' lang='grc' dir='ltr'>ἱκανόν.</span> 
     </span>
    </p>
   </div>
   <div class='ocr_carea' id='block_1_62' title="bbox 576 5678 2182 5752">
    <p class='ocr_par' dir='ltr' id='par_1_62' title="bbox 576 5678 2182 5752">
     <span class='ocr_line' id='line_1_62' title="bbox 576 5678 2182 5752; baseline 0.007 -26"><span class='ocrx_word' id='word_1_507' title='bbox 576 5678 858 5752; x_wconf 33' lang='grc' dir='ltr'>ι’-Βκνίεζει</span> <span class='ocrx_word' id='word_1_508' title='bbox 879 5682 1038 5752; x_wconf 75' lang='lat' dir='ltr'>Co_i_b.__</span> <span class='ocrx_word' id='word_1_509' title='bbox 1060 5678 1323 5752; x_wconf 62' lang='grc' dir='ltr'>πόλλαχοῦ,</span> <span class='ocrx_word' id='word_1_510' title='bbox 1366 5687 1538 5740; x_wconf 73' lang='lat' dir='ltr'>Morel.</span> <span class='ocrx_word' id='word_1_511' title='bbox 1579 5687 1840 5752; x_wconf 66' lang='grc' dir='ltr'>πανταχοῦ.</span> <span class='ocrx_word' id='word_1_512' title='bbox 1871 5689 1995 5739; x_wconf 80' lang='lat' dir='ltr'><strong>Infra</strong></span> <span class='ocrx_word' id='word_1_513' title='bbox 2031 5688 2182 5740; x_wconf 64' lang='lat' dir='ltr'>Sam.</span> 
     </span>
    </p>
   </div>
   <div class='ocr_carea' id='block_1_63' title="bbox 512 5739 1439 5803">
    <p class='ocr_par' dir='ltr' id='par_1_63' title="bbox 512 5739 1439 5803">
     <span class='ocr_line' id='line_1_63' title="bbox 512 5739 1439 5803; baseline 0.014 -20"><span class='ocrx_word' id='word_1_514' title='bbox 512 5739 918 5799; x_wconf 67' lang='grc' dir='ltr'>ἀπαναγκάξηται,</span> <span class='ocrx_word' id='word_1_515' title='bbox 940 5741 1079 5792; x_wconf 77' lang='lat' dir='ltr'>Colb.</span> <span class='ocrx_word' id='word_1_516' title='bbox 1107 5739 1439 5803; x_wconf 63' lang='grc' dir='ltr'>ἀναγκάζηται.</span> 
     </span>
    </p>
   </div>
   <div class='ocr_carea' id='block_1_64' title="bbox 1289 332 3134 400">
    <p class='ocr_par' dir='ltr' id='par_1_64' title="bbox 1289 332 3134 400">
     <span class='ocr_line' id='line_1_64' title="bbox 1289 332 3134 400; baseline 0.004 -8"><span class='ocrx_word' id='word_1_517' title='bbox 1289 335 1347 392; x_wconf 91' lang='lat' dir='ltr'>S.</span> <span class='ocrx_word' id='word_1_518' title='bbox 1387 334 1671 392; x_wconf 69' lang='lat' dir='ltr'>JOANNIS</span> <span class='ocrx_word' id='word_1_519' title='bbox 1706 332 2189 391; x_wconf 66' lang='lat' dir='ltr'>CIIRYSOSTOM</span> <span class='ocrx_word' id='word_1_520' title='bbox 2229 333 2548 395; x_wconf 65' lang='lat' dir='ltr'>AROHIEP.</span> <span class='ocrx_word' id='word_1_521' title='bbox 2586 336 3134 400; x_wconf 64' lang='lat' dir='ltr'>CONSTANTJXOP.</span> 
     </span>
    </p>
   </div>
   <div class='ocr_carea' id='block_1_65' title="bbox 3805 357 3888 417">
    <p class='ocr_par' dir='ltr' id='par_1_65' title="bbox 3805 357 3888 417">
     <span class='ocr_line' id='line_1_65' title="bbox 3805 357 3888 417; baseline 0.072 -6"><span class='ocrx_word' id='word_1_522' title='bbox 3805 357 3888 417; x_wconf 60' lang='lat'><em>656</em></span> 
     </span>
    </p>
   </div>
   <div class='ocr_carea' id='block_1_66' title="bbox 2272 451 3891 541">
    <p class='ocr_par' dir='ltr' id='par_1_66' title="bbox 2272 451 3891 541">
     <span class='ocr_line' id='line_1_66' title="bbox 2272 451 3891 541; baseline 0.017 -40"><span class='ocrx_word' id='word_1_523' title='bbox 2272 451 2546 541; x_wconf 74' lang='grc' dir='ltr'>ἐπήρειαν</span> <span class='ocrx_word' id='word_1_524' title='bbox 2563 454 2818 541; x_wconf 71' lang='grc' dir='ltr'>ηνεγκεν,</span> <span class='ocrx_word' id='word_1_525' title='bbox 2853 457 2989 541; x_wconf 83' lang='grc' dir='ltr'>ἀλλά</span> <span class='ocrx_word' id='word_1_526' title='bbox 3017 461 3196 514; x_wconf 82' lang='grc' dir='ltr'>πᾶσαν</span> <span class='ocrx_word' id='word_1_527' title='bbox 3217 458 3324 513; x_wconf 87' lang='grc' dir='ltr'>τῶν</span> <span class='ocrx_word' id='word_1_528' title='bbox 3341 461 3612 530; x_wconf 85' lang='grc' dir='ltr'>κηδεστῶν</span> <span class='ocrx_word' id='word_1_529' title='bbox 3637 465 3891 541; x_wconf 72' lang='grc' dir='ltr'>ἀνέτρεψεν</span> 
     </span>
    </p>
   </div>
   <div class='ocr_carea' id='block_1_67' title="bbox 2269 533 3730 617">
    <p class='ocr_par' dir='ltr' id='par_1_67' title="bbox 2269 533 3730 617">
     <span class='ocr_line' id='line_1_67' title="bbox 2269 533 3730 617; baseline 0.01 -29"><span class='ocrx_word' id='word_1_530' title='bbox 2269 533 2336 589; x_wconf 83' lang='grc' dir='ltr'>ἂν</span> <span class='ocrx_word' id='word_1_531' title='bbox 2371 537 2467 608; x_wconf 80' lang='grc' dir='ltr'>τὴν</span> <span class='ocrx_word' id='word_1_532' title='bbox 2500 538 2677 592; x_wconf 89' lang='grc' dir='ltr'>οἰκίαν</span> <span class='ocrx_word' id='word_1_533' title='bbox 2729 540 3007 609; x_wconf 77' lang='grc' dir='ltr'>συσφάξας</span> <span class='ocrx_word' id='word_1_534' title='bbox 3059 542 3253 596; x_wconf 80' lang='grc' dir='ltr'>ἐαυτὸν</span> <span class='ocrx_word' id='word_1_535' title='bbox 3292 544 3547 609; x_wconf 88' lang='grc' dir='ltr'>ἐκείνοις,</span> <span class='ocrx_word' id='word_1_536' title='bbox 3574 546 3609 617; x_wconf 83' lang='grc' dir='ltr'>ἦ</span> <span class='ocrx_word' id='word_1_537' title='bbox 3642 549 3730 603; x_wconf 79' lang='grc' dir='ltr'>καὶ</span> 
     </span>
    </p>
   </div>
   <div class='ocr_carea' id='block_1_68' title="bbox 2270 621 3897 699">
    <p class='ocr_par' dir='ltr' id='par_1_68' title="bbox 2270 621 3897 699">
     <span class='ocr_line' id='line_1_68' title="bbox 2270 621 3897 699; baseline 0.012 -28"><span class='ocrx_word' id='word_1_538' title='bbox 2270 621 2378 673; x_wconf 81' lang='grc' dir='ltr'>τινὶ</span> <span class='ocrx_word' id='word_1_539' title='bbox 2420 621 2839 694; x_wconf 87' lang='grc' dir='ltr'>συνδιαφθείρας</span> <span class='ocrx_word' id='word_1_540' title='bbox 2879 625 3096 696; x_wconf 83' lang='grc' dir='ltr'>τρόπῳ·</span> <span class='ocrx_word' id='word_1_541' title='bbox 3147 626 3335 696; x_wconf 82' lang='grc' dir='ltr'>ἐπειδὴ</span> <span class='ocrx_word' id='word_1_542' title='bbox 3385 627 3441 680; x_wconf 87' lang='grc' dir='ltr'>δὲ</span> <span class='ocrx_word' id='word_1_543' title='bbox 3489 627 3792 699; x_wconf 80' lang='grc' dir='ltr'>ἀνεξίκακος</span> <span class='ocrx_word' id='word_1_544' title='bbox 3820 621 3897 693; x_wconf 73' lang='grc' dir='ltr'>καὶ</span> 
     </span>
    </p>
   </div>
   <div class='ocr_carea' id='block_1_69' title="bbox 2277 700 3890 785">
    <p class='ocr_par' dir='ltr' id='par_1_69' title="bbox 2277 700 3890 785">
     <span class='ocr_line' id='line_1_69' title="bbox 2277 700 3890 785; baseline -0.009 -28"><span class='ocrx_word' id='word_1_545' title='bbox 2277 704 2630 775; x_wconf 85' lang='grc' dir='ltr'>μακρὸθυμος</span> <span class='ocrx_word' id='word_1_546' title='bbox 2658 700 2777 776; x_wconf 77' lang='grc' dir='ltr'>ἦνὸ</span> <span class='ocrx_word' id='word_1_547' title='bbox 2816 707 3029 775; x_wconf 83' lang='grc' dir='ltr'>Ἰακὼϐ,</span> <span class='ocrx_word' id='word_1_548' title='bbox 3060 707 3220 762; x_wconf 87' lang='grc' dir='ltr'>τοῦτο</span> <span class='ocrx_word' id='word_1_549' title='bbox 3255 709 3353 778; x_wconf 87' lang='grc' dir='ltr'>μὲν</span> <span class='ocrx_word' id='word_1_550' title='bbox 3378 711 3478 764; x_wconf 77' lang='grc' dir='ltr'>οὐκ</span> <span class='ocrx_word' id='word_1_551' title='bbox 3508 713 3890 785; x_wconf 58' lang='grc' dir='ltr'>ἐποίησεν,·ἀ)λς</span> 
     </span>
    </p>
   </div>
   <div class='ocr_carea' id='block_1_70' title="bbox 2273 787 3895 874">
    <p class='ocr_par' dir='ltr' id='par_1_70' title="bbox 2273 787 3895 874">
     <span class='ocr_line' id='line_1_70' title="bbox 2273 787 3895 874; baseline 0.01 -35"><span class='ocrx_word' id='word_1_552' title='bbox 2273 787 2397 874; x_wconf 78' lang='grc' dir='ltr'>ούδέ</span> <span class='ocrx_word' id='word_1_553' title='bbox 2429 787 2588 874; x_wconf 45' lang='grc' dir='ltr'>(ἀθ8)⁸</span> <span class='ocrx_word' id='word_1_554' title='bbox 2615 789 2975 874; x_wconf 79' lang='grc' dir='ltr'>ἐϐουλεύσατο</span> <span class='ocrx_word' id='word_1_555' title='bbox 3019 792 3117 862; x_wconf 80' lang='grc' dir='ltr'>τὴν</span> <span class='ocrx_word' id='word_1_556' title='bbox 3150 793 3660 863; x_wconf 67' lang='grc' dir='ltr'>ἀρχήνοκε-λευσθεὶς</span> <span class='ocrx_word' id='word_1_557' title='bbox 3680 800 3733 852; x_wconf 82' lang='grc' dir='ltr'>δὲ</span> <span class='ocrx_word' id='word_1_558' title='bbox 3758 802 3895 874; x_wconf 77' lang='grc' dir='ltr'>ἐτερα</span> 
     </span>
    </p>
   </div>
   <div class='ocr_carea' id='block_1_71' title="bbox 2273 869 3896 952">
    <p class='ocr_par' dir='ltr' id='par_1_71' title="bbox 2273 869 3896 952">
     <span class='ocr_line' id='line_1_71' title="bbox 2273 869 3896 952; baseline 0.011 -32"><span class='ocrx_word' id='word_1_559' title='bbox 2273 869 2413 952; x_wconf 65' lang='grc' dir='ltr'>ἐπτά</span> <span class='ocrx_word' id='word_1_560' title='bbox 2439 869 2534 942; x_wconf 82' lang='grc' dir='ltr'>ἔτη</span> <span class='ocrx_word' id='word_1_561' title='bbox 2570 871 2855 926; x_wconf 84' lang='grc' dir='ltr'>δουλεῦσαι</span> <span class='ocrx_word' id='word_1_562' title='bbox 2890 873 3072 937; x_wconf 82' lang='grc' dir='ltr'>πάλιν,</span> <span class='ocrx_word' id='word_1_563' title='bbox 3126 875 3434 945; x_wconf 73' lang='grc' dir='ltr'>ὑπήκουσεν</span> <span class='ocrx_word' id='word_1_564' title='bbox 3467 878 3723 949; x_wconf 82' lang='grc' dir='ltr'>ἐτοίμως⁶</span> <span class='ocrx_word' id='word_1_565' title='bbox 3750 869 3896 952; x_wconf 77' lang='grc' dir='ltr'>οὕτως</span> 
     </span>
    </p>
   </div>
   <div class='ocr_carea' id='block_1_72' title="bbox 2271 946 3897 1033">
    <p class='ocr_par' dir='ltr' id='par_1_72' title="bbox 2271 946 3897 1033">
     <span class='ocr_line' id='line_1_72' title="bbox 2271 946 3897 1033; baseline 0.013 -31"><span class='ocrx_word' id='word_1_566' title='bbox 2271 946 2339 1021; x_wconf 82' lang='grc' dir='ltr'>ἦν</span> <span class='ocrx_word' id='word_1_567' title='bbox 2370 955 2542 1022; x_wconf 76' lang='grc' dir='ltr'>πρᾶος</span> <span class='ocrx_word' id='word_1_568' title='bbox 2575 954 2669 1008; x_wconf 75' lang='grc' dir='ltr'>καὶ</span> <span class='ocrx_word' id='word_1_569' title='bbox 2709 956 2977 1027; x_wconf 80' lang='grc' dir='ltr'>ἐπιεικής.</span> <span class='ocrx_word' id='word_1_570' title='bbox 3012 958 3074 1010; x_wconf 85' lang='grc' dir='ltr'>Εἰ</span> <span class='ocrx_word' id='word_1_571' title='bbox 3104 957 3160 1009; x_wconf 83' lang='grc' dir='ltr'>δὲ</span> <span class='ocrx_word' id='word_1_572' title='bbox 3191 959 3220 1011; x_wconf 85' lang='grc' dir='ltr'>ὁ</span> <span class='ocrx_word' id='word_1_573' title='bbox 3254 957 3354 1027; x_wconf 79' lang='grc' dir='ltr'>τῆς</span> <span class='ocrx_word' id='word_1_574' title='bbox 3403 946 3595 1032; x_wconf 34' lang='grc' dir='ltr'>κόρης-</span> <span class='ocrx_word' id='word_1_575' title='bbox 3618 962 3745 1033; x_wconf 79' lang='grc' dir='ltr'>ἔρως</span> <span class='ocrx_word' id='word_1_576' title='bbox 3796 946 3897 1023; x_wconf 49' lang='grc' dir='ltr'>συνξ</span> 
     </span>
    </p>
   </div>
   <div class='ocr_carea' id='block_1_73' title="bbox 2273 1038 3896 1122">
    <p class='ocr_par' dir='ltr' id='par_1_73' title="bbox 2273 1038 3896 1122">
     <span class='ocr_line' id='line_1_73' title="bbox 2273 1038 3896 1122; baseline 0.01 -34"><span class='ocrx_word' id='word_1_577' title='bbox 2273 1038 2710 1122; x_wconf 78' lang='grc' dir='ltr'>αντελαμϐἀνετο</span> <span class='ocrx_word' id='word_1_578' title='bbox 2741 1043 2807 1111; x_wconf 83' lang='grc' dir='ltr'>τῇ</span> <span class='ocrx_word' id='word_1_579' title='bbox 2841 1040 2950 1094; x_wconf 88' lang='grc' dir='ltr'>τῶν</span> <span class='ocrx_word' id='word_1_580' title='bbox 2975 1041 3186 1112; x_wconf 87' lang='grc' dir='ltr'>τρόπων</span> <span class='ocrx_word' id='word_1_581' title='bbox 3219 1043 3506 1114; x_wconf 84' lang='grc' dir='ltr'>ἐπιεικείᾳ,</span> <span class='ocrx_word' id='word_1_582' title='bbox 3541 1046 3695 1100; x_wconf 80' lang='grc' dir='ltr'>πάλιν</span> <span class='ocrx_word' id='word_1_583' title='bbox 3724 1067 3803 1119; x_wconf 89' lang='grc' dir='ltr'>μοι</span> <span class='ocrx_word' id='word_1_584' title='bbox 3816 1054 3896 1122; x_wconf 83' lang='grc' dir='ltr'>τῆς</span> 
     </span>
    </p>
   </div>
   <div class='ocr_carea' id='block_1_74' title="bbox 2277 1119 3896 1205">
    <p class='ocr_par' dir='ltr' id='par_1_74' title="bbox 2277 1119 3896 1205">
     <span class='ocr_line' id='line_1_74' title="bbox 2277 1119 3896 1205; baseline 0.01 -33"><span class='ocrx_word' id='word_1_585' title='bbox 2277 1119 2515 1205; x_wconf 83' lang='grc' dir='ltr'>ἀθυμίας</span> <span class='ocrx_word' id='word_1_586' title='bbox 2570 1121 2749 1190; x_wconf 87' lang='grc' dir='ltr'>λέγεις</span> <span class='ocrx_word' id='word_1_587' title='bbox 2804 1122 2906 1192; x_wconf 85' lang='grc' dir='ltr'>τὴν</span> <span class='ocrx_word' id='word_1_588' title='bbox 2955 1123 3279 1194; x_wconf 83' lang='grc' dir='ltr'>ὑπερϐολήν.</span> <span class='ocrx_word' id='word_1_589' title='bbox 3331 1125 3608 1195; x_wconf 85' lang='grc' dir='ltr'>Ἐννόησον</span> <span class='ocrx_word' id='word_1_590' title='bbox 3650 1132 3750 1201; x_wconf 73' lang='grc' dir='ltr'>γὰρ</span> <span class='ocrx_word' id='word_1_591' title='bbox 3788 1119 3896 1205; x_wconf 79' lang='grc' dir='ltr'>ὅσην</span> 
     </span>
    </p>
   </div>
   <div class='ocr_carea' id='block_1_75' title="bbox 2275 1204 3895 1282">
    <p class='ocr_par' dir='ltr' id='par_1_75' title="bbox 2275 1204 3895 1282">
     <span class='ocr_line' id='line_1_75' title="bbox 2275 1204 3895 1282; baseline 0.009 -26"><span class='ocrx_word' id='word_1_592' title='bbox 2275 1204 2468 1275; x_wconf 78' lang='grc' dir='ltr'>ὀδύνην</span> <span class='ocrx_word' id='word_1_593' title='bbox 2495 1205 2810 1276; x_wconf 83' lang='grc' dir='ltr'>ὑπέμεινεν,</span> <span class='ocrx_word' id='word_1_594' title='bbox 2849 1208 2936 1260; x_wconf 80' lang='grc' dir='ltr'>ὅτε</span> <span class='ocrx_word' id='word_1_595' title='bbox 2972 1207 3070 1277; x_wconf 80' lang='grc' dir='ltr'>τῆς</span> <span class='ocrx_word' id='word_1_596' title='bbox 3108 1207 3279 1270; x_wconf 75' lang='grc' dir='ltr'>οὕτως</span> <span class='ocrx_word' id='word_1_597' title='bbox 3305 1208 3666 1282; x_wconf 77' lang='grc' dir='ltr'>ἀγαπωμένης</span> <span class='ocrx_word' id='word_1_598' title='bbox 3697 1204 3895 1270; x_wconf 83' lang='grc' dir='ltr'>ἀπεστε-</span> 
     </span>
    </p>
   </div>
   <div class='ocr_carea' id='block_1_76' title="bbox 2280 1288 3897 1362">
    <p class='ocr_par' dir='ltr' id='par_1_76' title="bbox 2280 1288 3897 1362">
     <span class='ocr_line' id='line_1_76' title="bbox 2280 1288 3897 1362; baseline 0.009 -22"><span class='ocrx_word' id='word_1_599' title='bbox 2280 1293 2443 1361; x_wconf 88' lang='grc' dir='ltr'>ρεῖτο,</span> <span class='ocrx_word' id='word_1_600' title='bbox 2482 1288 2577 1343; x_wconf 78' lang='grc' dir='ltr'>καὶ</span> <span class='ocrx_word' id='word_1_601' title='bbox 2618 1290 2930 1360; x_wconf 86' lang='grc' dir='ltr'>προσδοκῶν</span> <span class='ocrx_word' id='word_1_602' title='bbox 2963 1291 3133 1361; x_wconf 79' lang='grc' dir='ltr'>αὐτὴν</span> <span class='ocrx_word' id='word_1_603' title='bbox 3159 1291 3305 1344; x_wconf 79' lang='grc' dir='ltr'>ἔνδον</span> <span class='ocrx_word' id='word_1_604' title='bbox 3336 1290 3500 1362; x_wconf 77' lang='grc' dir='ltr'>ἔχειν,</span> <span class='ocrx_word' id='word_1_605' title='bbox 3530 1296 3605 1357; x_wconf 82' lang='grc' dir='ltr'>εἰς</span> <span class='ocrx_word' id='word_1_606' title='bbox 3632 1297 3760 1350; x_wconf 84' lang='grc' dir='ltr'>ἐπτά</span> <span class='ocrx_word' id='word_1_607' title='bbox 3784 1300 3897 1355; x_wconf 88' lang='grc' dir='ltr'>ἐτῶν</span> 
     </span>
    </p>
   </div>
   <div class='ocr_carea' id='block_1_77' title="bbox 2277 1374 3896 1449">
    <p class='ocr_par' dir='ltr' id='par_1_77' title="bbox 2277 1374 3896 1449">
     <span class='ocr_line' id='line_1_77' title="bbox 2277 1374 3896 1449; baseline 0.007 -24"><span class='ocrx_word' id='word_1_608' title='bbox 2277 1374 2440 1426; x_wconf 85' lang='grc' dir='ltr'>πάλιν</span> <span class='ocrx_word' id='word_1_609' title='bbox 2476 1374 2743 1445; x_wconf 83' lang='grc' dir='ltr'>ἀναϐολὴν</span> <span class='ocrx_word' id='word_1_610' title='bbox 2776 1374 3117 1446; x_wconf 84' lang='grc' dir='ltr'>ἐξεκρούετο,</span> <span class='ocrx_word' id='word_1_611' title='bbox 3163 1375 3257 1428; x_wconf 81' lang='grc' dir='ltr'>καὶ</span> <span class='ocrx_word' id='word_1_612' title='bbox 3292 1378 3417 1440; x_wconf 81' lang='grc' dir='ltr'>τοὺς</span> <span class='ocrx_word' id='word_1_613' title='bbox 3457 1382 3693 1449; x_wconf 76' lang='grc' dir='ltr'>κρυμους</span> <span class='ocrx_word' id='word_1_614' title='bbox 3724 1381 3805 1434; x_wconf 77' lang='grc' dir='ltr'>καὶ</span> <span class='ocrx_word' id='word_1_615' title='bbox 3842 1388 3896 1443; x_wconf 66' lang='grc' dir='ltr'>τὶ</span> 
     </span>
    </p>
   </div>
   <div class='ocr_carea' id='block_1_78' title="bbox 2277 1455 3893 1536">
    <p class='ocr_par' dir='ltr' id='par_1_78' title="bbox 2277 1455 3893 1536">
     <span class='ocr_line' id='line_1_78' title="bbox 2277 1455 3893 1536; baseline 0.009 -28"><span class='ocrx_word' id='word_1_616' title='bbox 2277 1455 2457 1530; x_wconf 87' lang='grc' dir='ltr'>θάλπη</span> <span class='ocrx_word' id='word_1_617' title='bbox 2490 1458 2588 1512; x_wconf 76' lang='grc' dir='ltr'>καὶ</span> <span class='ocrx_word' id='word_1_618' title='bbox 2612 1459 2713 1522; x_wconf 82' lang='grc' dir='ltr'>τὰς</span> <span class='ocrx_word' id='word_1_619' title='bbox 2739 1459 3046 1531; x_wconf 82' lang='grc' dir='ltr'>ἀγρυπνίας</span> <span class='ocrx_word' id='word_1_620' title='bbox 3070 1459 3165 1513; x_wconf 72' lang='grc' dir='ltr'>καὶ</span> <span class='ocrx_word' id='word_1_621' title='bbox 3189 1459 3290 1523; x_wconf 72' lang='grc' dir='ltr'>τὰς</span> <span class='ocrx_word' id='word_1_622' title='bbox 3319 1459 3520 1531; x_wconf 79' lang='grc' dir='ltr'>ζημίας</span> <span class='ocrx_word' id='word_1_623' title='bbox 3551 1461 3646 1526; x_wconf 70' lang='grc' dir='ltr'>τὰς</span> <span class='ocrx_word' id='word_1_624' title='bbox 3670 1469 3893 1536; x_wconf 80' lang='grc' dir='ltr'>συνεχεῖς.</span> 
     </span>
    </p>
   </div>
   <div class='ocr_carea' id='block_1_79' title="bbox 2277 1540 3896 1620">
    <p class='ocr_par' dir='ltr' id='par_1_79' title="bbox 2277 1540 3896 1620">
     <span class='ocr_line' id='line_1_79' title="bbox 2277 1540 3896 1620; baseline 0.006 -27"><span class='ocrx_word' id='word_1_625' title='bbox 2277 1540 2472 1594; x_wconf 88' lang='grc' dir='ltr'>Λαϐὼν</span> <span class='ocrx_word' id='word_1_626' title='bbox 2500 1542 2559 1603; x_wconf 79' lang='grc' dir='ltr'>δέ</span> <span class='ocrx_word' id='word_1_627' title='bbox 2600 1543 2696 1596; x_wconf 80' lang='grc' dir='ltr'>καὶ</span> <span class='ocrx_word' id='word_1_628' title='bbox 2726 1543 2932 1614; x_wconf 88' lang='grc' dir='ltr'>ταύτην</span> <span class='ocrx_word' id='word_1_629' title='bbox 2973 1542 3219 1614; x_wconf 77' lang='grc' dir='ltr'>ὕστερον,</span> <span class='ocrx_word' id='word_1_630' title='bbox 3265 1547 3359 1598; x_wconf 76' lang='grc' dir='ltr'>καὶ</span> <span class='ocrx_word' id='word_1_631' title='bbox 3391 1542 3501 1608; x_wconf 79' lang='grc' dir='ltr'>ζῶν</span> <span class='ocrx_word' id='word_1_632' title='bbox 3544 1545 3684 1615; x_wconf 86' lang='grc' dir='ltr'>παρά</span> <span class='ocrx_word' id='word_1_633' title='bbox 3721 1547 3789 1617; x_wconf 83' lang='grc' dir='ltr'>τῷ</span> <span class='ocrx_word' id='word_1_634' title='bbox 3814 1566 3896 1620; x_wconf 88' lang='grc' dir='ltr'>κη-</span> 
     </span>
    </p>
   </div>
   <div class='ocr_carea' id='block_1_80' title="bbox 2276 1625 3897 1698">
    <p class='ocr_par' dir='ltr' id='par_1_80' title="bbox 2276 1625 3897 1698">
     <span class='ocr_line' id='line_1_80' title="bbox 2276 1625 3897 1698; baseline 0.004 -20"><span class='ocrx_word' id='word_1_635' title='bbox 2276 1625 2437 1698; x_wconf 77' lang='grc' dir='ltr'>δεστῇ</span> <span class='ocrx_word' id='word_1_636' title='bbox 2475 1625 2588 1696; x_wconf 88' lang='grc' dir='ltr'>βίον</span> <span class='ocrx_word' id='word_1_637' title='bbox 2621 1626 2968 1697; x_wconf 87' lang='grc' dir='ltr'>ταλαίπωρον</span> <span class='ocrx_word' id='word_1_638' title='bbox 3017 1626 3114 1679; x_wconf 72' lang='grc' dir='ltr'>καὶ</span> <span class='ocrx_word' id='word_1_639' title='bbox 3154 1626 3474 1697; x_wconf 87' lang='grc' dir='ltr'>ἐπίμοχθον,</span> <span class='ocrx_word' id='word_1_640' title='bbox 3524 1628 3780 1698; x_wconf 82' lang='grc' dir='ltr'>ἐφθονεῖτο</span> <span class='ocrx_word' id='word_1_641' title='bbox 3821 1634 3897 1685; x_wconf 74' lang='grc' dir='ltr'>καὶ</span> 
     </span>
    </p>
   </div>
   <div class='ocr_carea' id='block_1_81' title="bbox 2259 1692 3894 1784">
    <p class='ocr_par' dir='ltr' id='par_1_81' title="bbox 2259 1692 3894 1784">
     <span class='ocr_line' id='line_1_81' title="bbox 2259 1692 3894 1784; baseline 0.002 -22"><span class='ocrx_word' id='word_1_642' title='bbox 2259 1692 2591 1774; x_wconf 49' lang='grc' dir='ltr'>ὀῦτωςξκαὶ</span> <span class='ocrx_word' id='word_1_643' title='bbox 2619 1692 2887 1781; x_wconf 38' lang='grc' dir='ltr'>δευτέραν.</span> <span class='ocrx_word' id='word_1_644' title='bbox 2904 1709 3118 1778; x_wconf 80' lang='grc' dir='ltr'>ἀπάτην</span> <span class='ocrx_word' id='word_1_645' title='bbox 3146 1692 3422 1780; x_wconf 68' lang='grc' dir='ltr'>ὑπέμενεν</span> <span class='ocrx_word' id='word_1_646' title='bbox 3447 1712 3538 1763; x_wconf 76' lang='grc' dir='ltr'>ἐπὶ</span> <span class='ocrx_word' id='word_1_647' title='bbox 3565 1692 3673 1776; x_wconf 76' lang='grc' dir='ltr'>τοῖς</span> <span class='ocrx_word' id='word_1_648' title='bbox 3701 1713 3894 1784; x_wconf 87' lang='grc' dir='ltr'>μισθοῖς,</span> 
     </span>
    </p>
   </div>
   <div class='ocr_carea' id='block_1_82' title="bbox 2278 1790 3896 1866">
    <p class='ocr_par' dir='ltr' id='par_1_82' title="bbox 2278 1790 3896 1866">
     <span class='ocr_line' id='line_1_82' title="bbox 2278 1790 3896 1866; baseline 0.004 -21"><span class='ocrx_word' id='word_1_649' title='bbox 2278 1792 2354 1857; x_wconf 86' lang='grc' dir='ltr'>ὡς</span> <span class='ocrx_word' id='word_1_650' title='bbox 2392 1792 2488 1845; x_wconf 78' lang='grc' dir='ltr'>καὶ</span> <span class='ocrx_word' id='word_1_651' title='bbox 2522 1792 2685 1855; x_wconf 84' lang='grc' dir='ltr'>αὐτὸς</span> <span class='ocrx_word' id='word_1_652' title='bbox 2716 1792 2879 1846; x_wconf 78' lang='grc' dir='ltr'>αὐτὸν</span> <span class='ocrx_word' id='word_1_653' title='bbox 2917 1790 3165 1862; x_wconf 79' lang='grc' dir='ltr'>διήλεγξε</span> <span class='ocrx_word' id='word_1_654' title='bbox 3201 1791 3380 1860; x_wconf 87' lang='grc' dir='ltr'>λέγων</span> <span class='ocrx_word' id='word_1_655' title='bbox 3419 1794 3520 1856; x_wconf 71' lang='grc' dir='ltr'>ὅτι,</span> <span class='ocrx_word' id='word_1_656' title='bbox 3559 1798 3896 1866; x_wconf 71' lang='grc' dir='ltr'>Παρελογίσω</span> 
     </span>
    </p>
   </div>
   <div class='ocr_carea' id='block_1_83' title="bbox 2275 1878 3895 1951">
    <p class='ocr_par' dir='ltr' id='par_1_83' title="bbox 2275 1878 3895 1951">
     <span class='ocr_line' id='line_1_83' title="bbox 2275 1878 3895 1951; baseline 0.002 -17"><span class='ocrx_word' id='word_1_657' title='bbox 2275 1898 2351 1951; x_wconf 82' lang='grc' dir='ltr'>με</span> <span class='ocrx_word' id='word_1_658' title='bbox 2385 1879 2532 1935; x_wconf 80' lang='grc' dir='ltr'>δέκα</span> <span class='ocrx_word' id='word_1_659' title='bbox 2575 1879 2859 1950; x_wconf 80' lang='grc' dir='ltr'>ἀμνάσιν.</span> <span class='ocrx_word' id='word_1_660' title='bbox 2905 1878 3065 1932; x_wconf 87' lang='grc' dir='ltr'>Μετά</span> <span class='ocrx_word' id='word_1_661' title='bbox 3104 1879 3160 1934; x_wconf 86' lang='grc' dir='ltr'>δέ</span> <span class='ocrx_word' id='word_1_662' title='bbox 3190 1879 3285 1933; x_wconf 86' lang='grc' dir='ltr'>τοῦ</span> <span class='ocrx_word' id='word_1_663' title='bbox 3318 1881 3581 1950; x_wconf 73' lang='grc' dir='ltr'>κηδεστοῦ</span> <span class='ocrx_word' id='word_1_664' title='bbox 3620 1885 3707 1937; x_wconf 70' lang='grc' dir='ltr'>καὶ</span> <span class='ocrx_word' id='word_1_665' title='bbox 3739 1886 3782 1937; x_wconf 87' lang='grc' dir='ltr'>οί</span> <span class='ocrx_word' id='word_1_666' title='bbox 3806 1885 3895 1939; x_wconf 86' lang='grc' dir='ltr'>τῶν</span> 
     </span>
    </p>
   </div>
   <div class='ocr_carea' id='block_1_84' title="bbox 2280 1967 3896 2043">
    <p class='ocr_par' dir='ltr' id='par_1_84' title="bbox 2280 1967 3896 2043">
     <span class='ocr_line' id='line_1_84' title="bbox 2280 1967 3896 2043; baseline 0.003 -21"><span class='ocrx_word' id='word_1_667' title='bbox 2280 1968 2556 2038; x_wconf 89' lang='grc' dir='ltr'>γυναικῶν</span> <span class='ocrx_word' id='word_1_668' title='bbox 2603 1967 2822 2036; x_wconf 74' lang='grc' dir='ltr'>ἀδελφοὶ</span> <span class='ocrx_word' id='word_1_669' title='bbox 2844 1967 2939 2020; x_wconf 85' lang='grc' dir='ltr'>τοῦ</span> <span class='ocrx_word' id='word_1_670' title='bbox 2978 1968 3239 2039; x_wconf 77' lang='grc' dir='ltr'>κηδεστοῦ</span> <span class='ocrx_word' id='word_1_671' title='bbox 3272 1969 3473 2039; x_wconf 82' lang='grc' dir='ltr'>μᾶλλον</span> <span class='ocrx_word' id='word_1_672' title='bbox 3509 1968 3896 2043; x_wconf 81' lang='grc' dir='ltr'>ἐξεθηριώθησαν</span> 
     </span>
    </p>
   </div>
   <div class='ocr_carea' id='block_1_85' title="bbox 2281 2048 3894 2131">
    <p class='ocr_par' dir='ltr' id='par_1_85' title="bbox 2281 2048 3894 2131">
     <span class='ocr_line' id='line_1_85' title="bbox 2281 2048 3894 2131; baseline 0.003 -22"><span class='ocrx_word' id='word_1_673' title='bbox 2281 2056 2420 2129; x_wconf 81' lang='grc' dir='ltr'>πρὸς</span> <span class='ocrx_word' id='word_1_674' title='bbox 2442 2057 2624 2110; x_wconf 83' lang='grc' dir='ltr'>αὐτόν.</span> <span class='ocrx_word' id='word_1_675' title='bbox 2656 2056 2730 2109; x_wconf 81' lang='grc' dir='ltr'>Τὸ</span> <span class='ocrx_word' id='word_1_676' title='bbox 2755 2056 2813 2110; x_wconf 82' lang='grc' dir='ltr'>δὲ</span> <span class='ocrx_word' id='word_1_677' title='bbox 2837 2057 3058 2110; x_wconf 78' lang='grc' dir='ltr'>πάντων</span> <span class='ocrx_word' id='word_1_678' title='bbox 3087 2048 3466 2128; x_wconf 80' lang='grc' dir='ltr'>χαλεπώτερον</span> <span class='ocrx_word' id='word_1_679' title='bbox 3487 2052 3572 2129; x_wconf 79' lang='grc' dir='ltr'>ἦν,</span> <span class='ocrx_word' id='word_1_680' title='bbox 3604 2060 3638 2129; x_wconf 79' lang='grc' dir='ltr'><strong>ἡ</strong></span> <span class='ocrx_word' id='word_1_681' title='bbox 3666 2061 3894 2131; x_wconf 82' lang='grc' dir='ltr'>ἐρωμένη,</span> 
     </span>
    </p>
   </div>
   <div class='ocr_carea' id='block_1_86' title="bbox 2279 2136 3896 2219">
    <p class='ocr_par' dir='ltr' id='par_1_86' title="bbox 2279 2136 3896 2219">
     <span class='ocr_line' id='line_1_86' title="bbox 2279 2136 3896 2219; baseline 0.002 -22"><span class='ocrx_word' id='word_1_682' title='bbox 2279 2143 2346 2197; x_wconf 82' lang='grc' dir='ltr'>δι’</span> <span class='ocrx_word' id='word_1_683' title='bbox 2393 2145 2460 2215; x_wconf 84' lang='grc' dir='ltr'>ἥν</span> <span class='ocrx_word' id='word_1_684' title='bbox 2488 2143 2585 2215; x_wconf 80' lang='grc' dir='ltr'>ἐτη</span> <span class='ocrx_word' id='word_1_685' title='bbox 2625 2144 2708 2208; x_wconf 77' lang='grc' dir='ltr'>δὶς</span> <span class='ocrx_word' id='word_1_686' title='bbox 2736 2144 2878 2198; x_wconf 79' lang='grc' dir='ltr'>ἐπτά</span> <span class='ocrx_word' id='word_1_687' title='bbox 2900 2143 3188 2197; x_wconf 82' lang='grc' dir='ltr'>¹δουλεύειν</span> <span class='ocrx_word' id='word_1_688' title='bbox 3216 2136 3549 2209; x_wconf 50' lang='grc' dir='ltr'>εἴλετοξύπὸ</span> <span class='ocrx_word' id='word_1_689' title='bbox 3578 2147 3669 2217; x_wconf 78' lang='grc' dir='ltr'>τῆς</span> <span class='ocrx_word' id='word_1_690' title='bbox 3699 2147 3896 2219; x_wconf 80' lang='grc' dir='ltr'>ἀθυμίας</span> 
     </span>
    </p>
   </div>
   <div class='ocr_carea' id='block_1_87' title="bbox 2281 2232 3896 2307">
    <p class='ocr_par' dir='ltr' id='par_1_87' title="bbox 2281 2232 3896 2307">
     <span class='ocr_line' id='line_1_87' title="bbox 2281 2232 3896 2307; baseline 0.001 -20"><span class='ocrx_word' id='word_1_691' title='bbox 2281 2232 2636 2302; x_wconf 86' lang='grc' dir='ltr'>ἀπεπνίγετο,</span> <span class='ocrx_word' id='word_1_692' title='bbox 2665 2233 2765 2307; x_wconf 85' lang='grc' dir='ltr'>τὴν</span> <span class='ocrx_word' id='word_1_693' title='bbox 2801 2233 2900 2304; x_wconf 85' lang='grc' dir='ltr'>μὲν</span> <span class='ocrx_word' id='word_1_694' title='bbox 2932 2232 3167 2304; x_wconf 71' lang='grc' dir='ltr'>ἀδελφὴν</span> <span class='ocrx_word' id='word_1_695' title='bbox 3198 2233 3489 2289; x_wconf 87' lang='grc' dir='ltr'>τίκτουσαν</span> <span class='ocrx_word' id='word_1_696' title='bbox 3506 2234 3710 2305; x_wconf 88' lang='grc' dir='ltr'>ὁρῶσα,</span> <span class='ocrx_word' id='word_1_697' title='bbox 3735 2236 3896 2306; x_wconf 75' lang='grc' dir='ltr'>ἑαυτὴν</span> 
     </span>
    </p>
   </div>
   <div class='ocr_carea' id='block_1_88' title="bbox 2280 2322 3896 2396">
    <p class='ocr_par' dir='ltr' id='par_1_88' title="bbox 2280 2322 3896 2396">
     <span class='ocr_line' id='line_1_88' title="bbox 2280 2322 3896 2396; baseline 0.001 -19"><span class='ocrx_word' id='word_1_698' title='bbox 2280 2323 2339 2377; x_wconf 81' lang='grc' dir='ltr'>δὲ</span> <span class='ocrx_word' id='word_1_699' title='bbox 2362 2324 2482 2376; x_wconf 86' lang='grc' dir='ltr'>ούδέ</span> <span class='ocrx_word' id='word_1_700' title='bbox 2510 2322 2699 2377; x_wconf 83' lang='grc' dir='ltr'>ἐλπίδα</span> <span class='ocrx_word' id='word_1_701' title='bbox 2722 2323 2816 2376; x_wconf 90' lang='grc' dir='ltr'>τοῦ</span> <span class='ocrx_word' id='word_1_702' title='bbox 2840 2323 3167 2393; x_wconf 87' lang='grc' dir='ltr'>πράγματος</span> <span class='ocrx_word' id='word_1_703' title='bbox 3189 2323 3442 2394; x_wconf 70' lang='grc' dir='ltr'>ἔχουσαν,</span> <span class='ocrx_word' id='word_1_704' title='bbox 3468 2327 3556 2380; x_wconf 74' lang='grc' dir='ltr'>καὶ</span> <span class='ocrx_word' id='word_1_705' title='bbox 3581 2328 3656 2389; x_wconf 89' lang='grc' dir='ltr'>είς</span> <span class='ocrx_word' id='word_1_706' title='bbox 3674 2326 3896 2396; x_wconf 82' lang='grc' dir='ltr'>τοσαύτην</span> 
     </span>
    </p>
   </div>
   <div class='ocr_carea' id='block_1_89' title="bbox 2280 2408 3897 2483">
    <p class='ocr_par' dir='ltr' id='par_1_89' title="bbox 2280 2408 3897 2483">
     <span class='ocr_line' id='line_1_89' title="bbox 2280 2408 3897 2483; baseline 0.003 -21"><span class='ocrx_word' id='word_1_707' title='bbox 2280 2408 2541 2465; x_wconf 74' lang='grc' dir='ltr'>ἔκστασιν</span> <span class='ocrx_word' id='word_1_708' title='bbox 2570 2411 2675 2464; x_wconf 82' lang='grc' dir='ltr'>ὑπὸ</span> <span class='ocrx_word' id='word_1_709' title='bbox 2715 2410 2813 2481; x_wconf 83' lang='grc' dir='ltr'>τῆς</span> <span class='ocrx_word' id='word_1_710' title='bbox 2846 2411 3084 2481; x_wconf 87' lang='grc' dir='ltr'>ἀθυμίας</span> <span class='ocrx_word' id='word_1_711' title='bbox 3122 2410 3384 2483; x_wconf 82' lang='grc' dir='ltr'>ἐξηνέχθη</span> <span class='ocrx_word' id='word_1_712' title='bbox 3418 2415 3557 2479; x_wconf 87' lang='grc' dir='ltr'>τότε,</span> <span class='ocrx_word' id='word_1_713' title='bbox 3585 2413 3655 2476; x_wconf 82' lang='grc' dir='ltr'>ὡς</span> <span class='ocrx_word' id='word_1_714' title='bbox 3691 2414 3897 2482; x_wconf 78' lang='grc' dir='ltr'>ἐγκαλεῖν</span> 
     </span>
    </p>
   </div>
   <div class='ocr_carea' id='block_1_90' title="bbox 2284 2497 3894 2569">
    <p class='ocr_par' dir='ltr' id='par_1_90' title="bbox 2284 2497 3894 2569">
     <span class='ocr_line' id='line_1_90' title="bbox 2284 2497 3894 2569; baseline 0 -16"><span class='ocrx_word' id='word_1_715' title='bbox 2284 2500 2381 2553; x_wconf 73' lang='grc' dir='ltr'>καὶ</span> <span class='ocrx_word' id='word_1_716' title='bbox 2431 2497 2743 2569; x_wconf 83' lang='grc' dir='ltr'>μέμφεσθαι</span> <span class='ocrx_word' id='word_1_717' title='bbox 2780 2497 2857 2568; x_wconf 84' lang='grc' dir='ltr'>τῷ</span> <span class='ocrx_word' id='word_1_718' title='bbox 2893 2498 3048 2569; x_wconf 72' lang='grc' dir='ltr'>ἀνδρὶ</span> <span class='ocrx_word' id='word_1_719' title='bbox 3072 2537 3086 2561; x_wconf 92' lang='grc'>,</span> <span class='ocrx_word' id='word_1_720' title='bbox 3139 2498 3233 2551; x_wconf 80' lang='grc' dir='ltr'>καὶ</span> <span class='ocrx_word' id='word_1_721' title='bbox 3271 2498 3502 2553; x_wconf 83' lang='grc' dir='ltr'>θάνατον</span> <span class='ocrx_word' id='word_1_722' title='bbox 3547 2499 3772 2553; x_wconf 79' lang='grc' dir='ltr'>ἀπειλεῖν</span> <span class='ocrx_word' id='word_1_723' title='bbox 3799 2499 3894 2553; x_wconf 82' lang='grc' dir='ltr'>καθ’</span> 
     </span>
    </p>
   </div>
   <div class='ocr_carea' id='block_1_91' title="bbox 2284 2583 3898 2657">
    <p class='ocr_par' dir='ltr' id='par_1_91' title="bbox 2284 2583 3898 2657">
     <span class='ocr_line' id='line_1_91' title="bbox 2284 2583 3898 2657; baseline -0.001 -17"><span class='ocrx_word' id='word_1_724' title='bbox 2284 2587 2508 2656; x_wconf 77' lang='grc' dir='ltr'>ἑαυτῆς,</span> <span class='ocrx_word' id='word_1_725' title='bbox 2533 2587 2582 2639; x_wconf 85' lang='grc' dir='ltr'>εί</span> <span class='ocrx_word' id='word_1_726' title='bbox 2618 2585 2693 2657; x_wconf 86' lang='grc' dir='ltr'>μὴ</span> <span class='ocrx_word' id='word_1_727' title='bbox 2717 2586 2866 2639; x_wconf 89' lang='grc' dir='ltr'>τέκοι</span> <span class='ocrx_word' id='word_1_728' title='bbox 2887 2602 2900 2616; x_wconf 76' lang='grc' dir='ltr'><strong>ο</strong></span> <span class='ocrx_word' id='word_1_729' title='bbox 2939 2583 3052 2651; x_wconf 81' lang='grc' dir='ltr'>Δὸς</span> <span class='ocrx_word' id='word_1_730' title='bbox 3083 2585 3193 2656; x_wconf 87' lang='grc' dir='ltr'>γάρ</span> <span class='ocrx_word' id='word_1_731' title='bbox 3212 2603 3317 2654; x_wconf 84' lang='grc' dir='ltr'>μοι</span> <span class='ocrx_word' id='word_1_732' title='bbox 3347 2584 3551 2650; x_wconf 76' lang='grc' dir='ltr'>τέκνα,</span> <span class='ocrx_word' id='word_1_733' title='bbox 3578 2587 3754 2657; x_wconf 85' lang='grc' dir='ltr'>φησίν·</span> <span class='ocrx_word' id='word_1_734' title='bbox 3781 2589 3824 2641; x_wconf 84' lang='grc' dir='ltr'>εί</span> <span class='ocrx_word' id='word_1_735' title='bbox 3845 2585 3898 2639; x_wconf 70' lang='grc' dir='ltr'>δὲ</span> 
     </span>
    </p>
   </div>
   <div class='ocr_carea' id='block_1_92' title="bbox 2278 2672 3896 2744">
    <p class='ocr_par' dir='ltr' id='par_1_92' title="bbox 2278 2672 3896 2744">
     <span class='ocr_line' id='line_1_92' title="bbox 2278 2672 3896 2744; baseline -0.002 -17"><span class='ocrx_word' id='word_1_736' title='bbox 2278 2675 2364 2744; x_wconf 73' lang='grc' dir='ltr'>μὴ</span> <span class='ocrx_word' id='word_1_737' title='bbox 2383 2712 2397 2737; x_wconf 93' lang='grc'>,</span> <span class='ocrx_word' id='word_1_738' title='bbox 2427 2674 2771 2742; x_wconf 79' lang='grc' dir='ltr'>τελευτήσω</span> <span class='ocrx_word' id='word_1_739' title='bbox 2795 2672 2928 2743; x_wconf 70' lang='grc' dir='ltr'>ἐγώ.</span> <span class='ocrx_word' id='word_1_740' title='bbox 2955 2673 3019 2725; x_wconf 88' lang='grc' dir='ltr'>Τί</span> <span class='ocrx_word' id='word_1_741' title='bbox 3038 2672 3218 2726; x_wconf 83' lang='grc' dir='ltr'>τοίνυν</span> <span class='ocrx_word' id='word_1_742' title='bbox 3246 2673 3514 2744; x_wconf 84' lang='grc' dir='ltr'>εὐφρᾶναι</span> <span class='ocrx_word' id='word_1_743' title='bbox 3538 2674 3688 2728; x_wconf 79' lang='grc' dir='ltr'>αὐτὸν</span> <span class='ocrx_word' id='word_1_744' title='bbox 3715 2673 3896 2728; x_wconf 74' lang='grc' dir='ltr'>δυνατὸν</span> 
     </span>
    </p>
   </div>
   <div class='ocr_carea' id='block_1_93' title="bbox 2283 2759 3897 2834">
    <p class='ocr_par' dir='ltr' id='par_1_93' title="bbox 2283 2759 3897 2834">
     <span class='ocr_line' id='line_1_93' title="bbox 2283 2759 3897 2834; baseline -0.001 -18"><span class='ocrx_word' id='word_1_745' title='bbox 2283 2761 2377 2834; x_wconf 80' lang='grc' dir='ltr'>ἦν,</span> <span class='ocrx_word' id='word_1_746' title='bbox 2407 2764 2506 2833; x_wconf 83' lang='grc' dir='ltr'>τῆς</span> <span class='ocrx_word' id='word_1_747' title='bbox 2537 2762 2632 2833; x_wconf 80' lang='grc' dir='ltr'>μὲν</span> <span class='ocrx_word' id='word_1_748' title='bbox 2665 2760 2810 2814; x_wconf 71' lang='grc' dir='ltr'>οὕτω</span> <span class='ocrx_word' id='word_1_749' title='bbox 2838 2760 3195 2831; x_wconf 64' lang='grc' dir='ltr'>ποθουμένης</span> <span class='ocrx_word' id='word_1_750' title='bbox 3210 2760 3437 2815; x_wconf 85' lang='grc' dir='ltr'>τοιαῦτα</span> <span class='ocrx_word' id='word_1_751' title='bbox 3470 2762 3790 2833; x_wconf 85' lang='grc' dir='ltr'>ὀδυρομένης.</span> <span class='ocrx_word' id='word_1_752' title='bbox 3813 2759 3897 2815; x_wconf 78' lang='grc' dir='ltr'>τῶν</span> 
     </span>
    </p>
   </div>
   <div class='ocr_carea' id='block_1_94' title="bbox 2285 2847 3895 2923">
    <p class='ocr_par' dir='ltr' id='par_1_94' title="bbox 2285 2847 3895 2923">
     <span class='ocr_line' id='line_1_94' title="bbox 2285 2847 3895 2923; baseline -0.003 -18"><span class='ocrx_word' id='word_1_753' title='bbox 2285 2852 2341 2905; x_wconf 82' lang='grc' dir='ltr'>δὲ</span> <span class='ocrx_word' id='word_1_754' title='bbox 2363 2851 2566 2923; x_wconf 83' lang='grc' dir='ltr'>ταύτης</span> <span class='ocrx_word' id='word_1_755' title='bbox 2582 2848 2827 2917; x_wconf 86' lang='grc' dir='ltr'>ἀδελφῶν</span> <span class='ocrx_word' id='word_1_756' title='bbox 2840 2847 3298 2902; x_wconf 86' lang='grc' dir='ltr'>ἐπιϐουλευόντων</span> <span class='ocrx_word' id='word_1_757' title='bbox 3320 2848 3576 2920; x_wconf 78' lang='grc' dir='ltr'>αὐτῷκαὶ</span> <span class='ocrx_word' id='word_1_758' title='bbox 3593 2850 3752 2904; x_wconf 85' lang='grc' dir='ltr'>πάντα</span> <span class='ocrx_word' id='word_1_759' title='bbox 3768 2866 3895 2921; x_wconf 82' lang='grc' dir='ltr'>πρατ·</span> 
     </span>
    </p>
   </div>
   <div class='ocr_carea' id='block_1_95' title="bbox 2284 2935 3897 3010">
    <p class='ocr_par' dir='ltr' id='par_1_95' title="bbox 2284 2935 3897 3010">
     <span class='ocr_line' id='line_1_95' title="bbox 2284 2935 3897 3010; baseline -0.003 -17"><span class='ocrx_word' id='word_1_760' title='bbox 2284 2940 2506 3004; x_wconf 88' lang='grc' dir='ltr'>τόντων,</span> <span class='ocrx_word' id='word_1_761' title='bbox 2545 2939 2691 3001; x_wconf 87' lang='grc' dir='ltr'>ὅπως</span> <span class='ocrx_word' id='word_1_762' title='bbox 2731 2939 2813 3001; x_wconf 83' lang='grc' dir='ltr'>είς</span> <span class='ocrx_word' id='word_1_763' title='bbox 2847 2937 2948 3007; x_wconf 87' lang='grc' dir='ltr'>τὴν</span> <span class='ocrx_word' id='word_1_764' title='bbox 2982 2936 3219 3008; x_wconf 88' lang='grc' dir='ltr'>ἐσχάτην</span> <span class='ocrx_word' id='word_1_765' title='bbox 3258 2936 3389 3010; x_wconf 79' lang='grc' dir='ltr'>ἔλθῃ</span> <span class='ocrx_word' id='word_1_766' title='bbox 3433 2938 3647 3003; x_wconf 88' lang='grc' dir='ltr'>πενίαν;</span> <span class='ocrx_word' id='word_1_767' title='bbox 3686 2939 3742 2991; x_wconf 71' lang='lat' dir='ltr'>Ei</span> <span class='ocrx_word' id='word_1_768' title='bbox 3768 2937 3815 2991; x_wconf 84' lang='grc' dir='ltr'>δὲ</span> <span class='ocrx_word' id='word_1_769' title='bbox 3847 2935 3897 2988; x_wconf 79' lang='grc' dir='ltr'>τὰ</span> 
     </span>
    </p>
   </div>
   <div class='ocr_carea' id='block_1_96' title="bbox 2286 3020 3898 3095">
    <p class='ocr_par' dir='ltr' id='par_1_96' title="bbox 2286 3020 3898 3095">
     <span class='ocr_line' id='line_1_96' title="bbox 2286 3020 3898 3095; baseline -0.004 -19"><span class='ocrx_word' id='word_1_770' title='bbox 2286 3025 2454 3095; x_wconf 78' lang='grc' dir='ltr'>χωρὶς</span> <span class='ocrx_word' id='word_1_771' title='bbox 2486 3020 2728 3093; x_wconf 81' lang='grc' dir='ltr'>ἱδρώτων</span> <span class='ocrx_word' id='word_1_772' title='bbox 2751 3020 3100 3091; x_wconf 84' lang='grc' dir='ltr'>ἐπιδιδόμενα</span> <span class='ocrx_word' id='word_1_773' title='bbox 3124 3024 3246 3084; x_wconf 85' lang='grc' dir='ltr'>ταῖς</span> <span class='ocrx_word' id='word_1_774' title='bbox 3272 3021 3542 3091; x_wconf 72' lang='grc' dir='ltr'>γυναιξὶν,</span> <span class='ocrx_word' id='word_1_775' title='bbox 3570 3024 3688 3077; x_wconf 79' lang='grc' dir='ltr'>ὅταν</span> <span class='ocrx_word' id='word_1_776' title='bbox 3713 3020 3898 3091; x_wconf 76' lang='grc' dir='ltr'>ἀφαιρῆ.</span> 
     </span>
    </p>
   </div>
   <div class='ocr_carea' id='block_1_97' title="bbox 2284 3111 3898 3183">
    <p class='ocr_par' dir='ltr' id='par_1_97' title="bbox 2284 3111 3898 3183">
     <span class='ocr_line' id='line_1_97' title="bbox 2284 3111 3898 3183; baseline -0.004 -16"><span class='ocrx_word' id='word_1_777' title='bbox 2284 3131 2397 3175; x_wconf 89' lang='grc' dir='ltr'>ται,</span> <span class='ocrx_word' id='word_1_778' title='bbox 2435 3112 2636 3183; x_wconf 82' lang='grc' dir='ltr'>πολλὴν</span> <span class='ocrx_word' id='word_1_779' title='bbox 2663 3112 2820 3182; x_wconf 89' lang='grc' dir='ltr'>φέρει</span> <span class='ocrx_word' id='word_1_780' title='bbox 2853 3112 2953 3181; x_wconf 81' lang='grc' dir='ltr'>τὴν</span> <span class='ocrx_word' id='word_1_781' title='bbox 2987 3111 3246 3182; x_wconf 89' lang='grc' dir='ltr'>ἀθυμίαν,</span> <span class='ocrx_word' id='word_1_782' title='bbox 3279 3113 3307 3165; x_wconf 92' lang='grc' dir='ltr'>ὁ</span> <span class='ocrx_word' id='word_1_783' title='bbox 3330 3113 3648 3167; x_wconf 87' lang='grc' dir='ltr'>κινδυνεύων</span> <span class='ocrx_word' id='word_1_784' title='bbox 3672 3113 3791 3183; x_wconf 81' lang='grc' dir='ltr'>ὑπὲρ</span> <span class='ocrx_word' id='word_1_785' title='bbox 3814 3111 3898 3165; x_wconf 82' lang='grc' dir='ltr'>τῶν</span> 
     </span>
    </p>
   </div>
   <div class='ocr_carea' id='block_1_98' title="bbox 2287 3193 3899 3267">
    <p class='ocr_par' dir='ltr' id='par_1_98' title="bbox 2287 3193 3899 3267">
     <span class='ocr_line' id='line_1_98' title="bbox 2287 3193 3899 3267; baseline -0.004 -17"><span class='ocrx_word' id='word_1_786' title='bbox 2287 3197 2471 3260; x_wconf 82' lang='grc' dir='ltr'>πόνοις</span> <span class='ocrx_word' id='word_1_787' title='bbox 2494 3195 2806 3266; x_wconf 88' lang='grc' dir='ltr'>κτηθέντων</span> <span class='ocrx_word' id='word_1_788' title='bbox 2838 3194 3060 3258; x_wconf 76' lang='grc' dir='ltr'>οἰκείοις</span> <span class='ocrx_word' id='word_1_789' title='bbox 3085 3193 3202 3258; x_wconf 90' lang='grc' dir='ltr'>πῶς</span> <span class='ocrx_word' id='word_1_790' title='bbox 3230 3193 3297 3247; x_wconf 81' lang='grc' dir='ltr'>ἂν</span> <span class='ocrx_word' id='word_1_791' title='bbox 3320 3198 3513 3266; x_wconf 83' lang='grc' dir='ltr'>πράως</span> <span class='ocrx_word' id='word_1_792' title='bbox 3536 3196 3724 3267; x_wconf 86' lang='grc' dir='ltr'>ταύτην</span> <span class='ocrx_word' id='word_1_793' title='bbox 3741 3196 3899 3263; x_wconf 73' lang='grc' dir='ltr'>ἧνεγκε</span> 
     </span>
    </p>
   </div>
   <div class='ocr_carea' id='block_1_99' title="bbox 2287 3281 3899 3358">
    <p class='ocr_par' dir='ltr' id='par_1_99' title="bbox 2287 3281 3899 3358">
     <span class='ocr_line' id='line_1_99' title="bbox 2287 3281 3899 3358; baseline -0.002 -19"><span class='ocrx_word' id='word_1_794' title='bbox 2287 3287 2387 3358; x_wconf 84' lang='grc' dir='ltr'>τὴν</span> <span class='ocrx_word' id='word_1_795' title='bbox 2409 3287 2613 3358; x_wconf 79' lang='grc' dir='ltr'>ζημίαν</span> <span class='ocrx_word' id='word_1_796' title='bbox 2639 3304 2653 3351; x_wconf 91' lang='grc'>;</span> <span class='ocrx_word' id='word_1_797' title='bbox 2678 3286 3012 3355; x_wconf 80' lang='grc' dir='ltr'>Αίσθὸμενος</span> <span class='ocrx_word' id='word_1_798' title='bbox 3034 3286 3212 3339; x_wconf 89' lang='grc' dir='ltr'>τοίνυν</span> <span class='ocrx_word' id='word_1_799' title='bbox 3232 3289 3315 3340; x_wconf 85' lang='grc' dir='ltr'>ὁτι</span> <span class='ocrx_word' id='word_1_800' title='bbox 3340 3286 3413 3339; x_wconf 81' lang='grc' dir='ltr'>δι’</span> <span class='ocrx_word' id='word_1_801' title='bbox 3440 3287 3663 3357; x_wconf 80' lang='grc' dir='ltr'>ὑποψίας</span> <span class='ocrx_word' id='word_1_802' title='bbox 3683 3281 3806 3357; x_wconf 74' lang='grc' dir='ltr'>εἶχον</span> <span class='ocrx_word' id='word_1_803' title='bbox 3824 3284 3899 3336; x_wconf 76' lang='grc' dir='ltr'>αὖ·</span> 
     </span>
    </p>
   </div>
   <div class='ocr_carea' id='block_1_100' title="bbox 2286 3359 3897 3442">
    <p class='ocr_par' dir='ltr' id='par_1_100' title="bbox 2286 3359 3897 3442">
     <span class='ocr_line' id='line_1_100' title="bbox 2286 3359 3897 3442; baseline -0.004 -18"><span class='ocrx_word' id='word_1_804' title='bbox 2286 3373 2377 3424; x_wconf 67' lang='grc' dir='ltr'>τὸν</span> <span class='ocrx_word' id='word_1_805' title='bbox 2402 3372 2495 3424; x_wconf 75' lang='grc' dir='ltr'>καὶ</span> <span class='ocrx_word' id='word_1_806' title='bbox 2526 3371 2913 3435; x_wconf 80' lang='grc' dir='ltr'>ὑπεϐλέποντο,</span> <span class='ocrx_word' id='word_1_807' title='bbox 2945 3370 3123 3424; x_wconf 84' lang='grc' dir='ltr'>λαθὼν</span> <span class='ocrx_word' id='word_1_808' title='bbox 3157 3370 3508 3442; x_wconf 80' lang='grc' dir='ltr'>ἀνεχώρησεν</span> <span class='ocrx_word' id='word_1_809' title='bbox 3534 3371 3605 3434; x_wconf 84' lang='grc' dir='ltr'>ὡς</span> <span class='ocrx_word' id='word_1_810' title='bbox 3631 3370 3788 3439; x_wconf 83' lang='grc' dir='ltr'>φυγάς</span> <span class='ocrx_word' id='word_1_811' title='bbox 3807 3384 3818 3397; x_wconf 92' lang='grc'><strong>·</strong></span> <span class='ocrx_word' id='word_1_812' title='bbox 3852 3359 3897 3419; x_wconf 74' lang='grc' dir='ltr'>οὗ</span> 
     </span>
    </p>
   </div>
   <div class='ocr_carea' id='block_1_101' title="bbox 2286 3455 3900 3530">
    <p class='ocr_par' dir='ltr' id='par_1_101' title="bbox 2286 3455 3900 3530">
     <span class='ocr_line' id='line_1_101' title="bbox 2286 3455 3900 3530; baseline -0.004 -18"><span class='ocrx_word' id='word_1_813' title='bbox 2286 3460 2339 3512; x_wconf 91' lang='grc' dir='ltr'>τί</span> <span class='ocrx_word' id='word_1_814' title='bbox 2372 3459 2567 3529; x_wconf 90' lang='grc' dir='ltr'>γένοιτ’</span> <span class='ocrx_word' id='word_1_815' title='bbox 2603 3458 2668 3514; x_wconf 83' lang='grc' dir='ltr'>ἂν</span> <span class='ocrx_word' id='word_1_816' title='bbox 2699 3458 3081 3530; x_wconf 83' lang='grc' dir='ltr'>ἐλεεινότερον;</span> <span class='ocrx_word' id='word_1_817' title='bbox 3118 3456 3223 3512; x_wconf 73' lang='grc' dir='ltr'>Καὶ</span> <span class='ocrx_word' id='word_1_818' title='bbox 3256 3457 3366 3530; x_wconf 81' lang='grc' dir='ltr'>γὰρ</span> <span class='ocrx_word' id='word_1_819' title='bbox 3408 3461 3471 3512; x_wconf 88' lang='grc' dir='ltr'>ἐκ</span> <span class='ocrx_word' id='word_1_820' title='bbox 3497 3460 3592 3529; x_wconf 82' lang='grc' dir='ltr'>τῆς</span> <span class='ocrx_word' id='word_1_821' title='bbox 3622 3458 3803 3518; x_wconf 79' lang='grc' dir='ltr'>οἰκείας</span> <span class='ocrx_word' id='word_1_822' title='bbox 3827 3455 3900 3508; x_wconf 71' lang='grc' dir='ltr'>καὶ</span> 
     </span>
    </p>
   </div>
   <div class='ocr_carea' id='block_1_102' title="bbox 2287 3544 3896 3619">
    <p class='ocr_par' dir='ltr' id='par_1_102' title="bbox 2287 3544 3896 3619">
     <span class='ocr_line' id='line_1_102' title="bbox 2287 3544 3896 3619; baseline -0.004 -17"><span class='ocrx_word' id='word_1_823' title='bbox 2287 3550 2352 3602; x_wconf 85' lang='grc' dir='ltr'>ἐκ</span> <span class='ocrx_word' id='word_1_824' title='bbox 2383 3548 2483 3618; x_wconf 82' lang='grc' dir='ltr'>τῆς</span> <span class='ocrx_word' id='word_1_825' title='bbox 2505 3547 2793 3618; x_wconf 86' lang='grc' dir='ltr'>ἀλλοτρίας</span> <span class='ocrx_word' id='word_1_826' title='bbox 2819 3546 2959 3619; x_wconf 81' lang='grc' dir='ltr'>μετὰ</span> <span class='ocrx_word' id='word_1_827' title='bbox 2981 3546 3162 3617; x_wconf 88' lang='grc' dir='ltr'>φόϐων</span> <span class='ocrx_word' id='word_1_828' title='bbox 3192 3546 3283 3599; x_wconf 65' lang='grc' dir='ltr'>καὶ</span> <span class='ocrx_word' id='word_1_829' title='bbox 3314 3546 3573 3600; x_wconf 88' lang='grc' dir='ltr'>κινδύνων</span> <span class='ocrx_word' id='word_1_830' title='bbox 3597 3544 3896 3615; x_wconf 69' lang='grc' dir='ltr'>ἀποδημήσας,</span> 
     </span>
    </p>
   </div>
   <div class='ocr_carea' id='block_1_103' title="bbox 2288 3636 3900 3712">
    <p class='ocr_par' dir='ltr' id='par_1_103' title="bbox 2288 3636 3900 3712">
     <span class='ocr_line' id='line_1_103' title="bbox 2288 3636 3900 3712; baseline -0.005 -19"><span class='ocrx_word' id='word_1_831' title='bbox 2288 3643 2369 3703; x_wconf 86' lang='grc' dir='ltr'>είς</span> <span class='ocrx_word' id='word_1_832' title='bbox 2396 3639 2467 3693; x_wconf 87' lang='grc' dir='ltr'>τά</span> <span class='ocrx_word' id='word_1_833' title='bbox 2496 3642 2638 3695; x_wconf 86' lang='grc' dir='ltr'>αὐτὰ</span> <span class='ocrx_word' id='word_1_834' title='bbox 2663 3641 2826 3696; x_wconf 83' lang='grc' dir='ltr'>πάλιν</span> <span class='ocrx_word' id='word_1_835' title='bbox 2859 3639 3156 3711; x_wconf 86' lang='grc' dir='ltr'>ἐμπίπτειν</span> <span class='ocrx_word' id='word_1_836' title='bbox 3181 3639 3435 3712; x_wconf 77' lang='grc' dir='ltr'>βάραθρα</span> <span class='ocrx_word' id='word_1_837' title='bbox 3461 3638 3791 3710; x_wconf 74' lang='grc' dir='ltr'>ἠναγκάζετο.</span> <span class='ocrx_word' id='word_1_838' title='bbox 3820 3636 3900 3689; x_wconf 74' lang='grc' dir='ltr'>Τὸν</span> 
     </span>
    </p>
   </div>
   <div class='ocr_carea' id='block_1_104' title="bbox 2292 3725 3899 3804">
    <p class='ocr_par' dir='ltr' id='par_1_104' title="bbox 2292 3725 3899 3804">
     <span class='ocr_line' id='line_1_104' title="bbox 2292 3725 3899 3804; baseline -0.004 -18"><span class='ocrx_word' id='word_1_839' title='bbox 2292 3733 2390 3804; x_wconf 86' lang='grc' dir='ltr'>μὲν</span> <span class='ocrx_word' id='word_1_840' title='bbox 2418 3732 2528 3803; x_wconf 87' lang='grc' dir='ltr'>γὰρ</span> <span class='ocrx_word' id='word_1_841' title='bbox 2554 3732 2780 3802; x_wconf 78' lang='grc' dir='ltr'>ἀδελφὸν</span> <span class='ocrx_word' id='word_1_842' title='bbox 2811 3733 3000 3802; x_wconf 86' lang='grc' dir='ltr'>φυγὼν</span> <span class='ocrx_word' id='word_1_843' title='bbox 3025 3728 3156 3804; x_wconf 83' lang='grc' dir='ltr'>ἦλθε</span> <span class='ocrx_word' id='word_1_844' title='bbox 3181 3731 3316 3804; x_wconf 81' lang='grc' dir='ltr'>πρὸς</span> <span class='ocrx_word' id='word_1_845' title='bbox 3342 3732 3436 3784; x_wconf 76' lang='grc' dir='ltr'>τὸν</span> <span class='ocrx_word' id='word_1_846' title='bbox 3459 3730 3729 3802; x_wconf 67' lang='grc' dir='ltr'>κηδεστὴν,</span> <span class='ocrx_word' id='word_1_847' title='bbox 3753 3726 3838 3781; x_wconf 78' lang='grc' dir='ltr'>ὑπὸ</span> <span class='ocrx_word' id='word_1_848' title='bbox 3856 3725 3899 3777; x_wconf 65' lang='grc' dir='ltr'>δὲ</span> 
     </span>
    </p>
   </div>
   <div class='ocr_carea' id='block_1_105' title="bbox 2291 3824 3898 3904">
    <p class='ocr_par' dir='ltr' id='par_1_105' title="bbox 2291 3824 3898 3904">
     <span class='ocr_line' id='line_1_105' title="bbox 2291 3824 3898 3904; baseline -0.003 -24"><span class='ocrx_word' id='word_1_849' title='bbox 2291 3829 2478 3883; x_wconf 89' lang='grc' dir='ltr'>τούτου</span> <span class='ocrx_word' id='word_1_850' title='bbox 2513 3828 2678 3882; x_wconf 85' lang='grc' dir='ltr'>πάλιν</span> <span class='ocrx_word' id='word_1_851' title='bbox 2717 3828 3094 3904; x_wconf 82' lang='grc' dir='ltr'>ἐλαυνόμενος,</span> <span class='ocrx_word' id='word_1_852' title='bbox 3142 3830 3221 3892; x_wconf 82' lang='grc' dir='ltr'>εἰς</span> <span class='ocrx_word' id='word_1_853' title='bbox 3260 3826 3351 3881; x_wconf 80' lang='grc' dir='ltr'>τὸν</span> <span class='ocrx_word' id='word_1_854' title='bbox 3392 3826 3614 3895; x_wconf 85' lang='grc' dir='ltr'>ἀδελφὸν</span> <span class='ocrx_word' id='word_1_855' title='bbox 3654 3824 3898 3896; x_wconf 84' lang='grc' dir='ltr'>ἐμπίπτειν</span> 
     </span>
    </p>
   </div>
   <div class='ocr_carea' id='block_1_106' title="bbox 2291 3918 3900 3998">
    <p class='ocr_par' dir='ltr' id='par_1_106' title="bbox 2291 3918 3900 3998">
     <span class='ocr_line' id='line_1_106' title="bbox 2291 3918 3900 3998; baseline 0.005 -23"><span class='ocrx_word' id='word_1_856' title='bbox 2291 3922 2539 3986; x_wconf 83' lang='grc' dir='ltr'>ἐϐιάζετο</span> <span class='ocrx_word' id='word_1_857' title='bbox 2558 3939 2571 3952; x_wconf 82' lang='grc'><em>’</em></span> <span class='ocrx_word' id='word_1_858' title='bbox 2613 3921 2709 3976; x_wconf 75' lang='grc' dir='ltr'>καὶ</span> <span class='ocrx_word' id='word_1_859' title='bbox 2738 3922 2796 3975; x_wconf 79' lang='grc' dir='ltr'>τὸ</span> <span class='ocrx_word' id='word_1_860' title='bbox 2832 3923 3171 3993; x_wconf 84' lang='grc' dir='ltr'>προφητικὸν</span> <span class='ocrx_word' id='word_1_861' title='bbox 3208 3925 3388 3980; x_wconf 90' lang='grc' dir='ltr'>ἐκεῖνο</span> <span class='ocrx_word' id='word_1_862' title='bbox 3428 3928 3723 3998; x_wconf 77' lang='grc' dir='ltr'>ὑπέμεινεν,</span> <span class='ocrx_word' id='word_1_863' title='bbox 3746 3921 3772 3975; x_wconf 79' lang='grc' dir='ltr'><strong>ὅ</strong></span> <span class='ocrx_word' id='word_1_864' title='bbox 3799 3918 3900 3989; x_wconf 73' lang='grc' dir='ltr'>περὶ</span> 
     </span>
    </p>
   </div>
   <div class='ocr_carea' id='block_1_107' title="bbox 2292 4017 3892 4094">
    <p class='ocr_par' dir='ltr' id='par_1_107' title="bbox 2292 4017 3892 4094">
     <span class='ocr_line' id='line_1_107' title="bbox 2292 4017 3892 4094; baseline 0.003 -21"><span class='ocrx_word' id='word_1_865' title='bbox 2292 4019 2389 4090; x_wconf 82' lang='grc' dir='ltr'>τῆς</span> <span class='ocrx_word' id='word_1_866' title='bbox 2411 4019 2623 4094; x_wconf 82' lang='grc' dir='ltr'>ἡμέρας</span> <span class='ocrx_word' id='word_1_867' title='bbox 2645 4019 2851 4091; x_wconf 85' lang='grc' dir='ltr'>Κυρίου</span> <span class='ocrx_word' id='word_1_868' title='bbox 2874 4022 3038 4092; x_wconf 83' lang='grc' dir='ltr'>φησὶν</span> <span class='ocrx_word' id='word_1_869' title='bbox 3057 4021 3085 4074; x_wconf 90' lang='grc' dir='ltr'>ὁ</span> <span class='ocrx_word' id='word_1_870' title='bbox 3123 4021 3323 4092; x_wconf 82' lang='grc' dir='ltr'>Ἀμώς·</span> <span class='ocrx_word' id='word_1_871' title='bbox 3360 4024 3472 4079; x_wconf 85' lang='grc' dir='ltr'>Ὃν</span> <span class='ocrx_word' id='word_1_872' title='bbox 3489 4024 3698 4093; x_wconf 75' lang='grc' dir='ltr'>τρόπον</span> <span class='ocrx_word' id='word_1_873' title='bbox 3716 4017 3808 4074; x_wconf 75' lang='grc' dir='ltr'>ἐὰν</span> <span class='ocrx_word' id='word_1_874' title='bbox 3830 4030 3892 4077; x_wconf 70' lang='lat' dir='ltr'>ru</span> 
     </span>
    </p>
   </div>
   <div class='ocr_carea' id='block_1_108' title="bbox 2292 4108 3898 4189">
    <p class='ocr_par' dir='ltr' id='par_1_108' title="bbox 2292 4108 3898 4189">
     <span class='ocr_line' id='line_1_108' title="bbox 2292 4108 3898 4189; baseline 0.003 -19"><span class='ocrx_word' id='word_1_875' title='bbox 2292 4115 2517 4187; x_wconf 70' lang='grc' dir='ltr'>ἐκφύγῃ</span> <span class='ocrx_word' id='word_1_876' title='bbox 2556 4117 2676 4171; x_wconf 83' lang='grc' dir='ltr'>ἀπὸ</span> <span class='ocrx_word' id='word_1_877' title='bbox 2723 4116 3047 4185; x_wconf 80' lang='grc' dir='ltr'>προσώπου</span> <span class='ocrx_word' id='word_1_878' title='bbox 3084 4118 3352 4185; x_wconf 76' lang='grc' dir='ltr'>λέοντος,</span> <span class='ocrx_word' id='word_1_879' title='bbox 3396 4122 3495 4175; x_wconf 81' lang='grc' dir='ltr'>καί</span> <span class='ocrx_word' id='word_1_880' title='bbox 3525 4117 3731 4189; x_wconf 76' lang='grc' dir='ltr'>ἐμπέσῃ</span> <span class='ocrx_word' id='word_1_881' title='bbox 3772 4108 3898 4175; x_wconf 73' lang='grc' dir='ltr'>αὐτῷ</span> 
     </span>
    </p>
   </div>
   <div class='ocr_carea' id='block_1_109' title="bbox 2290 4201 3898 4274">
    <p class='ocr_par' dir='ltr' id='par_1_109' title="bbox 2290 4201 3898 4274">
     <span class='ocr_line' id='line_1_109' title="bbox 2290 4201 3898 4274; baseline -0.003 -18"><span class='ocrx_word' id='word_1_882' title='bbox 2290 4202 2525 4272; x_wconf 74' lang='grc' dir='ltr'>ἄρκτος,</span> <span class='ocrx_word' id='word_1_883' title='bbox 2537 4204 2633 4258; x_wconf 81' lang='grc' dir='ltr'>καὶ</span> <span class='ocrx_word' id='word_1_884' title='bbox 2656 4203 3002 4273; x_wconf 80' lang='grc' dir='ltr'>είσπηδήσῃ</span> <span class='ocrx_word' id='word_1_885' title='bbox 3019 4208 3107 4272; x_wconf 81' lang='grc' dir='ltr'>εὶς</span> <span class='ocrx_word' id='word_1_886' title='bbox 3121 4206 3237 4274; x_wconf 78' lang='grc' dir='ltr'>τὴν</span> <span class='ocrx_word' id='word_1_887' title='bbox 3260 4208 3461 4261; x_wconf 75' lang='grc' dir='ltr'>οὶκίαν</span> <span class='ocrx_word' id='word_1_888' title='bbox 3478 4206 3674 4271; x_wconf 85' lang='grc' dir='ltr'>αὑτοῦ,</span> <span class='ocrx_word' id='word_1_889' title='bbox 3708 4201 3795 4257; x_wconf 76' lang='grc' dir='ltr'>καί</span> <span class='ocrx_word' id='word_1_890' title='bbox 3812 4202 3898 4254; x_wconf 75' lang='grc' dir='ltr'>ἀπ-</span> 
     </span>
    </p>
   </div>
   <div class='ocr_carea' id='block_1_110' title="bbox 2273 4296 3899 4373">
    <p class='ocr_par' dir='ltr' id='par_1_110' title="bbox 2273 4296 3899 4373">
     <span class='ocr_line' id='line_1_110' title="bbox 2273 4296 3899 4373; baseline -0.006 -15"><span class='ocrx_word' id='word_1_891' title='bbox 2273 4302 2494 4370; x_wconf 75' lang='grc' dir='ltr'>·ερείσῃ</span> <span class='ocrx_word' id='word_1_892' title='bbox 2523 4301 2640 4370; x_wconf 78' lang='grc' dir='ltr'>τὴν</span> <span class='ocrx_word' id='word_1_893' title='bbox 2669 4302 2837 4371; x_wconf 82' lang='grc' dir='ltr'>χεῖρα</span> <span class='ocrx_word' id='word_1_894' title='bbox 2861 4302 3049 4358; x_wconf 86' lang='grc' dir='ltr'>αὑτοῦ</span> <span class='ocrx_word' id='word_1_895' title='bbox 3076 4305 3163 4369; x_wconf 83' lang='grc' dir='ltr'>είς</span> <span class='ocrx_word' id='word_1_896' title='bbox 3189 4303 3299 4357; x_wconf 80' lang='grc' dir='ltr'>τὸν</span> <span class='ocrx_word' id='word_1_897' title='bbox 3313 4302 3643 4373; x_wconf 74' lang='grc' dir='ltr'>τοῖχον,καὶ</span> <span class='ocrx_word' id='word_1_898' title='bbox 3669 4299 3803 4366; x_wconf 78' lang='grc' dir='ltr'>δάκῃ</span> <span class='ocrx_word' id='word_1_899' title='bbox 3820 4296 3899 4349; x_wconf 70' lang='grc' dir='ltr'>σὺν</span> 
     </span>
    </p>
   </div>
   <div class='ocr_carea' id='block_1_111' title="bbox 2286 4393 3898 4469">
    <p class='ocr_par' dir='ltr' id='par_1_111' title="bbox 2286 4393 3898 4469">
     <span class='ocr_line' id='line_1_111' title="bbox 2286 4393 3898 4469; baseline -0.004 -20"><span class='ocrx_word' id='word_1_900' title='bbox 2286 4394 2396 4448; x_wconf 75' lang='grc' dir='ltr'>τὸν</span> <span class='ocrx_word' id='word_1_901' title='bbox 2430 4397 2463 4449; x_wconf 83' lang='grc' dir='ltr'><em>ὀ</em></span> <span class='ocrx_word' id='word_1_902' title='bbox 2488 4393 2647 4463; x_wconf 75' lang='grc' dir='ltr'>ὄφις.</span> <span class='ocrx_word' id='word_1_903' title='bbox 2683 4395 2834 4449; x_wconf 85' lang='grc' dir='ltr'>Τίδέ</span> <span class='ocrx_word' id='word_1_904' title='bbox 2867 4396 2949 4449; x_wconf 87' lang='grc' dir='ltr'>δεῖ</span> <span class='ocrx_word' id='word_1_905' title='bbox 2971 4395 3151 4464; x_wconf 87' lang='grc' dir='ltr'>λέγειν</span> <span class='ocrx_word' id='word_1_906' title='bbox 3176 4396 3265 4451; x_wconf 86' lang='grc' dir='ltr'>τὸν</span> <span class='ocrx_word' id='word_1_907' title='bbox 3289 4397 3493 4469; x_wconf 86' lang='grc' dir='ltr'>τρόμον</span> <span class='ocrx_word' id='word_1_908' title='bbox 3526 4398 3583 4451; x_wconf 87' lang='grc' dir='ltr'>ὁν</span> <span class='ocrx_word' id='word_1_909' title='bbox 3611 4394 3798 4461; x_wconf 82' lang='grc' dir='ltr'>ὑπέστη</span> <span class='ocrx_word' id='word_1_910' title='bbox 3823 4404 3898 4442; x_wconf 84' lang='grc' dir='ltr'>κα·</span> 
     </span>
    </p>
   </div>
   <div class='ocr_carea' id='block_1_112' title="bbox 2288 4486 3897 4565">
    <p class='ocr_par' dir='ltr' id='par_1_112' title="bbox 2288 4486 3897 4565">
     <span class='ocr_line' id='line_1_112' title="bbox 2288 4486 3897 4565; baseline -0.001 -22"><span class='ocrx_word' id='word_1_911' title='bbox 2288 4489 2587 4562; x_wconf 70' lang='grc' dir='ltr'>ταληφθεὶς</span> <span class='ocrx_word' id='word_1_912' title='bbox 2634 4492 2739 4546; x_wconf 80' lang='grc' dir='ltr'>ὑπὸ</span> <span class='ocrx_word' id='word_1_913' title='bbox 2781 4493 2876 4547; x_wconf 86' lang='grc' dir='ltr'>τοῦ</span> <span class='ocrx_word' id='word_1_914' title='bbox 2909 4493 3114 4559; x_wconf 84' lang='grc' dir='ltr'>Λάϐαν,</span> <span class='ocrx_word' id='word_1_915' title='bbox 3159 4494 3258 4557; x_wconf 75' lang='grc' dir='ltr'>τὰς</span> <span class='ocrx_word' id='word_1_916' title='bbox 3294 4494 3506 4565; x_wconf 84' lang='grc' dir='ltr'>θλίψεις</span> <span class='ocrx_word' id='word_1_917' title='bbox 3537 4493 3635 4557; x_wconf 82' lang='grc' dir='ltr'>τὰς</span> <span class='ocrx_word' id='word_1_918' title='bbox 3674 4490 3796 4546; x_wconf 80' lang='grc' dir='ltr'>κατὰ</span> <span class='ocrx_word' id='word_1_919' title='bbox 3821 4486 3897 4556; x_wconf 74' lang='grc' dir='ltr'>τὴν</span> 
     </span>
    </p>
   </div>
   <div class='ocr_carea' id='block_1_113' title="bbox 2272 4575 3897 4652">
    <p class='ocr_par' dir='ltr' id='par_1_113' title="bbox 2272 4575 3897 4652">
     <span class='ocr_line' id='line_1_113' title="bbox 2272 4575 3897 4652; baseline -0.006 -19"><span class='ocrx_word' id='word_1_920' title='bbox 2272 4577 2620 4652; x_wconf 82' lang='grc' dir='ltr'>-ὁδοιπορίαν,</span> <span class='ocrx_word' id='word_1_921' title='bbox 2661 4581 2994 4652; x_wconf 89' lang='grc' dir='ltr'>θρεμμάτων</span> <span class='ocrx_word' id='word_1_922' title='bbox 3036 4582 3310 4637; x_wconf 87' lang='grc' dir='ltr'>τοσούτων</span> <span class='ocrx_word' id='word_1_923' title='bbox 3358 4584 3453 4637; x_wconf 74' lang='grc' dir='ltr'>καὶ</span> <span class='ocrx_word' id='word_1_924' title='bbox 3488 4582 3681 4636; x_wconf 86' lang='grc' dir='ltr'>παίδων</span> <span class='ocrx_word' id='word_1_925' title='bbox 3715 4575 3897 4632; x_wconf 82' lang='grc' dir='ltr'>ἀκολου-</span> 
     </span>
    </p>
   </div>
   <div class='ocr_carea' id='block_1_114' title="bbox 2242 4661 3896 4741">
    <p class='ocr_par' dir='ltr' id='par_1_114' title="bbox 2242 4661 3896 4741">
     <span class='ocr_line' id='line_1_114' title="bbox 2242 4661 3896 4741; baseline 0.007 -21"><span class='ocrx_word' id='word_1_926' title='bbox 2242 4666 2529 4725; x_wconf 70' lang='grc' dir='ltr'>.θούντων</span> <span class='ocrx_word' id='word_1_927' title='bbox 2560 4668 2744 4740; x_wconf 75' lang='grc' dir='ltr'>αὐτῷς</span> <span class='ocrx_word' id='word_1_928' title='bbox 2795 4670 2936 4722; x_wconf 78' lang='grc' dir='ltr'>Ἀλλ’</span> <span class='ocrx_word' id='word_1_929' title='bbox 2966 4671 3154 4741; x_wconf 84' lang='grc' dir='ltr'>ἐπειδὴ</span> <span class='ocrx_word' id='word_1_930' title='bbox 3188 4671 3288 4741; x_wconf 85' lang='grc' dir='ltr'>τὴν</span> <span class='ocrx_word' id='word_1_931' title='bbox 3334 4671 3623 4740; x_wconf 80' lang='grc' dir='ltr'>ἀδελφικὴν</span> <span class='ocrx_word' id='word_1_932' title='bbox 3659 4667 3768 4736; x_wconf 71' lang='grc' dir='ltr'>ὄψιν</span> <span class='ocrx_word' id='word_1_933' title='bbox 3794 4661 3896 4731; x_wconf 64' lang='grc' dir='ltr'>ἀρᾷν</span> 
     </span>
    </p>
   </div>
   <div class='ocr_carea' id='block_1_115' title="bbox 2289 4748 3898 4831">
    <p class='ocr_par' dir='ltr' id='par_1_115' title="bbox 2289 4748 3898 4831">
     <span class='ocr_line' id='line_1_115' title="bbox 2289 4748 3898 4831; baseline 0.001 -24"><span class='ocrx_word' id='word_1_934' title='bbox 2289 4754 2537 4825; x_wconf 80' lang='grc' dir='ltr'>ἔμελλεν,</span> <span class='ocrx_word' id='word_1_935' title='bbox 2559 4757 2621 4810; x_wconf 83' lang='grc' dir='ltr'>οὐ</span> <span class='ocrx_word' id='word_1_936' title='bbox 2643 4756 2806 4810; x_wconf 84' lang='grc' dir='ltr'>ταυτὸ</span> <span class='ocrx_word' id='word_1_937' title='bbox 2826 4757 3034 4829; x_wconf 71' lang='grc' dir='ltr'>ἔπασχε</span> <span class='ocrx_word' id='word_1_938' title='bbox 3054 4761 3169 4822; x_wconf 82' lang='grc' dir='ltr'>τοῖς</span> <span class='ocrx_word' id='word_1_939' title='bbox 3191 4758 3362 4831; x_wconf 91' lang='grc' dir='ltr'>ὁρῶσι</span> <span class='ocrx_word' id='word_1_940' title='bbox 3377 4760 3476 4830; x_wconf 70' lang='grc' dir='ltr'>τὴν</span> <span class='ocrx_word' id='word_1_941' title='bbox 3504 4748 3647 4828; x_wconf 63' lang='grc' dir='ltr'>παρὶ</span> <span class='ocrx_word' id='word_1_942' title='bbox 3665 4757 3764 4816; x_wconf 84' lang='grc' dir='ltr'>τοῖς</span> <span class='ocrx_word' id='word_1_943' title='bbox 3780 4762 3898 4817; x_wconf 83' lang='grc' dir='ltr'>ποιη-</span> 
     </span>
    </p>
   </div>
   <div class='ocr_carea' id='block_1_116' title="bbox 2285 4834 3896 4917">
    <p class='ocr_par' dir='ltr' id='par_1_116' title="bbox 2285 4834 3896 4917">
     <span class='ocr_line' id='line_1_116' title="bbox 2285 4834 3896 4917; baseline 0 -21"><span class='ocrx_word' id='word_1_944' title='bbox 2285 4845 2407 4907; x_wconf 88' lang='grc' dir='ltr'>ταῖς</span> <span class='ocrx_word' id='word_1_945' title='bbox 2431 4843 2806 4916; x_wconf 87' lang='grc' dir='ltr'>πλαττομένην</span> <span class='ocrx_word' id='word_1_946' title='bbox 2823 4845 2915 4899; x_wconf 77' lang='grc' dir='ltr'>ὑπ⁹</span> <span class='ocrx_word' id='word_1_947' title='bbox 2931 4846 3156 4899; x_wconf 88' lang='grc' dir='ltr'>ἐκείνων</span> <span class='ocrx_word' id='word_1_948' title='bbox 3174 4846 3439 4917; x_wconf 74' lang='grc' dir='ltr'>Γοργόνος</span> <span class='ocrx_word' id='word_1_949' title='bbox 3454 4845 3685 4915; x_wconf 86' lang='grc' dir='ltr'>κεφαλήν</span> <span class='ocrx_word' id='word_1_950' title='bbox 3702 4859 3714 4909; x_wconf 88' lang='grc'><strong>;</strong></span> <span class='ocrx_word' id='word_1_951' title='bbox 3741 4840 3822 4907; x_wconf 73' lang='grc' dir='ltr'>οὐχ</span> <span class='ocrx_word' id='word_1_952' title='bbox 3839 4834 3896 4896; x_wconf 78' lang='grc' dir='ltr'>ὡς</span> 
     </span>
    </p>
   </div>
   <div class='ocr_carea' id='block_1_117' title="bbox 2276 4930 3897 5004">
    <p class='ocr_par' dir='ltr' id='par_1_117' title="bbox 2276 4930 3897 5004">
     <span class='ocr_line' id='line_1_117' title="bbox 2276 4930 3897 5004; baseline -0.006 -19"><span class='ocrx_word' id='word_1_953' title='bbox 2276 4931 2386 5004; x_wconf 69' lang='grc' dir='ltr'>τὴν</span> <span class='ocrx_word' id='word_1_954' title='bbox 2415 4932 2508 4985; x_wconf 76' lang='grc' dir='ltr'>ἐπὶ</span> <span class='ocrx_word' id='word_1_955' title='bbox 2530 4932 2759 4986; x_wconf 86' lang='grc' dir='ltr'>θάνατον</span> <span class='ocrx_word' id='word_1_956' title='bbox 2773 4932 2974 4998; x_wconf 84' lang='grc' dir='ltr'>ἀπιὼν,</span> <span class='ocrx_word' id='word_1_957' title='bbox 2998 4934 3173 4999; x_wconf 78' lang='grc' dir='ltr'>οὕτως</span> <span class='ocrx_word' id='word_1_958' title='bbox 3187 4935 3399 4988; x_wconf 75' lang='grc' dir='ltr'>ᾶπαντα</span> <span class='ocrx_word' id='word_1_959' title='bbox 3414 4935 3723 4994; x_wconf 74' lang='grc' dir='ltr'>διετάττετος</span> <span class='ocrx_word' id='word_1_960' title='bbox 3746 4930 3897 4980; x_wconf 77' lang='grc' dir='ltr'>Ἀκου-</span> 
     </span>
    </p>
   </div>
   <div class='ocr_carea' id='block_1_118' title="bbox 2291 5014 3896 5099">
    <p class='ocr_par' dir='ltr' id='par_1_118' title="bbox 2291 5014 3896 5099">
     <span class='ocr_line' id='line_1_118' title="bbox 2291 5014 3896 5099; baseline -0.002 -25"><span class='ocrx_word' id='word_1_961' title='bbox 2291 5037 2383 5074; x_wconf 90' lang='grc' dir='ltr'>σον</span> <span class='ocrx_word' id='word_1_962' title='bbox 2416 5021 2524 5075; x_wconf 89' lang='grc' dir='ltr'>τῶν</span> <span class='ocrx_word' id='word_1_963' title='bbox 2564 5023 2827 5099; x_wconf 78' lang='grc' dir='ltr'>ῥημάτων</span> <span class='ocrx_word' id='word_1_964' title='bbox 2864 5022 3050 5087; x_wconf 80' lang='grc' dir='ltr'>αὐτοῦ,</span> <span class='ocrx_word' id='word_1_965' title='bbox 3089 5024 3185 5077; x_wconf 74' lang='grc' dir='ltr'>καὶ</span> <span class='ocrx_word' id='word_1_966' title='bbox 3225 5023 3364 5095; x_wconf 86' lang='grc' dir='ltr'>μάθε</span> <span class='ocrx_word' id='word_1_967' title='bbox 3398 5025 3496 5096; x_wconf 84' lang='grc' dir='ltr'>τὴν</span> <span class='ocrx_word' id='word_1_968' title='bbox 3524 5014 3896 5086; x_wconf 76' lang='grc' dir='ltr'>ἐναποκειμένην</span> 
     </span>
    </p>
   </div>
   <div class='ocr_carea' id='block_1_119' title="bbox 2288 5100 3893 5184">
    <p class='ocr_par' dir='ltr' id='par_1_119' title="bbox 2288 5100 3893 5184">
     <span class='ocr_line' id='line_1_119' title="bbox 2288 5100 3893 5184; baseline -0.002 -22"><span class='ocrx_word' id='word_1_969' title='bbox 2288 5109 2456 5163; x_wconf 79' lang='grc' dir='ltr'>αὐτοῦ</span> <span class='ocrx_word' id='word_1_970' title='bbox 2487 5110 2661 5180; x_wconf 88' lang='grc' dir='ltr'>φλόγα</span> <span class='ocrx_word' id='word_1_971' title='bbox 2688 5113 2755 5182; x_wconf 80' lang='grc' dir='ltr'>τῇ</span> <span class='ocrx_word' id='word_1_972' title='bbox 2791 5111 2937 5181; x_wconf 74' lang='grc' dir='ltr'>ψυχῇ</span> <span class='ocrx_word' id='word_1_973' title='bbox 2959 5124 2973 5137; x_wconf 80' lang='grc'><em>”</em></span> <span class='ocrx_word' id='word_1_974' title='bbox 3019 5111 3288 5176; x_wconf 76' lang='grc' dir='ltr'>Ἐξελοῦ-</span> <span class='ocrx_word' id='word_1_975' title='bbox 3302 5130 3399 5182; x_wconf 82' lang='grc' dir='ltr'>με,</span> <span class='ocrx_word' id='word_1_976' title='bbox 3435 5113 3611 5184; x_wconf 73' lang='grc' dir='ltr'>φησὶν,</span> <span class='ocrx_word' id='word_1_977' title='bbox 3637 5112 3667 5163; x_wconf 87' lang='grc' dir='ltr'>ό</span> <span class='ocrx_word' id='word_1_978' title='bbox 3694 5104 3817 5169; x_wconf 82' lang='grc' dir='ltr'>Θεὸς</span> <span class='ocrx_word' id='word_1_979' title='bbox 3842 5100 3893 5153; x_wconf 82' lang='grc' dir='ltr'>ἐκ</span> 
     </span>
    </p>
   </div>
   <div class='ocr_carea' id='block_1_120' title="bbox 2290 5185 3896 5268">
    <p class='ocr_par' dir='ltr' id='par_1_120' title="bbox 2290 5185 3896 5268">
     <span class='ocr_line' id='line_1_120' title="bbox 2290 5185 3896 5268; baseline -0.006 -18"><span class='ocrx_word' id='word_1_980' title='bbox 2290 5197 2489 5265; x_wconf 77' lang='grc' dir='ltr'>χειρός</span> <span class='ocrx_word' id='word_1_981' title='bbox 2510 5208 2532 5236; x_wconf 72' lang='grc' dir='ltr'>α</span> <span class='ocrx_word' id='word_1_982' title='bbox 2579 5197 2770 5253; x_wconf 83' lang='grc' dir='ltr'>Ἠσαῦ</span> <span class='ocrx_word' id='word_1_983' title='bbox 2802 5197 2910 5253; x_wconf 86' lang='grc' dir='ltr'>τοῦ</span> <span class='ocrx_word' id='word_1_984' title='bbox 2937 5198 3207 5267; x_wconf 65' lang='grc' dir='ltr'>ἀδελφοῦ</span> <span class='ocrx_word' id='word_1_985' title='bbox 3235 5218 3355 5268; x_wconf 83' lang='grc' dir='ltr'>μου</span> <span class='ocrx_word' id='word_1_986' title='bbox 3374 5242 3388 5263; x_wconf 94' lang='grc'>,</span> <span class='ocrx_word' id='word_1_987' title='bbox 3421 5201 3507 5253; x_wconf 79' lang='grc' dir='ltr'>ὅτι</span> <span class='ocrx_word' id='word_1_988' title='bbox 3526 5196 3789 5267; x_wconf 68' lang='grc' dir='ltr'>φοϐοῦμαι</span> <span class='ocrx_word' id='word_1_989' title='bbox 3807 5185 3896 5256; x_wconf 59' lang='grc' dir='ltr'>ἐγὼ</span> 
     </span>
    </p>
   </div>
   <div class='ocr_carea' id='block_1_121' title="bbox 2287 5270 3895 5358">
    <p class='ocr_par' dir='ltr' id='par_1_121' title="bbox 2287 5270 3895 5358">
     <span class='ocr_line' id='line_1_121' title="bbox 2287 5270 3895 5358; baseline -0.008 -21"><span class='ocrx_word' id='word_1_990' title='bbox 2287 5283 2496 5346; x_wconf 81' lang='grc' dir='ltr'>αὑτὸν,</span> <span class='ocrx_word' id='word_1_991' title='bbox 2516 5284 2754 5353; x_wconf 78' lang='grc' dir='ltr'>μήποτε</span> <span class='ocrx_word' id='word_1_992' title='bbox 2778 5286 2976 5340; x_wconf 71' lang='grc' dir='ltr'>ἐλθὼν</span> <span class='ocrx_word' id='word_1_993' title='bbox 2993 5286 3233 5354; x_wconf 76' lang='grc' dir='ltr'>πατάξῃ</span> <span class='ocrx_word' id='word_1_994' title='bbox 3249 5304 3327 5356; x_wconf 77' lang='grc' dir='ltr'>με</span> <span class='ocrx_word' id='word_1_995' title='bbox 3358 5288 3454 5340; x_wconf 80' lang='grc' dir='ltr'>καὶ</span> <span class='ocrx_word' id='word_1_996' title='bbox 3477 5284 3693 5355; x_wconf 79' lang='grc' dir='ltr'>μητέρα</span> <span class='ocrx_word' id='word_1_997' title='bbox 3715 5276 3799 5358; x_wconf 71' lang='grc' dir='ltr'>ἐπὶ</span> <span class='ocrx_word' id='word_1_998' title='bbox 3828 5270 3895 5326; x_wconf 77' lang='grc' dir='ltr'>τέ-</span> 
     </span>
    </p>
   </div>
   <div class='ocr_carea' id='block_1_122' title="bbox 2290 5363 3893 5445">
    <p class='ocr_par' dir='ltr' id='par_1_122' title="bbox 2290 5363 3893 5445">
     <span class='ocr_line' id='line_1_122' title="bbox 2290 5363 3893 5445; baseline 0.003 -21"><span class='ocrx_word' id='word_1_999' title='bbox 2290 5389 2477 5438; x_wconf 76' lang='grc' dir='ltr'>κνοις.</span> <span class='ocrx_word' id='word_1_1000' title='bbox 2510 5372 2595 5426; x_wconf 89' lang='grc' dir='ltr'>Σὺ</span> <span class='ocrx_word' id='word_1_1001' title='bbox 2629 5371 2697 5425; x_wconf 84' lang='grc' dir='ltr'>δέ</span> <span class='ocrx_word' id='word_1_1002' title='bbox 2716 5389 2820 5442; x_wconf 86' lang='grc' dir='ltr'>μοι</span> <span class='ocrx_word' id='word_1_1003' title='bbox 2861 5369 3068 5439; x_wconf 77' lang='grc' dir='ltr'>εἶπας,</span> <span class='ocrx_word' id='word_1_1004' title='bbox 3092 5369 3179 5428; x_wconf 83' lang='grc' dir='ltr'>Εὖ</span> <span class='ocrx_word' id='word_1_1005' title='bbox 3213 5390 3287 5428; x_wconf 87' lang='grc' dir='ltr'>σε</span> <span class='ocrx_word' id='word_1_1006' title='bbox 3318 5373 3460 5445; x_wconf 76' lang='grc'>(199)</span> <span class='ocrx_word' id='word_1_1007' title='bbox 3499 5370 3733 5438; x_wconf 74' lang='grc' dir='ltr'>ποιήσω.</span> <span class='ocrx_word' id='word_1_1008' title='bbox 3751 5363 3893 5429; x_wconf 69' lang='grc' dir='ltr'>Πόσῑν</span> 
     </span>
    </p>
   </div>
   <div class='ocr_carea' id='block_1_123' title="bbox 2287 5460 3892 5540">
    <p class='ocr_par' dir='ltr' id='par_1_123' title="bbox 2287 5460 3892 5540">
     <span class='ocr_line' id='line_1_123' title="bbox 2287 5460 3892 5540; baseline -0.006 -19"><span class='ocrx_word' id='word_1_1009' title='bbox 2287 5470 2387 5522; x_wconf 80' lang='grc' dir='ltr'>οὐκ</span> <span class='ocrx_word' id='word_1_1010' title='bbox 2415 5467 2482 5522; x_wconf 78' lang='grc' dir='ltr'>ἂν</span> <span class='ocrx_word' id='word_1_1011' title='bbox 2503 5468 2843 5540; x_wconf 84' lang='grc' dir='ltr'>εὐφροσύνην</span> <span class='ocrx_word' id='word_1_1012' title='bbox 2871 5468 3127 5535; x_wconf 83' lang='grc' dir='ltr'>ἐξέϐαλεν</span> <span class='ocrx_word' id='word_1_1013' title='bbox 3155 5464 3309 5536; x_wconf 72' lang='grc' dir='ltr'>οὗτος</span> <span class='ocrx_word' id='word_1_1014' title='bbox 3333 5474 3361 5526; x_wconf 94' lang='grc' dir='ltr'>ὁ</span> <span class='ocrx_word' id='word_1_1015' title='bbox 3384 5470 3562 5540; x_wconf 86' lang='grc' dir='ltr'>φόϐος,</span> <span class='ocrx_word' id='word_1_1016' title='bbox 3583 5469 3626 5520; x_wconf 87' lang='grc' dir='ltr'>εί</span> <span class='ocrx_word' id='word_1_1017' title='bbox 3654 5464 3735 5519; x_wconf 75' lang='grc' dir='ltr'>καὶ</span> <span class='ocrx_word' id='word_1_1018' title='bbox 3754 5460 3892 5513; x_wconf 79' lang='grc' dir='ltr'>πάντα</span> 
     </span>
    </p>
   </div>
   <div class='ocr_carea' id='block_1_124' title="bbox 2286 5541 3893 5631">
    <p class='ocr_par' dir='ltr' id='par_1_124' title="bbox 2286 5541 3893 5631">
     <span class='ocr_line' id='line_1_124' title="bbox 2286 5541 3893 5631; baseline -0.001 -21"><span class='ocrx_word' id='word_1_1019' title='bbox 2286 5556 2380 5610; x_wconf 84' lang='grc' dir='ltr'>τὸν</span> <span class='ocrx_word' id='word_1_1020' title='bbox 2411 5556 2724 5628; x_wconf 73' lang='grc' dir='ltr'>ἔμπροσθεν</span> <span class='ocrx_word' id='word_1_1021' title='bbox 2755 5558 2948 5630; x_wconf 87' lang='grc' dir='ltr'>χρόνον</span> <span class='ocrx_word' id='word_1_1022' title='bbox 2978 5561 3036 5611; x_wconf 85' lang='grc' dir='ltr'>ἐν</span> <span class='ocrx_word' id='word_1_1023' title='bbox 3064 5559 3298 5631; x_wconf 82' lang='grc' dir='ltr'>εύθυμίᾳ</span> <span class='ocrx_word' id='word_1_1024' title='bbox 3315 5554 3683 5618; x_wconf 80' lang='grc' dir='ltr'>διατετελεκὼς</span> <span class='ocrx_word' id='word_1_1025' title='bbox 3697 5548 3756 5623; x_wconf 76' lang='grc' dir='ltr'>ἦν</span> <span class='ocrx_word' id='word_1_1026' title='bbox 3777 5541 3893 5614; x_wconf 78' lang='grc' dir='ltr'>;Νὖν</span> 
     </span>
    </p>
   </div>
   <div class='ocr_carea' id='block_1_125' title="bbox 2355 5753 3917 5841">
    <p class='ocr_par' dir='ltr' id='par_1_125' title="bbox 2355 5753 3917 5841">
     <span class='ocr_line' id='line_1_125' title="bbox 2355 5753 3917 5841; baseline 0.002 -26"><span class='ocrx_word' id='word_1_1027' title='bbox 2355 5764 2377 5794; x_wconf 72' lang='grc' dir='ltr'>ε</span> <span class='ocrx_word' id='word_1_1028' title='bbox 2400 5762 2670 5815; x_wconf 67' lang='grc' dir='ltr'>εοιδοτιίηι</span> <span class='ocrx_word' id='word_1_1029' title='bbox 2694 5765 2792 5813; x_wconf 81' lang='lat' dir='ltr'>duo</span> <span class='ocrx_word' id='word_1_1030' title='bbox 2816 5766 3037 5817; x_wconf 71' lang='grc' dir='ltr'>ριεει-ίι.</span> <span class='ocrx_word' id='word_1_1031' title='bbox 3060 5768 3115 5817; x_wconf 81' lang='grc' dir='ltr'>ἐκ</span> <span class='ocrx_word' id='word_1_1032' title='bbox 3144 5772 3313 5834; x_wconf 67' lang='grc' dir='ltr'>χειρός,</span> <span class='ocrx_word' id='word_1_1033' title='bbox 3344 5767 3542 5817; x_wconf 63' lang='lat' dir='ltr'>510er</span> <span class='ocrx_word' id='word_1_1034' title='bbox 3572 5764 3659 5813; x_wconf 79' lang='grc' dir='ltr'>τῶν</span> <span class='ocrx_word' id='word_1_1035' title='bbox 3687 5753 3848 5825; x_wconf 74' lang='grc' dir='ltr'>χειρῶν·</span> <span class='ocrx_word' id='word_1_1036' title='bbox 3908 5826 3917 5841; x_wconf 53' lang='grc'>,</span> 
     </span>
    </p>
   </div>
  </div>
