4138 6418
353 403 466 462 466

355 617 610 681 parentes
641 607 776 677 fuga:
805 605 1141 662 committere
1178 611 1478 674 coguntur;
1519 601 1818 671 improbum
1854 616 1949 653 au-

355 711 466 756 tem
495 699 584 770 qui
615 699 716 754 sibi
742 712 978 752 amaram
1020 694 1279 751 reddebat
1305 695 1467 748 vitam
1497 692 1516 762 (
1534 692 1635 746 hoc
1663 691 1805 746 enim
1837 691 1948 759 ipsa

353 791 602 845 Rebecca
647 787 910 858 indicat),
955 787 1096 856 apud
1139 801 1198 840 se
1237 786 1434 854 jugiter
1475 783 1746 838 tenebant.
1787 782 1950 852 Igitur

351 901 481 941 cum
515 885 603 939 ille
631 883 903 953 effugisset
926 924 942 950 ,
984 883 1037 936 in
1077 882 1239 936 domo
1271 895 1487 950 semper
1523 881 1778 935 educatus
1805 881 1952 949 (erat

349 981 501 1034 enim
543 979 801 1032 innocens
844 976 1088 1031 habitans
1135 975 1314 1040 domi,
1364 983 1522 1044 atque
1562 982 1618 1028 ut
1661 973 1949 1043 plurimum

353 1084 480 1124 cum
506 1077 676 1123 matre
703 1067 847 1122 domi
873 1067 1188 1136 manserat).
1213 1067 1405 1137 quibus
1435 1066 1699 1132 lamentis,
1728 1079 1833 1135 quo
1858 1064 1953 1119 do-

353 1163 502 1228 lore,
531 1177 638 1232 quo
672 1162 874 1232 gemitu
917 1160 1214 1215 Rebeccam
1256 1159 1364 1228 jam
1405 1157 1545 1213 affici
1576 1172 1795 1213 necesse
1825 1157 1950 1225 fuit,
1981 1204 1988 1211 .

351 1253 731 1309 recordantem
763 1267 975 1322 semper
995 1251 1112 1318 filii,
1136 1251 1417 1320 virumque
1444 1251 1757 1315 intuentem,
1783 1257 1838 1304 et
1862 1265 1954 1318 per

353 1353 570 1400 aetatem
597 1353 655 1401 et
693 1361 787 1414 per
822 1344 1180 1398 infirmitatem
1207 1342 1374 1397 nihilo
1404 1343 1624 1398 meliore
1648 1342 1954 1397 conditione

353 1452 518 1507 quam
557 1437 865 1491 mortuum?
890 1435 1094 1503 Quibus
1121 1435 1248 1490 item
1290 1433 1517 1489 luctibus
1551 1449 1735 1489 senem
1763 1434 1952 1488 deten-

355 1539 471 1586 tum
502 1539 658 1600 putas
691 1530 818 1585 dum
853 1543 1166 1584 communes
1191 1541 1316 1583 suas
1341 1536 1394 1582 et
1419 1528 1600 1582 uxoris
1626 1527 1954 1581 calamitates

354 1623 491 1678 flere
517 1622 837 1694 cogeretur?
864 1622 998 1676 Cum
1040 1635 1172 1675 vero
1209 1621 1296 1675 illa
1331 1621 1588 1675 moritura
1629 1629 1798 1687 esset,
1827 1621 1952 1690 quid

355 1730 467 1770 non
495 1714 648 1779 dixit,
679 1713 806 1784 quid
835 1727 940 1767 non
968 1713 1183 1782 loquuta
1209 1711 1328 1765 est?
1356 1711 1528 1765 Etiam
1556 1710 1759 1780 lapides
1789 1712 1955 1781 ipsius

354 1806 521 1862 verba
549 1805 865 1875 liquefaeere
891 1804 1126 1874 potuisse
1150 1811 1298 1872 puto,
1325 1817 1446 1856 cum
1475 1816 1580 1855 non
1603 1801 1807 1856 videret
1831 1817 1955 1872 pro-

356 1913 428 1969 pe
457 1898 755 1953 adstantem
787 1895 951 1950 filium
977 1936 992 1962 ,
1025 1903 1184 1965 atque
1215 1895 1636 1964 illacrymantcm
1662 1893 1953 1963 oculosque

356 1990 461 2046 sibi
489 1989 930 2059 comprimentem
951 2029 965 2053 ,
1000 1998 1160 2058 atque
1189 2001 1252 2041 os
1276 1984 1680 2040 contrahentem
1705 2026 1718 2049 ,
1747 1985 1957 2055 aliaque

356 2082 539 2137 omnia
569 2087 846 2150 agentem,
877 2093 996 2149 quae
1023 2077 1333 2149 parentibus
1369 2087 1542 2132 morte
1572 2077 1684 2145 ipsa
1715 2077 1958 2132 videntur

357 2173 625 2242 graviora.
655 2172 724 2224 At
752 2186 880 2226 vero
905 2169 1071 2236 Isaac,
1096 2169 1222 2224 dum
1255 2169 1398 2223 illam
1420 2168 1490 2222 ita
1517 2167 1701 2224 efflare
1726 2168 1958 2223 animam
1994 2213 2001 2218 .

357 2270 640 2328 cerneret,
673 2277 780 2332 quo
816 2263 997 2317 animo
1034 2261 1197 2317 fuisse
1241 2261 1506 2332 putandus
1546 2270 1630 2316 est
1665 2270 1719 2317 et
1750 2270 1874 2316 tunc
1905 2269 1960 2317 et

362 2363 484 2424 post
511 2354 678 2424 ipsius
709 2353 972 2408 mortem?
1490 2376 1498 2377 η
1727 2348 1783 2356 ““

435 2449 523 2502 Η.
550 2447 712 2502 Jacob
737 2465 834 2519 quo
865 2458 1012 2520 pacto
1041 2451 1250 2522 amictus
1280 2454 1453 2524 fuerit.
1482 2481 1553 2493 —
1573 2451 1715 2506 Talis
1745 2449 1832 2513 ille
1863 2463 1958 2504 n0-

365 2540 446 2594 bis
473 2539 635 2594 fuisse
660 2551 910 2597 ostensus
938 2551 1050 2610 est,
1083 2559 1240 2614 quem
1275 2545 1454 2599 multis
1481 2545 1643 2599 fuisse
1668 2543 1957 2599 feliciorem

365 2631 701 2700 putabamus.
729 2632 846 2687 Jam
873 2637 998 2688 vero
1021 2633 1186 2690 Jacob
1208 2635 1374 2705 ipsius
1395 2637 1499 2690 vita
1525 2635 1821 2706 cnjusmodi
1848 2633 1963 2689 fue-

366 2725 463 2788 rit,
493 2723 694 2794 absque
723 2724 1055 2782 discussione
1083 2728 1258 2798 aliqua
1290 2729 1456 2799 ipsius
1484 2730 1643 2784 verba
1680 2728 1913 2784 indicant
1945 2746 1958 2782 :

365 2816 457 2886 qui
499 2832 622 2872 cum
668 2817 1001 2875 Pharaonem
1046 2821 1405 2891 alloqneretur
1445 2821 1623 2878 aiebat
1658 2839 1671 2877 :
1710 2819 1831 2876 Dies
1869 2822 1964 2876 mei

368 2908 514 2977 parvi
545 2917 593 2963 et
621 2910 746 2964 mali
764 2953 779 2977 ,
812 2921 859 2964 et
887 2929 987 2966 non
1016 2923 1341 2981 pervenerunt
1370 2916 1438 2968 ad
1463 2916 1568 2968 dies
1595 2923 1796 2983 patrum
1823 2929 1963 2966 meo—

366 3017 482 3055 rum
515 3000 674 3073 (Gen.
703 3003 791 3057 47.
821 3003 892 3074 9)
924 3022 937 3058 :
968 3005 1070 3059 hoc
1098 3014 1196 3072 est,
1231 3015 1284 3061 et
1310 3005 1610 3061 breviorem
1649 3015 1703 3060 et
1737 3005 1966 3059 laborio-

368 3091 566 3147 siorem
598 3093 705 3147 vixi
750 3095 932 3149 vitam.
967 3095 1163 3151 Verum
1193 3105 1248 3152 et
1280 3096 1483 3162 absque
1521 3097 1621 3151 hac
1662 3096 1802 3152 illius
1838 3111 1964 3150 sen-

370 3186 535 3239 tentia
582 3185 654 3240 ita
707 3195 832 3241 sunt
880 3197 1080 3258 aperta:
1124 3189 1454 3244 calamitates
1503 3188 1657 3258 ejus,
1706 3197 1766 3243 ut
1814 3188 1967 3258 pauci

369 3275 656 3330 admodum
685 3278 791 3331 sint
819 3278 908 3348 qui
939 3279 1056 3333 illas
1085 3280 1345 3334 nesciant.
1379 3284 1526 3334 Avus
1560 3295 1789 3349 namque
1819 3277 1965 3348 ejus,

370 3367 472 3422 etsi
503 3367 843 3438 longinquam
875 3370 1356 3440 peregrinationem
1397 3386 1648 3427 emensus
1675 3381 1789 3439 est,
1815 3371 1968 3441 jussu

373 3458 468 3514 Dei
509 3458 612 3514 hoc
646 3460 803 3528 fecit,
841 3476 960 3530 qua:
993 3476 1080 3516 res
1109 3462 1344 3517 maximo
1371 3462 1472 3533 ipsi
1502 3461 1694 3516 solatio
1721 3461 1851 3527 fuit;
1886 3461 1971 3516 hic

371 3562 551 3608 autem
596 3553 814 3609 fratrem
855 3554 1061 3625 fugiens
1101 3555 1478 3623 insidiantem,
1522 3553 1972 3625 parricidiumque

373 3643 741 3708 meditantem,
773 3659 1012 3700 summos
1041 3645 1251 3701 itineris
1279 3647 1493 3702 labores
1522 3661 1710 3717 passus
1737 3654 1818 3701 est
1846 3662 1858 3698 :
1886 3654 1970 3699 at-

371 3751 480 3807 que
510 3737 599 3800 ille
627 3737 838 3808 quidem
877 3739 1181 3793 necessario
1209 3738 1351 3794 victu
1387 3753 1678 3809 numquam
1710 3738 1968 3809 indiguit;

376 3827 503 3882 huic
532 3843 660 3881 vero
689 3828 743 3882 in
769 3838 894 3883 voto
921 3838 1066 3895 erat,
1097 3829 1414 3886 indumento
1444 3845 1511 3886 ac
1547 3845 1683 3902 pane
1719 3831 1836 3886 solo
1867 3847 1972 3886 non

375 3918 636 3990 indigere.
663 3919 917 3988 Servatus
936 3930 1137 3989 autem,
1161 3931 1319 3992 atque
1345 3923 1551 3978 itineris
1577 3922 1976 3998 fatigationibns

376 4011 536 4080 liber,
567 4028 688 4068 cum
715 4012 930 4068 tandem
956 4013 1021 4069 ad
1053 4013 1242 4070 affines
1265 4030 1396 4071 suos
1425 4015 1777 4085 pervenisset,
1805 4015 1894 4085 qui
1922 4014 1974 4070 in

378 4111 526 4157 tanta
560 4119 740 4158 rerum
775 4104 926 4173 copia
965 4104 1398 4160 nutritusfuerat
1436 4105 1638 4159 servire
1666 4106 1974 4176 cogebatur.

379 4192 496 4248 Non
525 4193 738 4264 ignoras
767 4204 944 4249 autem
975 4196 1286 4250 servitutem
1308 4237 1322 4262 ,
1355 4211 1476 4250 eum
1512 4210 1725 4265 semper
1751 4195 1976 4250 molesta

379 4283 472 4350 sit,
502 4296 612 4339 tum
639 4285 872 4340 maxime
895 4285 1060 4341 videri
1087 4287 1543 4351 molestisslmam,
1567 4301 1687 4341 cum
1713 4288 1834 4356 quis
1857 4301 1980 4356 pro-

381 4376 594 4446 pinquis
622 4391 686 4432 ac
712 4378 925 4448 paribus
950 4379 1154 4434 servire
1179 4378 1406 4449 cogitur,
1436 4379 1593 4449 idque
1617 4395 1737 4434 cum
1764 4379 1880 4448 ejus
1903 4380 1978 4434 rei

382 4483 674 4541 numquam
727 4471 1023 4541 periculum
1071 4471 1293 4538 fecerit,
1340 4472 1436 4528 sed
1481 4473 1715 4544 priorem
1767 4487 1980 4528 onmem

383 4571 598 4618 aetatem
629 4562 680 4617 in
720 4563 965 4619 libertate
999 4577 1062 4619 ac
1097 4563 1301 4619 deliciis
1330 4564 1517 4634 egerit.
1559 4562 1710 4631 Quod
1741 4577 1860 4619 cum
1899 4563 1984 4617 in-

385 4657 666 4712 tolerabile
691 4671 811 4713 esse
836 4657 1128 4727 videretur,
1158 4657 1282 4713 forti
1304 4666 1481 4713 tamen
1504 4665 1558 4712 et
1585 4672 1779 4730 magno
1803 4657 1992 4720 animo_

387 4751 614 4808 ferebat.
655 4751 825 4807 Porro
854 4751 980 4820 quid
1015 4767 1374 4807 aerumnarum
1406 4751 1459 4806 in
1487 4751 1592 4806 vita
1633 4751 1720 4805 illa
1759 4765 1854 4805 sua
1885 4765 1984 4820 pa-

389 4842 573 4900 storali
603 4857 790 4913 passus
831 4843 934 4908 sit,
970 4842 1141 4912 ipsum
1171 4841 1357 4896 audias
1388 4841 1512 4898 licet
1536 4842 1800 4898 dicentem
1833 4859 1846 4895 :
1875 4839 1986 4911 Ego

389 4934 734 5006 persolvebam
770 4950 804 4987 a
845 4935 1037 5004 meipso
1080 4936 1219 5006 furta
1256 4932 1358 4987 diei
1399 4941 1445 4987 et
1484 4935 1622 5006 furta
1663 4935 1821 4988 noctis
1851 4950 1870 4988 :
1899 4949 1989 5004 per

390 5027 524 5082 diem
550 5027 732 5081 urebar
758 5035 883 5081 aestu
902 5067 918 5092 ,
950 5034 996 5079 et
1030 5037 1174 5079 nocte
1213 5025 1361 5096 gelu,
1389 5025 1748 5092 recedebatque
1783 5041 1989 5080 somnus

393 5119 455 5172 ab
480 5118 642 5173 oculis
666 5118 788 5172 meis
815 5133 834 5172 :
859 5117 958 5171 ista
981 5117 1105 5170 mihi
1127 5119 1328 5189 fuerunt
1374 5118 1522 5170 armis
1563 5117 1740 5187 viginti
1760 5115 1870 5189 (Id.
1897 5117 1986 5170 51.

393 5210 613 5281 59-41).
647 5209 773 5264 Ilico
801 5209 892 5264 ille
939 5223 1128 5279 passus
1156 5217 1270 5275 est,
1300 5209 1389 5279 qui
1414 5209 1579 5262 vitam
1615 5209 1820 5263 vixerat
1857 5207 1989 5263 sim-

393 5303 613 5374 plicem,
641 5303 730 5374 qui
761 5317 976 5374 semper
1003 5301 1176 5356 fuerat
1201 5301 1364 5356 domi.
1395 5301 1628 5370 Postque
1653 5309 1733 5356 tot
1756 5301 1988 5367 labores,

395 5404 475 5452 tot
499 5396 859 5465 incommoda,
893 5403 1014 5466 post
1043 5395 1257 5466 longum
1285 5393 1416 5450 illud
1446 5394 1718 5449 servitutis
1758 5405 1988 5464 tempus,

395 5487 639 5544 fraudem
669 5488 810 5543 illam
839 5488 1228 5544 amarissimam
1262 5487 1518 5559 pertulit,
1545 5503 1648 5558 qua
1688 5487 1788 5542 sibi
1826 5488 1991 5542 altera

397 5579 621 5636 alterius
648 5580 768 5635 loco
797 5580 985 5634 tradita
1017 5597 1151 5634 uxor
1191 5589 1293 5635 est.
1338 5579 1469 5636 Nam
1511 5579 1556 5635 si
1598 5595 1705 5634 non
1741 5580 1996 5634 servisset

397 5673 554 5728 annis
588 5682 826 5742 septem,
857 5674 900 5726 si
939 5686 1043 5726 non
1071 5687 1133 5727 ea
1179 5686 1368 5742 passus
1405 5669 1622 5738 fuisset,
1659 5685 1779 5742 qua:
1803 5684 1993 5726 socero

401 5773 723 5838 coitqucstus
741 5765 894 5831 dixit,
917 5764 960 5819 si
984 5779 1088 5818 non
1111 5765 1402 5821 amavisset
1423 5763 1674 5834 puellam,
1695 5763 1797 5818 hoc
1819 5763 1991 5833 ipsum

403 5865 580 5914 tamen
602 5856 743 5928 quod
772 5856 874 5911 sibi
901 5857 1215 5912 formosiore
1239 5857 1525 5926 promissa,
1553 5855 1740 5913 tradita
1769 5855 1865 5928 ipsi
1890 5869 1988 5926 pro

730 5954 995 6015 l’naOL.
1048 5954 1167 6015 Gtt.
1203 5954 1456 6019 XLVII.

1213 394 1305 450 AD
1345 392 1714 450 STAGIRIUM
1753 392 1796 447 A
1838 390 2140 446 ΒᾹΞΜΟΝΕ
2182 391 2535 448 VEXATUM.
2584 392 2710 449 LIB.
2746 391 2807 448 II.

261 573 276 578 ,
358 517 575 590 quidem
611 517 700 588 qui
741 530 800 571 se
836 513 1188 570 venerabatur
1223 510 1619 580 benevolusque
1651 509 1750 564 sibi
1791 517 1945 566 erat.

3547 397 3650 453 466

2060 506 2146 560 illa
2177 508 2410 564 deterior
2439 509 2555 577 fuit,
2587 519 2842 580 quantutn
2881 519 3033 581 putas
3058 513 3327 586 mperoris,
3355 514 3481 585 quid
3514 516 3652 570 indi-

2057 602 2342 669 gnationis,
2373 603 2499 672 quid
2530 603 2732 658 doloris
2760 603 2916 659 beato
2946 606 3018 660 illi
3049 614 3172 661 tunc
3202 609 3484 677 praestitit?
3514 608 3652 664 Sane

2057 693 2103 748 si
2132 694 2249 762 quis
2278 696 2412 749 alius
2440 696 2490 750 id
2521 710 2711 766 passus
2738 706 2900 763 esset,
2939 714 3227 768 numquam
3257 715 3375 755 eam
3413 701 3652 756 fraudem

2057 795 2218 856 atque
2245 787 2492 856 injuriam
2519 787 2745 854 tulisset,
2774 787 2866 842 sed
2892 789 3035 843 omni
3064 790 3208 860 prius
3235 789 3476 844 affinium
3504 807 3655 846 ever-

2060 893 2116 931 sa
2149 878 2311 932 domo
2332 921 2346 945 ,
2374 894 2434 934 se
2466 879 2580 949 ipse
2607 894 2726 934 cum
2760 879 2862 934 illis
2889 896 2989 934 una
3017 881 3402 946 interfecisset,
3432 891 3524 937 aut
3550 883 3655 937 alio

2060 972 2248 1040 quovis
2279 971 2440 1026 modo
2479 971 2798 1042 perdidisset
2830 989 2842 1025 :
2871 974 3122 1043 quoniam
3162 989 3291 1030 vero
3331 975 3628 1045 patientissi

2062 1078 2180 1118 mus
2204 1078 2266 1118 ac
2295 1064 2613 1134 longanimis
2649 1075 2764 1119 erat
2790 1064 2979 1132 Jacob,
3010 1066 3142 1121 nihil
3175 1066 3476 1137 hujusmodi
3506 1067 3652 1132 fecit,

2063 1157 2156 1212 sed
2198 1173 2264 1213 ne
2304 1157 2514 1214 initium
2557 1159 2772 1230 quidem
2819 1161 3083 1230 ejusmodi
3120 1163 3423 1232 cogitationi
3463 1163 3608 1219 dedit
3641 1184 3652 1218 :

2073 1247 2180 1302 imo
2207 1264 2334 1303 vero
2367 1259 2572 1320 septem
2618 1265 2789 1306 annos
2827 1252 2960 1307 alios
3000 1253 3192 1308 iterum
3237 1255 3439 1310 servire
3477 1255 3657 1325 jussus

2062 1352 2307 1412 prompte
2329 1343 2584 1410 obedivit,
2607 1344 2742 1400 adeo
2764 1346 2906 1401 mitis
2930 1357 3045 1401 erat
3069 1361 3130 1400 ac
3152 1361 3480 1405 mansuetus.
3507 1346 3658 1415 Quod

2060 1435 2105 1490 si
2148 1437 2332 1505 puellae
2361 1451 2514 1491 amor
2540 1437 2935 1493 mansuetudini
2978 1453 3186 1492 morum
3222 1439 3657 1506 obsecundabat,

2061 1543 2246 1583 rursus
2284 1528 2412 1582 mihi
2455 1530 2706 1585 maeroris
2743 1530 3164 1600 magnitudinem
3209 1531 3427 1587 asseris.
3469 1531 3659 1587 Cousio

2063 1618 2191 1674 dera
2223 1619 2363 1674 enim
2387 1662 2402 1687 ,
2443 1635 2625 1690 quaeso
2644 1660 2660 1686 ,
2691 1629 2946 1690 quantum
2987 1620 3079 1676 ille
3108 1620 3309 1676 doloris
3339 1636 3526 1691 passus
3555 1623 3658 1691 sit,

2061 1725 2182 1765 cum
2229 1710 2346 1780 ejus
2385 1727 2542 1781 quam
2586 1711 2658 1766 ita
2703 1711 3052 1767 vehementer
3095 1712 3348 1783 diligebat
3390 1713 3661 1770 fraudatus

2060 1803 2428 1872 amplexibus,
2473 1803 2721 1873 illiusque
2765 1805 3030 1860 connubia
3072 1805 3420 1873 desiderans,
3454 1814 3661 1876 septem

2061 1909 2251 1951 rursus
2280 1911 2542 1951 annorum
2570 1897 2825 1952 dilatione
2853 1898 3146 1965 cruciatur,
3179 1897 3375 1969 frigora
3407 1907 3462 1952 et
3497 1906 3662 1953 aestus

2063 1996 2117 2042 et
2143 1987 2348 2060 vigilias
2389 1998 2443 2042 et
2481 1987 2801 2044 detrimenta
2837 1998 3092 2059 perpetua
3119 1989 3348 2060 patiens.
3382 1990 3456 2044 Ea
3483 1998 3661 2044 tamen

2063 2078 2175 2148 ipsa
2204 2079 2404 2148 potitus
2438 2079 2650 2134 tandem
2673 2120 2689 2145 ,
2727 2080 3022 2150 vivensque
3049 2078 3188 2150 apud
3227 2093 3474 2134 socerum
3500 2079 3663 2133 vitam

2062 2173 2316 2225 mrumnis
2342 2178 2397 2226 et
2421 2171 2696 2242 laboribus
2721 2171 2932 2241 plenam
2949 2212 2964 2239 ,
2993 2171 3070 2226 sic
3095 2185 3306 2242 quoque
3333 2171 3545 2226 invidia:
3574 2187 3666 2242 pa-

2065 2262 2166 2317 tuit
2185 2304 2198 2328 ,
2228 2271 2282 2317 et
2311 2263 2603 2319 secundam
2632 2261 2874 2317 fraudem
2906 2262 2958 2317 in
2987 2261 3325 2318 mercedibus
3352 2277 3574 2333 passus,
3609 2273 3668 2317 ut

2065 2353 2078 2406 i
2087 2368 2180 2422 pse
2196 2368 2406 2423 quoque
2431 2354 2580 2408 illum
2612 2355 2845 2424 arguerit
2869 2354 3052 2409 dicens
3091 2353 3382 2425 :Decepisti
3400 2371 3477 2409 me
3495 2355 3663 2408 decem

2067 2443 2214 2513 agnis
2242 2442 2406 2513 (Gen.
2436 2445 2524 2498 51.
2566 2444 2627 2498 41
2651 2442 2692 2514 ).
2726 2443 2840 2499 Utta
2880 2458 3010 2498 vero
3050 2458 3170 2498 cum
3213 2459 3402 2499 socero
3440 2459 3665 2500 uxorum

2067 2534 2260 2591 fratres
2300 2536 2470 2608 magis
2504 2537 2664 2592 etiam
2695 2536 2956 2592 adversus
2985 2537 3132 2591 illum
3162 2537 3368 2591 efferati
3397 2537 3666 2592 excande-

2067 2629 2306 2685 scebant.
2333 2629 2487 2698 Quod
2514 2638 2691 2684 autem
2718 2639 2837 2684 erat
2862 2630 3107 2685 omnibus
3145 2631 3380 2700 gravius,
3409 2645 3552 2684 uxor
3579 2629 3668 2683 illa

2069 2732 2174 2777 tam
2220 2723 2448 2790 dilecta,
2485 2723 2638 2793 cujus
2678 2724 2846 2792 gratia
2891 2723 2974 2777 bis
3021 2731 3229 2792 septem
3272 2723 3429 2776 annis
3465 2721 3668 2777 servire

2067 2815 2374 2886 delegerat,
2414 2830 2524 2884 pra:
2563 2813 2806 2870 molestia
2842 2813 3236 2881 suffocabatur,
3274 2829 3396 2868 cum
3426 2828 3669 2888 sororem

2069 2923 2219 2963 suam
2251 2907 2546 2977 parientem
2577 2914 2852 2971 cerneret,
2883 2920 2941 2961 se
2973 2920 3103 2960 vero
3128 2905 3274 2959 omni
3311 2903 3546 2974 pariendi
3577 2919 3673 2974 spe

2071 2997 2377 3052 destitutam
2400 3037 2414 3062 ,
2444 3005 2603 3067 atque
2629 2997 2680 3051 in
2709 3005 2914 3051 tantum
2943 3005 3068 3051 tunc
3093 3011 3370 3051 excessum
3409 3011 3472 3052 ex
3509 2995 3672 3050 animi

2073 3103 2305 3143 maerore
2333 3087 2656 3151 devenerat,
2690 3095 2748 3142 ut
2771 3087 3083 3142 criminibus
3111 3094 3165 3141 et
3192 3086 3422 3157 querelis
3452 3087 3678 3157 agitaret

2070 3182 2243 3236 virum
2268 3221 2282 3245 ,
2318 3188 2650 3250 mortemque
2691 3179 2906 3234 sibimet
2945 3178 3296 3234 obventuram
3343 3178 3672 3244 minaretur,

2073 3272 2178 3328 ntsi
2209 3280 2438 3341 pareret,
2468 3270 2551 3324 Da
2575 3271 2721 3335 mihi,
2747 3269 3013 3338 inquiens,
3045 3268 3245 3336 liberos,
3274 3269 3465 3339 alioqui
3489 3269 3678 3322 moriar

2031 3361 2033 3364 ⁴
2073 3382 2164 3436 ego
2198 3365 2216 3437 (
2245 3364 2328 3419 Id.
2364 3365 2454 3420 30.
2489 3357 2574 3427 1).
2609 3361 2898 3429 Quomodo
2961 3362 3052 3417 ille
3080 3362 3247 3416 lactari
3279 3369 3521 3431 poterat,
3553 3375 3675 3414 cum

2075 3474 2137 3514 ca
2168 3473 2326 3531 quam
2356 3456 2609 3528 diligebat
2645 3455 2725 3510 sic
2763 3454 2952 3510 affecta
2996 3463 3178 3518 esset,
3211 3453 3506 3523 fratresque
3536 3453 3678 3507 illius

2075 3549 2177 3620 ipsi
2227 3547 2605 3604 insidiarentur
2650 3545 2934 3616 omniaque
2980 3545 3335 3613 molirentur,
3382 3554 3438 3599 ut
3480 3543 3569 3598 ille
3612 3543 3678 3598 ad

2077 3652 2372 3697 extremam
2417 3641 2696 3696 deveniret
2738 3639 3015 3710 impiam?
3047 3638 3179 3694 Nam
3212 3639 3255 3694 si
3286 3655 3350 3695 ea
3370 3681 3385 3707 ,
3416 3656 3533 3710 qua:
3564 3639 3682 3696 sine

2078 3735 2274 3791 sudore
2315 3734 2455 3790 dotis
2500 3734 2716 3789 nomine
2761 3733 3041 3788 traduntur
3083 3731 3370 3799 uxoribus,
3403 3747 3522 3787 cum
3562 3734 3683 3801 quis

2079 3829 2396 3894 abstulerit,
2424 3828 2659 3882 maximo
2685 3841 2918 3882 maerore
2947 3824 3210 3879 affieimur
3234 3842 3247 3878 :
3278 3825 3322 3878 is
3349 3825 3435 3894 qui
3465 3823 3682 3894 pericli-

2081 3923 2292 3977 tabatur
2317 3936 2378 3976 ea
2406 3936 2526 3991 qua:
2556 3919 2776 3974 summis
2809 3918 3078 3974 laboribus
3103 3917 3385 3989 quassierat
3409 3917 3678 3982 amittere,

2081 4028 2187 4084 quo
2226 4013 2407 4067 animo
2437 4011 2578 4067 ferre
2607 4027 2668 4065 ea
2700 4011 3018 4066 detrimenta
3065 4008 3314 4079 poterat?
3349 4006 3479 4063 Cum
3528 4008 3687 4078 igitur

2083 4104 2224 4160 haud
2269 4105 2497 4160 obscure
2540 4112 2820 4171 suspectus
2861 4109 3034 4164 esset,
3082 4115 3280 4170 eosque
3323 4114 3380 4154 se
3421 4101 3686 4153 intuentes

2083 4204 2330 4253 cerneret
2349 4235 2363 4259 ,
2393 4195 2531 4250 clam
2565 4196 2739 4263 fugam
2773 4194 2946 4247 iniens
2973 4192 3221 4246 disces3-it
3249 4207 3263 4243 :
3293 4205 3399 4259 quo
3428 4189 3554 4259 quid
3583 4189 3686 4242 dici

2083 4286 2442 4342 miserabilius
2472 4285 2680 4355 possit?
2709 4283 2842 4337 Nam
2884 4293 2939 4337 et
2977 4297 3042 4336 ex
3087 4291 3305 4352 paterna
3342 4281 3503 4335 domo
3539 4289 3594 4334 et
3623 4295 3687 4334 cx

2085 4381 2258 4436 aliena
2278 4395 2397 4435 cum
2421 4387 2565 4434 metu
2593 4393 2656 4433 ac
2683 4376 2936 4449 periculis
2964 4376 3220 4446 migrans,
3254 4373 3306 4428 in
3337 4373 3522 4428 eadem
3553 4389 3688 4442 prte-

2087 4481 2241 4543 rupla
2269 4486 2455 4526 rursus
2489 4469 2777 4541 cogebatur
2816 4467 3071 4525 incidere.
3110 4465 3316 4535 Quippe
3354 4463 3572 4518 fratrem
3602 4464 3686 4517 fu-

2087 4567 2259 4637 giens,
2288 4579 2346 4621 se
2375 4564 2440 4620 ad
2469 4579 2716 4620 socerum
2745 4561 3065 4626 contulerat,
3095 4575 3125 4614 a
3153 4573 3260 4629 quo
3291 4557 3481 4611 iterum
3513 4557 3696 4625 exagi-

2089 4667 2230 4713 tatus
2260 4657 2327 4712 ad
2359 4655 2577 4712 fratrem
2609 4654 2786 4710 redire
2813 4652 3122 4724 COgebatur,
3165 4648 3535 4720 propheticum
3565 4648 3693 4701 illud

2089 4761 2302 4819 passus,
2331 4746 2471 4818 quod
2499 4745 2565 4801 de
2594 4745 2683 4801 die
2713 4743 2923 4799 Domini
2950 4741 3080 4797 dicit
3108 4740 3271 4795 Amos
3299 4757 3312 4795 :
3347 4737 3495 4793 Velut
3516 4738 3560 4792 si
3583 4739 3696 4808 quis

2092 4840 2254 4912 fugiat
2284 4855 2316 4893 a
2342 4838 2472 4907 facie
2503 4836 2692 4903 leonis,
2723 4843 2768 4889 et
2795 4841 3025 4889 occurrat
3053 4832 3100 4886 ei
3138 4849 3316 4898 ursus,
3349 4830 3696 4901 ingressusque

2091 4931 2144 4984 in
2174 4930 2380 4984 domum
2408 4944 2551 4984 suam
2592 4935 2638 4981 et
2677 4925 2859 4997 parieti
2900 4939 3079 4978 manus
3109 4923 3377 4994 applicans
3406 4920 3694 4974 mordeatur

2092 5039 2126 5076 a
2154 5020 2358 5076 colubra
2386 5019 2576 5092 (Amos
2614 5018 2668 5073 5.
2705 5016 2826 5088 l9).
2856 5016 2988 5084 Quis
3025 5025 3206 5071 autem
3254 5029 3374 5071 cum
3406 5021 3694 5067 tremorem

2095 5130 2348 5172 enarrare
2376 5114 2581 5183 possit,
2611 5127 2769 5183 quem
2796 5126 3082 5182 perpessus
3109 5119 3190 5166 est
3219 5105 3640 5179 comprehensus
3673 5122 3701 5160 a

2096 5209 2297 5272 Laban,
2325 5207 2638 5277 itinerisque
2664 5206 2956 5276 angustias,
2981 5220 3103 5260 cum
3131 5218 3190 5258 se
3217 5212 3322 5257 tam
3352 5215 3696 5256 numerosum

2096 5313 2260 5369 pecus
2297 5297 2497 5368 filiique
2536 5298 2618 5352 sui
2661 5296 3052 5367 sequerentur?
3081 5294 3344 5348 Caeterum
3371 5305 3491 5346 cum
3519 5289 3715 5388 fratris,

2097 5390 2287 5447 faciem
2309 5399 2451 5447 esset
2476 5391 2833 5460 inspecturus,
2858 5403 3036 5444 nonne
3059 5386 3196 5442 idem
3219 5398 3410 5455 passus
3431 5392 3530 5449 est,
3557 5385 3697 5454 quod

2097 5483 2236 5554 apud
2265 5492 2450 5552 poetas
2479 5481 2566 5553 qui
2595 5482 2773 5536 fictum
2803 5489 2960 5551 caput
2989 5476 3253 5547 Gorgonis
3276 5474 3494 5530 vident?
3522 5490 3714 5530 nonne

2099 5577 2170 5632 ita
2197 5591 2295 5648 per
2317 5576 2495 5630 omnia
2516 5573 2737 5630 affectus
2756 5581 2892 5639 erat,
2915 5586 2978 5625 ac
3005 5569 3048 5624 si
3074 5568 3143 5625 ad
3171 5575 3399 5624 mortem
3427 5566 3700 5622 venisset”!

2098 5669 2235 5724 Audi
2263 5683 2394 5724 sane
2419 5668 2565 5723 illius
2589 5667 2773 5732 verba,
2800 5673 2960 5733 atque
2983 5678 3049 5718 ex
3076 5662 3155 5718 eis
3180 5661 3392 5717 insitam
3421 5660 3565 5716 illius
3585 5659 3693 5712 ani-

2099 5777 2188 5817 mo
2220 5761 2426 5816 timoris
2453 5761 2721 5816 flammam
2752 5755 2968 5812 addisce
2999 5774 3012 5811 :
3043 5755 3198 5820 Deus,
3228 5771 3349 5809 erue
3376 5771 3474 5818 nte,
3505 5751 3695 5820 inquit,

2103 5855 2167 5909 de
2201 5871 2352 5909 manu
2388 5853 2529 5907 Esat’t
2561 5851 2735 5923 fratris
2773 5847 2900 5912 mei,
2933 5849 3051 5918 quia
3086 5847 3231 5903 ualde
3270 5863 3382 5900 eum
3425 5846 3569 5899 timeo
3590 5880 3604 5902 .
3639 5857 3701 5892 ne

3275 5940 3355 6000 27
