4138 6418
550 380 652 439 467

550 509 685 579 forte
720 490 1372 577 superveniensjnterﬁciat
1410 504 1489 543 me
1520 504 1579 541 ac
1608 494 1819 540 matrem
1846 499 1962 538 cum
1986 480 2129 552 ﬁliis.

551 566 632 641 π
659 566 826 641 autem
852 585 975 639 mihi
999 566 1192 648 duini,
1221 580 1355 634 Bene
1389 580 1475 633 tibi
1504 578 1690 651 faciam
1716 574 1869 646 (Gen.
1896 573 1985 629 δε.
2020 573 2131 647 tu.

550 678 720 745 Quam
751 689 858 731 non
890 673 1127 729 laetitiam
1164 672 1252 726 hic
1288 678 1462 725 metus
1503 668 1850 733 exclusisset,
1886 664 2045 721 etiam
2088 663 2133 719 si

550 764 715 835 priori
737 765 880 820 omni
908 772 1144 834 tempore
1169 759 1602 831 tranquillissime
1624 756 1875 814 vixisset?
1901 757 1971 811 At
1994 770 2136 810 nunc

548 856 723 912 omnis
750 856 837 911 illa
866 855 992 921 vita,
1021 870 1087 910 ex
1115 868 1217 924 qua
1245 851 1332 906 die
1369 848 1788 907 benedictionem
1818 854 2135 917 accepturus

549 959 696 1003 metu
724 961 859 1018 pene
884 945 1058 1001 fuerat
1082 952 1346 1009 mortuus,
1376 956 1471 1011 per
1497 939 1826 994 calamitates
1854 936 2028 990 varias
2054 934 2135 989 in-

547 1038 819 1109 sidiasque
849 1036 1143 1093 texebatur.
1170 1033 1371 1089 Tantus
1397 1030 1623 1100 denique
1649 1038 1773 1085 tunc
1796 1027 1943 1082 illum
1974 1026 2135 1080 timor

549 1132 857 1195 invaserat,
887 1136 944 1184 ut
977 1134 1097 1198 post
1131 1138 1474 1197 congressum
1496 1120 1685 1176 fratris
1708 1162 1723 1188 ,
1751 1115 2138 1191 quantumlibet

548 1218 639 1273 ille
664 1227 861 1289 praeter
888 1232 1040 1288 spem
1069 1216 1294 1287 benigne
1317 1223 1372 1270 et
1399 1213 1701 1267 humaniter
1722 1224 1788 1266 eo
1815 1223 1943 1264 usus
1969 1215 2133 1273 esset,

550 1310 823 1366 conlidere
846 1324 915 1365 ne
939 1308 1017 1364 sic
1044 1308 1259 1379 quidem
1294 1312 1479 1376 posset
1513 1304 1943 1372 anxietatemque
1966 1298 2135 1369 depo-

552 1416 702 1458 nere.
745 1400 985 1471 Denique
1012 1415 1134 1454 cum
1163 1399 1471 1454 obsecraret
1501 1397 1624 1462 ille,
1652 1402 1709 1449 ut
1747 1408 1926 1449 secum
1963 1406 2022 1446 se
2059 1391 2138 1446 ire

552 1493 924 1565 permitteret,
963 1506 1069 1547 non
1108 1503 1264 1546 secus
1300 1504 1457 1559 quam
1496 1502 1527 1542 a
1565 1486 1675 1542 fera
1716 1485 1890 1555 aliqua
1926 1480 2138 1538 liberari

552 1585 794 1655 cupiens,
824 1593 882 1638 ut
910 1582 1184 1639 recederet
1214 1580 1421 1647 orabat,
1451 1579 1634 1634 dicens
1666 1594 1679 1630 :
1713 1576 1885 1642 Nosti,
1914 1575 2134 1639 domine,

554 1678 674 1748 quia
707 1677 924 1747 infantes
963 1675 1231 1729 teneriores
1268 1682 1415 1737 sunt,
1447 1685 1657 1739 ovesque
1685 1678 1731 1723 et
1765 1668 1910 1723 bores
1946 1682 2139 1720 mecum

555 1773 722 1842 facta;
747 1769 792 1823 si
813 1784 930 1838 ergo
955 1783 1160 1839 urgeam
1181 1783 1286 1833 eas,
1314 1764 1395 1818 die
1418 1780 1520 1818 una
1541 1762 1816 1817 morientur
1842 1760 2007 1813 cuncti
2024 1772 2141 1830 gre-

552 1878 660 1933 ges.
690 1859 953 1916 Prtecedat
990 1858 1223 1912 dominus
1250 1873 1389 1911 meus
1413 1864 1527 1909 ante
1550 1870 1747 1909 servum
1775 1868 1942 1917 suum,
1974 1859 2021 1904 et
2050 1866 2140 1920 ego

551 1950 853 2006 incalescunt
876 1951 930 2004 in
952 1951 1032 2004 via
1055 1948 1329 2003 secundum
1351 1945 1638 2000 tarditatem
1662 1943 2004 2016 profectionis,
2030 1957 2142 2012 qua

555 2058 728 2097 coram
765 2056 845 2096 me
883 2051 929 2095 et
969 2041 1113 2108 irata
1151 2038 1301 2111 pedes
1342 2038 1669 2109 parvulorum
1699 2050 1955 2100 meorum,
1984 2033 2142 2087 donec

554 2135 753 2189 veniant
795 2131 864 2186 ad
904 2132 1161 2186 dominum
1208 2147 1373 2185 meum
1407 2130 1462 2183 in
1490 2128 1607 2184 Seir
1639 2125 1749 2197 (Id.
1779 2126 1869 2182 55.
1898 2126 1984 2180 15.
2014 2124 2136 2194 14).

556 2228 947 2299 Respiransque
974 2241 1039 2281 ex
1065 2225 1170 2279 illis
1192 2223 1439 2294 periculis
1459 2220 1745 2287 modicum,
1769 2219 1820 2274 in
1841 2219 2003 2274 alium
2031 2217 2143 2272 lon-

558 2338 622 2395 ge
648 2321 936 2383 maximum
966 2319 1209 2373 timorem
1235 2316 1435 2370 incidit.

628 2411 779 2466 Dina:
814 2411 936 2479 ﬁlia:
958 2420 1154 2478 raptus.
1182 2437 1252 2447 —
1282 2407 1449 2478 Rapta
1487 2406 1685 2477 quippe
1709 2404 1847 2459 illius
1874 2403 1998 2471 ﬁlia,
2024 2402 2143 2473 .pri-

556 2517 702 2557 mum
728 2502 940 2573 quidem
968 2500 1157 2570 puella:
1187 2496 1562 2554 contumeliam
1589 2511 1732 2566 mgre
1772 2494 2005 2559 ferebat;
2050 2492 2147 2549 sed

555 2611 677 2651 cum
706 2595 759 2650 id
783 2593 987 2650 facinus
1014 2594 1263 2658 lenisset,
1293 2592 1432 2663 quod
1460 2607 1579 2647 eam
1619 2591 1759 2661 regis
1786 2589 1924 2644 ﬁlius
1951 2590 2146 2645 ductu-

556 2702 676 2742 rum
703 2701 761 2742 se
781 2700 1003 2741 uxorem
1034 2684 1372 2754 polliceretur
1389 2721 1405 2750 ,
1433 2697 1658 2752 eamque
1682 2681 1998 2737 sententiam
2026 2679 2145 2733 lau-

557 2779 737 2835 dasset
782 2778 966 2843 Iacob,
998 2776 1199 2832 foedera
1220 2776 1441 2830 violavit
1478 2773 1605 2829 Levi
1650 2789 1771 2829 cum
1820 2772 1987 2828 fratre
2026 2787 2144 2836 suo,

558 2875 807 2940 civesque
834 2868 1030 2923 viritim
1061 2868 1128 2921 ad
1158 2881 1319 2921 unum
1338 2865 1642 2936 jugulantcs
1665 2905 1681 2927 ,
1718 2865 1771 2918 in
1804 2862 1857 2918 id
1901 2861 2149 2917 tremoris

560 2969 768 3031 patrem
812 2957 1170 3024 induxerunt,
1215 2966 1270 3011 ut
1312 2956 1435 3012 inde
1481 2956 1721 3025 protinus
1768 2954 2052 3026 migraret,
2084 2968 2150 3008 eo

560 3051 702 3122 quod
743 3065 931 3105 omnes
966 3049 1252 3105 adversum
1297 3064 1355 3105 se
1398 3049 1688 3103 bellaturos
1728 3049 1957 3103 timeret.
2003 3045 2149 3100 Dixit

561 3142 716 3208 enim,
735 3142 805 3196 ait
830 3140 1123 3211 Scriptura,
1150 3139 1310 3194 Iacob
1332 3140 1399 3193 ad
1426 3139 1712 3194 Simeonem
1741 3149 1786 3193 et
1816 3137 1975 3193 Levi:
2001 3136 2152 3191 Odio-

561 3248 673 3289 sum
714 3247 794 3287 me
831 3231 1037 3303 fecistis,
1068 3239 1122 3285 ut
1156 3231 1358 3301 iniquus
1397 3218 1513 3297 sim,
1559 3231 1788 3285 omnibus
1814 3229 2151 3285 habitantibus

561 3332 766 3390 terram,
797 3323 1189 3394 Chananteisque
1212 3334 1257 3378 et
1281 3322 1578 3380 Pherezteis.
1603 3322 1715 3394 Ego
1734 3333 1902 3378 autem
1928 3341 2038 3378 sum
2057 3322 2152 3375 mi-

564 3417 733 3472 nimus
756 3433 982 3482 numero,
1010 3417 1395 3490 congregatique
1419 3426 1595 3471 contra
1620 3433 1700 3471 me
1717 3418 1870 3471 simul
1890 3416 2150 3471 concident

562 3526 661 3575 me,
707 3509 1002 3580 deleborque
1045 3524 1135 3580 ego
1159 3550 1174 3577 ,
1219 3516 1268 3561 et
1335 3507 1514 3561 domus
1554 3523 1667 3562 mea
1712 3506 1839 3580 (Id.
1884 3509 1975 3563 54.
2023 3507 2148 3578 50).

562 3586 774 3671 Quippe
810 3613 996 3655 omnes
1021 3599 1139 3656 illos
1168 3614 1269 3654 una
1301 3597 1511 3654 ﬁnitimi
1540 3606 1854 3665 necassent,
1897 3600 1995 3654 nisi
2029 3599 2151 3655 illo-

562 3707 683 3749 rum
708 3690 1122 3762 indignationem
1150 3690 1240 3746 Dei
1264 3690 1544 3746 clementia
1570 3691 1935 3757 continuisset,
1972 3690 2155 3747 linem-

562 3800 667 3855 que
681 3784 919 3841 cladibus
944 3784 1303 3854 imposuisset.
1335 3782 1526 3838 Factus
1546 3792 1639 3850 est,
1664 3784 1855 3855 inquit,
1880 3785 2028 3838 timor
2056 3785 2154 3840 Dei

562 3891 714 3946 super
740 3891 911 3929 omnes
951 3890 1039 3944 per
1070 3875 1337 3928 circuitum
1380 3875 1622 3939 civitates,
1672 3891 1830 3943 neque
1869 3877 2153 3947 persequuti

563 3975 677 4019 sunt
719 3974 830 4035 post
866 3965 1000 4034 ﬁlios
1044 3962 1210 4019 Israel
1245 3962 1375 4034 (Id.
1406 3963 1614 4037 55.5).
1670 3964 1808 4033 Quid
1858 3980 1987 4036 ergo
2032 3981 2151 4021 cum

563 4056 666 4111 hoc
703 4064 849 4111 metu
888 4055 1142 4111 liberatus
1185 4057 1362 4111 esset?
1405 4073 1530 4112 num
1583 4057 1794 4112 tandem
1833 4058 2153 4128 respiravit?

565 4146 675 4201 lmo
700 4163 828 4202 vero
846 4156 969 4201 tunc
990 4162 1268 4217 supremus
1292 4162 1412 4203 eum
1437 4148 1693 4202 malorum
1711 4149 1947 4203 omnium
1970 4159 2151 4204 vertex

564 4239 773 4305 invasit,
802 4253 948 4294 mors
975 4239 1180 4294 scilicet
1207 4240 1584 4295 amantissima:
1615 4242 1854 4311 conjugis
1882 4253 1934 4298 et
1960 4242 2152 4297 imma-

565 4341 679 4385 tura
708 4332 863 4386 simul
890 4341 944 4387 et
968 4331 1220 4387 violenta.
1265 4332 1473 4401 Peperit
1498 4333 1650 4401 enim,
1680 4334 1881 4405 inquit,
1923 4334 2151 4403 Rachel,

564 4423 943 4493 parturiensque
968 4421 1244 4477 laborabat.
1297 4422 1514 4477 Factum
1539 4433 1611 4478 est
1638 4433 1804 4478 autem
1827 4442 1942 4479 cum
1970 4435 2152 4497 partu-

562 4513 699 4565 riens
732 4514 1115 4582 periclitaretur,
1145 4512 1273 4566 dixit
1301 4513 1379 4567 illi
1403 4514 1640 4568 obstetrix
1668 4529 1689 4568 :
1719 4513 1960 4584 Conﬁde,
1993 4525 2038 4570 et
2072 4516 2154 4569 ltic

547 4584 700 4658 .cuim
722 4604 808 4657 tibi
828 4604 964 4672 ﬁlius
990 4613 1079 4658 est.
1112 4603 1179 4659 Et
1204 4621 1315 4659 cum
1341 4606 1522 4675 eﬂlarel
1551 4608 1810 4674 animam,
1850 4608 2156 4662 moriebatur

568 4696 720 4761 enim,
743 4695 932 4749 vocavit
964 4711 1146 4750 nomen
1181 4697 1313 4767 ejus,
1343 4696 1392 4750 F
1392 4698 1510 4751 ilius
1549 4698 1741 4753 doloris
1768 4700 1866 4753 mei
1894 4698 2071 4771 (Ibid.
2100 4717 2149 4755 v.

567 4785 637 4840 18
658 4792 697 4855 ).
732 4784 972 4855 Cumque
995 4786 1171 4841 luctus
1199 4786 1371 4843 adhuc
1395 4802 1583 4843 recens
1611 4796 1771 4856 esset,
1798 4789 1990 4859 adjecit
2015 4805 2153 4845 mm-

567 4878 674 4933 rori
698 4878 906 4946 Ruben,
925 4879 1088 4949 patris
1107 4888 1280 4934 torum
1299 4881 1681 4937 contumeliose
1699 4881 1979 4953 impetens.
2002 4882 2152 4951 Quod

566 4969 660 5024 ille
688 4978 793 5023 tam
823 4969 1063 5040 graviter
1091 4970 1228 5035 tulit,
1260 4979 1320 5025 ut
1346 4971 1581 5026 moriens
1617 4988 1829 5042 quoque
1872 4973 2010 5028 mala
2055 4973 2156 5029 im-

568 5070 877 5132 prccaretur
904 5059 1012 5116 lilio
1031 5103 1046 5126 ,
1078 5068 1190 5115 tum
1227 5061 1432 5117 scilicet
1453 5103 1469 5128 ,
1516 5062 1732 5133 quando
1762 5062 1878 5118 [iliis
1906 5074 2154 5133 parentes

568 5153 774 5225 majore
816 5151 1179 5207 misericordia
1225 5152 1362 5207 afﬁci
1401 5162 1793 5209 consueverunt
1834 5155 1989 5225 idque
2032 5170 2153 5211 cum

568 5246 657 5301 ille
687 5244 1067 5315 primogenitus
1090 5253 1233 5300 esset
1268 5245 1504 5299 omnium
1546 5244 1686 5315 quod
1724 5247 1883 5301 etiam
1919 5245 1984 5300 ad
2024 5245 2157 5302 alie-

568 5346 715 5391 ctum
763 5351 869 5392 non
919 5351 1106 5407 parum
1136 5336 1294 5391 valet.
1325 5335 1430 5392 Sed
1471 5345 1647 5392 tamen
1693 5335 1809 5392 haec
1853 5339 2029 5392 omnia
2072 5339 2154 5395 vis

571 5427 818 5483 maeroris
845 5428 1089 5492 exclusit,
1115 5440 1417 5498 vacansque
1454 5427 1601 5482 illum
1631 5427 1764 5483 dixit
1792 5446 1805 5483 :
1838 5428 2015 5484 Ruben
2042 5430 2154 5501 pri-

570 5517 851 5586 mogenitus
874 5532 1030 5579 meus,
1062 5517 1305 5587 fortitudo
1329 5533 1461 5585 mea,
1484 5528 1532 5572 et
1555 5518 1753 5572 initium
1772 5519 1995 5588 ﬁliorum
2020 5536 2156 5575 meo-

572 5620 704 5668 rum,
732 5606 889 5659 durus
912 5606 979 5660 ad
1007 5607 1287 5676 ferendum,
1317 5607 1573 5677 durusque
1600 5616 1646 5661 et
1665 5609 1838 5661 audax
1864 5623 1884 5662 :
1911 5608 2154 5680 injuriam

571 5693 801 5755 intulisti.
829 5695 957 5747 sicut
984 5711 1117 5765 aqua
1151 5713 1251 5749 non
1280 5695 1589 5762 elferveseas.
1637 5696 1918 5752 Ascendisti
1946 5701 2078 5753 enim
2102 5701 2156 5754 in

570 5783 733 5837 cubile
755 5785 911 5852 patris
937 5788 1039 5855 tui,
1070 5798 1186 5840 tunc
1213 5789 1476 5843 maculasti
1502 5799 1738 5857 stratum,
1777 5792 1857 5846 ubi
1884 5795 2149 5849 ascendistt

1258 314 1324 434 Ξ.
1364 372 1641 431 JOANNIS
1675 366 2157 429 CHRYSOSTOMI
2194 365 2513 424 ARCHIEP.
2539 367 3065 427 CONSTANTINOP.

3709 379 3801 437 ΜΘ

2241 478 2409 549 (Gen.
2432 478 2521 535 49.
2541 480 2599 536 3.
2629 481 2718 551 4).
2747 481 2882 536 Cum
2908 492 3086 538 autem
3109 482 3426 539 adolevisset
3450 486 3807 544 amantissiuue
3869 539 3886 556 ,

2240 571 2426 626 uxoris
2454 572 2612 639 (ilius,
2642 572 2910 642 solarique
2932 573 3071 628 illius
3091 573 3415 630 desiderium
3447 575 3603 645 hujus
3630 590 3804 632 contn-

2240 661 2428 719 bernio
2453 672 2712 733 speraret,
2744 672 2869 721 tunc
2892 667 2994 736 Ipsi
3019 666 3340 737 multiplices
3362 677 3617 739 parantur
3634 685 3809 724 mrum-

2239 770 2343 811 nm.
2363 756 2577 813 Fratres
2590 757 2732 812 enim
2754 757 2893 812 illius
2911 758 3143 812 tunicam
3167 760 3439 814 intinctam
3458 762 3707 831 sanguine
3724 779 3808 833 pa-

2240 848 2310 903 tri
2337 848 2680 905 ostendentes
2704 864 2895 919 magno
2914 849 3062 905 illum
3092 849 3238 904 luctu
3259 850 3617 906 coniecerunt.
3645 852 3810 924 Neque

2241 939 2383 993 enim
2404 939 2571 993 solam
2600 938 2814 1009 lugebat
2833 947 3079 1007 mortem,
3106 938 3201 995 sed
3224 940 3392 1012 ipsum
3413 956 3624 1012 quoque
3640 945 3809 1000 mortis

2241 1045 2406 1100 genus
2422 1048 2434 1084 :
2453 1031 2776 1101 plurimaque
2787 1039 2940 1085 erant
2950 1046 3068 1102 qua:
3080 1031 3217 1086 illius
3229 1009 3461 1088 animum
3474 1009 3809 1104 exagitabant,

2241 1119 2381 1189 quod
2420 1129 2609 1175 amata:
2647 1121 2786 1177 illius
2821 1120 2979 1187 ﬁlius,
3011 1121 3152 1192 quod
3193 1122 3382 1178 melior
3417 1124 3656 1195 reliquis,
3683 1126 3809 1197 quod

2243 1209 2473 1266 maxime
2492 1211 2736 1276 dilectus,
2760 1212 2901 1281 quod
2925 1213 2975 1267 in
3004 1212 3118 1282 ipso
3142 1214 3315 1268 aetatis
3338 1213 3489 1280 llore,
3511 1217 3647 1286 quod
3673 1218 3736 1273 ab
3755 1234 3812 1275 eo

2243 1301 2460 1368 missus,
2487 1302 2629 1372 quod
2649 1318 2821 1373 neque
2837 1305 2887 1358 in
2904 1302 3085 1369 domo,
3107 1319 3279 1375 neque
3301 1305 3352 1358 in
3368 1305 3527 1375 lecto,
3551 1322 3714 1378 neque
3728 1324 3811 1379 pa-

2246 1402 2326 1449 tre
2348 1409 2526 1449 coram
2546 1395 2825 1450 assisteute
2845 1437 2858 1460 ,
2886 1411 3058 1467 neque
3077 1396 3259 1452 dicens
3277 1398 3479 1468 aliquid
3510 1409 3563 1455 et
3589 1401 3811 1469 audiens,

2243 1484 2384 1555 quod
2412 1499 2519 1539 non
2543 1487 2813 1541 communi
2838 1498 3009 1542 morte
3031 1488 3291 1555 omnium,
3314 1488 3458 1558 quod
3486 1489 3664 1546 vivens
3689 1505 3717 1544 a
3742 1491 3810 1546 le-

2244 1592 2422 1632 rarum
2444 1578 2771 1634 immanitate
2793 1578 3093 1650 discerptus
3112 1578 3306 1647 fuerat,
3326 1582 3468 1652 quod
3489 1597 3558 1638 ne
3581 1582 3812 1654 reliquias

2244 1670 2456 1741 quidem
2484 1670 2625 1726 illius
2650 1672 2885 1741 reperire
2900 1680 3114 1742 poterat
3131 1681 3187 1729 et
3204 1673 3367 1729 humo
3386 1673 3615 1731 condere
3643 1691 3656 1729 :
3683 1674 3812 1746 quod

2246 1763 2346 1818 ista
2375 1764 2448 1817 illi
2477 1778 2582 1819 non
2609 1764 2661 1818 in
2692 1763 2971 1834 juventute
2995 1765 3378 1835 contigissent,
3406 1767 3616 1837 quando
3643 1769 3814 1824 melius

2247 1854 2386 1911 ferre
2426 1859 2703 1927 potuisset,
2734 1857 2828 1913 sed
2856 1858 2910 1912 in
2938 1866 3213 1935 senectute
3238 1858 3446 1913 ultima.
3479 1858 3704 1930 Eratque
3724 1859 3815 1914 mi-

2246 1947 2533 2003 serandum
2557 1949 2775 2003 omnino
2806 1949 3197 2019 spectaculum,
3225 1949 3411 2006 videre
3431 1964 3594 2006 canos
3619 1950 3816 2020 pulvere

2246 2038 2492 2106 lmdatos,
2536 2039 2811 2110 senileque
2856 2049 3041 2110 pectus
3083 2040 3305 2097 discissa
3345 2042 3523 2097 tunica
3563 2040 3811 2106 nudatum,

2249 2130 2585 2201 lamentaque
2617 2130 2952 2188 admittentia
2977 2132 3404 2189 consolationem
3429 2134 3639 2190 nullam.
3669 2134 3815 2191 Scidit

2248 2224 2414 2290 enim,
2446 2222 2649 2293 inquit,
2675 2221 2836 2277 Iacob
2866 2225 3155 2279 vestimenta
3174 2242 3288 2290 sua,
3313 2233 3363 2279 et
3383 2225 3727 2295 circumposuit
3750 2225 3816 2277 ci-

2252 2312 2424 2367 licium
2461 2312 2644 2368 lumbis
2681 2315 2817 2381 suis,
2857 2314 3152 2385 lugebatque
3190 2315 3356 2384 ﬁlium
3385 2315 3559 2370 diebus
3586 2315 3813 2386 plurimis.

2250 2404 2549 2478 Congregati
2574 2415 2692 2460 sunt
2722 2415 2887 2460 autem
2914 2423 3085 2461 omnes
3111 2407 3207 2477 ﬁlii
3235 2408 3345 2478 ejus
3374 2418 3421 2462 et
3449 2408 3591 2477 filite,
3621 2419 3665 2461 et
3690 2422 3816 2460 vene-

2250 2507 2369 2552 runt
2409 2497 2663 2552 consolari
2702 2513 2847 2563 eum;
2888 2497 3145 2568 noluitque
3183 2499 3462 2565 consolari,
3491 2498 3655 2553 dicens
3679 2513 3697 2551 :
3720 2494 3814 2550 De-

2252 2587 2488 2642 scendam
2515 2588 2584 2641 ad
2611 2587 2775 2657 ﬁlium
2809 2605 2974 2642 nteum
3002 2589 3180 2660 lugens
3224 2590 3276 2643 in
3317 2589 3574 2661 infernum
3608 2586 3709 2662 (Id.
3737 2587 3816 2642 ’57.

2253 2675 2443 2733 ὄτι-55
2462 2677 2501 2748 ).
2531 2677 2690 2743 Quasi
2709 2692 2835 2733 vero
2858 2678 3112 2747 possibile
3135 2693 3238 2733 non
3268 2689 3413 2735 esset
3443 2694 3630 2734 vacare
3651 2693 3678 2732 a
3703 2692 3818 2732 mte-

2253 2782 2377 2823 rore
2409 2767 2644 2823 animum
2678 2768 2863 2838 ipsius,
2894 2783 3014 2823 cum
3049 2770 3299 2839 coepisset
3333 2784 3401 2825 ea
3438 2771 3588 2841 plaga
3629 2767 3814 2834 curari,

2254 2863 2421 2917 fames
2446 2860 2619 2916 valida
2646 2861 2956 2917 incumbens
2974 2904 2991 2931 ,
3024 2871 3326 2933 terramque
3356 2863 3655 2918 universam
3682 2875 3817 2916 occu-

2255 2968 2408 3024 pans,
2441 2940 2671 3023 primum
2696 2954 2908 3024 quidem
2939 2954 3240 3010 vehementi
3280 2955 3430 3010 illum
3475 2969 3696 3010 maerore
3719 2963 3816 3007 tur-

2257 3042 2474 3113 baverat
2503 3062 2517 3099 :
2546 3058 2668 3098 cum
2694 3054 2871 3100 autem
2898 3045 3097 3101 reversi
3120 3062 3183 3101 ex
3212 3045 3452 3118 Egypto
3479 3047 3599 3114 lilii,
3616 3046 3688 3102 rei
3720 3044 3819 3099 fru-

2256 3135 2529 3188 mentaria:
2555 3135 2703 3204 copia
2736 3133 2887 3190 lamis
2914 3118 3248 3192 incommoda
3276 3137 3437 3193 solati
3462 3146 3656 3205 essent,
3682 3136 3820 3191 aliam

2258 3225 2383 3280 item
2427 3226 2777 3282 consolationi
2809 3228 3025 3283 mixtam
3052 3228 3253 3283 doloris
3281 3244 3501 3286 causam
3537 3230 3817 3295 attulerunt,

2259 3316 2689 3389 voluptatemque
2710 3361 2724 3385 ,
2753 3335 2909 3390 quam
2940 3336 3007 3375 ex
3033 3320 3188 3376 lamis
3216 3322 3481 3378 levamine
3506 3323 3717 3389 tulerat,
3740 3320 3820 3376 ab-

2258 3410 2426 3465 sentia
2448 3410 2537 3465 lilii
2558 3412 2829 3481 premebat
2852 3425 3010 3482 atque
3026 3413 3365 3470 obscurabat.
3384 3414 3564 3486 Neque
3583 3413 3630 3468 id
3649 3413 3819 3478 solum,
3860 3436 3865 3439 η

2258 3501 2352 3556 sed
2381 3501 2655 3571 Benjamin
2685 3502 2854 3572 ipsum
2878 3504 3218 3574 postulabant
3247 3522 3258 3559 :
3292 3521 3404 3575 quo
3427 3506 3512 3562 ille
3541 3506 3686 3560 unico
3708 3502 3822 3558 sola-

2260 3593 2333 3648 tio
2357 3609 2421 3648 ex
2455 3593 2632 3648 uxoris
2671 3593 2938 3649 defuncta:
2972 3602 3028 3650 et
3062 3609 3093 3648 a
3128 3594 3243 3650 fera
3282 3595 3525 3652 devorati
3554 3596 3640 3651 lilii
3677 3595 3823 3650 lenire

2257 3699 2544 3740 maerorem
2570 3693 2800 3756 poterat.
2842 3686 2975 3741 Erat
2997 3697 3175 3742 autem
3207 3703 3311 3743 non
3342 3702 3411 3743 ea
3440 3688 3552 3743 sola
3576 3701 3722 3742 causa
3742 3685 3823 3737 de-

2260 3777 2460 3833 tinendi
2493 3777 2767 3847 Benjamin
2802 3793 3005 3847 secum,
3043 3794 3227 3834 verum
3258 3786 3391 3835 aetas
3416 3794 3624 3851 quoque
3650 3787 3700 3834 et
3724 3776 3821 3845 ipsa

2262 3873 2590 3937 educationis
2620 3873 2778 3927 ratio.
2817 3870 2940 3926 Non
2970 3874 3254 3939 descendet,
3289 3873 3465 3939 enim,
3493 3872 3677 3943 inquit,
3701 3868 3822 3939 ﬁlius

2259 3981 2397 4018 meus
2424 3964 2695 4030 vobiscum,
2727 3966 2964 4035 quoniam
2992 3966 3149 4036 frater
3175 3966 3287 4037 ejus
3313 3977 3543 4021 mortuus
3564 3974 3652 4029 est,
3668 3973 3710 4017 et
3730 3962 3822 4031 ipse

2259 4054 2397 4111 solus
2428 4057 2691 4111 derelictus
2720 4067 2812 4123 est,
2845 4059 3194 4129 contingetque
3232 4057 3380 4112 illum
3415 4056 3660 4127 inﬁrmari
3681 4056 3728 4108 in
3750 4053 3820 4105 via

2259 4164 2358 4218 qua
2377 4164 2462 4202 vos
2486 4148 2711 4220 pergitis,
2740 4148 3090 4220 deducetisque
3114 4165 3268 4207 canos
3287 4165 3426 4204 meos
3451 4165 3562 4203 cum
3580 4147 3745 4202 dolore
3763 4142 3821 4196 ad

2260 4239 2450 4310 inferos
2481 4237 2606 4313 (Id.
2636 4240 2725 4294 4‘2.
2759 4240 2888 4312 58).
2920 4239 3157 4295 Primum
3202 4241 3359 4310 igitur
3402 4242 3615 4295 omnino
3654 4250 3818 4293 renue-

2261 4329 2371 4397 bat,
2406 4331 2553 4385 illum
2583 4346 2871 4401 numquam
2900 4346 2958 4387 se
2987 4331 3235 4386 daturum
3262 4346 3508 4387 asserens
3536 4349 3549 4385 :
3573 4344 3687 4384 cum
3709 4338 3820 4380 vero

2260 4422 2727 4479 vehementissima
2750 4423 2917 4479 fames
2933 4433 3162 4494 urgeret,
3182 4424 3518 4494 graviorique
3534 4418 3821 4477 necessitate

2262 4523 2585 4587 tangeretur,
2604 4531 2922 4586 quamquam
2950 4517 3170 4571 nimium
3194 4530 3429 4571 manens
3457 4534 3470 4568 :
3506 4513 3637 4582 Quid
3661 4510 3819 4573 enim,

2262 4606 2451 4676 inquit,
2472 4623 2551 4659 me
2570 4607 2833 4677 aﬂlixistis,
2862 4607 3147 4661 nuntiantes
3169 4606 3379 4669 homini,
3400 4606 3537 4675 quod
3564 4611 3682 4658 esset
3704 4597 3821 4654 vobis

2264 4700 2424 4769 Ῑναιεν
2451 4698 2469 4767 (
2494 4694 2582 4750 Id.
2606 4698 2695 4752 45.
2722 4696 2836 4768 6)?
2873 4698 3141 4768 verbaque
3193 4697 3281 4751 illa
3327 4695 3619 4751 miseranda
3650 4693 3821 4761 loquuo

2265 4798 2348 4842 tus
2373 4806 2386 4841 :
2416 4786 2630 4857 Ioseph,
2670 4788 2947 4858 inquiens,
2979 4806 3082 4843 non
3126 4798 3217 4854 est,
3259 4788 3469 4845 Simeon
3509 4804 3607 4841 non
3643 4793 3742 4848 est,
3779 4785 3820 4834 el

2260 4878 2530 4953 Benjamin
2558 4881 2692 4935 hunc
2720 4882 3019 4936 assumetis?
3057 4883 3108 4936 in
3142 4898 3220 4936 me
3245 4891 3482 4936 venerunt
3508 4881 3602 4934 ista
3629 4874 3783 4931 omnia
3806 4884 3823 4923 :

2261 4971 2447 5027 dolens
2494 4973 2696 5029 scilicet
2739 4973 2879 5043 quod
2930 4981 3048 5044 post
3093 4972 3290 5043 Joseph
3331 4981 3385 5028 ct
3429 4972 3639 5028 Simeon
3681 4965 3820 5020 etiam

2262 5063 2534 5133 Benjamin
2557 5079 2589 5119 a
2611 5080 2669 5119 se
2690 5065 2988 5120 niterentur
3002 5065 3253 5131 avellere,
3267 5063 3650 5132 ostendensque
3665 5055 3820 5113 omnia

2261 5168 2320 5209 se
2358 5156 2534 5225 potius
2576 5170 2879 5225 passurum,
2919 5172 3077 5226 quam
3117 5155 3460 5210 dimissurum
3486 5168 3516 5206 a
3544 5166 3602 5206 se
3626 5150 3775 5203 lilium
3807 5160 3818 5194 :

2262 5246 2432 5301 victus
2459 5246 2670 5301 tandem
2698 5247 2808 5301 suis
2834 5262 2954 5303 eum
2978 5247 3223 5302 manibus
3249 5243 3498 5312 tradidit,
3526 5242 3734 5298 dicens:
3763 5231 3819 5286 Et

2261 5340 2470 5408 fratrem
2515 5347 2734 5391 vestrum
2775 5338 3034 5405 assumite,
3080 5346 3433 5409 surgentesque
3469 5330 3738 5389 descendite
3761 5323 3820 5377 ad

2260 5429 2439 5483 virum.
2474 5428 2611 5484 Deus
2639 5441 2808 5486 autem
2837 5448 2974 5487 meus
3002 5432 3085 5486 det
3112 5431 3248 5486 vobis
3264 5432 3483 5503 gratiam
3505 5430 3558 5482 in
3578 5427 3819 5493 conspectu

2260 5522 2375 5587 viri,
2406 5522 2695 5593 emittetque
2713 5522 2965 5577 vobiscum
2992 5527 3198 5595 fratrem
3226 5532 3440 5577 vestrum
3467 5534 3617 5574 unum
3640 5525 3682 5569 et
3702 5509 3818 5564 Ben-

2251 5613 2441 5685 jamin.
2464 5612 2575 5685 Ego
2600 5616 2731 5669 enim
2750 5616 2875 5669 sicut
2899 5615 3064 5671 liberis
3083 5615 3285 5670 orbatus
3305 5631 3434 5679 sum,
3454 5612 3614 5667 liberis
3635 5606 3815 5662 orbam

2262 5720 2372 5758 sum
2410 5702 2571 5777 (Ibid.
2612 5722 2660 5761 v.
2710 5707 2798 5762 15.
2828 5707 2947 5777 li).
3006 5705 3080 5761 Ita
3111 5705 3454 5761 vehementer
3490 5697 3699 5757 summis
3724 5690 3812 5746 illis

2263 5797 2554 5866 angebatur
2578 5797 2944 5864 incommodis,
2978 5807 3035 5853 ut
3060 5797 3352 5855 visceribus
3376 5793 3535 5851 etiam
3562 5779 3811 5855 discerptis
