4138 6440
433 336 540 392 469

465 455 798 523 anlatimque
823 448 1112 504 imminutis
1144 447 1264 503 ﬂliis
1293 447 1539 503 universa
1563 443 1889 500 deteriorum
1929 455 2019 496 ac-

433 548 679 604 cessione
701 546 970 600 toleraret.
994 543 1192 613 Majore
1212 541 1353 596 enim
1373 555 1439 595 ex
1459 535 1761 608 hujusmodi
1782 533 2020 590 adversis

435 639 622 695 dolore
647 637 966 708 angebatur,
1009 650 1165 706 quam
1204 641 1326 688 ante
1364 647 1430 688 ex
1466 629 1686 700 Joseph.
1718 628 1925 698 Quippe
1955 640 2018 680 ea

436 730 728 795 calamitas,
755 743 872 798 qum
898 726 1177 781 meliorum
1216 738 1311 794 spe
1343 730 1396 778 et
1432 719 1827 791 exspectatione
1850 724 2015 782 caret,

437 819 537 874 etsi
577 816 976 872 vehementiore
1004 815 1186 870 dolore
1214 827 1312 868 nos
1341 811 1562 876 cruciat,
1593 809 1682 864 ille
1710 816 1886 863 tamen
1910 807 2024 877 ipse

438 911 593 966 dolor
614 911 720 966 cito
746 909 962 975 lenitur,
989 908 1113 962 dum
1143 907 1321 961 animo
1345 903 1646 975 desperatio
1672 900 1830 971 hujus
1855 900 2024 955 corri-

438 1001 624 1072 genda:
667 1000 919 1070 ingeritur
950 1016 964 1050 :
992 1014 1111 1068 quae
1161 1011 1290 1052 vero
1333 1009 1586 1066 suspensa
1629 1001 1745 1059 est,
1785 991 2022 1046 animum

439 1092 776 1160 requiescere
801 1105 905 1143 non
930 1089 1054 1143 sinit
1078 1129 1094 1156 ,
1126 1088 1420 1142 futurorum
1449 1083 1821 1140 incertitudine
1843 1079 2024 1134 anxie-

441 1189 603 1236 tatem
640 1181 834 1251 jngiter
876 1179 1030 1234 nobis
1073 1191 1270 1248 augens
1316 1184 1372 1232 et
1423 1189 1682 1230 renovans
1716 1191 1730 1228 :
1759 1171 1914 1241 idque
1957 1185 2023 1224 ex

440 1273 596 1328 beato
633 1271 794 1326 David
823 1271 973 1326 facile
995 1267 1417 1323 animadvertere
1447 1278 1748 1336 possumus,
1784 1263 1871 1332 qui
1901 1275 2021 1316 cum

441 1363 616 1418 adhuc
655 1363 863 1417 vivente
902 1361 1174 1432 plangeret
1217 1358 1344 1420 tilio,
1373 1372 1438 1412 eo
1488 1357 1601 1425 ipso
1644 1363 1853 1409 mortuo
1892 1366 1950 1406 se
1987 1367 2018 1405 a

442 1455 566 1510 ﬂetu
609 1454 869 1509 continuit
910 1471 923 1506 :
965 1451 1108 1524 quod
1149 1466 1272 1505 cum
1318 1448 1458 1504 servi
1503 1448 1644 1502 illius
1685 1447 2023 1510 mirarentur,

442 1560 762 1615 causamque
788 1545 1137 1615 requirerent,
1171 1543 1307 1597 hanc
1339 1541 1507 1610 ipsam
1535 1539 1794 1594 rationem
1823 1537 2024 1606 allega-

443 1637 537 1701 vit,
563 1651 719 1706 quam
750 1651 848 1706 ego
875 1635 1051 1690 modo.
1083 1634 1270 1689 Merito
1295 1633 1453 1703 igitur
1473 1631 1638 1686 Jacob
1654 1629 1738 1684 his
1760 1628 2028 1683 metuebat

444 1726 610 1795 magis
638 1735 794 1795 atque
819 1723 1092 1780 tremebat.
1126 1723 1232 1778 Sed
1267 1731 1513 1792 aspectus
1547 1721 1632 1775 ille
1659 1717 2027 1774 desiderabilis

444 1831 504 1870 ac
525 1815 718 1886 Joseph
739 1816 897 1871 facies
912 1815 1236 1885 voluptatem
1263 1814 1336 1868 illi
1363 1821 1416 1869 et
1440 1813 1667 1883 quietem
1689 1810 2024 1881 postmodum

445 1907 687 1975 pra-buit.
741 1906 806 1961 Et
847 1906 972 1976 quid
1023 1907 1146 1964 inde
1189 1905 1472 1976 voluptatis
1513 1912 1873 1974 consequutus
1913 1903 2028 1957 est?

442 1996 590 2052 Sicut
614 1997 753 2051 enim
777 1997 1244 2052 vehementissimo
1268 1996 1373 2066 igni
1394 1995 1579 2049 adusta
1603 1995 1838 2050 membra
1859 2007 2029 2062 quan-

445 2088 684 2142 tumlibet
725 2087 842 2158 quis
876 2087 1192 2159 refrigerare
1219 2087 1496 2152 moliatur,
1523 2085 1653 2140 nihil
1680 2083 1889 2154 proﬁcit
1917 2101 1930 2136 :
1955 2083 2028 2140 ita

444 2187 499 2232 ct
526 2178 668 2232 illius
699 2187 947 2234 mmstum
985 2177 1219 2232 animum
1263 2176 1516 2248 nimiique
1555 2175 1755 2230 doloris
1801 2173 2029 2229 ﬂammis

443 2267 687 2321 adustum
719 2267 847 2325 nihil
876 2277 990 2322 erat
1009 2267 1149 2337 quod
1173 2281 1415 2322 recreare
1434 2275 1630 2337 posset,
1649 2265 1882 2320 maxime
1907 2280 2026 2319 cum

443 2372 506 2412 ea
535 2364 690 2411 tetate
713 2357 888 2412 nullus
916 2356 1026 2412 fere
1049 2357 1118 2410 sit
1147 2357 1432 2426 voluptatis
1458 2370 1646 2411 sensus
1679 2373 1691 2409 :
1724 2354 1862 2424 quod
1888 2355 2025 2409 Ber-

443 2447 562 2500 zelli
588 2461 846 2501 excusans
868 2446 1078 2502 dicebat
1118 2447 1184 2500 ad
1228 2446 1389 2501 David
1421 2463 1433 2499 :
1468 2445 1603 2510 Quot
1642 2446 1748 2500 dies
1781 2462 2028 2500 annorum

443 2538 558 2590 vita:
596 2552 718 2591 mea:
759 2538 865 2602 illic
911 2547 1057 2591 erunt
1097 2538 1240 2604 mihi,
1269 2547 1325 2590 ut
1363 2535 1630 2591 ascendant
1671 2553 1785 2590 cum
1823 2553 1939 2608 rege
1974 2537 2028 2590 in

441 2628 766 2683 Jerusalem?
802 2628 970 2683 Filius
999 2630 1250 2700 octoginta
1277 2646 1522 2683 annorum
1542 2646 1653 2683 sum
1682 2629 1868 2696 hodie;
1908 2646 2029 2684 nam

439 2720 725 2774 discernunt
757 2721 885 2774 inter
919 2722 1102 2775 bonum
1141 2731 1189 2774 et
1229 2721 1359 2775 inter
1394 2722 1622 2775 malum?
1663 2739 1785 2774 num
1809 2723 2028 2792 gustabit

441 2827 612 2866 servus
638 2821 754 2866 tuus
777 2828 1101 2884 quaecumque
1125 2813 1391 2867 comederit
1418 2823 1507 2867 aut
1538 2813 1753 2868 biberit?
1791 2831 1912 2868 num
1937 2831 2029 2868 au-

441 2901 580 2954 diam
600 2903 913 2956 cantantium
933 2903 1152 2956 virorum
1179 2913 1266 2957 aut
1293 2905 1562 2958 mulierum
1580 2907 1760 2959 voces?
1786 2905 1853 2959 Et
1873 2922 2030 2976 quare

439 3009 612 3047 servus
638 3003 750 3048 tuus
776 2996 942 3064 gravis
967 2997 1032 3050 sit
1061 2996 1264 3050 domino
1293 3013 1404 3052 meo
1425 2998 1533 3069 regi
1559 2998 1633 3063 (2.
1664 2999 1788 3068 Reg.
1819 3000 1901 3054 19.
1935 2999 2024 3054 ⁵54.

440 3085 568 3156 55)?
614 3085 808 3141 Verum
834 3088 957 3158 quid
986 3088 1087 3143 hoc
1112 3105 1178 3143 ex
1207 3089 1325 3144 aliis
1350 3089 1686 3158 conjicimus,
1715 3105 1835 3144 eum
1866 3091 2023 3146 liceat

441 3178 613 3246 ipsum
649 3179 831 3234 audire
865 3180 931 3234 de
955 3195 1013 3236 se
1047 3181 1413 3250 profitentem?
1453 3182 1640 3236 Postea
1687 3182 1827 3236 enim
1867 3198 2025 3252 quam

444 3270 608 3323 tilium
642 3271 865 3337 viderat,
896 3285 926 3326 a
957 3272 1232 3326 Pharaone
1262 3273 1327 3327 de
1357 3273 1478 3326 vitae
1512 3288 1623 3326 sua:
1659 3275 1814 3328 annis
1858 3274 2024 3328 inter-

441 3369 692 3431 rogatus:
725 3360 882 3416 Parvi
921 3373 1058 3428 sunt,
1090 3362 1277 3433 inquit,
1310 3374 1356 3416 et
1383 3363 1506 3416 mali
1544 3363 1648 3418 dies
1690 3366 1806 3429 mei,
1843 3375 1889 3421 et
1925 3383 2025 3420 non

443 3462 766 3522 pervenerunt
791 3454 858 3506 ad
884 3453 989 3508 dies
1016 3461 1215 3522 patrum
1236 3470 1456 3508 meorum
1479 3453 1632 3523 (Gen.
1657 3455 1744 3508 47.
1769 3455 1829 3524 9)
1855 3473 1868 3509 :
1891 3455 2026 3510 adeo

441 3544 677 3599 vivacem
723 3559 901 3599 rerum
939 3553 1207 3615 gestarum
1246 3544 1556 3600 memoriam
1594 3559 1776 3599 secum
1815 3560 2026 3616 semper

439 3634 675 3704 gerebat.

513 3727 601 3782 η.
644 3727 746 3782 Sed
773 3728 913 3783 enim
946 3728 1084 3782 filius
1104 3728 1204 3788 iste
1234 3728 1410 3789 clarus
1437 3742 1489 3788 et
1509 3734 1770 3804 gloriosus
1797 3733 2018 3805 .loseph,

439 3821 591 3890 cujus
623 3823 951 3880 calamitates
976 3840 1081 3879 non
1108 3839 1324 3880 suarum
1358 3825 1716 3895 magnitudine
1745 3826 2023 3880 calamita-

443 3924 553 3968 tum
574 3917 812 3986 operuit?
855 3917 1057 3988 Nempe
1093 3917 1233 3974 enim
1270 3926 1420 3988 pater
1455 3917 1568 3988 ejus
1615 3933 1778 3973 unum
1819 3927 2022 3974 tantum

439 4003 658 4060 fratrem
704 4007 1064 4063 insidiatorem
1117 4023 1304 4077 passus
1351 4017 1467 4075 est,
1513 4008 1599 4062 hic
1636 4017 1812 4064 autem
1857 4009 2026 4064 multo

442 4096 621 4168 plures
642 4105 830 4167 :atque
857 4098 946 4152 ille
971 4097 1182 4168 quidem
1212 4113 1308 4167 per
1328 4099 1555 4167 priorem
1578 4113 1790 4153 omnem
1811 4108 2022 4154 aetatem

439 4187 496 4242 in
522 4202 726 4241 summa
751 4203 928 4242 rerum
953 4189 1105 4258 copia
1145 4195 1201 4242 et
1241 4188 1422 4256 requie
1459 4188 1688 4242 nutritus
1716 4198 1831 4254 est;
1861 4188 1946 4242 hic
1970 4191 2022 4243 in

439 4279 665 4333 alienam
709 4295 841 4348 puer
886 4279 1143 4335 adductus
1188 4279 1456 4350 regionem
1506 4280 1711 4334 itineris
1755 4297 2022 4339 aerumnas

441 4370 675 4440 perferre
699 4371 985 4440 cogebatur
1016 4388 1030 4424 :
1062 4385 1124 4425 ac
1150 4369 1348 4425 Iacobo
1376 4369 1588 4440 quidem
1615 4369 1798 4424 aderat
1826 4379 2016 4438 mater,

439 4461 660 4517 insidias
679 4463 913 4527 leniens;
946 4461 1030 4516 hic
1055 4461 1483 4517 adolescentulus
1508 4461 1718 4530 quando
1747 4461 1820 4515 illi
1852 4471 2021 4518 matre

439 4569 573 4623 Opus
614 4563 762 4621 erat,
797 4565 918 4610 tunc
957 4555 1184 4610 maxime
1231 4555 1331 4610 isto
1372 4553 1634 4623 adjutorio
1679 4553 1922 4608 desertus
1967 4563 2022 4609 et

439 4647 722 4702 destitutus
757 4656 858 4701 est.
905 4647 986 4701 Ad
1029 4648 1142 4701 hare
1176 4647 1316 4701 Esat't
1345 4645 1554 4716 quidem
1585 4660 1748 4716 usque
1776 4645 1842 4699 ad
1869 4659 2020 4699 com-

441 4736 786 4791 minationem
814 4744 1013 4790 tantum
1042 4736 1296 4792 Jacobnm
1327 4736 1641 4806 perterruit;
1687 4745 1740 4789 at
1765 4750 1891 4791 vero
1925 4735 2020 4792 Jo-

440 4827 592 4897 seplii
635 4827 826 4882 fratres
867 4827 1083 4882 insidias
1123 4829 1178 4881 in
1215 4839 1454 4898 apertum
1478 4843 1610 4898 opus
1641 4827 2020 4897 perduxerunt,

438 4929 600 4988 atque
645 4927 768 4973 ante
814 4917 1031 4970 insidias
1074 4917 1267 4972 invidia
1318 4920 1568 4973 commoti
1615 4917 1897 4974 detrahere
1948 4919 2021 4974 illi

442 5023 728 5078 numquam
758 5008 1077 5062 destiterunt
1100 5025 1112 5063 :
1138 5024 1243 5078 quo
1269 5008 1395 5078 quid
1420 5009 1661 5064 acerbius
1687 5025 1803 5064 esse
1832 5011 2015 5080 possit,

439 5115 598 5169 quam
623 5115 716 5154 eos
742 5098 1057 5169 quibuscum
1093 5097 1299 5153 habitas
1337 5099 1584 5154 inimicos
1622 5101 1768 5170 pati?
1813 5099 2021 5156 Detule-

439 5199 559 5244 runt
605 5190 737 5244 enim
783 5189 928 5244 illum
973 5189 1179 5244 crimine
1217 5191 1351 5244 malo
1378 5192 1395 5222 ⁸
1421 5232 1436 5256 ,
1480 5201 1527 5245 et
1567 5192 1787 5246 uidentes
1829 5195 1962 5261 quod
1989 5211 2022 5249 a

437 5288 581 5353 patre
605 5281 796 5334 caeteris
821 5280 987 5335 liberis
1014 5282 1118 5336 suis
1153 5283 1266 5352 plus
1305 5283 1616 5354 diligeretur,
1653 5283 1861 5337 oderant
1884 5301 2018 5354 eum,

437 5387 529 5425 nec
548 5379 775 5442 poterant
803 5373 847 5426 ei
871 5374 1137 5444 quicquam
1163 5374 1375 5446 paciﬁca
1394 5375 1529 5445 loqui
1560 5373 1720 5445 (Gen.
1739 5376 1826 5431 57.
1845 5375 1900 5428 2.
1927 5377 2019 5446 4).

439 5472 633 5544 Neque
659 5471 803 5526 enim
823 5512 840 5537 ,
871 5470 1018 5539 quod
1065 5470 1168 5525 sub
1213 5467 1612 5538 negotiatorum
1648 5467 1892 5538 regiique
1920 5482 2023 5523 cu-

446 5564 615 5621 nuchi
648 5577 814 5618 manu
865 5559 1005 5628 fuit,
1051 5568 1161 5614 tam
1193 5573 1360 5631 grave
1405 5557 1482 5611 illi
1527 5555 1699 5613 fuisse
1731 5555 1963 5612 dixerim
2005 5576 2021 5614 :

503 5709 521 5771 ξ
555 5708 624 5756 sic
644 5709 693 5756 In
707 5714 818 5771 LXX
839 5709 1191 5771 Interpretibus
1211 5707 1421 5771 legitur;
1445 5720 1589 5771 secus
1609 5709 1659 5759 in
1675 5708 1879 5760 Hebraeo
1898 5716 1949 5762 et
1969 5710 2018 5761 in

438 5766 654 5832 vulgata,
675 5769 760 5819 ubi
779 5770 956 5834 Joseph
972 5766 1148 5821 fratres
1168 5766 1418 5822 acedsasse
1439 5769 1626 5822 dicitur.

1293 335 1384 390 AD
1424 329 1799 392 STAGIRIUM
1840 331 1882 384 Δ
1926 325 2225 384 ΒΑΞΜΟΝΕ
2272 329 2616 387 \‘EXATIIM.
2667 326 2794 382 LIB.
2833 325 2899 380 ll.

2119 443 2292 499 multo
2318 443 2465 497 enim
2499 442 2822 495 clementius
2849 440 2943 494 illo
2972 439 3055 496 usi
3085 445 3243 506 sunt,
3274 455 3438 511 quam
3474 444 3695 504 fratres.

3610 327 3712 380 470

2193 528 2406 600 Iosephi
2429 531 2656 602 exemplo
2681 532 2946 585 utitur.—-
2971 531 3216 586 Attamen
3266 548 3335 588 ne
3373 533 3452 588 sic
3489 535 3704 604 quidem

2124 621 2322 692 quievit
2348 622 2705 678 calamitatum
2728 638 2866 679 saeva
2895 624 3083 692 hiems,
3119 625 3315 697 quippe
3339 625 3709 684 vehementior

2127 715 2356 784 procella
2379 715 2584 771 irruens
2611 717 2781 786 ipsum
2808 732 2991 772 rursus
3015 716 3125 773 fere
3152 718 3428 774 demersit.
3456 719 3706 775 Fortasse

2127 823 2214 862 me
2241 807 2502 878 quispiam
2546 808 2648 864 hoc
2688 808 2739 863 in
2773 808 2901 863 loco
2939 809 3157 864 insidias
3182 810 3413 865 dominze
3441 809 3706 865 dicturum

2126 897 2423 962 existimet;
2469 913 2568 969 ego
2605 915 2733 953 vero
2771 907 2893 953 ante
2928 914 3044 955 eam
3087 915 3300 970 quoque
3341 909 3709 974 tempestatem

2128 988 2284 1041 aliam
2313 989 2589 1043 saaviorem
2615 989 2807 1044 dicam.
2836 988 3008 1044 Grave
3028 990 3263 1059 quidem,
3292 1007 3350 1046 re
3376 1006 3498 1046 vera
3521 1007 3706 1062 grave,

2128 1079 2419 1134 calumnias
2460 1079 2762 1149 hujusmodi
2809 1080 3089 1136 criminum
3129 1082 3233 1150 pati
3262 1081 3628 1153 damnarique,
3658 1093 3710 1152 et

2129 1181 2399 1223 carcerein
2431 1178 2535 1223 tam
2567 1170 2776 1240 prolixo
2803 1179 3041 1240 tempore
3070 1170 3302 1226 incolere
3331 1187 3554 1242 puerum
3586 1173 3711 1229 libe-

2129 1275 2269 1327 rum,
2294 1260 2545 1328 nobilem,
2569 1261 2789 1332 ejusque
2812 1263 3142 1317 necessitatis
3163 1262 3416 1320 hactenus
3441 1265 3710 1335 ignarum,

2128 1349 2221 1403 sed
2251 1366 2380 1404 sane
2407 1351 2621 1420 gravius
2651 1350 2733 1407 his
2763 1352 3010 1408 omnibus
3040 1352 3114 1408 illi
3143 1354 3315 1408 visum
3343 1363 3491 1424 puto,
3522 1355 3711 1410 ﬂuctus

2129 1443 2301 1496 aetatis
2328 1444 2825 1513 cornpescnisse.oSi
2853 1445 2993 1500 enim
3027 1445 3171 1500 nulla
3200 1445 3442 1516 ﬂagranti
3465 1448 3708 1516 concupi-

2130 1537 2329 1590 scentia
2357 1545 2533 1590 motus
2567 1537 2706 1591 illius
2734 1551 2944 1592 amores
2973 1537 3360 1608 blanditiasque
3398 1540 3710 1608 respuisset,

2130 1641 2236 1678 non
2277 1625 2404 1679 mihi
2434 1626 2504 1680 ita
2531 1626 2826 1682 laudandus
2861 1635 3019 1697 atque
3047 1627 3391 1683 admirandus
3416 1629 3709 1696 videretur,

2127 1715 2323 1788 Qhristi
2351 1717 2554 1772 scilicet
2572 1719 2848 1772 sententiae
2868 1718 3125 1773 credenti.
3151 1717 3332 1789 Neque
3351 1720 3492 1774 enim
3515 1721 3602 1776 ille
3621 1735 3708 1777 eos

2129 1809 2218 1878 qui
2243 1818 2430 1863 natura
2451 1817 2575 1863 sunt
2602 1809 2850 1873 eunuchi,
2871 1809 2966 1864 sed
2988 1810 3076 1879 qui
3101 1810 3305 1880 seipsos
3322 1819 3710 1877 castraverunt,

2129 1901 2319 1971 dignos
2362 1916 2526 1970 regno
2566 1902 2817 1956 caelorum
2858 1902 2991 1956 dixit
3038 1901 3266 1974 (Matth.
3313 1903 3400 1958 l9.
3452 1902 3576 1975 12).
3619 1905 3713 1960 Sin

2131 2005 2256 2044 vero
2283 2005 2468 2055 secus,
2501 2006 2658 2060 quam
2689 1992 2780 2046 ille
2810 1993 3084 2046 victoriam
3116 1993 3425 2049 retulisset?
3461 1995 3714 2050 adversus

2131 2096 2288 2152 quem
2329 2081 2586 2136 dimicans
2622 2097 2878 2137 coronam
2923 2084 3251 2152 reportaret?
3292 2099 3522 2154 quonam
3564 2089 3716 2142 hoste

2131 2183 2385 2244 superato
2428 2174 2600 2229 victor
2640 2175 3094 2244 proclamaretur,
3137 2176 3183 2230 si
3228 2177 3403 2233 nullus
3445 2188 3587 2234 esset
3627 2181 3718 2250 qui

2130 2263 2512 2331 obluctaretur,
2540 2281 2768 2336 eumque
2799 2266 3056 2322 niteretur
3075 2267 3340 2337 dejicere?
3369 2269 3548 2340 Neque
3574 2273 3716 2327 enim

2131 2368 2223 2409 eos
2249 2353 2340 2424 qui
2366 2355 2436 2410 ab
2468 2356 2812 2412 animantium
2847 2358 2989 2412 coitu
3028 2357 3428 2425 abstinuerunt,
3455 2361 3716 2417 castitatis

2129 2445 2338 2500 ratione
2366 2446 2750 2516 praedicamus,
2778 2447 2918 2519 quod
2959 2457 3161 2503 natura:
3203 2449 3355 2504 insita
3387 2467 3492 2505 non
3525 2452 3592 2506 sit
3620 2452 3713 2505 hu-

2127 2535 2358 2605 jusmodi
2386 2539 2836 2606 concupiscentia.
2860 2540 2914 2594 Si
2939 2539 3096 2609 igitur
3117 2540 3272 2595 beato
3293 2541 3364 2596 illi
3389 2542 3715 2599 adolescentl

2129 2628 2391 2697 ejusmodi
2421 2630 2556 2699 ignis
2585 2631 2715 2685 nihil
2743 2631 2997 2687 molestus
3016 2631 3132 2697 fuit,
3157 2633 3280 2704 quid
3302 2643 3382 2688 est
3409 2634 3547 2703 quod
3575 2636 3715 2690 illius

2129 2719 2426 2775 castitatem
2455 2719 2526 2772 ita
2556 2721 2912 2776 admiramur?
2959 2723 3109 2790 Quod
3152 2724 3194 2777 si
3227 2738 3294 2778 eo
3319 2734 3577 2793 tempore,
3608 2742 3716 2796 quo

2130 2810 2497 2867 vehementius
2525 2812 2830 2883 hujusmodi
2871 2813 3085 2870 ﬂamma
3124 2819 3461 2872 succenditur
3488 2821 3716 2890 (agebat

2129 2904 2325 2973 quippe
2354 2912 2475 2959 tunc
2497 2905 2811 2974 vigesimum
2837 2906 3008 2961 {etatis
3028 2907 3282 2980 annum),
3312 2917 3366 2963 et
3401 2924 3520 2965 cum
3559 2912 3715 2971 nullis

2130 2994 2358 3050 admotis
2389 2996 2504 3049 aliis
2534 2995 2778 3051 fomentis
2808 2997 3152 3052 intolerabilis
3183 3014 3277 3068 per
3303 3015 3361 3054 se
3390 3013 3470 3056 est
3498 3002 3596 3058 iSIa
3613 3003 3715 3073 vis,

2131 3093 2258 3140 tunc
2295 3085 2528 3140 maxime
2559 3085 2824 3154 impudica
2853 3086 3042 3140 mulier
3062 3088 3716 3148 castissimo'adolescenti

2131 3174 2374 3228 insidiata
2402 3183 2504 3239 est,
2529 3183 2732 3229 tantum
2759 3175 2882 3230 huic
2909 3175 3137 3231 ﬂammae
3163 3177 3352 3232 virium
3379 3194 3443 3234 ex
3467 3181 3579 3235 suis
3601 3182 3716 3237 illc—

2128 3267 2301 3321 ccbris
2327 3276 2380 3320 et
2409 3268 2733 3322 ornamentis
2760 3267 3018 3336 adjiciens
3037 3309 3051 3333 ,
3091 3277 3344 3337 quantum
3373 3270 3444 3324 illi
3472 3281 3589 3326 erat
3619 3289 3716 3340 per

2131 3368 2416 3411 naturam:
2448 3357 2565 3426 quis
2599 3357 2710 3426 jam
2757 3366 2867 3412 tum
2912 3358 3054 3414 illius
3099 3358 3309 3428 ﬂuctus,
3365 3363 3640 3418 tumultus.
3662 3374 3717 3418 et

2126 3447 2448 3502 anxietatem
2467 3461 2717 3503 enarrare
2738 3449 2984 3524 sufficiat,
3011 3471 3129 3515 cum
3157 3462 3475 3522 intrinsecus
3501 3469 3714 3537 quidem

2127 3547 2182 3594 et
2205 3549 2401 3600 natura
2426 3544 2574 3602 illum
2619 3559 2672 3604 et
2715 3561 2844 3605 actas
2887 3554 3278 3622 perturbarent,
3323 3572 3517 3628 arsque
3545 3560 3686 3634 :Egy

2125 3639 2254 3709 ptiae
2280 3641 2612 3697 extrinsecus
2634 3642 2926 3712 pelliceret,
2955 3645 3199 3715 istudque
3228 3663 3332 3702 non
3365 3665 3472 3704 uno
3496 3649 3602 3717 die,
3631 3655 3717 3711 vel

2128 3729 2356 3797 duobus,
2371 3731 2464 3786 sed
2486 3731 2713 3802 plurimo
2737 3740 2974 3803 tempore
2994 3734 3288 3804 perferret?
3313 3738 3573 3809 Equidem
3593 3757 3717 3797 reor

2129 3819 2304 3890 ipsum
2333 3829 2458 3876 tunc
2491 3837 2597 3876 non
2631 3821 2730 3877 sibi
2769 3831 2972 3878 tantum
3003 3826 3242 3880 timuisse
3267 3867 3285 3892 ,
3321 3828 3416 3884 sed
3444 3829 3519 3884 illi
3549 3833 3710 3888 etiam

2130 3909 2458 3978 indoluisse,
2504 3910 2647 3981 quod
2689 3910 2757 3966 ad
2801 3921 3002 3968 tantum
3043 3915 3390 3987 prmeipitium
3436 3923 3716 3989 pervenire

2129 3999 2426 4056 festinaret.
2470 4001 2641 4070 Atque
2680 4001 2807 4055 illud
2845 4017 2911 4058 ex
2948 4004 3122 4058 verbis
3156 4021 3273 4075 quae
3312 4009 3516 4064 mulieri
3559 4013 3711 4080 plena

2129 4094 2404 4149 modestiae
2449 4093 2724 4163 respondit
2763 4095 2918 4149 nobis
2957 4106 3202 4151 constare
3243 4101 3458 4167 poterit.
3499 4101 3712 4158 Etenim

2128 4181 2322 4238 licebat
2366 4183 2440 4236 illi
2482 4181 2741 4252 profecto,
2773 4183 2817 4237 si
2843 4183 3138 4249 voluisset,
3178 4195 3233 4240 et
3273 4191 3711 4249 contumeliosius

2129 4283 2185 4330 et
2222 4273 2473 4328 audacius
2496 4274 2562 4328 ad
2591 4274 2732 4328 illam
2762 4274 2936 4345 loqui,
2968 4276 3228 4345 siquidem
3256 4278 3339 4333 illa
3365 4295 3460 4349 per
3491 4284 3705 4340 nimiam

2130 4365 2328 4420 amoris
2355 4365 2462 4418 vim
2493 4365 2644 4421 facile
2675 4374 2862 4420 cuneta
2901 4367 3206 4435 tolerasset;
3239 4386 3420 4426 verum
3447 4373 3575 4429 nihil
3613 4377 3714 4432 hu-

2125 4455 2358 4525 jusmodi
2390 4456 2638 4525 loquutus
2667 4465 2750 4512 est
2777 4458 3156 4527 autcngitavit,
3185 4459 3277 4515 sed
3307 4462 3404 4531 piis
3429 4465 3710 4534 cOgitatio-

2131 4547 2287 4602 nibus
2315 4547 2544 4602 admotis
2581 4564 2644 4603 ea
2685 4549 3018 4604 solummodo
3057 4550 3306 4621 loquutus
3340 4564 3442 4619 est,
3475 4571 3567 4625 per
3590 4573 3710 4628 qua:

2130 4639 2350 4708 putabat
2391 4639 2533 4694 illam
2577 4655 2734 4708 posse
2763 4640 2965 4710 pudore
2993 4640 3129 4696 affici
3155 4681 3170 4706 ,
3212 4643 3448 4714 nihilque
3483 4649 3711 4719 amplius

2132 4731 2344 4800 adjecit.
2375 4729 2530 4799 Ecce,
2561 4733 2726 4796 enim,
2755 4733 2954 4802 inquit,
2983 4733 3215 4788 dominus
3240 4751 3378 4790 meus
3402 4749 3608 4808 propter
3631 4757 3712 4796 me

2130 4823 2261 4877 nihil
2283 4824 2376 4878 scit
2399 4840 2573 4878 eorum
2596 4840 2710 4896 qua?
2740 4833 2857 4878 sunt
2887 4825 2940 4878 in
2977 4825 3126 4880 domo
3159 4843 3251 4881 sua
3275 4843 3296 4882 :
3323 4838 3371 4883 et
3405 4831 3575 4884 omnia
3602 4848 3715 4901 qua:

2127 4931 2220 4969 sua
2244 4922 2358 4968 sunt
2386 4913 2526 4971 dedit
2549 4914 2602 4969 in
2631 4931 2786 4968 manu
2813 4931 2941 4980 mea,
2974 4915 3200 4988 nihilque
3227 4919 3280 4972 in
3310 4919 3459 4974 domo
3480 4937 3576 4976 sua
3595 4923 3714 4991 plus

2131 5005 2276 5059 habet
2299 5022 2451 5076 quam
2475 5022 2564 5077 ego
2592 5020 2610 5060 :
2638 5022 2795 5078 neque
2817 5006 3012 5076 aliquid
3037 5009 3172 5079 quod
3199 5026 3299 5064 non
3323 5011 3513 5066 dederit
3535 5011 3588 5066 in
3614 5030 3712 5082 po-

2131 5108 2306 5152 testate
2339 5113 2450 5151 mea
2483 5106 2664 5168 prwter
2691 5106 2758 5163 te,
2791 5113 2848 5151 eo
2875 5099 3009 5168 quod
3038 5115 3168 5154 uxor
3191 5100 3330 5154 illius
3366 5102 3434 5154 sis
3455 5117 3476 5156 :
3498 5111 3545 5156 et
3582 5119 3710 5171 quo-

2129 5190 2278 5242 modo
2304 5189 2490 5258 faciant
2515 5189 2608 5244 hoc
2630 5188 2829 5244 verbum
2853 5190 3063 5258 malum,
3091 5199 3148 5244 ut
3177 5205 3374 5260 peccem
3395 5207 3572 5245 coram
3601 5191 3711 5248 Deo

2129 5277 2292 5349 (Gen.
2334 5279 2423 5334 59.
2458 5281 2510 5336 3.
2543 5279 2654 5352 9)?
2693 5281 2758 5334 Et
2799 5289 2974 5336 tamen
3018 5288 3138 5350 post
3167 5288 3363 5334 tantam
3394 5280 3708 5338 modestiam

2127 5379 2380 5442 tantaque
2421 5371 2678 5427 castitatis
2721 5372 2914 5428 indicia
2957 5372 3075 5427 falsi
3113 5371 3350 5427 criminis
3390 5373 3712 5431 calumniam

2129 5463 2342 5527 subivit,
2367 5462 2612 5534 Deusque
2634 5462 2774 5520 istud
2801 5463 2920 5520 ﬁeri
2945 5462 3205 5533 permisit.
3232 5460 3454 5519 Vinctus
3479 5473 3583 5530 est,
3613 5481 3714 5522 nec

2125 5561 2204 5617 sic
2231 5559 2468 5632 prodidit
2487 5557 2704 5614 insidias
2732 5555 3087 5627 injustamque
3107 5553 3347 5610 mulieris
3365 5555 3706 5612 calumniam.

2129 5649 2353 5706 Volebat
2380 5649 2523 5705 enim
2563 5647 2860 5720 cepiosiora
2902 5643 3122 5714 prtemia
3161 5659 3493 5718 coronasque
3517 5646 3710 5702 clario-

2125 5755 2212 5796 res
2242 5757 2538 5812 prtepararc
2557 5783 2570 5810 ,
2602 5748 2758 5810 atque
2799 5736 2919 5795 ideo
2953 5735 3083 5806 ipsis
3111 5752 3322 5810 quoque
3349 5741 3518 5796 servis
3556 5739 3710 5808 regiis
