4138 6422
551 358 645 414 471
1297 349 1351 407 8.
1382 347 1658 405 JOANNIS
1695 341 2166 407 CHRYSOSTOMI
2205 346 2521 406 ARCIIIEP.
2552 345 3090 407 CONSTANTINOP.
3719 360 3811 418 ‘72

547 468 784 528 dimissis
832 468 947 538 ipse
988 465 1226 521 inclusus
1265 464 1664 535 perseverabat.
1714 462 1795 517 Tu
1840 463 1964 517 nolo
2007 461 2136 516 mihi
2246 459 2300 516 in
2328 460 2559 516 medium
2582 460 2982 534 adducet:qu:c
3005 464 3181 518 omnia
3209 465 3270 520 iis
3296 464 3383 536 qni
3412 467 3812 539 quietamcuris-

547 562 784 617 custodis
809 559 1147 615 clementiam
1175 556 1394 626 objicias
1419 598 1436 623 ,
1470 571 1656 611 verum
1684 554 1848 624 ipsius
1873 554 2031 608 verba
2055 553 2137 607 di-
2244 567 2350 623 que
2374 568 2593 609 vacuam
2624 555 2785 610 vitam
2809 556 3052 627 diligunt,
3074 572 3177 611 non
3200 558 3415 613 nimium
3432 559 3658 630 jucunda
3678 578 3804 621 sunt.

551 651 797 722 ligentius
825 650 1106 704 examines
1127 691 1140 716 ,
1168 656 1223 703 et
1251 646 1501 717 inspicies
1527 646 1687 700 animi
1718 645 1975 700 dolorem.
2006 643 2137 697 Nam
2245 645 2511 700 Praeterea
2540 647 2735 701 sanctis
2764 647 2868 702 illis
2894 648 3106 717 quidem
3130 649 3172 703 si
3194 648 3318 718 quid
3347 649 3522 705 laetum
3548 654 3807 726 continge.

546 756 667 796 cum
713 742 978 796 somnium
1032 742 1411 810 interpretatus
1462 746 1628 802 esset,
1675 738 1822 809 regio
1873 736 2138 806 pincerna:
2244 735 2353 802 bat,
2388 737 2579 791 mirum
2612 738 2846 808 profecto
2879 754 2984 794 non
3015 750 3130 795 erat
3155 782 3171 806 ,
3206 755 3327 796 cum
3362 742 3587 798 necdum
3611 746 3809 803 czclesle

547 832 680 885 dixit
723 830 863 885 :Sed
891 839 1136 885 memento
1161 830 1257 883 mei
1285 843 1375 897 per
1401 828 1740 898 temetipsum,
1770 842 1883 880 cum
1911 824 1996 879 tibi
2018 826 2139 879 bene
2244 843 2464 898 regnum
2499 829 2711 898 planum
2740 838 2794 885 et
2822 841 3065 901 apertum
3093 843 3256 899 esset,
3284 849 3380 889 nec
3403 834 3690 891 futurorum
3724 836 3814 890 bo-

551 922 722 994 fuerit,
765 922 1021 992 {aciesque
1055 937 1209 990 super
1248 937 1329 974 me
1362 919 1781 984 misericordiam,
1821 927 1868 971 et
1906 933 2138 987 suggere:
2243 935 2435 975 norum
2465 922 2750 991 promissio
2776 924 3055 979 manifesta
3089 942 3102 978 :
3131 941 3272 981 nunc
3293 940 3418 981 vero
3444 925 3653 997 quando
3676 938 3812 988 tanta

548 1012 813 1066 Pharaoni
853 1012 917 1066 άε
955 1028 1052 1087 ηιξ,
1096 1023 1143 1064 ει
1187 1009 1368 1065 educes
1406 1025 1487 1062 me
1530 1008 1593 1061 de
1632 1024 1832 1061 carcere
1869 1009 1988 1072 ista,
2020 1007 2138 1078 quia
2245 1010 2505 1067 honorum
2533 1014 2684 1083 copia
2710 1017 3057 1084 proponitur,
3086 1031 3279 1087 resque
3314 1017 3519 1071 cunctis
3547 1016 3808 1083 manifesu

548 1104 684 1174 furto
714 1103 940 1157 sublatus
963 1086 1074 1157 sum
1096 1102 1166 1155 'de
1190 1110 1321 1154 terra
1348 1099 1676 1154 Hebraeorum
1697 1114 1717 1154 :
1739 1109 1784 1154 et
1812 1099 1892 1152 hic
1917 1115 2014 1152 non
2041 1100 2139 1170 feci
2243 1114 2346 1171 est,
2381 1105 2683 1172 audebimc,
2713 1106 2957 1173 obsecro,
2987 1108 3095 1176 jam
3138 1086 3401 1178 quispiam
3441 1108 3649 1177 dolere,
3686 1109 3726 1163 si
3764 1110 3809 1165 εη

545 1198 834 1267 quicquam,
854 1196 941 1249 sed
962 1196 1273 1249 innocentem
1294 1194 1570 1262 infecerant
1594 1207 1671 1244 me
1689 1191 1740 1244 in
1765 1189 1970 1244 domum
1998 1189 2138 1242 locus
2243 1198 2493 1266 pmsenti
2524 1199 2629 1251 vita
2652 1197 2903 1268 jucundis
2944 1199 3102 1253 nullis
3143 1199 3465 1268 perfruatur,
3495 1210 3583 1253 aut
3612 1215 3811 1269 prorsus

546 1288 700 1359 hujus
727 1285 890 1358 (Gen.
919 1286 1008 1342 40.
1040 1287 1125 1340 14.
1160 1283 1284 1354 15).
1327 1284 1442 1338 Etsi
1472 1284 1614 1338 enim
1644 1282 1875 1337 claustra
1908 1280 2139 1335 carceris
2246 1288 2297 1342 in
2329 1289 2427 1342 hac
2455 1291 2557 1344 vita
2584 1289 2738 1345 dulce
2772 1289 2969 1360 aliquid
3005 1289 3329 1344 existimabit
3352 1290 3440 1358 qui
3469 1289 3553 1343 illa
3586 1291 3812 1345 noverit?

545 1381 702 1435 facile
732 1381 955 1445 ferebat,
985 1394 1105 1434 cum
1133 1378 1213 1433 eis
1243 1377 1545 1432 hominibus
1569 1377 1767 1442 vivere,
1796 1384 1920 1446 puta
1957 1374 2137 1442 sepul-
2247 1378 2311 1432 lit
2353 1378 2477 1447 quid
2520 1378 2621 1433 hoc
2658 1381 2837 1435 animo
2863 1380 2966 1434 dici
2994 1379 3254 1448 abjectins
3278 1388 3487 1448 potest,
3520 1383 3585 1444 si,
3606 1395 3808 1449 sperans

551 1486 765 1526 crorum
791 1471 1155 1537 violatoribus,
1181 1468 1402 1534 furibus,
1422 1467 1717 1537 parricidis,
1742 1466 2016 1532 adulteris,
2042 1466 2140 1520 ho-
2247 1470 2406 1538 paulo
2429 1478 2546 1538 post
2576 1473 2626 1524 in
2650 1472 2836 1525 cadum
2867 1486 2924 1527 se
2950 1470 3317 1541 migraturum,
3350 1471 3506 1539 hujus
3532 1472 3704 1525 mundi
3727 1486 3804 1527 re-

547 1560 758 1616 micidis
785 1560 902 1632 (his
931 1560 1071 1615 enim
1103 1568 1263 1629 atque
1290 1557 1592 1628 bujusmodi
1620 1556 1831 1626 plenum
1863 1566 1978 1610 erat
2007 1555 2137 1609 illud
2245 1561 2426 1630 quiem
2472 1561 2701 1631 inquirat
2728 1577 2790 1617 ac
2816 1562 3224 1633 prosperitatem
3258 1562 3441 1618 umbra
3468 1564 3605 1617 nulla
3639 1563 3810 1619 meno-

547 1651 979 1719 habitaculum),
1008 1649 1222 1721 gravius
1251 1649 1359 1704 illis
1388 1663 1451 1704 ac
1478 1647 1752 1702 molestius
1778 1653 1911 1700 erat.
1951 1644 2137 1717 Neque
2248 1651 2401 1704 rem?
2436 1648 2647 1706 Vanitas
2674 1653 2815 1707 enim
2845 1654 3142 1717 sanitatum,
3174 1653 3365 1723 inquit,
3398 1662 3447 1707 et
3487 1654 3653 1707 omnia
3687 1660 3812 1707 vani-

546 1741 599 1797 id
645 1741 853 1809 solum,
895 1741 988 1795 sed
1026 1740 1167 1810 quod
1210 1739 1466 1811 plurimos
1508 1738 1805 1793 intueretur
1844 1736 2040 1791 frustra
2086 1745 2142 1790 et
2247 1752 2324 1795 tas
2354 1737 2711 1813 (Eccle.l.2);
2753 1742 2903 1810 Quod
2929 1742 2977 1799 si
3009 1743 3083 1811 is,
3115 1745 3204 1815 qui
3235 1746 3512 1814 prmsentis
3541 1746 3656 1800 vita:
3680 1747 3812 1800 γοιυ.

548 1834 778 1890 inaniter
807 1833 915 1888 illic
942 1832 1201 1887 macerari
1231 1841 1286 1886 et
1304 1830 1514 1885 confici.
1547 1828 1653 1885 Sed
1682 1837 1883 1894 tamen,
1913 1826 1967 1881 id
1995 1825 2139 1898 quod
2247 1840 2420 1902 ptates
2459 1848 2568 1902 pra:
2603 1833 2814 1888 caeteris
2853 1832 3157 1891 hominibus
3192 1834 3363 1891 fuerat
3391 1846 3664 1907 expertus,
3694 1836 3814 1892 hanc

544 1933 655 1980 tute
680 1923 837 1979 modo
863 1924 1105 1995 quereris
1124 1963 1140 1989 ,
1171 1937 1357 1979 servus
1386 1921 1601 1993 quidem
1623 1921 1849 1975 vinculis
1870 1919 2106 1989 eripieba
2135 1953 2141 1960 -
2246 1922 2502 1978 adversus
2544 1922 2666 1977 illas
2704 1924 3020 1986 sententiam
3051 1924 3191 1990 tulit,
3216 1926 3385 1980 multo
3426 1926 3592 1996 magis
3631 1940 3719 1980 nos
3747 1925 3811 1979 ita

545 2016 808 2090 tur,liber
827 2026 1005 2071 autem
1035 2017 1086 2071 in
1115 2016 1368 2071 aerumnis
1396 2014 1734 2085 pcrsistebat.
1762 2013 1914 2081 Quod
1944 2027 1989 2067 SI
2019 2011 2140 2082 quis
2247 2010 2387 2066 affici
2431 2021 2486 2067 et
2525 2014 2723 2068 sentire
2760 2014 3029 2081 convenit,
3056 2015 3247 2085 quibus
3288 2016 3419 2070 nihil
3450 2024 3528 2071 est
3555 2031 3815 2070 commune

545 2109 698 2180 regni
746 2109 1070 2163 mentionem
1115 2106 1313 2170 faciat,
1364 2107 1451 2161 hic
1490 2105 1619 2160 mibi
1664 2120 1849 2160 rursus
1890 2119 2137 2160 curarum
2245 2120 2367 2159 cum
2407 2116 2567 2169 terra,
2603 2105 2901 2182 quibusque
2944 2107 2996 2161 in
3040 2123 3267 2177 superna
3309 2107 3581 2183 inscriptis
3616 2108 3812 2164 civitate

543 2215 794 2266 examen,
826 2199 1122 2271 vigiliarum
1148 2206 1203 2254 et
1226 2198 1375 2253 mille
1412 2197 1754 2268 negotiorum
1792 2195 2134 2251 difficultates
2251 2206 2527 2268 totamque
2553 2196 2680 2252 illuc
2707 2208 2942 2253 mentem
2970 2200 3490 2269 transferrejussum
3521 2207 3618 2255 cst.

911 2418 1840 2567 EJUSDEM
1931 2386 3277 2571 ADSTAGIRIU

1861 2651 1968 2714 DE
2011 2652 2419 2718 TRISTITIA
2471 2658 2515 2718 ¹.

1596 2791 2073 2901 LIBER
2160 2795 2885 2907 TERTIUS.

1968 3004 2389 3049 "W

704 2325 3805 2352 ____.__—_—————-————-n——-—-—__________—_____,

620 3123 669 3175 1.
701 3117 959 3175 Sufficere
987 3115 1203 3188 quidem
1234 3122 1480 3185 poterant
1508 3127 1570 3168 ea
1597 3124 1716 3183 quae
1749 3110 1889 3167 dicta
1918 3121 2041 3167 sunt
2065 3114 2133 3169 ad
2245 3116 2346 3172 bus
2367 3159 2381 3184 ,
2414 3118 2767 3189 ignoransque
2796 3134 2825 3173 a
2853 3118 3043 3191 quibus
3067 3119 3278 3191 genitus
3304 3129 3479 3186 esset,
3510 3117 3664 3189 priori
3691 3115 3818 3171 onmi

546 3211 983 3284 exstinguendam
1012 3209 1262 3265 mret-oris
1290 3206 1558 3262 flammam
1580 3250 1593 3269 ,
1622 3215 1782 3276 atque
1808 3207 2139 3277 persuaden-
2249 3217 2408 3264 actate
2446 3224 2476 3263 a
2519 3210 2758 3265 barbaris
2803 3212 2929 3267 viris
2973 3211 3236 3266 educatur
3267 3229 3280 3265 :
3314 3227 3426 3281 quo
3468 3209 3591 3282 quid
3629 3208 3820 3280 gravius

546 3307 673 3362 dum
713 3305 935 3360 meliore
961 3318 1023 3358 ac
1062 3301 1428 3372 tranquilliore
1457 3313 1579 3355 esse
1608 3299 1788 3354 animo
1822 3317 1834 3354 :
1870 3316 2052 3355 rerum
2086 3308 2145 3354 ut
2249 3299 2476 3355 llcbmo
2500 3343 2515 3369 ,
2545 3303 2903 3373 singularique
2929 3302 3207 3374 prudentia
3250 3303 3484 3373 praedito
3519 3300 3820 3356 adolescenti

545 3397 842 3454 consolatio
867 3396 939 3450 sit
965 3393 1303 3460 cumulatior,
1332 3401 1385 3446 et
1412 3390 1553 3445 hunc
1581 3391 1773 3445 librum
1800 3389 2032 3460 adjicere
2060 3392 2145 3446 iu-
2248 3393 2421 3461 potuit
2448 3394 2784 3463 contingere,
2809 3395 2909 3448 etsi
2937 3393 3129 3447 millies
3156 3392 3293 3447 (ilius
3323 3393 3470 3462 regis
3490 3406 3604 3447 esse
3633 3398 3822 3460 putare-

546 3492 692 3548 stitui
718 3532 733 3557 ,
766 3488 894 3544 illud
923 3489 1021 3543 abs
1056 3497 1110 3541 te
1149 3486 1376 3556 primum
1419 3482 1691 3553 inquirens
1722 3501 1737 3538 :
1773 3483 1865 3537 Dic
1892 3525 1907 3551 ,
1940 3497 2061 3546 oro,
2087 3482 2133 3538 si
2253 3488 2381 3542 tur?
2411 3486 2528 3543 Non
2557 3496 2734 3543 autem
2765 3487 2866 3542 hoc
2895 3487 3012 3542 solo
3043 3486 3336 3557 angebatur
3363 3485 3457 3540 ille
3488 3494 3627 3547 tunc,
3659 3494 3820 3536 verum

550 3584 668 3653 quis
699 3589 753 3636 te
777 3580 843 3635 ad
884 3593 1106 3650 regnum
1144 3584 1401 3631 terrestre
1438 3582 1655 3628 vocaret
1677 3615 1693 3640 ,
1722 3584 1879 3643 atque
1909 3582 2033 3629 ante
2058 3575 2141 3628 iu-
2251 3579 2392 3650 quod
2431 3580 2726 3636 intueretur
2759 3592 2973 3651 gentem
3014 3595 3163 3636 suam
3203 3573 3432 3635 summis
3458 3575 3818 3634 calamitatibus

546 3688 790 3745 gressum
814 3671 929 3741 ejus
952 3668 1200 3735 civitatis,
1227 3666 1309 3722 vel
1335 3675 1621 3737 antequam
1646 3680 1898 3720 coronam
1926 3665 2138 3734 accipe-
2254 3672 2505 3743 opprimi.
2537 3673 2635 3739 Qui
2664 3673 2805 3728 cnim
2842 3674 2958 3728 sine
2996 3671 3207 3726 illorum
3235 3671 3410 3725 salute
3437 3685 3504 3726 ne
3530 3670 3699 3724 vivere
3716 3663 3822 3736 qtli-

550 3780 639 3820 res
680 3765 732 3818 ίη
772 3762 1037 3835 Sublimi“
1069 3760 1336 3815 ἀίνενιθτθ
1365 3771 1584 3813 necesse
1621 3765 1796 3823 esset.
1828 3756 1916 3810 ubi
1958 3756 2052 3810 ιυῑί
2078 3758 2145 3811 hc
2255 3763 2400 3831 dem,
2422 3779 2595 3835 neque
2618 3765 2668 3818 in
2691 3764 2784 3819 Dei
2809 3764 2943 3819 libro
2963 3760 3226 3819 conscribi
3248 3760 3569 3832 patiebatur,
3584 3754 3823 3830 quomodo

551 3858 681 3912 fumi
708 3855 994 3927 plurimum
1024 3853 1393 3920 viatorumque
1417 3847 1672 3903 tumultus
1699 3854 1865 3912 esset,
1897 3855 1950 3901 et
1979 3846 2147 3901 latro-

2254 3843 2393 3911 aulaz
2422 3855 2583 3926 regite
2612 3855 2867 3926 regnique
2896 3854 3051 3910 bonis
3092 3852 3195 3908 frui
3228 3851 3526 3923 potuisset,
3553 3864 3668 3905 cum
3698 3854 3822 3900 tanta

552 3964 677 4003 num
710 3946 1388 4018 perturbatio,summaque
1407 3942 1651 4011 pressura
1666 3948 1719 3994 et
1734 3938 1998 4009 angustia,
2019 3954 2146 3993 num

2254 3961 2442 4003 omnes
2485 3954 2803 4018 tempestate
2839 3946 3043 4017 jactare
3077 3944 3306 4016 gentiles
3334 3940 3618 3998 cerneret?
3641 3937 3758 3993 Nam
3783 3934 3820 3990 si

554 4039 625 4094 ad
669 4038 756 4093 illa
787 4037 958 4091 tristia
1000 4034 1319 4106 cogitatione
1349 4030 1740 4087 convertereris
1763 4071 1778 4096 ,
1813 4045 1990 4084 nonne
2018 4044 2178 4083 vero
2255 4053 2354 4094 nos
2383 4052 2596 4109 quoque
2626 4045 2746 4107 post
2777 4046 2882 4090 tam
2913 4035 3078 4090 nmlta
3114 4034 3306 4089 smcula
3333 4039 3551 4088 exortos
3573 4073 3588 4097 ,
3616 4026 3823 4082 nullam-

552 4132 642 4185 illa
680 4129 857 4185 omnia
883 4128 1033 4199 quasi
1063 4127 1193 4181 nihil
1224 4133 1405 4180 essent
1431 4123 1843 4178 contemneres?
1870 4120 2150 4187 Quomodo
2256 4147 2360 4202 que
2403 4129 2703 4201 hujusmodi
2732 4144 2948 4185 causam
2976 4126 3459 4184 commiserationis
3486 4139 3606 4193 erga
3634 4117 3823 4174 Judmos

553 4223 710 4293 ιείιυν
731 4237 836 4275 "0“
857 4219 1143 4274 absufdllm
1172 4216 1357 4280 ίυθτίῑι
1387 4215 1615 4271 tenellis
1646 4214 1805 4269 rebus
1830 4214 2148 4283 potiturum.
2257 4224 2538 4289 habentes,
2572 4231 2714 4278 tanta
2742 4222 2884 4278 subit
2912 4221 3209 4277 occisorum
3240 4233 3526 4291 puerorum
3558 4207 3822 4270 commise-

552 4328 649 4382 δρα
676 4311 826 4383 τθεηί
863 4310 1065 4366 θιειίυηὶ
1096 4308 1225 4363 "il!"
1258 4306 1341 4362 his
1367 4321 1487 4377 qui”
1514 4305 1726 4359 Ῐηίοτίιπ
1766 4303 1989 4359 adversa
2022 4303 2153 4357 ίηοί·
2257 4318 2416 4382 ratio,
2448 4314 2575 4386 quid
2599 4314 2781 4369 beatus
2812 4314 2901 4368 ille
2927 4327 3030 4367 non
3058 4325 3247 4381 passus
3272 4317 3390 4376 est,
3420 4308 3508 4379 qui
3540 4315 3641 4361 tam
3663 4302 3822 4369 singu-

554 4406 730 4461 derint
768 4404 1008 4460 contrahi
1032 4446 1046 4471 ,
1075 4403 1141 4457 ad
1183 4401 1344 4456 caelos
1370 4408 1549 4455 autem
1576 4398 1890 4455 accersitum
1921 4413 2014 4467 per
2038 4397 2151 4451 sin-

2260 4411 2358 4466 lari
2399 4410 2589 4465 aliecw
2629 4409 2771 4480 genti
2803 4422 2912 4462 sua:
2955 4406 3241 4460 adstrictus
3279 4405 3423 4474 ipsas
3450 4415 3629 4456 eorum
3666 4392 3824 4452 clades

553 4498 674 4568 gula
701 4512 819 4566 quae
849 4497 900 4550 in
926 4494 1225 4551 diversorio
1252 4492 1565 4562 contingunt
1591 4490 1763 4545 tristia
1793 4489 2044 4544 decidere
2070 4496 2150 4543 at-
2261 4502 2431 4557 οεηιίε
2460 4501 2783 4571 percipiebat
2803 4540 2817 4564 ,
2850 4514 2913 4554 π
2956 4514 3051 4553 θος
3097 4504 3357 4567 ριεωιειιεει
3398 4492 3490 4564 qui
3535 4489 3688 4545 umis
3722 4484 3825 4539 illos

554 4603 663 4659 que
701 4585 1038 4656 perturbari?
1068 4582 1316 4639 Profecto
1344 4583 1485 4635 enim
1519 4580 1814 4635 diversorio
1844 4593 1907 4633 ac
1949 4578 2144 4634 stabuli
2262 4593 2417 4649 maps
2439 4592 3039 4663 afﬁciebamparemum
3067 4589 3218 4643 ιίιηιο
3242 4588 3509 4642 honorare
3529 4573 3826 4652 cogebatur?

560 4679 890 4735 habitatione
917 4677 1084 4732 nihilo
1109 4676 1393 4746 prmsentis
1415 4675 1535 4729 vitm
1559 4682 1727 4727 status
1749 4674 1970 4739 melior;
1998 4673 2158 4743 idque
2262 4685 2407 4743 Reor
2445 4686 2617 4755 ipsum
2648 4685 2874 4739 miseros
2909 4683 3031 4736 mos
3061 4689 3186 4735 ωηο
3213 4680 3444 4734 infantes
3474 4676 3588 4746 plus
3613 4673 3791 4726 luxisse
3810 4702 3825 4728 .

558 4787 680 4827 cum
713 4769 882 4825 sancti
910 4768 1065 4823 nobis
1089 4767 1326 4823 indicare
1346 4775 1624 4836 cuperent,
1666 4765 1900 4834 hOSpiles
1926 4778 1989 4819 ac
2027 4779 2149 4834 per-
2265 4794 2423 4850 quam
2451 4777 2675 4832 fecerim,
2699 4782 2950 4845 parentes
2976 4774 3074 4845 ipsi
3105 4790 3118 4827 :
3146 4771 3285 4843 quod
3310 4787 3378 4826 ex
3403 4770 3531 4840 ipsis
3551 4768 3705 4835 liquet
3725 4771 3827 4829 qua:

558 4863 775 4933 egrinos
792 4861 999 4931 seipsos
1025 4857 1387 4930 appellabant,
1416 4857 1499 4912 his
1517 4856 1691 4912 verbis
1714 4871 1814 4911 nos
1830 4856 2152 4922 erudientes,
2266 4878 2448 4941 postea
2475 4868 2657 4939 gessii,
2687 4866 2819 4922 cum
2843 4867 2985 4921 enim
3008 4881 3131 4920 eum
3153 4863 3243 4935 qui
3267 4871 3416 4933 pater
3436 4874 3555 4915 esse
3575 4854 3824 4926 putabatut

555 4962 610 5006 et
640 4954 758 5006 lmta
787 4950 969 5006 seaculi
1015 4949 1297 5019 praesentis
1334 4955 1390 5003 et
1428 4947 1595 5002 tristia
1626 4946 1871 5001 deridere
1893 4987 1908 5011 ,
1939 4954 2100 5015 atque
2125 4959 2155 4998 a
2266 4979 2365 5020 nec
2393 4960 2664 5018 suadendo
2691 4959 2924 5025 nectere,
2955 4972 3130 5028 neque
3159 4971 3352 5025 cogere
3382 4953 3598 5027 vajcrcl’
3629 4955 3683 5001 υι
3712 4942 3834 4997 τοτα..

563 5057 705 5102 terra
741 5045 1055 5116 longissime
1079 5050 1314 5098 remotos
1340 5051 1450 5097 toto
1472 5042 1650 5096 animo
1672 5041 1905 5095 caelestia
1930 5041 2156 5107 ambire,
2266 5058 2371 5111 lem
2415 5054 2855 5127 tyrannicaqu
2895 5051 3190 5120 jussnmem
3236 5052 3557 5107 τεηιογοτοι,
3597 5040 3704 5108 ipse
3740 5042 3827 5086 una

561 5148 722 5209 atque
748 5137 814 5193 ad
845 5152 907 5193 ea
940 5147 1103 5191 totam
1136 5133 1431 5190 transferre
1459 5132 1856 5204 cogitationem.

2268 5126 2532 5203 malorum
2573 5143 2938 5201 communium
2984 5139 3150 5195 voluit
3190 5153 3310 5194 esse
3354 5136 3629 5207 particeps.
3671 5126 3830 5194 Neque

636 5230 797 5286 Mosi:
841 5229 1126 5300 exemplum
1169 5224 1337 5294 affert.
1369 5255 1442 5266 —-
1468 5228 1583 5295 Age
1621 5224 1800 5294 itaque
1840 5222 1907 5277 ad
1946 5231 2161 5278 sanctos
2269 5256 2270 5259 η

2269 5235 2411 5293 istud
2442 5243 2525 5291 est
2562 5234 2703 5306 quod
2746 5250 2845 5304 ego
2889 5246 3033 5287 nunc
3072 5238 3350 5300 tantopere
3384 5224 3636 5289 admiror,
3670 5215 3754 5273 sed
3776 5227 3827 5315 ex

563 5324 709 5394 ipsos
736 5321 1030 5396 veniamus,
1053 5334 1082 5373 a
1111 5317 1307 5387 Joseph
1336 5317 1402 5372 ad
1422 5316 1621 5371 Mosem
1648 5315 1946 5369 orationem
1979 5322 2158 5366 trans-

2270 5329 2416 5385 caede
2437 5329 2525 5382 illa
2544 5327 2854 5397 conjiciens,
2870 5340 3027 5396 quam
3052 5322 3320 5394 praeterito
3342 5329 3579 5389 tempore
3604 5317 3824 5367 maeroris

565 5415 821 5471 ferentes.
852 5414 951 5469 llic
970 5413 1134 5478 enim,
1158 5411 1394 5467 omnium
1428 5409 1517 5479 qui
1545 5407 1763 5461 interra
1809 5404 2160 5460 versabantur
2272 5422 2543 5477 ﬂammam
2587 5419 2797 5482 aluerit.
2839 5418 2891 5472 id
2931 5414 3218 5471 admodum
3257 5422 3463 5482 stupeo,
3494 5406 3622 5463 Nam
3660 5400 3743 5471 qui
3775 5409 3830 5450 ex

570 5507 885 5561 mitissimus
904 5545 920 5571 ,
948 5504 1181 5575 gignitur
1206 5500 1493 5573 gentilibus
1525 5497 1741 5569 quidem
1770 5496 1881 5551 suis
1909 5494 1962 5549 vi
1988 5493 2165 5550 duris-
2276 5514 2504 5570 maxima
2535 5511 2735 5567 ἀοιυι-ίε
2764 5510 2812 5563 γε
2842 5508 2907 5563 ad
2934 5506 3277 5562 homicidium
3311 5502 3547 5574 protinus
3573 5492 3749 5563 crupil,
3775 5499 3830 5540 ex

569 5598 720 5653 sima:
746 5596 1014 5653 servitutis
1044 5593 1339 5666 oppressis,
1369 5592 1632 5646 alienatus
1658 5596 1834 5643 autem
1864 5600 1892 5641 a
1926 5588 2160 5657 parenti-

2275 5623 2341 5661 eo
2369 5620 2529 5673 opere
2558 5604 2645 5676 qui
2679 5603 2824 5674 prius
2852 5599 3014 5656 animi
3041 5600 3196 5655 dolor
3227 5596 3383 5652 fuerit
3404 5589 3647 5649 ostendit.
3673 5582 3830 5676 Neque

634 5753 649 5781 ³
674 5710 825 5799 Colb..
854 5749 1079 5799 Eiusdem
1100 5748 1165 5799 ad
1188 5748 1411 5799 emndem
1434 5743 1578 5797 etiam
1601 5743 1661 5794 de
1683 5738 1890 5793 tristitia.
1909 5738 2068 5799 saviL,
2097 5737 2162 5788 ad
2276 5669 2421 5754 enin"
2458 5669 2608 5799 tam;
2654 5669 2774 5796 {his
2817 5691 3154 5799 mmmam}:

634 5759 649 5781 ³
674 5759 825 5803 εοιυ..
854 5759 1079 5810 Ejusdem
1100 5759 1165 5799 aa
1188 5759 1411 5799 emnoem
1434 5759 1578 5797 etiam
1601 5759 1661 5794 at:
1683 5759 1890 5793 (natum.
1909 5759 2068 5802 suum,
2097 5759 2161 5788 (tu
2668 5785 2679 5796 ,
2728 5783 2763 5795 ﬂ
3115 5781 3127 5792 ,
3423 5774 3435 5786 ,
3676 5766 3687 5776 .
3750 5760 3761 5770 ι
3796 5759 3833 5795 -ο

574 5810 794 5861 εειηιάεηι
815 5807 1071 5873 stagirium
1088 5818 1249 5861 5mm
1274 5817 1365 5859 ιιι,
2279 5803 2433 5860 quam
2462 5796 2639 5858 patres
2667 5798 2764 5856 ψει
2790 5798 2975 5839 eorum
3006 5782 3159 5837 malis
3185 5777 3572 5835 contabutsset.
3597 5761 3725 5839 Quid
3751 5772 3813 5829 ιςι
