4138 6422
463 359 560 418 471

457 476 658 552 ψυχῆς.
676 480 832 536 Μετά
855 482 964 557 7&9
991 484 1053 540 τὸ
1085 481 1342 540 ἐπιλῦσαι
1359 485 1420 540 τὸ
1443 486 1579 560 ϐναρ
1615 487 1770 558 ἐλεγε
1802 488 1941 559 πρὸς
1960 489 2056 546 τὸν

459 563 696 641 οινοχόον
714 580 727 594 ο
777 567 952 623 Ἀλλά
985 569 1294 640 μνήσθητί
1319 589 1450 641 μου.
1468 571 1568 627 διὰ
1591 573 1877 638 σεαυτοῦ,
1902 571 2051 630 ὅταν

459 640 532 702 εὖ
565 661 666 700 σοι
698 646 962 718 γένηται,
995 651 1096 706 καὶ
1129 640 1406 721 ποιήσεις
1433 654 1527 708 ἐπ’
1575 654 1682 726 ἐμὲ
1719 656 1914 724 ἕλεος,
1953 657 2054 714 καὶ

457 729 789 801 μνησθήσῃ
821 733 956 804 περὶ
974 734 1122 806 ἐμοῦ
1156 735 1307 806 πρὸς
1329 737 1561 806 Φαραὼ,
1588 739 1687 793 καὶ
1717 739 1959 807 ἐξάξεις
1975 758 2054 811 με

457 811 528 865 ἐκ
555 813 672 880 ,τοῦ
701 815 1085 887 ὀχυρώματος
1116 820 1354 886 τούτου,
1395 821 1485 874 ὅτι
1534 819 1740 892 κλοπῇ
1775 821 2054 892 ἐκλάπην

455 893 526 949 ἐκ
553 895 670 965 τῆς
718 897 1023 968 Ἑϐραίων,
1069 903 1169 958 καί
1205 897 1326 958 ὧδε
1373 905 1486 958 οὐκ
1529 903 1798 970 ἐποίησα
1843 905 2048 974 οὐδὲν,

455 977 598 1032 ἀλλ’
617 979 910 1038 ἐνέϐαλόν
936 1001 1014 1055 με
1039 987 1128 1054 εἰς
1157 986 1268 1041 τόν
1303 983 1474 1042 οἷκον
1501 987 1609 1042 τοῦ
1645 987 1880 1043 λάκκου
1916 992 2052 1045 τού-

453 1077 584 1116 του.
617 1063 682 1118 Εί
720 1065 830 1136 7&9
865 1069 962 1123 καὶ
994 1069 1054 1123 τὸ
1087 1069 1416 1142 καθεῖρχθαι
1460 1070 1656 1142 ἔφερεν
1689 1071 1950 1138 εὐκόλως,
1987 1074 2050 1126 τὸ

454 1145 588 1212 γοῦν
640 1149 901 1216 τοιούτοις
938 1149 1107 1225 συζῇν
1165 1153 1418 1226 ἀνδράσι,
1459 1155 1866 1227 τυμϐωρύχοις,
1923 1157 2050 1210 κλέ-

454 1245 641 1296 πταις,
657 1234 1038 1306 πατραλοίαις,
1065 1241 1298 1308 μοιχοῖς,
1315 1238 1666 1310 ἀνδροφόνοις
1685 1239 1913 1310 (τούτων
1936 1239 2008 1308 γά
2015 1256 2047 1311 ρ

454 1311 712 1396 ἁπάντων
767 1318 864 1371 καὶ
907 1317 1017 1373 τῶν
1055 1320 1316 1376 τοιούτων
1345 1321 1408 1376 τὸ
1441 1323 1650 1394 οἴκημα
1681 1321 1840 1377 τοῦτο
1873 1325 2046 1396 ἐμπέ-

451 1394 708 1469 πληστο),
745 1399 966 1456 πάντων
1005 1402 1154 1474 αύτῷ
1182 1403 1482 1485 βαρύτερον
1519 1401 1609 1478 ἦν.
1649 1407 1761 1460 Καὶ
1789 1407 1849 1460 οὐ
1886 1394 2046 1462 τοῦτο

453 1479 616 1550 μόνον
645 1483 808 1537 αὐτὸν
841 1484 1030 1538 ἐλύπει
1065 1487 1161 1541 καὶ
1181 1479 1416 1557 ἐθλιϐεν,
1447 1489 1585 1544 ἀλλά
1604 1491 1702 1544 καὶ
1720 1490 1784 1542 τὸ
1815 1488 2043 1556 πολλοὺς

449 1564 584 1634 όρᾷν
615 1565 739 1637 είκῆ
769 1569 863 1620 καὶ
891 1569 1070 1639 μάτην
1091 1572 1552 1644 ταριχευομένους
1569 1575 1706 1628 ἐκεῖ.
1739 1572 2044 1643 Ἀλλ’ὂμως

448 1647 478 1698 ό
512 1645 613 1717 μὲν
645 1649 868 1722 οἰκέτης
888 1692 902 1715 ,
948 1653 1086 1726 ὅπερ
1113 1654 1360 1728 ἀποδύρῃ
1395 1657 1492 1710 καὶ
1527 1657 1592 1712 σὺ
1614 1656 1732 1721 νῦν,
1765 1657 2043 1727 ἀπηλλάτ-

448 1747 572 1784 τετο
593 1732 704 1786 τῶν
740 1733 979 1806 δεσμῶν,
1011 1739 1040 1791 ὁ
1063 1737 1122 1792 δέ
1143 1738 1428 1812 ἐλεύθερος
1461 1740 1622 1812 ἔμενε
1660 1741 2040 1813 ταλαιπωρού-

451 1830 612 1882 μενος
640 1815 744 1869 ἐτι.
783 1818 846 1871 El
877 1819 935 1873 δὲ
977 1821 1079 1890 τὴν
1110 1820 1390 1892 βασιλείαν
1427 1824 1576 1894 λέγοι
1615 1842 1720 1891 τις,
1749 1824 1912 1878 πάλιν
1945 1843 2036 1896 μοι

446 1897 539 1953 τὸν
563 1899 734 1972 ἐσμὸν
760 1900 868 1957 τῶν
894 1903 1192 1974 φροντίδων
1216 1907 1312 1961 καὶ
1342 1907 1444 1978 τῆς
1473 1908 1781 1979 ἀγρυπνίας
1807 1909 1903 1964 καὶ
1927 1908 2036 1962 τῶν

447 1983 661 2054 μυρίων
689 1985 1035 2056 πραγμάτων
1061 1987 1200 2059 ἐρεῖ,
1230 1988 1377 2062 ἀπερ
1405 1989 1622 2045 ἅπαντα
1642 1995 1755 2056 τοῖς
1780 1992 1872 2046 τὸν
1899 1991 2035 2063 ήσύ-

447 2082 564 2137 χιον
603 2068 715 2122 καὶ’
735 2069 1072 2142 ἀπράγμονα
1102 2071 1218 2143 βίον
1267 2073 1671 2145 ἀσπαζομένοις
1725 2075 1795 2140 οὐ.
1830 2074 2035 2146 σφόδρα

1277 367 1368 422 AD
1409 367 1792 428 STAGIRIUM
1831 369 1878 426 Α
1915 371 2228 430 υιΕΜΟΝΕ
2282 371 2646 431 VEXATUM.
2666 373 2798 430 LIB.
2841 373 2934 430 III.

3635 378 3744 440 472

2157 492 2276 546 ἐστὶ
2312 490 2437 545 καθ’
2474 490 2690 562 ἡδονήν.
2740 491 2926 562 Χωρὶς
2956 488 3014 544 δέ
3040 489 3250 544 τούτων
3291 491 3524 559 ἐκείνοις
3561 493 3662 566 μὲν
3689 495 3742 550 εἰ

2157 574 2252 628 καί
2296 590 2350 628 τι
2393 573 2632 645 χρηστὸν
2680 571 2911 642 ἐγίνετο,
2959 571 3075 626 ἀλλ’
3125 572 3280 628 οὔπω
3331 575 3430 647 τῆς
3462 575 3743 647 βασιλείας

2153 657 2594 730 τετρανωμένης,
2631 655 2753 710 οὐδὲ
2789 656 2890 726 τῆς
2921 656 3030 710 τῶν
3071 657 3370 728 μελλόντων
3409 661 3741 731 ἐπαγγελίας

2153 741 2321 814 οΰσης
2355 742 2596 812 φανερᾶς
2617 757 2631 771 ⁵
2673 738 2906 794 ἐνταῦθα
2937 739 2995 794 δέ
3023 740 3153 796 ἔνθα
3180 743 3417 796 τοσαῦτα
3455 745 3746 817 πρόκειται

2153 825 2356 895 ἀγαθὰ,
2405 825 2501 879 καὶ
2547 824 2683 877 πᾶσι
2727 823 2789 877 τὸ
2827 824 3062 896 πρᾶγμα
3098 823 3256 894 δῆλόν
3299 828 3471 895 ἐστιν,
3513 827 3743 901 ἀλγήσει

2151 927 2256 974 τις,
2298 908 2424 962 εἰπέ
2447 925 2560 980 μοι,
2588 908 2637 961 εί
2662 907 2758 960 καὶ
2786 906 3017 978 μηδενὸς
3053 907 3194 962 κατά
3229 908 3321 964 τὸν
3349 911 3595 984 παρόντα
3625 911 3745 982 βίον

2151 991 2522 1048 ἀπολαύσεται
2560 990 2832 1064 χρηστοῦ,
2870 991 3008 1055 ὅλως
3029 992 3086 1046 δὲ
3121 993 3359 1064 χρηστὸν
3388 995 3658 1066 ἡγήσεται
3685 1011 3741 1050 τι

2149 1075 2259 1130 τῶν
2305 1075 2492 1130 ἐνθάδε
2537 1074 2842 1146 γινομένων
2881 1075 3065 1128 ἐκεῖνα
3093 1075 3283 1142 είδώς;
3312 1077 3424 1130 Καὶ
3452 1077 3505 1132 τί
3533 1076 3740 1149 ταύτης

2149 1159 2534 1231 ταπεινότερον
2568 1157 2766 1228 γένοιτ’
2801 1156 2870 1212 ἂν
2904 1157 3004 1229 τῆς
3049 1157 3248 1230 ψυχῆς,
3295 1161 3344 1213 εί
3378 1161 3739 1233 προσδοκῶσα

2153 1244 2350 1317 μικρὸν
2395 1243 2622 1316 ὕστερον
2671 1242 3184 1314 μεταναστήσεσθαι
3213 1253 3238 1284 ι
3272 1243 3410 1316 πρὸς
3449 1243 3541 1298 τὸν
3579 1245 3738 1316 ούρα-

2147 1327 2260 1394 νὸν,
2311 1327 2413 1391 τὰς
2451 1324 2686 1380 ἐνταῦθα
2727 1324 2942 1388 ἀνέσεις
2987 1323 3295 1398 ἐπιζητοίη,
3331 1326 3424 1380 καὶ
3450 1326 3549 1400 τὴν
3576 1329 3738 1393 σκιᾶς

2147 1410 2298 1465 ούδέν
2325 1409 2693 1482 διαφέρουσαν
2721 1407 3022 1480 εὐθυμίανς
3053 1409 3392 1478 Ματαιότης
3419 1409 3552 1481 γὰρ,
3578 1411 3734 1484 φησὶ,

2141 1491 2574 1564 pata/anitum,
2618 1491 2692 1546 τὰ
2732 1490 2932 1546 πάντα
2957 1493 3309 1562 ματαιότης.
3351 1492 3416 1565 Et
3469 1492 3526 1546 δὲ
3557 1496 3586 1546 ό
3630 1493 3738 1564 μά-

2145 1576 2302 1631 λιστα
2333 1575 2550 1630 πάντων
2575 1573 2882 1646 ἀνθρώπων
2921 1577 3114 1646 πεῖραν
3143 1574 3246 1646 τῆς
3274 1573 3368 1628 τοῦ
3398 1573 3514 1644 βίου
3553 1575 3737 1630 λαϐὼν

2145 1659 2359 1730 ἡδονῆς,
2388 1657 2647 1729 τοιαύτην
2693 1657 2958 1730 ἐξήνεγκε
3008 1661 3130 1712 κατ’
3175 1659 3347 1730 αὐτῆς
3391 1657 3492 1730 τὴν
3519 1658 3737 1730 ἀπόφα-

2148 1760 2255 1808 σιν,
2313 1742 2496 1815 πολλῷ
2528 1743 2730 1814 μᾶλλον
2775 1744 2924 1815 ἡμᾶς
2950 1743 3092 1796 οὕτω
3119 1741 3424 1797 διακεῖσθαι
3468 1742 3565 1795 καὶ
3611 1759 3740 1814 φρο-

2147 1830 2256 1880 νεῖν
2294 1827 2423 1900 χρὴ,
2462 1829 2589 1892 τοὺς
2617 1827 2772 1882 οὐδὲν
2817 1827 2916 1898 μὲν
2949 1827 3128 1882 κοινὸν
3171 1826 3308 1898 πρὸς
3327 1825 3426 1898 τὴν
3457 1826 3561 1897 γῆν
3585 1824 3739 1896 έχον-

2141 1928 2264 1976 τας,
2309 1913 2392 1974 είς
2431 1911 2488 1965 δέ
2517 1911 2618 1983 τὴν
2647 1911 2760 1966 ἀνω
2811 1909 2966 1965 πόλιν
3007 1910 3404 1980 ἐγγραφέντας,
3430 1909 3524 1962 καὶ
3556 1908 3738 1962 πάντα

2145 1995 2454 2065 μετοικίσαι
2487 1994 2579 2048 τὸν
2613 1995 2738 2048 νοῦν
2769 1993 3159 2058 κελευσθέντας
3179 1995 3312 2047 ἐκεῖ.

2207 2090 2233 2120 ⁸
2251 2089 2386 2142 Colb.
2417 2095 2470 2140 et
2487 2090 2638 2140 Savil.
2667 2091 3065 2154 μεταστήσεσθαι.

823 2434 977 2510 ί²⁰⁴]
1032 2449 1337 2568 ΤΟΥ
1389 2453 1886 2572 ΑΥΤΟΥ
1961 2454 2378 2572 ΠΡΟΣ
2439 2456 3351 2575 ΣΤΑΓΕΙΡΙΟΝ

1775 2720 1942 2773 ΠΕΡΙ
1992 2720 2299 2776 ΑΘΥΜΙΑΣ
2321 2735 2372 2780 ⁸.

1654 2929 2020 3018 ΛΟΓΟΣ
2073 2924 2496 3019 ΤΡΙΤΟΣ.

510 3275 582 3326 α’.
635 3265 815 3322 Ἱκανὰ
864 3265 964 3338 μὲν
1007 3263 1101 3324 οὖν
1141 3269 1236 3324 καὶ
1281 3273 1350 3328 τὰ
1389 3274 1660 3348 είρημένα
1707 3273 1900 3328 σϐέσαι
1937 3273 2037 3343 τῆς

440 3353 682 3424 ἀθυμίας
710 3351 808 3424 τὴν
838 3351 1033 3422 φλόγα,
1073 3355 1169 3408 καὶ
1206 3358 1394 3410 πεῖσαι
1437 3358 1568 3430 ῥᾷον
1608 3357 1911 3412 διακεῖσθαι
1939 3357 2039 3430 τὴν

438 3436 644 3510 ψυχήν·
665 3435 808 3490 ὥστε
835 3435 894 3490 δέ
919 3439 984 3490 ἐκ
1013 3439 1334 3510 περιουσίας
1365 3441 1624 3510 γενέσθαι
1645 3441 1747 3512 τὴν
1781 3458 2040 3514 παραμυ-

441 3521 586 3583 θίαν,
611 3523 706 3575 καὶ
734 3520 926 3574 τοῦτον
958 3519 1178 3590 ἐγνωκά
1216 3540 1298 3576 σοι
1341 3525 1661 3596 προσθεῖναι
1721 3525 1813 3580 τὸν
1855 3526 2036 3596 λόγον,

442 3605 621 3660 ἐκεῖνό
653 3622 713 3658 σε
744 3604 965 3677 πρῶτον
995 3605 1256 3678 ἐρόμενος
1279 3624 1293 3637 ο
1325 3609 1448 3662 εἰπὲ
1476 3609 1586 3680 γάρ
1629 3626 1742 3681 μοι,
1778 3610 1833 3663 εί
1852 3609 1936 3674 τίς
1976 3627 2037 3664 σε

441 3691 524 3752 εἰς
550 3687 826 3759 βασιλείαν
860 3687 1046 3742 ἐκάλει
1086 3689 1184 3760 τὴν
1218 3693 1281 3744 ἐν
1295 3693 1362 3762 τῇ
1393 3694 1488 3764 γῇ,
1518 3691 1639 3746 εἶτα
1669 3693 1800 3765 πρὶν
1823 3695 1905 3758 είς
1935 3695 2036 3764 τὴν

442 3771 600 3826 πόλιν
621 3772 904 3838 εἰσελθεῖν,
925 3773 1020 3826 καὶ
1047 3773 1140 3826 τὸν
1169 3774 1435 3842 στέφανον
1455 3775 1852 3848 ἀναδήσασθαι,
1877 3777 2038 3849 ἐμελ-

442 3855 534 3920 λες
553 3856 620 3909 ἐν
641 3856 948 3928 πανδοχείῳ
987 3856 1303 3924 καταλύειν,
1339 3859 1396 3915 ἐν
1423 3852 1468 3928 ᾧ
1505 3860 1601 3914 καὶ
1649 3860 1909 3932 βόρϐορος
1943 3864 2038 3916 καὶ

442 3940 670 4006 κατε-νὸς,
692 3941 787 3994 καὶ
813 3941 1112 4013 ὁδοιπόρων
1149 3941 1399 4015 θόρυϐος,
1430 3945 1527 3998 καὶ⁹
1553 3943 1768 4018 λῃστῶν
1797 3948 2035 4019 ταραχὴ,

442 4025 539 4078 καὶ
581 4024 914 4095 στενοχωρία
951 4025 1046 4078 καὶ
1071 4025 1250 4095 θλῖψις
1283 4026 1475 4098 πολλὴ.
1509 4022 1620 4100 ἆρα
1650 4027 1716 4082 ἀν
1756 4029 2037 4102 ἀπεστρά-

443 4123 552 4178 φης
597 4107 733 4178 πρὸς
784 4108 968 4160 ἐκεῖνα
1006 4107 1075 4160 τά
1114 4108 1358 4181 λυπηρὰ,
1399 4109 1514 4163 ἀλλ’
1551 4111 1651 4165 οὐκ
1679 4111 1747 4165 ἂν
1780 4113 2038 4168 ἁπάντων

331 4193 346 4230 ~‘
443 4191 628 4244 αὐτῶν
671 4189 749 4254 ὼς
781 4189 934 4244 οὐδὲν
966 4189 1140 4243 ὅντων
1169 4191 1613 4263 κατεφρόνησας;
1642 4195 1767 4258 Πῶς
1813 4191 1905 4248 οὖν
1936 4196 2038 4250 οὐκ

442 4275 646 4328 ἄτοπον
687 4273 788 4344 τῆς
824 4272 924 4344 μὲν
971 4273 1077 4343 γῆς
1119 4273 1382 4344 μέλλοντα
1419 4277 1642 4346 κρατεῖν
1701 4277 1892 4348 μηδενὶ
1929 4277 2038 4332 τῶν

443 4357 830 4428 ἐμπιπτόντων
875 4357 1262 4412 συστέλλεσθαι
1311 4357 1590 4432 δυσχερῶν
1633 4363 1756 4424 ταῖς
1791 4361 1889 4430 τῆς
1937 4361 2033 4432 βα-

445 4441 652 4506 σιλείας
691 4440 872 4496 ἐλπίσι
905 4441 1310 4514 γαυρούμενον,
1345 4444 1482 4516 πρός
1511 4444 1568 4497 δέ
1613 4445 1741 4508 τοὺς
1774 4444 2038 4516 οὐρανοὺς

445 4524 798 4598 στελλόμενον
828 4527 1192 4580 καταπίπτειν
1216 4527 1311 4580 καὶ
1343 4525 1690 4599 θορυϐεῖσθαι
1717 4529 1802 4598 ἐφ’
1820 4529 2038 4600 ἑκάστῳ

444 4607 556 4664 τῶν
582 4611 642 4666 ἐν
667 4608 748 4680 τῷ
777 4609 1114 4682 καταγωγίῳ
1140 4610 1318 4681 τούτῳ
1341 4612 1754 4682 συμϐαινόντων
1784 4615 1917 4684 ήμῖν
1947 4612 2036 4666 λυο

447 4691 642 4765 πηρῶν
687 4693 747 4752 b;
789 4693 1150 4762 Καταγωγίου
1193 4695 1304 4766 γὰρ
1347 4697 1444 4749 καὶ
1490 4695 1591 4768 τῆς
1635 4697 1694 4750 ἐν
1738 4696 2042 4768 πανδοκείῳ

451 4777 622 4848 μονῆς
654 4778 807 4831 οὐδὲν
841 4778 980 4850 αὕτη
1013 4780 1047 4851 ή
1075 4779 1169 4832 τοῦ
1201 4779 1319 4851 βίου
1347 4781 1541 4836 τούτου
1595 4782 1936 4846 κατάστασις
1963 4783 2043 4836 δι-

447 4862 724 4932 ενήνοχεν·
743 4863 838 4916 καὶ
869 4863 1030 4916 τοῦτο
1046 4863 1097 4916 οί
1123 4863 1270 4934 ἀγιοι
1301 4865 1472 4933 δεῖξαι
1509 4865 1824 4938 βουλόμενοι
1855 4866 2042 4932 ξένους

447 4945 546 5000 καὶ
571 4944 992 5016 παρεπιδήμους
1031 4945 1262 5000 ἐκάλουν
1291 4947 1540 5014 ἑαυτοὺς,
1557 4949 1648 5004 διὰ
1677 4948 1885 5004 τούτων
1914 4967 2048 5004 παι-

447 5028 698 5092 δεύοντες
727 5031 880 5100 ἡμᾶς
925 5028 1034 5082 τῶν
1069 5031 1334 5102 ῥημάτων
1376 5034 1472 5086 καὶ
1503 5032 1621 5088 τῶν
1647 5034 1904 5107 χρηστῶν
1948 5037 2044 5089 καὶ

447 5113 559 5166 τῶν
604 5111 844 5184 ἀνιαρῶν
865 5112 976 5166 τῶν
1007 5116 1066 5168 ὲν
1095 5113 1174 5186 τῷ
1204 5115 1433 5188 παρόντι
1457 5116 1560 5189 βίῳ
1585 5118 1918 5189 καταγελᾷν,
1947 5119 2045 5173 καὶ

449 5196 552 5268 τῆς
593 5197 700 5268 γῆς
745 5197 1160 5267 ἀπαλλαγέντας
1202 5198 1334 5272 ὃλην
1379 5201 1685 5273 προσδήσαι
1713 5200 1793 5273 τῷ
1824 5202 2042 5274 οὐρανῷ

451 5279 552 5352 τήν
569 5277 771 5352 ψυχήν.

525 5365 664 5437 Φέρε
690 5361 786 5420 οὖν
817 5367 904 5422 ἐπ’
929 5367 1128 5432 αὐτοὺς
1153 5370 1282 5433 τοὺς
1309 5369 1500 5440 ἁγίους
1522 5367 1788 5440 ἔλθωμεν,
1813 5369 1923 5424 ἀπὸ
1948 5369 2044 5424 τοῦ

465 5449 664 5520 Ἰωσὴφ
691 5450 786 5503 ἐπὶ
815 5451 909 5504 τὸν
946 5451 1154 5507 Μωσέα
1187 5453 1518 5525 μεταθέντες
1536 5453 1632 5507 τὸν
1660 5452 1838 5523 λόγον.
1876 5446 2047 5518 Οὗτος

451 5533 564 5604 γὰρ
600 5535 629 5586 ό
677 5533 897 5588 πάντων
937 5536 1249 5607 πραότατος
1276 5537 1386 5593 τῶν
1411 5537 1508 5590 ἐπὶ
1533 5537 1634 5608 τῆς
1663 5537 1768 5609 γῆς
1798 5536 2044 5592 τίκτεται

455 5616 557 5687 μὲν
589 5616 697 5672 τῶν
740 5617 956 5673 οἰκείων
999 5623 1348 5692 πραττόντων
1395 5621 1617 5688 κακῶς,
1659 5621 2045 5694 ἀλλοτριωθεὶς

859 5775 1024 5864 αύτοῦ,
1043 5777 1108 5834 εἰς
1132 5779 1214 5864 τόν
1237 5779 1379 5860 αὐτόν
1403 5779 1472 5828 ἔτι
1504 5780 1614 5843 περὶ
1634 5777 1850 5842 ἀθυμίας,
1889 5779 2040 5830 εωιι.

451 5837 568 5900 πρὸς
587 5837 669 5882 τὸν
694 5837 836 5884 αὐτὸν
861 5837 1124 5909 Σταγείρων
1157 5841 1258 5902 λόγ.
1285 5841 1354 5902 γ’.
1569 5837 1579 5843 ’
1726 5837 1735 5842 ⁷
1839 5837 1846 5840 -

514 5895 544 5937 δ
567 5896 736 5970 Μαι-οι.
764 5897 988 5970 elﬁavxl.
1035 5914 1084 5952 In
1109 5908 1248 5953 texiu
1293 5903 1532 5966 λυπηρῶν,
1554 5902 1692 5956 Coll).
1714 5906 1767 5956 et
1807 5903 1955 5957 Savil.
1989 5903 2038 5954 in

449 5969 602 6023 marg.
627 5959 885 6022 δυσχερῶν.

2143 3271 2202 3324 δὲ
2247 3269 2356 3324 τῶν
2397 3268 2666 3324 τεκόντων
2721 3267 2905 3333 αὑτὸν,
2961 3267 3054 3320 καὶ
3108 3267 3235 3333 τοὺς
3291 3271 3734 3343 γεννησαμένους

2142 3357 2420 3428 ἀγνοήσας
2443 3357 2624 3409 πᾶσαν
2671 3354 2771 3424 τὴν
2805 3350 3030 3425 πρώτην
3059 3352 3275 3422 ἡλικίαν
3306 3355 3411 3408 ὑπὸ
3442 3355 3738 3430 βαρϐάρων

2141 3438 2354 3511 ἀνδρῶν
2404 3437 2806 3510 ἀνατρέφεταν
2851 3431 2913 3492 οὗ
2955 3437 3008 3515 τί
3036 3435 3236 3505 γένοιτ’
3265 3436 3330 3492 ἂν
3354 3438 3740 3513 χαλεπώτερον

2156 3523 2392 3596 Ἑϐραίῳ
2446 3522 2722 3595 μειρακίῳ
2768 3520 2863 3574 καὶ
2901 3519 3028 3574 νοῦν
3081 3519 3282 3592 ἔχοντι,
3322 3521 3426 3577 κᾶν
3477 3522 3740 3596 μυριάκις

2142 3603 2284 3661 εῖναι
2311 3607 2443 3680 δοκῇ
2473 3605 2741 3678 βασιλέως
2766 3604 2916 3670 υίός;
2947 3603 3084 3658 Τότε
3109 3603 3166 3657 δέ
3195 3604 3257 3658 ού
3283 3605 3442 3659 τοῦτο
3481 3606 3642 3678 μόνον
3668 3602 3738 3679 ἦν

2141 3691 2203 3744 τὸ
2245 3692 2439 3758 δεινὸν,
2476 3690 2590 3744 ἀλλ’
2631 3691 2715 3744 ὅτι
2758 3691 2854 3742 καὶ
2890 3689 2952 3742 τὸ
2993 3688 3269 3759 ὁμόφυλον
3319 3690 3467 3744 ἀπαν
3513 3693 3572 3744 ἐν
3615 3694 3739 3756 ταῖς

2142 3777 2401 3848 ἐσχάταις
2427 3775 2575 3846 ἐώρα
2607 3775 2936 3846 συμφοραῖς.
2986 3773 3046 3825 ὐ
3070 3771 3180 3844 γὰρ
3212 3773 3347 3845 μηδὲ
3371 3773 3471 3845 ζῇν
3501 3774 3740 3846 ἀνασχόι

2146 3877 2328 3930 μενος,
2376 3858 2510 3932 μηδέ
2548 3860 2607 3911 ἐν
2651 3861 2718 3930 τῇ
2757 3856 2924 3928 βίϐλῳ
2963 3855 3278 3928 γεγράφθαι
3319 3855 3416 3909 τοῦ
3459 3855 3597 3910 Θεοῦ
3635 3859 3736 3929 τῆς

2143 3944 2420 4016 σωτηρίας
2465 3943 2567 4015 τῆς
2617 3942 2843 3996 ἐκείνων
2893 3941 3086 4013 χωρὶς,
3124 3940 3243 4006 πῶς
3275 3940 3342 3995 ἂν
3392 3941 3502 3994 τῶν
3533 3943 3591 3996 ἐν
3623 3946 3738 4006 τοῖς

2143 4027 2441 4098 βασιλείοις
2473 4025 2750 4080 ἀπέλαυσε
2786 4023 2970 4078 καλῶν
3003 4025 3062 4076 ἐν
3091 4023 3336 4096 τοσούτῳ
3360 4024 3592 4078 κλύδωνι
3624 4043 3739 4079 κει-

2145 4111 2341 4180 μένους
2371 4108 2514 4181 ὁρῶν
2543 4109 2792 4170 ἅπαντας
2809 4125 2823 4175 ;
2843 4108 2907 4160 Εί
2927 4107 3037 4177 γὰρ
3061 4108 3210 4176 ἡμᾶς
3233 4109 3359 4170 τοὺς
3391 4107 3532 4178 μετὰ
3556 4108 3741 4162 τοσοῦο

2141 4211 2233 4248 τον
2263 4192 2458 4263 χρόνον
2497 4189 2902 4260 γεγενημένους
2921 4189 3016 4241 καὶ
3035 4189 3194 4242 οὐδὲν
3223 4187 3434 4242 τοιοῦτο
3459 4189 3740 4261 δικαίωμα

2143 4273 2490 4347 συμπαθείας
2537 4273 2675 4344 πρὸς
2712 4271 3006 4335 Ἰουδαίους
3039 4271 3263 4342 ἔχοντας
3289 4270 3546 4336 τοσοῦτος
3588 4272 3740 4337 ἐλεος

2141 4358 2564 4430 είσέρχεταιτῆς
2589 4355 2972 4419 παιδοκτονίας
2996 4355 3233 4426 ἐκείνης,
3258 4355 3312 4407 τί
3343 4355 3445 4408 οὐκ
3475 4355 3544 4409 ἂν
3579 4356 3608 4408 ό
3636 4373 3739 4427 μα-

2141 4446 2332 4516 κάριος
2357 4443 2567 4506 ἐκεῖνος
2587 4441 2758 4495 ἔπαθε
2777 4481 2792 4506 ,
2828 4439 3007 4512 πολλῷ
3039 4439 3140 4512 μὲν
3166 4439 3245 4511 τῷ
3275 4439 3427 4512 πόθῳ
3462 4439 3599 4513 πρὸς
3627 4442 3738 4495 πᾶν

2140 4527 2203 4581 τὸ
2229 4526 2383 4590 ἔθνος
2411 4523 2983 4597 συνδεδεμένος,όψεσι
3003 4524 3061 4578 δὲ
3077 4523 3176 4588 τὰς
3193 4524 3420 4578 ἐκείνων
3443 4524 3739 4595 παραλαμ-

2141 4612 2319 4667 ϐάνων
2356 4609 2664 4683 συμφορὰς,
2707 4609 2802 4664 καὶ
2850 4611 2978 4673 τοὺς
3014 4607 3188 4662 ταῦτα
3230 4607 3636 4680 ἐργαζομένους
3668 4607 3737 4664 τά

2143 4695 2293 4750 κακὰ
2311 4697 2490 4764 γονεῖς
2507 4691 2917 4766 ἐπιγράφεσθαι
2945 4693 3393 4764 ἀναγκαζόμενος
3414 4709 3429 4760 ;
3459 4693 3604 4762 Ἐγὼ
3627 4692 3738 4763 7&9

2142 4780 2306 4834 αὐτὸν
2339 4781 2434 4832 καὶ
2453 4778 2566 4831 τῶν
2590 4777 2862 4832 τεκόντων
2900 4776 3103 4848 μᾶλλον
3125 4778 3254 4842 τοὺς
3288 4777 3510 4843 ἀθλίους
3541 4778 3741 4842 παῖδας

2142 4864 2386 4927 ἐκείνους
2408 4858 2566 4934 οἶμαι
2595 4860 2717 4914 τότε
2753 4859 3001 4912 πενθεῖν·
3051 4861 3158 4916 καὶ,
3181 4859 3344 4916 τοῦτο
3374 4861 3533 4934 δῆλον
3566 4859 3630 4927 ἐξ
3662 4853 3740 4915 ὧν

2147 4949 2287 5023 μετά
2329 4947 2506 5001 ταῦτα
2542 4942 2800 5016 ἔπραξεν.
2847 4942 3068 5016 Ἐπειδὴ
3107 4944 3216 5016 γὰρ
3248 4943 3373 5000 οὔτε
3413 4943 3636 5023 πείθειν,
3661 4941 3739 4998 εῐ-

2144 5021 2274 5106 χεν,
2314 5029 2441 5086 οὔτε
2491 5027 2826 5096 ἀναγκάζειν
2868 5025 3104 5098 ἠδύνατο
3151 5029 3243 5082 τὸν
3285 5027 3549 5082 δοκοῦντα
3594 5021 3738 5082 εἶναι

2145 5115 2300 5188 [205]
2331 5114 2542 5186 πατέρα
2577 5109 2870 5166 καταλύειν
2903 5109 2965 5164 τὸ
2987 5109 3250 5184 θηριῶδες
3274 5111 3370 5165 καὶ
3415 5110 3738 5182 τυραννικὸν

2145 5200 2451 5270 ἐπίταγμα,
2483 5196 2647 5260 αὐτὸς
2695 5193 2865 5266 ὁμόσε
2908 5195 3098 5252 λοιπὸν
3129 5198 3242 5259 τοῖς
3279 5193 3504 5249 ἐκείνων
3537 5193 3738 5266 ἐχώρει

2147 5285 2358 5346 κακοῖς.
2406 5279 2520 5334 Καὶ¹
2555 5279 2618 5333 ού
2649 5277 2810 5335 τοῦτο
2839 5278 3108 5350 θαυμάζω
3150 5276 3403 5332 τοσοῦτον
3445 5277 3561 5342 νῦν,
3619 5276 3735 5330 ἀλλ’

2145 5367 2255 5421 ἀπὸ
2283 5363 2378 5419 τοῦ
2421 5363 2585 5434 φόνου
2617 5361 3019 5434 στοχαζόμενος
3049 5363 3182 5433 ὅσην
3209 5362 3268 5414 ἐν
3307 5359 3386 5430 τῷ
3415 5359 3740 5432 παρελθόντι

2145 5450 2322 5523 χρόνῳ
2339 5448 2515 5519 φλόγα
2544 5445 2784 5520 ἀθυμίας
2813 5445 3032 5518 ἔτρεφε,
3057 5445 3268 5518 ταύτην
3282 5444 3484 5517 μᾶλλον
3501 5444 3740 5517 ἐκπλήτ-

2143 5552 2330 5606 τομαι.
2387 5531 2447 5588 Ὀ
2477 5531 2588 5605 γὰρ
2616 5533 2697 5596 είς
2729 5530 2889 5602 φόνον
2927 5528 3250 5604 ἀπορρήξας
3283 5529 3382 5600 τήν
3405 5529 3571 5584 ὠδῖνα
3596 5530 3742 5584 ἐκεί-

2145 5637 2267 5688 νην,
2310 5616 2550 5689 ἐδήλωσε
2587 5615 2677 5671 διά
2709 5613 2820 5668 τῶν
2849 5614 3097 5686 ἐσχάτων
3123 5613 3197 5669 τά
3223 5613 3488 5688 πρότερα.
3521 5614 3596 5669 Οὐ
3629 5612 3740 5684 7&9

2147 5703 2212 5757 ἂν
2249 5701 2390 5774 μετά
2421 5699 2693 5770 τοσαύτης
2724 5699 2908 5763 αὐτοῖς
2931 5699 3293 5774 σφοδρότητος
3325 5700 3553 5773 ἡμυνεν,
3579 5699 3630 5752 εί
3663 5697 3740 5767 μὴ

2145 5786 2254 5840 τῶν
2293 5784 2546 5858 πατέρων
2597 5783 2796 5855 μᾶλλον
2815 5785 2930 5846 τοῖς
2981 5783 3208 5838 ἐκείνων
3242 5785 3470 5856 ἐτήκετο
3523 5785 3737 5843 κακοῖς.

2148 5871 2215 5924 Τί
2237 5867 2330 5925 οὖν
2354 5869 2542 5940 ἐπειδὴ
2569 5870 2769 5946 ήμυνε,
2797 5868 2892 5922 καὶ
2908 5868 3009 5940 τὴν
3041 5869 3219 5943 ψυχὴν
3243 5869 3518 5924 ἀνέπαυσε
3541 5862 3740 5936 μικρὸν

2150 5947 2258 6012 ἀπὸ
2301 5957 2398 6029 τῆς
2434 5951 2672 6025 ἀθυμίας
2697 5952 2945 6025 ἐκείνης
2970 5949 3079 6027 ἄρα
3109 5954 3348 6027 ἠδυνήθη
3391 5951 3576 6006 τέλεον
3601 5948 3739 6004 ἀπο-
