4138 6462
561 376 668 431 Πό

571 489 760 544 faciem
787 485 1112 541 horrendam
1128 498 1190 538 ac
1212 481 1501 553 pavendum
1525 500 1538 537 :
1559 490 1706 537 tanta
1716 481 1884 536 oculis
1905 479 2151 537 omnium

568 579 736 635 ollusa
776 588 892 632 erat
948 576 1195 630 maeroris
1236 573 1450 630 nebula.
1510 564 1717 629 Interea
1765 572 1941 627 Moses
1984 571 2152 626 multo

565 671 857 742 majoribus
884 669 1118 726 tenebris
1138 668 1342 723 oﬂ'usns
1366 676 1503 724 erat.
1529 667 1647 722 Non
1668 667 1809 722 enim
1826 666 1969 721 solos
1986 664 2155 736 Egy-

564 764 701 836 ptios
717 762 1007 827 metuebat,
1033 770 1092 816 ut
1113 762 1323 832 reliqui,
1349 775 1533 816 verum
1557 760 1703 829 ipsos
1719 774 1824 814 una
1847 757 2112 812 lsraelitas
2136 775 2151 811 :

568 873 794 930 utraque
807 859 948 914 enim
973 872 1108 928 gens
1134 856 1282 910 illum
1301 856 1411 925 jam
1453 861 1514 909 ut
1534 853 1872 909 seductorem
1893 868 1956 907 ac
1983 850 2154 906 versi-

565 952 759 1022 pellem
788 964 1103 1020 aggressum
1142 955 1259 1003 erat
1283 989 1298 1012 ,
1343 945 1577 1018 Egyptii
1615 945 1828 1015 quidem
1868 943 2155 998 irridentes

567 1051 726 1113 atque
763 1041 1080 1096 invadentes
1105 1082 1120 1106 ,
1148 1037 1404 1094 Israelita:
1442 1050 1573 1091 vero
1597 1034 1887 1112 esulcerati
1913 1048 1977 1088 ac
2016 1046 2153 1088 mre--

565 1148 688 1189 rore
711 1130 960 1187 confecti.
984 1130 1089 1197 Sed
1120 1128 1246 1200 quid
1271 1143 1357 1183 me
1385 1141 1605 1182 necesse
1627 1135 1709 1181 est
1735 1125 1945 1180 dolores
1974 1139 2146 1194 angu-

565 1227 803 1296 stiasque
827 1223 926 1278 viri
966 1221 1287 1293 conjecturis
1330 1220 1602 1290 colligere,
1633 1235 1755 1275 cum
1790 1221 2059 1289 possimus
2082 1233 2151 1273 ex

568 1320 666 1374 ista
706 1320 817 1388 ipsa
852 1331 1080 1385 superna
1124 1329 1255 1370 voce
1294 1321 1545 1369 cunctum
1586 1313 1754 1382 ipsius
1788 1311 2030 1365 dolorem
2070 1312 2155 1364 in-

568 1409 847 1481 telligere?
876 1406 1091 1462 Tacenti
1131 1406 1273 1461 enim
1310 1404 1404 1468 illi,
1433 1419 1606 1472 neque
1647 1402 1783 1458 labia
1812 1400 2020 1471 aperire
2064 1416 2159 1455 an-

577 1501 746 1565 denti,
785 1498 919 1554 dixit
955 1498 1097 1552 Deus
1140 1513 1154 1549 ε
1209 1495 1345 1561 Quid
1385 1495 1575 1547 clamas
1622 1493 1690 1546 ad
1735 1490 2026 1560 me(Exod.
2067 1490 2154 1544 14.

574 1591 678 1663 15)
704 1591 727 1644 ?
754 1589 1038 1645 tumultum
1077 1585 1242 1642 animi
1286 1585 1452 1656 ipsius
1495 1584 1648 1639 nobis
1675 1583 1778 1638 hoc
1808 1582 1970 1637 verbo
2002 1581 2161 1653 signi-

569 1685 754 1740 ﬁcans.
1692 1732 1695 1733 ν

642 1785 698 1838 5.
735 1779 787 1835 Μ
796 1778 937 1849 oysis
959 1789 1212 1832 (erumna:
1233 1774 1288 1828 in
1304 1772 1530 1828 deserto.
1549 1802 1616 1814 —
1638 1771 1831 1827 Postea
1849 1786 1974 1826 vero
1989 1786 2152 1842 quam

572 1875 622 1931 is
641 1881 803 1930 etiam
822 1871 1038 1927 solutus
1049 1876 1133 1924 est
1149 1874 1351 1931 metus,
1371 1866 1583 1933 majora
1604 1866 1800 1921 iterum
1825 1865 2155 1932 parabantur

569 1960 813 2013 adversa.
843 1956 972 2010 Nam
998 1971 1090 2025 per
1119 1968 1277 2009 omne
1299 1952 1427 2007 illud
1449 1953 1550 2007 iter
1567 1951 1760 2005 satvius
1786 1959 1944 2019 atque
1958 1946 2156 2003 imma-

571 2050 692 2103 nius
723 2048 813 2102 illo
842 2047 919 2102 usi
960 2054 1084 2101 sunt
1108 2047 1145 2098 ii
1170 2044 1261 2114 qui
1292 2044 1359 2098 ab
1385 2058 1450 2098 eo
1475 2042 1799 2112 regebantur
1826 2040 2153 2095 innumeris-

574 2153 680 2208 que
722 2152 817 2207 per
852 2137 999 2191 illum
1034 2134 1188 2189 bonis
1219 2134 1551 2196 fruebantur,
1597 2146 1755 2201 quam
1783 2130 1996 2185 fecisset
2023 2129 2164 2183 Pha-

577 2246 670 2285 rao
702 2230 816 2299 ipse
853 2235 908 2283 et
950 2226 1208 2298 Egyptii.
1254 2226 1332 2279 Ac
1364 2223 1594 2295 primum
1634 2221 1849 2292 quidem
1894 2219 2163 2275 instabant

575 2321 944 2379 vehementius
974 2320 1123 2374 illum
1151 2316 1494 2382 suffocantes,
1539 2314 1929 2385 [Egyptiasque
1971 2325 2163 2366 carnes

574 2414 927 2484 requirentes,
949 2409 1243 2480 ingratique
1272 2406 1553 2478 prmsentia
1580 2404 1935 2469 fastidiebam,
1956 2410 2011 2458 et
2028 2416 2165 2472 prae-

577 2505 732 2563 terita
765 2501 1143 2559 desiderabant
1174 2518 1187 2555 :
1216 2499 1359 2570 quod
1389 2506 1506 2554 erat
1534 2512 1665 2552 sane
1687 2495 1924 2550 omnium
1953 2493 2160 2564 gravis-

575 2598 789 2651 simum.
821 2592 960 2661 Quid
997 2592 1139 2647 enim
1178 2592 1284 2663 pati
1329 2597 1538 2660 po;erat
1583 2586 1849 2652 acerbius,
1890 2585 1935 2640 si
1981 2599 2164 2639 amen-

576 2687 707 2743 tium
739 2685 1222 2753 insanientiumque
1239 2680 1513 2735 hominum
1538 2679 1656 2737 ,dux
1685 2678 2008 2733 constitutus
2038 2675 2165 2730 fuis-

576 2778 702 2834 set?
747 2776 816 2832 Et
859 2785 1035 2830 tamen
1061 2773 1237 2829 omnia
1268 2773 1455 2828 beatus
1483 2771 1570 2826 ille
1601 2769 1811 2824 fortiter
1856 2768 2080 2831 ferebat,
2110 2775 2164 2822 et

576 2856 677 2926 nisi
698 2870 817 2924 illos
846 2882 1058 2924 summo
1085 2864 1282 2920 affectu
1309 2862 1603 2927 dilexisset,
1651 2860 1930 2931 tolerabile
1963 2858 2162 2912 malum

574 2972 692 3020 erat
737 2975 860 3016 eum
900 2974 998 3029 pro
1042 2958 1156 3012 suis
1209 2963 1412 3010 tantum
1456 2951 1716 3007 doluisset
1745 2950 1993 3020 injuriis'
2042 2963 2164 3003 cum

578 3063 754 3110 autem
774 3067 896 3121 erga
927 3050 1048 3104 illos
1068 3063 1172 3103 non
1195 3061 1350 3102 Secus
1370 3060 1529 3116 quam
1554 3052 1703 3114 pater
1731 3041 2056 3107 afficeretur,
2089 3056 2161 3095 ex

579 3147 683 3202 hoc
710 3143 902 3200 all‘ectu
923 3142 1083 3197 aliam
1113 3156 1301 3197 rursus
1328 3138 1626 3193 molestiam
1645 3136 1828 3192 subire
1853 3135 2161 3206 cogebatur,

589 3251 783 3307 nempe
829 3234 898 3290 de
932 3234 1144 3289 illorum
1189 3229 1537 3302 perversitate
1575 3242 1639 3283 ac
1678 3227 1935 3297 nequitia.
1981 3225 2166 3294 Neque

577 3327 718 3382 enim
767 3334 874 3380 tam
916 3323 1063 3378 illum
1108 3320 1373 3392 angebant
1413 3317 1770 3384 contumeliae,
1819 3330 1976 3387 quam
2025 3315 2167 3386 quod

578 3418 654 3474 illi
701 3418 802 3489 ipsi
843 3415 1214 3473 contumeliosi
1258 3421 1458 3470 essent.
1501 3410 1675 3467 Grave
1713 3409 1927 3480 quidem
1977 3423 2165 3464 revera

580 3513 753 3569 fuerat
795 3510 954 3566 etiam
996 3516 1121 3562 ante
1163 3506 1266 3561 cibi
1314 3505 1456 3561 illius
1491 3503 1792 3559 mirabilem
1832 3502 2169 3571 largitionem

581 3606 820 3675 ingratos
844 3617 1003 3668 esse;
1042 3615 1227 3655 verum
1252 3598 1328 3653 illi
1355 3597 1518 3653 etiam
1547 3597 1687 3651 inter
1711 3594 1884 3650 media
1911 3593 2167 3649 miracula

583 3692 871 3765 nequitiam
900 3689 1255 3745 ostendebant
1278 3702 1451 3754 suam,
1481 3684 1813 3756 iniquitatem
1841 3693 1894 3739 et
1920 3682 2170 3738 infrtuna-

582 3799 690 3849 tam
715 3783 1040 3853 cupidinem,
1071 3796 1231 3851 quam
1271 3779 1583 3848 colligentes
1610 3790 1801 3831 manna
1831 3789 1943 3844 prae
1983 3789 2043 3830 se
2083 3773 2165 3828 fe-

583 3878 802 3942 rebant;
854 3884 1014 3943 atque
1057 3887 1177 3927 cum
1238 3884 1424 3940 parum
1480 3866 1909 3937 processissent,
1982 3877 2169 3918 rursus

584 3968 1008 4032 tnurmurabant,
1055 3978 1243 4019 rursus
1263 3962 1331 4016 de
1359 3960 1451 4015 Dei
1499 3959 1778 4014 beneﬁciis
1817 3958 2010 4027 ingrati
2039 3944 2170 4026 que-

582 4060 856 4117 rebantur.
898 4056 1032 4111 Cum
1053 4069 1181 4109 vero
1213 4068 1308 4124 per
1331 4051 1538 4121 singula
1583 4049 1818 4120 quotidie
1859 4057 2184 4119 peccarentu

584 4154 770 4209 beatus
798 4150 885 4203 ille
907 4148 1121 4217 lugebat
1144 4146 1258 4215 plus
1295 4158 1452 4214 quam
1484 4142 1559 4197 illi
1597 4152 1839 4197 iniustus.
1870 4141 2002 4196 Nam
2044 4156 2166 4195 cum

584 4244 803 4299 vitulum
834 4240 1091 4305 fecerunt,
1145 4237 1244 4307 ipsi
1270 4236 1484 4306 quidem
1524 4234 1780 4290 ludebant
1825 4249 1888 4290 ac
1925 4234 2168 4289 lascivie-

586 4337 734 4402 bant,
765 4333 938 4389 Moses
957 4341 1135 4386 autem
1162 4330 1346 4399 lugens
1376 4341 1439 4381 ac
1467 4341 1702 4382 maerore
1738 4325 1982 4389 affectus,
2005 4326 2172 4380 male-

583 4427 784 4482 dictum
813 4422 941 4478 illud
964 4420 1199 4476 terribile
1225 4418 1325 4473 sibi
1355 4416 1768 4486 imprecabatur,
1799 4415 2037 4486 nihilque
2051 4431 2171 4470 om-

585 4518 713 4572 nino
756 4515 850 4584 ipsi
871 4510 1192 4585 persuadere
1215 4516 1440 4579 poterat,
1467 4517 1571 4562 uta
1602 4508 1956 4562 miserationis
1981 4507 2171 4563 all‘eetu

584 4609 895 4663 abstineret.
924 4604 1057 4658 Cum
1080 4602 1238 4673 igitur
1256 4602 1335 4655 sic
1358 4599 1580 4655 dilectos
1596 4596 1648 4652 in
1670 4598 1936 4653 deteriora
1960 4613 2173 4667 semper

586 4698 834 4773 progredi
871 4696 1227 4764 conSpiceret,
1259 4701 1459 4763 quanto
1484 4691 1634 4745 illum
1664 4690 1718 4744 in
1746 4690 1952 4759 dolore,
1980 4691 2172 4761 quibus

586 4791 837 4863 lacrymis
866 4787 1062 4859 iugiter
1092 4794 1362 4841 versatum
1390 4782 1589 4853 putas?
1614 4781 1670 4837 Si
1697 4781 1840 4837 enim
1864 4797 2026 4836 unum
2054 4782 2174 4852 quis

585 4892 792 4940 tantum
817 4878 1021 4934 habens
1053 4876 1218 4931 filiuni
1244 4874 1426 4929 vivere
1453 4873 1571 4928 sine
1610 4871 1799 4927 dolore
1832 4888 1938 4928 non
1974 4881 2171 4942 potest,

584 4990 705 5031 cum
724 4973 870 5029 illum
892 4983 1105 5038 semper
1126 4968 1178 5022 in
1201 4966 1326 5021 vitia
1345 4981 1568 5037 pronum
1590 4964 1984 5029 animadvertit,
2009 4966 2171 5020 etiam

585 5067 629 5121 si
659 5066 775 5137 ipse
815 5059 1064 5117 omnibus
1090 5057 1315 5129 nequior
1339 5060 1410 5112 sit
1437 5074 1451 5122 ;
1482 5057 1529 5112 is
1553 5057 1643 5127 qui
1674 5065 1752 5111 tot
1795 5057 1959 5111 millia
1999 5056 2172 5111 homi.

587 5171 715 5211 num
742 5153 795 5207 in
822 5152 1052 5206 filiorum
1083 5149 1272 5204 ordine
1294 5148 1582 5214 locaverat,
1609 5147 1717 5202 imo
1736 5161 1864 5203 vero
1895 5148 2173 5217 plusquam

589 5249 725 5305 ﬁlios
752 5246 964 5301 amabat
990 5241 1202 5317 (nullus
1237 5241 1379 5294 enim
1406 5249 1576 5310 pater,
1612 5241 1749 5296 sicut
1774 5239 1886 5307 ille,
1914 5255 2036 5295 cum
2068 5240 2176 5295 lilio

588 5357 691 5396 una
721 5338 898 5407 perire
925 5335 1093 5404 cupit,
1111 5348 1229 5389 cum
1251 5332 1522 5403 praecipue
1555 5331 1687 5387 nihil
1710 5332 2032 5404 peccaverit)
2063 5349 2076 5395 ;
2107 5332 2172 5397 is,

588 5432 826 5503 inquam,
848 5427 937 5500 qui
961 5434 1039 5481 tot
1059 5424 1288 5480 habebat
1304 5423 1461 5487 ﬁlios,
1487 5422 1623 5476 mala
1650 5436 1924 5487 aversans,
1950 5436 2015 5477 ac
2038 5422 2176 5477 bona

589 5523 826 5577 studiose
851 5519 1095 5588 diligens,
1126 5516 1253 5586 quid
1283 5527 1470 5584 passus
1493 5527 1614 5570 esse
1644 5513 1909 5582 putandus
1927 5521 2032 5577 est,
2055 5528 2175 5569 eum

591 5624 686 5665 eos
720 5621 931 5675 omnes,
959 5606 1122 5663 veluti
1164 5621 1231 5660 ex
1256 5603 1484 5673 quodam
1530 5603 1798 5669 condicto,
1834 5603 1903 5659 ad
1931 5604 2176 5659 vitiorum

591 5699 880 5769 pratcipitia
911 5712 1125 5752 currere
1156 5695 1494 5751 intueretur?
1516 5694 1697 5765 Neque
1731 5695 1873 5749 enim
1902 5695 2004 5750 nisi
2030 5705 2177 5751 tene-

593 5785 703 5845 bris
742 5785 944 5841 oﬂ'usus
971 5786 1253 5857 animaque
1277 5801 1341 5842 ex
1384 5785 1573 5840 intimo
1613 5785 1817 5843 doloris
1847 5800 2010 5844 sensu
2040 5788 2177 5844 cali»

1301 367 1357 425 8.
1395 366 1669 425 JOANNIS
1704 362 2169 425 CHRYSOSTOMI
2204 364 2522 423 ARCHIEP.
2561 366 3094 427 CONSTANTINOP.
3750 377 3842 433 £76

2259 479 2381 549 gine
2404 481 2636 547 turbata,
2668 485 2873 539 tabulas
2907 485 2975 542 de
3003 488 3244 542 manibus
3270 504 3529 561 umquam
3572 490 3848 560 abiecisset

2260 581 2419 642 atque
2447 573 2806 630 contrivisset.
2845 576 2951 633 Sed
2993 579 3101 634 cito
3127 580 3304 637 clades
3351 583 3440 637 illa
3473 582 3665 640 sedata
3700 584 3766 641 ab
3796 603 3853 642 en

2260 673 2363 719 est.
2406 664 2671 735 Quonam,
2703 682 2906 737 quaeso,
2933 670 3213 726 remedio?
3238 670 3443 743 Nempe
3465 675 3615 728 enim
3645 678 3852 731 etiamsi

2259 756 2550 828 curationis
2576 757 2667 813 illo
2692 773 2889 829 genere
2924 770 3165 815 sanatum
3192 761 3350 817 fuerit
3377 764 3606 830 vulnus,
3637 764 3749 834 ipse
3783 775 3853 822 ta-

2259 863 2383 904 men
2411 859 2529 905 erat
2556 865 2767 920 semper
2807 851 2859 905 in
2910 851 3178 919 lacrymis.
3220 851 3408 907 Nullus
3458 854 3607 908 enim
3643 853 3753 910 fere
3782 854 3849 908 ita

2261 949 2405 995 esset
2429 940 2688 1010 lapideus,
2719 943 2807 1011 qui
2830 942 2959 999 nihil
2988 951 3255 1011 pateretur
3282 942 3479 998 fratres
3518 954 3573 999 et
3596 924 3843 1016 cognatos

2261 1046 2291 1085 a
2322 1032 2433 1086 suis
2454 1032 2701 1098 interfici,
2730 1042 2891 1103 atque
2916 1033 2982 1088 ad
3013 1034 3193 1104 viginti
3227 1034 3382 1089 trium
3409 1034 3643 1090 millium
3667 1052 3845 1094 nume-

2262 1140 2380 1179 rum
2427 1140 2543 1180 eam
2572 1126 2774 1182 cuidem
2815 1110 3060 1197 progredi
3097 1126 3455 1197 conspiciens.
3503 1127 3617 1211 Nos
3658 1129 3846 1201 quippe

2262 1233 2383 1273 cum
2411 1219 2608 1275 liberos
2636 1229 2847 1275 nostros
2894 1220 2946 1274 in
2983 1220 3161 1289 aliquo
3200 1235 3453 1290 peccasse
3498 1220 3846 1289 deprehendi-

2264 1325 2401 1377 mus,
2426 1313 2704 1367 tormentis
2731 1311 2945 1381 quidem
2986 1326 3049 1366 ac
3074 1311 3250 1382 ﬂagris
3275 1312 3394 1367 illus
3416 1310 3703 1367 subdimus
3728 1331 3741 1366 :
3770 1327 3843 1368 ve-

2263 1418 2381 1457 rum
2410 1402 2463 1457 id
2488 1418 2596 1458 non
2621 1404 2737 1459 sine
2756 1404 2943 1459 dolore
2969 1402 3212 1469 facimus,
3247 1418 3344 1459 nec
3363 1403 3546 1458 minus
3571 1418 3729 1475 quam
3760 1405 3843 1475 qui

2262 1497 2533 1566 patiuntur
2547 1495 2853 1566 affligimur.

2333 1589 2387 1643 4.
2419 1586 2536 1641 Alia
2569 1586 2888 1643 tribulatione
2915 1596 2962 1641 et
2989 1603 3200 1642 maerore
3230 1585 3437 1659 Moyses
3464 1586 3747 1641 diuexatur.
3776 1617 3837 1628 —

2263 1680 2396 1736 Cum
2424 1696 2554 1752 ergo
2578 1689 2632 1736 et
2658 1679 2805 1734 illum
2834 1688 2890 1735 et
2909 1690 3080 1734 castra
3106 1678 3368 1734 maximus
3396 1679 3577 1734 luctus
3601 1692 3840 1747 occupas-

2265 1780 2381 1838 set,
2423 1771 2524 1825 alia
2569 1785 2757 1825 rursus
2797 1770 3041 1825 anxietas
3080 1769 3284 1838 adjecta
3314 1775 3417 1822 est.
3452 1768 3597 1823 Deus
3624 1767 3760 1822 enim
3786 1783 3839 1823 se

2265 1881 2371 1919 non
2397 1864 2507 1935 jam
2534 1865 2644 1919 illis
2657 1864 3006 1935 parciturum,
3031 1861 3123 1917 sed
3143 1876 3239 1917 eos
3260 1860 3671 1926 dcrelietnrnm,
3695 1875 3842 1928 ange-

2268 1959 2426 2028 loqne
2466 1957 2714 2011 daturum
2756 1955 2967 2009 illorum
3014 1940 3195 2007 curam
3236 1951 3562 2005 minabatur.
3610 1949 3666 2004 Id
3722 1965 3837 2004 vero

2268 2049 2399 2103 Mosi
2426 2050 2596 2103 visum
2628 2057 2710 2103 est
2738 2047 2974 2101 omnium
3004 2043 3427 2100 acerbissimum.
3460 2042 3599 2096 Audi
3628 2056 3841 2111 namque

2267 2139 2392 2210 quid
2423 2139 2508 2193 ille
2538 2138 2603 2193 ad
2633 2139 2797 2192 Deum
2826 2138 3073 2208 loquutus
3103 2134 3173 2190 sit
3213 2153 3226 2189 :
3261 2133 3381 2188 Nisi
3412 2134 3524 2204 ipse
3552 2134 3715 2188 uenias
3742 2149 3837 2185 me-

2266 2246 2415 2298 cum,
2456 2246 2519 2284 ne
2560 2229 2745 2283 educas
2775 2245 2853 2282 me
2892 2227 3010 2281 hinc
3036 2223 3242 2298 (Exod.
3267 2224 3355 2280 55.
3383 2221 3515 2297 15
3549 2222 3769 2281 Videsne
3791 2230 3841 2274 ut

2270 2319 2549 2376 timoribus
2589 2320 2829 2387 timores,
2875 2330 3240 2387 mteroresque
3281 2315 3610 2371 mnaroribus
3646 2328 3838 2382 semper

2267 2410 2666 2468 successerint?
2711 2409 2893 2480 Neque
2935 2418 3115 2464 tamen
3154 2407 3416 2463 hactenus
3455 2413 3715 2463 steterunt
3751 2404 3837 2458 ad-

2268 2517 2420 2558 versa
2444 2544 2460 2569 ,
2488 2517 2671 2557 verum
2701 2515 2821 2556 cum
2850 2499 2904 2556 id
2932 2515 3144 2571 quoque
3185 2499 3547 2570 persuasisset
3573 2498 3712 2564 Deo,
3748 2512 3835 2550 au-

2269 2596 2577 2665 nuissetque
2620 2595 2711 2650 ille
2752 2593 3087 2656 clementius,
3124 2608 3189 2649 ac
3231 2592 3575 2663 praestitisset
3611 2589 3835 2660 gratiam,

2268 2688 2387 2743 aliis
2414 2701 2597 2743 rursus
2625 2675 2898 2743 doloribus
2923 2687 3193 2757 aﬂligitur.
3226 2686 3391 2740 Deum
3422 2684 3533 2755 jam
3572 2680 3833 2753 propitium

2271 2780 2345 2834 illi
2375 2780 2677 2847 irritantes,
2724 2776 2844 2834 Sese
2887 2778 3111 2833 summis
3155 2776 3553 2832 calamitatibus
3594 2788 3836 2844 exposue-

2268 2879 2394 2925 runt
2418 2888 2431 2924 :
2460 2885 2584 2924 nam
2611 2878 2731 2940 post
2749 2868 2949 2925 caedem
2978 2869 3122 2924 illam
3148 2867 3574 2940 lacrymabilem,
3598 2866 3666 2921 ita
3688 2867 3834 2923 Deum

2269 2976 2456 3017 rursus
2483 2961 2835 3026 offenderunt,
2865 2970 2922 3016 ut
2946 2964 3219 3016 contr'ase
3244 2959 3552 3014 incendium
3586 2957 3706 3012 illud
3730 2971 3837 3026 pro-

2273 3060 2547 3119 vocarent,
2580 3069 2645 3108 ex
2686 3068 2792 3123 quo
2835 3066 3023 3107 omnes
3065 3051 3175 3106 fere
3215 3051 3526 3122 consumpti
3555 3049 3833 3120 periissent,

2270 3143 2374 3199 nisi
2399 3157 2605 3198 summa
2626 3158 2750 3214 erga
2791 3142 2909 3198 illos
2943 3141 3223 3196 clementia
3262 3157 3388 3197 usus
3408 3151 3557 3198 esset
3581 3143 3618 3195 ί.
3659 3140 3834 3194 Mosem

2270 3249 2401 3290 vero
2426 3233 2622 3304 duplex
2653 3249 2864 3305 semper
2892 3233 3143 3289 maestitia
3188 3234 3413 3304 angebat
3443 3275 3457 3297 ,
3488 3233 3625 3303 quod
3653 3240 3704 3286 et
3731 3230 3836 3284 illos

2271 3329 2469 3400 perire,
2501 3338 2555 3384 et
2580 3328 2814 3397 reliquos
2841 3326 3036 3396 corrigi
3061 3325 3223 3392 nolle,
3256 3326 3501 3396 nihilque
3535 3342 3599 3380 ex
3630 3336 3835 3394 pereun-

2275 3421 2404 3474 tium
2426 3419 2636 3474 casibus
2662 3419 2854 3475 lucrari
2879 3419 3234 3487 conspiceret.
3256 3416 3500 3472 Necdum
3524 3417 3657 3472 enim
3678 3413 3834 3469 clades

2275 3510 2359 3564 illa
2389 3508 2547 3564 ﬁnem
2573 3518 2870 3579 acceperat,
2897 3523 3019 3563 cum
3049 3508 3082 3562 ii
3109 3508 3198 3577 qui
3227 3506 3668 3578 reliqui‘fuerant,
3695 3517 3833 3572 cepa-

2274 3618 2390 3658 rum
2419 3616 2705 3667 memores,
2729 3601 2880 3656 datas
2905 3601 3006 3657 sibi
3044 3615 3196 3655 escas
3224 3615 3364 3670 aegre
3406 3599 3648 3655 ferebant
3674 3596 3834 3651 dicen-

2272 3703 2355 3749 tes
2396 3711 2408 3748 :
2455 3694 2580 3761 Quis
2625 3710 2717 3747 nos
2765 3693 2947 3748 cibabit
2990 3693 3224 3747 carnibus
3244 3692 3269 3744 ?
3313 3690 3659 3745 Recordemur
3697 3687 3835 3757 pisces

2274 3804 2400 3856 quos
2436 3787 2489 3840 in
2520 3785 2748 3857 Egypto
2791 3785 3200 3849 comedebamus,
3242 3798 3630 3852 cucumeresque
3671 3789 3713 3834 et
3755 3793 3833 3844 pe-

2275 3893 2431 3948 poues
2471 3887 2518 3931 et
2548 3894 2726 3947 porros
2759 3886 2807 3930 et
2849 3893 2999 3947 cepas
3032 3886 3078 3930 et
3106 3876 3249 3929 allia.
3300 3874 3459 3928 Nunc
3501 3883 3660 3926 autem
3687 3869 3835 3922 anima

2276 3976 2451 4020 nostra
2473 3967 2673 4033 arescit,
2697 3967 2921 4035 nihilque
2943 3967 3080 4020 oculi
3100 3966 3259 4020 nostri
3275 3951 3538 4018 intuentur
3555 3963 3650 4017 nisi
3671 3972 3834 4013 manna

2280 4057 2468 4130 (Num.
2500 4059 2587 4112 Η.
2617 4058 2696 4126 5).
2731 4057 2827 4113 llic
2851 4058 2962 4128 jam
2992 4073 3098 4112 non
3132 4057 3249 4112 tulit
3273 4057 3511 4126 ingratos
3535 4055 3719 4117 Moses,
3743 4050 3833 4102 imo

2275 4166 2404 4206 vero
2435 4150 2622 4206 dolore
2650 4160 2934 4222 superatus
2961 4151 3169 4205 illorum
3195 4150 3431 4220 regimen
3467 4153 3708 4208 recusat,
3731 4153 3834 4194 mo-

2276 4246 2429 4314 rique
2454 4252 2601 4314 optat
2629 4244 2805 4313 potius
2834 4258 2991 4313 quam
3021 4243 3072 4296 in
3103 4252 3246 4305 tanta
3278 4239 3628 4296 amaritudine
3654 4234 3830 4288 vivere.

2276 4334 2415 4389 Audi
2454 4333 2683 4404 denique
2726 4334 2892 4404 ipsius
2923 4332 3081 4388 verba
3112 4350 3125 4386 :
3159 4332 3225 4386 Et
3255 4332 3413 4396 dixit,
3460 4329 3657 4400 inquit,
3688 4324 3835 4378 Moses

2276 4427 2344 4479 ad
2373 4426 2537 4480 Deum
2569 4443 2587 4480 :
2618 4428 2788 4492 Quare
2815 4426 3035 4497 afﬂixiin
3062 4442 3261 4480 servum
3290 4434 3453 4491 tuum,
3483 4434 3529 4478 et
3557 4433 3707 4493 quare
3747 4429 3833 4468 non

2276 4520 2444 4574 inueni
2464 4520 2684 4591 gratiam
2708 4534 2880 4572 coram
2903 4527 2969 4583 te,
2992 4525 3046 4570 ut
3072 4517 3354 4585 imponeres
3378 4518 3617 4586 impetum
3641 4498 3833 4563 universi

2279 4611 2456 4681 pepuli
2496 4611 2649 4681 hujus
2691 4625 2844 4679 super
2886 4610 3005 4663 me?
3035 4607 3175 4661 Num
3202 4623 3291 4678 ego
3317 4607 3371 4661 in
3399 4616 3540 4662 utero
3563 4598 3725 4670 accepi
3741 4610 3833 4650 cm-

2279 4721 2391 4758 nem
2429 4703 2671 4773 pupulum
2705 4682 2856 4755 isttim
2876 4743 2892 4768 ,
2920 4710 3009 4754 aut
3044 4702 3195 4772 genui
3219 4717 3359 4764 eum,
3394 4700 3515 4765 quia
3549 4694 3666 4750 mihi
3704 4688 3829 4749 dicis,

2279 4795 2464 4864 Accipe
2504 4794 2650 4847 illum
2678 4794 2732 4848 in
2769 4793 2887 4847 sinu
2929 4801 3048 4856 tuo,
3094 4791 3246 4846 veluti
3282 4791 3457 4844 nutrias
3483 4790 3760 4843 lactentem,
3786 4776 3831 4828 in

2281 4896 2466 4940 terram
2491 4900 2639 4953 quam
2657 4883 2831 4955 juraui
2857 4883 3087 4953 panibus
3111 4881 3325 4936 eorum?
3357 4879 3503 4935 Unde
3521 4875 3639 4931 mihi
3658 4881 3835 4930 carnes,

2280 4986 2336 5029 ut
2359 4977 2472 5029 dem
2497 4975 2635 5028 omni
2659 4974 2848 5044 populo
2872 4974 2976 5038 isti,
3000 4975 3120 5044 quia
3143 4974 3266 5043 ﬂent
3291 4972 3556 5026 adversum
3579 4981 3653 5020 me
3678 4962 3803 5016 dicen
3826 4984 3831 4987 >

2282 5081 2352 5125 tes
2376 5087 2395 5124 :
2421 5069 2503 5124 Da
2527 5068 2671 5123 nobis
2698 5084 2875 5122 carnes
2905 5077 2958 5121 ut
2986 5067 3306 5121 contcdamus
3327 5066 3353 5119 ?
3383 5064 3501 5118 Non
3528 5069 3692 5132 patera
3719 5052 3833 5122 [⁸⁷⁷⁸

2284 5163 2527 5234 populum
2555 5162 2709 5214 istaut
2747 5160 2913 5225 solus,
2955 5158 3195 5228 quoniam
3223 5173 3374 5227 grare
3402 5155 3524 5209 mihi
3558 5157 3627 5205 est
3654 5141 3829 5234 uerbum

2283 5255 2396 5308 hac.
2429 5253 2578 5320 Quod
2606 5255 2651 5308 si
2679 5269 2780 5307 non
2809 5254 2880 5306 ita
2909 5253 3039 5323 facis
3060 5251 3206 5317 mihi,
3238 5249 3460 5315 obsecro,
3493 5244 3655 5300 occide
3682 5251 3766 5299 me,
3794 5229 3829 5283 εί

2282 5346 2448 5401 inveni
2487 5348 2702 5417 gratiam
2737 5361 2909 5399 coram
2948 5354 2996 5398 te
3030 5342 3221 5413 (Nunt.
3251 5344 3339 5397 Η.
3370 5337 3579 5408 11-15).
3624 5334 3715 5388 ista
3749 5324 3827 5417 ille

2283 5411 2539 5508 loquutus
2563 5445 2679 5503 est,
2719 5437 2810 5507 qui
2838 5411 3054 5490 dixerat
3082 5451 3096 5487 :
3127 5433 3195 5487 Et
3223 5450 3357 5487 nunc
3384 5428 3621 5500 siquidem
3647 5411 3827 5508 dimittit

2285 5504 2373 5585 eis-
2400 5539 2658 5597 peccatum
2678 5570 2693 5594 ,
2724 5504 2919 5582 dimitte
2949 5542 2965 5580 :
2994 5528 3071 5581 sin
3116 5534 3318 5592 autem,
3363 5525 3474 5578 dele
3514 5533 3589 5574 me
3628 5514 3686 5568 de
3719 5504 3825 5562 libra

2288 5636 2433 5689 quem
2462 5620 2708 5690 scripsisti
2750 5618 2962 5688 (Exod.
3001 5618 3088 5674 52.
3132 5616 3232 5688 52)
3259 5634 3272 5670 :
3301 5616 3437 5671 adeo
3479 5611 3619 5667 illum
3659 5610 3834 5661 ntmror

2351 5736 2368 5767 ¹
2403 5735 2476 5797 sic
2497 5732 2635 5784 Savil.
2662 5734 2710 5783 in
2731 5734 2977 5795 margine;
3003 5735 3050 5784 in
3081 5731 3289 5797 reliquis
3311 5731 3414 5780 haec
3442 5720 3601 5781 verba,
3623 5707 3829 5762 nisi-mu-

2285 5802 2426 5861 esset,
2444 5796 2639 5847 desunt.
3194 5796 3208 5797 ί
3808 5854 3812 5859 ἢ

3698 5866 3814 5901 pl

3741 5902 3783 5913 vv
