4138 6428
384 329 498 391 475

385 447 486 504 καὶ
518 443 726 511 μείζονι
759 443 936 513 σκότῳ
967 441 1325 513 συνεχόμενος
1348 435 1436 512 ἦν.
1468 439 1544 492 U6
1571 437 1680 508 γάρ
1718 435 1846 499 τοὺς
1883 433 1978 486 Αί-

385 533 656 603 γυπτίους
691 530 948 583 ἐδεδοίκει
1011 528 1192 599 μόνον,
1253 525 1508 594 καθάπερ
1558 523 1652 576 καὶ
1707 523 1756 574 οί
1799 518 1976 574 λοιποὶ

400 601 753 686 Ἰσραηλῖται,
779 613 916 667 ἀλλά
965 613 1060 666 καὶ
1084 609 1307 672 τούτους
1345 609 1463 678 μετ’
1483 605 1727 659 ἐκείνων.
1768 601 1978 686 ξΑμφό-

385 685 538 770 τεροι
566 697 676 769 γὰρ
699 697 774 760 ὼς
813 695 1092 750 ἀπατεῶνι
1121 695 1217 746 καὶ
1237 692 1424 763 εῖρωνι
1452 691 1742 760 προσεῖχον
1765 685 1974 770 λοιπὸν,

385 768 576 852 οί-μέν
631 768 768 850 μετά
797 777 890 832 τοῦ
929 775 1238 848 καταγελᾷν
1289 776 1386 830 καὶ
1430 771 1804 842 ἐπεμϐαίνειν,
1837 771 1886 822 οί

390 851 534 937 μετά
563 863 661 918 τοῦ
695 861 988 917 δάκνεσθαι
1016 862 1111 915 καὶ
1138 861 1390 931 ἀθυμεῖν.
1441 857 1606 911 Ἀλλά
1637 854 1691 908 τί
1716 851 1978 937 χρὴᾼτού-

383 935 501 1013 τοις
531 945 928 1018 τεκμαίρεσθαι
947 946 1046 1014 τὴν
1079 945 1319 1016 ἀθυμίαν
1349 941 1442 996 τοῦ
1469 939 1682 1012 ἀνδρὸς,
1715 935 1890 1006 παρὸν
1913 937 1979 988 ἐκ

357 1036 486 1112 ,τῆς
517 1030 723 1084 ἄνωθεν
745 1029 1063 1102 ἐνεχθείσης
1090 1028 1287 1112 φωνῆς
1326 1029 1504 1112 πᾶσαν
1531 1022 1714 1112 αυτοῦ*
1730 1022 1829 1112 τὴν
1857 1019 1978 1112 666-—

360 1101 486 1185 ζνην
543 1101 911 1184 καταμαθεῖν;
963 1111 1191 1181 Σιγῶντι
1224 1110 1334 1181 γὰρ
1369 1111 1465 1163 καὶ
1505 1108 1642 1178 μηδὲ
1687 1105 1872 1176 διᾶραι
1909 1101 1980 1156 τά

384 1198 540 1270 χείλη
592 1196 884 1268 τολμῶντι,
919 1199 1084 1268 φησὶν
1111 1197 1139 1248 6
1187 1194 1340 1256 Θεός·
1382 1195 1442 1247 Τί
1479 1188 1628 1258 βοᾷς
1677 1188 1832 1258 πρὸς
1863 1185 1978 1270 ἴ

382 1269 478 1334 τὸν
507 1281 734 1352 θόρυϐον
776 1281 874 1351 τῆς
923 1279 1104 1350 ψυχῆς
1137 1276 1301 1332 αὐτοῦ
1341 1275 1408 1329 δι’
1437 1277 1554 1338 ἐνὸς
1588 1275 1833 1346 ῥήματος
1855 1269 1980 1323 τού-

383 1382 480 1418 του
515 1365 794 1433 ἐμνραίνων
817 1367 968 1435 ἡμῖν.

455 1468 526 1530 γ’.
578 1461 796 1533 Ἐπειδὴ
823 1461 880 1514 δέ
905 1461 998 1514 καὶ
1021 1458 1181 1514 τοῦτο
1209 1457 1372 1528 ἐλύθη
1399 1457 1458 1510 τὸ
1479 1455 1618 1522 δέος,
1639 1453 1732 1508 καὶ
1753 1452 1978 1524 μείζονα

385 1551 551 1604 πάλιν
580 1551 743 1622 ⁴ᾔρετο
770 1551 838 1604 τὰ
886 1548 1056 1603 δεινά.
1083 1549 1194 1602 Καὶ
1225 1547 1334 1618 γὰρ
1384 1545 1478 1599 καὶ
1504 1543 1615 1596 τῶν
1660 1540 1978 1610 Αἰγυπτίων

384 1639 482 1692 καί
521 1639 615 1692 τοῦ
639 1639 716 1690 Φα
727 1636 840 1710 ραὼ
867 1634 1247 1707 χαλεπώτερον
1277 1631 1426 1704 αύτῷ
1449 1632 1515 1686 δι’
1531 1631 1659 1702 ὅλης
1680 1629 1979 1700 ἐκέχρηντο

381 1726 486 1797 τῆς
509 1725 632 1780 ὁδοῦ
678 1728 729 1780 οἱ
759 1727 888 1796 παρ’
923 1725 1088 1778 αὐτοῦ
1124 1719 1618 1794 δημαγωγούμενοι
1645 1716 1742 1772 καὶ
1771 1717 1837 1770 δι’
1877 1715 1978 1769 αύ-

381 1813 479 1866 τοῦ
509 1813 721 1885 μυρίων
763 1809 1172 1874 ἀπολαύσαντες
1217 1807 1460 1880 ἀγαθῶν.
1494 1807 1605 1860 Καὶ
1630 1805 1847 1878 πρῶτον
1879 1803 1978 1874 μὲν

383 1903 672 1957 ἐπέκειντο
703 1902 948 1978 σφοδρῶς
981 1902 1267 1974 ἄγχοντες,
1321 1899 1416 1954 καὶ
1452 1896 1590 1969 κρέα
1617 1893 1978 1957 ἀπαιτοῦντες

383 1993 550 2050 αὺτὸν
571 1995 642 2050 τὰ
674 1998 731 2050 ἐν
765 1995 1050 2068 Αἰγύπτῳ,
1081 1995 1176 2049 καὶ
1209 1995 1325 2056 τοῖς
1361 1992 1459 2066 μὲν
1484 1989 1752 2062 παροῦσιν
1779 1989 1976 2059 ἀχαρι-

384 2085 659 2152 στοῦντες,
683 2085 751 2139 τά
787 2084 844 2138 δὲ
871 2085 1113 2156 πρότερα
1142 2080 1548 2152 ἐπιζητοῦντες,
1580 2079 1608 2132 ὃ
1633 2079 1852 2133 πάντων
1882 2077 1979 2148 βα-

384 2181 614 2252 ρύτερον
647 2176 734 2252 ἦν.
765 2181 830 2234 Τί
864 2179 972 2250 γὰρ
1007 2177 1392 2250 χαλεπώτερον
1417 2175 1484 2228 ἂν
1513 2172 1737 2238 ἔπαθεν,
1767 2173 1816 2225 εί
1850 2188 1979 2243 μαι-

381 2272 628 2344 νομένων
694 2272 792 2326 καὶ
843 2270 1274 2343 παραπαιὸντων
1329 2267 1542 2340 ἀνδρῶν
1600 2264 1977 2335 ἐπετέτραπτο

384 2363 746 2433 στρατηγεῖν;
791 2359 930 2413 Ἀλλ’
955 2361 1107 2430 ὅμως
1145 2358 1318 2412 ταῦτα
1348 2357 1526 2412 πάντα
1552 2353 1819 2424 γενναίως
1846 2351 1975 2422 ἔφε-

384 2465 476 2520 ρεν
501 2452 531 2504 6
559 2449 828 2520 μακάριος
860 2450 1066 2512 ἐκεῖνος
1087 2445 1358 2518 ἀνήρσκαὶ
1379 2446 1427 2498 εἰ
1459 2443 1558 2514 μὲν
1589 2441 1662 2512 μὴ
1691 2439 1976 2512 φιλοστόρ-

377 2555 496 2606 γως
523 2532 638 2610 εἶχε
667 2537 805 2610 πρὸς
845 2537 1063 2600 αὐτοὺς,
1093 2532 1329 2606 φορητὸν
1372 2532 1438 2586 ἂν
1465 2527 1534 2602 ἦν
1566 2529 1629 2583 τὺ
1658 2528 1852 2594 δεινὸν,
1881 2529 1976 2582 καὶ

379 2625 524 2700 ὑπὲρ
549 2627 658 2680 τῶν
684 2628 765 2688 είς
815 2624 978 2680 αὐτὸν
1011 2621 1310 2694 γινομένων
1361 2619 1520 2691 μόνον
1573 2621 1839 2690 παρεῖχεν
1876 2617 1974 2670 ἀλ-

381 2719 520 2784 γεῖν-
571 2715 669 2770 νῦν
694 2713 752 2767 δὲ
788 2713 898 2767 τῶν
931 2711 1136 2782 γονέων
1169 2709 1368 2782 μᾶλλον
1402 2709 1532 2781 περὶ
1573 2707 1771 2770 αὐτοὺς
1796 2705 1976 2759 διατε-

381 2805 516 2869 θεὶς,
554 2803 663 2858 ἀπὸ
697 2803 798 2874 τῆς
841 2800 1168 2873 κηδεμονίας
1211 2798 1414 2869 ταύτης
1452 2797 1546 2851 καὶ
1590 2796 1782 2868 ἑτέραν
1829 2789 1974 2864 εἶχεν

381 2891 624 2965 ἀθυμίας
655 2891 924 2962 ἀνάγκην,
956 2891 1056 2960 τὴν
1083 2888 1225 2958 ὑπὲρ
1247 2887 1345 2959 τῆς
1383 2885 1606 2940 ἐκείνων
1645 2882 1976 2954 διαστροφῆς

379 2982 478 3036 καὶ
531 2981 774 3053 μιαρίας,
805 2979 941 3034 Οὐδὲ
970 2979 1085 3049 γὰρ
1107 2977 1281 3040 οὕτως
1310 2975 1472 3030 αὐτὸν
1521 2973 1707 3028 ἔδακνε
1729 2971 1790 3025 τὸ
1817 2970 1976 3042 669i-

378 3071 590 3137 ζεσθαι,
625 3071 702 3135 ὡς
731 3071 796 3124 τὸ
847 3069 1086 3132 ἐκείνους
1134 3062 1274 3122 εἶναι
1309 3066 1437 3130 τοὺς
1481 3062 1762 3132 ὑϐριστάς.
1792 3060 1975 3113 Δεινὸν

383 3160 484 3230 μὲν
529 3155 624 3212 οὖν
644 3160 740 3213 καί
760 3157 824 3212 τὸ
854 3156 960 3228 πρὸ
988 3157 1090 3227 τῆς
1110 3155 1373 3226 χορηγίας
1397 3153 1496 3224 τῆς
1521 3149 1827 3221 παραδόξου
1849 3165 1975 3221 τρο-

380 3251 492 3320 φῆς
517 3248 735 3319 ἐκείνης
761 3249 1098 3318 ἀχιιιριοτεῖν⁸
1127 3246 1176 3298 οἱ
1207 3245 1264 3298 δὲ
1297 3243 1392 3298 καὶ
1416 3244 1474 3295 ἐν
1503 3241 1686 3312 μέσοις
1706 3241 1818 3303 τοῖς
1842 3237 1974 3292 θαύ-

383 3357 519 3412 μασι
542 3340 642 3408 τὴν
703 3337 904 3392 κακίαν
963 3334 1309 3388 ἐπεδείκνυον
1357 3331 1456 3404 τὴν
1489 3329 1691 3396 αὐτῶν,
1731 3331 1827 3384 καὶ
1873 3327 1974 3400 τὴν

381 3426 733 3500 παρανομίαν
779 3425 875 3479 καὶ
897 3422 997 3495 τὴν
1027 3421 1336 3487 πλεονεξίαν
1364 3421 1464 3492 τὴν
1495 3419 1626 3491 περὶ⁸
1645 3417 1748 3488 τὴν
1786 3419 1999 3476 συλλο·.

379 3520 507 3588 γὴν,
535 3515 631 3570 καὶ
663 3513 859 3586 μικρὸν
883 3511 1237 3584 προελθόντες
1274 3509 1436 3564 πάλιν
1465 3507 1782 3578 ἐγόγγυζον,
1810 3507 1974 3562 πάλιν

379 3605 695 3677 ἐμέμφοντο
724 3604 848 3664 ταῖς
891 3600 1236 3674 εὐεργεσίαις
1279 3597 1373 3652 τοῦ
1403 3597 1560 3653 Θεοῦ·
1595 3597 1718 3652 καθ’
1745 3597 1974 3652 ἕκαστον

377 3695 442 3749 δέ
488 3692 696 3748 τούτων
747 3691 947 3762 μᾶλλον
999 3687 1108 3742 τῶν
1158 3687 1582 3760 ἁμαρτανόντων
1631 3689 1660 3740 ὀ
1703 3686 1974 3758 μακάριος

378 3785 592 3845 ἐκεῖνος
612 3781 876 3834 ἐκόπτετο
908 3779 1002 3832 καὶ
1025 3775 1248 3849 ἠθύμει.
1277 3777 1390 3831 Καὶ
1413 3775 1523 3847 γάρ
1549 3776 1638 3830 ὅτε
1663 3777 1755 3830 τὸν
1775 3775 1974 3848 μόσχον

379 3870 734 3943 εἰργάσαντο,
785 3867 942 3920 αὐτοὶ
976 3867 1076 3938 μὲν
1127 3865 1352 3931 ἔπαιζον
1386 3863 1538 3937 [208]
1570 3864 1666 3919 καὶ
1699 3863 1968 3938 ἐτρύφωνο

375 3962 412 4014 6
458 3957 518 4012 δὲ
547 3955 762 4010 πενθῶν
789 3954 886 4008 καὶ
921 3953 1226 4023 ἀνιώμενος
1251 3953 1348 4007 καὶ
1377 3951 1768 4025 καταρώμενος
1793 3951 1974 4022 ἐαυτῷ

379 4047 482 4118 τὴν
511 4043 754 4116 χαλεπὴν
787 4042 1003 4112 ἐκείνην
1027 4042 1169 4111 ἀράν
1195 4039 1402 4110 Μωσῆς
1439 4035 1530 4110 ἦν,
1552 4041 1646 4092 καὶ
1677 4039 1830 4093 οὐδὲν
1873 4041 1972 4092 αὐ-

381 4135 474 4188 τὸν
499 4134 638 4197 ὅλως
660 4129 874 4185 ἔπειθεν
901 4129 1206 4200 ἀποστῆναι
1229 4129 1328 4200 τῆς
1354 4127 1697 4198 συμπαθείας
1724 4128 1822 4199 τῆς
1839 4127 1974 4199 πρὸς

380 4220 600 4284 αὐτούς.
631 4220 770 4282 Τοὺς
819 4212 912 4272 οὗν
940 4215 1116 4280 οὕτως
1163 4216 1252 4268 ὑπ’
1283 4215 1447 4268 αὐτοῦ
1479 4214 1845 4284 ποθουμένους
1879 4213 1973 4267 ἐπὶ

379 4309 444 4364 τδ
469 4309 648 4380 χεῖρον
671 4307 758 4360 ἀεὶ
785 4303 1180 4376 προϐαίνοντας
1211 4303 1375 4376 ὁρῶν,
1423 4303 1562 4374 πόσῃ
1587 4301 1753 4375 λύπῃ,
1785 4301 1973 4366 πόσοις

377 4395 440 4449 δὲ
493 4395 602 4468 ἄρα
645 4392 1110 4465 συνανεστρέφετο
1137 4391 1428 4464 δάκρυσινί
1466 4391 1526 4444 Εἰ
1585 4388 1694 4459 γὰρ
1753 4389 1850 4444 ἕνα
1887 4407 1972 4454 τις

379 4483 500 4537 υἱὸν
523 4483 663 4554 ἔχων
711 4482 811 4536 οὐκ
836 4480 902 4534 ἂν
931 4480 1148 4534 δύναιτο
1171 4479 1296 4552 ζῇν,
1327 4478 1534 4532 εἴποτε
1569 4476 1810 4532 αἴσθοιτο
1835 4477 1971 4548 πρὸς

378 4572 582 4626 κακίαν
599 4571 762 4625 αὐτὸν
788 4567 1176 4633 ἀποκλίναντα,
1198 4567 1290 4622 καὶ
1311 4569 1360 4622 εί
1383 4567 1598 4621 πάντων
1626 4565 1788 4630 αὐτὸς
1806 4582 1972 4636 πονη-

380 4661 608 4733 ρότερος
635 4657 710 4714 ῶν
741 4651 916 4732 τύχοί,
947 4659 1036 4712 τὸν
1093 4659 1362 4730 μυριάδας
1411 4655 1684 4721 τοσαύτας
1713 4657 1770 4710 ἐν
1817 4655 1970 4720 τάξει

379 4749 589 4804 παίδων
621 4749 980 4820 κεκτημένον,
1019 4747 1217 4818 μᾶλλον
1251 4746 1307 4800 δέ
1342 4747 1435 4800 καὶ
1474 4747 1614 4817 ὺπέρ
1646 4745 1842 4808 παῖδας
1881 4763 1970 4814 φι-

375 4839 598 4892 λοῦντα·
641 4838 818 4902 οὐδεὶς
846 4837 957 4907 γὰρ
991 4835 1057 4890 ἂν
1091 4835 1296 4908 ηὔξατο
1337 4833 1519 4907 πατὴρ
1570 4833 1970 4888 συναπολέσθαι

379 4927 534 4980 παιδὶ
585 4925 750 4998 μηδὲν
789 4921 1151 4996 ἡμαρτηκὼς,
1199 4922 1450 4994 καθάπερ
1495 4923 1722 4986 ἐκεῖνος·
1767 4922 1858 4976 τὸν
1905 4921 1970 4991 δὴ

373 5014 524 5069 οὕτω
553 5013 752 5076 παῖδας
787 5011 1128 5082 κεκτημένον
1158 5009 1466 5076 τοσούτους,
1503 5009 1872 5081 μισοπόνηρόν
1908 5025 1968 5062 τε

375 5105 509 5158 ὅντα
534 5101 630 5154 καὶ
659 5098 974 5170 φιλάγαθον,
1001 5097 1055 5150 τί
1097 5097 1200 5152 οίει
1247 5097 1480 5168 πάσχειν
1517 5097 1728 5160 πάντας
1773 5097 1968 5160 αὐτοὺς

375 5191 571 5260 ὥσπερ
597 5189 662 5244 ἐκ
676 5205 822 5253 τινος
855 5187 1202 5258 συνθήματος
1234 5187 1318 5251 είς
1347 5187 1440 5240 τὸν
1475 5185 1579 5256 τῆς
1602 5186 1803 5248 κακίας
1832 5202 1970 5256 κρη-

379 5278 516 5351 μνὸν
549 5278 999 5350 καταδραμόντας
1033 5276 1236 5342 ἰδόντας
1264 5277 1340 5331 Οὐ
1363 5275 1474 5348 γὰρ
1490 5275 1556 5330 ἂν
1571 5277 1620 5328 εί
1655 5277 1730 5349 μὴ
1761 5275 1968 5347 σφόδρα

381 5366 546 5420 αὐτὸν
572 5367 844 5421 ἐσκότωσε
873 5366 971 5420 καὶ
999 5367 1064 5419 ἐκ
1099 5365 1318 5436 βάθρων
1346 5364 1511 5420 αὐτοῦ
1539 5365 1637 5436 τὴν
1672 5365 1852 5438 ψυχὴν
1881 5366 1970 5420 ἁνι-

380 5453 612 5526 έτρεψεν
649 5455 679 5506 6
707 5453 806 5524 τῆς
825 5452 1066 5524 ἀθυμίας
1097 5454 1312 5524 ἐκείνης
1341 5452 1572 5522 ἴλιγγος,
1618 5453 1718 5519 τάς
1753 5453 1969 5520 πλάκας

381 5539 452 5596 ἂν
491 5539 712 5614 ἔρριψεν
737 5541 845 5594 ἀπὸ
875 5540 986 5592 τῶν
1019 5541 1220 5613 χειρῶν
1252 5541 1349 5597 καὶ
1374 5541 1712 5612 συνέτριψεν,
1741 5541 1858 5596 ἀλλ’
1884 5542 1968 5596 ἰά-

383 5645 518 5682 σατο
542 5628 754 5698 ταχέως
774 5629 873 5700 τὴν
914 5629 1221 5702 συμφοράν.
1270 5629 1430 5683 Ἀλλά
1459 5629 1512 5684 τί
1541 5623 1793 5703 ποιήσαςζ
1812 5631 1966 5696 εἰπέ;

333 5715 342 5722 ’
383 5716 481 5771 καὶ
511 5714 620 5787 γὰρ
649 5718 678 5769 6
703 5717 803 5786 τῆς
829 5715 1072 5786 ἰατρείας
1099 5719 1321 5790 τρόπιος,
1345 5719 1394 5772 εί
1419 5720 1512 5773 καὶ
1545 5719 1970 5792 παρεμυθήσατο

381 5809 448 5874 τι
472 5805 712 5874 γεγονὸς,
751 5805 864 5860 ἀλλ’
896 5807 1045 5876 ὅμως
1095 5811 1188 5862 καὶ
1216 5809 1380 5874 αὐτὸς
1408 5809 1616 5866 πολλῶν
1661 5809 1825 5882 ἔγεμε
1874 5811 1968 5864 δα-

355 5899 360 5902 “
385 5893 591 5968 κρύωψ
632 5893 725 5948 καὶ
753 5894 926 5958 οὐδεὶς
953 5893 1094 5950 οὕτω
1121 5895 1322 5964 λίθινος
1350 5894 1439 5970 ἦν,
1480 5899 1555 5964 ὡς
1587 5899 1754 5972 μηδὲν
1784 5899 1974 5955 παθεῖν

1206 323 1298 378 AD
1337 317 1718 378 STAGIRIUM
1757 317 1799 372 Α
1841 311 2152 372 ΒᾹΞΠΟΝΕ
2190 304 2704 372 ἾΕΧΑΤΗΜᾹᾸΒ.
2747 317 2838 374 Ill.

3569 318 3676 377 £76

2085 432 2350 502 ἀδελφοὺς
2379 435 2476 487 καὶ
2520 435 2801 504 συγγενεῖς
2833 431 2938 488 ὑπὸ
2978 431 3090 486 τῶν
3120 431 3338 488 οἰκείων
3369 437 3678 505 σφαττομέ-

2085 543 2210 591 νους
2237 525 2403 598 ὀρῶν,
2435 527 2532 580 καὶ
2561 529 2642 590 εἰς
2665 525 2984 599 τρισχιλίων
3018 525 3289 598 σωμάτων
3313 525 3546 598 ἀριθμὸν
3575 527 3678 598 τὴν

2085 619 2325 689 ἐλεεινὴν
2351 618 2555 690 ταύτην
2575 619 2956 690 ἐκτεινομένην
2983 620 3219 690 σφαγήν.
3243 621 3353 673 Καὶ
3379 619 3488 692 γάρ
3513 619 3678 690 ἡμεῖς

2085 711 2212 774 τοὺς
2234 710 2430 773 παῖδας
2465 711 2592 773 τοὺς
2614 710 2838 764 ,ἐαυτῶν
2883 711 3011 764 ὅταν
3044 711 3137 764 ἐπί
3173 729 3278 766 τινι
3305 712 3677 784 λαμϐάνωμεν

2083 801 2261 874 δεινῷ,
2292 799 2660 874 στρεϐλοῦμεν
2691 801 2813 873 μὲν,
2847 803 2942 857 καὶ
2969 803 3364 876 μαστιγοῦμεν,
3397 807 3497 859 ούκ
3519 807 3684 862 ἀναλ-

2085 895 2214 966 γητὶ
2269 894 2328 948 δὲ
2379 892 2536 948 τοῦτο
2593 893 2929 966 πράττομεν,
2971 895 3107 950 ἀλλὰ
3151 878 3291 968 μετά
3315 897 3549 968 θλίψεως
3575 898 3676 950 οὐκ

2085 987 2367 1052 ἐλάττονος
2390 987 2500 1042 τῶν
2548 989 2866 1059 πασχόντων
2891 987 3091 1044 αὐτῶν.

2155 1111 2218 1166 δ’.
2255 1111 2459 1166 Πολλοῦ
2484 1113 2548 1184 δὴ
2567 1113 2690 1168 τότε
2711 1113 2945 1178 πένθους
2973 1114 3137 1169 αὐτὸν
3169 1115 3265 1169 καὶ⁸
3291 1115 3350 1170 τὸ
3381 1116 3676 1188 στρατόπε-

2085 1203 2172 1256 δον
2196 1204 2432 1275 ἔχοντος,
2455 1204 2618 1277 ἐτέρα
2642 1204 2804 1259 πάλιν
2831 1205 3042 1276 ἀγωνία
3061 1205 3429 1278 προσετίθετο.
3451 1207 3568 1262 Οὐκ
3594 1207 3675 1262 ἔτι

2085 1293 2194 1366 γάρ
2241 1296 2424 1360 αὐτοῖς
2456 1297 2878 1370 στρατηγήσειν,
2897 1297 3014 1352 ἀλλ’
3041 1296 3455 1368 ἐγκαταλείψειν
3488 1298 3672 1363 αὐτὸν.

2085 1388 2178 1456 καὶ⁸
2202 1387 2420 1460 ἀγγέλῳ
2451 1388 2793 1462 παραδώσειν
2825 1391 2926 1464 τὴν
2957 1392 3294 1464 προστασίαν
3311 1391 3491 1447 αὐτῶν
3516 1392 3675 1463 ἠπεί-

2083 1480 2247 1552 λησεν
2272 1481 2300 1534 6
2327 1481 2482 1546 Θεὸς,
2521 1482 2550 1535 ὃ
2596 1483 2815 1538 πάντων
2845 1485 3247 1558 ἀφορητότερον
3274 1480 3344 1557 ἦν
3371 1484 3450 1555 τῷ
3475 1486 3672 1556 Μωσῇ.

2088 1569 2356 1623 ’Ἄκουσον
2386 1569 2518 1638 γοῦν
2575 1567 2665 1625 οἷά
2693 1590 2828 1644 φησι
2857 1573 2994 1645 πρὸς
3040 1573 3134 1627 τὸν
3173 1573 3326 1628 Θεόν·
3371 1577 3440 1628 El
3468 1573 3556 1644 μὴ
3590 1573 3673 1629 σὺ

2083 1658 2268 1726 αὐτὸς
2291 1661 2647 1732 συμπορεύῃ
2678 1679 2800 1731 μοι,
2822 1663 2909 1733 μὴ
2939 1663 3247 1734 ἀναγάγῃς
3263 1681 3342 1734 με
3367 1665 3669 1719 ἐντεῦθεν.
3709 1668 3714 1672 ’

2095 1747 2258 1820 Ὁρᾷς
2281 1749 2400 1814 πῶς
2434 1750 2590 1820 φόϐοι
2609 1751 2826 1821 φόϐους,
2845 1753 2941 1806 καὶ
2960 1752 3127 1807 λῦπαι
3143 1753 3440 1825 διεδέχοντο
3460 1753 3636 1818 λύπας
3655 1771 3670 1818 ;

2083 1836 2195 1890 Καὶ
2226 1837 2347 1892 οὐδὲ
2374 1838 2537 1911 μέχρι
2565 1839 2769 1894 τούτων
2797 1842 2984 1895 ἵστατο
3012 1841 3075 1895 τὸ
3106 1842 3300 1898 δεινόν·
3344 1841 3460 1896 ἀλλ’
3480 1842 3672 1914 ἐπειδὴ

2084 1925 2177 1978 καὶ
2207 1925 2367 1980 τοῦτο
2410 1926 2598 1982 ἔπεισε
2631 1929 2724 1982 τὸν
2755 1930 2914 1994 Θεὸν,
2950 1930 3047 1984 καὶ
3089 1929 3383 1986 ἐπένευσεν
3428 1931 3458 1984 6
3487 1930 3674 2001 φιλάν-

2084 2011 2323 2083 θρωπος,
2379 2016 2475 2068 καὶ
2500 2015 2599 2087 τὴν
2631 2019 2792 2090 χάριν
2820 2019 3011 2085 ἔδωκε,
3050 2019 3214 2073 πάλιν
3243 2019 3459 2091 ἑτέραις
3510 2019 3674 2073 αὐτὸν

2085 2103 2440 2174 περιέϐαλλον
2487 2105 2724 2170 ὀδύναις,
2771 2105 2864 2160 τὸν
2909 2107 3066 2161 ἵλεων
3104 2108 3398 2178 γενόμενον
3443 2107 3676 2180 παροξύ-

2083 2209 2287 2258 νοντες,
2350 2193 2445 2247 καὶ
2489 2195 2610 2258 ταῖς
2661 2193 2922 2266 ἐσχάταις
2987 2196 3214 2259 ἑαυτοὺς
3265 2195 3676 2269 περιπείροντες

2085 2284 2414 2353 συμφοραῖς.
2450 2282 2608 2336 Μετά
2632 2283 2740 2356 γάρ
2761 2283 2862 2356 τὴν
2898 2285 3116 2356 σφαγὴν
3143 2285 3243 2358 τὴν
3271 2285 3676 2360 πολυδάκρυτον

2083 2367 2226 2424 οὕτω
2285 2370 2698 2444 προσέκρουσαν
2759 2371 2942 2436 πάλιν,
2989 2371 3062 2438 ὡς
3097 2372 3498 2428 ἐκκαλέσασθαι
3555 2374 3675 2429 καθ’

2083 2455 2292 2511 ἑαυτῶν
2343 2457 2436 2510 τὸν
2488 2459 2820 2530 ἐμπρησμὸν
2857 2461 3083 2527 ἐκεῖνον,
3131 2460 3192 2524 ὃς
3223 2460 3420 2533 μικροῦ
3468 2463 3676 2526 πάντας

2083 2543 2362 2616 ἀνηλωσεν
2398 2543 2489 2612 ἂν,
2538 2547 2587 2598 εί
2631 2547 2704 2618 μὴ
2763 2547 2858 2601 καὶ
2911 2547 3056 2601 οὕτω
3087 2549 3256 2620 πολλῇ
3301 2551 3432 2622 περὶ
3477 2551 3673 2616 αὐτοὺς

2083 2633 2468 2707 φιλανθρωπίᾳ
2509 2636 2780 2708 ἐχρήσατο
2810 2647 2860 2688 α.
2918 2636 3009 2708 Τῷ
3045 2637 3101 2691 δὲ
3134 2640 3344 2710 Μωῦσῇ
3383 2639 3578 2711 διπλῆν
3617 2641 3675 2692 ἐν

2083 2721 2258 2775 ἅπασι
2291 2720 2390 2793 τὴν
2420 2721 2664 2793 ἀθυμίαν
2699 2719 2843 2780 εἶναι
2883 2725 3186 2794 συνέϐαινε,
3216 2725 3296 2797 τῷ
3336 2743 3397 2780 τε
3429 2727 3674 2791 ἐκείνους
3715 2767 3719 2770 .

2083 2811 2440 2878 ἀπόλλυσθαι,
2481 2812 2576 2866 καὶ
2627 2812 2706 2885 τῷ
2741 2815 2870 2878 τοὺς
2907 2813 3371 2885 ὑπολειπομένους
3416 2813 3675 2886 ἁδιορθώ-

2081 2912 2210 2960 τους
2270 2896 2455 2967 μένειν
2496 2897 2592 2951 καὶ
2645 2897 2811 2970 μηδὲν
2857 2899 2923 2950 ἐκ
2954 2899 3058 2969 τῆς
3085 2899 3312 2952 ἐκείνων
3369 2900 3678 2972 κερδαίνειν

2085 2987 2395 3056 συμφορᾶς.
2423 2985 2593 3040 Οὔπω
2625 2989 2736 3058 γὰρ
2763 2987 2917 3050 τέλος
2945 2983 3093 3057 εἶχεν
3127 2989 3336 3054 ἐκεῖνος
3363 2990 3393 3042 6
3423 2987 3675 3054 θάνατος,

2083 3073 2180 3127 καὶ
2207 3075 2256 3154 ρί
2287 3072 2730 3146 περιλειφθέντες
2753 3074 2861 3128 τῶν
2897 3075 3200 3146 κρομμύων
3223 3075 3554 3146 ἐμέμνηντο,
3581 3077 3678 3129 καὶ

2082 3164 2194 3226 τοῖς
2227 3162 2494 3234 παροῦσιν
2521 3161 2902 3234 ἐδυσχέραινον
2928 3161 3196 3231 λέγοντες·
3235 3165 3332 3228 Τίς
3361 3162 3520 3232 ἡμᾶς
3549 3166 3676 3232 ψω-

2075 3249 2206 3319 μιεῖ
2231 3249 2450 3318 κρέας;
2493 3249 2917 3320 Ἐμνήσθημεν
2941 3249 3056 3319 γὰρ
3093 3249 3238 3316 τοὺς
3279 3251 3511 3319 ἰχθύας,
3567 3252 3678 3320 οὓς

2079 3342 2374 3409 ἡσθ.ὀμεν
2402 3339 2474 3393 ἐν
2492 3340 2790 3410 Αἰγύπτῳ,
2832 3337 2930 3392 καὶ
2959 3339 3098 3406 τσὺς
3127 3338 3381 3406 σικυοὺς
3413 3339 3510 3394 καί
3533 3340 3675 3407 τοὺς

2081 3429 2353 3494 πέπονας
2407 3429 2506 3482 καί
2545 3429 2620 3482 τὰ
2667 3427 2872 3496 πράσα
2900 3427 3001 3483 καὶ
3035 3429 3109 3483 τὰ
3151 3428 3426 3498 κρόμμυα
3452 3427 3551 3482 καὶ
3603 3429 3676 3484 τὰ

2081 3519 2370 3589 σκόροδα.
2397 3520 2512 3576 Νῦν
2539 3519 2596 3573 δέ
2625 3519 2824 3590 ἡψυχὴ
2853 3519 3010 3590 ἡμῶν
3043 3518 3371 3590 κατάξηρος,
3407 3519 3557 3592 [909]
3579 3521 3674 3572 ού-

2079 3607 2168 3663 δέν
2195 3608 2336 3680 πλὴν
2371 3610 2450 3672 είς
2473 3608 2534 3662 τὸ
2567 3607 2745 3680 μάννα
2767 3610 2818 3661 οἱ
2858 3607 3328 3680 ὁφθαλμοὶὴμῶν.
3365 3606 3534 3662 Ἔνθα
3571 3625 3676 3678 μηρ

2082 3698 2200 3751 κέτι
2228 3698 2410 3768 φέρων
2439 3696 2538 3769 τὴν
2561 3695 2960 3768 ἀγνωμοσύνην
2985 3697 3168 3750 αὐτῶν
3197 3697 3227 3748 ὁ
3257 3696 3520 3766 Μωῦσῆς,
3539 3711 3676 3767 παρ⁶

2081 3789 2318 3840 αιτεῐται
2347 3785 2448 3859 τὴν
2473 3785 2816 3858 προστασίαν
2849 3784 3096 3857 νικηθεὶς
3129 3783 3236 3838 ὑπὸ
3275 3785 3375 3854 τῆς
3407 3783 3672 3854 ἀθυμίας,

2082 3875 2176 3928 καὶ
2202 3873 2432 3929 θάνατον
2465 3872 2686 3944 εὔχεται
2711 3873 2833 3926 am
2873 3873 2974 3944 τῆς
3013 3873 3219 3945 πικρᾶς
3255 3871 3470 3943 ἐκείνης
3506 3871 3670 3943 ζωῆς.

2094 3963 2428 4018 Ἐπάκουσον
2461 3961 2526 4032 δὴ
2573 3961 2670 4016 καὶ
2715 3960 2823 4014 τῶν
2854 3961 3116 4034 ῥημάτων
3152 3959 3351 4015 αὐτῶν·
3373 3960 3486 4014 Καὶ
3543 3955 3676 4014 εἶπε

2064 4049 2364 4118 ’Μωϊσσῆς,
2399 4051 2554 4120 φησὶ,
2597 4049 2748 4118 πρὸς
2773 4051 2884 4102 τὸν
2931 4051 3101 4103 Θεόν·
3143 4048 3318 4103 Ἰνατί
3361 4047 3676 4114 ἐκάκωσας

2081 4137 2188 4190 τόν
2213 4135 2550 4204 θεράποντά
2581 4151 2720 4200 σου,
2754 4135 2855 4191 καὶ
2885 4135 2985 4188 διὰ
3012 4136 3070 4188 τί
3094 4138 3207 4202 οὐχ
3231 4135 3460 4202 εὕρηκα
3496 4133 3675 4202 χάριν

2078 4224 2360 4278 ἐναντίον
2391 4224 2531 4287 σοῦ,
2555 4223 2846 4278 ἐπιθεῖναι
2875 4221 2992 4289 τὴν
3019 4222 3213 4290 ὁρμὴν
3231 4221 3505 4275 τσῦλασῡ
3533 4223 3672 4274 τού-

2081 4331 2186 4368 του
2218 4313 2312 4364 ἐπ’
2343 4309 2479 4381 ἑμέ;
2527 4310 2626 4380 Μὴ
2662 4311 2778 4380 ἐγὼ
2817 4310 2887 4364 ἐν
2934 4309 3145 4380 γαστρὶ
3200 4309 3424 4364 ἔλαϐον
3474 4307 3673 4362 πάντα

2080 4406 2187 4460 τὸν
2212 4402 2367 4464 λαὸν
2397 4401 2616 4456 τοῡτιν
2639 4402 2678 4470 ἢ
2731 4401 2846 4472 ἐγὼ
2874 4401 3084 4455 ἔτεκον
3131 4399 3326 4462 αὐτὸν,
3362 4399 3450 4454 ὅτι
3471 4397 3670 4470 λέγεις

2072 4511 2196 4563 μοι,
2223 4492 2380 4546 Λάϐε
2407 4491 2598 4546 αὐτὸν
2648 4493 2736 4557 εὶς
2787 4489 2894 4544 τὸν
2919 4491 3154 4544 κόλπον
3184 4505 3323 4552 σου,
3350 4489 3493 4542 ὡσεὶ
3535 4489 3671 4558 ἆραι

2078 4583 2321 4651 τιθηνὸς
2377 4583 2484 4637 τὸν
2529 4567 2880 4651 θήλάζοντα,
2925 4583 3013 4647 είς
3061 4579 3178 4649 τὴν
3202 4577 3318 4650 γῆν
3347 4577 3427 4646 ἢν
3465 4579 3673 4649 ὤμοσα

2078 4671 2204 4738 τοῖς
2249 4671 2554 4740 πατράσιν
2597 4669 2830 4734 αὑτῶν;
2875 4671 3070 4726 Πόθεν
3121 4686 3225 4738 μοι
3259 4669 3406 4737 κρέα
3461 4667 3672 4739 δοῦναι

2078 4761 2260 4814 παντί
2279 4759 2360 4826 τῷ
2381 4758 2510 4825 λαῷ
2550 4760 2759 4826 τούτῳ,
2795 4758 2886 4812 ὅτι
2934 4759 3261 4813 κλαίουσιν
3290 4758 3383 4812 ἐπ’
3410 4757 3541 4828 ἐμοὶ
3571 4755 3670 4811 .ίέ-

2075 4871 2309 4926 γοντες,
2335 4853 2440 4920 Δὸς
2479 4852 2623 4922 ἡμῖν
2645 4851 2810 4922 κρέα,
2829 4853 2932 4907 ἵνα
2959 4852 3271 4922 φάτωμεν;
3292 4853 3374 4905 Οὺ
3403 4847 3670 4914 δυνήσο-

2071 4958 2181 5016 μαι
2217 4943 2333 5015 ἐγὼ
2355 4945 2546 5013 μόνος
2566 4943 2773 5012 φέρειν
2796 4942 2902 4996 τὸν
2923 4943 3082 4997 λαὸν
3102 4941 3341 5004 τοῦτον,
3367 4939 3457 4994 ὅτι
3477 4938 3670 5005 βαρ-ὐ-

2076 5035 2254 5101 τερόν
2293 5050 2397 5102 μοι
2444 5031 2580 5086 ἐστὶ
2621 5029 2688 5082 τὸ
2719 5029 2884 5100 ῥῆμα
2923 5031 3123 5085 τοῦτο·
3180 5033 3234 5083 εί
3261 5028 3332 5081 δὲ
3363 5026 3552 5091 οὕτως
3594 5026 3668 5077 οὐ

2078 5121 2269 5189 ποιεῖς
2308 5140 2432 5193 μοι,
2480 5121 2844 5176 ἀπόκτεινόν
2889 5137 2967 5190 με
2994 5118 3320 5186 ἀναιρέσει,
3359 5117 3412 5168 εὶ
3441 5114 3668 5181 εὕρηκα

2075 5216 2256 5286 χάριν
2307 5215 2587 5270 ἐναντίον
2641 5230 2782 5270 σου.
2823 5215 3011 5268 Ταῦτα
3061 5215 3270 5274 ἐκεῖνος
3309 5195 3610 5280 ἐφθέγξατο
3637 5208 3668 5259 6

2075 5302 2268 5368 εἰπὼν,
2294 5304 2406 5358 Καὶ
2435 5303 2573 5367 νῦν,
2596 5306 2648 5356 εί
2661 5303 2780 5373 μὲν
2797 5301 2960 5372 ἀφῇς
2983 5300 3187 5364 αὐτοῖς
3209 5297 3325 5371 τὴν
3350 5295 3662 5364 ἁμαρτίαν.

2075 5393 2245 5463 ἄφες*
2277 5391 2432 5447 εἰδὲ
2478 5391 2587 5463 μὴ,
2615 5389 2944 5461 ἐξάλειψόν
2977 5406 3053 5458 με
3086 5387 3154 5466 ἐκ
3183 5385 3295 5455 τῆς
3321 5383 3548 5449 βίϐλου
3589 5379 3666 5455 ἧς

2074 5481 2363 5551 ἔγραψας.
2395 5479 2585 5546 υῦτως
2610 5480 2772 5536 αὐτὸν
2799 5482 2831 5550 ἡ
2859 5477 3065 5548 ἀθυμία
3087 5471 3462 5546 περιέτρεψεν.
3484 5471 3664 5543 Ὅπερ

2077 5573 2350 5644 πάσχουσι
2380 5573 2473 5626 καὶ
2503 5575 2683 5641 γονεῖς
2718 5569 2976 5631 πολλάκις
3001 5563 3527 5637 δυσανασχετοῦντες
3548 5567 3661 5627 τοῖς

2076 5661 2382 5732 γινομένοις
2411 5661 2518 5716 ύπδ
2556 5660 2664 5714 τῶν
2695 5657 2941 5712 παιδίων.
2977 5657 3098 5710 Ὅτι
3131 5653 3240 5726 γὰρ
3289 5654 3384 5708 καὶ
3422 5651 3560 5724 μετὰ
3591 5649 3663 5704 τά

2147 5835 2172 5863 ⁸
2191 5835 2273 5881 Sic
2294 5833 2446 5882 Savi].
2474 5832 2520 5882 iu
2544 5829 2792 5893 margine;
2820 5825 2868 5874 in
2905 5827 3116 5888 reliquis
3141 5826 3264 5887 hac,
3288 5827 3328 5874 εἰ
3367 5825 3491 5887 μὴ...
3520 5820 3633 5884 έχρή

2085 5912 2226 5957 σατο,
2249 5896 2447 5944 desum.
