4138 6412
548 303 654 363 477

556 424 782 497 ῥήματα
808 418 984 475 ταῦτα
1028 420 1129 474 οὐκ
1163 419 1442 475 ἐπαύσατο
1494 420 1597 491 τῆς
1653 416 2001 483 συμπαθείας
2045 417 2147 489 τῆς

552 507 691 579 πρὸς
722 506 942 570 αὐτοὺς,
977 504 1035 571 ἐξ
1068 498 1144 559 ὧν
1180 504 1318 577 μετά
1335 504 1511 560 ταῦτα
1534 504 1780 577 ἐποίησε,
1813 502 1970 575 δῆλον
1995 501 2146 574 ἡμῖν.

561 589 782 660 Ἐπειδὴ
840 589 953 659 γάρ
1012 588 1153 660 μετά
1209 588 1272 644 τὸ
1327 590 1456 654 τοὺς
1508 588 1896 651 κατασκόπους
1943 585 2152 640 ἀνελεῖν

552 671 895 744 ἐπεχείρουν,
928 671 1024 725 καὶ⁸
1052 672 1222 737 λίθοις
1256 671 1422 726 αὐτὸν
1463 671 1706 733 ἔϐαλλον,
1745 668 2025 739 διαφυγὼν
2052 666 2154 732 τάς

552 759 745 828 χεῖρας
801 754 984 809 αὐτῶν
1053 756 1148 809 ἐπὶ
1203 756 1306 828 τὴν
1382 756 1525 827 ὑπὲρ
1582 754 1763 810 αὐτῶν
1826 751 1992 825 εὐχὴν
2042 750 2153 806 πά-

553 839 641 894 λιν
679 838 967 911 ἐτρέπετο,
1023 839 1120 894 καὶ
1165 838 1260 894 τὸν
1319 838 1456 894 Θεδν
1506 838 1810 912 παρεκάλει
1862 836 2020 892 ῑλεων
2057 851 2155 904 γε·

554 922 745 977 νέσθαι
796 925 911 986 τοῖς
969 921 1323 994 βουλομένοις
1386 923 1550 979 αὐτὸν
1605 922 1835 978 ἀνελεῖν·
1878 919 2022 975 οὕτω
2060 918 2157 972 καὶ

560 1008 660 1078 τῆς
719 1008 960 1080 φυσικῆς
1009 1007 1393 1082 φιλοστοργίας
1449 1006 1807 1079 σφοδρότερον
1877 1002 2029 1075 αὐτῷ
2093 1000 2157 1056 τὺ

562 1092 785 1165 φίλτρον
847 1092 1111 1146 ἐνέκειτο.
1177 1093 1300 1147 Τῶν
1358 1092 1540 1147 τοίνυν
1597 1089 1963 1145 κατασκόπων
2022 1086 2159 1140 ἀπο-

563 1176 854 1243 θανόντων,
904 1176 1001 1230 καλ⁸
1052 1175 1148 1230 τοῦ
1210 1176 1444 1240 πένθους
1513 1174 1877 1247 ἀκμάζοντος,
1944 1169 2159 1226 οὐδέπω

480 1292 494 1305 ο
564 1259 928 1333 παρελθόντος
954 1260 1173 1333 χρόνου,
1214 1261 1376 1315 πάλιν
1414 1260 1605 1331 ἐτέρας
1640 1258 1873 1313 ἕπλεκον
1915 1253 2160 1327 ἀθυμίας

565 1343 854 1421 ὑποθέσεις
884 1344 1056 1416 αὐτῷ,
1108 1343 1326 1417 πρῶτον
1365 1345 1465 1417 μὲν
1512 1345 1614 1398 ούκ
1649 1342 2014 1415 ἀνασχόμενοι
2058 1356 2163 1421 κω-

564 1419 786 1492 λύοντος
834 1428 1112 1499 πολεμεῖν,
1169 1426 1424 1501 δεύτερον
1472 1428 1531 1483 δὲ
1596 1426 2005 1488 κατακοπέντες
2057 1419 2163 1476 ὑπὸ

562 1511 675 1567 τῶν
738 1512 1141 1583 Ἀμαληκιτῶν·
1196 1507 1340 1585 ἦσαν
1392 1512 1450 1566 δὲ
1478 1511 1575 1567 καί
1623 1510 1731 1583 πρὸ
1766 1508 1861 1564 τοῦ
1921 1506 2162 1578 πολέμου

566 1596 759 1650 τούτου
806 1600 873 1668 τῇ
935 1596 1135 1668 χολέρᾳ
1190 1597 1285 1651 καὶ
1333 1597 1401 1668 τῇ
1466 1593 1883 1667 γαστριμαργίᾳ
1920 1592 2166 1661 δαπανηο

569 1679 758 1743 θέντες
790 1678 1012 1743 ἰκανῶς.
1053 1679 1164 1734 Kal
1200 1679 1311 1751 Δγὰρ
1337 1678 1652 1735 ἀπέκτεινε
1672 1717 1688 1744 ,
1724 1678 1912 1749 φησὶν,
1941 1675 2012 1730 ἐν
2039 1672 2167 1737 τοῖς

565 1764 850 1816 πλείοσιν
876 1762 1108 1829 αὐτῶν,
1139 1763 1231 1818 ἐτι
1270 1761 1383 1833 τῆς
1415 1761 1705 1834 ,βρώσεως
1743 1762 1945 1829 οὔσης
1980 1758 2053 1812 ἐν
2084 1753 2167 1822 τῷ

561 1846 817 1915 στόματι
837 1846 1057 1902 αὐτῶν.
1084 1846 1437 1920 Θεασάμενος
1459 1847 1518 1901 δέ
1537 1845 1748 1901 καὶτὸν
1771 1845 2004 1899 θάνατον
2029 1839 2169 1894 ἐκεῖ·

566 1947 657 1983 νον
681 1930 773 1984 τὸν
790 1930 977 1996 πολὺν,
1005 1930 1161 1987 οὔπω
1188 1930 1289 2004 τῆς
1318 1930 1561 2002 ἀθυμίας
1587 1930 1691 2003 τῆς
1729 1930 1825 1983 ἐπὶ
1855 1925 2035 2001 τούτῳ
2069 1940 2171 1978 πε-

570 2014 891 2087 παυμένης,
944 2016 1120 2089 ἑτέρῳ
1163 2015 1327 2072 πάλιν
1372 2015 1630 2071 ἐϐάλλετο
1673 2012 1905 2076 πένθει,
1953 2008 2048 2065 καὶ
2088 2007 2170 2072 είς

568 2100 829 2171 τοιαύτην
868 2101 1120 2174 ἀνάγκην
1168 2100 1496 2167 καθίστατο,
1546 2100 1623 2164 ὡς
1673 2098 1801 2162 τοὺς
1848 2091 2173 2171 ἀγαπητοὺς

572 2184 667 2238 κα)⁸
696 2184 989 2254 φιλτάτους
1017 2184 1243 2250 τούτους
1272 2184 1533 2251 εὔξασθαι
1573 2183 1709 2253 ξένῳ
1734 2181 1841 2242 τινὶ
1862 2180 1962 2248 καὶ
1991 2192 2174 2250 παρα-

569 2267 707 2339 δόξω
732 2268 949 2340 θανάτῳ
976 2267 1281 2323 καταλῦσαι
1304 2268 1398 2322 τὸν
1426 2267 1573 2339 βίον·
1601 2266 1778 2330 οὕτως
1799 2262 1973 2336 οἱμὲν
1999 2259 2174 2333 πυρὸς

569 2352 837 2423 ἀερθέντες
864 2352 1127 2426 ἐξαίφνης
1158 2352 1501 2426 ἐκαύθησαν,
1548 2353 1599 2407 οί
1641 2351 1701 2405 δὲ
1732 2348 2032 2420 γενομένου
2070 2345 2175 2417 χά-

575 2453 782 2507 σματος
830 2435 1233 2509 κατεπόθησαν·
1278 2436 1374 2491 καὶ
1413 2434 1539 2489 οὔτε
1581 2430 1941 2507 εὐαρίθμητοί
1993 2446 2173 2494 τινες,

573 2522 710 2576 ἀλλά
740 2521 1133 2578 πεντεκαίδεκα
1159 2521 1415 2594 χιλιάδων
1443 2520 1652 2594 ἀνδρῶν
1676 2518 1896 2583 πλείους
1923 2518 1975 2572 al
2000 2515 2176 2572 ταῦτα

574 2605 841 2671 παθόντες
868 2602 1029 2679 ἦσαν.
1058 2605 1263 2660 Τούτου
1291 2605 1348 2661 δὲ
1376 2604 1693 2677 γενομένου,
1724 2602 1845 2668 πῶς
1868 2602 1999 2666 τοὺς
2027 2599 2176 2655 ἐκεί-

568 2698 683 2745 νων
723 2692 1042 2760 συγγενεῖς,
1077 2689 1199 2754 πῶς
1237 2690 1365 2753 τοὺς
1405 2687 1594 2760 φίλους
1641 2687 1780 2761 πρὸς
1823 2685 1918 2741 τὸν
1970 2682 2180 2741 Μωσέα

573 2774 877 2829 διακεῖσθαι
894 2774 1043 2838 εἰκὸς
1065 2768 1166 2846 ἦνς
1192 2773 1311 2836 πῶς
1339 2772 1397 2826 δέ
1418 2771 1584 2827 αὑτὸν
1602 2770 1695 2825 τὸν
1712 2770 1942 2841 Μωσῆν.
1965 2768 2181 2842 ὁρῶντα

576 2860 673 2914 καὶ
706 2859 899 2921 παῖδας
926 2859 1200 2929 ὀρφανοὺς
1227 2857 1324 2911 καὶ
1345 2857 1613 2926 γυναῖκας
1641 2855 1816 2927 χήρας
1842 2853 1953 2908 ἀπὸ
1975 2851 2181 2923 ταύτης

579 2942 880 3014 γενομένας
923 2941 1024 3012 τῆς
1067 2941 1353 3012 συμφορᾶς
1373 2979 1388 3004 ,
1426 2939 1518 2993 καὶ
1552 2939 1650 3010 τὴν
1686 2937 1927 3009 ἀδελφὴν
1960 2938 2057 2991 καὶ
2087 2934 2182 2989 τὸν

580 3026 808 3097 ἀδελφὺν
849 3025 1313 3096 τελευτήσαντας,
1340 3023 1436 3078 καλ¹
1464 3023 1592 3086 τοὺς
1625 3021 1776 3087 υἱοὺς
1814 3023 1942 3086 τοὺς
1969 3021 2181 3077 ἐκείνου

582 3112 885 3176 καυθέντας
902 3110 1044 3182 ὑπὲρ
1062 3107 1411 3181 παρανομίας
1429 3106 1607 3171 τινόςς
1632 3104 1857 3161 Τούτων
1875 3105 1934 3159 δὲ
1949 3105 2184 3160 ἕκαστον

584 3196 769 3250 ἰκανὸν
797 3195 892 3249 καὶ
928 3194 1097 3267 μηδὲν
1138 3191 1476 3247 πεπονθυῖαν
1503 3189 1693 3261 θλῖψαι
1724 3188 1926 3262 ψυχὴν,
1959 3190 2091 3261 μήτι
2118 3205 2184 3259 γε

583 3279 860 3343 τοσούτοις
906 3278 1010 3350 ἡδη
1067 3276 1539 3349 κατεργασθείσαν
1577 3276 1791 3338 κακοῖς.
1858 3274 1949 3339 Ὠς
1987 3273 2046 3332 δέ
2088 3272 2185 3328 τὸν

585 3367 891 3420 Χαναναῖον
935 3361 1100 3428 εἷλον,
1146 3363 1243 3416 καὶ
1279 3360 1500 3433 μακράν
1537 3357 1803 3414 ἐκύκλουν
1835 3359 1978 3427 όδδν,
2020 3359 2186 3417 πάλιν

585 3449 886 3519 ἐγόγγυζον
913 3449 964 3501 ol
1003 3447 1285 3512 Ἰουδαῖοι,
1316 3446 1412 3500 καί⁵
1452 3444 1618 3499 πάλιν
1646 3441 1968 3498 ἀπώλλυντο
1986 3482 2003 3509 ,
2042 3442 2188 3515 νόσῳ

590 3535 692 3605 μὲν
726 3532 828 3587 οὐκ
861 3532 941 3585 ἔτι
971 3530 1226 3603 καθάπερ
1253 3529 1349 3583 καὶ
1375 3527 1593 3600 πρώην,
1638 3527 1762 3582 ούδέ
1794 3528 1930 3601 πυρὶ
1958 3527 2054 3582 καὶ
2090 3526 2191 3599 χά-

589 3634 758 3687 σματι
789 3616 1043 3687 καθάπερ
1077 3615 1173 3670 καὶ
1219 3613 1510 3685 πρότερον,
1557 3611 1781 3667 ἰοϐόλων
1817 3613 1876 3667 δὲ
1911 3612 2191 3684 δήγμασιν

588 3698 787 3767 ὄφεων,
819 3694 869 3749 οἳ
898 3697 1108 3760 πάντας
1144 3693 1211 3748 ἂν
1249 3693 1448 3759 αὐτοὺς
1471 3690 1788 3758 ἀπώλεσαν,
1824 3693 1876 3746 εί
1907 3692 1985 3762 μὴ
2025 3690 2190 3746 πάλιν

590 3783 619 3835 ό
648 3781 855 3850 Μωσῆς
876 3777 1191 3851 προσελθὼν
1214 3776 1368 3851 [210]
1392 3776 1643 3831 ἱκέτευσε
1659 3775 1751 3829 τὸν
1775 3775 1929 3829 Θεόν.
1967 3773 2190 3845 Ἐπειδὴ

589 3865 648 3918 δέ
677 3865 771 3918 καὶ
793 3862 998 3931 ταύτης
1024 3860 1421 3932 ἀπηλλάγησαν
1445 3860 1548 3930 τῆς
1575 3860 1782 3930 φθορᾶς
1810 3856 2027 3923 καὶτὰς
2047 3856 2192 3928 ἀράς

591 3945 687 4000 τοῦ
724 3946 971 4015 μάντεως
998 3944 1285 4014 ἐξέφυγον,
1317 3942 1479 3998 πάλιν
1510 3943 1737 4005 ἑαυτοὺς
1775 3939 2006 4013 ἔρριψαν
2049 3939 2193 3993 κατὰ

593 4029 702 4083 τῶν
747 4029 1145 4101 χαλεπωτάτων
1175 4028 1464 4101 κρημνῶν,
1504 4027 1599 4082 καὶ
1633 4026 1772 4099 μετά
1811 4026 1912 4090 τάς
1935 4025 2193 4096 εὐλογίας

592 4117 687 4172 τοῦ
720 4116 972 4185 Βαλαὰμ,
999 4115 1199 4189 μᾶλλον
1221 4115 1278 4169 δέ
1306 4114 1401 4168 τοῦ
1426 4112 1561 4169 Θεοῦ
1589 4113 1686 4185 (οὐ
1715 4112 1824 4185 γάρ
1849 4113 1947 4184 τῆς
1978 4112 2191 4165 ἐκείνου

594 4200 968 4274 προαιρέσεως
998 4195 1067 4273 ἦν
1101 4199 1169 4254 τά
1203 4201 1447 4272 ῥήματα,
1492 4196 1629 4251 άλλά
1661 4198 1760 4269 τῆς
1801 4195 2063 4268 κινούσης
2095 4195 2195 4249 αύ-

590 4287 685 4339 τὸν
710 4285 1064 4357 δυνάμεως),
1092 4283 1434 4355 ἐπόρνευσαν
1466 4283 1548 4346 εἰς
1590 4280 1692 4344 τὰς
1729 4279 1839 4334 τῶν
1876 4279 2193 4350 ἀλλοφύλων

593 4369 903 4443 θυγατέρας
924 4378 967 4438 ⁸,
996 4369 1093 4423 καὶ
1129 4367 1494 4439 ἐτελέσθησαν
1527 4365 1606 4438 τῷ
1638 4364 1995 4437 Βεελφεγὼρ.
2041 4364 2098 4419 '0
2134 4363 2193 4420 δὲ

594 4456 802 4528 Μωσῆς
828 4450 926 4527 τὴν
951 4454 1221 4524 τοσαύτην
1247 4452 1391 4526 όρῶν
1418 4450 1682 4522 αἰσχύνην
1713 4451 1810 4504 καὶ
1836 4450 1928 4503 τὸν
1955 4448 2191 4518 γέλωτα,

597 4539 760 4593 πάλιν
789 4538 988 4602 αὐτοὺς
1017 4537 1281 4609 ἀλλήλους
1312 4536 1684 4590 κατακόπτειν
1714 4534 1970 4587 ἐκέλευσε
1993 4533 2191 4603 λέγων·

608 4621 1027 4677 Ἀποκτείνατε
1074 4620 1336 4686 ἕκαστος
1387 4621 1497 4672 τὸν
1542 4617 1813 4685 πλησίον
1854 4617 2043 4671 αὐτοῦ
2086 4616 2196 4672 τὸν

593 4702 1031 4774 τετελεσμένον
1052 4702 1138 4770 τῷ
1182 4702 1559 4772 Βεελέρεγώρ·
1608 4700 1862 4771 καθάπερ
1906 4700 2000 4754 ἐπί
2049 4717 2196 4765 τινος

594 4787 912 4860 τραύματος
940 4786 1143 4851 πολλὰς
1175 4787 1274 4859 μὲν
1314 4785 1573 4850 λαϐόντος
1599 4784 1773 4855 τομὰς
1798 4785 1895 4838 καὶ
1930 4784 2157 4850 καύσεις
2176 4824 2193 4851 ,

595 4874 748 4928 οὐδὲν
790 4873 849 4927 δέ
891 4873 1114 4945 ἄμεινον
1157 4872 1330 4945 ταύτῃ
1378 4870 1749 4934 διατεθέντος,
1796 4870 2007 4924 κελεύοι
2053 4871 2083 4912 ιι
2114 4886 2198 4935 τις

596 4958 761 5014 πάλιν
794 4958 1017 5029 τέμνειν
1039 4957 1135 5012 καὶ
1171 4956 1350 5011 καίειν
1374 4956 1437 5010 τὸ
1466 4954 1843 5028 περιλειφθέν.
1875 4955 1948 5009 Σὺ
1977 4953 2038 5009 δὲ
2057 4952 2196 5008 ταύ-

595 5059 697 5105 τας
738 5043 954 5098 ἀκούων
980 5042 1080 5106 τάς
1106 5040 1414 5105 δυσκολίας,
1445 5040 1522 5113 μὴ
1554 5039 1763 5104 ταύτας
1798 5039 1959 5110 μόνον
1988 5036 2196 5109 συμϐε-

597 5127 829 5201 ϐηκέναι
854 5127 1046 5200 νόμιζε
1065 5168 1081 5195 ,
1111 5125 1290 5181 καίτοι
1320 5126 1418 5180 κα)⁸
1443 5124 1552 5179 τῶν
1579 5124 1851 5197 κειμένων
1879 5124 1981 5178 οὐκ
2007 5122 2198 5193 ὀλίγας

599 5212 922 5286 παρέλιπον,
945 5212 1075 5275 τοὺς
1102 5210 1393 5281 πολέμους,
1421 5209 1522 5274 τὰς
1551 5209 1662 5263 τῶν
1688 5207 1905 5281 ἐχθρῶν
1933 5206 2195 5262 ἐναντιώδ

601 5316 739 5362 σεις,
760 5296 861 5362 τάς
886 5297 1104 5370 μακρὰς
1131 5294 1464 5368 ὁδοιπορίας,
1490 5294 1592 5366 τῆς
1622 5294 1862 5365 ἀδελφῆς
1884 5293 1985 5366 τὴν
2012 5292 2194 5366 ὓϐριν,

599 5381 702 5454 τὴν
731 5380 1026 5455 τιμωρίαν,
1055 5381 1141 5450 ἐφ’
1243 5378 1444 5452 μᾶλλον
1472 5379 1682 5443 ἐκεῖνος
1710 5380 1739 5433 ό
1764 5377 2074 5448 πραότατος
2101 5376 2197 5450 ἡλ-

602 5482 737 5537 γησε
767 5468 996 5537 Μωσῆς.
1041 5465 1180 5520 Ἀλλ’
1212 5466 1364 5537 ὅμως
1403 5463 1505 5521 κᾶν
1542 5463 1765 5519 ἅπαντά
1788 5479 1874 5527 τις
1909 5463 2198 5538 συναγάγῃ

605 5552 747 5620 μετά
777 5551 1060 5624 ἀκριϐείας
1083 5592 1098 5615 ,
1141 5551 1265 5605 οὐδὲ
1294 5549 1590 5623 μυριοστὸν
1634 5549 1801 5621 μέρος
1830 5547 1901 5602 τά
1940 5564 2198 5621 γεγραμο·

606 5633 745 5705 μένα
786 5634 894 5687 τῶν
939 5635 1322 5706 γεγενημένων
1361 5633 1533 5688 ἐστίν.
1569 5633 1631 5688 Εἰ
1678 5633 1789 5706 γὰρ
1829 5631 2059 5687 οἰκετῶν
2111 5648 2199 5696 τις

668 5759 696 5822 ξ
722 5758 873 5822 Sayil.
898 5759 1051 5822 habet
1066 5761 1290 5822 γυναῖκας
1308 5761 1390 5809 καὶ
1409 5762 1553 5821 θυγατ

618 5798 1089 5940 *ὄξξῶῖᾶὲὶἵόἇᾴ
1101 5798 1758 5886 ἕένῖιῗὶῖἲιόἷ-ὲῖῖζιελεύει,
1782 5823 1931 5874 Savil.
1959 5822 2019 5874 ad
2041 5833 2192 5885 marg.

1246 303 1307 361 ε.
1350 300 1637 360 JOANNIS
1673 298 2166 359 cnnvsosrom
2204 297 2525 358 ARCHIEP.
2569 282 3122 362 consumunt».

3715 314 3807 375 ιπι

2251 414 2450 487 ὀλίγων
2478 416 2538 471 ἐν
2567 416 2718 487 οἰκίᾳ
2756 418 3067 486 προεστὼς,
3102 419 3199 475 καὶ
3229 419 3601 494 παροξυσμῶν
3627 426 3714 479 καὶ
3735 427 3815 483 λύ-

2253 518 2363 573 πης
2393 500 2594 573 μυρίας
2615 499 2728 574 ἔχει
2756 502 3086 574 προφάσεις·
3114 505 3144 557 ὁ
3176 504 3452 577 μυριάδων
3484 506 3744 564 τοσούτων
3766 512 3817 569 ἐν

2256 586 2671 658 τεσσαράκοντα
2711 585 2888 643 ἐτεσιν
2913 587 3307 660 ἐπιτροπεῦσαι
3336 594 3817 661 καταναγκασθεὶς,

2256 669 2353 725 καὶ
2380 672 2438 725 ἐν
2481 671 2711 742 ἐρήμῳ,
2750 670 2882 725 ἔνθα
2918 672 3057 744 μήτε
3091 673 3200 745 ἀὴρ
3237 675 3372 745 μήτε
3407 673 3556 747 ὕδωρ
3580 671 3668 747 ἦν,
3697 679 3821 735 πόσα

2258 757 2559 829 πράγματα
2593 755 2718 811 καθ’
2752 756 2992 829 ἐκάστην
3038 757 3254 829 ἡμέραν
3286 757 3431 830 ἐχειν
3469 760 3825 829 ἠναγκάζετο,

2258 840 2434 905 πόσας
2482 840 2802 913 φροντίδας,
2854 840 3028 905 πόσας
3066 840 3310 914 ἀθυμίας
3345 843 3443 897 καὶ
3483 842 3696 909 ζώντων
3739 849 3827 903 καὶ

2256 924 2732 997 τελευτησάντωνι
2784 925 2898 980 Καὶ
2943 924 3055 996 γὰρ
3079 924 3177 980 καὶ
3214 925 3644 999 τελευτήσαντας
3670 928 3827 985 ἀπαν-

2259 1026 2360 1073 τας
2396 1004 2539 1064 εἶδεν
2563 1008 2660 1073 οὓς
2694 1008 2957 1082 ἐξήγαγε,
2991 1008 3133 1081 πλὴν
3156 1008 3366 1081 ἀνδρῶν
3387 1009 3485 1065 δύο
3513 1011 3706 1084 μόνων,
3743 1015 3829 1070 καὶ

2257 1095 2389 1156 τοὺς
2427 1093 2523 1148 ἀπ’
2564 1091 2792 1148 ἐκείνων
2818 1092 3225 1164 γεγενημένους
3264 1094 3365 1148 οὐκ
3403 1094 3610 1169 ἡξιώοη
3646 1098 3719 1163 είς
3741 1098 3828 1172 τὴν

2259 1177 2367 1248 γῆν
2406 1176 2507 1247 τῆς
2528 1176 2864 1248 ἐπαγγελίας
2892 1178 3230 1245 εἰσαγαγεῖν·
3266 1176 3384 1230 ἀλλ’
3412 1174 3521 1234 εἶδε
3556 1180 3653 1252 μὲν
3677 1182 3828 1255 αὐτὴν

2258 1260 2371 1314 ἀπὸ
2410 1260 2514 1332 τῆς
2541 1260 2785 1332 κορυφῆς
2818 1257 2913 1315 τοῦ
2950 1259 3114 1331 δρους
3141 1259 3335 1315 Ναϐαὕ
3355 1302 3371 1327 ,
3415 1262 3514 1316 καὶ
3548 1263 3645 1336 τὴν
3681 1265 3826 1335 φύσιν

2261 1343 2436 1416 αὐτῆς
2463 1342 2715 1416 ἐδιδάχθη
2763 1342 2946 1408 καλῶς
2967 1384 2983 1407 ,
3014 1344 3322 1400 ἀπολαῦσαι
3353 1346 3411 1400 δὲ
3440 1346 3611 1418 αὐτῆς
3637 1348 3696 1400 οὐ
3720 1366 3831 1404 συν-

2262 1427 2517 1501 εχωρήθη
2547 1428 2687 1500 μετά
2707 1427 2818 1482 τῶν
2856 1427 3062 1482 λοιπῶν
3103 1428 3477 1501 Ἰσραηλιτῶν,
3513 1430 3626 1484 ἀλλ’
3661 1430 3832 1502 ἔμενεν

2264 1511 2406 1580 ἐξω,
2450 1512 2546 1566 καὶ
2585 1511 2928 1582 ἀπέθνησκεν
2949 1529 2963 1543 ·
2998 1513 3084 1582 ἐφ’
3113 1504 3159 1581 ᾧ
3196 1513 3293 1568 καὶ
3323 1512 3488 1578 αὐτὸς
3533 1514 3835 1586 ἀπωδύρατο

2263 1596 2402 1669 πρὸς
2427 1597 2554 1660 τοὺς
2611 1593 2956 1667 Ἰσραηλίτας
2985 1594 3190 1665 λέγων·
3238 1596 3352 1651 Kal
3383 1597 3597 1666 Κύριος
3633 1601 3664 1653 ὁ
3709 1597 3836 1665 Θεὸς

2262 1678 2534 1751 ἐθυμώθη
2560 1696 2662 1750 μοι
2704 1678 2838 1746 περὶ
2878 1676 2997 1732 τῶν
3029 1678 3373 1750 λεγομένων
3405 1679 3508 1751 ὑφ’
3539 1679 3717 1751 ὑμῶν,
3750 1681 3835 1736 καὶ

2250 1763 2503 1835 ’ὤμοσεν
2532 1764 2635 1817 ἵνα
2661 1760 2749 1833 μή
2780 1759 2962 1817 διαδῶ
2994 1761 3101 1817 τὸν
3145 1761 3465 1832 Ἰορδάνην
3489 1763 3713 1827 τοῦτον,
3744 1764 3831 1820 καί

2265 1850 2369 1904 ἵνα
2386 1847 2474 1919 μὴ
2503 1848 2758 1903 εἰσέλθω
2788 1847 2877 1913 είς
2902 1844 3019 1913 τὴν
3036 1844 3177 1917 γῆν,
3202 1844 3287 1915 ἣν
3308 1848 3529 1916 Κύριος
3552 1850 3585 1903 ὀ
3606 1847 3741 1915 Θεὸς
3765 1847 3838 1902 δί-

2267 1932 2420 1987 δωσί
2460 1947 2560 1987 σοι
2584 1930 2655 1986 ἐν
2692 1930 2919 1999 κλήρῳ.
2966 1928 3115 2001 Ἐγὼ
3142 1931 3256 2002 γὰρ
3297 1931 3663 1998 ἀποθνήσκω
3692 1932 3755 1986 ἐν
3774 1931 3837 2001 τῇ

2268 2017 2348 2089 τῇ
2372 2018 2581 2086 ταύτῃ,
2612 2016 2714 2071 καί
2732 2017 2805 2070 οὐ
2829 2014 3113 2070 διαδαίνω
3141 2015 3250 2070 τὸν
3284 2015 3590 2087 Ἰορδάνην
3615 2016 3836 2071 τοῦτον·

2270 2100 2442 2173 ὑμεῖς
2460 2100 2531 2155 δὲ
2555 2098 2949 2171 διαϐήσεσθε,
2972 2099 3074 2155 καί
3097 2098 3593 2170 κληρονομήσετε
3616 2099 3724 2169 τὴν
3741 2097 3841 2170 τῆν

2266 2184 2388 2255 ’τὴν
2411 2184 2648 2254 ἀγαθὴν
2679 2185 2926 2253 ταύτην.
2961 2183 3073 2240 Καὶ
3093 2183 3159 2238 τὸ
3194 2183 3259 2257 δὴ
3291 2183 3518 2240 πάντων
3553 2184 3839 2252 δεινότερον,

2269 2270 2354 2325 δτι
2378 2269 2519 2342 μετά
2536 2269 2716 2342 λύπης
2735 2268 2898 2325 αὐτὸν
2918 2269 3000 2333 εἰς
3026 2268 3155 2341 ᾅδου
3176 2270 3462 2342 κατήγαγε
3478 2286 3495 2302 ·
3516 2269 3585 2324 τά
3605 2268 3708 2342 γὰρ
3734 2267 3841 2340 μέλ-

2272 2353 2436 2412 λοντα
2478 2354 2608 2418 τοὺς
2651 2351 2936 2417 Ἰουδαίους
2972 2351 3317 2419 διαδέξασθαι
3367 2353 3650 2426 προέμαθε
3684 2350 3840 2415 κακὰ,

2271 2438 2374 2511 τὴν
2399 2437 2867 2511 εἰδωλολατρείαν,
2908 2436 3008 2510 τὴν
3047 2436 3457 2509 αἰχμαλωσίαν,
3498 2438 3599 2503 τὰς
3630 2438 3844 2509 ἀφάτους

2276 2520 2598 2594 συμφοράς,
2630 2520 2707 2585 ὡς
2740 2520 2939 2593 μηκέτι
2972 2521 3133 2593 μόνον
3163 2521 3326 2576 αὑτὸν
3354 2514 3443 2586 οἷς
3468 2521 3612 2595 ἐώρα
3648 2522 3730 2577 καὶ
3748 2521 3845 2584 τοῖς

2276 2605 2669 2680 γεγενημένοις
2689 2647 2703 2672 ,
2744 2605 2883 2661 ἀλλά
2926 2606 3024 2661 καὶ
3068 2609 3185 2670 τοῖς
3227 2606 3463 2678 μηδέπω
3505 2623 3569 2660 συ
3576 2604 3846 2679 μϐεόηκόσι

2278 2689 2722 2762 κατατρύχεσθαι
2742 2690 2844 2762 τὴν
2869 2688 3070 2761 ψυχήν.
3115 2689 3250 2743 ’Δπδ
3271 2689 3380 2763 γὰρ
3402 2689 3629 2763 πρώτης
3659 2686 3846 2761 ἡλικίας

2277 2775 2588 2848 ἀρξάμενος
2620 2772 2914 2831 ὀδυνᾶσθαι
2948 2775 3043 2829 καὶ
3074 2774 3367 2847 ἀδημονεῖν
3408 2774 3553 2847 μετά
3578 2774 3675 2845 τῆς
3701 2773 3846 2843 αὐτῆς

2280 2856 2522 2931 ἀθυμίας
2558 2859 2650 2913 τὸν
2682 2858 2797 2930 βίον
2824 2858 3143 2914 κατέλυσεν.

2352 2976 2417 3025 ε’.
2461 2968 2521 3023 ’0
2554 2967 2612 3022 δέ
2646 2967 3031 3040 διαδεξάμενος
3066 2968 3232 3023 αὐτὸν
3264 2968 3481 3041 Ἰησοῦς
3511 2965 3845 3023 συναπέλαυσε

2287 3058 2386 3131 μὲν
2401 3056 2553 3129 αὐτῷ
2572 3057 2811 3125 πάντων,
2829 3056 2906 3123 ὡς
2922 3058 3119 3125 εἰπεῖν,
3146 3057 3256 3113 τῶν
3276 3058 3545 3130 ἀνιαρῶν·
3575 3059 3623 3111 εἰ
3637 3056 3691 3112 δέ
3708 3073 3756 3110 τι
3777 3053 3849 3108 διά

2282 3148 2344 3203 τὸ
2369 3147 2489 3202 νέον
2516 3146 2861 3220 τῆς-ἡλικίας
2884 3145 3119 3217 ἐξέφυγε
3137 3187 3152 3213 ,
3190 3145 3349 3201 τοῦτο
3378 3146 3524 3218 μετά
3546 3145 3643 3217 τὴν
3669 3143 3848 3198 ἐκείνω

2282 3236 2543 3308 τελευτὴν
2572 3235 2980 3307 ἀνεπλήρωσεν.
3012 3234 3088 3290 Ού
3118 3235 3228 3307 γάρ
3248 3236 3339 3290 ὅτε
3374 3234 3476 3307 ἔζη
3513 3235 3666 3307 μόνον
3689 3235 3717 3287 ό
3742 3232 3850 3287 Mt».

2286 3329 2388 3399 σῆς
2423 3323 2578 3398 [211]
2611 3324 2681 3379 τά
2716 3323 2910 3396 ἰμάτια
2941 3322 3199 3397 διέρρηξε
3246 3324 3344 3378 καὶ
3393 3324 3593 3379 σποδὸν
3633 3319 3848 3377 κατεπάο

2286 3432 2451 3479 σατο,
2485 3413 2623 3468 ἀλλά
2655 3412 2751 3469 καὶ
2779 3413 3212 3486 τελευτήσαντος
3248 3412 3411 3468 πάλιν
3444 3414 3529 3478 είς
3562 3411 3656 3483 τὴν
3682 3409 3848 3482 αὐτὴν,

2290 3503 2493 3576 μᾶλλον
2522 3503 2582 3557 δὲ
2629 3502 2713 3567 εἰς
2741 3501 2969 3575 μείζονα
3011 3501 3255 3574 κατέστη
3291 3500 3506 3574 ταύτης
3544 3501 3772 3570 ἀνάγκην
3798 3496 3851 3552 οὐ

2286 3592 2483 3664 χρόνον
2522 3591 2752 3664 βραχὺν,
2785 3590 2924 3646 ἀλλὰ
2951 3591 3021 3646 δι’
3044 3591 3176 3663 δλης
3199 3590 3418 3665 ἡμέρας
3449 3592 3660 3664 πρηνὴς
3693 3586 3853 3658 κεεμε·

2285 3699 2378 3746 νος
2397 3681 2492 3737 ἐπὶ
2514 3681 2618 3752 τῆς
2637 3681 2764 3753 γῆς.
2798 3682 3066 3736 Ἄκουσον
3089 3680 3156 3752 δὴ
3180 3679 3406 3735 καὶτῶν
3433 3681 3689 3761 ῥημάτων
3710 3670 3851 3761 αὐτού

2284 3769 2383 3824 καὶ
2412 3768 2524 3822 τῶν
2559 3767 2831 3839 ὀδυρμῶν·
2856 3767 2971 3823 Kal
2994 3767 3290 3838 διέρρηξε,
3313 3769 3503 3839 φησὶν,
3542 3765 3766 3835 Ἰησοῦς
3794 3760 3857 3816 τὰ

2287 3855 2488 3927 (mina
2509 3856 2719 3920 αὑτοῦ,
2751 3855 2852 3911 καὶ
2877 3858 3104 3912 ἔπεσεν
3131 3856 3230 3911 ἐπί
3280 3858 3614 3926 πρόσωπον
3636 3852 3729 3909 ἐπί
3758 3849 3856 3918 τὴν

2286 3943 2409 4016 γῆν
2449 3944 2732 3999 ἐναντίον
2761 3944 2988 4011 Κυρίου
3016 3944 3131 4012 ἕως
3154 3943 3457 4012 ἑσπέρας,
3488 3942 3667 4010 αὐτὸς
3694 3939 3783 3996 καί
3809 3936 3856 3992 οι

2286 4033 2682 4102 πρεσϐύτεροι
2739 4028 2983 4100 Ἰσραὴλ
2999 4072 3016 4098 ,
3047 4032 3150 4087 καὶ
3194 4030 3570 4088 ἐπεϐάλοντο
3597 4029 3741 4101 χοῦν
3771 4022 3855 4079 ἐπι

2288 4121 2408 4191 τὴν
2451 4120 2731 4193 κεφαλὴν
2755 4120 2977 4190 αὐτῶν,
3006 4120 3108 4176 καί
3144 4117 3318 4177 εἶπεν
3357 4120 3622 4191 Ἰησοῦς·
3651 4117 3852 4185 Δέομαί,

2289 4220 2493 4289 Κύριε,
2514 4220 2674 4275 ίνατι
2696 4217 3038 4273 διεϐίϐασεν
3069 4220 3104 4273 ό
3132 4216 3276 4285 παῖς
3299 4231 3418 4272 σου
3444 4217 3555 4272 τὸν
3577 4215 3724 4272 λαὸν
3743 4208 3856 4265 τοῦ·

2290 4333 2402 4372 τον
2426 4315 2538 4370 τὸν
2587 4314 2893 4385 Ἰορδάνην
2929 4313 3305 4385 ⁴παραδοῦναι
3343 4312 3535 4369 αὔξον
3560 4310 3638 4379 τῷ
3677 4305 3855 4378 Ἀμοῤ·

2287 4414 2438 4482 ῥαίῳ
2472 4411 2773 4468 ἀπολέσαι
2828 4409 3018 4482 ήμᾶς;
3046 4412 3117 4466 El
3147 4411 3580 4482 κατεμείναμεν
3626 4407 3718 4463 καὶ
3747 4416 3856 4459 κατ·

2290 4508 2641 4579 ῳκίσθημεν
2682 4506 2845 4577 παρὰ
2872 4506 2984 4561 τὸν
3035 4505 3361 4576 Ἰορδάνην.
3385 4506 3497 4561 Kal
3531 4506 3588 4562 τί
3621 4503 3725 4575 ἐρῶ
3747 4496 3855 4557 ἐπει

2286 4606 2623 4677 μετέϐαλεν
2665 4602 2921 4675 Ἰσραὴλ
2952 4602 3060 4658 τὸν
3101 4602 3335 4673 αὐχένα
3378 4602 3567 4660 αὐτοῦ
3598 4600 3856 4658 ἀπέναντι

2293 4703 2401 4758 τοῦ
2430 4702 2652 4773 ἐχθροῦ
2686 4700 2911 4766 αὐτοῦ;
2932 4700 3046 4755 Kal
3075 4700 3353 4769 ἀκούσας
3377 4703 3411 4756 ὁ
3434 4698 3756 4763 Χαναναῖος
3776 4692 3850 4748 καί

2293 4798 2520 4868 πάντες
2546 4800 2603 4853 οί
2629 4795 3057 4865 κατοικοῦντες
3085 4794 3203 4865 τὴν
3241 4796 3362 4867 γῆν
3405 4794 3834 4867 περικυκλὼσου

2292 4913 2400 4953 σιν
2448 4895 2642 4966 ἡμᾶς,
2684 4892 2787 4949 καί
2826 4892 3226 4963 ἐκτρίψουσιν
3258 4891 3420 4963 ἡμᾶς
3464 4892 3583 4949 ἀπὸ
3610 4888 3714 4961 τῆς
3743 4884 3839 4959 τῆς

2295 4992 2483 5049 Ταῦτα
2510 4991 2752 5056 ἀκούσας
2779 4992 2809 5045 ό
2838 4990 2973 5056 Θεὸς
3002 4989 3264 5062 ἐνέφηνεν
3291 4987 3445 5061 αὐτῷ
3471 4990 3571 5061 τῆς
3599 4988 3755 5059 ἥττης
3778 4981 3841 5035 τὸ*

2292 5091 2497 5149 αἴτιον·
2536 5091 2631 5146 καὶ
2659 5088 2851 5162 μαθὼν
2883 5088 3094 5154 πάντας
3133 5086 3305 5162 ἄρδην
3345 5085 3640 5152 ἀπώλεσεν,
3678 5082 3735 5137 οὐ
3778 5075 3856 5131 τὸν

2294 5188 2660 5263 ἡμαρτηκότα
2687 5186 2871 5259 μόνον,
2904 5185 3047 5240 ἀλλά
3070 5185 3168 5240 καὶ
3194 5188 3481 5255 συγγενεῖς
3510 5182 3604 5240 καὶ
3629 5176 3852 5236 οἰκείους,

2294 5288 2392 5342 καὶ
2418 5286 2528 5341 τῶν
2554 5283 2892 5357 θρεμμάτων
2918 5281 2983 5337 τὸ
3025 5281 3251 5355 πλῆθος,
3278 5283 3419 5355 ὅπερ
3448 5282 3547 5353 ούχ
3587 5279 3661 5342 ὡς
3689 5274 3853 5342 ἔτυχεν

2292 5381 2444 5454 αύτῷ
2462 5380 2562 5455 τὴν
2591 5380 2771 5453 ψυχὴν
2789 5378 3128 5453 διετάραξεν.
3153 5380 3218 5434 El
3246 5379 3358 5453 γάρ
3385 5380 3546 5451 ἡμεῖς
3574 5367 3854 5443 ἀλλοτρίους

2293 5480 2531 5553 δρῶντες
2580 5476 2981 5551 κολαζομένους
3016 5474 3140 5531 οὐδὲ
3174 5476 3304 5531 ἰδεῖν
3344 5471 3644 5548 ἀνεχόμεθα
3664 5510 3680 5535 ,
3703 5465 3749 5519 τί
3768 5460 3852 5517 οὐκ

2296 5576 2364 5632 ἂν
2391 5568 2826 5645 ἔπαθενέκεῖνος
2852 5573 2983 5639 τοὺς
3005 5571 3316 5644 ὁμοφύλους
3346 5572 3443 5627 καὶ
3480 5560 3852 5638 συστρατιώτας

2295 5671 2561 5737 τοιούτοις
2594 5670 2941 5744 περιϐάλλων
2980 5672 3201 5737 κακοτς;
3233 5669 3286 5723 τί
3313 5669 3373 5723 δέ
3400 5670 3433 5740 ή
3463 5665 3569 5721 τῶν
3606 5657 3852 5716 Γαϐαωνι·

2299 5772 2409 5827 τῶν
2431 5773 2619 5845 ἀπάτη
2647 5772 2743 5827 καὶ
2765 5772 2799 5844 ἡ
2829 5769 3101 5843 γενομένη
3128 5767 3267 5825 κατά
3294 5768 3407 5823 τῶν
3432 5765 3600 5838 πέραν
3622 5757 3711 5815 τοῦ
3736 5748 3853 5823 Ἰορ-

2305 5870 2465 5928 δάνου
2496 5869 2942 5944 κατοικησάντων
2973 5867 3158 5939 φυλῶν
3184 5865 3422 5933 ὑποψίας
3466 5862 3517 5919 τί
3553 5859 3610 5915 δὲ
3640 5855 3695 5911 τὸ
3723 5844 3853 5905 ml?“
