4138 6444
341 404 445 458 477

341 514 766 587 perturbaverat.
794 511 944 582 Quod
973 519 1028 568 et
1053 519 1298 581 parentes
1324 523 1466 578 sarpe
1493 508 1782 578 patiuntur,
1807 521 1927 560 cum

340 606 407 661 iis
437 605 776 675 indignantur
802 619 922 673 quze
945 618 974 656 a
1006 601 1126 655 ﬁliis
1149 600 1300 656 ﬁunt.
1330 598 1462 653 Nam
1495 596 1636 668 quod
1662 610 1760 650 nec
1785 604 1933 666 post-

341 709 406 750 ea
457 710 708 764 umquam
743 693 961 749 desierit
1017 693 1228 747 illorum
1268 689 1539 756 misereri,
1570 689 1736 758 liquet
1774 702 1841 741 ex
1867 686 1932 740 iis

347 803 468 858 quae
497 796 679 858 postea
721 786 904 856 gessit.
932 784 1067 840 Cum
1097 784 1242 839 enim
1287 782 1434 837 illum
1463 789 1584 852 post
1611 780 1805 835 missos
1833 793 1931 834 ex-

348 879 650 949 ploratores
698 876 944 932 occidere
991 883 1291 940 tentarent,
1341 877 1622 943 ipsumque
1667 869 1930 940 lapidibus

340 971 594 1033 obruere,
620 966 876 1038 effugiens
903 965 1116 1020 illorum
1142 978 1352 1031 manus,
1375 978 1562 1017 rursus
1583 960 1648 1016 ad
1669 960 1928 1015 orandum

342 1076 443 1132 pro
466 1060 546 1116 eis
569 1058 1007 1122 convertebatur,
1041 1058 1312 1126 Deumque
1340 1055 1443 1109 illis
1469 1053 1756 1125 propitium
1788 1051 1927 1116 ﬁeri,

340 1154 434 1225 qui
463 1167 524 1208 se
561 1167 756 1208 necare
795 1150 1082 1221 cupiebant
1104 1191 1119 1216 ,
1152 1149 1467 1220 precabatur
1497 1164 1510 1201 :
1540 1145 1675 1200 adeo
1717 1157 1930 1214 quoque

343 1245 572 1300 naturali
603 1259 788 1300 amore
817 1243 1183 1300 vehementior
1222 1243 1297 1296 illi
1340 1242 1511 1296 inerat
1550 1238 1790 1294 aﬁ‘ectus.
1823 1235 1928 1290 Ita-

341 1352 447 1408 que
474 1335 901 1405 exploratoribus
931 1334 1177 1399 mortuis,
1207 1347 1270 1386 ac
1296 1329 1523 1401 ingentis
1549 1327 1722 1382 adhuc
1757 1325 1930 1379 luctus

340 1427 574 1482 necdum
615 1425 746 1480 hora
792 1425 1096 1494 praeterita,
1127 1436 1313 1477 rursus
1358 1421 1434 1475 illi
1474 1420 1606 1474 alias
1643 1415 1930 1472 nectebant

339 1517 594 1574 niteroris
619 1530 830 1572 causas.
860 1515 1042 1570 Primo
1063 1513 1207 1570 enim
1234 1527 1471 1583 pugnare
1499 1507 1800 1581 prohibenti
1821 1522 1926 1562 non

336 1607 868 1678 obtemperaverunt,
889 1604 1125 1661 secundo
1146 1604 1214 1659 ab
1230 1601 1540 1658 Amalecitis
1557 1599 1756 1657 concisi
1779 1605 1924 1666 sunt,

337 1707 397 1756 et
423 1709 548 1756 ante
583 1699 779 1755 bellum
809 1697 949 1752 istud
976 1704 1032 1752 et
1071 1696 1193 1752 bilis
1223 1703 1278 1751 et
1319 1694 1455 1765 gula:
1497 1707 1656 1748 causa
1697 1691 1928 1746 maxime

336 1790 643 1861 consumpti
667 1799 808 1845 sunt.
837 1788 976 1843 Nam
1005 1788 1211 1853 occidit,
1233 1786 1424 1855 inquit,
1455 1783 1700 1854 plurimos
1730 1797 1923 1847 eorum,

337 1901 456 1940 cum
483 1884 652 1938 adhuc
697 1899 812 1937 esca
854 1889 982 1936 esset
1023 1881 1078 1934 in
1119 1896 1206 1934 ore
1249 1895 1421 1933 eorum
1461 1875 1648 1950 (Psal.
1677 1874 1766 1929 77.
1794 1873 1924 1944 50).

338 1975 546 2046 Ingenti
584 1983 762 2028 autem
794 1975 895 2027 hac
933 1972 1142 2026 illorum
1172 1969 1320 2025 ccede
1345 1969 1579 2037 inspecta
1599 2007 1614 2033 ,
1644 1980 1765 2020 cum
1794 1979 1927 2019 nec-

337 2069 470 2124 dum
502 2069 587 2122 hic
611 2065 765 2122 dolor
787 2065 1096 2137 quievisset,
1123 2062 1229 2117 alio
1254 2075 1439 2117 rursus
1468 2059 1733 2114 invaditur
1758 2058 1923 2122 luctu,

337 2171 592 2231 tantaque
636 2159 956 2215 necessitate
1003 2155 1322 2211 constrictus
1361 2161 1476 2215 est,
1510 2161 1568 2206 ut
1610 2151 1740 2205 istos
1782 2152 1926 2219 ipsos

335 2260 447 2308 tam
476 2251 699 2306 dilectos
735 2257 893 2318 atque
940 2246 1299 2302 amatissimos
1338 2258 1478 2299 novo
1507 2243 1686 2312 aliquo
1709 2256 1772 2295 ac
1799 2256 1925 2312 per-

334 2343 522 2414 egrino
551 2341 739 2396 mortis
779 2354 975 2411 genere
1003 2339 1164 2393 vitam
1196 2337 1347 2390 ﬁnire
1379 2343 1707 2406 precaretur.
1735 2332 1812 2386 lta
1835 2331 1925 2386 alii

333 2433 554 2505 quidam
592 2438 907 2500 erumpente
933 2430 1053 2500 igne
1092 2436 1317 2497 repente
1353 2424 1602 2480 incendio
1627 2421 1924 2492 conﬂagra-

335 2534 566 2590 verunt,
598 2525 686 2578 alii
717 2534 874 2578 terrae
910 2520 1057 2576 hiatu
1087 2518 1324 2588 absorpti
1366 2527 1527 2571 sunt:
1555 2530 1728 2586 neque
1770 2515 1924 2585 pauci

334 2617 578 2686 aliquot,
609 2613 702 2670 sed
730 2614 880 2683 plura
906 2627 1064 2682 quam
1095 2608 1399 2681 quindecim
1441 2607 1716 2662 hominum
1757 2605 1924 2660 millia

335 2707 441 2763 ista
468 2707 610 2776 passi
639 2714 784 2760 sunt.
815 2704 930 2760 Hoc
957 2709 1172 2771 peracto
1192 2743 1206 2767 ,
1236 2716 1341 2770 quo
1377 2700 1556 2754 animo
1587 2698 1796 2753 illorum
1828 2711 1924 2752 co-

332 2808 527 2870 gnatos
567 2805 622 2853 et
657 2796 859 2850 amicos
883 2794 1168 2849 adversum
1196 2792 1398 2846 Moscm
1428 2790 1594 2844 fuisse
1629 2788 1924 2859 putandum

333 2889 457 2945 est?
499 2902 606 2958 quo
650 2886 777 2942 item
805 2886 1004 2940 Mosem
1035 2885 1208 2954 ipsum
1241 2898 1362 2938 cum
1405 2889 1651 2937 cerneret
1693 2881 1925 2950 pupillos

335 2980 476 3034 ﬁlios
500 2987 555 3034 et
581 2992 774 3032 uxores
805 2975 993 3031 viduas
1018 2990 1083 3030 ex
1114 2990 1176 3030 ea
1207 2973 1510 3029 calamitate
1535 2970 1652 3026 ﬁeri
1683 2971 1922 3035 videret;

335 3071 466 3126 item
496 3069 714 3125 fratrem
742 3084 897 3124 suum
926 3083 988 3122 ac
1016 3081 1256 3122 sororem
1282 3065 1388 3119 vita
1414 3061 1730 3127 excessisse,
1755 3061 1926 3115 illius-

337 3178 445 3234 que
471 3162 609 3217 ﬁlios
638 3160 1090 3232 praevaricationis
1111 3158 1337 3228 alicujus
1365 3170 1525 3211 causa
1551 3155 1690 3226 ignis
1716 3151 1924 3207 ustione

335 3253 600 3326 periisse?
631 3253 832 3308 llorum
865 3265 996 3306 sane
1031 3251 1237 3321 singula
1265 3248 1398 3303 nihil
1426 3247 1586 3303 etiam
1612 3252 1766 3300 antea
1797 3259 1923 3313 per-

335 3361 552 3417 pessum
591 3345 827 3400 animum
868 3342 1084 3396 allicere
1125 3341 1314 3395 dolore
1355 3336 1687 3408 potuissent,
1730 3333 1924 3389 nedum

339 3447 420 3495 tot
440 3439 549 3509 jam
579 3439 734 3493 malis
771 3436 1083 3492 exercitum.
1117 3433 1188 3489 Ut
1225 3442 1402 3488 autem
1433 3429 1735 3486 Chananaao
1761 3442 1925 3497 supe-

336 3543 457 3590 rato
484 3534 700 3603 longum
726 3531 827 3586 iter
851 3528 1139 3586 circumire
1164 3527 1512 3598 cogebantur,
1540 3537 1753 3578 rursum
1779 3536 1926 3576 mur-

337 3639 618 3681 muravere
640 3623 832 3689 Judmi,
856 3634 1178 3690 rursumque
1198 3617 1423 3688 periere,
1447 3630 1553 3670 non
1577 3614 1687 3684 jam
1707 3611 1924 3683 quidem

338 3717 543 3773 morbis
570 3724 628 3771 ut
654 3716 823 3786 prius,
851 3729 957 3769 non
980 3713 1103 3784 igne
1129 3721 1220 3767 aut
1247 3710 1395 3765 hiatu
1423 3716 1578 3764 terrm
1597 3747 1612 3773 ,
1639 3705 1736 3761 sed
1762 3718 1927 3759 vene-

341 3819 587 3866 natorum
617 3807 950 3878 serpentium
989 3805 1290 3871 morsibus,
1336 3801 1429 3874 qui
1466 3800 1704 3872 profecto
1739 3811 1927 3853 omnes

342 3902 732 3975 perdidissent,
763 3901 866 3956 nisi
909 3914 1096 3955 rursus
1135 3897 1395 3954 accedens
1434 3894 1501 3950 ad
1542 3894 1709 3948 Deum
1752 3891 1927 3947 Moses

342 3994 590 4065 precibus
614 3993 726 4048 suis
751 3992 869 4063 ejus
896 3992 1178 4047 avertisset
1205 3989 1360 4045 iram.
1389 3987 1581 4042 Postea
1609 3999 1737 4039 vero
1767 3997 1927 4053 quam

340 4103 407 4143 ex
454 4086 555 4141 hac
598 4093 748 4156 peste
797 4083 1009 4138 liberati
1056 4089 1182 4136 sunt
1229 4079 1470 4148 vatisque
1517 4075 1929 4146 imprecationes

341 4178 674 4248 eﬁugerunt,
715 4189 928 4230 rursum
959 4174 1166 4244 seipsos
1212 4187 1308 4241 per
1333 4168 1623 4226 durissima
1664 4175 1929 4238 praerupta

339 4269 607 4340 iecerunt,
638 4276 798 4338 atque
826 4271 948 4338 post
972 4263 1374 4320 benedictiones
1401 4259 1638 4325 Balaam,
1668 4258 1778 4313 imo
1801 4271 1932 4312 vero

346 4359 443 4415 Dei
469 4360 668 4428 (neque
695 4357 838 4412 enim
864 4355 1008 4411 illius
1029 4352 1315 4408 voluntatis
1351 4366 1415 4406 ea
1445 4348 1608 4405 verba
1636 4348 1800 4413 fuere,
1836 4344 1931 4401 sed

345 4450 613 4508 moventis
637 4465 698 4506 se
718 4449 882 4505 divini
908 4445 1140 4517 afﬂatus)
1172 4443 1416 4500 fornicati
1443 4449 1714 4497 suntcum
1741 4437 1934 4493 alieni—

346 4557 605 4614 genarum
632 4541 861 4607 ﬁliabus,
889 4549 947 4596 et
973 4538 1164 4596 initiati
1193 4546 1318 4593 sunt
1343 4533 1696 4604 Beelphegor.
1727 4532 1799 4586 At
1823 4531 1935 4585 Mo-

345 4649 438 4691 ses
486 4634 791 4704 hujusmodi
839 4633 1015 4690 scelus
1057 4631 1535 4698 confusionemque
1576 4641 1684 4681 non
1731 4623 1932 4690 ferens,

347 4741 446 4783 eos
489 4743 674 4783 rursus
717 4742 778 4784 se
818 4728 1045 4784 invicem
1091 4724 1376 4782 concidere
1420 4737 1484 4778 ac
1524 4736 1718 4778 necare
1752 4719 1934 4791 jussit,

347 4820 651 4889 lnterﬁcite,
683 4821 950 4890 inquiens,
976 4819 1320 4889 unusquisque
1346 4815 1630 4887 proximum
1655 4829 1822 4878 suum,
1849 4811 1938 4883 qui

346 4912 580 4967 initiatus
599 4921 674 4966 est
693 4911 1007 4982 Beelphegor
1031 4910 1219 4981 (Nunt.
1236 4909 1328 4964 ΞΒ.
1348 4907 1403 4974 5)
1424 4925 1438 4962 ε
1463 4923 1570 4962 non
1596 4920 1754 4964 secus
1777 4919 1937 4975 quam

349 5004 408 5059 in
439 5003 688 5070 vulnere,
716 5003 857 5073 quod
901 5002 1144 5073 plurimis
1182 4999 1508 5056 sectionibus
1535 4997 1939 5066 ustionibusque

349 5095 617 5165 susceptis
641 5093 776 5149 nihil
803 5092 993 5148 melius
1021 5089 1298 5155 habuerit,
1327 5088 1520 5158 aliquis
1538 5087 1723 5157 jubeat
1749 5099 1940 5141 rursus

350 5185 496 5257 quod
534 5185 798 5254 reliquum
829 5191 913 5238 est
945 5195 1132 5238 secare
1159 5188 1320 5250 atque
1358 5193 1534 5234 urere.
1563 5176 1829 5233 Cancrum
1860 5184 1938 5242 tu,

349 5277 600 5334 cumbas
627 5275 966 5331 difﬁcultates
1005 5271 1194 5339 audis,
1237 5270 1345 5326 noli
1372 5279 1560 5340 putare
1589 5270 1690 5325 ista
1733 5275 1939 5323 tantum

350 5368 665 5440 contigisse,
705 5366 968 5438 siquidem
992 5377 1047 5421 et
1075 5365 1191 5436 ipse
1217 5378 1288 5420 ex
1321 5363 1405 5417 his
1428 5377 1548 5433 qua:
1583 5362 1780 5431 scripta
1814 5369 1943 5417 sunt

353 5477 464 5519 non
493 5477 660 5533 pauca
688 5471 950 5532 praetereo
969 5503 986 5529 ,
1013 5467 1142 5532 puta
1168 5459 1306 5515 bella
1326 5499 1344 5527 ,
1381 5456 1717 5512 inimicorum
1757 5453 1942 5510 obsta-

353 5555 498 5624 cula,
527 5555 832 5626 longissima
863 5554 1083 5620 itinera,
1113 5551 1316 5609 sororis
1340 5549 1756 5618 contumeliam,
1795 5547 1942 5618 ejus-

354 5647 479 5703 dem
503 5662 706 5718 ptenas.
726 5645 916 5716 quibus
937 5645 1249 5701 mitissimus
1269 5644 1360 5700 ille
1372 5642 1547 5699 Moses
1567 5651 1694 5697 tunc
1713 5640 1944 5696 Maxime

355 5738 604 5797 indoluit.
636 5738 745 5795 Sed
780 5753 844 5794 ea
883 5746 1060 5794 tamen
1100 5737 1280 5795 omnia
1310 5736 1355 5792 si
1385 5735 1506 5807 quis
1534 5731 1944 5806 diligentissime

357 5834 413 5890 in
445 5847 607 5888 unum
635 5839 907 5902 congerat,
934 5844 1002 5886 ne
1031 5829 1367 5886 millesimam
1391 5827 1604 5900 quidem
1632 5835 1838 5900 partem
1869 5841 1935 5882 ex

1171 399 1262 455 AD
1299 394 1668 455 STAGIBIUM
1705 397 1746 450 A
1791 393 2096 451 DIEMONE
2133 391 2486 451 VEXATUM.
2527 392 2656 449 LIB.
2696 390 2784 451 Ill.

3519 396 3624 453 478

2038 506 2106 562 iis
2135 520 2251 576 quae
2295 506 2631 576 contigerunt
2667 505 2920 576 scriptam
2969 505 3132 562 fuisse
3171 514 3338 577 putet.
3382 505 3440 563 Si
3477 508 3620 562 enim

2037 599 2129 668 qui
2166 597 2218 651 in
2264 611 2368 650 una
2407 596 2568 651 domo
2607 597 2790 666 paucis
2831 608 3025 668 praeest
3066 599 3269 664 servis,
3314 598 3622 654 innumeras

2037 687 2273 759 quotidie
2293 695 2349 742 et
2373 687 2726 742 irritationum
2754 697 2808 742 et
2832 690 3078 745 maeroris
3104 691 3412 745 occasiones
3438 689 3618 754 habet,

2035 779 2124 848 qui
2167 788 2246 833 tot
2289 779 2524 835 millibus
2564 779 2910 849 quadraginta
2941 782 3096 836 annis
3142 797 3375 852 praeesse
3404 795 3622 838 coactus

2033 881 2152 940 est,
2183 872 2342 942 idque
2383 873 2436 926 in
2480 871 2713 938 deserto,
2759 872 2848 926 ubi
2896 888 3068 942 neque
3114 888 3224 941 aer,
3270 890 3442 945 neque
3483 890 3618 945 aqua

2034 973 2172 1030 erat,
2199 973 2330 1034 quot
2371 964 2581 1034 negotia
2609 962 2830 1032 singulis
2869 962 3057 1018 diebus
3098 963 3247 1019 obire
3285 964 3620 1034 cogebatur?

2034 1064 2164 1126 quot
2199 1071 2374 1122 curas,
2402 1065 2532 1126 quot
2558 1070 2838 1122 maerores,
2875 1063 2932 1110 et
2955 1055 3251 1111 viventibus
3277 1058 3403 1120 illis,
3435 1068 3490 1114 et
3513 1058 3619 1112 vita

2034 1145 2266 1200 functis?
2291 1145 2431 1201 Vidit
2452 1147 2592 1201 enim
2616 1161 2824 1213 omnes,
2843 1160 2976 1216 quos
2997 1161 3062 1201 ex
3079 1145 3310 1218 Egypto
3330 1148 3618 1214 eduxerat,

2034 1247 2307 1303 mortuos,
2355 1247 2550 1308 praeter
2586 1237 2722 1293 duos
2761 1238 2905 1293 viros
2942 1238 3115 1294 solum
3147 1257 3161 1294 :
3189 1254 3387 1309 eosque
3423 1242 3510 1308 qui
3554 1255 3619 1293 ex

2034 1331 2142 1386 illis
2171 1331 2279 1385 nati
2312 1330 2519 1385 fuerant
2561 1330 2751 1402 dignus
2793 1330 3006 1386 habitus
3052 1347 3157 1386 non
3204 1341 3287 1386 est
3327 1331 3380 1385 in
3423 1341 3617 1386 terram

2033 1421 2466 1492 repromissionis
2516 1421 2878 1477 introducere.
2924 1419 3187 1478 Caeterum
3231 1423 3365 1477 vidit
3404 1423 3618 1493 quidem

2033 1529 2151 1570 eam
2196 1523 2393 1569 terram
2433 1529 2499 1569 ex
2538 1515 2737 1570 vertice
2778 1516 2977 1570 montis
3021 1515 3226 1584 Nabau,
3269 1526 3622 1587 naturamque

2032 1609 2176 1664 illius
2225 1609 2426 1677 optime
2472 1608 2692 1674 didicit,
2736 1609 2838 1664 frui
2883 1619 3060 1666 autem
3110 1612 3198 1666 illa
3239 1627 3362 1667 cum
3403 1613 3621 1683 reliquis

2031 1701 2286 1758 lsraelitis
2316 1703 2610 1772 permissus
2637 1719 2742 1758 non
2768 1711 2871 1769 est,
2897 1703 2991 1759 sed
3015 1714 3164 1760 extra
3195 1720 3311 1759 eam
3339 1707 3534 1760 mansit
3558 1720 3621 1761 ac

2031 1800 2274 1846 mortuus
2314 1801 2437 1858 est;
2480 1793 2639 1863 idque
2679 1794 2793 1864 ipse
2825 1795 3076 1850 lsraelitis
3105 1810 3442 1865 conquerens
3470 1795 3617 1851 dice-

2030 1882 2121 1938 bat
2150 1901 2164 1938 :
2190 1883 2256 1938 Et
2281 1882 2531 1939 Dominus
2555 1884 2696 1940 Deus
2720 1886 2882 1940 iratus
2909 1894 2982 1940 est
3017 1887 3139 1939 mihi
3164 1886 3227 1940 de
3250 1887 3312 1941 iis
3339 1903 3452 1954 qua:
3478 1886 3618 1940 dice-

2030 1975 2212 2030 bantur
2237 1992 2269 2030 a
2294 1977 2429 2030 vobis
2450 2018 2464 2042 ,
2495 1978 2790 2048 juravitque
2818 1987 2875 2032 ut
2919 1995 3020 2032 non
3059 1993 3310 2033 transeam
3337 1979 3618 2032 Iordanem

2031 2065 2216 2133 istum,
2250 2083 2341 2120 nec
2385 2068 2642 2138 ingrediar
2680 2070 2732 2122 in
2767 2078 2952 2122 terram
2976 2110 2991 2135 ,
3027 2085 3179 2140 quam
3207 2069 3455 2123 Dominus
3481 2068 3620 2122 Dens

2030 2159 2117 2214 dat
2144 2159 2233 2213 tibi
2258 2160 2310 2214 in
2352 2169 2504 2215 sorte.
2547 2159 2660 2231 Ego
2701 2161 2832 2215 enim
2861 2162 3054 2215 morior
3097 2161 3150 2215 in
3195 2161 3290 2214 hac
3330 2169 3501 2226 terra,
3531 2178 3621 2214 nec

2031 2259 2230 2304 transeo
2254 2250 2536 2304 Jordanem
2565 2251 2699 2305 hunc
2722 2267 2742 2305 :
2767 2266 2853 2306 vos
2880 2260 3048 2306 autem
3077 2252 3374 2317 transibitis,
3405 2261 3451 2305 et
3472 2253 3621 2306 here-

2031 2339 2187 2393 ditate
2216 2341 2532 2408 possidebitis
2574 2350 2760 2397 terram
2789 2342 2922 2396 hanc
2962 2343 3206 2412 optimam
3237 2342 3426 2412 (Deut.
3451 2343 3504 2396 4.
3527 2343 3617 2396 21.

2029 2429 2120 2502 2'2)
2135 2469 2149 2483 .
2171 2430 2428 2501 Quodque
2447 2431 2683 2487 omnium
2707 2442 2822 2488 erat
2844 2432 3272 2499 acerbissimum,
3292 2449 3414 2488 cum
3435 2433 3621 2489 dolore

2029 2520 2202 2590 ipsum
2230 2522 2282 2575 in
2311 2522 2580 2598 inlernum
2603 2523 2844 2591 deduxit,
2867 2538 2988 2579 cum
3011 2524 3084 2578 illi
3114 2524 3289 2579 futura
3310 2524 3617 2580 Judteorum

2029 2611 2168 2666 mala
2195 2612 2561 2682 pris-ostendit,
2593 2613 2857 2668 idolorum
2889 2615 3094 2670 scilicet
3131 2614 3331 2670 cultum
3353 2657 3367 2681 ,
3393 2617 3620 2686 captivi-

2029 2710 2216 2770 tatem,
2261 2712 2315 2758 ct
2343 2704 2674 2760 calamitates
2714 2705 3045 2773 innumeras,
3086 2715 3145 2761 ut
3185 2721 3290 2761 non
3339 2707 3510 2764 solum
3552 2707 3618 2762 de

2027 2792 2196 2862 gestis
2217 2809 2334 2863 quae
2357 2793 2581 2861 viderat,
2612 2795 2705 2851 sed
2734 2795 2893 2851 etiam
2917 2796 2984 2851 de
3010 2796 3075 2850 iis
3099 2813 3216 2866 qua:
3241 2797 3468 2853 necdum
3492 2813 3620 2852 con-

2028 2884 2259 2954 tigerant
2278 2925 2292 2951 ,
2319 2885 2647 2956 afﬁigeretur
2670 2889 2870 2943 animo.
2914 2889 3155 2959 Denique
3185 2904 3214 2942 a
3241 2890 3412 2961 pt-ima
3439 2891 3617 2945 statim

2028 2985 2186 3033 aetate
2212 2977 2280 3032 ita
2306 2978 2490 3034 dolere
2514 2994 2576 3034 ac
2607 2995 2836 3036 moerere
2863 2981 3090 3050 incepit,
3120 2991 3176 3037 ut
3202 2999 3492 3054 numquam
3524 2984 3619 3040 de-

2028 3070 2241 3125 sisteret
2261 3110 2276 3132 ,
2306 3071 2578 3142 vitamque
2601 3088 2721 3128 cum
2751 3074 3006 3130 maestitia
3031 3076 3228 3130 liniret.

2099 3161 2154 3215 5.
2184 3160 2346 3216 Josue
2388 3177 2643 3216 successor
2680 3161 2841 3216 Mosis
2865 3172 2913 3216 et
2941 3165 3050 3234 ipse
3071 3166 3380 3236 aﬂlictus.—
3398 3167 3467 3222 At
3491 3183 3620 3223 vero

2029 3267 2311 3309 successor
2337 3254 2455 3324 ejus
2483 3254 2647 3310 Josue
2669 3297 2683 3321 ,
2712 3257 2951 3312 omnium
2976 3299 2990 3322 ,
3030 3266 3088 3312 ut
3127 3259 3197 3312 ita
3237 3258 3494 3323 dixerim,
3526 3261 3622 3313 tri—

2029 3343 2188 3398 stium
2229 3359 2349 3400 cum
2390 3359 2457 3400 eo
2503 3361 2608 3400 una
2655 3346 2946 3415 periculum
2989 3347 3112 3402 fecit
3139 3365 3152 3403 :
3184 3349 3230 3402 si
3273 3347 3402 3418 quid
3440 3357 3618 3405 tamen

2030 3433 2200 3498 illum,
2243 3449 2310 3489 eo
2346 3434 2488 3505 quod
2526 3435 2708 3504 junior
2749 3447 2913 3502 esset,
2956 3436 3172 3508 eﬁ‘ugit,
3205 3437 3307 3493 hoc
3331 3453 3461 3494 sane
3499 3449 3623 3508 post

2029 3533 2260 3580 mortem
2302 3527 2441 3580 illius
2479 3529 2532 3582 in
2573 3543 2639 3583 eo
2681 3529 3004 3584 cumulatius
3044 3530 3321 3600 impletum
3359 3542 3462 3586 est.
3503 3531 3622 3587 Non

2029 3618 2204 3673 solum
2231 3627 2410 3674 autem
2448 3619 2576 3674 dum
2619 3619 2824 3676 viveret
2861 3621 3034 3677 Moses
3075 3623 3390 3678 vestimenta
3432 3623 3610 3693 scidit,

2031 3713 2374 3782 cineremque
2409 3713 2572 3782 capiti
2605 3714 2855 3782 aspersit,
2891 3714 2984 3769 sed
3020 3715 3180 3770 etiam
3212 3724 3494 3786 postquam
3531 3716 3623 3773 ille

2033 3801 2315 3859 defunctus
2353 3812 2436 3860 est
2471 3804 2692 3871 eadem,
2723 3806 2831 3860 imo
2862 3807 3019 3878 longe
3059 3808 3263 3876 majore
3303 3810 3624 3866 necessitate

2033 3894 2087 3951 id
2131 3895 2306 3952 facere
2345 3906 2562 3952 coactus
2598 3906 2713 3963 est,
2758 3913 2865 3954 non
2905 3899 3057 3954 brevi
3098 3909 3357 3970 tempore,
3398 3900 3492 3955 sed
3533 3900 3625 3955 die

2034 3996 2144 4043 tota
2168 4003 2366 4059 pronus
2395 3989 2448 4044 in
2483 3999 2624 4046 terra
2653 3990 2858 4061 jacens.
2894 3991 3033 4046 Audi
3071 3991 3253 4063 utique
3276 3991 3436 4047 verba
3461 3992 3622 4047 etiam

2034 4079 2176 4136 illius
2214 4091 2269 4137 et
2307 4081 2546 4151 ploratus
2585 4099 2598 4135 :
2653 4080 2723 4135 Et
2759 4082 2930 4145 scidit,
2978 4084 3145 4153 inquit
3193 4083 3373 4155 (Iosue
3399 4084 3450 4137 7.
3481 4082 3621 4154 6-9),

2032 4170 2184 4226 lesus
2206 4173 2497 4226 vestimenta
2516 4188 2632 4238 sua,
2655 4173 2967 4242 prociditque
2988 4173 3040 4226 in
3061 4173 3241 4244 faciem
3264 4190 3415 4244 super
3436 4181 3625 4227 terram

2036 4277 2206 4315 coram
2243 4261 2463 4315 Domino
2509 4277 2665 4331 usque
2709 4263 2776 4314 ad
2819 4276 3108 4332 vesperam,
3152 4263 3263 4331 ipse
3306 4272 3355 4316 et
3401 4264 3623 4317 seniores

2037 4350 2224 4417 Israel,
2255 4353 2594 4423 miseruntque
2622 4352 2878 4422 pulverem
2901 4370 3053 4424 super
3078 4354 3247 4424 capita
3272 4371 3394 4423 sua,
3422 4364 3467 4408 et
3495 4355 3624 4410 dixit

2035 4444 2189 4500 Jesus
2219 4460 2238 4499 :
2272 4443 2490 4498 Obsecro
2511 4485 2526 4510 ,
2560 4443 2807 4510 Domine,
2835 4454 2890 4498 ut
2923 4444 3044 4515 quid
3085 4444 3310 4498 traduxit
3351 4461 3476 4516 puer
3508 4454 3625 4500 tuus

2039 4537 2284 4608 papulum
2307 4536 2441 4590 hunc
2465 4544 2604 4592 trans
2626 4535 2933 4604 Jordanem,
2965 4546 3020 4590 ut
3047 4536 3270 4591 traderes
3299 4553 3415 4591 eum
3437 4537 3623 4590 Amor-

2037 4629 2176 4683 rha'o
2204 4627 2273 4682 ad
2315 4627 2626 4699 perdendum
2660 4629 2794 4683 nos?
2827 4627 3032 4684 Utinam
3059 4629 3506 4699 permansissemus
3527 4670 3542 4695 ,
3578 4639 3626 4682 et

2040 4722 2274 4776 collocati
2312 4739 2530 4776 essemus
2552 4723 2679 4776 citra
2702 4720 3003 4775 Iordanem.
3038 4721 3103 4774 Et
3130 4720 3255 4791 quid
3282 4720 3450 4774 dicam
3481 4729 3624 4790 post-

2039 4832 2191 4888 quam
2232 4816 2376 4869 vertit
2409 4813 2577 4870 Israel
2613 4825 2752 4885 terga
2789 4814 2992 4867 inimico
3013 4813 3039 4866 ?
3071 4812 3251 4866 Audiet
3286 4813 3624 4878 Cltanameus,

2040 4919 2088 4964 et
2114 4923 2285 4963 omnes
2313 4908 2397 4978 qui
2428 4907 2652 4961 habitant
2691 4915 2908 4970 terram,
2937 4913 2982 4958 et
3008 4903 3391 4958 circumdabunt
3427 4921 3550 4969 nos,
3581 4913 3627 4958 et

2042 5000 2276 5056 delebant
2301 4999 2362 5054 de
2384 5009 2536 5053 terra.
2566 4997 2713 5052 Talia
2733 5006 2974 5052 orantem
3000 4995 3225 5051 audiens
3246 4995 3384 5050 Deus
3409 5008 3624 5050 causam

2043 5092 2155 5160 illi,
2185 5108 2283 5149 cur
2323 5091 2556 5162 superati
2603 5088 2846 5155 fuerant,
2885 5088 3095 5158 aperuit
3135 5103 3338 5158 :quam
3377 5087 3466 5142 ille
3502 5101 3624 5142 cum

2043 5183 2337 5250 didicisset,
2369 5181 2602 5252 perdidit
2630 5195 2734 5236 una
2772 5195 2958 5234 omnes
2976 5221 2992 5248 ,
3021 5195 3126 5235 non
3153 5194 3272 5235 eum
3302 5179 3392 5248 qui
3437 5192 3630 5247 pecea»

2044 5284 2197 5332 verat
2237 5275 2444 5340 solum,
2497 5273 2593 5329 sed
2636 5281 2893 5343 cognatos
2939 5285 3153 5342 quoque
3199 5279 3253 5325 et
3301 5270 3631 5340 propinquos

2045 5378 2366 5434 omnemque
2407 5362 2660 5418 familiam
2700 5377 2824 5417 cum
2872 5375 3122 5432 pecorum
3165 5359 3522 5415 multitudine.
3571 5358 3628 5414 Id

2045 5465 2225 5512 autem
2255 5453 2393 5510 haud
2429 5469 2618 5524 parum
2660 5453 2806 5509 illius
2845 5449 3178 5522 perturbavit
3210 5449 3467 5505 animum.
3496 5447 3629 5505 Nam

2048 5548 2093 5603 si
2117 5562 2214 5602 nos
2237 5563 2358 5602 cum
2381 5546 2585 5603 alienos
2603 5560 2814 5616 quoque
2838 5541 3020 5614 puniri
3042 5541 3333 5608 cernimus,
3358 5556 3428 5598 ne
3448 5541 3631 5598 videre

2048 5640 2264 5714 quidem
2293 5639 2602 5707 toleramus,
2634 5637 2760 5708 quid
2789 5636 2878 5692 ille
2902 5650 3006 5691 non
3037 5648 3226 5707 passus
3250 5641 3353 5698 est,
3383 5633 3471 5704 qui
3497 5647 3628 5688 con-

2050 5731 2273 5788 tribules
2298 5740 2353 5790 et
2375 5729 2767 5788 commilitones
2792 5727 2952 5782 tantis
2977 5724 3241 5784 afﬁciebat
3269 5723 3465 5780 malis?
3491 5723 3631 5790 Quid

2051 5833 2228 5881 autem
2256 5822 2668 5880 Gabaonitarum
2711 5820 2856 5876 fraus
2885 5819 3224 5890 tribuumque
3261 5827 3408 5873 trans
3454 5815 3634 5873 larda-
