4138 6422
607 397 706 452 ι79

607 524 728 563 nem
775 504 1123 561 habitantium
1167 504 1432 573 suapicio,
1466 501 1591 572 quid
1631 510 1886 571 perpetua
1927 498 2187 554 bellorum

608 609 766 668 atque
797 611 1091 667 pugnarum
1121 594 1469 650 exercitatio?
1499 607 1653 662 quem
1680 591 1780 645 ista
1806 600 2001 645 statum
2029 589 2190 643 animi

607 708 711 746 non
741 687 1106 745 evertissent?
1147 687 1259 740 Etsi
1299 686 1441 739 enim
1470 684 1714 738 vincebat
1758 681 1987 752 jugiter,
2019 682 2190 736 victo-

605 785 697 837 riae
727 792 901 835 tamen
921 779 1246 846 voluptatem
1273 777 1596 844 reliquorum
1622 774 1878 828 bellorum
1905 787 2030 826 cura
2056 771 2190 825 ollu-

603 872 824 936 scabat,
867 870 1197 937 sortiumque
1237 865 1541 920 diSIributio
1583 879 1820 918 summos
1862 863 1935 916 illi
1979 863 2190 917 labores

605 963 955 1031 ingentesque
980 958 1318 1013 difﬁcultates
1351 955 1607 1025 pariebat.
1637 955 1841 1008 Norunt
1865 955 1962 1008 ista
1989 955 2077 1023 qui
2106 954 2188 1008 vel

605 1054 880 1108 minimam
911 1049 1261 1105 substantiam
1305 1046 1586 1110 fratribus,
1619 1055 1710 1099 aut
1738 1045 2060 1114 quibuslibet
2087 1045 2188 1097 ali-

601 1144 757 1213 cujus
801 1143 1088 1197 heredibns
1135 1137 1553 1194 distribuendam
1600 1143 1966 1204 susceperunt.
2010 1134 2188 1189 Plebis

603 1244 781 1289 autem
811 1233 1043 1302 reliquas
1082 1230 1333 1299 deinceps
1373 1227 1701 1282 calamitates
1743 1241 1840 1281 nec
1880 1225 2187 1280 referendas

603 1326 876 1379 existimo.
925 1323 1108 1392 Neque
1135 1323 1278 1376 enim
1318 1329 1399 1377 est
1429 1321 1682 1390 prepositi
1711 1319 1878 1373 nostri
1923 1333 2188 1372 aerumnas

603 1417 930 1486 singulorum
975 1428 1288 1480 numerare,
1335 1411 1430 1467 scd
1474 1426 1659 1467 eorum
1703 1418 1906 1464 tantum
1944 1409 2033 1480 qui
2076 1409 2188 1464 Deo

603 1508 887 1563 admodum
921 1507 1189 1575 placuere.

673 1599 726 1654 6.
757 1598 1008 1652 Samuelis
1038 1596 1264 1666 exemplo
1290 1611 1396 1648 rem
1443 1595 1683 1648 illustrat.
1716 1623 1782 1632 —
1805 1590 2062 1659 Quocirca
2087 1631 2102 1655 ,
2141 1589 2188 1645 si

601 1690 840 1754 videtur,
876 1688 992 1742 llcli
1046 1687 1386 1749 omittamus,
1414 1685 1609 1754 quippe
1634 1692 1688 1738 et
1730 1684 1775 1737 is
1833 1683 2187 1752 pcr'ﬁliorum

599 1785 745 1850 vitia,
771 1783 878 1837 imo
904 1796 1030 1836 vero
1048 1796 1142 1850 per
1165 1794 1314 1833 suam
1347 1778 1721 1848 negligentiam
1747 1775 1966 1830 offendit
1997 1775 2184 1828 Deum.

600 1875 779 1945 Neque
805 1874 945 1928 enim
976 1872 1095 1926 ideo
1121 1870 1261 1942 quod
1305 1870 1472 1924 malos
1500 1868 1719 1922 haberet
1747 1866 1886 1921 ﬁlios
1930 1865 2186 1935 punieba-

601 1974 718 2029 tur,
756 1964 848 2018 sed
885 1965 1007 2033 quia
1034 1964 1168 2017 ultra
1199 1962 1436 2018 debitum
1466 1957 1810 2028 iucrepationi
1835 1965 2184 2028 pepercerat,

599 2067 652 2110 et
681 2071 802 2109 cum
845 2056 932 2107 Dei
967 2055 1109 2123 leges
1149 2053 1495 2117 violarentur,
1526 2050 1769 2106 severius
1797 2049 1850 2103 in
1881 2049 1999 2102 illos
2043 2047 2187 2102 ultus

602 2162 708 2200 non
740 2156 838 2200 est.
865 2145 1028 2214 Cujus
1063 2144 1140 2198 rei
1167 2154 1219 2199 et
1248 2144 1361 2213 ipse
1391 2142 1489 2198 sibi
1532 2143 1775 2197 conscius
1796 2149 1917 2211 post
1945 2141 2186 2211 ingentes

603 2238 720 2292 illas
765 2237 934 2290 minas
960 2236 1132 2290 aiebat
1159 2251 1172 2288 :
1204 2235 1452 2290 Dominus
1481 2237 1588 2305 ipse
1624 2233 1758 2304 quod
1795 2235 1980 2288 bonum
2013 2242 2087 2287 est
2130 2233 2185 2288 in

603 2329 760 2382 oculis
783 2328 886 2381 suis
912 2327 1062 2399 faciet
1089 2327 1137 2398 (l
1151 2327 1386 2397 .Reg.5.i
1400 2323 1473 2398 8).
1495 2327 1572 2380 Eo
1589 2326 1766 2395 itaque
1785 2325 1984 2379 omisso
2004 2323 2069 2402 ad
2083 2324 2185 2378 Sa-

600 2419 827 2472 mnelem
879 2419 1170 2472 veniamus.
1206 2419 1254 2472 ls
1275 2433 1305 2472 a
1329 2432 1493 2487 puero
1514 2417 1744 2472 nutritus
1766 2417 1817 2471 in
1848 2417 2047 2487 templo
2075 2417 2186 2471 Deo

597 2525 810 2579 semper
840 2523 995 2563 carus
1048 2518 1102 2564 et
1134 2509 1467 2578 gratissimus
1496 2507 1637 2573 fuit,
1686 2517 1934 2577 tantaque
1977 2507 2185 2562 virtutis

598 2601 786 2655 indicia
819 2615 848 2654 a
874 2601 1036 2670 prima
1065 2601 1242 2655 statim
1291 2609 1447 2656 aetate
1489 2599 1762 2670 praetulit,
1817 2609 1876 2654 ut
1899 2607 2185 2669 antequam

597 2691 666 2746 ad
696 2691 873 2746 viriles
914 2706 1083 2746 annos
1117 2691 1368 2746 evaderet
1402 2691 1541 2745 inter
1583 2690 1852 2745 mirabiles
1898 2690 2185 2760 prophetas

598 2783 1012 2848 inscriberetur,
1046 2783 1202 2852 idque
1242 2797 1362 2836 cum
1394 2798 1454 2837 ea
1484 2798 1572 2837 res
1613 2791 1739 2836 tunc
1764 2781 2020 2836 defecisse
2063 2794 2182 2833 om-

603 2875 728 2928 nino
756 2873 1043 2928 videretur.
1073 2873 1192 2927 Non
1213 2875 1343 2927 enim
1362 2883 1488 2940 erat,
1514 2873 1703 2942 inquit,
1725 2873 1843 2927 visio
1875 2872 2182 2936 discernens,

600 2977 802 3036 eratque
852 2967 1052 3019 verbum
1102 2966 1371 3034 pretiosum
1412 2967 1488 3033 (1.
1518 2965 1642 3034 Reg.
1675 2966 1728 3018 5.
1777 2964 1852 3034 1).
1910 2963 2006 3017 llic
2056 2976 2186 3032 ergo

597 3056 832 3123 Samuel,
865 3056 953 3126 qui
981 3065 1099 3126 post
1128 3058 1317 3110 multas
1348 3056 1606 3124 lacrymas
1651 3064 1806 3109 natus
1835 3054 2036 3122 fuerat,
2073 3055 2184 3124 pri-

601 3163 745 3202 mum
773 3147 986 3218 quidem
1029 3163 1147 3202 cum
1184 3147 1478 3202 intueretur
1509 3148 1818 3218 magistrum
1847 3146 1902 3200 in
1955 3159 2180 3202 mortem

599 3238 741 3292 illam
790 3239 1146 3293 miserabilem
1201 3239 1518 3305 devectum,
1575 3240 1644 3293 ita
1709 3237 1962 3293 confusus
2023 3247 2184 3308 atque

601 3332 841 3388 turbatus
868 3342 986 3400 est,
1041 3344 1098 3387 ut
1147 3332 1369 3388 decebat
1407 3342 1614 3403 gratum
1660 3333 1995 3402 amicumque
2024 3331 2187 3387 disci-

597 3426 800 3493 pulum.
829 3424 1018 3479 Postea
1068 3424 1314 3480 Judaicas
1341 3426 1668 3479 calamitates
1695 3423 1826 3479 flere
1873 3425 2180 3494 cogebatur.

598 3515 767 3569 Porro
796 3515 888 3569 ﬁlii
932 3516 1131 3585 ipsius,
1159 3521 1282 3570 eum
1334 3515 1499 3585 iniqui
1528 3525 1581 3570 et
1605 3517 1730 3570 mali
1771 3525 1989 3582 essent,
2023 3525 2184 3585 atque

595 3609 662 3663 ad
723 3610 932 3664 culmen
998 3609 1288 3679 iniquitatis
1344 3611 1742 3680 pervenissent,
1807 3617 1861 3664 et
1910 3608 2012 3664 hoc
2065 3609 2184 3678 ipso

597 3717 828 3758 maerore
862 3704 1009 3758 illum
1054 3704 1356 3759 efﬁciebant
1381 3746 1394 3768 ,
1443 3716 1496 3759 et
1519 3703 1660 3774 quod
1690 3705 1789 3759 sibi
1830 3704 2048 3773 praestiti
2081 3704 2182 3758 ho.

597 3797 744 3851 noris
794 3797 1016 3852 heredes
1045 3811 1286 3851 essenon
1314 3809 1550 3866 possent.
1581 3796 1850 3851 Successit
1895 3797 2016 3849 huic
2045 3810 2181 3849 mte-

599 3887 706 3940 rori
734 3927 750 3951 ,
780 3887 886 3940 imo
913 3903 1040 3941 vero
1086 3903 1192 3941 non
1241 3887 1543 3954 successit,
1587 3902 1707 3940 cum
1753 3889 1898 3956 prior
1945 3884 2180 3940 nondum

598 3979 920 4047 quicvisset,
975 3978 1069 4032 sed
1138 3978 1379 4048 adjectus
1448 3987 1530 4033 est
1581 3979 1716 4032 alius
1747 4019 1762 4044 ,
1822 3978 2180 4033 lsraelitarum

603 4067 805 4123 scilicet
839 4068 1183 4138 iniustissima
1234 4071 1440 4141 petitio.
1469 4071 1580 4138 Qua
1629 4071 1680 4123 in
1723 4086 1782 4124 re
1805 4070 1874 4124 ita
1904 4070 2134 4124 concidit
2163 4112 2179 4138 ,

599 4170 659 4216 ut
701 4161 897 4232 ingenti
946 4162 1307 4216 consolatione
1351 4162 1628 4234 indigeret.
1662 4161 1798 4216 Audi
1838 4163 2018 4231 itaque
2053 4161 2180 4231 quid

601 4253 672 4308 illi
695 4252 892 4309 dixerit
920 4253 1091 4308 Deus:
1127 4253 1250 4308 Non
1278 4264 1325 4308 te
1368 4263 1674 4325 spreverunt,
1707 4254 1796 4308 sed
1821 4271 1900 4308 me
1943 4253 2106 4325 (Ibid.
2124 4255 2178 4308 8.

602 4345 655 4400 7.
683 4355 730 4400 et
770 4346 954 4417 seqq.).
1002 4345 1128 4400 Post
1148 4346 1262 4401 haec
1291 4353 1466 4402 tamen
1497 4348 1595 4402 iste
1619 4346 1754 4402 adeo
1778 4347 2041 4402 sollicitus
2065 4355 2183 4401 erat

599 4435 725 4501 illis,
754 4445 812 4491 ut
847 4437 1049 4492 diceret
1080 4455 1094 4491 :
1125 4435 1256 4491 Mihi
1283 4447 1450 4492 autem
1491 4439 1617 4492 absit
1643 4447 1700 4490 ut
1727 4455 1946 4508 peccem,
1985 4448 2030 4491 et
2057 4439 2182 4492 desi-

599 4537 736 4581 stam
759 4543 852 4594 pro
874 4529 1012 4580 vobis
1031 4544 1183 4580 orare
1211 4527 1326 4596 (Ib.
1350 4528 1565 4597 12.23).
1595 4530 1734 4586 Istos
1755 4532 1923 4602 igitur
1946 4534 2023 4589 ita
2043 4535 2184 4592 dile-

600 4628 720 4673 ctos
755 4633 782 4670 a
824 4632 883 4672 se
909 4632 1035 4671 cum
1064 4617 1297 4686 apprimi
1330 4620 1696 4688 conspiceret,
1727 4630 1892 4691 atque
1928 4624 1983 4677 in
2023 4625 2184 4684 bellis

601 4710 869 4779 superari,
895 4707 1173 4777 Deumque
1193 4717 1384 4762 contra
1402 4724 1460 4762 se
1478 4725 1778 4778 provocare
1797 4727 1959 4782 quam
1978 4715 2186 4772 sentire

599 4801 935 4870 voluptatem
968 4805 1183 4868 poterat
1202 4799 1226 4852 ?
1244 4799 1506 4868 quidnam
1530 4803 1791 4870 temporis
1814 4805 2022 4875 absque
2048 4821 2186 4862 tute-

601 4907 726 4947 r-ore
747 4899 802 4946 et
817 4891 1076 4962 lacrymis
1094 4891 1312 4946 vivere?
1334 4893 1470 4946 Cum
1492 4909 1622 4949 vero
1648 4894 1778 4950 Saul
1803 4899 2186 4954 constituisset

599 5000 805 5058 regem,
832 4985 1027 5040 alterni
1059 4985 1158 5054 ipsi
1188 4987 1545 5057 perpetuique
1571 4990 1809 5058 gemitus
1835 4989 2178 5059 adjicieban-

602 5084 708 5129 tur.
735 5074 980 5144 Namque
998 5089 1123 5128 cum
1143 5074 1471 5128 sacriﬁcium
1498 5077 1587 5130 ille
1607 5086 1804 5146 praeter
1821 5077 1913 5132 Dei
1939 5080 2184 5133 volunta-

601 5173 707 5219 tem
737 5165 954 5230 obtulit,
979 5173 1175 5220 etcum
1199 5167 1472 5234 superatis
1493 5167 1810 5224 Amalecitis
1839 5170 2054 5225 illorum
2087 5187 2180 5241 pe-

601 5259 776 5326 percit
807 5260 950 5327 regi,
987 5258 1152 5326 idque
1177 5267 1369 5313 contra
1392 5260 1696 5328 jussionem
1724 5260 1854 5324 Dei,
1886 5263 1958 5316 ita
1999 5263 2184 5318 animo

600 5346 876 5415 perculsus
899 5354 1002 5413 est,
1034 5356 1092 5402 ut
1133 5361 1204 5402 ex
1252 5361 1318 5402 eo
1354 5347 1464 5417 jam
1499 5364 1603 5402 non
1632 5349 1822 5418 viderit
1846 5351 2016 5404 virum
2042 5394 2057 5418 ,
2088 5351 2183 5407 sed

600 5454 771 5510 usque
808 5441 875 5495 ad
901 5440 1146 5495 ultimum
1177 5441 1320 5496 diem
1359 5442 1428 5497 de
1469 5457 1533 5497 eo
1563 5444 1756 5498 luxerit
1779 5453 1833 5498 et
1861 5445 2182 5518 lacrytuatus

599 5532 691 5597 sit,
722 5533 937 5601 quando
986 5534 1146 5589 etiam
1194 5533 1263 5588 ob
1309 5533 1514 5589 doloris
1553 5536 1941 5592 vehementiam
1983 5552 2017 5592 a
2070 5539 2184 5593 Deo

602 5623 903 5695 increpatus
949 5637 1050 5681 est.
1103 5627 1375 5693 Quousque
1421 5629 1562 5682 enim
1593 5669 1634 5694 ,τ
1667 5631 1872 5699 inquit,
1929 5640 1986 5684 tu
2046 5631 2184 5701 luges

604 5715 736 5768 Sail
759 5757 771 5777 ,
800 5729 846 5769 et
869 5734 970 5786 ego
1010 5719 1174 5787 τερπιΙὶ
1205 5721 1349 5772 illum
1389 5719 1572 5787 (Ibid.
1618 5721 1704 5776 16.
1750 5722 1848 5789 l)?
1899 5720 1954 5777 Si
2007 5735 2182 5778 autem

605 5807 686 5862 his
713 5808 781 5862 ita
805 5809 1228 5878 contingentibus
1266 5811 1494 5881 lugebat,
1525 5828 1629 5885 quo
1653 5814 1832 5868 animo
1857 5823 1978 5871 tunc
2021 5816 2182 5874 fuisse

1313 389 1370 444 S.
1411 385 1686 444 JOANNIS
1725 383 2196 441 CHRYSOSTOMI
2237 382 2556 440 ARClllEP.
2598 385 3129 441 CONSTANTINOP.
3766 393 3858 450 4,30

2302 497 2682 553 existimandus
2741 509 2857 565 est,
2907 515 3026 554 cum
3085 510 3163 554 tot
3206 500 3507 556 sacerdotes
3553 501 3669 557 sine
3718 519 3859 560 causa

2297 589 2604 644 interfecit?
2647 591 2857 659 quando
2923 607 3078 656 eum,
3124 595 3212 660 qui
3265 607 3324 646 se
3367 593 3546 648 multis
3611 593 3861 650 beneﬁciis

2297 681 2559 749 nullisque
2613 679 2820 749 injuriis
2857 681 3136 746 affecerat,
3181 681 3415 738 secundo
3468 697 3525 738 ut
3558 684 3862 742 interﬁceret

2296 770 2570 840 profectus
2596 772 2714 826 est?
2745 771 2955 840 quando
2983 773 3180 826 nudum
3209 775 3354 828 illum
3386 775 3783 844 prophetantem
3811 794 3864 833 ac

2291 861 2628 916 decidentem
2672 862 2846 917 vidit?
2890 879 3010 918 cum
3056 863 3257 918 audivit
3310 865 3469 919 David
3530 866 3582 919 in
3632 865 3864 920 familiari

2293 970 2581 1024 congressu
2609 957 2773 1010 multa
2799 967 2984 1011 contra
3015 957 3161 1011 illum
3191 958 3650 1026 conquerentem?

2366 1046 2417 1099 7.
2446 1044 2614 1099 David
2656 1048 2806 1100 etiam
2829 1048 3068 1101 (erumnis
3094 1058 3318 1102 vexatus.
3342 1077 3414 1088 —
3436 1048 3718 1116 Postquam
3745 1063 3859 1102 vero

2293 1136 2360 1191 de
2391 1137 2551 1192 David
2579 1139 2903 1194 mentionem
2941 1139 3071 1205 feci,
3106 1141 3286 1194 nescio
3318 1140 3442 1210 quid
3471 1155 3645 1210 agam,
3677 1140 3859 1195 lamen-

2293 1238 2416 1283 tanc
2459 1230 2600 1283 illius
2629 1231 2786 1301 longa
2832 1240 2886 1286 et
2932 1232 3143 1285 assidua
3163 1274 3178 1296 ,
3209 1247 3328 1303 quae
3358 1232 3411 1286 in
3440 1233 3656 1301 psalmis
3681 1232 3859 1302 scripta

2292 1329 2412 1372 sunt
2439 1359 2455 1385 ,
2487 1320 2538 1373 in
2587 1321 2818 1375 medium
2850 1321 3110 1376 adducam
3133 1363 3147 1387 ,
3181 1338 3247 1377 an
3276 1323 3375 1378 ista
3423 1325 3514 1378 tibi
3547 1325 3597 1378 iu
3649 1325 3754 1378 otio
3787 1340 3860 1378 re-

2291 1411 2557 1464 censenda
2587 1413 2895 1480 permittens
2941 1413 3106 1483 ipsius
3137 1414 3309 1482 potius
3347 1413 3676 1468 calamitates
3710 1413 3860 1483 expli-

2292 1513 2429 1553 cem.
2458 1499 2510 1554 ls
2550 1502 2707 1570 igitur
2736 1502 2961 1571 plurima
2991 1503 3205 1572 quidem
3240 1518 3363 1558 cum
3410 1518 3599 1573 greges
3639 1514 3858 1573 pasceret

2291 1589 2513 1644 adversa
2546 1607 2827 1662 perpessus
2854 1635 2866 1658 ,
2899 1594 3265 1664 adversusque
3317 1595 3456 1648 aeris
3501 1595 3850 1664 intemperiem

2291 1693 2345 1736 et
2395 1683 2692 1737 helluarum
2719 1683 2983 1740 feritatem
3029 1685 3318 1740 reluctatus
3347 1695 3448 1739 est.
3477 1686 3714 1751 Quorum
3740 1687 3850 1742 alte-

2292 1790 2409 1828 rum
2439 1791 2504 1829 ex
2548 1776 2614 1830 iis
2659 1792 2778 1846 qua:
2831 1776 2997 1832 Jacob
3041 1777 3220 1845 dixit,
3272 1778 3494 1833 alterum
3537 1795 3610 1848 ex
3654 1781 3716 1834 iis
3753 1796 3856 1850 quae

2292 1865 2358 1920 ad
2401 1865 2529 1921 Saul
2567 1867 2636 1921 de
2677 1872 2835 1923 leone
2882 1877 2936 1923 et
2979 1884 3101 1923 ursa
3149 1869 3400 1939 loquutus
3441 1879 3560 1936 est,
3597 1885 3856 1939 possumus

2291 1959 2732 2014 animadvertere.
2779 1960 2968 2014 Postea
3010 1975 3136 2014 vero
3178 1976 3337 2030 quam
3384 1962 3580 2016 omissa
3643 1963 3745 2016 vita
3782 1963 3855 2018 illa

2292 2049 2541 2117 pastorali
2575 2048 2696 2103 belli
2732 2051 2941 2119 negotia
2988 2050 3391 2119 intempestivus
3418 2051 3578 2106 miles
3616 2052 3854 2121 arripuit,

2291 2140 2478 2193 omitto
2497 2139 2716 2194 fratrum
2743 2141 3011 2205 invidiam,
3036 2142 3133 2196 etsi
3160 2142 3535 2198 molestissima
3559 2159 3619 2199 ea
3648 2159 3728 2198 res
3755 2143 3853 2209 fuit,

2292 2243 2413 2283 cum
2463 2229 2814 2284 clarissimam
2859 2231 3002 2284 illam
3082 2231 3559 2304 admirabilemque
3604 2235 3854 2289 victoriam

2291 2320 2515 2389 adeptus
2560 2333 2743 2387 esset,
2786 2323 3240 2379 vehementiorem
3285 2326 3495 2395 dejecto
3537 2327 3738 2383 Goliatb
3785 2328 3855 2381 in-

2293 2415 2443 2470 venit
2487 2415 2758 2470 inimicum
2809 2415 2934 2472 Saul
2964 2457 2980 2483 ,
3013 2433 3134 2472 cum
3173 2433 3201 2471 a
3237 2434 3296 2474 se
3337 2419 3613 2474 beneﬁciis
3659 2420 3856 2474 affectus

2291 2517 2453 2561 esset.
2484 2507 2666 2578 Neque
2699 2509 2840 2563 enim
2867 2510 3041 2578 palam
3067 2510 3322 2566 adversus
3358 2526 3477 2566 eum
3521 2513 3854 2582 praeliabatur,

2291 2598 2384 2653 sed
2415 2600 2704 2654 amantium
2747 2600 2844 2654 sibi
2887 2616 3169 2670 personam
3223 2617 3501 2656 assumens
3535 2643 3552 2670 ,
3606 2604 3855 2673 ipsiusque

2293 2689 2481 2744 honori
2530 2701 2585 2745 et
2626 2691 2864 2762 dignitati
2899 2693 3201 2763 prospicere
3243 2708 3303 2749 se
3342 2693 3604 2749 simulans
3628 2737 3642 2760 ,
3672 2696 3736 2748 ita
3772 2694 3853 2748 ad-

2291 2795 2479 2834 versus
2506 2781 2649 2835 illum
2677 2783 2874 2837 inimici
2901 2797 3050 2838 more
3078 2783 3302 2839 affectans
3341 2793 3473 2840 erat.
3509 2785 3675 2840 Porro
3709 2801 3858 2854 quan-

2293 2880 2403 2926 tum
2436 2873 2633 2927 malum
2688 2874 2756 2928 sit
2785 2890 2880 2944 pro
2907 2875 3061 2930 bonis
3109 2876 3250 2930 mala
3291 2876 3536 2942 recipere
3558 2919 3574 2943 ,
3601 2877 3717 2932 audi
3743 2877 3852 2931 bea-

2294 2973 2402 3019 tum
2435 2966 2747 3035 prephetam
2793 2965 3138 3021 lamentantem
3173 2967 3372 3036 jugiter
3395 3008 3410 3033 ,
3438 2975 3492 3021 et
3535 2981 3673 3038 aegre
3697 2967 3852 3022 feren-

2290 3065 2398 3111 tem
2437 3073 2501 3112 ac
2538 3057 2800 3113 dicentem
2831 3076 2844 3112 :
2871 3057 2932 3113 Si
2959 3057 3235 3112 redduntur
3263 3059 3385 3112 mihi
3423 3061 3566 3112 mala
3607 3077 3695 3131 pro
3731 3059 3854 3112 bouis

2295 3147 2425 3219 (Jer.
2457 3149 2544 3203 18.
2568 3149 2684 3220 ‘20).
2731 3148 2870 3204 Sane
2895 3149 3054 3204 etiam
3083 3149 3232 3204 nullo
3271 3149 3376 3204 alio
3420 3157 3687 3220 praesente
3732 3149 3853 3204 malo

2267 3240 2420 3294 ‘illud
2446 3241 2620 3296 solum
2651 3241 3084 3297 molesﬁssimum
3113 3250 3228 3296 erat
3253 3283 3268 3308 ,
3301 3241 3442 3312 quod
3480 3242 3591 3297 dux
3614 3241 3852 3297 exercitus

2291 3341 2595 3401 suSpectum
2623 3347 2681 3386 se
2699 3341 2941 3387 cerneret
2963 3333 3096 3402 regi,
3115 3333 3204 3401 qui
3236 3348 3295 3388 se
3317 3335 3478 3388 torvis
3503 3335 3675 3389 oculis
3699 3336 3852 3388 intue-

2288 3430 2457 3477 retur.
2485 3423 2684 3491 Ecquid
2702 3422 2822 3477 dico
2843 3423 2948 3477 dux
2965 3423 3230 3478 exercitus
3245 3424 3392 3494 regi?
3416 3423 3553 3478 Nam
3577 3425 3620 3479 si
3645 3424 3848 3493 idipsum

2289 3526 2389 3566 nos
2409 3527 2437 3565 a
2456 3515 2624 3567 servis
2642 3513 2924 3582 patiamur,
2947 3512 3160 3582 indigne
3186 3513 3424 3577 ferimus;
3455 3528 3582 3568 cum
3604 3523 3767 3568 autem
3795 3527 3849 3566 ex

2288 3605 2414 3659 odio
2461 3605 2665 3660 insidiis
2689 3605 2851 3659 vitam
2881 3605 3171 3675 impetunt,
3203 3621 3322 3676 quae
3351 3606 3456 3660 vita
3498 3606 3595 3660 illa
3635 3603 3852 3659 acerbior

2289 3696 2472 3751 fuerit?
2486 3696 2712 3752 Ferebat
2725 3707 2900 3753 tamen
2922 3697 3007 3751 ille
3018 3698 3196 3752 omnia
3213 3705 3268 3752 et
3287 3696 3575 3762 tolerabat,
3589 3696 3851 3765 aderatque

2289 3790 2364 3844 illi
2393 3789 2482 3860 qui
2509 3805 2567 3844 se
2585 3791 2848 3860 perimere
2869 3790 3240 3854 meditabatur,
3276 3797 3434 3859 atque
3452 3789 3597 3844 illius
3617 3787 3742 3844 bella
3768 3800 3851 3856 ge-

2288 3883 2459 3938 rebat.
2485 3883 2674 3938 Postea
2718 3898 2850 3938 vero
2885 3898 3042 3953 quam
3069 3883 3306 3946 recessit,
3331 3891 3493 3951 atque
3523 3897 3556 3936 a
3582 3881 3702 3936 belli
3726 3877 3850 3934 curis

2289 3975 2520 4044 seipsum
2541 3975 2894 4040 removit,hoc
2910 3976 3027 4044 ipso
3049 3974 3258 4044 quidem
3275 3973 3414 4044 quod
3431 3987 3490 4029 se
3509 3973 3693 4045 procul
3707 3986 3851 4026 remo-

2291 4074 2440 4119 verat
2460 4076 2778 4136 apertasque
2797 4066 3098 4121 inimicitias
3109 4066 3477 4131 constituerat,
3498 4063 3731 4120 nonnihil
3749 4062 3851 4132 plus

2287 4156 2492 4210 fiduciae
2514 4156 2950 4212 habebatzverum
2967 4173 3087 4212 cum
3103 4156 3354 4212 adversus
3369 4163 3543 4212 tantas
3565 4155 3850 4225 copiascum

2287 4248 2676 4319 quadringintis
2695 4249 2824 4304 viris
2843 4249 3098 4305 dimicare
3116 4256 3415 4319 cogeretur,
3441 4257 3586 4302 metu
3612 4245 3847 4316 ampliore

2287 4359 2447 4412 quam
2497 4344 2641 4412 prius
2668 4345 2965 4400 tenebatur.
2995 4343 3127 4398 Nam
3151 4343 3236 4398 cui
3265 4357 3436 4412 neque
3465 4342 3627 4396 urbes
3651 4382 3666 4406 ,
3698 4349 3851 4407 neque

2286 4436 2696 4502 munimentum,
2726 4451 2899 4507 neque
2919 4435 3066 4501 socii,
3093 4449 3266 4506 neque
3282 4433 3484 4489 reditus
3500 4441 3674 4499 erant,
3697 4426 3851 4484 consi-

2285 4527 2412 4583 dera
2429 4543 2535 4598 quo
2553 4530 2734 4584 animo
2749 4538 2881 4593 erat,
2901 4543 3020 4583 cum
3036 4527 3290 4583 adversus
3317 4526 3509 4582 fretum
3527 4525 3610 4580 his
3629 4521 3851 4578 omnibus

2287 4635 2524 4690 pugnare
2549 4629 2851 4690 cogeretur,
2884 4635 3003 4684 nec,
3035 4628 3229 4689 praeter
3255 4617 3466 4672 deserta
3487 4625 3541 4671 et
3562 4615 3848 4685 speluncas.

2287 4726 2394 4783 quo
2421 4715 2773 4783 confugeret,
2819 4713 3057 4782 reperire
3110 4719 3308 4781 posset.
3343 4709 3473 4764 Nam
3521 4723 3640 4762 cum
3684 4704 3848 4759 urbem

2287 4804 2430 4861 Ceila
2459 4806 2672 4860 nomine
2714 4813 3031 4875 occupasset
3059 4803 3134 4878 (1.
3174 4805 3308 4874 Reg.
3339 4802 3392 4863 2.
3416 4799 3572 4870 l),ex
3593 4816 3653 4856 ea
3703 4793 3851 4867 proﬁ-

2290 4916 2389 4954 nus
2427 4899 2650 4964 resiliit,
2693 4898 2987 4954 sacerdotis
3034 4896 3306 4964 responsis
3362 4893 3665 4948 admonitus
3725 4883 3850 4957 quod

2287 4993 2333 5047 si
2364 4993 2472 5048 illic
2516 5007 2736 5046 manere
2786 4997 3064 5061 pergeret,
3089 4988 3228 5043 Deus
3258 4986 3406 5040 illum
3427 5001 3458 5040 e
3503 4983 3673 5038 Saulis
3699 4977 3849 5033 mani-

2289 5084 2390 5139 bus
2420 5098 2527 5138 non
2574 5093 2856 5152 erepturus
2883 5090 3045 5137 esset.
3077 5080 3148 5134 At
3181 5094 3312 5132 vero
3352 5075 3602 5132 sacerdos
3641 5073 3724 5126 ille
3753 5070 3850 5136 ipso

2288 5187 2441 5242 erat,
2503 5175 2593 5245 qui
2632 5176 2808 5230 Saulis
2861 5187 3050 5228 manus
3094 5171 3388 5241 effugerat,
3425 5179 3478 5223 et
3529 5169 3616 5237 qui
3665 5161 3849 5218 cladem

2288 5267 2733 5324 luctuosissimam
2761 5265 2960 5338 quaein
2989 5263 3190 5318 Nomba
3219 5263 3513 5330 contigerat
3545 5248 3850 5311 annuntiavit

2290 5367 2445 5433 regi,
2474 5359 2689 5430 quando
2735 5359 2787 5412 in
2820 5357 3208 5420 amarissimam
3251 5367 3463 5423 quoque
3507 5350 3645 5405 illam
3693 5339 3847 5409 erupii

2290 5470 2507 5510 vocem:
2543 5452 2653 5522 Ego
2681 5453 2815 5505 enim
2851 5467 2961 5503 sum
2985 5466 3102 5503 reus
3127 5456 3423 5502 cunctarum
3464 5443 3737 5497 animarum
3761 5433 3844 5484 do-

2291 5563 2402 5600 mus
2441 5547 2604 5616 patris
2633 5544 2705 5597 tui
2754 5542 2830 5614 (1.
2871 5540 2997 5612 Reg.
3035 5541 3125 5595 2‘2.
3153 5538 3267 5608 ἓξ).
3314 5535 3497 5606 itaque
3524 5547 3639 5588 cum
3670 5527 3752 5582 illo
3773 5523 3842 5592 ju-

2290 5641 2426 5708 giter
2469 5649 2786 5703 congressus
2821 5633 2947 5687 nihil
2979 5630 3121 5686 aliud
3157 5638 3273 5684 erat
3322 5642 3480 5696 quam
3533 5623 3696 5678 luctus
3724 5616 3842 5715 illius

2292 5729 2697 5783 monimentum.
2738 5723 2872 5781 Cum
2927 5725 3069 5778 enim
3115 5723 3165 5776 in
3195 5721 3342 5776 illum
3372 5717 3688 5775 intuebatur.
3717 5720 3842 5762 necis

2294 5819 2626 5876 sacerdotum
2676 5833 2888 5889 semper
2930 5817 3260 5872 meminerat.
3293 5813 3461 5870 Porro
3501 5808 3658 5882 ipsius
3682 5796 3828 5854 caedis
