4138 6424
295 362 407 422 679

298 491 423 546 μοις
461 472 556 529 καὶ
598 475 797 547 μάχαις
841 478 1368 551 συναναστρέφεσθαι
1405 478 1732 547 διαπαντόςς
1783 480 1877 534 καὶ

295 563 459 617 ποίαν
481 562 548 617 ἂν
574 565 786 635 ἀφῆκεν
819 566 875 618 ἐν
913 556 1247 620 καταστάσει
1284 566 1464 637 ψυχὴν
1492 568 1782 637 γενέσθαι;
1814 568 1878 621 El

293 651 406 724 γάρ
439 650 532 705 καὶ
561 651 727 706 νικῶν
761 651 1011 719 διετέλει,
1040 655 1155 708 ἀλλ’
1185 655 1337 724 ὅμως
1360 655 1460 726 τὴν
1487 656 1594 710 ἀπὸ
1618 656 1731 711 τῶν
1749 672 1879 727 τρο-

294 740 475 793 παίων
501 741 693 812 ήδονὴν
735 742 772 814 ὴ
820 742 931 797 τῶν
986 741 1454 814 περιλειπομένων
1491 744 1715 816 φροντὶς
1758 760 1881 797 συν-

291 827 562 897 ετάραττε
587 868 603 891 ,
632 829 726 883 καὶ
768 831 802 902 ἡ
833 832 942 887 τῶν
984 831 1199 901 κλήρων
1228 829 1284 883 δέ
1307 829 1536 902 διανομὴ
1572 831 1738 885 πολὺν
1782 831 1883 900 μέν

294 916 479 980 πόνον,
511 916 712 981 πολλὰς
740 917 795 971 δέ
822 920 1082 991 παρεῖχεν
1108 917 1258 988 αὐτῷ
1299 917 1399 981 τάς
1428 916 1736 981 δυσκολίας.
1771 917 1884 971 Καὶ

292 1005 477 1058 ῐσασιν
509 1006 622 1058 ὅσοι
668 1006 759 1059 καὶ
783 1006 883 1076 τὴν
912 1004 1183 1077 τυχοῦσαν
1204 1005 1393 1059 ούσίαν
1440 1005 1713 1076 διανεῖμαι
1759 1005 1885 1060 ἐτά-

290 1092 503 1164 χθησαν
544 1091 792 1161 ἀδελφοῖς
837 1093 1016 1163 ἢτοῖς
1059 1091 1322 1163 ἑτέρωθεν
1341 1091 1651 1162 γινομένοις
1688 1092 1887 1164 κληρο⁴

291 1179 481 1249 νόμοις
506 1179 670 1243 τινός.
705 1179 816 1242 Τάς
847 1178 955 1249 γάρ
995 1178 1121 1250 ἐξῆς
1148 1179 1241 1232 τοῦ
1271 1178 1401 1233 λαοῦ
1436 1178 1722 1251 συμφορὰς
1763 1178 1884 1232 οὐδὲ

292 1260 450 1336 οἶμαι
480 1266 591 1320 δεῖν
628 1266 839 1334 λέγειν·
884 1267 945 1319 ού
986 1266 1095 1338 γάρ
1116 1267 1169 1320 εῐ
1194 1283 1278 1329 τις
1325 1266 1584 1337 ὀδυνηρὸν
1649 1265 1762 1337 βίον
1806 1266 1885 1322 δι-

292 1354 475 1422 ήγαγε
494 1392 510 1417 ,
542 1353 826 1423 πρόκειται
858 1353 952 1407 νῦν
981 1356 1175 1421 εἰπεῖν,
1205 1353 1319 1408 ἀλλ’
1350 1354 1404 1408 εῐ
1432 1371 1516 1418 τις
1553 1353 1661 1407 τῶν
1682 1354 1883 1426 σφόδρα

290 1440 751 1513 εὐηρεστηκὸτων
783 1439 858 1511 τῷ
892 1440 1029 1511 Θεῷ.

390 1578 431 1628 ς
452 1611 466 1626 .
493 1571 713 1645 Διόπερ,
736 1574 784 1627 εί
804 1573 966 1640 δοκεῖ,
997 1572 1090 1626 τόν
1123 1571 1241 1626 Ἠλὶ
1265 1572 1646 1645 παρέλθωμενο
1665 1572 1759 1627 καὶ
1774 1571 1884 1643 γάρ

290 1654 454 1728 οὗτος
480 1662 589 1714 τῶν
614 1662 1137 1733 προσκεκρουκότων
1158 1660 1274 1713 ἐστὶ
1300 1660 1390 1713 διὰ
1414 1660 1511 1732 τὴν
1537 1660 1647 1714 τῶν
1676 1660 1885 1714 παίδων

292 1750 517 1811 κακίαν,
562 1749 761 1820 μᾶλλον
797 1747 853 1802 δέ
893 1748 981 1803 διὰ
1008 1749 1107 1821 τὴν
1142 1747 1308 1801 αὐτοῦ
1342 1747 1635 1819 ρᾳθυμίαν.
1672 1748 1747 1801 Οὐ
1778 1747 1885 1819 γάρ

290 1840 378 1892 ὅτι
403 1838 671 1909 πονηροὺς
691 1833 802 1907 εἶχε
825 1840 1019 1913 παῖδας
1043 1837 1350 1902 ἐκολάζετο,
1374 1835 1487 1889 ἀλλ’
1510 1837 1589 1889 ὃτι
1619 1836 1760 1907 πέρα
1791 1835 1885 1888 τοῦ

290 1926 503 1990 δέοντος
539 1924 799 1995 φειδωλὸς
846 1920 935 1996 ἦν,
991 1926 1226 1987 καὶτοῖς
1257 1923 1350 1978 τοῦ
1379 1923 1514 1977 Θεοῦ
1553 1924 1740 1994 νόμοις
1803 1923 1889 1978 ἐν·

292 2014 676 2086 υϐριζομένοις
692 2014 791 2067 ούκ
807 2015 1030 2087 ἤμυνεν·
1052 2013 1197 2086 ἀπερ
1220 2013 1315 2067 καὶ
1332 2013 1495 2077 αὐτὸς
1508 2011 1731 2065 συνιδὼν
1753 2010 1890 2083 μετά

290 2104 397 2173 τὴν
444 2101 679 2173 σφοδράν
719 2102 947 2173 ἀπειλὴν
984 2102 1160 2169 ἔλεγε·
1193 2102 1409 2170 Κύριος
1445 2101 1630 2166 αὐτὸς
1664 2098 1729 2153 τὸ
1758 2099 1891 2168 ἀρε-

291 2190 450 2246 στὸν
470 2189 726 2243 ἐνώπιον
751 2189 936 2244 αὑτοῦ
966 2188 1227 2255 ποιήσει.
1255 2188 1347 2242 Διὸ
1370 2190 1435 2259 δὴ
1465 2187 1657 2241 τοῦτον
1686 2185 1892 2258 παρελ-

294 2279 482 2342 θόντες
510 2277 753 2349 ἐλθωμεν
778 2278 870 2331 ἐπὶ
893 2277 985 2330 τὸν
1020 2276 1308 2348 Σαμουὴλ,
1340 2275 1399 2340 ὃς
1433 2276 1642 2348 ἐτράφη
1687 2276 1785 2347 μὲν
1825 2277 1891 2328 ἐκ

293 2369 486 2432 παιδὸς
524 2372 585 2423 ἐν
610 2369 689 2441 τῷ
732 2368 867 2439 ναῷ,
901 2367 1191 2439 ηὐδοκίμει
1222 2366 1280 2419 δέ
1318 2365 1608 2429 διαπαντὸς
1658 2363 1891 2418 ἐνώπιον

293 2457 394 2512 τοῦ
425 2457 560 2510 Θεοῦ
580 2474 596 2490 ο
630 2457 900 2528 τοσαύτην
920 2457 977 2509 δέ
1001 2458 1066 2509 ἐκ
1087 2453 1313 2527 πρώτης
1334 2453 1554 2525 ήλικίας
1578 2451 1893 2516 ἐπεδείξατο
1924 2518 1927 2521 _

293 2548 398 2618 τὴν
433 2547 655 2619 ἀρετὴν,
685 2546 762 2610 ὡς
795 2546 925 2616 πρὶν
957 2546 1039 2608 είς
1076 2544 1279 2616 ἀνδρας
1307 2542 1484 2595 ἐλθεῖν
1518 2543 1632 2605 τοῖς
1676 2540 1892 2612 θαυμα-

299 2640 447 2701 στοῖς
488 2634 814 2707 ἐγκριθῆναι
852 2635 1200 2706 προφήταις,
1252 2632 1347 2685 καὶ
1392 2630 1569 2684 ταῦτα
1606 2629 1702 2683 τοῦ
1746 2628 1893 2701 πρά-

297 2738 513 2795 γματος
539 2722 943 2787 ἐπιλελοιπότος
979 2723 1123 2776 τότε.
1156 2723 1239 2775 Οὐ
1263 2722 1374 2791 γὰρ
1402 2716 1501 2791 ἦν,
1534 2719 1720 2789 φησὶν,
1758 2717 1897 2785 apa-

299 2829 403 2879 σις
448 2810 929 2875 διαστέλλουσά,
979 2810 1082 2865 καὶ
1117 2809 1286 2879 ῥῆμα
1332 2809 1528 2878 τίμιον
1573 2804 1671 2878 ἦν.
1730 2801 1897 2868 Οὗτος

297 2902 366 2973 δὴ
393 2897 487 2955 οὖν
514 2902 542 2953 6
572 2899 826 2971 Σαμουὴλ
844 2941 858 2964 ,
890 2901 919 2952 ό
952 2898 1089 2970 μετὰ
1125 2897 1334 2951 πολλῶν
1359 2894 1613 2968 δακρύων
1647 2893 1894 2964 τεχθεὶς,

302 2990 520 3063 πρῶτον
552 2989 651 3061 μὲν
684 2988 825 3061 ὁρῶν
869 2987 1066 3042 ἐαυτοῦ
1106 2987 1198 3041 τὸν
1228 2984 1549 3040 διδάσκαλον
1587 2983 1782 3052 ἐκείνῳ
1818 2978 1898 3050 τῷ

303 3076 528 3148 ἐλεεινῷ
582 3075 953 3146 ἀπενεχθέντα
1000 3075 1250 3145 θανάτῳ,
1301 3072 1445 3126 οὕτω
1489 3070 1757 3141 συνεχύθη
1803 3069 1899 3121 καὶ

304 3166 603 3237 ἐταράχθη,
625 3165 702 3228 ὼς
721 3165 865 3228 εἰκὸς
884 3164 1206 3234 εὐγνώμονα
1227 3161 1476 3232 μαθητὴν
1500 3160 1593 3212 καὶ
1620 3157 1900 3228 φιλόστορ-

303 3271 424 3324 γον.
469 3252 624 3306 Μετὰ
650 3252 706 3306 δὲ
750 3251 907 3304 τοῦτο
938 3252 1034 3304 κα)⁵
1060 3251 1160 3313 τάς
1214 3247 1510 3311 Ἰουδαῖκάς
1553 3244 1900 3315 ἠναγκάζετο

308 3340 549 3412 συνεχῶς
575 3340 794 3412 θρηνεῖν
822 3337 1131 3411 συμφοράς.
1158 3338 1222 3391 Οἱ
1247 3338 1305 3391 δέ
1333 3337 1521 3399 παῖδες
1548 3333 1702 3407 [112]
1730 3332 1896 3387 αὑτοῦ

306 3431 485 3485 ἄδικοι
516 3430 666 3493 ὅντες
696 3429 790 3483 καὶ
821 3427 1107 3501 μοχθηροὶ,
1141 3427 1238 3480 καὶ
1270 3428 1347 3490 είς
1382 3426 1607 3496 ἔσχατον
1639 3422 1903 3494 πονηρίας

310 3519 662 3585 ἐλαύνοντες,
700 3518 877 3590 τούτῳ
903 3535 964 3572 τε
998 3517 1230 3572 ἐλύπουν
1261 3515 1423 3569 αὐτὸν
1455 3515 1549 3569 καὶ
1581 3513 1658 3584 τῷ
1695 3513 1771 3585 μὴ
1809 3512 1903 3566 δύ-

276 3644 277 3647 η
311 3608 509 3663 νασθαι
535 3608 943 3679 κληρονομῆσαι
986 3606 1084 3677 τῆς
1110 3604 1303 3674 ἐκείνῳ
1345 3602 1784 3674 παρασχεθείσης
1820 3617 1904 3652 τι-

316 3698 448 3768 μῆς.
473 3695 689 3768 Ταύτην
718 3694 1022 3765 διαδέχεται
1050 3693 1149 3765 τὴν
1173 3692 1435 3762 ἀθυμίαν,
1472 3689 1672 3760 μᾶλλον
1696 3688 1751 3741 δὲ
1781 3687 1905 3740 οὐδέ

309 3786 638 3855 διαδέχεται,
670 3783 728 3836 ού
747 3783 857 3854 γάρ
880 3783 1176 3847 ἐπαύσατο,
1202 3779 1338 3835 ἀλλά
1367 3776 1718 3851 προστίθεται
1735 3775 1907 3849 ταύτῃ

312 3879 348 3948 η
379 3875 478 3945 τῆς
516 3873 623 3927 τῶν
682 3871 1034 3945 Ἰσραηλιτῶν
1070 3871 1343 3942 αἰτήσεως
1381 3868 1731 3939 παρανομία,
1778 3864 1909 3917 ἔνθα

314 3962 459 4018 οὕτω
486 3962 809 4027 κατέπεσεν,
836 3961 911 4023 ὡς
939 3961 1034 4014 καὶ
1062 3959 1463 4031 παρακλήσεως
1493 3955 1749 4027 δεηθῆναι
1780 3952 1910 4007 πολ-

313 4052 438 4123 λῆς.
463 4052 729 4105 ¹’Δκουσον
755 4044 846 4104 οῦν
869 4048 922 4100 τί
948 4064 1114 4117 φησιν
1139 4046 1288 4117 αύτῷ
1313 4049 1341 4099 6
1362 4045 1514 4106 Θεός·
1544 4046 1625 4097 Οὐ
1649 4041 1724 4095 σὲ
1743 4042 1911 4105 ἐξου-

316 4139 670 4209 θενήκασιν,
697 4135 834 4191 ἀλλ’
870 4134 907 4203 ἢ
937 4133 1062 4205 ἐμέ.
1099 4134 1238 4187 Ἀλλ’
1264 4135 1414 4204 ὅμως
1444 4130 1537 4184 καὶ
1571 4130 1709 4200 μετά
1734 4129 1909 4182 ταῦτα

314 4228 493 4292 οὕτως
531 4224 710 4280 αὐτῶν
739 4222 962 4295 ἐκήδετο
992 4221 1068 4284 ὡς
1094 4223 1267 4273 εἰπεῖν
1303 4220 1438 4291 πρὸς
1469 4216 1664 4279 αὐτούς
1684 4232 1697 4247 ’
1744 4216 1909 4286 Ἐμοί

316 4317 390 4373 δὲ
416 4317 501 4387 μὴ
534 4315 765 4387 γένοιτο
806 4310 1091 4383 ἁμαρτεῖν
1130 4309 1235 4363 τοῦ
1269 4306 1569 4361 διαλιπεῖν
1607 4303 1913 4386 εὐχομένω

318 4407 476 4475 ὑπὲρ
514 4402 698 4473 ὑμῶν.
746 4399 981 4463 Τούτους
1013 4398 1077 4470 δὴ
1111 4392 1204 4451 οὖν
1233 4395 1375 4468 ὁρῶν
1403 4395 1529 4458 τοὺς
1567 4391 1738 4457 οὕτως
1774 4394 1914 4462 ἀγα-

322 4495 615 4567 πωμένους
639 4492 729 4545 ὑπ’
757 4489 922 4543 αὐτοῦ
951 4488 1136 4551 κακῶς
1168 4488 1504 4557 πράττοντας
1522 4524 1536 4548 ,
1569 4483 1665 4537 καὶ
1696 4482 1916 4536 πταίον-

321 4601 426 4647 τας
453 4584 510 4636 ἐν
538 4581 825 4651 πολέμοις,
853 4579 949 4631 καὶ
996 4576 1430 4648 παροργίζοντας
1462 4573 1552 4626 τὸν
1584 4571 1738 4638 Θεὸν,
1772 4570 1916 4635 τίνος

326 4673 396 4726 ἂν
441 4670 638 4742 ᾔσθετο
666 4668 885 4742 ήδονῆς;
920 4669 1072 4717 ποῖον
1101 4665 1162 4718 δὲ
1218 4663 1284 4717 ἂν
1322 4661 1513 4730 καιρὸν
1537 4659 1775 4731 ἀθυμίας
1822 4659 1917 4714 καὶ

323 4740 581 4830 δακρύων
617 4740 1082 4828 διήγαγέχωρίςς
1137 4751 1357 4823 Ἐπειδὴ
1396 4750 1454 4803 δὲ
1487 4752 1582 4803 καὶ
1614 4749 1918 4833 κατέστησε

331 4847 556 4920 βασιλέα
607 4846 699 4899 τὸν
748 4843 955 4905 Σαοὺλ,
1007 4839 1299 4911 ἐπάλληλοι
1336 4839 1497 4893 πάλιν
1551 4838 1700 4909 αύτῷ
1734 4838 1918 4891 ὀδύναι

330 4938 425 4991 καὶ
454 4937 696 5005 συνεχεῖς
742 4928 1143 5004 προσετίθεντο.
1197 4929 1304 4981 Καὶ
1334 4927 1443 4995 γάρ
1481 4928 1570 4980 ὅτε
1601 4927 1698 4997 τὴν
1730 4926 1921 4983 θυσίαν

330 5026 600 5095 ἀνήνεγκε
662 5021 813 5092 παρά
865 5018 927 5070 τὺ
968 5016 1048 5087 τῷ
1089 5015 1208 5086 Θεῷ
1254 5015 1467 5078 δοκοῦν,
1513 5015 1609 5069 καὶ
1651 5016 1741 5069 ὅτε
1795 5017 1923 5079 τοὺς

345 5113 720 5183 Ἀμαληκίτας
735 5109 1018 5181 κρατήσας
1036 5105 1294 5175 ἐφείσατο
1313 5103 1407 5157 τοῦ
1428 5104 1694 5175 βασιλέως
1718 5105 1919 5172 αὐτῶν,

333 5202 433 5259 καὶ
457 5201 615 5255 τοῦτο
641 5197 795 5274 παρὰ
822 5196 884 5250 τὸ
920 5192 1236 5257 κελευσθὲν,
1267 5191 1442 5257 οὕτως
1465 5192 1680 5263 ἐπλήγη
1706 5192 1803 5265 τὴν
1823 5193 1926 5264 ψυ.

335 5294 461 5368 χὴν,
495 5292 568 5355 ὡς
596 5291 791 5362 μηκέτι
821 5287 911 5341 τὸν
940 5284 1111 5357 ἄνδρα
1156 5284 1305 5348 ἰδεῖν,
1347 5282 1462 5337 ἀλλ’
1492 5281 1552 5347 ἐξ
1584 5283 1792 5337 ἐκείνου
1830 5284 1929 5354 μέ-

336 5401 432 5456 χρι
456 5382 557 5453 τῆς
594 5377 1071 5450 ἐσχάτηςήμέρας
1099 5374 1317 5429 πενθεῖν
1345 5373 1439 5428 καὶ
1462 5372 1719 5444 δακρύειν
1741 5374 1927 5437 αὐτὸν,

338 5474 432 5527 ὅτε
465 5470 558 5524 καὶ
585 5466 892 5538 ἐπετιμήθη
915 5465 1003 5519 διά
1030 5464 1091 5518 τὸ
1120 5463 1223 5534 τῆς
1240 5460 1478 5533 ἀθυμίας
1496 5461 1746 5532 σφοδρόν.
1774 5462 1930 5529 Ἕως

342 5559 489 5615 πότε
511 5557 641 5629 γὰρ,
670 5555 823 5627 φησὶ,
849 5552 930 5608 σὺ
952 5551 1190 5616 πενθεῖς
1227 5550 1327 5604 ἐπὶ
1353 5549 1574 5615 Σαοὺλ,
1609 5549 1773 5620 κάγὼ
1818 5552 1928 5606 ἁπ-

341 5646 537 5715 ὧσμαι
559 5644 747 5699 αὐτόν
770 5659 787 5707 ;
811 5641 946 5695 Εἰδέ
962 5640 1167 5693 τούτων
1190 5639 1579 5709 γεγενημένων
1598 5638 1933 5704 ἐπένθει,τίς

340 5731 414 5805 ἦν
445 5734 582 5803 ἀρα,
611 5732 699 5785 ὅτε
745 5731 872 5791 τοὺς
898 5727 1186 5791 τοσούτους
1220 5726 1454 5797 ἔσφαξεν
1497 5728 1680 5800 ἱερέας
1724 5729 1931 5792 ἐκεῖνος

344 5822 474 5893 εἰκῆ
504 5821 598 5875 καὶ
628 5819 839 5891 μάτην;
870 5818 958 5872 ὅτε
988 5816 1081 5870 τὸν
1110 5817 1405 5890 εὐεργέτην
1439 5818 1531 5871 καὶ
1552 5817 1704 5871 οὐδὲν
1734 5818 1928 5888 ἠδικη-

348 5912 506 5979 κότα,
529 5909 777 5978 δεύτερον
805 5901 968 5976 ἦλθεν
998 5905 1206 5961 ἀνελεῖν
1231 5925 1245 5975 ;
1277 5909 1366 5964 ὅτε
1402 5908 1608 5982 γυμνὸν
1635 5907 1798 5963 αὑτὸν
1827 5903 1931 5961 εἶδε

1112 364 1206 420 Μ)
1246 364 1630 421 STAGIRIUM
1667 367 1716 424 Α
1751 366 2065 428 ΒᾹΞΜΟΝΕ
2096 361 2593 422 ΥΕΧᾹΤΗΜΛΑΙΒ.
2637 365 2722 420 Ill.

3466 364 3570 423 680

1995 478 2408 549 προφητεύοντα
2461 480 2553 531 καὶ
2611 480 3057 549 καταπίπτοντα;
3112 484 3201 537 ὅτε
3264 482 3357 537 τοῦ
3406 483 3572 538 Δαυῒδ

1991 566 2195 636 ήκουσε
2225 564 2396 635 μυρία
2425 563 2559 634 πρὸς
2589 566 2749 620 αὐτὸν
2771 568 3176 651 ἀποδυρομένου
3203 572 3297 624 καὶ
3321 573 3578 641 ἐντυγγά-

1991 668 2173 715 νοντος
2190 667 2206 717 ;

2063 668 2276 806 ἓῗξέπε
2285 738 2367 811 ιδὴ
2383 738 2440 791 δὲ
2458 738 2552 793 τοῦ
2567 740 2729 795 Δαυῖδ
2738 743 2762 793 ἐ
2771 743 2876 815 μνή
2884 743 3039 815 σθην,
3053 745 3153 799 οὐκ
3165 741 3282 799 οἴδα
3292 746 3344 799 τί
3361 745 3576 816 πράξω·

1978 828 2223 900 ,πότερον
2251 828 2379 891 τοὺς
2408 826 2638 898 θρήνους
2669 828 2834 881 αὑτοῦ
2856 832 2983 895 τοὺς
3015 834 3257 903 μακροὺς
3300 833 3394 886 καὶ
3447 849 3577 886 συν-

1991 918 2136 987 εχεῖς
2156 914 2282 979 τοὺς
2298 917 2358 968 ἐν
2377 917 2490 979 τοῖς
2510 914 2745 985 ψαλμοῖς
2757 918 3286 989 ἀναγεγραμμένους
3310 923 3391 983 εἰς
3413 919 3581 991 μέσον

1991 1002 2187 1073 ἀγάγω
2210 1002 2325 1068 νῦν,
2374 1002 2407 1072 ἢ
2451 1002 2676 1065 τούτους
2704 1004 2863 1072 ἀφεὶς
2912 1004 3274 1070 ἀναλέξασθαί
3324 1024 3406 1060 σοι
3436 1006 3585 1061 κατά

1993 1090 2210 1162 σχολὴν,
2251 1090 2413 1153 αὐτὸς
2446 1090 2545 1153 τὰς
2591 1090 2808 1143 ἐκείνου
2832 1091 3025 1145 διέλθω
3066 1094 3373 1165 συμφοράς.
3414 1087 3582 1156 Οὗτος

1992 1179 2175 1234 τοίνυν
2196 1180 2226 1231 6
2248 1176 2412 1232 Δαυῒδ
2440 1177 2609 1231 πολλά
2643 1179 2742 1251 μὲν
2775 1180 2872 1233 καὶ
2901 1182 2961 1235 ἐν
3011 1181 3090 1252 τῷ
3116 1181 3425 1251 ποιμαίνειν
3474 1182 3581 1234 ὑπ-

1994 1266 2177 1340 έμεινε
2213 1265 2381 1330 δεινὰ,
2414 1266 2509 1320 καὶ
2536 1268 2657 1331 ταῖς
2677 1267 2786 1320 τῶν
2814 1267 2994 1338 ἀέρων
3031 1268 3376 1339 ἀνωμαλίαις
3396 1270 3490 1323 καὶ
3515 1270 3583 1340 τῇ

1993 1355 2103 1430 τῶν
2142 1354 2347 1427 θηρίων
2378 1354 2662 1427 ἀγριότητι
2704 1357 3037 1426 μαχόμενος·
3086 1356 3266 1418 καὶτὸ
3295 1356 3394 1428 μὲν
3420 1355 3479 1423 ἐξ
3510 1350 3586 1409 ὧν

1988 1445 2022 1498 6
2061 1444 2254 1498 Ἰακὼϐ
2288 1444 2489 1516 ἔφησεν
2512 1444 2659 1498 ἐστιν
2692 1445 2842 1511 ἰδεῖν,
2876 1446 2937 1499 τὸ
2969 1445 3027 1498 δὲ
3055 1446 3115 1513 ἐξ
3149 1440 3225 1503 ὧν
3253 1447 3418 1511 αὐτὸς
3448 1445 3587 1518 πρὸς

1993 1534 2086 1587 τὸν
2113 1534 2288 1587 Σαοὺλ
2309 1534 2580 1601 διελέγετο
2601 1534 2845 1606 περὶτοῦ
2865 1537 3080 1599 λέοντος
3101 1536 3198 1589 καὶ
3226 1537 3328 1606 τῆς
3356 1535 3586 1607 ἄρκτου.

2007 1622 2224 1693 Ἐπειδὴ
2261 1622 2318 1676 δὲ
2354 1622 2448 1675 τὸν
2485 1623 2600 1694 βίον
2638 1625 2797 1694 ἀφεὶς
2823 1625 3034 1678 ἐκεῖνον
3074 1626 3182 1697 πρὸ
3221 1625 3371 1696 ὧρας
3402 1627 3483 1689 είς
3518 1626 3593 1681 τά

1992 1710 2086 1763 τοῦ
2116 1698 2357 1781 πολέμου
2391 1711 2694 1782 πράγματα
2719 1711 2937 1776 ἔπιπτε,
2960 1713 3062 1783 τὴν
3088 1713 3185 1783 μὲν
3207 1714 3316 1766 τῶν
3343 1713 3589 1782 ἀδελφῶν

1997 1798 2297 1870 βασκανίαν
2319 1800 2543 1871 ἀφίημι,
2571 1801 2621 1853 εί
2641 1801 2736 1854 καὶ
2762 1800 2967 1873 σφόδρα
2981 1801 3143 1856 τοῦτό
3161 1803 3279 1856 ἐστι
3305 1803 3584 1876 φορτικόν·

1996 1887 2110 1941 ἀλλ’
2138 1886 2326 1959 ἐπειδὴ
2369 1887 2704 1961 κατώρθωκε
2746 1888 2843 1959 τὴν
2877 1888 3139 1961 λαμπράν
3184 1889 3341 1961 νίκην
3373 1890 3589 1960 ἐκείνην

1996 1976 2094 2029 καὶ
2124 1975 2446 2047 θαυμαστὴν
2477 1977 2815 2048 μονομαχίαν
2840 1978 3242 2050 ἀναδεξάμενος
3257 1990 3299 2044 ⁸,
3333 1972 3462 2048 εὗρε
3491 1979 3589 2033 τοῦ

1996 2061 2435 2132 καταϐληθέντος
2461 2064 2656 2118 Γολιάθ
2691 2064 3049 2137 σφοδρότερον
3078 2066 3272 2137 ἐχθρὸν
3306 2066 3397 2119 τὸν
3430 2068 3591 2138 εὐερ-

1997 2151 2303 2223 γετηθέντα
2335 2151 2529 2206 Σαούλ.
2563 2153 2638 2207 Οὐ
2667 2153 2777 2225 γὰρ
2806 2155 2871 2206 ἐκ
2893 2152 2988 2207 τοῦ
3012 2154 3251 2225 φανεροῦ
3275 2154 3413 2225 πρὸς
3430 2155 3593 2207 αὑτὸν

1998 2240 2409 2311 παρετάττετο,
2450 2239 2588 2294 ἀλλά
2634 2241 2695 2297 1:6
2735 2240 2844 2295 τῶν
2903 2242 3201 2311 φιλούντων
3249 2244 3595 2313 προσωπεῖον

1998 2327 2224 2392 ὑποδὺς,
2260 2328 2358 2381 καὶ
2381 2329 2473 2382 τὸν
2503 2330 2750 2400 τιμῶντα
2780 2330 2875 2382 καὶ
2897 2330 3195 2401 κηδόμενον
3221 2329 3597 2401 ὑποκρινάμει

1996 2434 2122 2486 νος,
2157 2416 2332 2481 οὕτως
2370 2416 2533 2471 αὐτὸν
2562 2417 2786 2470 διετίθει
2815 2416 2887 2471 τά
2918 2417 3028 2470 τῶν
3058 2417 3290 2488 ἐχθρῶν.
3319 2417 3493 2471 Τοῦτο
3538 2417 3597 2471 δέ

1999 2500 2122 2565 ὅσον
2163 2510 2285 2562 ἐστὶ
2322 2509 2494 2565 κακὸν
2521 2510 2644 2564 ἀντὶ
2680 2509 2903 2579 ἀγαθῶν
2950 2510 3364 2581 ἀπολαμϐάνειν
3411 2510 3595 2573 κακά,

2000 2602 2232 2657 ἄκουσον
2260 2601 2359 2656 τοῦ
2389 2603 2660 2675 μακαρίου
2694 2605 2975 2676 προφήτου
3015 2602 3175 2656 τοῦτο
3210 2602 3448 2673 συνεχῶς
3472 2602 3599 2678 θρη-

2000 2694 2219 2759 νοῦντος
2251 2696 2346 2749 καὶ
2372 2696 2901 2768 δυσανασχετοῦντος
2931 2697 3027 2750 καὶ
3063 2696 3335 2765 λέγοντος,
3367 2700 3435 2750 El
3456 2698 3599 2751 ἀντ-

2001 2785 2355 2841 αποδίδοταί
2367 2803 2469 2855 μοι
2491 2789 2647 2841 κακὰ
2667 2787 2801 2841 ἀντὶ
2820 2786 3073 2857 ἀγαθῶν.
3098 2788 3349 2841 Μάλιστα
3367 2786 3479 2858 ’μὲν
3504 2781 3599 2838 οὖν

2002 2877 2097 2931 καὶ
2139 2877 2366 2949 μηδενὸς
2400 2878 2697 2950 προσόντος
2734 2878 2910 2932 δεινοῦ
2945 2878 3104 2933 τοῦτο
3141 2879 3272 2932 αὐτὸ
3302 2878 3422 2932 καθ’
3442 2878 3601 2931 ἐαυτὸ

2004 2969 2206 3039 πολλῆς
2226 2969 2464 3039 ἀθυμίας
2491 2969 2658 3036 ἀξιον,
2682 2970 2747 3023 δι’
2767 2970 3000 3040 ὑποψίας
3026 2967 3164 3025 εἶναι
3182 2971 3274 3025 τὸν
3298 2970 3605 3042 στρατηγὸν

2004 3062 2081 3134 τῷ
2104 3060 2256 3135 [215]
2277 3062 2505 3133 βασιλεῖ,
2526 3062 2620 3116 καὶ
2649 3062 2830 3134 ἀηδῶς
2851 3063 3081 3133 ὁρᾶσθαι
3112 3064 3204 3116 ὑπ’
3222 3064 3409 3118 αὑτοῦ.
3426 3064 3536 3116 Καὶ
3550 3062 3606 3115 τί

2006 3156 2149 3225 λέγω
2173 3156 2475 3229 στρατηγὸν
2507 3156 2749 3226 βασιλεῖ;
2781 3156 2899 3210 Κᾶν
2922 3156 3031 3228 γὰρ
3066 3156 3217 3229 παρά
3238 3157 3346 3211 τῶν
3377 3155 3606 3210 οἰκετῶν

2006 3251 2169 3321 ἡμεῖς
2213 3248 2374 3303 τοῦτο
2412 3248 2675 3320 πάθωμεν
2700 3289 2714 3313 ,
2745 3249 3175 3319 δυσχεραίνομεν
3204 3264 3217 3278 ⁶
3244 3249 3373 3302 ὅταν
3412 3248 3471 3301 δέ
3512 3248 3607 3301 καὶ

2008 3341 2295 3396 ἐπιϐουλαὶ
2324 3341 2639 3412 ῥάπτωνται
2668 3340 2809 3393 κατά
2831 3343 2929 3412 τῆς
2956 3339 3050 3394 τοῦ
3086 3340 3413 3413 μισουμένου
3437 3339 3604 3409 ζωῆς,

2006 3436 2091 3499 τίς
2125 3436 2190 3488 ἂν
2235 3435 2443 3503 γένοιτο
2494 3432 2607 3504 βίος
2644 3433 2835 3488 τούτου
2886 3433 3245 3507 πικρότερος;
3275 3432 3416 3486 Ἀλλ’
3456 3432 3607 3503 ὅμως

2012 3529 2227 3583 ἅπαντα
2264 3527 2425 3598 ἔφερε
2466 3526 2561 3580 καὶ
2619 3527 2887 3597 ἠνείχετο,
2932 3527 3027 3581 καὶ
3076 3527 3240 3597 συνῆν
3271 3524 3348 3597 τῷ
3378 3524 3609 3595 φονῶντι

2010 3621 2128 3673 κατ’
2161 3618 2349 3683 αὐτοῦ,
2378 3619 2471 3671 καὶ
2509 3620 2837 3691 ἐστρατήγει
2882 3619 3010 3684 τοὺς
3054 3619 3264 3673 ἐκείνου
3315 3619 3606 3689 πολέμους.

2024 3711 2242 3783 Ἐπειδὴ
2263 3712 2321 3764 δέ
2363 3728 2493 3765 ποτε
2519 3712 2615 3765 καὶ
2644 3712 2964 3785 ἀπεδήμησε
2998 3712 3093 3767 καὶ
3123 3712 3313 3786 πόρῤω
3341 3712 3435 3766 τοῦ
3459 3712 3614 3765 πολέα
3728 3750 3756 3773 ,

2014 3824 2116 3878 μου
2152 3805 2487 3875 κατέστησεν
2532 3805 2745 3870 ἐαυτὸν,
2787 3805 2946 3859 τοῦτο
2998 3805 3097 3876 μὲν
3154 3805 3286 3859 αὐτὸ
3320 3804 3381 3858 τὸ
3420 3804 3613 3875 πὸῤῥω

2014 3896 2176 3964 εἶναι,
2210 3899 2305 3952 καὶ
2331 3898 2428 3970 τὴν
2462 3898 2662 3970 ἔχθραν
2685 3898 2911 3969 ποιῆσαι
2933 3897 3196 3970 φανερὰν,
3231 3892 3348 3968 εἶχέ
3375 3914 3428 3950 τι
3451 3895 3614 3949 πλέον

2014 3994 2094 4056 εἰς
2123 3992 2213 4045 τὸν
2239 3990 2336 4045 τοῦ
2366 3991 2588 4063 θαρρεῖν
2616 3992 2772 4061 λόγον
2800 4007 2812 4020 ·
2857 3990 3073 4063 μετάδέ
3117 3992 3487 4063 τετρακοσίων
3520 3990 3617 4044 ἀν·

2015 4079 2156 4149 δρῶν
2190 4080 2326 4149 πρὸς
2375 4077 2644 4149 τοσαύτην
2688 4079 3132 4149 ἀναγκαζόμενος
3169 4078 3617 4149 παρατάττεσθαι

2020 4168 2301 4240 στρατιὰν,
2332 4166 2527 4237 ἔτρεμε
2565 4165 2726 4220 πλέον
2752 4167 2785 4237 ἢ
2814 4167 3095 4238 πρότερον.
3136 4168 3193 4221 '0
3213 4169 3321 4238 γὰρ
3349 4170 3486 4238 μήτε
3520 4165 3617 4218 πόα

2018 4257 2132 4321 λιν,
2181 4258 2315 4328 μήτε
2355 4253 2635 4327 φρούριον,
2684 4257 2824 4326 μήτε
2856 4258 3201 4328 συμμάχους,
3264 4259 3400 4329 μήτε
3441 4270 3613 4324 προσ-

2018 4350 2172 4413 όδους
2194 4349 2534 4419 κεκτημένος
2558 4388 2572 4413 ,
2603 4349 2854 4420 ἐννόησον
2898 4349 2983 4412 τίς
3012 4345 3101 4420 ὴν,
3135 4348 3273 4418 πρὸς
3308 4350 3400 4402 τὸν
3441 4347 3616 4402 ταῦτα

2019 4445 2215 4516 ἔχοντα
2244 4443 2424 4497 πάντα
2451 4440 2896 4513 ἀναγκαζόμενος
2930 4442 3211 4513 πολεμεῖν,
3236 4443 3329 4497 καὶ
3357 4440 3497 4513 πλὴν
3518 4440 3617 4511 τῆς

2021 4539 2232 4610 ἐρήμου
2264 4538 2361 4591 καὶ
2402 4536 2512 4590 τῶν
2543 4538 2661 4590 ἐκεῖ
2690 4535 2990 4607 σπηλαίων,
3010 4535 3131 4590 ούδέ
3164 4537 3288 4591 ὅποι
3311 4537 3618 4607 καταφύγοι

2021 4631 2321 4702 δυνάμενος
2354 4632 2555 4703 εύρεῖν.
2585 4630 2695 4684 1ίαῖ⁹
2722 4629 2833 4700 γὰρ
2861 4630 3030 4683 Κεῖλά
3057 4630 3213 4684 πόλιν
3246 4630 3389 4685 οὕτω
3418 4631 3619 4685 καλουσ

2027 4726 2196 4798 μένην
2231 4725 2442 4791 λαϐὼν,
2480 4723 2687 4787 εὐθέως
2729 4723 2899 4793 αὐτῆς
2931 4722 3255 4793 ἀπεπήδησε
3297 4723 3392 4775 τοῦ
3430 4724 3620 4794 ἱερέως

2025 4820 2303 4883 εἰπόντος,
2335 4820 2417 4871 ὅτι
2466 4816 2630 4870 αὐτὸν
2670 4817 2699 4868 ό
2731 4813 2865 4876 Θεὸς
2914 4814 3031 4865 ἐκεῖ
3089 4814 3320 4883 μένοντα
3369 4813 3481 4867 τῶν
3525 4812 3619 4867 τοῦ

2027 4913 2202 4968 Σαοὺλ
2234 4913 2335 4983 οὐχ
2379 4906 2755 4982 ὑπεξαρπάσει
2796 4905 3018 4977 χειρῶν.
3052 4906 3110 4959 Ὀ
3150 4906 3207 4958 δέ
3242 4907 3422 4976 ἱερεὺς
3467 4901 3624 4968 οὗτος

2028 5007 2235 5070 ἐκεῖνος
2262 5000 2330 5077 ἦν
2349 5007 2377 5059 ὁ
2400 5003 2500 5067 τάς
2518 5001 2610 5055 τοῦ
2648 5000 2820 5055 Σαοὺλ
2852 5002 3039 5070 χεῖρας
3064 4998 3305 5070 διαδρὰς,
3332 5000 3425 5052 καὶ
3448 4998 3544 5071 τὴν
3566 4999 3625 5052 ἐν

2030 5098 2229 5170 Νομϐἀ
2267 5097 2566 5168 γενομένην
2595 5093 2906 5167 τραγῳδίαν
2952 5094 3296 5164 ἀπαγγείλας
3341 5092 3419 5165 τῷ
3469 5092 3628 5164 βασι-

2031 5193 2117 5245 λεῖ
2139 5233 2152 5255 ,
2176 5193 2264 5245 ὅτε
2293 5190 2388 5245 καὶ
2417 5191 2516 5260 τὴν
2538 5191 2742 5261 πικράν
2764 5189 2979 5261 ἐκείνην
3000 5188 3197 5262 ἔρρηξε
3224 5188 3409 5259 φωνήν
3430 5201 3443 5215 ο
3480 5184 3628 5255 Ἐγὼ

2033 5284 2165 5355 γὰρ,
2182 5284 2370 5355 φησὶν,
2397 5283 2511 5353 εἰμὶ
2535 5286 2569 5336 ὀ
2586 5283 2773 5349 αἴτιος
2797 5281 2917 5336 τῶν
2930 5282 3147 5352 ψυχῶν
3165 5278 3311 5335 ὅλου
3335 5278 3437 5332 τοῦ
3458 5279 3629 5331 οἴκου

2035 5377 2144 5432 τοῦ
2167 5375 2393 5445 πατρός
2416 5375 2736 5429 σου.Ὦστε
2768 5373 2940 5429 συνὼν
2970 5372 3120 5442 αὐτῷ
3154 5372 3444 5436 διαπαντὸς
3477 5370 3631 5426 οὐδὲν

2036 5469 2246 5542 ἕτερον,
2277 5467 2457 5540 ἀλλ’ἢ
2501 5469 2599 5539 τῆς
2644 5467 2883 5538 ἀθυμίας
2920 5466 3137 5538 ἐκείνης
3185 5465 3492 5536 ὑπόμνησις
3538 5458 3628 5534 ἦν.

2038 5562 2261 5615 Βλέπων
2294 5561 2404 5633 γὰρ
2446 5564 2527 5626 εἰς
2558 5561 2740 5626 αὐτὸν,
2775 5559 2864 5613 ἀεὶ
2904 5558 3005 5629 τῆς
3051 5558 3327 5622 ἀπωλείας
3357 5556 3634 5628 ἐμέμνητο

2037 5654 2147 5709 τῶν
2168 5650 2211 5709 ίε
2222 5656 2357 5726 ρέων
2376 5673 2389 5687 ⁸
2417 5652 2771 5728 μνημονεύων
2784 5652 2839 5707 δέ
2854 5651 2954 5723 τῆς
2974 5649 3251 5713 ἀπωλείας
3264 5688 3279 5713 ,
3303 5649 3398 5702 καὶ⁵
3429 5648 3528 5719 τῆς
3546 5664 3634 5700 το-

2042 5910 2075 5961 s
2108 5849 2297 5962 ’.βεεν
2329 5846 2622 5913 μονομαχίαν
2641 5841 2997 5906 ἀναδεξάμενος,
3038 5839 3221 5893 desunt
3256 5841 3308 5891 in
3329 5834 3466 5891 Coll).
3486 5838 3537 5883 et
3584 5828 3634 5878 in

2078 5926 2155 5962 an
2179 5947 2192 5961 .

2078 5926 2192 5964 αγιι.
