4138 6424
613 375 715 434 481

609 490 814 562 σαύτης
855 487 1069 559 σφαγῆς
1109 484 1209 557 τὴν
1253 484 1436 539 αἰτίαν
1474 482 1749 546 ἀνατιθεὶς
1779 478 1977 552 ἐαυτῷ,
2020 495 2195 534 κατα-

1304 368 1361 425 S.
1401 365 1689 425 JOANNIS
1726 361 2221 423 CHRYSOSTOMI
2259 363 2581 424 ARCHIEP.
2624 366 3177 426 CONSTANTINOP.

3775 372 3869 431 682

2310 482 2404 534 καὶ
2436 482 2708 554 συνθήκας
2745 484 2885 556 ὑπὲρ
2909 483 3117 539 πολλῶν
3140 483 3359 555 θέμενον
3385 487 3528 557 πρὸς
3560 485 3738 552 αὐτὸν,
3761 489 3870 542 τοῦ-

608 578 760 634 δίκου
794 576 994 641 παντὸς
1016 574 1341 647 ἀθλιώτερον
1360 571 1508 626 ἐϐίου
1533 570 1665 642 βίον.
1685 569 1799 623 Kal
1817 568 1924 639 γάρ
1951 568 2000 621 εἰ
2034 566 2200 638 μηδὲν
2301 589 2416 638 τον,
2439 575 2527 628 ὅτε
2547 575 2697 648 αὐτῷ
2728 576 2829 640 τάς
2851 578 3085 648 ἀμοιϐὰς
3102 577 3390 632 ἀποδοῦναι
3422 578 3535 633 τῶν
3562 579 3869 653 εὐεργεσιῶν

608 666 795 739 ἕτερον
830 664 893 718 τὺ
922 662 1173 735 ἐνοχλοῦν
1203 656 1293 733 ἦν,
1308 659 1491 714 ἰκανὸν
1523 657 1735 730 τρῶσαι
1761 655 1942 727 ψυχὴν
1967 654 2064 709 καὶ¹
2106 653 2204 707 ἀν-

608 754 752 810 ελεῖν
781 752 841 807 τὸ
867 752 1057 824 ἰερέων
1090 748 1305 820 σφαγέα
1351 745 1661 816 λογίζεσθαι
1690 745 1960 799 τοσούτων
1989 741 2203 797 ἐαυτόν.

609 842 850 911 Πληγεὶς
870 840 930 913 δὲ
948 838 1122 910 τούτῳ
1135 837 1214 909 τῷ
1230 833 1497 906 λογισμῷ,
1525 832 1606 904 τῷ
1626 831 1720 887 καὶ
1741 829 1936 894 νυκτὸς
1952 827 2049 883 καὶ
2084 827 2202 898 μεθ’

611 930 828 1002 ἡμέραν
877 926 1038 999 σητὸς
1070 925 1267 998 μᾶλλον
1292 922 1457 979 αὑτοῦ
1495 917 1853 993 διατρώγοντι
1875 917 1976 989 τὴν
2001 915 2202 988 ψυχὴν,

613 1019 709 1073 καὶ
741 1016 877 1074 ἀλλα
907 1014 1106 1087 ἐφεξῆς
1139 1013 1353 1085 ἐδέχετο
1386 1008 1677 1084 τραύματα
1704 1007 1902 1077 συνεχῆ
1924 1005 2019 1059 καὶ
2039 1002 2208 1059 ἐπάλο

614 1105 773 1177 ληλα.
806 1105 919 1158 Καὶ
954 1103 1066 1177 γὰρ
1103 1103 1193 1157 ὅτε
1231 1099 1393 1156 αὐτὸν
1422 1101 1451 1153 6
1489 1095 1682 1151 Νάϐαλ
1708 1093 1800 1150 διά
1835 1093 1945 1148 τῶν
1975 1091 2206 1147 οἰκετῶν

617 1193 839 1266 ὕϐρισε,
865 1194 961 1249 καὶ
987 1192 1262 1265 δραπέτην
1282 1190 1378 1244 καὶ
1402 1186 1616 1259 φυγάδα
1646 1186 1742 1241 καὶ
1766 1184 2061 1256 ἀγνώμονα
2081 1182 2207 1238 δοῦ-

616 1280 708 1336 λον
740 1282 1027 1354 ἐκάλεσεν,
1045 1281 1147 1334 οὐκ
1176 1278 1442 1350 ἀναλγητὶ
1464 1277 1536 1331 τά
1582 1276 1803 1348 ῥήματα
1833 1272 2033 1346 ἤνεγκε
2054 1287 2071 1302 ο
2110 1270 2209 1326 καὶ

618 1369 708 1422 ὅτε
732 1366 865 1439 πρὸς
882 1369 975 1423 τὸν
1009 1366 1233 1438 Ἀγχοῦς
1259 1363 1529 1431 ἀπελθὼν,
1551 1366 1677 1428 τοὺς
1696 1362 2057 1436 μαινομένους
2100 1361 2208 1416 ὑπ-

620 1455 889 1528 εκρίνετο,
912 1455 1007 1509 καὶ
1032 1454 1357 1518 κατέπιπτε,
1390 1454 1484 1507 καὶ
1506 1452 1575 1505 τά
1606 1452 1834 1523 δμματα
1870 1449 2209 1521 διαστρέφων

571 1618 575 1622 ἢ
621 1545 720 1599 καὶ
751 1544 920 1598 πολὺν
952 1546 1018 1597 ἐκ
1039 1540 1136 1597 τοῦ
1173 1541 1443 1613 στόματος
1484 1539 1651 1593 αὑτοῦ
1681 1538 1856 1610 ἀφρὸν
1874 1538 2077 1606 ἀφιεὶς,
2103 1536 2213 1591 τῶν

619 1629 838 1702 ἀληθῶς
857 1629 1235 1700 δαιμονώντων
1261 1627 1462 1699 μᾶλλον
1481 1626 1729 1698 ἐτήκετο,
1750 1624 2099 1696 λογιζόμενος
2131 1625 2213 1688 εἰς

620 1716 739 1770 οἵαν
762 1716 1095 1788 κατέστησεν
1117 1715 1308 1769 ἐαυτὸν
1337 1713 1585 1786 ἀνάγκην
1604 1715 1633 1766 6
1658 1711 1896 1766 τοσαῦτα
1921 1703 2215 1784 εὐεργετη-

625 1804 761 1869 θείς.
788 1803 1007 1876 Ἐπειδὴ
1023 1804 1079 1857 δέ
1102 1802 1296 1876 μικρὸν
1323 1801 1514 1874 ἀνέθη,
1533 1800 1684 1873 παρά
1696 1801 1810 1864 τοῖς
1828 1799 2109 1871 πολεμίοις
2121 1816 2214 1866 γε-

624 1890 869 1962 νόμενος,
889 1891 996 1945 ἔδει
1017 1891 1117 1962 μὲν
1141 1889 1553 1961 ἐπιστρατεύειν
1577 1891 1690 1954 τοῖς
1710 1886 1934 1942 ἐκείνων
1957 1886 2174 1960 ἐχθροῖς
2195 1903 2211 1919 ο

622 1979 1069 2052 διαφθονούμενοι
1102 1980 1161 2035 δέ
1198 1978 1347 2051 αὐτῷ
1377 1981 1427 2034 οἰ
1465 1979 1741 2050 σατράπαι
1767 2017 1784 2044 ,
1811 1977 1906 2033 καὶ
1944 1976 2215 2031 διαϐαλεῖν

624 2069 763 2142 πρὸς
792 2070 884 2125 τὸν
917 2069 1145 2141 βασιλέα
1172 2069 1521 2141 βουλόμενοι,
1554 2066 1869 2139 ἐξέπεμπον
1916 2067 2080 2120 αὑτὸν
2117 2067 2218 2138 τῆς

625 2159 886 2226 στρατιᾶς
906 2155 985 2221 ώς
1027 2156 1302 2230 ἄχρηστον
1321 2157 1508 2221 αὐτοῖς
1527 2157 1621 2211 καὶ
1656 2154 1942 2211 ἐπίϐουλον
1966 2154 2062 2209 καὶ
2083 2170 2218 2227 προ-

622 2242 784 2316 δότην
807 2244 1084 2316 ἐσόμενον.
1117 2245 1539 2317 Ἐθυμώθησαν
1567 2244 1674 2317 γὰρ
1690 2283 1706 2309 ,
1725 2244 1891 2317 φησὶν
1907 2284 1923 2309 ,
1942 2244 2036 2298 ἐπ’
2056 2242 2219 2310 αὐτῷ

620 2334 681 2386 οἰ
704 2332 1006 2401 σατράπαι
1026 2334 1147 2389 τῶν
1170 2335 1562 2403 ἀλλοφύλων,
1584 2333 1683 2387 καί
1713 2332 2006 2402 λέγουσιν
2024 2330 2186 2396 αὐτῷ
2200 2346 2215 2362 ·

637 2420 1056 2488 Ἀπόστρεψον
1069 2420 1177 2475 τὸν
1195 2420 1406 2489 ἄνδρα,
1431 2418 1531 2474 καὶ
1550 2417 1995 2488 ἀποστραφήτω
2008 2420 2097 2485 εἰς
2112 2418 2220 2473 τὸν

625 2509 815 2563 τόπον
838 2503 910 2564 οὗ
932 2508 1316 2578 κατέστησας
1337 2508 1525 2563 αὑτὸν
1552 2506 1695 2574 ἐκεῖ,
1720 2508 1816 2562 καὶ
1833 2507 1922 2579 μὴ
1953 2507 2220 2577 ἐρχέσθω

619 2598 751 2667 μεθ’
764 2596 934 2667 ἡμῶν
953 2598 1041 2664 εἰς
1069 2596 1359 2668 πόλεμον,
1382 2596 1483 2652 καὶ
1501 2596 1589 2668 μὴ
1616 2597 1871 2667 γινέσθω
1895 2597 2220 2665 ἐπίϐουλος

625 2684 704 2756 τῇ
717 2684 1086 2756 παρεμϐολῇ.
1108 2685 1220 2742 Καὶ
1235 2686 1306 2742 ἐν
1318 2688 1436 2742 τίνι
1453 2686 1590 2743 διαλ
1598 2684 1927 2758 lar/iaetu:
1945 2681 2125 2754 οὗτος
2138 2683 2222 2754 τῷ

627 2776 816 2846 κυρίῳ
845 2776 1055 2843 αὑτοῦ,
1081 2776 1121 2846 ἢ
1151 2776 1289 2847 οὐχί
1321 2777 1394 2831 ἐν
1428 2776 1561 2844 ταῖς
1610 2774 1902 2846 κεφαλαῖς
1947 2773 2069 2829 τῶν
2111 2777 2223 2832 ἁν-

627 2864 789 2933 δρῶν
818 2865 1069 2920 ἐκείνων
1086 2881 1106 2930 ;
1152 2865 1211 2920 '0
1238 2866 1297 2921 δέ
1343 2869 1456 2930 τοῖς
1498 2866 1709 2939 ῥήμασι
1748 2863 1960 2929 τούτοις
1991 2864 2223 2937 πληγεὶς

628 2952 949 3025 ἀνεχώρησε
969 2953 1107 3025 μετά
1125 2954 1331 3025 πολλῆς
1354 2955 1454 3027 τῆς
1485 2954 1696 3028 ὕϐρεως
1718 2955 1815 3010 καὶ
1841 2953 1942 3026 τῆς
1958 2951 2222 3025 ἀθυμίας.

642 3041 848 3099 Ἐλθὼν
870 3042 1021 3117 [214]
1053 3043 1109 3098 δὲ
1140 3044 1280 3098 οἴκοι
1315 3045 1555 3098 τοσαῦτα
1585 3037 1710 3116 εὗρε
1734 3042 1902 3109 κακά,
1921 3042 2000 3107 ώς
2023 3040 2224 3115 μικροῦ

629 3133 741 3188 δεῖν
773 3134 867 3189 καὶ
893 3133 1265 3206 ἀποπνιγῆναι
1293 3136 1360 3207 τῇ
1400 3132 1568 3209 λύπῃ.
1598 3122 1681 3188 Τά
1709 3132 1821 3207 γὰρ
1847 3132 1973 3187 τότε
2017 3133 2225 3206 συμϐε-

632 3221 841 3293 ϐηκότα
868 3221 1020 3278 δεινά
1066 3218 1135 3295 ἦν
1172 3222 1273 3295 μὲν
1305 3223 1466 3277 ἰκανά
1492 3222 1590 3277 καὶ
1615 3222 2094 3295 προμελετηθέντα
2125 3221 2226 3294 τὴν

631 3310 841 3366 ἐκείνου
875 3311 1148 3365 σκοτῶσαι
1180 3310 1358 3384 ψυχήν
1379 3329 1392 3341 ·
1412 3309 1506 3365 τοῦ
1538 3309 1597 3363 δέ
1620 3310 2028 3383 ἀπροσδοκήτου
2058 3325 2229 3382 προσ-

629 3400 880 3463 τεθέντος
947 3400 1044 3455 καὶ
1096 3401 1228 3472 παρ’
1283 3399 1542 3467 ἐλπίδας,
1572 3396 1832 3454 διπλάσια
1887 3398 1999 3453 τῶν
2055 3399 2227 3453 ὄντων

634 3486 909 3559 ἐφαίνετο,
953 3488 1049 3542 καὶ
1075 3489 1178 3542 οὐκ
1225 3488 1306 3542 ἔτι
1346 3484 1416 3561 ἦν
1465 3487 1697 3559 φορητά.
1744 3486 1935 3559 Ἀπῄει
1978 3487 2078 3559 μὲν
2117 3486 2228 3558 γάρ

633 3577 711 3641 ὡς
751 3576 1204 3648 ἀναπαυσόμενος
1247 3577 1406 3643 οῐκοι,
1435 3576 1530 3631 καὶ
1573 3575 1677 3647 τῆς
1733 3575 1974 3647 ἀθυμίας
2010 3575 2229 3647 ἐκείνης

634 3666 886 3738 εὑρήσων
916 3665 1273 3737 παραμυθίαν
1318 3666 1391 3719 τά
1426 3663 1619 3719 παιδία
1650 3665 1744 3718 καὶ
1772 3665 1870 3729 τὰς
1911 3666 2179 3734 γυναῖκας
2211 3682 2225 3694 ·

634 3755 865 3820 ἐπιστὰς
885 3755 943 3809 δέ
975 3755 1131 3828 ἄφνω
1161 3757 1327 3829 ήκουε
1358 3756 1456 3828 μὲν
1498 3756 1582 3810 ὅτι
1620 3749 1767 3810 οὗτοι
1797 3754 1951 3826 παρά
1985 3756 2100 3818 τοῖς
2131 3772 2230 3808 που

634 3842 847 3915 λεμίοις
877 3843 1242 3911 δουλεύουσιν,
1274 3843 1502 3915 ἐθεώρει
1541 3843 1598 3897 δέ
1637 3843 1748 3916 πῦρ
1782 3841 1877 3895 καὶ
1907 3841 2114 3897 καπνὸν
2136 3842 2233 3895 καί

638 3926 778 4002 αἷμα
796 3933 892 3985 καὶ
912 3933 1163 4002 νεκροὺς,
1182 3931 1279 3987 καὶ
1311 3931 1441 4002 πρὶν
1467 3930 1501 4001 ἢ
1518 3929 1745 3993 τούτους
1761 3929 2001 3999 ἀλγῆσαι
2021 3929 2116 3981 καί
2129 3928 2232 4000 τὴν

638 4018 1017 4090 αἰχμαλωσίαν
1042 4012 1105 4072 όδ
1142 4017 1359 4090 ρασθαι,
1387 4015 1595 4089 θηρίων
1626 4016 2008 4089 χαλεπώτερον
2033 4016 2234 4070 ἐπέπεο

641 4124 735 4162 σον
760 4107 811 4161 οἰ
836 4105 935 4179 τὴν
961 4105 1117 4160 πόλιν
1142 4104 1419 4170 οἰκοῦντες
1440 4104 1611 4178 αὐτῷ,
1631 4103 1740 4158 ἀπὸ
1764 4103 1866 4175 τῆς
1898 4104 2106 4158 ἐκείνου
2134 4121 2231 4158 κε-

640 4199 820 4272 φαλῆς
841 4200 1073 4265 ἕκαστος
1090 4199 1199 4254 τῶν
1228 4200 1446 4254 οἰκείων
1472 4196 1661 4254 κακῶν
1683 4195 1941 4269 εὑρέσθαι
1971 4214 2233 4269 παραμυ-

641 4290 766 4346 θίαν
793 4290 993 4364 ζητῶν.
1022 4291 1136 4344 Kal
1183 4289 1437 4360 καθάπερ
1465 4288 1724 4342 ἐναντίων
1751 4287 1970 4358 ἀνέμων
2011 4288 2093 4351 εἰς
2132 4286 2234 4359 τὴν

639 4377 921 4433 θάλασσαν
954 4378 1304 4450 ἐμπεσόντων
1326 4376 1494 4441 πολὺς
1526 4376 1623 4430 καὶ
1640 4374 1831 4447 ἄγριος
1861 4374 1972 4429 ἀπὸ
2002 4374 2102 4447 τῆς
2128 4375 2235 4446 μά-

639 4479 746 4537 χης
783 4467 1000 4537 ἐκείνης
1031 4465 1243 4535 γίνεται
1286 4466 1315 4518 6
1346 4463 1589 4536 χειμών⁹
1626 4456 1770 4517 οὕτω
1814 4463 1908 4517 καὶ
1951 4462 2094 4527 τότε,
2139 4462 2235 4517 καὶ

642 4550 883 4623 ἀθυμίας
927 4553 1025 4608 καί
1067 4553 1235 4623 φόϐου
1279 4552 1380 4623 τὴν
1421 4551 1516 4606 τοῦ
1567 4550 1783 4606 δικαίου
1829 4548 2234 4604 διακοπτόντων

641 4642 846 4715 ψυχὴν,
879 4642 1051 4714 πολλὴ
1085 4639 1154 4716 ἦν
1185 4646 1220 4715 ή
1256 4632 1393 4715 ζάλη
1435 4643 1533 4696 καὶ
1562 4644 1592 4698 6
1615 4640 1864 4714 θόρυϐος,
1891 4640 2001 4696 τῶν
2043 4642 2235 4699 παθῶν

642 4735 849 4790 τούτων
902 4735 1221 4808 ἐπαλλήλων
1287 4733 1635 4807 κρατούντων
1694 4732 1790 4788 καὶ
1845 4733 2235 4806 κρατουμένων

646 4821 911 4895 συνεχῶς.
951 4823 1210 4897 Δυνηθεὶς
1249 4823 1308 4878 δέ
1351 4821 1527 4877 ταῦτα
1553 4814 1796 4877 διαδῦναι
1831 4822 1902 4879 τὰ
1938 4822 2108 4890 κακά,
2140 4824 2235 4878 καὶ

642 4911 744 4977 τὰς
776 4914 1043 4981 γυναῖκας
1070 4911 1389 4978 ἀπολαϐεῖν,
1422 4911 1519 4966 καὶ
1545 4912 1648 4985 τὴν
1675 4910 2059 4983 αἰχμαλωσίαν
2091 4911 2236 4966 ἀπα-

644 5017 768 5068 σαν,
792 5001 923 5072 πρὶν
945 5000 979 5074 ἢ
1005 5001 1170 5057 πάλιν
1197 5000 1597 5073 αἰσθέσθαιτῆς
1624 5001 1783 5072 νίκης
1808 5000 2042 5073 ἐκείνης,
2066 5001 2235 5075 πλήτ-

641 5108 797 5146 τεται
825 5089 1056 5162 ἀγγελίᾳ
1087 5091 1281 5164 πικρᾷ,
1312 5093 1380 5162 τῇ
1423 5091 1555 5162 περί
1585 5089 1681 5145 τοῦ
1738 5090 1993 5145 ἰωνάθαν
2023 5094 2233 5163 σφαγῇ,

642 5180 678 5252 ἦ
715 5178 815 5252 τήν
846 5179 1025 5252 ψυχὴν
1072 5177 1218 5234 οῦτω
1266 5178 1535 5233 κατέϐαλε
1566 5177 1665 5251 τὴν
1709 5178 1942 5245 ἐκείνου,
1976 5179 2053 5244 ὡς
2085 5178 2235 5235 ἐστιν

643 5270 710 5323 ἐκ
754 5268 865 5322 τῶν
897 5268 1116 5342 θρήνων
1165 5267 1358 5340 μαθεῖν
1380 5284 1396 5300 ο
1440 5268 1737 5327 Ἐπέπεσε
1765 5268 1896 5341 γὰρ,
1930 5270 2118 5341 φησὶν,
2140 5269 2236 5324 ἐπ’

642 5358 751 5427 ἐμὲ
768 5359 805 5429 ή
821 5357 1129 5429 ἀγάπησις
1144 5374 1283 5426 σου,
1298 5358 1379 5426 ὡς
1395 5359 1433 5429 ἡ
1455 5356 1760 5428 ἀγάπησις
1777 5358 1897 5414 τῶν
1909 5357 2231 5430 γυναικῶν.

646 5449 755 5503 Καὶ
774 5448 826 5503 τί
846 5450 993 5521 λέγω
1011 5448 1122 5506 τῶν
1147 5449 1364 5523 θρήνων
1384 5468 1400 5517 ;
1431 5449 1488 5505 '0
1510 5450 1619 5521 γάρ
1640 5450 1733 5504 τὸν
1760 5449 1972 5505 ἐκείνου
1998 5452 2234 5526 πατέρα,

646 5539 740 5595 τὸν
785 5540 978 5615 ἐχθρὸν
1007 5543 1098 5597 τὸν
1139 5540 1337 5598 ἐαυτοῦ
1383 5542 1479 5596 καὶ
1528 5541 1815 5598 ἐπίϐουλον
1845 5541 1939 5597 καὶ
1976 5544 2237 5615 μυριάκις

648 5637 749 5706 τῆς
780 5636 1058 5700 ἀπωλείας
1086 5636 1507 5708 ἐπιθυμήσαντα
1533 5635 1634 5706 τῆς
1659 5635 1827 5689 αὑτοῦ
1855 5634 2000 5690 οῦτω
2034 5636 2239 5710 δακρύ-

654 5741 776 5789 σας,
805 5726 860 5778 τί
893 5728 959 5781 ἂν
988 5728 1160 5782 ἔπαθε
1197 5729 1288 5783 τὸν
1336 5730 1394 5783 ἐν
1435 5728 1666 5793 ἐκείνοις
1716 5730 2075 5801 παραστάντα
2124 5733 2238 5796 τοῖς

654 5814 922 5877 κινδύνοις
950 5818 1100 5889 αύτῷ
1147 5822 1242 5875 καὶ
1269 5821 1533 5888 πολλάκις
1563 5821 1726 5877 αὐτὸν
1750 5822 1850 5894 τῆς
1891 5821 1986 5877 τοῦ
2030 5826 2237 5896 πατρὸς

656 5898 947 5975 ἐπιϐουλῆς
967 5908 1303 5982 ἐξελόμενον,
1336 5915 1427 5969 καὶ
1454 5917 1780 5989 ἀπορρήτων
1807 5918 2233 5989 κοινωνήσαντα,

2304 664 2500 720 κείνων
2524 666 2776 735 ἠδύνατο,
2810 668 2930 722 τότε
2954 667 3366 742 ἐξαρπασθέντα
3394 668 3491 723 τοῦ
3522 669 3640 741 βίου
3662 671 3867 740 μαθών;

2374 762 2446 827 η’.
2477 756 2842 829 Ἀκμάζοντος
2864 760 2929 833 δή
2954 760 3145 816 τούτου
3170 762 3265 815 τοῦ
3293 762 3521 827 πάθους,
3547 762 3708 835 ἑτέρᾳ
3732 781 3873 835 περι.

2306 847 2492 903 ϐάλλει
2526 851 2688 907 πάλιν
2714 853 2876 908 αὐτὸν
2900 856 2927 908 6
2960 857 3264 930 στρατηγὸς
3294 855 3505 927 ἀθυμίᾳ
3530 855 3625 909 τὸν
3660 856 3871 929 ἀπονηπ

2306 942 2401 997 καὶ
2449 947 2589 1015 μετὰ
2626 946 2809 1019 πάσης
2855 947 3106 1014 εὐκολίας
3152 951 3333 1004 πᾶσαν
3362 947 3516 1021 αὐτῷ
3558 948 3871 1022 παραδοῦναι

2306 1036 2407 1108 τὴν
2437 1038 2693 1109 στρατιὰν
2723 1039 3211 1110 ἐπαγγειλάμενον,
3233 1040 3421 1094 τοῦτον
3463 1040 3872 1111 προαναρπάσας

2307 1127 2408 1199 τῆς
2438 1130 2804 1202 ὑποσχέσεως,
2834 1132 2930 1186 καὶ
2958 1132 3096 1203 δόλῳ
3133 1132 3594 1205 διαχρησάμενος.
3630 1131 3872 1186 Τοσοῦτον

2307 1217 2415 1290 γὰρ
2441 1218 2679 1292 ήλγησεν
2713 1222 2895 1296 ἐκείνῃ
2926 1226 2991 1296 τῇ
3029 1226 3234 1296 σφαγῇ,
3268 1224 3346 1289 ώς
3370 1225 3466 1279 καὶ
3512 1223 3634 1278 τότε
3663 1225 3872 1293 καταρά-

2312 1311 2509 1366 σασθαι
2541 1313 2644 1392 τὸν
2671 1313 2851 1381 Ἰωάϐ,
2882 1315 2977 1369 καὶ
3023 1317 3153 1389 παρ’
3178 1314 3341 1370 αὑτὸν
3377 1318 3480 1387 τῆς
3519 1315 3767 1386 τελευτῆς
3793 1314 3872 1368 τὸν

2311 1403 2505 1474 καιρὸν
2557 1405 2861 1476 ἐπισκῆψαι
2893 1406 2972 1478 τῷ
3021 1408 3215 1463 ἐαυτοῦ
3272 1408 3425 1463 παιδὶ
3484 1407 3643 1478 δίκην
3692 1407 3873 1477 ταύτην

2311 1495 2715 1568 εἰσπράξασθαι
2745 1500 2845 1570 τῆς
2866 1501 3182 1570 μιαιφονίας
3220 1500 3403 1554 αὐτόν.
3441 1501 3556 1555 Kal
3578 1501 3647 1553 τὰ
3671 1501 3871 1570 ῥήματα

2310 1588 2392 1657 δὲ,
2431 1589 2574 1662 ἀπερ
2620 1591 2783 1645 αὐτὸν
2827 1591 3111 1648 ἀνακαλῶν
3157 1593 3479 1666 ἐθρήνησεν,
3507 1594 3668 1648 ἰκανά
3700 1593 3757 1646 τὸ
3782 1593 3873 1647 πά-

2313 1679 2404 1746 θος
2425 1684 2557 1754 ήμῖν
2579 1684 2933 1755 παραστῆσαι
2952 1685 3052 1756 τῆς
3075 1685 3256 1758 ψυχῆς
3273 1702 3286 1715 °
3316 1686 3539 1755 Ἐπῆρε
3560 1686 3686 1758 γὰρ,
3706 1687 3869 1757 φησιν,

2313 1774 2665 1843 όβασιλεὺς
2693 1776 2809 1842 τὴν
2838 1777 3050 1847 φωνὴν
3080 1778 3269 1834 αὑτοῦ
3287 1819 3304 1844 ,
3335 1781 3434 1834 καὶ
3464 1781 3764 1835 ἔκλαυσεν
3786 1778 3871 1832 ἐπὶ

2312 1864 2395 1931 τῷ
2418 1864 2585 1935 τάφῳ
2629 1867 3043 1937 Ἀϐεννήρμαί
3070 1865 3239 1924 εἶπεν
3268 1886 3283 1901 ο
3316 1872 3387 1925 Εἰ
3411 1870 3568 1924 κατὰ
3598 1868 3704 1924 τόν
3725 1867 3875 1923 θάνοι

2314 1973 2424 2011 τον
2443 1956 2649 2012 Νάϐαλ
2703 1960 3087 2016 ἀποθανεῖται
3115 1961 3428 2031 Ἀϐεννὴρ,
3463 1964 3522 2017 αἰ
3555 1961 3744 2032 χεῖρές
3773 1976 3871 2016 σου

2315 2050 2430 2102 οὐκ
2474 2046 2796 2116 ἐδέθησαν,
2816 2049 2960 2105 οὐδὲ
2982 2054 3039 2106 οἰ
3069 2051 3254 2118 πόδες
3271 2067 3390 2107 σου
3413 2053 3486 2106 ὲν
3518 2052 3740 2118 πέδαις,
3754 2050 3874 2105 οὐδὲ

2316 2142 2700 2212 προσήγαγες
2726 2142 2808 2210 ὡς
2820 2141 3028 2200 Νάϐαλ
3043 2162 3056 2175 ·
3074 2143 3333 2200 ἐνώπιον
3349 2145 3488 2201 υἱοῦ
3515 2145 3742 2212 ἀδικίας
3766 2144 3877 2199 ἕπε-

2319 2250 2448 2299 σες.
2476 2233 2541 2285 Τί
2572 2233 2630 2288 δὲ
2661 2233 2802 2306 μετὰ
2848 2234 3046 2304 τοῦτο;
3080 2237 3461 2308 Δολοφονεῖται
3505 2237 3602 2310 μὲν
3626 2239 3654 2291 6
3680 2238 3875 2309 Μεμφι-

2320 2325 2483 2379 ϐοσθέ
2506 2337 2555 2392 ιι,
2595 2328 2690 2381 καὶ
2720 2329 2785 2399 τῇ
2834 2326 2926 2382 διὰ
2967 2328 3158 2384 τοῦτον
3214 2330 3366 2402 αύτῷ
3430 2330 3696 2403 γενομένῃ
3747 2330 3875 2403 λύπῃ

2323 2416 2440 2487 (καὶ
2470 2417 2580 2492 γάρ
2609 2419 2701 2475 ἐπὶ
2753 2420 2929 2494 τούτῳ
2955 2422 3120 2477 πάλιν
3170 2423 3432 2495 ἤλγησεν,
3473 2424 3550 2489 ὡς
3582 2424 3674 2478 καὶ
3696 2422 3879 2478 ἀνελεῖν

2319 2511 2447 2575 τοὺς
2479 2511 2865 2586 φονεύσαντας)
2887 2515 2920 2587 ή
2948 2515 3057 2569 τῶν
3083 2515 3271 2588 χωλῶν
3293 2516 3387 2570 καί
3422 2514 3635 2570 κυλλῶν
3651 2515 3879 2571 ἀντίστα-⁸

2324 2620 2410 2669 σις
2446 2607 2809 2677 προστεθεῖσα
2848 2607 3053 2680 σφόδρα
3082 2608 3246 2663 αὑτὸν
3269 2607 3579 2681 διετάραξε.
3612 2608 3878 2679 Κρατήσας

2321 2697 2381 2754 δέ
2411 2699 2509 2753 καὶ
2534 2698 2739 2759 τούτων
2771 2701 2867 2755 καί⁵
2888 2701 3090 2774 ἐτέρων
3116 2701 3414 2772 πολεμίων,
3439 2702 3632 2771 ἀνάγει
3671 2702 3761 2773 μὲν
3793 2699 3878 2770 τὴν

2323 2790 2559 2845 κιϐωτὸν
2592 2791 2733 2864 μετὰ
2764 2792 2964 2864 πολλῆς
2991 2793 3091 2866 τῆς
3122 2792 3470 2866 εὐφροσύνης
3490 2810 3504 2826 ·
3530 2793 3611 2847 ἔτι
3641 2792 3695 2847 δέ
3731 2791 3879 2861 αὐτῆς

2323 2884 2690 2955 ἀναγομένης,
2719 2886 2815 2939 καὶ
2846 2885 3067 2942 πάντων
3086 2885 3406 2957 χαιρόντων,
3437 2887 3500 2941 ἐν
3520 2886 3668 2957 μέσῳ
3690 2885 3780 2957 τῆς
3802 2883 3877 2937 εὖ·

2325 2976 2527 3050 θυμίας
2552 2978 2784 3050 πρᾶγμα
2822 2978 2972 3053 [215]
3006 2978 3222 3051 συμϐὰν
3249 2980 3472 3035 πάντων
3499 2979 3783 3052 ἠμαύρωσε
3798 2975 3879 3046 τήν

2325 3070 2539 3144 ήδονὴν,
2573 3072 2668 3126 καὶ
2686 3071 2897 3144 ἀθυμίᾳ
2921 3073 3017 3128 καὶ
3031 3074 3183 3146 φόϐῳ
3212 3072 3392 3145 πολλῷ
3419 3071 3628 3147 τὴντοῦ
3651 3070 3880 3145 βασιλέως

2326 3161 2489 3217 ἔϐαλε
2519 3161 2719 3235 ψυχήν.
2752 3163 2857 3219 Τὸν
2881 3163 2993 3237 γὰρ
3036 3166 3199 3230 ὐζᾶν
3225 3164 3562 3237 βουληθέντα
3595 3177 3881 3237 περιτρεπο-

2331 3257 2501 3329 μένην
2521 3257 2763 3328 ὀρθῶσαι
2783 3256 2882 3330 τὴν
2903 3256 3157 3326 κιϐωτὸν,
3186 3259 3534 3332 παραχρῆμα
3555 3257 3776 3322 ἐπάταξε
3804 3254 3880 3310 καὶ

2327 3352 2522 3424 νεκρὸν
2553 3351 2749 3424 έθηκεν
2774 3354 2808 3425 ἡ
2838 3348 2933 3407 τοῦ
2966 3352 3103 3407 Θεοῦ
3131 3352 3290 3426 ὀργὴ,
3325 3354 3423 3408 καὶ
3457 3353 3629 3418 οὕτως
3654 3353 3739 3407 ἐπὶ
3766 3350 3878 3404 πολὺ

2329 3446 2613 3500 κατέσεισε
2636 3444 2730 3499 τοῦ
2762 3445 2928 3500 Δαυίδ
2948 3444 3049 3519 τὴν
3078 3445 3255 3519 ψυχὴν
3276 3439 3433 3511 οὗτος
3468 3449 3497 3500 6
3532 3446 3707 3518 φόϐος.
3732 3444 3800 3509 ὡς
3820 3441 3880 3514 μὴ

2329 3538 2598 3610 πρότερον
2612 3537 2883 3610 τολμῆσαι
2905 3538 3043 3611 πρὸς
3069 3538 3263 3594 ἐαυτὸν
3287 3539 3605 3610 ἀνενεγκεῖν
3624 3539 3716 3610 τὴν
3739 3535 3881 3591 κιϐω-

2328 3630 2443 3692 τὸν,
2481 3629 2673 3702 πρίνῆ
2719 3628 2913 3701 μαθεῖν
2959 3630 3110 3696 ὅπως
3158 3631 3425 3703 χρήσαιτο
3464 3631 3542 3703 τῷ
3582 3632 3697 3685 τότε
3739 3626 3882 3697 αὐτὴν

2333 3721 2717 3794 ὑποδεξαμένῳ
2757 3720 3073 3794 ’Δϐεδδαρᾶ.
3090 3721 3245 3777 Μετά
3273 3722 3331 3777 δὲ
3362 3722 3542 3778 ταῦτα
3564 3721 3882 3791 τελευτήσαν-

2330 3833 2425 3879 τος
2452 3814 2544 3869 τοῦ
2593 3813 2944 3887 Ἀμμανιτῶν
2979 3813 3264 3887 βασιλέως,
3301 3816 3542 3888 πρᾶγμα
3567 3812 3745 3886 ἀνδρὸς
3767 3827 3881 3882 χρη-

2337 3906 2465 3961 στοῦ
2488 3908 2583 3962 καὶ
2619 3906 3002 3981 φιλανθρώπου
3033 3906 3237 3974 ποιῶν,
3265 3906 3486 3979 ἔπεμψε
3531 3901 3883 3980 παραμυθησόο

2338 4015 2498 4072 μενος
2526 4000 2618 4053 τὸν
2650 3998 2765 4053 υἰδν
2802 3999 2893 4053 τὸν
2923 3998 3158 4067 ἐκείνου,
3195 3999 3289 4054 καὶ
3317 3996 3526 4053 πείθων
3558 3997 3738 4071 πράως
3760 3996 3882 4062 ἐνεγ-

2336 4093 2452 4145 κεῖν
2479 4089 2576 4164 τὴν
2605 4090 2700 4145 τοῦ
2753 4088 2961 4164 πατρὸς
2993 4092 3254 4164 τελευτήν
3278 4106 3293 4123 ο
3323 4092 3352 4144 6
3390 4089 3450 4144 δέ
3474 4090 3601 4147 ἀντὶ
3632 4089 3724 4160 τῆς
3746 4083 3882 4156 τιμῆς

2332 4180 2540 4252 ταύτης
2591 4178 2822 4250 ὑϐρίσας
2876 4181 3007 4245 τοὺς
3057 4178 3394 4245 ἀπελθόντας
3432 4179 3707 4251 αἰσχρῶς,
3740 4172 3883 4234 οὕτως

2334 4271 2633 4344 ἀπέπεμψε
2670 4272 2749 4346 τῷ
2786 4271 3016 4344 βασιλεῖ.
3051 4268 3201 4344 *Δρά
3228 4289 3314 4327 σοι
3362 4270 3562 4344 μικρὸν
3603 4263 3884 4325 εἶναιτοῦτο

2334 4364 2484 4420 δοκεῖ
2509 4366 2646 4438 πρὸς
2676 4365 2741 4420 τὸ
2765 4363 2965 4438 πλῆξαι
2989 4364 3168 4438 ψυχὴν
3198 4366 3294 4421 καὶ
3317 4364 3676 4429 καταϐαλεῖν;
3704 4357 3782 4433 ἀρ’
3805 4355 3884 4425 οὒκ

2335 4458 2366 4510 6
2387 4456 2624 4530 πόλεμος
2651 4458 2857 4521 ἐκεῖνος
2884 4455 3046 4511 τοῦτο
3079 4456 3374 4523 δείκνυσιν,
3399 4457 3428 4510 6
3462 4452 3763 4529 μηδαμόθεν
3786 4446 3883 4503 ἐτέ·

2339 4545 2512 4617 ρωθεν
2554 4545 2655 4617 τὴν
2710 4544 2969 4600 ὑπόθεσιν
3017 4545 3304 4618 ἐσχηκὼς,
3345 4545 3442 4600 καὶ
3480 4544 3614 4618 πρὸς
3656 4537 3883 4605 τοσαύτην

2338 4633 2679 4706 σφοδρότητα
2719 4632 3093 4698 ἐκταθεὶς,ὡς
3133 4633 3350 4708 μυρίοις
3397 4634 3563 4689 αὑτὸν
3607 4626 3883 4703 περιϐαλεῖν

2336 4723 2562 4788 κακοῖς;
2601 4720 2784 4776 Ἱκανά
2829 4721 2930 4794 μὲν
2958 4716 3050 4776 οὖν
3097 4723 3194 4776 καὶ
3232 4720 3436 4790 ταῦτα,
3466 4720 3568 4777 κᾶν
3610 4717 3792 4793 μυρίας
3817 4726 3884 4773 τις

2336 4810 2521 4876 αὐτοῖς
2554 4809 2868 4883 ἀναμιγνύῃ
2897 4810 2999 4876 τάς
3027 4810 3244 4884 ήδονάς,
3271 4811 3353 4875 εἰς
3383 4810 3479 4865 τὸν
3509 4811 3616 4864 τῶν
3649 4799 3885 4896 ὀδυνηρῶγ

2337 4899 2453 4973 βίον
2481 4899 2776 4970 καταλέξαι
2805 4900 2906 4974 τὴν
2939 4901 3150 4955 ἐκείνου
3183 4901 3331 4973 ζωήν
3351 4917 3365 4932 ·
3393 4898 3490 4955 νῦν
3520 4899 3578 4953 δὲ
3604 4893 3807 4952 τοιαῦτα
3832 4893 3879 4940 τὸ

2339 4992 2479 5064 μετά
2510 4989 2684 5045 ταῦτά
2701 4992 2868 5055 ἐστιν,
2899 4988 2975 5050 ὡς
3004 4988 3138 5061 μηδέ
3155 4984 3357 5061 ἦρχθαι
3380 4988 3489 5043 τῶν
3512 4984 3719 5058 ἀληθῶς
3744 4981 3876 5046 λυπη-

2338 5079 2469 5155 ρῶν.
2497 5080 2683 5155 Πάντα
2704 5080 2813 5151 γάρ
2851 5076 3019 5150 μῦθον
3043 5077 3138 5131 καὶ
3164 5076 3348 5131 πᾶσαν
3370 5076 3670 5149 τραγῳδίαν
3697 5069 3881 5155 ἐνίκησε

2335 5150 2407 5226 τὰ
2442 5171 2538 5225 τοῦ
2578 5150 2842 5242 βασιλέως
2872 5164 3064 5221 τούτου
3096 5164 3247 5237 πάθη
3276 5182 3290 5197 ⁸
3328 5163 3503 5229 οὕτως
3533 5162 3776 5218 ἀλλόκοτα
3805 5150 3880 5242 Xa}

2335 5236 2616 5333 ἐπάλληλα
2644 5259 2981 5332 προσέπεσεν
3006 5255 3171 5313 αὐτοῦ
3192 5236 3259 5329 τῇ
3288 5255 3437 5329 οἰκίᾳ
3470 5251 3540 5308 τά
3568 5248 3724 5317 δεινὰ,
3754 5236 3880 5309 κακῷ

2335 5355 2398 5409 τὸ
2422 5352 2594 5407 κακὸν
2625 5349 2715 5404 ἀεὶ
2745 5347 3001 5403 ἰάσασθαι
3028 5345 3440 5413 σπουδαζόντων
3470 5341 3634 5413 αὐτῷ.

2409 5443 2552 5514 Ὅρα
2574 5438 2683 5512 γάρ
2706 5456 2719 5470 ο
2746 5435 2962 5510 ὴράσθη
3005 5434 3107 5507 τῆς
3133 5432 3369 5504 ἀδελφῆς
3403 5434 3432 5486 ὁ
3465 5425 3669 5500 Ἀμνὼν
3687 5422 3772 5514 τῇς
3796 5413 3875 5470 αὖ·

2336 5533 2433 5588 τοῦ
2458 5512 2761 5604 ’ἐρασθεὶς
2790 5528 3014 5598 ὕϐρισεν
3042 5527 3123 5590 εἰς
3164 5523 3366 5597 αὐτὴν,
3398 5520 3622 5594 ὑϐρίσας
3648 5512 3872 5604 ἐμίσῖδξῖεν

2340 5623 2435 5677 καὶ
2470 5595 2570 5693 τὴν
2621 5618 2778 5692 ὕϐριν
2807 5595 3186 5689 ἐξεπόμπευσε
3222 5595 3320 5668 καὶ
3365 5612 3475 5679 τὴν
3507 5605 3680 5679 μίξιν,
3708 5595 3872 5691 εὐθέως

2343 5707 2650 5784 προστάξας
2682 5708 2791 5764 τινὶ
2840 5705 2945 5761 τῶν
2997 5701 3228 5759 οἰκετῶν
3258 5700 3506 5756 ἐκϐαλεῖν
3550 5695 3768 5752 ἀκουσαν
3792 5695 3870 5749 της

2407 5871 2433 5900 ⁸
2464 5870 2547 5920 Sic
2564 5878 2737 5916 omnes
2756 5878 2872 5914 mss.
2898 5869 3048 5924 atque
3073 5858 3193 5924 edi}:
3209 5896 3221 5915 .
3243 5856 3330 5906 sed
3365 5854 3621 5924 legendum
3648 5827 3863 5894 Ἰεσϐοιθές

2343 5933 2437 5985 uisi
2465 5919 2532 5983 εἰι
2555 5929 2840 5995 μνημονικὸν
2861 5919 3121 5991 ἁμάρτημα
3140 5919 3488 5983 Chrysoslomi.
