4138 6430
428 354 524 409 481

430 482 672 529 memor.
702 463 927 534 ejusque
965 479 1180 520 causam
1237 462 1338 517 sibi
1392 463 1698 531 imputans,
1751 458 2015 513 damnatis

431 558 683 612 omnibus
722 556 985 611 infelicius
1031 553 1278 623 degebat.
1339 553 1450 608 Etsi
1514 553 1654 606 enim
1704 551 1835 605 nihil
1874 549 2014 602 aliud

433 650 578 704 illum
620 647 982 717 perturbasset
1008 686 1023 711 ,
1068 643 1312 700 sufficere
1364 644 1416 698 id
1470 651 1676 713 poterat
1723 642 1787 695 ad
1830 641 2017 695 vulne-

437 739 661 793 randum
693 736 1167 806 suffocandumque
1191 736 1425 789 animum
1445 773 1459 798 ,
1504 732 1643 803 quod
1676 732 1909 800 Seipsutn
1940 740 2016 784 tet

431 827 772 883 sacerdotum
790 838 1178 896 peremptorem
1209 825 1560 879 existimaret.
1579 823 1687 877 Hac
1717 838 1844 876 vero
1873 821 2016 889 cogi.

434 921 635 974 latione
673 920 885 973 saucius
908 958 923 982 ,
953 934 1073 988 qua:
1115 917 1207 971 diu
1235 925 1501 985 noctuque
1531 916 1648 985 plus
1690 929 1845 983 quam
1874 914 2014 966 tinea

435 1010 601 1079 ipsius
627 1008 945 1063 corrodebat
969 1008 1204 1062 animum
1235 1047 1250 1071 ,
1281 1016 1337 1061 et
1388 1006 1489 1059 alia
1515 1004 1768 1073 deinceps
1797 1003 2014 1055 vulnera

436 1099 691 1153 continua
719 1113 781 1151 ac
810 1107 1063 1167 perpetua
1093 1095 1453 1165 suscipiebat:
1485 1094 1681 1163 quippe
1700 1108 1819 1146 cum
1848 1090 2015 1145 Nabal

437 1206 533 1258 per
579 1204 764 1243 servos
819 1203 945 1242 suos
973 1202 1093 1242 eum
1143 1183 1479 1241 contumeliis
1524 1184 1796 1245 alliceret,
1836 1180 2016 1251 fugiti-

436 1295 702 1349 vumque,
733 1278 1007 1349 perfugum
1031 1320 1047 1345 ,
1082 1289 1242 1347 atque
1286 1276 1547 1345 ingratutn
1596 1288 1806 1328 servum
1826 1270 2019 1349 pppel-

436 1374 571 1425 taret
595 1411 611 1433 ,
657 1386 761 1424 non
791 1371 905 1425 sine
951 1370 1139 1423 dolore
1166 1367 1327 1423 verba
1359 1366 1447 1420 illa
1477 1366 1732 1434 percepit.
1782 1364 1850 1418 Et
1895 1378 2016 1417 cum

437 1463 504 1518 ad
532 1463 748 1517 Auchus
772 1462 1039 1531 profectus
1079 1474 1322 1513 insanum
1360 1474 1417 1512 se
1470 1457 1728 1512 simulans
1766 1454 2018 1509 concide-

441 1564 517 1609 ret
536 1595 552 1619 ,
578 1562 919 1622 versaretque
943 1551 1125 1606 oculos
1149 1592 1164 1615 ,
1191 1559 1352 1619 atque
1393 1563 1597 1618 spuma:
1626 1547 1909 1615 pluritnum
1950 1558 2017 1597 ex

439 1662 534 1702 one
561 1647 866 1705 dimitteret,
897 1645 1051 1713 longe
1078 1644 1307 1711 amplius
1345 1640 1685 1696 cruciabatur
1707 1679 1722 1703 ,
1755 1653 1915 1707 quam
1943 1637 2019 1691 illi

440 1735 529 1803 qui
557 1750 743 1789 revera
786 1734 1143 1802 corripiuntur
1181 1750 1209 1784 a
1244 1732 1487 1785 daemone
1512 1769 1527 1796 ,
1559 1744 1680 1784 cum
1706 1743 1888 1783 secum
1930 1742 2019 1782 re-

443 1836 653 1894 putaret
680 1827 729 1879 in
751 1842 905 1895 quant
939 1826 1025 1878 ille
1047 1839 1103 1878 se
1123 1824 1488 1877 necessitatem
1515 1820 1840 1883 deduxisset,
1863 1832 2019 1887 quem

442 1919 664 1973 summis
694 1916 966 1972 beneficiis
1005 1914 1228 1970 foverat.
1260 1914 1389 1968 Cum
1421 1929 1547 1968 vero
1590 1911 1855 1982 paululum
1881 1908 2018 1977 apud

445 2012 624 2063 hostes
672 2009 997 2077 quievisset,
1029 2015 1270 2075 essetque
1314 2006 1367 2058 in
1399 2004 1606 2059 hostem
1663 2002 1872 2057 illorum
1924 2001 2022 2055 de-

443 2102 717 2155 ducendus
754 2100 1021 2154 exercitus
1043 2139 1059 2163 ,
1104 2098 1295 2151 invidia
1323 2095 1573 2149 commoti
1620 2093 1873 2148 adversus
1901 2107 2023 2146 cum

444 2202 671 2260 Satrapze
692 2232 709 2256 ,
738 2198 896 2258 atque
948 2189 1021 2242 illi
1050 2187 1186 2256 apud
1215 2202 1392 2256 regem
1446 2200 1598 2239 suum
1645 2182 1984 2238 detrahentes
2008 2224 2022 2247 ,

444 2296 541 2335 suo
584 2281 730 2333 illum
762 2280 1001 2334 exercitu
1057 2278 1379 2347 deturbant,
1430 2275 1589 2329 veluti
1631 2275 1871 2327 inutilem
1925 2273 2025 2327 sibi

445 2384 498 2425 et
543 2372 899 2426 insidiatorem
946 2371 1376 2439 proditoremque
1422 2367 1678 2421 futurum.
1705 2364 1832 2417 [rati
1870 2374 2024 2427 sunt,

447 2466 644 2533 inquit,
673 2465 911 2517 adversus
966 2463 1111 2515 illaut
1164 2471 1385 2530 satrapa:
1436 2458 1833 2527 alienigenarum
1882 2456 2024 2508 dixe-

446 2570 663 2627 runtque
689 2557 793 2623 rrgi
818 2573 837 2609 :
863 2554 1052 2608 Emitte
1077 2554 1233 2606 rit-nm
1256 2593 1271 2617 ,
1299 2561 1343 2603 et
1368 2559 1641 2604 revertatur
1664 2548 1730 2602 ad
1755 2550 1916 2601 locum
1948 2546 2030 2600 ubi

447 2659 495 2699 ta
529 2648 670 2699 illum
709 2645 961 2709 statuisti,
994 2660 1082 2697 nec
1112 2643 1272 2696 veniat
1320 2640 1577 2694 nobiscum
1620 2641 1686 2691 ad
1713 2638 1894 2691 bellum
1919 2676 1934 2700 ,
1986 2646 2030 2689 et

449 2755 546 2788 non
571 2738 634 2788 sit
662 2736 926 2788 insidiator
951 2735 1003 2786 in
1056 2732 1253 2786 castris.
1291 2730 1356 2783 In
1381 2746 1480 2799 quo
1508 2729 1639 2782 enim
1675 2729 1767 2781 iste
1804 2726 2027 2780 reconci-

449 2824 666 2879 liabatnr
688 2825 892 2877 domino
931 2840 1019 2877 suo
1039 2861 1053 2886 ,
1087 2823 1184 2876 nisi
1208 2823 1259 2874 in
1301 2821 1546 2889 capitibus
1589 2820 1805 2871 virorum
1833 2818 2034 2870 illorum

450 2920 525 2985 (ι.
556 2916 686 2987 llrg.
715 2916 805 2971 29.
834 2917 891 2986 4)
914 2915 938 2967 ?
961 2915 1165 2983 Quibus
1196 2915 1283 2968 ille
1313 2912 1486 2966 verbis
1519 2911 1788 2981 perculsus
1817 2915 2031 2975 accepta

450 3026 656 3065 snuuua
686 3008 998 3062 contumelia
1032 3007 1253 3061 recessit
1279 3018 1510 3061 merens
1538 3044 1555 3069 ,
1586 3018 1648 3055 ac
1667 3001 1881 3055 domum
1908 2998 2035 3053 red-

455 3102 568 3155 iens
632 3109 775 3152 tanta
834 3097 970 3151 mala
1010 3096 1268 3163 ollendit‘,
1322 3103 1375 3148 ut
1420 3109 1553 3163 pene
1598 3105 1826 3146 utosrore
1868 3088 2036 3143 sulfo-

452 3200 682 3246 (aretur.
726 3190 855 3258 Qua:
893 3182 1035 3244 e'nim
1074 3176 1208 3242 tunc
1275 3186 1611 3255 contigerunt
1663 3184 1921 3248 adversa,
1974 3198 2038 3235 ea

453 3292 648 3348 ez-aut,
684 3291 739 3335 ut
784 3264 1009 3351 possent
1032 3279 1254 3348 pnevisa
1296 3278 1455 3332 etiam
1494 3276 1633 3330 illius
1671 3274 1906 3328 animum
1959 3281 2038 3326 te-

457 3375 637 3428 nebris
666 3372 935 3427 obducere
964 3389 976 3422 :
1006 3385 1164 3440 porro
1206 3385 1272 3423 ex
1312 3370 1581 3437 insperato
1615 3364 2041 3435 supervenientia

456 3466 619 3535 duplo
648 3481 805 3534 quant
844 3474 997 3518 erant
1040 3462 1282 3532 graviora
1327 3458 1643 3513 ridebantur
1669 3499 1682 3519 ,
1715 3470 1887 3525 neque
1931 3455 2040 3523 jam

460 3557 778 3611 tolerabilia.
810 3555 1023 3609 Abierat
1052 3554 1195 3608 enim
1245 3552 1333 3604 ille
1379 3550 1528 3619 quasi
1558 3549 1833 3618 quieturus
1858 3545 2040 3609 domi,

461 3648 709 3702 ιιιωιυτίε
740 3645 992 3716 praeteriti
1019 3642 1434 3698 Consolationem
1464 3640 1770 3693 inventurus
1793 3677 1808 3702 ,
1851 3652 2044 3689 uxores

461 3740 664 3794 scilicet
703 3754 765 3792 ac
810 3738 1006 3790 liberos
1035 3778 1049 3800 ,
1103 3750 1224 3788 cum
1290 3741 1507 3801 repente
1559 3730 1758 3784 audivit
1807 3729 1924 3782 illos
1992 3728 2043 3780 in

461 3830 734 3884 servitium
769 3827 839 3881 ab
863 3825 1106 3881 hostibus
1135 3823 1421 3885 abductos,
1453 3822 1683 3889 viditque
1716 3821 1888 3888 ignem
1915 3860 1928 3883 ,
1965 3817 2046 3870 fa-

465 3935 630 3983 tuum,
668 3918 977 3988 sanguinem
1009 3958 1024 3983 ,
1064 3916 1357 3979 cadavera;
1395 3924 1553 3981 atque
1604 3921 1887 3980 antequam
1917 3912 2049 3965 istos

467 4012 671 4080 lugeret
703 4051 718 4075 ,
763 4008 1107 4077 captivosque
1133 4005 1388 4070 deﬁeret,
1425 4004 1632 4057 irruunt
1679 4003 1730 4055 in
1774 4017 1897 4056 eum
1926 4000 2050 4053 feris

442 4104 715 4159 omnibus
749 4100 1031 4153 immanius
1076 4082 1397 4152 habitatores
1434 4096 1661 4149 civitatis
1697 4132 1712 4157 ,
1750 4101 2051 4160 quarreutes

470 4196 659 4264 singuli
682 4207 898 4247 casuum
924 4206 1141 4245 suorum
1171 4187 1585 4241 Consolationetn
1604 4199 1670 4237 ex
1697 4184 1834 4236 illius
1855 4181 2050 4251 capite.

473 4289 541 4341 lit
594 4284 1037 4357 quemadmodum
1078 4296 1198 4336 cum
1239 4280 1377 4333 venti
1406 4277 1655 4333 contrarii
1698 4276 1749 4329 in
1795 4289 1942 4328 mare
1983 4274 2054 4327 ir—

473 4388 662 4444 ruunt,
695 4380 877 4447 ingens
916 4386 970 4431 et
995 4390 1137 4430 θωνα
1164 4372 1390 4442 procella
1430 4384 1495 4423 ex
1525 4384 1586 4423 ea
1619 4383 1789 4436 pugna
1819 4365 2053 4419 concita-

476 4484 560 4526 tur
590 4489 601 4523 :
631 4473 699 4524 ita
730 4480 784 4525 et
823 4482 946 4523 tunc
988 4468 1196 4522 tristitia
1226 4473 1282 4519 et
1318 4472 1460 4517 metu
1479 4461 1606 4531 justi
1636 4460 1793 4528 hujus
1837 4465 2019 4526 pcrtur
2039 4486 2054 4498 ο

478 4562 725 4618 bantibus
766 4562 1027 4622 animum,
1082 4566 1366 4626 tempestas
1386 4553 1649 4607 lmaxima
1696 4548 2059 4615 tumultusque

480 4656 667 4708 barum
720 4652 1023 4721 passionum
1078 4650 1303 4702 invicem
1343 4661 1402 4700 se
1453 4640 1815 4699 collidentiutn
1862 4639 2059 4708 jugiter

480 4748 669 4799 iuet-at.
699 4743 829 4797 Cum
864 4750 1039 4795 autem
1090 4739 1171 4792 his
1202 4740 1415 4807 elapsus
1452 4736 1604 4790 malis
1651 4747 1844 4786 uxores
1871 4745 1933 4784 ac
1963 4746 2059 4783 na-

483 4848 563 4888 tos
601 4835 1063 4905 captivitatetnque
1125 4845 1340 4884 omnem
1398 4828 1723 4897 recepisset,
1778 4833 2062 4891 antequam

485 4926 717 4980 victoria:
749 4925 890 4979 illius
915 4922 1181 4990 voluptate
1224 4919 1489 4973 frueretur
1511 4958 1527 4983 ,
1570 4917 1912 4970 iniustissime
1944 4929 2064 4983 per-

485 5034 674 5074 eassus
713 5025 796 5072 est
841 5014 1025 5069 nuntio
1052 5054 1067 5079 ,
1111 5020 1335 5066 mortem
1394 5007 1635 5064 Jouathan
1681 5005 2063 5075 comperiens:

486 5127 604 5179 quae
649 5110 789 5165 illius
817 5106 1052 5161 animum
1085 5112 1229 5158 tanto
1272 5102 1459 5156 dolore
1488 5098 1772 5169 prostravit
1794 5138 1808 5157 .
1840 5104 2067 5166 quantus

488 5218 553 5254 ex
578 5201 716 5255 illius
744 5196 1121 5253 lamentatione
1146 5194 1503 5263 cognoscitur.
1549 5188 1739 5242 Incidit
1776 5186 1918 5241 enim
1943 5227 1957 5248 ,
1987 5184 2068 5237 in-

491 5293 633 5360 quit,
663 5306 813 5359 super
859 5304 937 5342 me
979 5286 1177 5339 dilectio
1222 5284 1327 5348 tui,
1359 5282 1502 5352 quasi
1558 5280 1758 5333 dilectio
1804 5276 2068 5330 mulierum

496 5385 570 5452 (2.
599 5382 728 5451 Reg.
777 5382 827 5436 l.
868 5379 982 5451 26).
1029 5378 1165 5446 Quid
1204 5387 1380 5430 autem
1433 5370 1838 5428 lamentationes
1887 5382 2072 5438 prose-

493 5474 669 5546 quar?
707 5472 806 5539 Qui
839 5472 979 5527 enim
1026 5482 1228 5541 patrem
1277 5468 1457 5532 illius,
1503 5463 1868 5519 insidiatorem
1914 5474 2069 5513 sumn

494 5577 651 5641 atque
675 5566 945 5624 inimicum
968 5576 1020 5621 et
1040 5566 1129 5637 qui
1153 5564 1343 5620 millies
1365 5570 1588 5615 mortem
1609 5573 1759 5613 suam
1790 5554 2075 5621 concupie-

498 5678 599 5733 rat,
632 5668 701 5721 ita
728 5663 872 5720 llerit
891 5704 905 5728 ,
949 5662 1075 5731 quid
1114 5673 1302 5729 passus
1326 5655 1659 5711 existimetur
1682 5692 1697 5716 ,
1738 5664 1860 5703 cum
1890 5647 2037 5700 illttm
2062 5686 2076 5709 ,

498 5762 587 5832 qui
630 5760 731 5815 sibi
760 5760 811 5814 iu
844 5760 945 5813 illis
971 5755 1222 5825 periculis
1268 5767 1480 5819 semper
1524 5749 1833 5809 adstiterat,
1866 5755 1926 5797 ac
1972 5754 2069 5793 ste-

816 5866 1084 5922 PSHtOL.
1120 5856 1238 5911 (in.
1288 5848 1540 5910 XLVII.

1245 351 1335 405 AD
1371 346 1739 406 STACIIlIUli
1779 350 1821 401 Α
1865 343 2163 400 [ΝΕΜΟΝΕ
2210 344 2558 404 ΥΕΧᾹΤΠΜ.
2602 348 2710 403 LIB
2770 347 2855 403 lll.

3594 346 3696 407 ιω

2125 459 2339 525 pissime
2371 462 2534 529 patris
2562 462 2766 516 insidiis
2788 464 3083 531 eripuerat,
3118 470 3549 531 secretorumque
3576 476 3699 513 suo-

2124 565 2239 602 rutn
2266 553 2526 618 particeps
2552 551 2741 612 fuerat.
2764 570 2881 606 cum
2910 568 3016 623 quo
3042 562 3194 622 pacta
3233 551 3455 619 plurima
3484 552 3694 612 inierat,

2123 653 2244 692 cum
2274 638 2347 692 illi
2400 649 2737 709 acceptorum
2787 642 3166 697 beneficiorum
3216 642 3384 695 vicem
3419 652 3699 695 restituere

2127 729 2359 790 valeret,
2387 737 2495 782 tum
2531 745 2561 783 e
2607 734 2708 784 vita
2739 731 3031 786 decessisse
3066 732 3291 786 didicit?

2197 821 2249 876 8.
2277 819 2408 876 Cum
2435 822 2608 876 adlme
2632 824 2831 892 vigeret
2864 824 2949 877 illa
2989 825 3312 893 perturbatio
3335 866 3350 889 ,
3381 824 3487 877 alio
3518 838 3700 877 rursus

2128 928 2357 968 maerore
2387 914 2490 968 dux
2522 915 2666 968 illum
2693 931 2803 969 sum
2830 916 3033 969 militia:
3056 918 3344 982 excruciat,
3368 918 3491 970 dttm
3524 917 3700 971 Abeu-

2131 1021 2226 1059 ner
2250 1044 2265 1069 ,
2306 1007 2391 1074 qui
2421 1009 2537 1059 sine
2559 1006 2735 1060 labore
2761 1044 2774 1071 ,
2802 1008 2908 1059 itno
2934 1016 2986 1059 et
3014 1022 3132 1059 cum
3161 1007 3407 1062 facilitate
3435 1008 3577 1060 omni
3624 1018 3701 1059 to-

2093 1166 2101 1175 .
2129 1109 2238 1150 tum
2267 1097 2339 1150 illi
2371 1097 2665 1151 exercitum
2695 1112 2752 1151 se
2785 1097 3128 1164 prasbiturum
3183 1099 3446 1166 pollicitus
3490 1101 3656 1151 fuerat
3684 1134 3697 1162 ,

2127 1198 2250 1243 ante
2281 1188 2547 1256 impletatn
2597 1188 3023 1256 pollicitationem
3071 1204 3335 1255 occupans
3363 1231 3376 1250 ,
3406 1189 3586 1241 fraude
3624 1189 3702 1240 in-

2130 1279 2345 1332 terimit.
2377 1279 2469 1333 Cui
2497 1280 2627 1332 ca-di
2675 1278 2727 1331 in
2760 1288 2960 1331 tantum
3012 1279 3316 1344 condoluit,
3369 1288 3426 1331 ιιι
3474 1289 3526 1331 et
3580 1290 3705 1331 tunc

2130 1370 2265 1423 mala
2310 1370 2441 1424 Joab
2472 1370 2854 1439 imprecarctur
2881 1411 2895 1433 ,
2944 1380 3000 1424 et
3037 1371 3153 1439 ipso
3194 1374 3380 1424 mortis
3407 1386 3517 1424 sui:
3567 1381 3703 1424 tem-

2131 1477 2258 1530 pore
2289 1461 2397 1515 lilio
2417 1463 2703 1531 imperaret
2731 1502 2745 1524 ,
2778 1471 2834 1516 ut
2862 1462 3113 1519 ultionem
3140 1464 3206 1516 ab
3235 1480 3300 1517 eo
3329 1463 3456 1515 tanti
3484 1462 3705 1516 sceleris

2129 1552 2404 1635 exigeret:
2430 1566 2491 1605 ac
2534 1552 2696 1606 verba
2724 1552 2835 1621 ipsa
2883 1553 3271 1607 lamentationis
3300 1567 3408 1605 sua:
3436 1553 3710 1620 perturba-

2131 1645 2328 1699 tionem
2360 1645 2521 1698 animi
2577 1645 2717 1699 illius
2757 1645 2907 1700 facile
2954 1645 3106 1698 nobis
3146 1645 3416 1698 insinuare
3464 1657 3703 1712 possunt.

2133 1735 2357 1789 Elevavit
2404 1736 2535 1789 enim
2562 1752 2681 1801 rex,
2713 1736 2879 1806 inquit
2907 1777 2920 1800 ,
2950 1752 3117 1790 vocem
3144 1753 3286 1789 suam
3310 1777 3325 1801 ,
3360 1752 3419 1789 ac
3444 1737 3580 1804 ﬂevit
3619 1752 3708 1789 sn-

2134 1842 2221 1894 per
2245 1827 2437 1881 tumulo
2479 1827 2710 1882 Abenner
2736 1870 2752 1893 ,
2782 1838 2828 1882 et
2857 1826 2984 1882 dixit
3025 1844 3043 1881 :
3070 1827 3129 1882 Si
3178 1828 3451 1880 secundum
3503 1842 3711 1879 mortem

2136 1917 2308 1972 Nabal
2359 1920 2596 1973 morietur
2644 1920 2912 1983 Abenner,
2966 1934 3147 1971 manus
3199 1929 3297 1971 tute
3360 1935 3458 1971 non
3509 1924 3711 1987 [nerunt

2136 2010 2311 2064 vineae
2335 2051 2350 2073 ,
2380 2027 2540 2080 neque
2589 2012 2739 2081 pedes
2768 2012 2840 2063 tui
2881 2011 2932 2063 in
2979 2011 3297 2079 compedibus
3322 2050 3336 2073 ,
3370 2025 3525 2071 neque
3549 2023 3713 2060 (troes-

2136 2102 2245 2157 sisti
2282 2102 2411 2156 sicut
2440 2102 2608 2155 Nabal
2641 2117 2659 2154 :
2682 2118 2852 2155 coram
2907 2101 3014 2168 ﬁlio
3056 2101 3330 2169 iniquitatis
3356 2100 3586 2152 corruisti
3632 2103 3709 2168 (2.

2139 2192 2266 2265 Reg.
2298 2195 2351 2248 5.
2380 2193 2608 2263 52⁸54).
2636 2192 2772 2259 Quid
2799 2193 2956 2260 igitur
2982 2199 3097 2260 post
3129 2190 3244 2244 hmc
3268 2192 3290 2243 ?
3339 2192 3467 2244 Dolo
3507 2192 3710 2243 interli-

2138 2287 2275 2340 citur
2320 2286 2744 2355 Memphibostlte
2773 2288 2788 2317 ⁸
2815 2326 2829 2347 ,
2876 2284 3236 2352 successitque
3282 2284 3403 2338 hinc
3453 2298 3650 2338 numm-
3696 2299 3709 2343 ;

2138 2379 2334 2448 quippe
2381 2386 2437 2431 et
2478 2378 2625 2432 illum
2688 2379 2759 2430 ita
2811 2376 2943 2429 luxit
2991 2386 3205 2444 postea,
3252 2385 3306 2426 ut
3349 2373 3718 2427 interfectores

2138 2470 2254 2538 ejus
2280 2476 2453 2522 morte
2500 2468 2785 2522 mulctaret
2813 2485 2827 2520 :
2857 2466 3050 2521 cohors
3096 2466 3219 2518 item
3249 2464 3555 2517 claudornm
3614 2463 3713 2513 ob-

2134 2561 2277 2629 jecta
2316 2560 2462 2613 illum
2507 2557 2787 2611 immodice
2826 2557 3075 2610 turbavit.
3135 2555 3224 2608 Eis
3270 2564 3444 2606 tamen
3496 2554 3718 2620 altiSqne

2144 2651 2387 2705 hostibus
2410 2649 2677 2703 nonnullis
2699 2648 2994 2717 superatis,
3022 2660 3201 2698 arcam
3246 2643 3443 2712 ingenti
3474 2656 3593 2696 cum
3625 2643 3719 2694 lae-

2146 2746 2258 2795 tttia
2303 2740 2555 2793 reducere
2602 2738 2829 2791 instituit
2875 2736 2950 2806 (2.
2986 2736 3110 2804 Reg.
3145 2733 3200 2787 6.
3234 2732 3321 2802 5).
3367 2732 3559 2787 Verum
3597 2746 3719 2783 Cllm

2145 2846 2209 2887 ea
2238 2831 2608 2891 reduceretur,
2639 2827 2991 2896 gaudentibus
3017 2823 3291 2885 omnibus,
3333 2824 3383 2876 in
3415 2822 3592 2875 medio
3633 2821 3723 2872 lm-

2152 2924 2281 2976 titiat
2332 2936 2418 2975 res
2454 2921 2706 2989 contigit,
2737 2934 2856 2989 qua:
2885 2917 3207 2985 voluptatem
3259 2916 3571 2968 obscuraret
3605 2929 3723 2965 om-

2150 3015 2292 3067 nium
2316 3054 2331 3079 ,
2377 3014 2621 3082 regiSque
2642 3013 2875 3064 anitnunt
2906 3009 3101 3077 ingenti
3124 3007 3308 3061 dolore
3337 3022 3401 3059 ac
3430 3017 3572 3060 metu
3600 3020 3730 3059 con-

2150 3106 2375 3160 foderet.
2413 3103 2518 3159 02a
2560 3104 2700 3156 enim
2747 3118 2866 3154 cum
2901 3101 3058 3153 vellet
3104 3114 3281 3152 arcam
3327 3098 3588 3151 labantem
3619 3098 3727 3147 eri-

2148 3214 2273 3271 gere
2298 3241 2312 3262 ,
2350 3198 2437 3251 Dei
2466 3196 2742 3250 confestim
2773 3192 3039 3246 iracundia
3075 3203 3354 3259 percussus
3383 3205 3446 3240 ac
3486 3197 3727 3240 mortuus

2150 3300 2233 3347 est
2262 3308 2273 3342 :
2307 3302 2475 3356 usque
2526 3286 2662 3338 adeo
2699 3293 2875 3336 autem
2915 3281 3052 3350 regis
3103 3281 3337 3333 animum
3403 3285 3575 3331 metus
3628 3277 3730 3329 iste

2152 3381 2460 3443 commovit,
2489 3387 2546 3431 ut
2589 3392 2693 3430 non
2726 3376 2870 3444 prius
2908 3372 3125 3425 auderet
3154 3384 3332 3423 arcam
3374 3369 3440 3421 ad
3478 3383 3534 3420 se
3565 3369 3732 3420 intro.

2152 3475 2349 3528 ducere
2377 3516 2389 3534 ,
2415 3488 2569 3542 quam
2603 3468 2905 3523 addisceret
2956 3479 3188 3536 quonam
3230 3462 3390 3516 tnodo
3435 3477 3558 3530 erga
3607 3476 3729 3514 eum

2154 3582 2213 3621 se
2256 3574 2497 3634 gereret,
2527 3562 2615 3631 qtti
2665 3562 2805 3614 illam
2856 3566 3166 3627 susceperat
3193 3555 3491 3608 Abeddara.
3543 3555 3732 3607 Postea

2157 3670 2369 3713 mortuo
2422 3656 2840 3709 Annnanitarum
2882 3665 3007 3721 rege
3025 3648 3100 3717 (2.
3122 3644 3245 3716 Reg.
3265 3643 3442 3714 10.2),
3469 3657 3581 3695 rem
3612 3646 3736 3698 boni

2157 3767 2221 3805 ac
2253 3750 2461 3821 benigni
2495 3747 2724 3801 hominis
2772 3744 3007 3804 faciens,
3040 3738 3181 3794 misit
3207 3742 3293 3810 qui
3334 3738 3737 3792 consolarentur

2159 3847 2325 3900 lilium
2369 3847 2505 3912 ejus,
2550 3841 3036 3910 persuaderentque
3065 3833 3445 3904 pati-isobitnzu
3479 3832 3740 3899 patienter

2162 3940 2411 3993 tolerare.
2464 3935 2599 3988 Tum
2659 3934 2747 3985 ille
2799 3945 2896 4000 pro
2956 3929 3156 3981 honore
3217 3937 3463 3992 suscepto
3536 3922 3743 3990 injuriis

2161 4032 2419 4085 abeuntes
2445 4034 2795 4096 prosequatus
2823 4020 3198 4096 deho‘nestatos
3220 4017 3422 4071 remisit
3448 4015 3512 4067 ad
3537 4028 3736 4081 regem.

2160 4082 2569 4177 Etrutnnedtoc
2599 4082 2694 4169 tibi
2731 4082 2998 4167 viderett’r
3042 4111 3109 4163 ad
3158 4108 3450 4162 feriendum
3481 4105 3741 4171 dejicien-

2162 4216 2395 4282 dumque
2424 4208 2699 4263 animum?
2724 4221 2898 4259 annon
2930 4203 3126 4257 bellum
3155 4199 3281 4253 hinc
3309 4208 3359 4252 et
3390 4212 3493 4250 non
3538 4196 3642 4247 alia
3678 4194 3744 4247 de

2165 4320 2321 4361 causa
2359 4312 2641 4371 sequutum
2677 4298 2726 4351 id
2767 4295 3029 4359 ostendit,
3059 4292 3198 4361 quod
3242 4290 3293 4342 in
3325 4296 3528 4341 tantum
3578 4285 3742 4339 velte-

2169 4396 2380 4451 mcutizn
2427 4403 2763 4461 progressum
2794 4396 2909 4449 est,
2942 4395 2997 4438 ut
3050 4380 3343 4436 innumeris
3396 4379 3541 4430 illum
3591 4373 3745 4427 malis

2167 4485 2446 4542 afﬁceret?
2469 4482 2727 4538 Sufficere
2755 4477 2969 4549 quidem
3021 4481 3075 4527 et.
3114 4474 3210 4526 ista
3244 4478 3505 4539 poterant,
3539 4464 3747 4519 etiamsi

2169 4580 2247 4633 eis
2271 4576 2531 4648 quispiam
2562 4575 2838 4628 innumera
2859 4567 3087 4637 jucunda
3120 4563 3481 4634 permisceat,
3514 4560 3580 4613 ad
3607 4556 3748 4612 illius

2171 4674 2331 4727 vitam
2371 4672 2510 4725 inter
2549 4682 2643 4722 eos
2669 4662 3048 4719 mmterandam
3069 4701 3083 4723 ,
3115 4658 3204 4726 qui
3232 4658 3282 4710 in
3315 4657 3457 4709 luctu
3503 4662 3557 4706 et
3585 4652 3747 4704 mise-

2174 4766 2266 4819 riis
2297 4766 2541 4817 vixerunt
2574 4778 2587 4815 :
2620 4768 2674 4813 at
2702 4758 2821 4811 talia
2855 4753 3191 4824 postmodum
3234 4755 3455 4818 sequuta
3496 4752 3622 4798 sunt
3653 4784 3664 4803 ,
3694 4753 3746 4794 ιιι

2175 4873 2273 4912 nec
2302 4857 2428 4909 olim
2471 4868 2599 4906 vere
2651 4850 2818 4903 tristia
2847 4847 2952 4915 pati
2984 4845 3210 4912 coepisse
3238 4842 3496 4894 videatur.
3546 4834 3755 4901 Quippe

2178 4948 2384 5003 fabulas
2410 4957 2598 4997 omnes
2625 4951 2951 5007 omnemque
2980 4934 3292 5004 tragtediam
3337 4929 3577 4981 vicerunt
3605 4924 3749 4991 regis

2179 5043 2336 5110 hujus
2382 5037 2755 5095 calamitates:
2789 5033 2924 5084 adeo
2996 5035 3299 5098 portentosa
3353 5030 3407 5074 et
3460 5015 3758 5085 frequentia

2179 5107 2358 5189 domui
2396 5130 2510 5199 ejus
2534 5127 2806 5195 contigere
2835 5123 2971 5175 mala
2993 5161 3007 5182 ,
3034 5134 3155 5173 cum
3182 5113 3512 5171 calamitates
3533 5107 3755 5160 aliarum

2179 5225 2539 5280 calamitatum
2564 5216 2804 5272 remedio
2843 5220 3181 5268 curarentur.

2255 5311 2543 5371 Sceleribus
2613 5304 2832 5375 ﬁliorum
2874 5302 3108 5374 afﬂigitur
3149 5285 3757 5348 David—Considera,

2182 5419 2400 5476 quaeso:
2447 5397 2711 5454 adamarit
2740 5408 2978 5449 sororem
3009 5390 3241 5443 Thamar
3268 5384 3500 5444 Amnon,
3531 5385 3762 5431 amatam

2184 5468 2233 5552 vi
2261 5494 2548 5568 oppressit,
2591 5502 2900 5560 Oppressam
2930 5481 3054 5539 odio
3091 5478 3307 5538 habuit,
3339 5484 3564 5540 eamque
3594 5468 3764 5520 viola-

2251 5683 2265 5713 ι
2290 5678 2362 5727 sic
2374 5686 2546 5724 on-nes
2568 5679 2671 5720 Mss.
2690 5673 2832 5727 atque
2848 5662 2981 5719 editi;
2999 5661 3087 5727 sed
3108 5656 3388 5722 tegendum,
3412 5651 3662 5705 Imhostltt’,
3682 5647 3769 5696 nisi

2192 5744 2253 5790 sit
2274 5723 2449 5789 mit—emt
2461 5738 2603 5785 sticus
2623 5723 3102 5789 ert'urt‘ltry..USIOIIti.

3367 5798 3446 5856 κδ
