4138 6452
486 377 590 435 683

484 491 682 545 tionem
714 487 1459 555 nefariumquescoucubitum
1480 488 1594 556 ipse
1626 487 1876 558 patefecit
1901 488 2055 542 alicui

1189 375 1245 430 S.
1284 371 1561 430 JOANNIS
1596 371 2070 430 CHRYSOSTOMI
2104 370 2421 428 ARCHIEP.
2461 368 2994 428 CONSTANTINOP.

3652 361 3757 420 4³η

2171 486 2337 540 videat
2375 486 2708 540 humilitatem
2746 500 2929 548 "team,
2971 482 3308 552 retribuatque
3345 481 3466 536 mihi
3512 478 3760 533 Dominus

484 595 552 637 ex
580 581 775 640 servis.
806 579 1065 635 mandans
1091 580 1386 635 uvinvitam
1415 581 1633 650 pelleret
1661 580 1852 647 domo,
1877 595 1941 635 ac
1971 596 2065 650 per
2167 578 2297 633 bona
2312 595 2406 647 pro
2424 575 2772 631 maledictione
2786 575 3052 644 dieihujus
3076 572 3152 646 (ἓ.
3180 566 3409 644 Reg.l6.
3433 564 3628 636 10-12)
3650 570 3755 629 ;vi-

485 672 713 741 plateam
744 673 1011 728 emitteret
1030 670 1367 727 clamantem
1409 673 1831 742 plorantemque.
1863 672 1916 727 id
1943 689 2062 728 cuiu
2168 683 2290 743 vum
2320 667 2389 722 ab
2408 682 2467 721 se
2489 667 2638 722 abire
2667 665 2926 735 permisit.
2951 662 3051 733 Ipsi
3079 671 3254 717 autem
3275 660 3440 716 Cbusi
3466 660 3758 715 adventuum

384 828 394 835 .
484 760 760 816 didicisset
785 761 1070 828 Absalom,
1094 762 1177 817 .ad
1210 763 1485 832 prandium
1513 762 1706 818 fratres
1732 762 1917 816 invitat
1945 762 2064 815 uni-

486 866 692 917 versos,
720 852 858 907 inter
883 866 1017 923 quos
1054 862 1109 907 et
1145 861 1414 922 stuprator
1445 852 1531 907 ille
1567 853 1805 907 sororius
1841 850 2064 916 aderat,

488 941 736 998 edentem
765 943 912 998 illum
952 958 1071 998 cum
1100 945 1308 999 czeteris
1337 952 1495 1014 atque
1522 943 1793 999 bibentem
1825 958 1919 1012 per
1946 956 2064 997 ser-

490 1049 589 1089 vos
614 1035 842 1105 jugulat.
872 1035 999 1090 lude
1026 1036 1289 1106 quispiam
1316 1051 1643 1106 exsurgens,
1676 1049 1774 1090 nec
1802 1034 1959 1104 plene
1990 1033 2064 1087 rei

489 1134 653 1194 geste
677 1126 920 1182 ordinem
951 1141 1178 1182 noscens
1205 1127 1274 1181 ob
1299 1116 1578 1181 tumultum
1603 1166 1619 1193 ,
1671 1125 1782 1196 regi
1830 1131 2069 1179 mortuos

490 1231 681 1271 omnes
700 1217 840 1273 illius
863 1218 999 1274 lilios
1018 1220 1314 1274 annuntiat.
1329 1218 1478 1274 Tunc
1498 1218 1588 1274 ille
1606 1217 1796 1273 sedens
1820 1217 2066 1283 filiorum,

490 1324 611 1379 quae
642 1326 746 1364 non
773 1320 890 1365 erat
914 1351 929 1378 ,
972 1312 1182 1381 lugebat
1218 1312 1442 1366 caedem.
1464 1310 1757 1381 Postquam
1792 1325 1915 1364 rem
1948 1324 2071 1364 vero

493 1411 697 1473 gestam
752 1404 937 1470 novit,
991 1404 1102 1459 lilio
1146 1404 1362 1474 quidem
1405 1404 1777 1459 interminatus
1816 1410 1900 1456 est
1936 1415 2073 1455 mor-

495 1503 637 1556 tem;
666 1509 787 1548 cum
817 1508 943 1549 vero
968 1494 1054 1549 ille
1083 1492 1370 1565 ell‘ugisset,
1406 1503 1682 1562 totumque
1707 1492 1992 1549 triennium
2019 1492 2071 1546 in

496 1586 671 1641 aliena
700 1587 919 1642 vixisset
962 1588 1203 1658 regione,
1256 1596 1369 1642 toto
1395 1587 1487 1642 illo
1516 1597 1753 1657 tempore
1805 1601 1903 1641 rex
1947 1600 2072 1655 per-

500 1678 693 1734 mansit
724 1680 888 1734 iratus
911 1688 1011 1735 z'et
1049 1690 1270 1736 ne‘tunc
1296 1680 1510 1751 quidem
1542 1680 1691 1735 illum
1720 1680 2068 1744 accersisset,

499 1769 601 1823 nisi
626 1783 749 1823 eum
779 1769 1037 1825 ducissui
1083 1771 1344 1841 sapientia
1373 1770 1629 1826 flexisset.
1660 1769 1752 1824 ‘Eo
1779 1778 1956 1824 autem
1985 1782 2075 1823 ac-

496 1858 713 1922 cersito,
748 1874 816 1914 ne
841 1860 920 1914 sic
945 1860 1159 1931 quidem
1189 1861 1563 1916 exstincta‘est
1586 1860 1786 1915 doloris
1829 1859 2040 1913 ﬂamma
2058 1900 2073 1925 ,

497 1948 594 2005 sed
605 1950 739 2005 duos
753 1952 1277 2007 rursusannosillum
1295 1962 1511 2023 aspectu
1529 1951 2079 2021 removitsuomixque

495 2044 619 2108 post
637 2040 772 2095 adeo
800 2042 1297 2113 prolixum‘tempus
1319 2059 1350 2098 a
1373 2044 1517 2098 duce
1529 2053 1776 2098 exoratus
1799 2042 1909 2097 suis
1929 2042 2077 2096 illum

496 2130 802 2199 aspectibus
846 2131 1096 2201 dignatus
1143 2141 1244 2187 est.
1280 2135 1350 2188 At
1376 2148 1506 2188 vero
1532 2134 1620 2188 ille
1668 2134 1854 2187 barum
1898 2147 2077 2186 rerum

496 2221 754 2275 memoria
787 2220 1108 2292 indignatus,
1134 2223 1248 2279 sive
1270 2223 1403 2279 alias
1430 2223 1761 2295 tyrannidem
1787 2221 2040 2278 aii‘eetans
2064 2263 2079 2288 ,

499 2309 725 2380 insurgit
749 2311 803 2366 in
835 2321 1077 2382 patrem,
1132 2314 1386 2385 illumque
1433 2329 1617 2368 rursus
1639 2313 1710 2368 ad
1750 2312 1901 2384 fugas
1927 2327 2079 2367 erro—

498 2415 712 2471 resque,
745 2417 881 2471 quos
909 2417 1193 2473 perpessus
1222 2414 1339 2459 erat
1379 2404 1478 2459 sub
1502 2404 1629 2459 Sabl
1649 2444 1663 2467 ,
1690 2411 1942 2458 revocat:
1975 2402 2081 2456 imo

499 2491 575 2548 illi
605 2494 774 2549 multo
823 2495 1100 2550 molestior
1143 2496 1377 2567 ea‘fnga,
1418 2511 1576 2566 quam
1605 2497 1752 2566 prior
1801 2495 1921 2550 fuit.
1951 2495 2081 2550 Nam

490 2582 645 2652 prius
670 2584 883 2653 quidem
907 2584 1011 2641 dux
1036 2599 1165 2641 cum
1177 2595 1340 2654 esset,
1373 2586 1471 2642 ista
1500 2600 1782 2657 perpessus
1806 2594 1919 2641 est:
1944 2598 2083 2639 nunc

497 2680 676 2728 autem
705 2688 825 2728 cum
852 2676 1007 2731 anuis
1036 2674 1275 2746 plurimis
1304 2685 1612 2747 regnasset,
1661 2676 1950 2746 hostesque
1974 2675 2084 2730 fere

486 2775 689 2816 omnes
719 2773 1048 2832 superasset,
1081 2765 1312 2836 migrare
1348 2766 1647 2836 cogebatur
1671 2805 1686 2830 ,
1736 2778 1800 2820 ac
1826 2764 2084 2836 profugus

501 2851 616 2907 ﬂeri
643 2869 658 2906 :
690 2854 779 2923 qui
807 2863 985 2909 autem
1018 2855 1165 2910 illum
1183 2856 1469 2926 profugum
1496 2856 1708 2927 agebat,
1741 2871 1849 2911 non
1877 2856 2085 2915 alienus

502 2941 768 3012 quispiam
792 2982 809 3009 ,
840 2944 955 2999 sive
988 2945 1157 3000 Ιιοδιίε
1182 2955 1296 3000 erat
1320 2985 1334 3009 ,
1375 2946 1480 3001 sed
1519 2947 1607 3016 qui
1631 2961 1697 3001 ex
1729 2945 1895 3016 ipsius
1933 2954 2086 3002 utero

490 3046 759 3102 egressus
784 3034 995 3103 fuerat,
1036 3037 1174 3091 sicut
1211 3048 1268 3091 et
1294 3036 1828 3107 ipse-lamentabatur
1870 3038 2089 3108 plorans

492 3123 603 3193 (ἃ.
634 3124 762 3196 Reg.
804 3126 892 3182 t6.
926 3127 985 3183 ll
1012 3125 1057 3200 ).
1102 3126 1169 3181 Et
1198 3127 1323 3182 olim
1370 3128 1585 3198 quidem
1634 3143 1757 3184 cum
1789 3129 1840 3183 in
1878 3128 2089 3186 fervore

499 3225 643 3271 esset
657 3217 848 3282 aetatis,
868 3217 1005 3274 ferre
1026 3219 1272 3275 universa
1292 3218 1499 3275 fortiter
1508 3229 2088 3291 poterat;~nunc-autem

502 3306 597 3362 illo
628 3315 868 3377 tempore
887 3324 1124 3375 emenso,
1156 3311 1370 3381 quando
1389 3311 1678 3367 senectutis
1700 3328 1814 3368 sua:
1841 3313 2089 3369 solatium

503 3397 788 3453 scelestum
819 3398 969 3455 illum
997 3400 1192 3457 habere
1217 3401 1476 3457 debuerat
1498 3444 1513 3469 ,
1544 3411 1667 3459 tunc
1697 3403 1927 3459 maxime
1947 3403 2088 3460 insi.

504 3488 713 3544 diosum
740 3491 947 3561 sibique
979 3478 1393 3547 infestissimum
1436 3494 1720 3551 sentiebat.
1763 3495 2088 3565 Egredieba-

426 3603 432 3606 έ
507 3591 696 3650 turque
722 3597 841 3637 cum
874 3584 1074 3652 paucis,
1091 3585 1328 3653 pedibus
1354 3585 1510 3641 nudis
1530 3603 1643 3650 rex,
1674 3602 1734 3644 se
1760 3604 1868 3657 pra:
1889 3587 2092 3658 pudore

504 3677 798 3741 occultans,
834 3678 1202 3750 «acdacrymas
1232 3678 1478 3734 fundens.
1504 3679 1708 3735 Bellum
1737 3680 1931 3751 quippe
1962 3680 2091 3737 illud

506 3784 610 3824 non
637 3770 958 3825 calamitatis
987 3781 1221 3837 tantum,
1246 3771 1697 3829 sedconfusionis
1738 3789 1949 3845 quoque
1968 3789 2094 3829 ma-

509 3861 639 3916 teria
671 3861 744 3915 illi
774 3870 912 3916 erat.
943 3861 1117 3917 Tanto
1139 3863 1726 3918 euimcontumeliosus
1752 3879 1912 3935 quam
1941 3864 2090 3934 Sat'll,

2171 759 2597 830 praestolabatur,
2630 755 2994 825 sollicitusque
3019 769 3082 809 ac
3107 765 3343 809 tremens
3371 751 3448 807 rei
3471 762 3753 821 exspecta-

2173 853 2262 907 bat
2306 852 2529 908 exitum.
2560 851 2629 907 Ut
2653 860 2829 906 autem
2869 860 2922 904 et
2951 849 3048 903 ista
3075 848 3314 902 nuntiata
3356 854 3481 900 sunt
3504 885 3521 910 ,
3563 844 3761 898 bellum

2173 942 2551 1010 instruebatur,
2576 943 2730 998 bellis
2749 941 2997 997 omnibus
3019 956 3136 1010 quae
3152 953 3401 1009 umquam
3421 938 3763 1005 contigerunt

2173 1033 2521 1099 insolentius,
2568 1019 2835 1103 aanigmati
2887 1047 3046 1102 quam
3102 1030 3311 1085 veritati
3356 1029 3606 1083 similius.
3636 1027 3765 1081 Eunt

2126 1187 2137 1197 ,
2172 1126 2315 1181 enim
2339 1126 2428 1197 qui
2448 1140 2608 1181 causa
2631 1125 2803 1181 fuerat
2828 1125 3088 1180 malorum
3110 1124 3370 1190 omnium,
3398 1123 3623 1194 ejusque
3645 1122 3764 1177 belli

2176 1224 2343 1271 totam
2375 1217 2650 1271 materiam
2682 1217 2980 1287 prmbncrat
3003 1254 3020 1281 ,
3049 1225 3104 1271 et
3148 1230 3254 1286 quo
3282 1222 3490 1269 mortuo
3537 1212 3764 1267 adversa

2178 1308 2359 1361 omnia
2390 1307 2712 1362 finiebantur
2735 1349 2748 1373 ,
2780 1323 2902 1362 eum
2930 1349 2945 1372 ,
2978 1308 3214 1377 inquam.
3245 1305 3469 1361 ducibus
3493 1305 3612 1360 suis
3662 1313 3764 1358 tota

2178 1398 2506 1471 providentia
2527 1408 2579 1453 et
2601 1411 2731 1455 cura
2760 1397 3191 1466 commendabat,
3217 1397 3316 1452 ista
3343 1397 3445 1452 illis
3462 1396 3664 1467 jugiter
3687 1411 3767 1450 re-

2173 1488 2418 1558 plicans:
2444 1487 2670 1555 Parcite,
2689 1489 2880 1553 aiebat,
2912 1489 3022 1558 ﬁlio
3045 1505 3154 1543 meo
3179 1487 3415 1543 Absalom
3435 1487 3551 1557 (Id.
3586 1488 3666 1543 l8.
3689 1488 3765 1555 5).

2175 1579 2320 1648 Quid
2340 1578 2448 1635 hac
2471 1579 2810 1634 hmsitatione
2848 1587 2904 1634 et
2930 1580 3275 1649 ambiguitate
3319 1577 3604 1634 deterius?
3642 1578 3766 1647 quid

2169 1686 2244 1727 ea
2274 1671 2586 1727 difﬁcultate
2614 1671 3023 1729 miserabilius?
3048 1670 3333 1740 Suscipere
3361 1670 3563 1724 bellum
3606 1682 3765 1738 enge-

2184 1763 2357 1829 batur,
2392 1763 2445 1817 in
2484 1778 2590 1833 quo
2616 1770 2672 1817 et
2698 1763 2914 1817 vincere
2942 1771 2997 1816 et
3029 1761 3167 1815 vinci
3195 1775 3348 1831 atque
3378 1761 3452 1814 illi
3484 1759 3762 1813 molestum

2184 1861 2319 1908 erat.
2351 1852 2483 1908 Nam
2510 1868 2684 1923 neque
2723 1852 2962 1923 superari
2999 1853 3231 1916 volebat,
3262 1852 3351 1921 qui
3380 1861 3555 1905 tantas
3597 1849 3771 1918 copias

2180 1945 2466 2010 emiserat;
2505 1959 2680 2014 neque
2703 1959 2915 1999 rursum
2940 1957 3212 2013 superare,
3243 1943 3332 2014 qui
3352 1943 3477 1997 belli
3503 1950 3769 1997 auctorem

2188 2035 2367 2091 necari
2391 2035 2729 2105 prohibebat.
2760 2035 2957 2091 Verum
2979 2035 3211 2090 discreto
3234 2034 3389 2099 bello,
3417 2049 3479 2088 ac
3502 2035 3608 2088 tiue
3623 2047 3772 2103 quem

2188 2127 2349 2183 voluit
2375 2127 2514 2183 Deus
2530 2138 2869 2197 eonsequuto
2894 2169 2908 2194 ,
2937 2143 3001 2183 ac
3050 2126 3311 2198 parricida
3340 2127 3431 2181 illo
3458 2124 3765 2187 interfecto,

2188 2219 2406 2291 reliquis
2433 2220 2681 2275 munibus
2716 2220 2768 2274 in
2789 2221 2969 2275 laetitia
2997 2229 3052 2276 et
3073 2219 3266 2291 gaudio
3286 2220 3587 2290 agentibus,
3624 2217 3765 2270 solus

2170 2328 2276 2367 ‘rex
2307 2304 2531 2383 lugebat
2575 2322 2629 2368 et
2672 2313 3085 2384 lacrymabatur,
3130 2326 3195 2369 ac
3221 2312 3455 2382 seipsqu
3501 2293 3809 2366 includens.

2185 2401 2492 2458 defunctum
2531 2403 2887 2472 compellabat
2938 2401 3140 2469 lilium,
3195 2402 3506 2472 ferebatque
3552 2402 3772 2472 graviter

2185 2492 2326 2564 quod
2345 2508 2441 2564 pro
2460 2493 2552 2548 illo
2578 2493 2694 2564 ipse
2726 2508 2831 2548 non
2856 2493 3211 2549 occubuisset.
3233 2493 3358 2561 Quis
3378 2493 3542 2558 enim,
3586 2492 3768 2555 aiebat,

2170 2585 2310 2639 ινκίὴὶ
2334 2587 2464 2639 mori
2491 2601 2584 2655 pro
2609 2594 2658 2640 te
2683 2586 2838 2651 dabit,
2874 2584 3114 2640 Absdiom
3157 2586 3236 2654 ﬁli
3277 2585 3346 2639 mi
3392 2583 3525 2655 (Id.
3565 2600 3618 2637 υ.
3654 2582 3773 2652 33)?

2186 2676 2322 2743 Quid
2352 2677 2450 2731 hac
2477 2677 2778 2731 calamitate
2798 2676 3102 2747 perplexius
3131 2690 3381 2745 umquam
3399 2673 3635 2729 auditum
3657 2673 3771 2728 esu

2178 2766 2411 2835 Quando
2431 2765 2646 2822 fratrem
2676 2767 2763 2822 ille
2790 2775 3091 2835 necaverat,
3114 2766 3286 2837 ipSum
3315 2765 3616 2820 interficere
3634 2777 3769 2833 qtae-

2187 2857 2358 2922 rebat;
2381 2856 2593 2927 quando
2613 2864 2788 2912 autem
2804 2866 2988 2912 contra
3011 2872 3071 2914 se
3095 2872 3322 2913 vesanus
3340 2856 3626 2920 ferebatur,
3652 2863 3764 2932 tunc

2174 2947 2297 3003 :fllio
2318 2947 2587 3019 parcebat.
2602 2947 2935 3019 Neque‘flere
2949 2949 3163 3021 quidem
3184 2949 3475 3006 destitisset
3493 2958 3768 3008 mortuum,

2191 3039 2292 3093 nisi
2314 3039 2366 3093 in
2397 3053 2615 3110 gressus
2636 3039 2771 3094 Joab
2797 3039 3160 3112 indignitatem
3184 3040 3262 3096 rei
3288 3041 3574 3110 arguisset,
3601 3054 3661 3093 ac
3689 3051 3770 3091 ve-

2192 3131 2497 3187 hementius
2516 3132 2795 3202 alloquens
2816 3134 3072 3188 erexisset
3090 3135 3259 3202 illum,
3279 3134 3683 3202 exercitumque
3697 3129 3773 3185 de

2190 3225 2332 3279 centi
2373 3224 2554 3281 habitu
2593 3227 2866 3296 suscipere
2883 3226 3267 3298 persuasisset.
3298 3226 3373 3280 Ne
3404 3232 3529 3280 tum
3573 3223 3771 3295 quidem

2176 3315 2371 3371 clades
2400 3317 2517 3387 ejus
2546 3317 2702 3373 linem
2731 3328 3071 3387 acceperunt,
3100 3317 3193 3373 scd
3225 3317 3395 3387 primo
3416 3315 3692 3372 adversum
3714 3327 3767 3367 se

2193 3409 2333 3463 versi
2394 3409 2445 3463 in
2489 3409 2803 3466 seditionem
2860 3411 3054 3466 milites
3106 3409 3363 3480 divisique
3409 3418 3538 3464 sunt
3565 3426 3579 3462 :
3607 3415 3771 3477 postea

2182 3514 2322 3556 vero
2355 3517 2512 3572 quam
2553 3502 2637 3557 vix
2671 3512 2725 3558 et
2760 3519 2857 3574 per
2895 3518 3130 3559 summas
3173 3502 3457 3557 blanditias
3484 3507 3770 3557 cessarunt.

2185 3591 2493 3648 resilientes
2519 3608 2702 3648 rursus
2723 3593 3064 3648 adhzeserunt
3094 3592 3283 3657 Sabee,
3306 3592 3612 3662 bellumque
3639 3585 3768 3645 aliud

2194 3682 2415 3737 conﬂari
2431 3684 2751 3754 etepit,-cum
2771 3684 2945 3739 adhuc
2956 3683 3399 3754 priorisreliquim
3418 3688 3769 3738 remanerent.

2184 3774 2398 3841 Quibus
2439 3775 2601 3831 rebus
2630 3776 2978 3845 perturbatus
3007 3775 3193 3842 David,
3247 3776 3450 3831 coactis
3496 3775 3663 3845 copiis
3689 3786 3774 3827 eas

2183 3880 2316 3920 -cum
2333 3865 2557 3921 ducibus
2575 3867 2745 3921 misit:
2762 3866 2898 3923 Joab
2914 3877 3172 3923 autemet
3197 3881 3260 3923 ex
3289 3866 3390 3921 hoc
3411 3866 3554 3921 bello
3575 3871 3772 3937 peracta

506 3953 702 4021 impius
725 3952 863 4006 tilius
881 3967 1003 4007 cum
1025 3953 1294 4008 beatoillo
1315 3962 1437 4008 tunc
1456 3954 1668 4024 agebat,
1697 3965 1753 4009 ut
1781 3956 1942 4024 patris
1961 3971 2100 4026 quo-
2197 3956 2418 4010 victoria
2431 3971 2537 4011 non
2570 3958 2809 4026 permisit
2831 3958 3066 4015 victoria:
3082 3957 3400 4028 voluptatem
3414 3956 3531 4013 sine
3560 3966 3773 4012 moerere

501 4058 607 4113 que
643 4032 970 4098 concubinas
1010 4044 1271 4109 violaret,
1323 4045 1482 4114 idque
1523 4059 1626 4100 non
1670 4045 1808 4100 clam
1833 4087 1849 4110 ,
1897 4046 1991 4101 sed
2040 4048 2092 4101 in

505 4134 705 4189 solnrio
732 4134 952 4202 domus,
983 4122 1578 4203 videntibus’omnibus,
1628 4145 1685 4193 ut
1720 4137 1842 4208 jura
1890 4147 2093 4194 natura:

507 4227 755 4297 legesque
782 4228 1098 4284 concubitus
1124 4244 1219 4299 per
1246 4230 1486 4297 nimiam,
1517 4245 1620 4300 qua
1653 4230 1703 4285 in
1731 4240 1932 4302 patrem
1956 4231 2095 4288 fere-

508 4320 663 4377 batur
686 4360 701 4387 ,
730 4321 991 4379 insaniam
1023 4333 1385 4392 perverteret:
1416 4332 1578 4394 atque
1605 4324 1837 4380 amentia
1885 4324 2089 4391 ebrius,

503 4413 645 4469 bello
663 4414 890 4470 necdum
912 4415 1176 4481 confecto,
1200 4416 1346 4485 quasi
1363 4416 1474 4485 jam
1496 4414 1732 4485 vicisset,
1754 4417 2096 4487 captivosque

506 4502 748 4559 duxisset
770 4504 1126 4571 adversarios,
1170 4505 1273 4561 ista
1288 4505 1533 4563 tondebat
1557 4521 1621 4561 ac
1650 4521 1759 4576 pra:
1782 4522 1841 4563 se
1868 4506 2091 4564 ferebat.

507 4592 595 4648 Sic
626 4593 786 4662 igitur
829 4607 1078 4649 mmsmm
1106 4604 1160 4649 et
1190 4605 1514 4652 metuentem
1546 4596 1672 4653 Siba
1714 4612 1835 4653 cum
1865 4599 2095 4659 invenis-

501 4693 604 4750 set,
634 4685 863 4740 turbavit
885 4686 1132 4756 amplius,
1155 4687 1427 4745 dominum
1444 4691 1796 4748 calumniatus
1812 4708 1988 4763 suum,
2008 4711 2095 4754 as-

501 4790 794 4846 serensque
822 4776 968 4831 illum
1001 4780 1273 4850 tyrannice
1298 4783 1515 4836 sentire.

577 4867 632 4924 9.
662 4867 795 4922 lluic
833 4870 1094 4925 successit
1123 4870 1300 4927 Scmei
1324 4910 1341 4938 ,
1370 4873 1450 4928 vir
1476 4873 1694 4944 quidam
1722 4875 2095 4934 scelerotuset

502 4961 764 5033 ingratus,
786 4962 1188 5034 innumerisque
1211 4965 1359 5022 illum
1380 4967 1589 5036 probris
1611 4969 1885 5038 respersit,
1916 4970 2094 5027 verbis

503 5054 708 5125 lapides
728 5055 1059 5113 admiscens:
1090 5056 1359 5128 Egredere,
1386 5059 1652 5130 inquiens,
1670 5061 1745 5116 vir
1762 5063 2089 5133 sanguinem,

501 5141 550 5200 et
576 5147 654 5202 vir
677 5163 911 5218 nequam.
941 5146 1199 5204 Convertit
1221 5149 1275 5204 in
1300 5160 1348 5205 te
1371 5149 1622 5206 Dominus
1660 5169 1858 5208 omnem
1888 5155 2093 5224 sangui-

503 5254 616 5293 nem
643 5237 823 5294 domus
851 5238 1002 5308 Sciit,
1029 5241 1116 5312 qui
1140 5242 1362 5312 regnasti
1385 5259 1481 5314 pro
1507 5258 1565 5298 eo
1607 5252 1654 5298 et
1681 5244 1820 5298 dedit
1845 5243 2094 5301 Dominus

501 5347 715 5402 regnum
737 5332 792 5387 in
819 5348 975 5389 manu
999 5332 1240 5389 Absalom
1265 5335 1363 5404 ﬁlii
1405 5336 1499 5402 tui,
1530 5337 1842 5408 ostenditque
1868 5326 2092 5392 tibime-

503 5420 663 5477 iitiam
687 5432 846 5491 tuam,
868 5425 988 5494 quia
1009 5426 1084 5481 uir
1102 5428 1411 5499 sanguinem
1428 5444 1482 5484 es
1504 5436 1559 5482 tu
1578 5427 1654 5499 (Ω.
1676 5427 1805 5501 Reg.
1832 5429 1922 5486 16.
1943 5429 1993 5485 7.
2012 5427 2091 5502 8).

505 5511 599 5566 llis
641 5513 731 5570 ille
757 5515 950 5572 auditis
993 5526 1155 5589 atque
1201 5519 1439 5576 toleratis
1481 5519 1789 5577 tabescebat
1835 5520 2051 5592 quidem
2073 5561 2089 5587 ,

503 5603 646 5673 quod
667 5620 731 5659 ex
755 5606 883 5676 ipsis
908 5608 1157 5667 lamentis
1178 5611 1459 5668 manifeste
1478 5613 1875 5684 comprobatur,
1906 5629 2091 5670 verum

506 5691 636 5748 nihil
664 5695 799 5750 ultra
831 5696 1006 5756 facere
1029 5700 1290 5768 audebat;
1318 5701 1414 5759 sed
1438 5717 1560 5759 cum
1597 5703 1822 5761 dixisset
1850 5703 2094 5761 :Dimitte

510 5788 659 5843 illum
698 5788 1015 5875 maledicere.
1039 5796 1199 5851 mihi:
1247 5796 1491 5853 Dominus
1531 5799 1662 5854 enim
1704 5801 1833 5856 dixit
1878 5799 1983 5854 illi:
2027 5807 2085 5852 ut

2186 4051 2531 4120 contingere.
2555 4050 2796 4122 Namque
2818 4050 3007 4107 ducem
3044 4066 3145 4107 una
3178 4066 3357 4107 secum
3398 4051 3768 4105 constitutum.

2201 4141 2290 4210 qui
2317 4156 2534 4196 onmem
2564 4143 2819 4212 populum
2847 4142 3152 4214 subjecerat
3193 4140 3380 4197 Davidi
3399 4182 3412 4206 ,
3444 4141 3768 4195 innocentem

2202 4240 2257 4286 et
2280 4232 2445 4302 quiin
2470 4234 2616 4288 nullo
2644 4248 2703 4288 se
2729 4234 2975 4300 laeserat;
3018 4233 3233 4289 invidim
3275 4232 3504 4287 stimulis
3557 4229 3771 4301 agitatus

2201 4323 2414 4379 occidit.
2443 4325 2574 4390 Qua:
2614 4340 2702 4380 res
2733 4325 2805 4380 ita
2829 4325 3006 4396 gravis
3047 4339 3111 4379 ac
3139 4323 3363 4379 molesta
3400 4322 3509 4377 fuit
3528 4319 3645 4391 regi
3668 4359 3682 4383 ,
3713 4323 3765 4368 ιιι

2203 4415 2312 4470 tilio
2347 4416 2585 4472 moriens
2623 4415 2892 4471 mandarit
2927 4416 3166 4471 Amessze
3208 4414 3519 4485 sanguinem
3576 4405 3767 4466 ulcisci.

2193 4505 2360 4576 Quod
2388 4522 2519 4563 vero
2544 4508 2700 4579 longe
2727 4508 2941 4580 gravius
2969 4517 3083 4573 est,
3120 4507 3188 4562 ita
3214 4506 3433 4561 affectus
3458 4518 3629 4575 neque
3653 4510 3771 4554 mtuo

2202 4599 2340 4654 roris
2364 4599 2450 4654 sui
2479 4613 2697 4654 causam
2737 4599 2919 4655 dicere
2956 4598 3221 4663 audebat,
3250 4613 3317 4652 eo
3352 4595 3494 4667 quod
3526 4593 3769 4650 adversus

2205 4692 2484 4747 innumera
2511 4689 2843 4747 incommoda
2880 4690 2992 4761 jam
3033 4690 3336 4745 obluctatus
3377 4695 3538 4743 esset.
3578 4680 3768 4742 Etenim

2201 4794 2323 4853 post
2364 4783 2623 4838 bellorum
2674 4782 2933 4837 tumultus
2982 4781 3148 4837 fames
3214 4790 3460 4836 cunctam
3515 4778 3767 4848 regionem

2185 4875 2433 4944 excepit,
2459 4884 2513 4928 et
2536 4889 2657 4928 eum
2686 4874 2801 4944 ejus
2827 4875 2953 4929 mali
2978 4874 3300 4930 solutionem
3325 4879 3608 4943 qumreret,
3629 4877 3769 4933 Coge-

2201 4966 2356 5020 batur
2386 4965 2524 5022 illius
2544 4965 2676 5022 Sani
2701 4966 2767 5022 ad
2798 4974 3023 5021 mortem
3056 4965 3287 5020 tradere.
3319 4963 3525 5033 Quippe
3551 4961 3647 5014 hoc
3672 4969 3767 5009 esc-

2199 5058 2332 5114 leste
2359 5061 2630 5113 oraculum
2661 5057 3005 5128 prmcipiebat
3024 5064 3216 5127 :‘super
3237 5055 3388 5123 Sail,
3423 5055 3684 5124 inquicnS,
3715 5052 3757 5097 el

2198 5167 2351 5223 super
2387 5152 2593 5206 donum:
2628 5152 2737 5223 ejus
2762 5151 2869 5205 hac
2893 5150 3174 5221 injustitia,
3218 5164 3275 5202 eo
3303 5147 3439 5218 quod
3468 5139 3758 5200 Gabaonilat

2196 5247 2347 5299 morti
2394 5245 2646 5299 addixerit
2698 5242 2825 5316 (Id.
2872 5244 2964 5298 2t.
2995 5243 3083 5312 l).
3125 5239 3276 5308 Quod
3331 5239 3375 5293 si
3418 5238 3537 5308 quis
3584 5228 3764 5288 recolat

2197 5346 2450 5408 quantum
2516 5336 2693 5393 Saiilis
2756 5343 2980 5391 mortem
3046 5333 3354 5396 deﬂeverit,
3399 5327 3763 5385 animadvertct

2197 5427 2323 5499 quid
2346 5437 2455 5482 tum
2476 5442 2687 5499 quoque
2716 5441 2904 5498 passus
2923 5426 3009 5492 sit,
3034 5439 3154 5480 cttm
3182 5423 3318 5479 filios
3343 5422 3557 5478 tradidit
3574 5416 3762 5475 Gabao-

2199 5517 2343 5574 nitis.
2376 5521 2625 5574 Attamen
2661 5527 2715 5573 et
2743 5527 2842 5573 ista
2885 5516 3175 5582 tolerabat,
3208 5514 3538 5583 ulteriusque
3567 5500 3761 5565 calami‘

2200 5618 2340 5665 tates
2376 5609 2755 5681 procedebant.
2785 5608 2915 5664 Nam
2945 5618 3069 5679 post
3098 5606 3292 5662 famem
3323 5605 3564 5676 protinus
3603 5600 3759 5655 insur-

2196 5703 2336 5758 rexit
2359 5703 2546 5773 pestis,
2569 5701 2983 5771 cecideruntque
3002 5699 3056 5755 in
3077 5699 3296 5755 dimidio
3319 5698 3423 5757 diei
3453 5690 3758 5767 septuaginta

2198 5795 2360 5850 millia
2386 5796 2643 5865 virorum,
2674 5792 2889 5867 quando
2911 5790 3212 5850 miseranda
3235 5790 3327 5847 illa
3355 5789 3514 5847 verba
3537 5787 3758 5859 loquutus
