4138 6458
572 424 672 477 48⁷3

571 541 656 588 est
697 547 808 587 rex.
839 531 970 588 Cum
1005 532 1145 588 enim
1173 533 1395 586 vidisset
1422 531 1667 602 angelum
1697 531 1994 586 districtum
2034 529 2152 600 gla-

569 623 715 676 dium
734 631 1022 687 tenentem,
1046 621 1272 676 dicebat:
1300 621 1429 675 Ecce
1445 637 1534 691 ego
1555 631 1727 690 pastor
1749 621 1965 691 peccavi,
1995 629 2039 673 et
2061 634 2152 690 ego

577 723 748 783 pastor
775 715 906 767 male
935 715 1029 783 feri
1055 714 1176 766 :isti
1195 714 1278 784 qui
1308 722 1423 766 sunt
1443 729 1564 783 grex
1583 753 1598 778 ,
1629 713 1750 782 quid
1779 712 2046 783 fecerunt?
2075 710 2156 764 Sit

569 806 715 859 inme
733 821 912 858 manus
928 813 1032 867 tua,
1051 813 1096 856 et
1113 805 1164 858 in
1181 807 1382 857 domum
1401 805 1558 873 patris
1577 805 1670 857 mei
1690 802 1765 875 (9.
1781 803 1906 872 Reg.
1928 801 2017 855 21.
2043 802 2159 870 1⁸1).

571 895 804 962 Denique
832 895 995 960 ipsius
1010 909 1196 949 omnes
1215 910 1479 948 terumnas
1509 895 1806 965 diligentius
1835 907 2151 948 enumerare

572 985 826 1054 possibile
847 1001 950 1038 non
973 995 1085 1039 est:
1111 1000 1281 1054 neque
1305 987 1444 1038 enim
1467 999 1654 1038 omnes
1671 984 1983 1053 conscripta:
2013 993 2155 1048 sunt,

570 1092 752 1130 verum
786 1093 849 1131 ex
881 1077 1042 1144 ipsius
1070 1078 1313 1132 lamentis
1340 1086 1394 1131 et
1419 1077 1702 1144 gemitibus
1723 1091 2004 1146 possumus
2027 1089 2157 1128 cou-

571 1167 737 1235 jieere
765 1167 1126 1221 calamitatum
1149 1182 1360 1237 quoque
1381 1167 1697 1221 omissarum
1720 1165 2154 1236 magnitudinem,

569 1267 731 1326 utque
747 1257 922 1324 justus
941 1257 1027 1312 ille
1047 1273 1330 1327 numquam
1365 1259 1612 1327 plangere
1631 1273 1692 1311 ac
1712 1258 1894 1312 dolere
1919 1257 2154 1311 desierit.

567 1348 701 1414 Quid
733 1349 874 1404 enim
922 1349 1009 1404 ille
1055 1349 1166 1402 ait?
1196 1349 1312 1402 Dies
1347 1365 1597 1402 annorum
1634 1358 1921 1402 nostrorum
1949 1347 2001 1401 in
2029 1347 2154 1417 ipsis

570 1443 882 1512 septuaginta
917 1443 1080 1496 anni:
1107 1443 1150 1495 si
1194 1451 1361 1494 autem
1397 1443 1448 1495 in
1493 1441 1856 1510 potentatibus,
1907 1441 2158 1512 octoginta

570 1533 691 1585 anni
711 1573 726 1598 ,
773 1543 820 1586 ct
856 1535 1076 1604 amplius
1104 1550 1276 1588 eorum
1317 1533 1460 1587 labor
1500 1544 1544 1586 et
1575 1533 1720 1587 dolor
1750 1532 1868 1603 (Ps.
1901 1533 1990 1587 89.
2028 1533 2152 1605 10).

569 1623 659 1678 Sin
692 1639 817 1679 vero
863 1633 917 1678 tu
947 1625 1148 1680 dixeris
1185 1641 1278 1694 per
1321 1625 1436 1679 bcec
1476 1625 1623 1678 illum
1663 1625 1825 1680 verba
1867 1639 1970 1678 non
2002 1639 2154 1678 suam

569 1714 763 1778 solum,
795 1715 887 1768 sed
915 1730 1248 1770 communem
1275 1717 1434 1770 vitam
1465 1715 1700 1768 omnium
1725 1713 2152 1786 reprehendisse,

569 1807 685 1875 plus
705 1807 900 1876 aliquid
924 1823 1082 1877 quam
1105 1823 1203 1876 ego
1223 1807 1379 1861 velim
1402 1805 1673 1871 concedis,
1695 1805 2037 1875 plurimisque
2059 1819 2158 1858 nos

568 1900 942 1954 controversiis
961 1899 1170 1962 liberas,
1191 1899 1305 1968 ipse
1319 1898 1658 1952 consentiens
1675 1913 1778 1952 non
1799 1898 1937 1952 illius
1956 1896 2155 1962 solum,

567 1988 660 2042 sed
687 2005 753 2044 ne
781 1989 998 2044 altetins
1019 1989 1230 2060 quidem
1257 1989 1566 2059 cujusquam
1589 1989 1750 2044 vitam
1781 1987 2004 2042 inveniri
2027 2000 2154 2057 pos-

568 2097 659 2145 se,
694 2083 846 2150 cujus
866 2097 969 2134 non
1003 2082 1174 2136 multo
1195 2081 1308 2135 sint
1341 2081 1488 2150 plura
1521 2080 1688 2134 tristia
1713 2095 1868 2148 quam
1892 2078 2147 2149 jucunda.

569 2171 841 2240 Siquidem
871 2172 978 2236 ille,
1010 2181 1066 2226 ut
1093 2181 1146 2226 tu
1174 2186 1387 2241 quoque
1430 2171 1532 2225 rite
1559 2169 2002 2236 conliteris,_non
2033 2185 2159 2225 suas

575 2263 748 2318 solum
779 2265 1110 2318 calamitates
1131 2302 1147 2327 ,
1179 2262 1271 2317 sed
1305 2261 1530 2316 aliorum
1559 2277 1770 2332 quoque
1797 2260 1849 2315 in
1875 2274 2158 2315 commune

567 2353 934 2418 considerans,
970 2355 1038 2408 ita
1067 2353 1281 2410 demum
1308 2353 1445 2408 hanc
1471 2355 1794 2408 sententiam
1827 2351 1944 2406 tulit
1970 2350 2154 2406 eadem

567 2461 686 2514 qua:
724 2445 1020 2514 patriarcha
1056 2445 1302 2514 loquutus
1327 2483 1340 2504 ,
1391 2443 1490 2498 nisi
1521 2443 1659 2513 quod
1693 2445 1793 2497 iste
1821 2441 2008 2511 majori
2037 2455 2156 2494 cum

569 2535 927 2590 vehementia.
955 2535 1124 2601 Quam
1148 2535 1289 2589 enim
1312 2535 1400 2590 ille
1424 2533 1490 2589 de
1515 2545 1686 2605 parte,
1715 2533 1802 2587 hic
1825 2531 1892 2587 de
1913 2531 2158 2587 omnibus

569 2627 808 2696 protulit.
843 2626 1031 2681 Aiebat
1059 2626 1164 2691 ille,
1202 2625 1355 2680 Parvi
1383 2636 1428 2680 et
1453 2625 1576 2679 mali
1596 2634 1710 2678 sunt
1737 2625 1843 2678 dies
1873 2623 1968 2677 mei
1990 2620 2155 2694 (Gen.

569 2717 658 2772 47.
689 2716 762 2786 9)
789 2735 801 2770 :
850 2718 937 2772 hic
963 2726 1138 2772 autem
1164 2758 1178 2784 ,
1211 2715 1334 2771 Dies
1376 2733 1623 2772 annorum
1647 2728 1930 2772 nostrorum
1957 2715 2011 2769 in
2037 2716 2159 2786 ipsis

569 2810 890 2880 septuaginta
921 2810 1042 2863 anni
1061 2825 1080 2864 :
1107 2809 1209 2865 hoc
1235 2819 1340 2876 est,
1368 2810 1602 2865 omnium
1632 2807 1940 2874 hominum;
1969 2817 2016 2862 et
2044 2824 2156 2862 am-

568 2893 895 2970 plius'corunt
926 2903 1068 2957 labor
1090 2913 1136 2958 et
1177 2905 1343 2958 dolor.

642 2992 728 3047 10.
774 2993 962 3047 Verum
1009 2993 1150 3048 enim
1180 3011 1306 3050 vero
1337 2995 1470 3061 haec,
1525 3005 1581 3048 ut
1608 2995 1738 3060 dixi,
1783 2993 1877 3049 tibi
1921 2992 2152 3065 diligen-

492 3131 499 3149 ,
571 3086 674 3144 tius
703 3086 757 3140 in
785 3087 895 3141 0tio
923 3089 1276 3142 examinanda
1303 3089 1610 3156 relinquens
1637 3102 1737 3156 ego
1759 3085 1828 3140 ad
1868 3084 2158 3156 prophetas

573 3178 790 3232 veniam.
827 3179 1058 3247 reliquos
1101 3197 1116 3232 :
1157 3179 1368 3232 tametsi
1410 3192 1669 3248 nusquam
1699 3177 1858 3232 vitam
1895 3190 2046 3230 suam
2081 3174 2160 3234 illi

571 3270 722 3324 nobis
769 3271 1498 3340 conscriptamreliquerunt
1521 3311 1538 3336 ,
1576 3269 1646 3324 ob
1682 3269 1942 3324 malorum
1981 3277 2158 3329 tamen

570 3377 704 3431 quas
743 3362 862 3416 illos
901 3369 1284 3431 oppresserunt
1331 3360 1750 3430 magnitudinem
1803 3360 1886 3413 vel
1937 3374 2004 3413 ex
2053 3372 2158 3412 uno

572 3455 986 3509 verbo‘omnem
1032 3455 1149 3508 illos
1189 3453 1349 3507 vitam
1394 3453 1446 3506 in
1489 3452 1780 3518 laboribus,
1825 3449 2078 3506 aerumnis
2105 3457 2160 3504 et

570 3547 843 3601 doloribus
897 3547 1069 3618 egisse
1117 3561 1240 3601 reor
1292 3544 1502 3599 ostendi
1548 3559 1724 3614 posse.
1785 3544 1862 3598 Ac
1906 3543 2155 3613 primum,

571 3639 713 3708 quod
763 3654 1046 3692 commune
1088 3637 1193 3693 illis
1230 3637 1478 3692 omnibus
1509 3635 1624 3704 fuit,
1661 3635 1809 3698 torti,
1848 3635 2158 3689 verberibus

571 3729 769 3794 allecti,
798 3729 951 3793 secti,
1002 3728 1267 3798 lapidibus
1295 3726 1493 3794 obruti,
1524 3727 1826 3782 carceribus
1866 3725 2072 3788 inclusi,
2103 3724 2156 3778 in

572 3821 837 3875 occisione
865 3819 1023 3890 gladii
1055 3819 1364 3886 morientes,
1411 3819 1800 3874 circumeuntes
1849 3815 1900 3870 in
1949 3815 2158 3870 melotis

571 3925 625 3969 et
654 3913 878 3983 pellibus
914 3911 1170 3981 caprinis,
1212 3919 1430 3980 egentes
1471 3918 1525 3964 et
1559 3907 1726 3980 pressi
1761 3917 1816 3962 et
1858 3906 2036 3962 afﬂicti
2066 3921 2162 3976 per

570 4022 782 4062 omnem
835 4005 996 4060 vitam
1051 4005 1393 4076 perstiterunt
1427 4003 1582 4074 (Heb.
1628 4005 1710 4057 ll.
1741 4000 1854 4074 '57).
1909 4001 1991 4056 Ad
2047 4001 2160 4055 haec

571 4101 730 4154 aliam
756 4113 966 4168 quoque
1004 4098 1252 4152 mmroris
1285 4096 1638 4166 adjectionem
1687 4095 1786 4149 hac
1827 4094 2156 4149 acerbiorem

573 4193 828 4259 habuere,
857 4190 996 4261 quod
1038 4190 1250 4246 illorum
1301 4189 1611 4259 nequitiam,
1641 4188 1730 4258 qui
1761 4202 1822 4242 se
1863 4188 1932 4240 ita
1959 4187 2160 4242 allicie-

573 4285 723 4350 bant,
753 4299 966 4354 semper
990 4283 1056 4338 ad
1079 4282 1344 4337 deteriora
1372 4280 1618 4352 progredi
1656 4281 1991 4334 intuerentur
2015 4297 2028 4332 :
2055 4294 2157 4348 qua

571 4392 634 4430 ex
680 4392 740 4430 re
769 4375 924 4444 longe
949 4375 1072 4444 plus
1109 4389 1268 4444 quam
1312 4389 1376 4428 ex
1423 4371 1675 4427 aerumnis
1701 4370 2054 4440 angebantur.
2094 4370 2161 4423 Et

571 4467 705 4522 alius
735 4465 952 4536 quidem
982 4465 1160 4521 aiebat
1189 4483 1204 4519 :
1234 4463 1529 4520 Ezsecratio
1558 4473 1604 4517 et
1639 4461 1958 4519 mendacium
1979 4473 2024 4516 et
2050 4465 2159 4534 fur.-

571 4569 685 4613 tum
703 4569 750 4613 et
774 4559 1080 4614 adulterium
1104 4567 1156 4614 et.
1180 4557 1507 4611 homicidium
1528 4554 1689 4620 c/fusa
1713 4563 1830 4609 sunt
1855 4555 1908 4607 in
1931 4563 2083 4618 terra,
2113 4563 2161 4608 et

572 4651 862 4721 sanguinem
901 4667 1053 4720 super
1099 4650 1396 4724 sanguiqem
1437 4647 1715 4702 admiscent
1747 4645 1900 4716 (Osee
1959 4646 2014 4700 4.
2063 4645 2186 4715 2);‘

574 4762 666 4813 per
707 4745 820 4800 haec
843 4745 1000 4800 verba
1028 4746 1243 4801 malitia:
1273 4745 1542 4800 licentiam
1572 4742 2081 4813 perplexitatemque
2107 4747 2160 4794 et

570 4837 777 4906 capiam
815 4836 968 4891 nobis
996 4837 1290 4891 insinuans.
1325 4837 1477 4891 Alius
1506 4853 1690 4891 rursus
1717 4833 1982 4894 clamabat
2011 4852 2024 4888 :
2067 4832 2159 4887 Vae

571 4930 729 4991 milii,
781 4931 898 4998 quia
937 4931 1121 5000 factus.
1145 4946 1256 4983 sum
1293 4930 1418 4984 sicut
1465 4930 1550 5000 qui
1589 4931 1780 5000 colligit
1821 4929 2062 4998 stipulam
2105 4930 2159 4983 in

571 5037 748 5085 messe,
787 5035 834 5074 et
863 5021 990 5074 sicut
1027 5037 1281 5074 racemum
1306 5021 1360 5074 in
1398 5021 1669 5086 vindemia,
1713 5038 1828 5074 cum
1865 5037 1966 5075 non
1993 5020 2162 5074 adsint

572 5114 701 5168 botri
725 5112 910 5184 (Mica.
941 5114 992 5166 7.
1025 5113 1114 5183 1);
1145 5129 1238 5183 per
1262 5111 1377 5168 haec
1403 5113 1673 5168 raritatem
1703 5115 1962 5169 bonorum
1988 5113 2162 5172 homi-

573 5221 698 5260 num
729 5205 1034 5275 deplorans.
1053 5205 1183 5260 Item
1205 5205 1340 5260 alius
1359 5206 1459 5260 alia
1488 5205 1679 5260 similia
1704 5207 1962 5276 queritur.
1989 5207 2158 5261 Porro

570 5301 843 5369 capt-arias
871 5299 961 5354 ille
1003 5313 1108 5352 non
1136 5313 1318 5353 eorum
1347 5299 1470 5352 vitia
1501 5297 1714 5368 lugebat
1753 5297 2156 5362 solum,.verum

574 5391 692 5458 plus
718 5390 770 5445 in
802 5390 1014 5445 illorum
1047 5389 1458 5454 calamitatibus,
1489 5403 1646 5458 quam
1677 5388 1876 5444 insuis
1907 5389 2158 5443 tentatio—

573 5481 729 5535 nibus
755 5481 1036 5545 mterebat,
1078 5495 1141 5536 ac
1166 5481 1328 5535 Deum
1355 5479 1690 5546 obsecrabat,
1719 5479 1939 5535 dicens:
1969 5479 2158 5548 Propi-

575 5573 672 5626 tius
715 5581 838 5636 esto,
870 5571 1120 5635 Domine;
1145 5573 1255 5642 quis
1281 5570 1538 5626 suscitabit
1561 5569 1748 5637 Iacob,
1774 5571 1893 5643 quia
1919 5570 2160 5640 parvulus

576 5665 684 5717 est?
700 5663 949 5740 Pwniteqt
977 5674 1042 5728 te,
1071 5663 1302 5729 Domine,
1327 5680 1476 5734 super
1496 5664 1588 5718 hoc
1609 5664 1804 5734 (Amos.
1833 5665 1886 5718 7.
1907 5665 1963 5719 2.
1986 5663 2065 5735 6).
2093 5664 2160 5718 Et

579 5773 647 5813 ne
689 5757 766 5812 sie
794 5757 1008 5828 quidem
1051 5773 1266 5826 precmn
1304 5773 1519 5812 suarum
1563 5757 1755 5814 effectu
1803 5758 2000 5828 potitus
2041 5765 2155 5820 est;

582 5848 714 5904 dixit
745 5847 908 5914 enim,
936 5847 1122 5902 Etnon
1141 5849 1246 5915 fiet,
1263 5850 1389 5901 dicit
1415 5845 1667 5903 Dominus
1685 5849 2004 5922 (lb.j.lsaias
2029 5865 2155 5906 vero

1418 417 1508 472 AD
1543 414 1910 474 STAGIRIUM
1949 417 1988 471 Α
2035 413 2331 471 DEMONE
2375 416 2725 476 VEXATUM.
2769 420 2898 476 LIB.
2939 421 3024 477 111.

2795 341 2836 370 δ

3739 429 3842 486 486

2266 544 2384 582 cum
2415 529 2647 586 audisset
2675 533 2794 603 quia
2825 533 3033 590 deserta
3062 535 3165 589 erit
3203 551 3375 594 omnis
3417 547 3574 606 terra,
3607 555 3675 596 ne
3709 558 3836 596 coa-

2265 618 2425 672 solari
2467 621 2676 689 quidem
2720 623 2903 690 voluit,
2960 624 3052 679 sed
3091 625 3301 682 assidue
3336 629 3569 698 lugebat,
3617 631 3845 686 dicens:

2265 708 2514 768 Dimittite
2551 729 2651 776 me,
2679 730 2848 768 amare
2883 714 3053 784 ﬂebo;
3088 717 3240 770 nolite
3280 719 3595 784 contendere,
3629 732 3685 774 ut
3713 737 3845 772 catt-

2267 803 2502 861 salentini
2519 821 2596 858 me
2617 803 2767 876 (Isai.
2789 805 2877 860 22.
2910 804 2988 880 4).
3019 807 3268 866 Jeremite
3299 820 3475 866 autem
3503 809 3844 866 lamentatio-

2266 907 2360 946 nes
2387 903 2443 948 et
2483 909 2724 950 seorsum
2761 897 3108 966 conscriptas,
3138 907 3194 954 et
3233 915 3328 969 per
3365 915 3578 956 omnem
3609 903 3842 972 prophe-

2265 983 2390 1037 tiam
2412 985 2698 1055 dispersas,
2720 1002 2784 1042 ac
2805 989 2994 1058 partim
3017 989 3082 1044 de
3105 991 3334 1058 civitate,
3360 995 3551 1063 partim
3578 993 3646 1048 de
3667 995 3842 1064 seipso

2264 1076 2604 1143 compositas,
2645 1078 2766 1147 quis
2810 1078 2976 1147 possit
3019 1080 3133 1134 sine
3163 1082 3407 1153 lacrymis
3449 1085 3668 1156 legere?
3710 1085 3841 1140 Nam

2264 1179 2403 1220 nunc
2431 1167 2643 1236 quidem
2671 1169 2846 1223 aiebat
2877 1188 2888 1224 :
2922 1171 3048 1235 Quis
3072 1173 3209 1226 dabit
3238 1175 3390 1244 capiti
3420 1193 3526 1230 meo
3563 1195 3767 1246 aquam,
3797 1189 3843 1234 et

2263 1255 2422 1309 oculis
2466 1259 2587 1312 meis
2617 1260 2804 1328 fontem
2833 1261 3196 1332 lacrymarum,
3247 1277 3290 1318 et
3331 1267 3570 1338 plangam
3600 1267 3844 1338 populant

2261 1349 2412 1404 istum
2434 1349 2516 1404 die
2539 1368 2600 1404 ac
2628 1362 2772 1406 nocte
2801 1353 2931 1424 (Jer.
2963 1355 3016 1410 9.
3050 1355 3101 1428 1)
3127 1356 3150 1410 ?
3181 1373 3321 1412 nunc
3348 1369 3525 1413 autem
3550 1377 3562 1413 :
3591 1359 3716 1426 Quis
3745 1360 3843 1413 da-

2263 1441 2332 1494 bit
2373 1443 2495 1496 mihi
2529 1443 2583 1497 in
2621 1445 2814 1499 deserto
2854 1449 3165 1530 tttatgsiouem
3209 1460 3506 1515 extremam,
3548 1462 3593 1506 et
3631 1451 3846 1505 derelin-

2261 1547 2411 1600 quam
2443 1534 2688 1604 populum
2716 1535 2890 1603 istum,
2919 1547 2964 1590 et
2991 1538 3221 1592 recedam
3259 1539 3320 1593 ab
3351 1540 3463 1594 eis?
3490 1539 3676 1595 Omnes
3713 1542 3844 1595 enim

2261 1621 2479 1676 adulteri
2501 1634 2620 1677 sunt
2649 1623 2811 1695 (Ibid.
2847 1642 2894 1680 υ.
2916 1625 2994 1698 2).
3021 1627 3427 1700 Nonnumquam
3458 1647 3582 1686 \ero
3613 1648 3846 1688 moerens

2261 1713 2523 1768 clamabat
2551 1731 2566 1768 :
2609 1715 2696 1770 Va:
2725 1717 2866 1784 milii,
2896 1729 3072 1784 mater,
3096 1729 3150 1772 ut
3169 1722 3291 1788 quid
3318 1737 3395 1774 me
3417 1722 3634 1792 genuisti
3660 1723 3844 1788 uirum,

2261 1803 2348 1872 qui
2385 1803 2656 1871 discernat,
2716 1815 2762 1858 et
2795 1807 3036 1878 dijudicet
3077 1811 3212 1865 omni
3243 1817 3390 1864 terra:
3416 1809 3525 1880 (Id.
3571 1811 3657 1866 15.
3708 1811 3846 1882 1Ο)¹ἒ

2261 1895 2562 1965 Aliquando
2603 1897 2705 1950 diei
2754 1901 3398 1969 quoquenativitatissua:
3440 1903 3732 1968 maledixit,
3765 1905 3846 1958 di-

2261 2000 2390 2049 cens
2415 2005 2427 2040 :
2461 1987 2735 2042 Maledicta
2763 1991 2868 2044 dies
2888 2034 2902 2058 ,
2932 1991 2985 2046 in
3011 2008 3111 2062 qua
3134 2004 3280 2046 natus
3307 2011 3419 2047 sum
3449 1996 3501 2048 in
3530 2013 3587 2049 ea
3615 1995 3724 2068 (Id.
3747 1995 3842 2050 20.

2266 2077 2378 2145 li).
2425 2077 2528 2132 Sed
2559 2080 2773 2134 etcmni
2805 2080 2970 2146 lacus,
3013 2093 3064 2137 et
3107 2083 3436 2139 vinculorum
3467 2101 3752 2154 pressum,
3796 2097 3848 2141 ct

2263 2167 2506 2234 verbera,
2549 2179 2602 2223 et
2635 2169 2859 2236 iusidim,
2893 2171 3272 2242 irrisionesque
3299 2186 3570 2244 perpetuae
3600 2177 3670 2231 ita
3702 2179 3848 2232 illum

2265 2262 2664 2326 excruciabant,
2711 2272 2767 2316 ut
2793 2263 2901 2333 jam
2933 2279 3069 2333 pene
3112 2265 3440 2334 deSperaret.
3483 2269 3616 2335 Quid
3647 2280 3846 2331 autem.

2265 2353 2475 2420 quando
2499 2363 2652 2423 capta
2683 2354 2811 2409 urbe
2837 2355 3170 2424 providentia
3213 2367 3267 2410 et
3297 2358 3497 2412 honore
3541 2374 3570 2412 a
3611 2359 3850 2414 barbaris

2263 2441 2510 2511 dignatus
2563 2445 2682 2498 est?
2724 2461 2848 2498 num
2895 2445 2994 2499 ista
3044 2447 3342 2500 sentiebat?
3392 2447 3502 2502 ltno
3555 2465 3680 2504 vero
3727 2459 3852 2504 tunc

2264 2533 2494 2587 maxime
2533 2549 2712 2588 amara
2758 2535 2846 2598 illa
2876 2535 3104 2590 lamenta
3140 2538 3477 2607 conscripsit,
3525 2551 3763 2593 mortuos
3798 2551 3852 2594 et

2263 2621 2520 2678 abeuntes
2546 2624 2750 2694 lugens.
2784 2625 2965 2696 Neque
2995 2629 3198 2682 minora
3227 2629 3300 2682 illi
3331 2631 3441 2684 visa
3467 2641 3588 2685 sunt
3617 2648 3848 2702 sequen—

2266 2715 2337 2769 tia
2370 2717 2506 2770 mala
2535 2719 2834 2786 prmteritis,
2876 2735 2995 2774 cum
3030 2720 3062 2774 ii
3110 2723 3196 2790 qui
3236 2737 3303 2775 ex
3346 2723 3484 2776 bello
3515 2723 3704 2793 reliqui
3736 2724 3851 2778 fue-

2269 2816 2390 2860 rant
2434 2825 2616 2862 rursus
2657 2826 2754 2880 per
2787 2825 2882 2865 sua
2921 2812 3123 2866 scelera
3174 2813 3336 2866 Deum
3384 2813 3674 2869 irritarent.
3719 2813 3849 2869 Cum

2268 2900 2408 2954 enim
2438 2901 2654 2970 polliciti
2682 2913 2862 2958 essent
2890 2919 2946 2958 se
2969 2903 3042 2956 illi
3072 2920 3167 2972 per
3191 2906 3366 2960 omnia
3389 2905 3850 2976 obtemperaturos

2268 2989 2508 3060 nihilque
2551 2991 2921 3057 reluctaturos,
2963 2993 3015 3048 in
3063 2991 3352 3066 Egyptian
3398 3011 3585 3049 rursus
3625 2995 3852 3051 descen-

2265 3079 2478 3146 derunt,
2511 3081 2729 3136 oraculo
2750 3083 3014 3138 contraria
3043 3086 3403 3154 praecipiente,
3433 3086 3853 3159 prophetamquc

2265 3183 2448 3226 secum
2472 3171 2824 3240 deduxerunt,
2859 3189 2921 3228 ac
2945 3189 3039 3243 per
3066 3190 3217 3230 suam
3245 3177 3674 3246 ingratitudinem
3702 3179 3848 3234 illum

2265 3261 2364 3316 sibi
2393 3263 2549 3332 longe
2587 3263 2830 3333 graviora
2871 3265 3136 3335 prioribus
3163 3266 3342 3322 dicere
3369 3276 3528 3338 atque
3565 3269 3850 3340 imprecari

2265 3366 2574 3426 coegerunt.
2607 3356 2745 3424 Quid
2785 3373 2912 3412 vero
2942 3358 3230 3414 Ezechiel?
3263 3359 3386 3430 quid
3419 3360 3636 3414 Daniel?
3674 3377 3852 3417 nonne

2266 3451 2320 3503 in
2351 3449 2660 3518 captivitate
2706 3457 2914 3520 tempus
2943 3465 3104 3506 omne
3141 3452 3432 3507 vixerunt?
3457 3455 3690 3520 Quorum
3731 3456 3855 3525 qui-

2244 3541 2392 3596 'dcm
2433 3543 2580 3613 prior
2602 3541 2742 3600 fame
2767 3559 2828 3598 ac
2854 3544 2940 3598 siti
2970 3559 3065 3614 pro
3093 3544 3281 3600 alienis
3319 3546 3654 3600 cruciabatur
3675 3547 3854 3614 malis,

2269 3649 2539 3704 uxorcque
2561 3634 2806 3689 defuncta
2836 3651 2958 3690 eum
3000 3650 3180 3690 casum
3227 3635 3426 3706 absque
3457 3636 3706 3708 lacrymis
3731 3651 3854 3706 per-

2267 3725 2407 3779 ferre
2429 3725 2739 3795 jubebatur.
2767 3725 2936 3782 Porro
2959 3725 3085 3797 quid
3111 3729 3324 3796 gravius
3353 3727 3454 3782 dici
3480 3727 3666 3797 possit,
3694 3743 3852 3796 quam

2269 3817 2320 3870 in
2363 3818 2474 3871 suis
2513 3817 2754 3877 adversis
2795 3818 3007 3873 casilms
3053 3833 3120 3872 ne
3159 3817 3288 3902 ﬂere
3333 3817 3548 3888 quidem
3588 3818 3858 3886 permitti?

2271 3909 2470 3966 Omitto
2500 3920 2675 3964 autem
2701 3910 2860 3964 modo
2889 3909 3030 3980 quod
3063 3909 3114 3964 in
3155 3908 3283 3969 limo
3309 3925 3498 3978 panem
3519 3925 3676 3964 suum
3705 3923 3854 3963 com-
3913 3978 3916 3981 Α

2268 4003 2430 4056 cdere
2472 4011 2688 4057 coactus
2725 4003 2814 4068 sit,
2857 4012 2914 4056 et
2957 4002 3098 4072 quod
3155 4017 3316 4072 super
3346 4018 3508 4056 unum
3555 4002 3692 4056 latus
3730 4017 3854 4056 cen-

2271 4103 2381 4147 tum
2427 4101 2484 4150 et
2526 4093 2812 4163 nonaginta
2843 4093 3034 4147 diebus
3069 4092 3272 4162 jacere,
3317 4093 3525 4162 aliaque
3554 4092 3856 4162 bujusmodi

2268 4185 2496 4238 tolerare
2519 4185 2586 4238 sit
2602 4184 2783 4253 jussus
2811 4182 3022 4254 (Ezeclt.
3053 4184 3106 4236 4.
3141 4181 3253 4252 12).
3287 4183 3398 4237 Etsi
3426 4185 3566 4236 enim
3596 4183 3669 4236 illi
3699 4198 3766 4238 ex
3793 4183 3857 4238 iis

2266 4289 2383 4343 qua:
2411 4273 2492 4328 vel
2535 4273 2846 4340 omisimus,
2890 4273 2976 4328 vel
3018 4272 3286 4338 diximus,
3330 4273 3459 4326 nihil
3502 4273 3653 4328 triste
3686 4274 3860 4327 conti-

2265 4365 2451 4434 gisset,
2496 4373 2644 4418 certe
2671 4363 2724 4417 id
2753 4363 2924 4418 solum
2953 4362 3094 4432 quod
3119 4363 3260 4417 inter
3287 4363 3469 4418 hostes
3509 4377 3571 4417 ac
3599 4362 3858 4418 barbaros

2268 4459 2612 4527 impurosque
2658 4455 2904 4510 homines
2951 4453 3034 4508 vir
3079 4453 3258 4524 justus
3303 4462 3358 4508 et
3404 4462 3618 4508 sanctus
3659 4451 3859 4524 jugiter

2267 4555 2506 4602 versatus
2531 4548 2619 4612 sit,
2646 4546 2790 4600 omni
2821 4555 2934 4600 erat
2963 4545 3037 4598 illi
3064 4544 3325 4614 supplicio
3349 4543 3616 4598 acerbius.

2339 4639 2572 4695 Danielis
2599 4653 2857 4694 tertianae.
2887 4667 2957 4677 —
2983 4639 3050 4692 At
3088 4651 3216 4691 vero
3261 4635 3445 4690 Daniel
3488 4635 3712 4691 summis
3740 4636 3859 4704 qui-

2269 4733 2390 4788 dem
2422 4731 2717 4791 honoribus
2745 4729 2944 4794 l'rui,et
2979 4727 3129 4798 quasi
3168 4743 3275 4782 non
3321 4727 3372 4781 in
3405 4726 3733 4797 captivitate,
3762 4725 3857 4780 sed

2269 4823 2505 4894 iuregia
2542 4823 2740 4892 jugiter
2765 4829 3070 4876 versaretur
3107 4819 3248 4886 aula,
3292 4817 3850 4890 esse'potentissimus

2271 4917 2552 4975 videbatur
2579 4933 2592 4968 :
2621 4922 2874 4970 caeterum
2915 4913 2959 4969 si
2995 4914 3114 4983 quis
3157 4912 3300 4989 illius
3330 4913 3624 4967 orationem
3651 4909 3850 4976 audiat,

2264 5011 2634 5083 jejuniumque
2659 5005 2983 5072 consideret,
3031 5005 3291 5076 facieique
3323 5003 3765 5067 immutationem,
3795 5017 3858 5056 ac

2263 5105 2416 5174 jugcs
2465 5102 2831 5172 precationes,
2889 5106 3247 5170 agnoscatque
3293 5095 3574 5165 diligenter
3628 5109 3852 5164 quorum

2267 5197 2463 5268 gratia.
2499 5197 2600 5250 ista
2659 5193 2926 5260 faciebat,
2985 5191 3372 5252 animadvertet
3420 5187 3560 5241 hunc
3619 5186 3855 5239 Olntllllttl

2270 5287 2502 5342 maxime
2554 5287 2606 5342 in
2649 5284 2924 5340 doloribus
2968 5280 3358 5353 angoribusque
3402 5277 3616 5331 vixisse.
3670 5273 3854 5345 Neque

2269 5381 2412 5435 enim
2463 5379 2608 5440 illum
2660 5377 2942 5448 przesentia
2997 5381 3201 5428 tantum
3247 5369 3386 5424 mala
3435 5365 3853 5426 excruciabant.

2271 5486 2456 5526 verum
2487 5479 2542 5525 et
2584 5469 2758 5524 futura
2789 5453 3206 5537 perturbabant:
3235 5475 3354 5530 quae
3381 5459 3539 5513 etiam
3571 5473 3691 5527 cum
3725 5472 3854 5510 nec-

2268 5561 2393 5615 dum
2435 5560 2814 5630 contigissent,
2857 5567 3190 5624 praenoscere
3233 5551 3424 5622 dignus
3473 5557 3556 5604 est
3618 5547 3849 5606 habitus.

2269 5663 2430 5723 atque
2472 5650 2794 5722 propheticis
2841 5646 3008 5701 oeulis
3045 5643 3302 5712 aSpicere.
3349 5639 3590 5711 Cumque
3628 5637 3850 5693 necdum

2269 5743 2433 5814 priori
2460 5743 2714 5798 servitute
2743 5739 2994 5792 liberatos
3017 5734 3233 5791 Judazos
3269 5742 3532 5794 cerneret,
3565 5729 3718 5782 aliam
3738 5725 3844 5779 illis

2271 5851 2456 5898 ιιμιιςιιε
2477 5833 2837 5905 captivitatem
2865 5829 3157 5898 praevidere
3180 5827 3465 5898 cogebatur
3493 5843 3504 5876 :
3531 5825 3577 5870 ει
3611 5829 3728 5886 qum
3749 5823 3852 5866 ιιοη
