4138 6418
407 385 504 442 487

403 497 527 547 dum
556 493 814 549 aediﬁcata
843 493 1033 558 l‘uerat,
1065 507 1180 547 eam
1221 495 1404 550 urbem
1435 495 1550 564 capi
1581 496 1854 560 cernebat,
1889 510 1974 551 sa-

403 583 724 652 criiiciisqne
771 583 1185 638 contaminatum
1243 583 1494 654 templutn
1542 598 1605 640 ac
1647 585 1978 653 desoialum,

404 687 724 746 omnemque
763 685 1005 731 eversam
1057 676 1530 732 sanetilicationem
1561 696 1574 733 :
1603 678 1801 733 idcirco
1839 680 1977 749 iugc-

405 767 495 820 bat
521 774 573 820 et
599 767 1010 840 lacrymahatut,
1047 768 1229 824 dicens
1253 779 1267 824 ε
1298 767 1460 826 Nobis
1482 771 1714 841 confusio
1737 773 1904 843 faciei,
1933 785 1980 825 et

405 855 716 926 principibus
745 859 953 925 nostris,
995 869 1041 912 et
1074 861 1302 929 patribus
1341 862 1544 920 nostris.
1591 864 1710 932 quia
1755 865 1976 932 peccari-

405 959 514 1000 mus
547 948 655 1014 tibi,
687 947 903 1004 Domine
927 945 1084 1021 (Dan.
1114 953 1167 1005 9.
1195 951 1247 1006 8.
1280 943 1481 1006 Bttruch
1535 953 1582 1006 1.
1619 953 1698 1010 15.
1737 955 1848 1023 16).

476 1039 564 1091 11.
587 1037 768 1092 Helius
792 1051 836 1092 et
868 1041 974 1110 ipse
992 1043 1221 1111 amictus.
1259 1042 1470 1096 l'.‘lisa'us
1494 1045 1752 1114 propheta.
1783 1044 1983 1099 Paulus

403 1130 664 1199 apostolus
711 1131 840 1183 inter
878 1147 961 1186 eos
1003 1133 1088 1202 qui
1139 1131 1308 1203 afflicti
1349 1143 1483 1186 sunt.
1529 1163 1600 1174 —-
1651 1131 1845 1189 Verum
1893 1147 1984 1189 nev

404 1219 520 1274 scio
547 1233 653 1289 quo
681 1230 834 1290 pacto
862 1237 947 1278 me
971 1231 1104 1292 pene
1123 1223 1263 1278 inter
1289 1225 1574 1298 prophetas
1599 1224 1854 1295 cﬂ‘ugerat
1882 1240 1986 1280 ρων

409 1313 555 1367 iestis
578 1311 666 1366 ille
694 1314 924 1381 animus,
961 1315 1048 1385 qui
1079 1316 1157 1370 sic
1191 1317 1244 1371 in
1287 1323 1424 1371 tet-ra
1457 1319 1784 1381 versabatur.
1829 1329 1885 1373 ut
1930 1320 1984 1375 in

403 1404 536 1458 caelo
565 1416 779 1474 semper
805 1417 944 1460 esset
973 1423 987 1461 :
1013 1406 1142 1462 nihil
1179 1410 1334 1462 enim.
1370 1405 1442 1463 illi
1483 1418 1749 1465 terrenum
1793 1422 1986 1480 praeter

403 1497 636 1552 meioteu
661 1510 793 1553 erat.
824 1499 959 1568 Quid
991 1500 1149 1570 igitur
1177 1514 1416 1556 sutnmus
1447 1502 1729 1578 isteatquc
1757 1501 1986 1558 admira-

406 1588 526 1641 bilis
547 1589 646 1656 vir,
679 1590 722 1644 si
751 1592 917 1645 virum
947 1592 1094 1646 illum
1119 1607 1309 1648 vocare
1351 1601 1558 1664 oportet
1595 1593 1671 1666 (5.
1706 1593 1830 1666 Reg.
1859 1595 1988 1665 i9)?

403 1681 536 1737 Nam
583 1691 698 1750 post
742 1684 1009 1752 ingentem
1065 1685 1207 1739 illam
1257 1685 1522 1750 ﬁduciam,
1575 1697 1678 1758 qua
1726 1688 1984 1743 adversus

404 1774 588 1828 Λςιιηὺ
620 1789 745 1828 usus
776 1773 968 1842 fuerat,
996 1786 1113 1846 post
1141 1779 1274 1848 ignis
1307 1778 1448 1832 illam
1474 1796 1503 1832 e
1531 1781 1662 1833 cteio
1701 1779 1985 1835 demissio-

407 1881 548 1928 nem,
580 1874 698 1935 post
729 1883 912 1921 necem
943 1869 1300 1934 sacerdotum,
1341 1881 1682 1942 posteaquam
1724 1872 1987 1927 clauserat

405 1967 458 2008 et
483 1969 762 2026 aperuerat
781 1952 992 2026 ca-ium,
1019 1975 1122 2030 quo
1153 1972 1390 2032 tempore
1419 1969 1699 2033 utrumque
1727 1963 1984 2030 voluerat,

409 2057 525 2114 post
559 2056 699 2102 tanta
725 2065 788 2103 ac
815 2051 937 2105 talia
982 2059 1127 2107 recte
1166 2051 1302 2106 facta
1344 2060 1397 2108 et
1449 2054 1597 2124 signa
1645 2051 1871 2120 ﬁduciae,
1918 2055 1986 2108 ita

408 2150 550 2193 utetu
599 2143 950 2212 tumrorisque
988 2143 1348 2214 magnitudine
1376 2144 1730 2214 detinebatur,
1773 2155 1829 2202 ut
1876 2146 1990 2202 lucc

407 2234 563 2286 \erha
593 2235 942 2303 loqueretur:
995 2234 1136 2290 Tolle
1179 2238 1402 2292 anintam
1449 2255 1611 2294 meam
1655 2255 1688 2293 a
1730 2255 1808 2294 me
1837 2255 1857 2294 :
1887 2256 1988 2293 non

405 2325 536 2376 enim
566 2342 675 2379 sunt
704 2329 880 2380 melior
908 2343 997 2398 ego
1027 2345 1176 2400 quant
1205 2335 1370 2399 patres
1399 2331 1496 2384 mei
1540 2329 1646 2400 (Ib.
1689 2352 1740 2389 υ.
1771 2331 1850 2401 4).
1883 2330 1986 2386 Ista

408 2415 516 2478 ille,
541 2417 630 2484 qui
657 2415 919 2488 hodieque
946 2417 1171 2472 necdmn
1201 2430 1441 2474 mortuus
1479 2431 1580 2477 est.
1619 2421 1803 2492 Neque
1848 2423 1988 2478 istud

360 2497 364 2504 ’
407 2507 602 2571 soluat,
635 2507 730 2562 sed
776 2510 826 2562 in
865 2509 1137 2567 descitum
1166 2512 1434 2581 prolectus
1450 2512 1843 2581 obdormiebat,
1877 2531 1988 2584 pra:

407 2595 608 2652 doloris
644 2615 706 2653 ac
732 2603 975 2656 tumroris
1001 2619 1163 2657 onere
1190 2605 1362 2660 lassus
1401 2620 1467 2660 ac
1509 2606 1774 2677 fatigatus.
1822 2608 1988 2664 Porro

409 2682 563 2756 lmjus
591 2687 883 2759 discipulus
905 2708 1012 2746 non
1053 2695 1223 2748 solum
1253 2695 1497 2764 spiritdm
1533 2697 1770 2768 magistri
1815 2699 1990 2769 dopli-

406 2793 521 2832 cem
547 2783 768 2848 accepit,
793 2782 885 2839 sed
908 2793 961 2838 et
1001 2799 1276 2854 pressurus
1296 2787 1451 2858 longe
1472 2789 1630 2844 etiam
1655 2791 1886 2862 majores
1909 2794 1985 2864 (4.

410 2867 536 2940 lieg.
564 2869 641 2940 2).
671 2871 778 2925 Hos
806 2872 1032 2944 denique
1060 2875 1214 2944 paulo
1243 2887 1366 2932 ante
1395 2879 1578 2934 beatus
1601 2873 1792 2936 Paulus
1807 2893 1986 2938 osten-

408 2962 561 3026 tit'llS,
591 2963 910 3035 illorumque
937 2983 1200 3022 terumnas
1227 2981 1566 3035 enumerans,
1599 2972 1771 3027 aiebat
1801 2993 1813 3029 :
1857 2975 1986 3042 Qut-

408 3052 499 3105 bus
525 3054 706 3124 (lignus
732 3070 832 3110 non
861 3068 967 3111 erat
1009 3060 1231 3116 mundus
1277 3060 1434 3135 (Heb.
1489 3061 1574 3121 11.
1624 3061 1738 3138 58).
1793 3069 1990 3140 Perop-

410 3149 635 3208 portune
658 3163 797 3201 nunc
815 3148 960 3203 Pauli
983 3151 1206 3207 iecimus
1233 3154 1555 3211 mentionem
1583 3176 1594 3210 :
1618 3159 1706 3228 q'ui
1734 3160 1876 3215 enim
1898 3178 1989 3231 per

409 3253 470 3289 se
495 3238 636 3292 solus
660 3239 932 3310 iuSpectus
969 3243 1034 3298 ad
1059 3247 1444 3303 consolandum
1489 3249 1736 3308 sufficere
1789 3267 1986 3322 posset,

410 3328 494 3383 hic
521 3330 788 3397 postalios
817 3334 1059 3400 veniens,
1093 3336 1243 3405 cujus
1271 3322 1376 3394 non
1400 3339 1640 3396 dolorem
1687 3358 1750 3398 ac
1797 3360 1992 3400 intero—

412 3433 521 3470 rem
549 3431 868 3476 evanescere
909 3423 1100 3479 iaciat?
1145 3419 1276 3497 Ejus
1322 3444 1516 3500 nempe
1558 3430 1772 3497 famem,
1825 3437 1987 3500 sitim,

410 3508 720 3575 nuditatem,
765 3511 1060 3584 naufragia,
1097 3515 1402 3588 desertique
1427 3519 1804 3591 habitationes,
1836 3526 1991 3580 timo-

409 3611 495 3651 res
521 3613 583 3651 ac
610 3601 864 3668 pericula,
903 3603 1142 3666 insidias.
1171 3617 1433 3674 Carceres,
1466 3609 1712 3675 verbera.
1760 3614 1985 3684 vigilias,

409 3689 714 3746 innumeras
758 3702 979 3762 mortes,
1012 3704 1065 3752 et
1097 3699 1196 3753 alia
1239 3715 1356 3771 qua:
1399 3702 1791 3772 pra-dicationis
1829 3721 1990 3762 causa

411 3795 696 3849 perpessus
720 3793 822 3852 est,
865 3801 942 3862 (ne
998 3790 1275 3846 referenda
1323 3791 1536 3860 quidem
1583 3795 1832 3851 arbitror.
1888 3796 1990 3852 Ista

409 3871 550 3924 enim
577 3875 676 3927 etsi
705 3888 983 3943 pressurus
1027 3880 1100 3933 illi
1130 3882 1479 3948 exhibebant,
1509 3897 1612 3939 nou
1639 3895 1814 3943 tamen
1840 3902 1991 3944 erant

408 3962 608 4032 absque
630 3966 898 4034 voluptate
917 3969 1166 4039 quadam.
1187 3974 1251 4027 At
1279 3987 1408 4029 vero
1429 3973 1640 4045 quando
1666 3979 1812 4034 illum
1837 3980 1991 4035 Asia-

411 4055 496 4108 tici
537 4069 724 4111 omnes
777 4064 1008 4115 aversati
1054 4073 1195 4130 sunt,
1251 4068 1465 4137 quando
1508 4067 1710 4125 Galatae
1755 4077 1989 4143 perversi

409 4156 548 4210 sunt,
581 4155 712 4235 gens
749 4149 948 4220 integra
997 4162 1050 4208 et
1096 4163 1316 4212 eatenus
1367 4163 1727 4232 acceptabiiis,
1778 4167 1991 4235 quando

409 4251 556 4290 suam
578 4231 1136 4303 ['IeciesiamCoriuthii
1160 4249 1414 4320 plurimas
1435 4252 1485 4306 in
1498 4231 1686 4322 partes
1698 4231 1985 4324 sciderunt,

407 4329 823 4404 t‘oruicatori‘que
849 4339 1121 4396 teterrimo
1148 4350 1243 4410 per
1287 4358 1412 4398 suas
1461 4341 1743 4403 blanditias
1772 4351 1990 4420 pudoris

409 4433 619 4491 quoque
665 4433 880 4482 senSltm
928 4428 1278 4497 abstulerunt,
1309 4435 1432 4502 quid
1483 4437 1630 4492 illum
1677 4453 1988 4509 perpesstmt

411 4522 585 4578 putas,
633 4522 859 4584 quantas
887 4514 1024 4573 illius
1053 4523 1231 4578 animo
1263 4525 1510 4582 tenebras
1542 4527 1738 4584 oii‘usas
1765 4530 1992 4585 arbitra-

411 4607 517 4660 ris?
539 4609 643 4665 Sed
665 4613 791 4681 quid
815 4629 910 4668 nos
934 4613 1030 4668 ista
1057 4613 1379 4685 coujceturis
1407 4618 1725 4687 colligimus,
1763 4635 1882 4676 cum
1924 4623 1990 4676 it-

408 4700 509 4753 iius
541 4699 701 4757 verba
751 4703 935 4758 audire
984 4704 1178 4760 liceat?
1223 4705 1707 4786 Corinthiisenim
1751 4711 1992 4767 scribens

406 4792 616 4847 dicebat
649 4811 663 4848 :
691 4792 942 4862 Quoniam
999 4814 1063 4856 ex
1107 4799 1265 4854 multa
1307 4797 1626 4857 tribulatione
1666 4814 1714 4858 et
1755 4807 1989 4877 angustia

408 4886 574 4938 cordis
595 4887 774 4956 scripsi
801 4887 935 4942 uoltis
963 4907 1053 4959 per
1078 4890 1262 4946 multas
1288 4892 1540 4964 lacrgma's
1569 4895 1645 4968 (2.
1679 4895 1796 4950 Cor.
1824 4898 1878 4953 2.
1907 4895 1985 4971 4).

409 4975 469 5027 lit
498 4992 708 5030 rursum
744 4995 756 5029 :
791 4977 872 5032 Ne
910 4984 1040 5051 forte
1082 4988 1196 5034 cum
1233 4993 1428 5052 venero,
1464 4984 1692 5042 humiliet
1720 5005 1798 5044 me
1827 4987 1984 5056 Deus,

407 5077 448 5117 et
479 5067 676 5136 lugeam
707 5070 893 5124 multos
916 5073 1003 5141 qui
1027 5083 1143 5126 ante
1169 5085 1519 5143 peccaverunt,
1564 5089 1613 5133 et
1647 5095 1746 5133 non
1784 5095 1987 5152 egerunt

405 5161 748 5226 pmttitetttiant
787 5161 892 5235 (Ib.
940 5163 1026 5220 i2.
1079 5166 1196 5237 21).
1247 5168 1448 5226 Galutis
1477 5183 1605 5227 vero
1636 5192 1648 5226 :
1685 5171 1884 5242 Filioli,
1918 5178 1988 5230 in-

404 5255 536 5319 quit,
570 5254 687 5318 mei,
725 5272 848 5324 quos
891 5258 1070 5312 iterum
1098 5262 1348 5330 periurio,
1381 5263 1536 5318 donec
1567 5268 1812 5335 formetur
1836 5268 1983 5322 Chri-

403 5353 508 5398 slus
535 5346 586 5398 in
615 5347 749 5402 vobis
779 5345 919 5422 (Gal.
949 5349 1002 5406 4.
1037 5341 1151 5423 19).
1187 5353 1259 5409 De
1289 5355 1535 5411 Asiaticis
1576 5371 1707 5413 vero
1747 5359 1988 5414 scribens

401 5435 466 5486 ad
497 5437 810 5505 discipulum
835 5440 1074 5510 queritur
1091 5453 1144 5498 et
1170 5446 1485 5516 iugemiscit.
1515 5446 1694 5519 Neque
1724 5451 1864 5504 enim
1889 5453 1985 5505 ista

403 5528 575 5579 solum
603 5538 724 5583 tunc
753 5532 899 5586 illum
929 5540 1160 5592 tuml‘ore
1186 5535 1504 5599 alliciebant.
1534 5537 1628 5593 sed
1655 5547 1708 5594 et
1736 5539 1890 5594 datus
1913 5541 1985 5595 illi

401 5619 649 5674 Slimtlltts
675 5622 746 5676 ita
784 5639 904 5677 eum
953 5625 1182 5684 vexabat
1229 5637 1388 5698 atque
1425 5629 1720 5699 afﬂigebat,
1755 5631 1812 5684 ut
1844 5643 1986 5700 saepe

405 5725 500 5776 pro
542 5711 697 5780 hujus
740 5713 1075 5772 absolutionc
1121 5715 1287 5774 Deum
1332 5723 1650 5790 deprecatus
1684 5724 1750 5776 sit
1798 5739 1810 5776 :
1845 5725 1983 5794 quod

407 5806 546 5862 enim
598 5807 681 5862 hic
727 5809 820 5874 ait,
875 5819 981 5879 ter,
1039 5815 1229 5880 smpius
1261 5811 1758 5884 signiiicat(9.Cor.
1792 5816 1868 5875 1'3.
1903 5819 1978 5893 8).

1147 381 1202 437 S.
1242 383 1516 439 JOANNIS
1554 381 2022 440 CllltYSObTOMl
2065 382 2379 440 ARCIIIEP.
2421 379 2958 440 CONSTANTINOP.
3051 415 3062 440 ι

3556 385 3654 441 £88

2092 497 2318 553 Prorsus
2345 511 2473 553 vero
2503 499 2714 566 quando
2741 499 2829 554 ille
2855 499 3120 568 respirare
3150 499 3336 569 potuit,
3369 498 3455 569 qui
3487 498 3654 555 lratris

2089 599 2299 661 quoque
2340 585 2635 648 absetttiam
2677 591 2923 662 lugebat?
2972 590 3051 644 Ea:
3093 607 3168 656 eo,
3219 592 3384 657 enim,
3407 591 3499 656 ait,
3528 594 3656 662 quod

2088 697 2188 735 non
2215 681 2377 735 inveni
2405 679 2567 736 Titum
2589 686 2795 754 fratrem
2825 697 3005 746 meum,
3031 697 3130 735 non
3152 681 3302 734 habui
3337 683 3550 749 requiem
3579 682 3651 750 (2.

2091 772 2212 825 Cor.
2232 772 2287 826 2.
2319 771 2430 844 15).
2461 771 2515 826 In
2543 773 2764 828 alterius
2789 772 2914 827 item
2942 772 3128 826 morbo
3157 773 3257 825 hoc
3298 771 3434 825 idem
3479 786 3656 841 (iussus

2091 875 2173 918 est
2202 883 2214 917 :
2248 860 2384 919 Deus
2410 866 2543 919 enim
2565 866 2801 920 misertus
2819 875 2890 920 est
2907 865 3036 936 ejus,
3055 864 3122 918 de
3153 863 3398 933 Epaphra
3425 865 3656 919 scribens

2090 955 2534 1026 Philippensibus,
2559 970 2658 1010 non
2695 955 2831 1011 illius
2857 967 3022 1010 autem
3050 955 3232 1018 solum,
3273 957 3360 1008 sed
3379 964 3427 1008 et
3452 957 3565 1017 mei,
3601 970 3657 1010 ne

2090 1048 2342 1100 tristitiam
2375 1062 2524 1118 super
2551 1047 2804 1100 tristitiam
2839 1047 3069 1102 haberem
3095 1045 3262 1116 (Phil.
3292 1041 3347 1097 2.
3371 1039 3480 1112 27).
3511 1044 3573 1100 Et
3594 1045 3658 1097 dc

2089 1138 2455 1193 sctluetoribtts
2479 1149 2542 1193 ac
2563 1139 2661 1192 sibi
2685 1139 3064 1193 reluctantibus
3080 1138 3308 1208 graviter
3327 1147 3574 1198 marcus,
3596 1135 3658 1188 ad

2090 1229 2426 1284 Timotheum
2480 1227 2667 1282 scribit
2714 1247 2726 1283 :
2771 1228 3081 1292 Alexander,
3133 1227 3405 1296 inquiens,
3455 1226 3662 1280 maritis

2093 1317 2248 1370 multa
2274 1317 2399 1370 mihi
2425 1319 2558 1371 mula
2579 1319 2794 1372 ostendit
2822 1334 2840 1371 :
2867 1317 3045 1371 reddat
3073 1316 3150 1370 illi
3188 1316 3487 1386 Dcusjuxta
3514 1331 3662 1383 opera

2090 1425 2183 1464 sua
2211 1409 2285 1481 (2.
2317 1407 2450 1462 Tim.
2475 1411 2526 1463 «1.
2559 1408 2671 1479 ll).
2695 1409 2862 1479 Quam
2887 1407 3045 1478 igitur
3074 1409 3176 1462 iste
3190 1407 3273 1462 vel
3297 1407 3513 1461 brevem
3543 1419 3662 1462 mo-

2095 1499 2229 1552 roris
2257 1513 2320 1552 ac
2348 1495 2549 1553 doloris
2579 1500 2774 1552 habere
2803 1500 3036 1566 requiem
3067 1495 3504 1570 peterat?Neque
3527 1497 3662 1552 enim

2093 1606 2153 1645 ea
2183 1590 2297 1648 sola
2319 1574 2438 1661 quai
2463 1591 2602 1646 dicta
2630 1601 2775 1656 sunt,
2801 1585 3050 1646 obsidere
3094 1593 3331 1646 animum
3371 1592 3487 1661 ejus
3528 1601 3665 1662 pote-

2094 1693 2234 1751 rant,
2265 1684 2359 1739 sed
2384 1692 2440 1739 et
2458 1685 2558 1739 alia
2585 1700 2702 1755 quae
2732 1697 3016 1739 mmrorem
3047 1683 3121 1739 illi
3164 1683 3435 1738 assiduum
3474 1684 3668 1753 prtebe-

2094 1777 2238 1831 bant.
2268 1775 2331 1832 Et
2357 1791 2417 1831 ea
2444 1791 2632 1832 rursus
2659 1777 2772 1846 ipse
2792 1777 3015 1846 aperuit,
3041 1791 3160 1830 cum
3188 1775 3315 1830 dicit
3347 1792 3360 1828 :
3395 1773 3587 1828 Prwter
3613 1791 3669 1829 ea

2091 1885 2206 1940 qua:
2225 1870 2350 1941 [oris
2379 1879 2494 1922 sunt
2519 1869 2761 1922 instantia
2791 1883 2900 1922 mea
2923 1867 3236 1938 quotidiana,
3263 1865 3547 1920 sollicitudo
3563 1882 3668 1918 om-

2093 1961 2232 2012 nium
2263 1957 2626 2013 Ecclesiarum.
2664 1958 2789 2025 Quis
2831 1958 3139 2027 inﬁrmatur,
3181 1965 3228 2010 et
3265 1967 3355 2026 ego
3394 1971 3496 2008 non
3532 1954 3670 2023 infir-

2095 2052 2251 2107 mor?
2277 2052 2390 2122 quis
2415 2052 2808 2118 scandalizatur,
2841 2059 2888 2105 et
2913 2067 3005 2122 ego
3040 2066 3140 2104 non
3169 2065 3290 2102 uror
3316 2048 3390 2120 (2.
3421 2046 3541 2102 Cor.
3586 2047 3668 2101 11.

2093 2143 2186 2199 28.
2206 2139 2334 2215 29)?
2358 2140 2413 2199 Si
2442 2144 2600 2215 igitur
2629 2143 2714 2198 ille
2737 2153 2832 2214 per
2856 2141 3094 2212 singulos
3134 2153 3342 2206 eorum,
3388 2140 3480 2209 qui
3522 2151 3670 2192 scan-

2094 2229 2481 2299 dalizabautur,
2513 2233 2785 2297 urebatur,
2816 2228 3054 2303 profecto
3093 2245 3154 2286 ea
3182 2229 3389 2284 adustio
3417 2227 3672 2296 exstingui

2095 2341 2164 2382 ex
2197 2326 2340 2382 illius
2365 2327 2542 2380 animo
2573 2342 2680 2381 non
2721 2331 2946 2396 poterat.
2997 2323 3177 2394 Neque
3228 2323 3370 2377 enim
3431 2335 3671 2390 umquam

2093 2418 2318 2473 deerant
2345 2417 2437 2487 qui
2462 2417 2969 2480 scandalizarentur,
2999 2416 3211 2485 ignique
3237 2413 3374 2467 illius
3401 2421 3673 2467 materiam

2095 2509 2581 2566 subministrarem.
2611 2507 2743 2564 Nam
2767 2508 2813 2563 si
2837 2515 2888 2562 et
2921 2507 3078 2562 nrbes
3099 2513 3153 2560 et
3171 2514 3358 2575 gentes
3383 2519 3530 2573 stupe
3549 2503 3676 2558 inte-

2093 2614 2202 2672 grze
2235 2603 2396 2673 lapsa:
2423 2611 2568 2670 sunt,
2594 2585 2763 2656 multo
2793 2613 2921 2655 sane
2956 2599 3123 2668 magis
3158 2612 3320 2652 unum
3371 2610 3585 2666 semper
3626 2603 3678 2650 et

2093 2693 2320 2748 alterum
2347 2694 2436 2764 qui
2482 2693 2596 2748 tunc
2633 2700 2944 2764 paterentur
2999 2689 3224 2745 inveniri
3279 2703 3502 2743 necesse
3541 2693 3674 2754 erat,

2094 2800 2214 2839 cum
2239 2795 2316 2840 tot
2338 2797 2521 2842 essent
2551 2785 2807 2842 Ecclesia:
2838 2800 2932 2854 per
2957 2783 3161 2838 orbem.
3186 2781 3559 2836 Concedamus
3583 2795 3676 2836 au-

2098 2885 2226 2939 tem.
2256 2873 2300 2930 si
2331 2877 2525 2946 placet,
2563 2892 2736 2947 neque
2763 2874 3181 2930 scandalizatum
3221 2872 3384 2928 fuisse
3431 2873 3676 2943 aliquem,

2097 2982 2268 3036 neque
2293 2967 2360 3021 ab
2397 2981 2462 3021 eo
2498 2967 2822 3037 disiunctum
2869 2964 3174 3036 aliquando,
3203 2978 3376 3034 neque
3418 2962 3562 3018 aliud
3589 2963 3679 3016 ali-
3769 2999 3773 3002 .

2097 3059 2222 3130 quid
2251 3059 2554 3130 hujusmodi
2591 3060 2821 3114 tristium
2869 3058 2945 3112 illi
2975 3058 3262 3128 contigisse
3297 3075 3310 3111 :
3342 3073 3410 3111 ne
3456 3058 3534 3112 sic
3569 3055 3681 3126 qui-

2095 3151 2217 3204 dem
2249 3159 2479 3206 muerdre
2507 3165 2736 3206 vacuum
2767 3149 3009 3204 invenire
3041 3149 3350 3216 petet-imus.
3381 3148 3499 3217 Qua
3544 3147 3594 3203 in
3624 3160 3680 3201 re

2099 3241 2272 3298 nullus
2303 3246 2493 3299 iterum
2543 3245 2695 3300 testis
2736 3245 2914 3316 aptior
2944 3242 3193 3306 occurrit,
3226 3257 3384 3310 quam
3442 3241 3555 3309 ipse
3595 3239 3679 3308 qui

2100 3349 2286 3406 passus
2315 3345 2416 3392 est.
2447 3335 2587 3404 Quid
2627 3337 2770 3393 enim
2821 3337 2913 3391 ille
2961 3335 3068 3388 ait?
3120 3333 3369 3402 Optabam
3420 3331 3682 3385 attathema

2098 3445 2204 3485 esse
2222 3444 2254 3485 a
2279 3429 2481 3486 Christo
2516 3446 2608 3502 pro
2638 3430 2876 3501 fratribus
2905 3429 3050 3492 meis,
3081 3427 3307 3498 cognatis
3345 3425 3472 3478 meis
3515 3438 3682 3481 secun-

2099 3521 2219 3576 dum
2241 3539 2464 3588 carnem,
2491 3525 2580 3594 qui
2601 3534 2717 3577 sunt
2741 3521 2992 3578 Israelin
3021 3521 3197 3590 (Rom.
3221 3519 3275 3574 9.
3298 3517 3375 3589 5).
3407 3517 3564 3585 Quod
3595 3528 3680 3569 auc

2101 3625 2204 3668 tem
2227 3613 2374 3681 dicit,
2403 3615 2506 3669 tale
2533 3622 2614 3669 est
2647 3632 2660 3669 :
2693 3612 2994 3684 Optabiiius
3014 3609 3140 3664 mihi
3162 3619 3276 3665 erat
3303 3610 3354 3662 in
3384 3609 3680 3678 gehennam

2100 3705 2350 3771 incidere,
2383 3720 2543 3776 quam
2587 3704 2856 3761 lsraeiitas
2891 3703 3133 3759 inﬁdeles
3179 3709 3236 3755 et
3278 3698 3583 3754 incredulos
3611 3694 3683 3748 vi-

2097 3797 2224 3851 dere
2255 3814 2267 3848 :
2302 3795 2401 3850 hoc
2426 3797 2566 3850 enim
2593 3803 2694 3862 est,
2727 3795 2977 3866 Optabam
2997 3794 3274 3848 anathema
3287 3808 3416 3846 esse.
3439 3795 3486 3849 is
3505 3799 3676 3846 autem

2097 3887 2188 3956 qui
2213 3887 2442 3958 eligebat
2467 3887 2726 3957 gehenna:
2768 3888 3084 3953 cruciatum,
3134 3897 3191 3942 ut
3229 3888 3448 3944 Judaeos
3499 3903 3680 3944 omnes

2098 3981 2163 4035 ad
2188 3981 2346 4036 ﬁdem
2374 3991 2554 4051 posset
2583 3981 2856 4047 inducere,
2900 3980 3066 4051 liquet
3108 3980 3350 4052 proiecto
3385 3981 3528 4052 quod
3575 3996 3677 4036 non

2101 4076 2296 4143 potitus
2325 4076 2431 4129 voti
2459 4075 2541 4130 sui
2567 4075 2780 4146 gravius
2805 4074 3162 4140 afﬁciebatur,
3207 4088 3366 4145 quam
3420 4076 3457 4130 ii
3494 4075 3584 4144 qui
3627 4073 3674 4128 in

2097 4167 2338 4238 gehenna
2374 4168 2680 4223 cruciantur
2706 4185 2718 4220 :
2743 4165 3172 4239 quandoquidem
3197 4167 3372 4236 potius
3393 4165 3498 4222 hoc
3522 4178 3675 4236 quam

2101 4255 2227 4314 illud
2254 4259 2521 4330 cupiebat.

2169 4347 2254 4406 l2.
2283 4350 2556 4420 Comparat
2583 4351 2794 4421 Slttgirii
2819 4349 3041 4404 dolorem
3069 4361 3182 4403 cum
3214 4349 3538 4419 antiquorum
3561 4361 3678 4400 mo!-

2098 4443 2384 4499 rore.—Tu
2407 4445 2561 4499 velim
2587 4455 2680 4514 per
2696 4443 2899 4514 singula
2925 4457 3044 4518 quae
3064 4442 3200 4498 dicta
3221 4451 3366 4506 sunt,
3384 4457 3491 4496 non
3507 4441 3673 4495 solum

2100 4536 2376 4591 materiam
2407 4536 2628 4606 cogites,
2655 4547 2721 4590 ex
2749 4549 2852 4604 qua
2875 4531 3128 4589 maestitia
3158 4532 3286 4587 viris
3307 4532 3411 4586 illis
3431 4532 3677 4602 gignebas

2099 4636 2204 4691 tur,
2231 4627 2326 4681 sed
2353 4637 2657 4681 mensuram
2679 4625 2842 4680 etiam
2879 4623 3100 4690 doloris,
3131 4632 3186 4677 et
3217 4623 3386 4678 multo
3403 4624 3552 4677 illum
3570 4637 3679 4676 ma-

2092 4718 2264 4788 jorem
2285 4720 2532 4788 aspicies,
2560 4731 2718 4789 quam
2751 4726 2872 4772 tuus
2896 4717 2984 4771 sit.
3011 4716 3158 4782 Quod
3183 4717 3325 4770 enim
3354 4714 3512 4770 modo
3537 4730 3675 4784 qutev

2097 4812 2252 4878 ritur,
2283 4809 2384 4864 hoc
2406 4817 2513 4875 est,
2547 4809 2829 4879 graviusne
2857 4809 2930 4864 illi
2961 4816 3285 4878 angerentur
3316 4824 3330 4860 ι
3363 4821 3525 4876 porro
3549 4819 3676 4859 ma»

2097 4903 2257 4957 Stitia:
2281 4917 2526 4956 mensura
2561 4914 2664 4956 non
2695 4915 2761 4956 ex
2784 4901 3066 4956 occasione
3091 4915 3192 4970 qua
3221 4909 3342 4954 nata
3367 4907 3451 4954 est
3483 4899 3672 4960 solum,

2097 4993 2188 5049 sed
2220 5009 2286 5049 ex
2309 4995 2489 5050 verbis
2510 4995 2670 5049 etiam
2693 5003 2746 5050 et
2773 4993 2932 5049 rebus
2958 4993 3169 5062 probari
3203 4992 3498 5046 consuevit.
3547 4989 3674 5044 Nam

2096 5086 2304 5155 plurimi
2331 5101 2451 5141 eum
2479 5085 2650 5140 solum
2689 5084 2993 5139 amisissent
3018 5083 3297 5153 pecunias,
3331 5082 3502 5152 magis
3521 5096 3672 5149 quam

2096 5175 2256 5232 modo
2275 5177 2469 5230 caritas
2495 5184 2583 5230 tua
2611 5174 2916 5240 doluerunt,
2935 5183 3094 5242 atque
3114 5189 3178 5228 ex
3205 5172 3290 5228 itis
3311 5173 3399 5228 alii
3432 5187 3492 5227 se
3527 5171 3676 5241 aquis

2097 5267 2514 5334 sull‘oeaveruut,
2547 5266 2635 5320 alii
2663 5265 2854 5334 laqueo
2876 5263 2978 5321 sibi
3002 5265 3163 5318 vitam
3190 5273 3549 5328 extorseruut,
3577 5262 3670 5315 de-

2096 5360 2344 5415 trimenta
2400 5375 2506 5415 non
2547 5358 2781 5414 ferentes
2813 5375 2828 5412 :
2857 5358 3084 5414 aliorum
3113 5371 3242 5412 vero
3279 5357 3442 5412 etiam
3493 5354 3673 5410 oculos

2095 5453 2343 5508 mter-oris
2375 5451 2534 5521 hujus
2565 5452 2644 5506 vis
2685 5465 2749 5505 ac
2793 5449 3101 5520 magnitudo
3128 5451 3368 5504 caecavit.
3413 5447 3484 5505 Et
3530 5455 3672 5503 certe

2096 5547 2251 5613 longe
2273 5546 2444 5601 levius
2469 5561 2532 5600 ac
2556 5545 2882 5600 tolerabilius
2913 5543 3118 5598 videtur
3143 5543 3392 5613 pecunias
3408 5541 3668 5601 amittere,

2095 5653 2253 5707 quam
2287 5637 2553 5706 pertuhari
2578 5652 2606 5690 a
2637 5636 2916 5700 daemone;
2947 5634 3039 5688 sed
3077 5644 3252 5689 tamen
3299 5631 3512 5709 plurimi
3551 5644 3668 5683 cum

2097 5730 2208 5783 haec
2238 5728 2446 5782 lurtitcr
2471 5728 2734 5792 tulissent,
2769 5727 2836 5782 ab
2884 5727 2972 5781 illo
3015 5725 3254 5795 superati
3299 5731 3438 5778 sunt.
3491 5720 3669 5789 Neque

2098 5823 2239 5878 enim
2265 5813 2419 5878 velim
2455 5820 2555 5876 ista
2584 5835 2725 5876 nunc
2745 5835 2806 5874 ex
2835 5819 3013 5875 animo
3061 5826 3150 5874 tuo
3198 5816 3454 5881 metiaris,
3503 5825 3668 5882 neque
