4138 6476
289 454 399 509 ιεθ

291 567 546 638 quoniam
595 578 651 623 tu
704 569 1044 638 pecuniarum
1089 568 1407 623 detrimenta
1458 563 1688 631 irrides,
1740 561 1874 615 alios

291 660 460 714 etiam
484 660 555 714 ita
587 659 804 714 afl‘cetos
845 658 1149 725 arbitreris;
1200 659 1396 728 quippe
1437 671 1619 711 earum
1659 651 1877 706 amissio

292 750 560 819 plurimos
591 752 641 803 in
665 751 924 804 insaniam
948 759 999 802 et
1033 764 1237 804 summa
1266 747 1583 803 detrimenta
1611 743 1874 813 perduxit.

291 845 367 897 At
394 844 537 898 enim
567 843 754 896 fortem
782 843 1017 897 animum
1041 851 1285 897 neutrum
1315 842 1500 893 horum
1528 837 1761 907 dejicere
1780 849 1876 887 va-

294 932 400 999 ict;
449 933 728 988 imbecillis
751 948 877 987 vero
917 947 982 986 ac
1023 932 1222 987 smculo
1265 930 1528 995 addictus,
1574 927 1664 981 illo
1705 924 1879 994 potius

292 1038 457 1094 quam
489 1026 591 1079 isto
610 1026 909 1081 cruciatur?
937 1024 1045 1080 Cur
1074 1025 1164 1078 id?
1190 1024 1322 1091 Quia
1344 1023 1483 1078 idem
1519 1035 1625 1075 non
1671 1028 1771 1085 est,
1803 1018 1878 1071 fac

294 1132 441 1171 mem
465 1132 678 1186 semper
704 1126 938 1171 metuere
960 1158 976 1180 ,
1015 1125 1070 1170 et
1111 1116 1293 1186 paucis
1325 1114 1512 1169 diebus
1553 1110 1738 1181 agitari
1781 1109 1881 1162 hoc

294 1208 511 1262 morbo.
541 1204 668 1261 Nam
707 1209 793 1261 hic
811 1206 1022 1276 quidem
1044 1207 1191 1261 brevi
1223 1203 1476 1273 temporis
1494 1211 1646 1272 parte
1677 1200 1733 1254 fit
1765 1199 1877 1252 vio-

297 1299 462 1352 lentia
488 1299 681 1360 omnis,
713 1313 819 1351 non
859 1313 1013 1352 secus
1054 1313 1212 1358 quam
1252 1296 1412 1349 febris
1447 1292 1720 1362 cujusdam
1742 1332 1757 1352 ,
1793 1297 1883 1343 aut

296 1390 511 1458 rigoris,
536 1390 616 1443 vel
646 1391 863 1443 alterius
890 1390 1213 1443 imminentis
1256 1387 1502 1457 periculi;
1555 1385 1661 1438 imo
1711 1382 1881 1435 minus

298 1483 558 1550 temporis
604 1490 864 1551 occupat,
905 1496 1065 1551 quam
1112 1482 1208 1533 ista
1249 1478 1447 1532 omnia.
1501 1476 1604 1531 Sed
1660 1475 1881 1527 fortasse

296 1575 463 1627 vinrit
488 1574 861 1628 vehementia?
889 1573 1048 1642 Atqui
1079 1573 1333 1641 plurimos
1367 1570 1459 1623 tibi
1493 1583 1700 1637 possem
1728 1565 1880 1634 cqui-

298 1666 425 1718 dcm
456 1664 740 1717 ostendere
766 1662 1067 1716 laborantes
1096 1661 1353 1724 febribus,
1383 1660 1469 1727 qui
1501 1673 1620 1711 cum
1655 1671 1722 1711 eo
1762 1657 1882 1723 igne

295 1754 682 1824 corripiuntur,
707 1754 874 1807 multo
909 1753 1075 1822 magis
1104 1766 1262 1820 quam
1301 1751 1355 1814 ii,
1385 1750 1473 1818 qui
1510 1747 1882 1817 perturbantur

299 1860 330 1896 a
358 1845 622 1909 daemone,
647 1843 997 1912 exagitantur.
1024 1843 1094 1896 At
1120 1856 1244 1895 vero
1274 1840 1573 1909 indigentiae
1597 1848 1788 1903 metus,
1816 1851 1883 1890 ne

301 1936 480 1988 desint
506 1934 827 1998 necessaria,
855 1933 1018 1988 veluti
1045 1933 1241 1987 vermis
1268 1931 1511 1985 assiduus
1535 1929 1732 1999 jugiter
1759 1942 1879 1996 per-

300 2025 523 2080 turbans
543 2035 699 2095 atque
726 2024 986 2090 assidens,
1014 2038 1305 2093 pauperum
1349 2020 1582 2075 corrudit
1624 2019 1880 2073 animum.

300 2118 372 2172 Et
415 2117 538 2186 quid
584 2133 682 2186 ego
725 2126 1088 2187 paupertatem
1134 2113 1566 2170 dicam?0mucs
1609 2112 1882 2165 hominum

300 2208 629 2262 calamitates
654 2208 696 2263 si
723 2207 1064 2262 dinumerare
1098 2206 1355 2269 velimus,
1396 2219 1503 2258 non
1546 2203 1643 2271 ipsi
1688 2203 1881 2266 solum,

301 2296 397 2352 sed
427 2308 480 2351 tu
510 2312 717 2368 quoque
744 2298 972 2353 lamenta
1011 2307 1098 2352 tua
1128 2311 1191 2351 ac
1218 2296 1454 2366 ploratus
1484 2293 1709 2348 fortasse
1739 2292 1884 2346 ride-

301 2390 406 2442 bis.
437 2390 672 2459 Denique
700 2406 802 2444 non
830 2390 1000 2445 solum
1034 2405 1241 2453 omnes,
1269 2388 1362 2443 sed
1402 2404 1467 2442 ne
1510 2387 1883 2441 brevissimam

300 2479 517 2546 quidem
545 2496 728 2534 earum
778 2489 979 2549 partem
1023 2480 1197 2548 eloqui
1243 2479 1396 2533 nobis
1431 2477 1680 2547 possibile
1721 2487 1881 2531 esset.

302 2570 487 2640 Neque
523 2572 665 2626 enim
700 2573 897 2627 scimus
928 2572 1043 2625 illas
1063 2612 1078 2635 ,
1111 2586 1281 2641 neque
1300 2570 1343 2623 si
1371 2570 1647 2634 sciremus,
1677 2579 1885 2636 tempus

302 2677 465 2716 omne
494 2662 784 2715 narrationi
812 2660 1084 2715 sufﬁceret
1116 2679 1128 2713 :
1157 2675 1336 2715 verum
1386 2672 1581 2728 paucas
1618 2673 1685 2714 ex
1719 2657 1885 2726 pluri-

303 2756 409 2807 mis
432 2770 527 2824 pro
547 2754 742 2808 viribus
767 2755 1046 2823 colligens,
1075 2769 1138 2808 ex
1180 2754 1261 2807 bis
1302 2752 1391 2806 tibi
1436 2766 1528 2806 eas
1564 2750 1721 2805 etiam
1766 2765 1886 2820 qua:

301 2845 462 2897 dieue
488 2858 595 2897 non
620 2853 764 2908 sunt,
793 2843 1152 2913 eonjiciendas
1176 2843 1493 2913 relinquam.

374 2934 669 3005 Demophili
693 2936 923 3006 επεηιριο
951 2937 1145 2991 solatur
1169 2935 1470 3007 Stagirium.
1491 2964 1564 2976 —-
1598 2934 1885 3001 Memento,

301 3041 506 3096 qumso,
538 3026 682 3081 senis
707 3026 850 3081 illius
875 3027 1220 3091 amicissimi,
1255 3025 1621 3095 DemOpbilum
1648 3024 1788 3085 dico.
1814 3038 1886 3079 ex

303 3132 495 3185 magna
523 3116 816 3185 illustrique
843 3116 1061 3171 familia.
1085 3117 1183 3171 Hic
1214 3117 1324 3186 jam
1360 3116 1602 3185 quintum
1642 3124 1699 3169 et
1738 3113 1888 3168 deci-

305 3228 453 3264 tuum
499 3227 695 3264 annum
740 3212 866 3280 agit,
911 3226 977 3265 ex
1014 3226 1119 3280 quo
1160 3209 1493 3264 nihilfacere
1535 3207 1654 3277 plus
1692 3213 1886 3277 potest,

300 3317 463 3371 quam
486 3304 700 3368 mortui,
719 3303 820 3354 nisi
843 3301 983 3371 quod
1007 3301 1185 3356 tremit
1201 3301 1398 3370 jngitcr
1415 3308 1469 3355 et
1486 3299 1739 3369 loquitur,
1764 3312 1888 3352 sen-

299 3410 528 3463 somque
560 3394 849 3464 perfectum
873 3408 1087 3447 suorum
1120 3394 1279 3448 habet
1313 3394 1592 3446 malorum.
1621 3391 1884 3446 Cmtcrum

302 3485 358 3538 in
385 3497 590 3537 summa
621 3494 927 3554 paupertate
953 3485 1112 3538 vitam
1141 3485 1263 3555 agit,
1294 3484 1537 3537 ministro
1559 3493 1759 3538 tantum
1783 3496 1887 3538 uno

301 3578 644 3632 adolescente
678 3579 981 3640 comitatus.
1031 3579 1172 3632 bono
1212 3577 1424 3647 quidem
1464 3593 1525 3631 ac
1563 3578 1762 3631 domini
1805 3577 1885 3631 sui

301 3670 565 3736 studioso,
597 3686 700 3722 non
726 3679 902 3725 tamen
926 3672 1014 3740 qui
1035 3671 1389 3725 calamitatem
1410 3670 1463 3724 ill
1483 3685 1551 3723 im
1579 3670 1738 3723 Solari
1768 3685 1890 3738 pos-

300 3762 395 3814 sit.
430 3759 609 3828 Neque
640 3763 781 3815 enim
814 3762 1044 3831 inepiam
1070 3763 1255 3831 juvare
1285 3771 1473 3831 petest,
1525 3777 1695 3830 neque
1736 3775 1887 3815 reso-

304 3849 525 3904 lutionis
555 3861 839 3907 tremorem
885 3855 1092 3920 sistere,
1135 3852 1530 3908 sedbuteellam
1566 3861 1766 3907 tantum
1806 3854 1885 3907 ori

303 3942 509 3996 domini
539 3959 829 4013 apponere,
859 3946 1053 4015 quippe
1080 3961 1252 4014 neque
1277 3944 1342 3998 ad
1389 3945 1490 3999 hoc
1522 3946 1666 3999 illum
1702 3945 1889 4015 juvare

306 4043 534 4103 possunt
578 4050 796 4101 manus,
842 4046 896 4090 et
937 4036 1132 4091 offerre
1169 4038 1409 4101 calicem,
1449 4045 1506 4091 et
1542 4044 1886 4105 purgamenta

304 4126 843 4195 narium‘abstergere
879 4125 1149 4195 praevalet,
1176 4126 1319 4179 aliud
1344 4136 1520 4182 autem
1548 4126 1666 4195 plus
1692 4125 1884 4180 inferre

305 4217 463 4271 nihil.
499 4217 566 4269 Et
586 4216 684 4271 iste
713 4215 947 4285 quidem,
981 4224 1039 4271 ut
1077 4216 1205 4279 dixi,
1234 4215 1535 4285 quindecim
1574 4215 1683 4284 jam
1719 4230 1887 4271 annos

307 4309 363 4362 in
385 4308 645 4376 ejusmodi
674 4308 925 4361 mrumnis
948 4307 1088 4378 degit
1128 4324 1141 4358 :
1178 4322 1278 4376 ego
1306 4314 1479 4360 autem
1522 4308 1668 4362 illum
1708 4308 1889 4361 consi-

307 4399 462 4465 dero,
489 4399 575 4469 qui
604 4400 813 4468 triginta
843 4407 896 4452 et
923 4408 1046 4453 octo
1084 4399 1237 4451 annis
1281 4398 1381 4451 hoc
1418 4399 1604 4453 morbo
1643 4398 1889 4453 detentus

308 4489 487 4545 fuerat
509 4487 687 4560 (Joan.
718 4489 796 4560 5).

380 4580 664 4633 Aristoxeni
693 4580 975 4651 exentplum
1000 4595 1061 4633 ea:
1087 4578 1344 4649 Bithynia.
1364 4607 1437 4619 —
1463 4579 1543 4634 Tu
1567 4579 1724 4634 velim
1750 4594 1888 4648 pra:-

307 4682 454 4727 terea
485 4672 857 4726 Aristoxenum
888 4688 1099 4743 quoque
1141 4688 1206 4727 ex
1239 4672 1480 4744 Bithynia
1510 4673 1729 4743 cogites.
1760 4672 1891 4727 lluic

307 4762 453 4818 enim
489 4777 683 4832 corpus
721 4764 954 4818 nondum
995 4766 1286 4819 resolutum
1333 4775 1416 4821 est
1444 4775 1499 4819 ut
1527 4767 1598 4821 illi
1630 4766 1765 4832 seni,
1797 4782 1889 4822 ve-

310 4870 427 4908 rum
454 4853 679 4924 languor
706 4854 841 4908 alius
864 4854 1121 4920 imminet,
1155 4856 1314 4925 longe
1341 4857 1571 4929 paralysi
1604 4859 1689 4912 illa
1719 4859 1890 4914 mole—

307 4949 462 5001 stior.
488 4946 728 5016 Namque
756 4946 858 5000 alvi
885 4947 1276 5001 contractiones
1305 4949 1547 5017 quaedam
1573 4951 1892 5022 doloresque

310 5038 592 5093 tormentis
618 5038 865 5092 omnibus
891 5039 1211 5104 acerbiores,
1241 5055 1385 5095 nunc
1407 5042 1618 5110 quidem
1658 5044 1893 5100 verubus

306 5132 557 5185 monibus
597 5130 801 5184 acutius
838 5141 1155 5201 pungentes,
1210 5148 1353 5187 nunc
1394 5134 1515 5204 igne
1560 5135 1892 5192 vehementis

308 5231 550 5288 urentes,
580 5222 870 5293 diebusque
901 5224 1124 5311 singulis
1165 5239 1227 5279 ac
1260 5227 1506 5281 noctibus
1544 5243 1667 5282 eum
1710 5231 1893 5296 exagi-

309 5324 506 5381 tantes,
533 5316 671 5385 apud
704 5316 915 5386 ignaros
943 5318 1060 5386 ejus
1089 5318 1259 5372 morbi
1283 5335 1535 5374 vesanum
1556 5321 1705 5374 illum
1724 5322 1891 5376 videri

306 5408 541 5473 faciunt;
572 5406 707 5461 adeo
752 5416 1001 5478 torquent
1047 5409 1188 5463 illius
1236 5411 1482 5481 pupillas,
1538 5412 1663 5467 ideo
1705 5428 1895 5469 manus

309 5497 584 5567 pedesque
615 5498 954 5563 contrahunt,
997 5508 1054 5556 et
1093 5510 1296 5556 mutum
1349 5502 1492 5556 illum
1545 5505 1890 5560 constituunt.

309 5588 480 5644 Porro
509 5588 775 5644 clamores
801 5589 918 5660 ejus
941 5605 1004 5646 ac
1030 5592 1431 5665 gemitus’(uam
1460 5603 1572 5663 post
1603 5595 1747 5649 illam
1781 5597 1893 5665 pri-

308 5682 576 5736 vationem
610 5682 759 5735 vocis
787 5695 1188 5754 nonnumquam
1221 5685 1272 5739 in
1314 5686 1599 5740 clamorem
1638 5688 1888 5757 erumpit)

309 5773 539 5828 lamenta
581 5774 986 5844 parturientium
1024 5785 1314 5846 superant,
1351 5779 1485 5833 adeo
1525 5787 1579 5832 ut
1621 5781 1813 5849 smpius
1858 5780 1892 5833 ii

306 5863 492 5929 etiam,
519 5864 710 5934 quibus
740 5863 1073 5935 longinquius
1097 5867 1165 5923 ab
1197 5869 1336 5925 illius
1372 5868 1679 5926 habitaculo
1713 5885 1881 5926 remo-

1069 456 1161 511 AD
1198 453 1568 513 STAGIRIUM
1607 454 1650 507 Α
1680 447 1978 505 ῘΙᾹΞΜΟΝΕ
2010 445 2362 506 VLXATUM.
2388 450 2515 508 LIB.
2555 451 2642 508 Ill.

3457 459 3558 516 £90

1985 559 2049 612 tis
2078 558 2271 615 infirmi
2293 571 2433 627 sunt,
2464 577 2575 632 pra:
2595 564 2888 633 vigiliarum
2917 566 3075 622 taedio
3113 567 3305 624 turbati
3349 571 3562 624 mittant

1980 649 2277 718 culpantes,
2300 651 2440 721 quod
2472 668 2538 708 ex
2565 653 2706 708 illius
2733 654 3054 711 clamoribus
3080 657 3305 714 inﬁrmis
3327 660 3439 714 suis
3463 659 3558 712 de—

1984 743 2148 796 terius
2166 743 2253 797 sit.
2278 743 2356 799 Illi
2385 759 2514 799 vero
2543 762 2646 801 non
2676 763 2740 800 ex
2769 748 3068 820 longinquis
3112 750 3425 818 intervallis,
3465 751 3558 805 sed

1982 836 2180 902 saepius
2204 834 2392 889 diebus
2419 836 2641 906 singulis
2665 852 2728 893 ac
2753 841 2998 896 noctibus
3037 842 3317 911 contingit,
3356 854 3563 898 sextus-

1982 939 2086 992 que
2102 923 2212 993 jam
2235 924 2322 980 hic
2349 941 2523 983 annus
2551 929 2795 997 vertitur,
2827 944 2892 985 ex
2913 946 3018 998 quo
3043 931 3419 988 molestissimo
3442 932 3564 988 huic

1980 1012 2192 1083 ﬂagello
2209 1016 2451 1073 addictus
2476 1028 2580 1083 est,
2608 1034 2782 1089 neque
2802 1037 2994 1078 servus
3019 1023 3152 1078 ullus
3171 1024 3443 1095 adest,qni
3471 1040 3565 1079 cu-

1984 1121 2096 1160 ram
2117 1107 2232 1177 ejus
2261 1110 2471 1177 habeat,
2504 1126 2677 1182 neque
2703 1113 2962 1180 medicus,
2992 1114 3082 1185 qui
3123 1116 3432 1171 consoletur
3466 1134 3479 1171 :
3509 1116 3561 1171 id

1985 1210 2201 1266 propter
2228 1199 2479 1268 inopiam,
2509 1201 2646 1256 istud
2675 1203 2796 1272 quia
2825 1212 3040 1273 superat
3063 1219 3274 1260 omnem
3321 1206 3452 1261 artis
3489 1208 3566 1260 in-

1984 1288 2241 1344 dustriam
2272 1290 2316 1344 is
2346 1293 2583 1347 morbus.
2616 1293 2846 1347 Plurima
2878 1294 3019 1350 enim
3057 1295 3268 1365 plurimi
3295 1313 3414 1352 cttm
3440 1313 3564 1368 ege-

1989 1380 2095 1433 rint
2122 1380 2263 1450 (erat
2287 1382 2430 1437 enim
2459 1394 2614 1439 antea
2642 1385 2878 1453 pecuniis
2907 1385 3121 1458 frctus),
3164 1387 3294 1442 nihil
3327 1388 3568 1457 profece-

1988 1481 2133 1526 runt.
2160 1473 2418 1544 Quodque
2444 1475 2529 1530 his
2558 1478 2804 1531 omnibus
2841 1478 3054 1547 gravius
3086 1485 3190 1544 est,
3227 1490 3399 1549 neque
3437 1481 3572 1533 ami-

1987 1579 2170 1618 corum
2193 1565 2385 1634 aliquis
2414 1581 2533 1620 eum
2557 1566 2667 1636 jam
2694 1568 2875 1623 videre
2916 1569 3048 1634 vult,
3086 1568 3180 1624 sed
3221 1584 3341 1624 cum
3382 1584 3571 1624 omnes

1986 1654 2358 1725 deseruerunt,
2386 1666 2441 1711 et
2469 1657 2504 1711 ii
2542 1657 2633 1727 qui
2653 1658 2893 1726 plurimis
2913 1668 3070 1714 antea
3096 1659 3166 1713 ab
3200 1675 3264 1715 eo
3300 1660 3568 1715 beneficiis

1990 1746 2197 1801 fuerant
2216 1749 2408 1803 affecti.
2434 1748 2586 1815 Quod
2614 1750 2662 1805 si
2690 1751 2809 1820 quis
2834 1767 3083 1823 umquam
3107 1752 3418 1823 ingreditur,
3449 1769 3570 1822 pro-

1989 1838 2128 1891 tinus
2173 1840 2339 1893 resilit
2370 1857 2384 1893 :
2423 1848 2569 1895 tanto
2607 1840 2795 1898 ftetore
2835 1841 3025 1898 domus
3068 1843 3155 1898 illa
3189 1845 3338 1913 plena
3370 1855 3468 1906 est,
3502 1859 3568 1899 co

1989 1929 2127 1998 quod
2167 1930 2345 1984 nullus
2374 1930 2512 1986 adsit
2540 1934 2628 2002 qui
2659 1950 2839 1988 curam
2889 1933 3005 2004 ejus
3054 1944 3226 2003 gerat.
3270 1934 3381 1990 Una
3425 1934 3564 1989 enim

1988 2030 2044 2074 et
2086 2020 2196 2073 sola
2250 2021 2323 2075 illi
2370 2023 2558 2077 ancilla
2602 2024 2822 2088 assidet,
2869 2033 3068 2078 tantum
3120 2025 3194 2079 illi
3239 2025 3567 2088 ministrans,

1988 2119 2241 2179 quantum
2268 2120 2447 2181 potest
2485 2112 2697 2180 mulier,
2723 2129 2842 2168 cum
2872 2115 2941 2168 sit
2965 2123 3019 2169 et
3046 2116 3178 2181 sola,
3211 2127 3266 2170 et
3298 2130 3365 2169 ex
3410 2130 3572 2185 opere

1989 2216 2240 2255 manuum
2281 2203 2484 2263 vivens.
2526 2203 2779 2272 Quaenam
2801 2221 2927 2277 ergo
2947 2205 3248 2261 daemonum
3280 2194 3577 2261 vesatioil-

1990 2292 2092 2347 lius
2120 2295 2372 2349 aerumnis
2399 2298 2696 2365 comparari
2728 2299 2939 2366 potest?
2969 2299 3080 2354 Etsi
3116 2300 3257 2354 enim
3304 2314 3424 2354 eum
3474 2300 3572 2355 ho-

1991 2398 2108 2437 rum
2136 2384 2264 2438 nihil
2288 2387 2782 2458 perturbaret,quid
2808 2406 2912 2444 non
2937 2400 3205 2459 pateretur
3224 2390 3570 2446 considerans
3602 2395 3609 2405 '

1989 2475 2124 2531 adeo
2155 2478 2415 2547 prolixum
2445 2487 2674 2549 tempus,
2707 2495 2813 2551 quo
2836 2481 2946 2552 jam
2986 2481 3037 2536 in
3086 2481 3281 2537 lectulo
3321 2481 3569 2549 decubat,

1990 2567 2336 2639 ingentesque
2360 2580 2622 2640 sumptus,
2645 2573 2733 2641 qui
2760 2586 2817 2627 se
2845 2573 2895 2626 in
2927 2586 3228 2642 supremam
3255 2572 3571 2645 redegerunt

1990 2660 2245 2731 inopiam,
2258 2664 2547 2718 amicorum
2566 2674 2945 2735 contemptum,
2973 2664 3286 2720 famulorum
3304 2675 3462 2735 atque
3477 2665 3572 2720 oh-

1990 2754 2687 2822 scqucntiumsolitudinem
2720 2750 2833 2823 :et,
2882 2756 2932 2810 id
2973 2755 3112 2825 quod
3155 2755 3384 2810 maxime
3429 2771 3569 2810 nunc

1990 2842 2162 2909 doles,
2192 2854 2393 2899 certam
2425 2844 2626 2898 nullam
2658 2845 2902 2899 fiduciam
2936 2844 3095 2900 habet
3121 2860 3184 2898 an
3211 2845 3367 2899 finem
3395 2846 3571 2900 clades

1991 2932 2107 2989 ista:
2137 2934 2394 2989 habitura:
2433 2934 2559 2999 sint,
2592 2937 2699 2991 imo
2728 2950 2856 2991 vero
2898 2945 3096 2992 certam
3136 2936 3400 3001 notitiam,
3433 2936 3571 3005 quod

1992 3036 2052 3078 se
2083 3024 2295 3079 vivente
2340 3039 2403 3079 ac
2436 3025 2673 3095 spirante
2711 3041 2997 3095 numquam
3042 3024 3328 3081 ﬁnientur?
3369 3026 3574 3096 Quippe

1993 3115 2109 3183 ejus
2139 3115 2309 3169 morbi
2337 3115 2438 3179 vis,
2462 3123 2517 3169 et
2538 3115 2877 3187 quotidianus
2925 3116 2977 3170 in
3013 3115 3278 3171 deteriora
3328 3131 3549 3187 progrcs

1991 3219 2104 3267 sus,
2130 3204 2231 3261 hoc
2252 3206 2591 3274 pollicentur.

2065 3297 2151 3353 15.
2191 3297 2512 3352 Xenodocltii
2535 3299 2702 3352 aditus
2739 3299 3097 3354 consolationi:
3124 3299 3338 3354 occasio.
3367 3327 3441 3339 —-
3467 3297 3572 3353 Ve.

1993 3404 2110 3443 rum
2160 3404 2226 3445 ne
2258 3404 2355 3460 per
2384 3390 2621 3460 singulos
2664 3405 2986 3446 enumerans
3015 3406 3110 3446 eos
3148 3391 3235 3461 qui
3267 3390 3572 3459 hujusmodi

1992 3481 2232 3537 adversis
2260 3482 2469 3537 casibus
2499 3481 2678 3537 afﬂicti
2701 3493 2848 3549 sunt,
2880 3482 3149 3538 fastidium
3180 3484 3476 3553 legentibus
3498 3482 3573 3535 fa-

1992 3575 2151 3643 ciam,
2194 3590 2377 3645 perge,
2407 3590 2612 3644 qumso,
2666 3575 2730 3629 ad
2762 3576 2924 3646 {illum
2975 3577 3061 3630 cui
3091 3574 3408 3630 xenodoehii
3450 3589 3575 3628 cura

1953 3668 1961 3681 ‘
1994 3668 2251 3737 permissa
2282 3676 2384 3734 est,
2428 3683 2491 3722 ac
2515 3669 2642 3736 jnbe
2666 3675 2716 3722 te
2741 3668 2804 3722 ad
2834 3668 2902 3722 ibi
2925 3668 3165 3737 jacentes
3205 3666 3488 3731 introduci,
3521 3676 3577 3720 ut

1992 3771 2205 3812 omnem
2233 3759 2540 3813 morborum
2574 3758 2823 3828 inSpicias
2850 3758 3105 3822 radicem,
3148 3772 3387 3826 novaque
3434 3756 3579 3810 infir-

1993 3851 2233 3905 mitatum
2262 3866 2480 3920 genera,
2525 3865 2817 3918 omncSque
2858 3848 3107 3904 materias
3136 3849 3404 3904 maeroris.
3450 3848 3575 3902 Inde

1996 3954 2047 3999 te
2073 3943 2139 3998 ad
2190 3958 2460 3999 carcerem
2503 3944 2705 4009 confer,
2760 3944 3072 4012 cunctisque
3123 3942 3261 3996 illius
3291 3941 3575 3995 habitaculi

1993 4034 2274 4104 diligenter
2303 4035 2615 4103 exploratis,
2660 4033 2997 4103 proficiscere
3024 4033 3091 4087 ad
3130 4035 3436 4088 balnearum
3483 4049 3575 4086 ve-

1995 4125 2208 4191 stibula,
2241 4139 2347 4195 quo
2386 4125 2438 4178 in
2467 4124 2604 4187 loco,
2649 4125 2774 4176 finio
2802 4133 2856 4179 et
2884 4124 3075 4193 stipula
3105 4139 3203 4192 pro
3242 4123 3477 4178 vestibus
3524 4132 3578 4178 et

1994 4215 2155 4269 domo
2202 4224 2411 4269 utentes
2458 4214 2639 4282 jacent
2680 4214 2918 4269 nonnulli
2945 4215 3092 4279 nudi,
3145 4214 3360 4284 frigore,
3391 4215 3577 4285 morbo

1994 4306 2236 4376 fameque
2268 4315 2521 4376 perpetua
2569 4303 2788 4368 obsessi,
2842 4300 3167 4375 aspectuque
3209 4305 3325 4360 solo
3363 4320 3426 4359 ac
3466 4288 3589 4359 tre;

1996 4415 2148 4454 more
2166 4400 2408 4469 corporis
2431 4409 2483 4453 et
2508 4400 2684 4455 sonitu
2712 4415 2771 4454 se
2788 4399 3150 4453 collidentiutn
3182 4399 3418 4453 dentium
3442 4414 3573 4468 prte-

1998 4499 2270 4547 tercuntes
2297 4491 2361 4546 ad
2390 4491 2809 4547 misericordiam
2850 4488 3146 4558 flectentes,
3190 4504 3361 4560 neque
3392 4505 3577 4545 vocem

1995 4587 2263 4653 emittere,
2298 4601 2470 4657 neque
2490 4601 2705 4640 manum
2734 4584 3023 4641 extendere
3052 4587 3309 4651 valentes,
3340 4598 3408 4639 eo
3435 4584 3574 4653 quod

1990 4676 2100 4747 jam
2129 4676 2214 4732 his
2240 4677 2396 4732 malis
2443 4677 2653 4748 penitus
2694 4677 2857 4731 attriti
2900 4684 3043 4730 sunt.
3093 4674 3277 4745 Neque
3322 4676 3579 4730 hactenus

1996 4769 2251 4838 persistas
2279 4769 2459 4833 velim,
2488 4768 2582 4825 sed
2611 4768 2676 4822 ad
2711 4782 2999 4838 pauperum
3026 4765 3401 4831 diversorium,
3434 4765 3574 4837 quod

1998 4871 2121 4917 ante
2156 4860 2339 4915 urbem
2372 4870 2472 4925 est,
2511 4859 2767 4930 egredere
2794 4877 2810 4914 :
2841 4858 3131 4929 perspicies
3167 4859 3402 4929 profecto
3434 4874 3579 4923 eum,

1997 4968 2103 5023 quo
2131 4967 2272 5007 nunc
2291 4952 2579 5018 detineris,‘
2605 4965 2891 5005 maerorem
2922 4961 3134 5022 portum
3164 4966 3285 5006 esse
3314 4950 3572 5019 tranquil-

1997 5046 2280 5099 lissmtum.
2309 5043 2443 5110 Quid
2466 5045 2607 5099 enim
2636 5042 2815 5097 dicere
2841 5057 3059 5098 necesse
3087 5051 3189 5106 est,
3214 5043 3296 5098 vel
3318 5042 3580 5110 elephan~

1999 5136 2067 5190 tia
2083 5145 2431 5205 consumptos
2451 5134 2700 5200 viros,vel
2723 5149 2918 5188 cancro
2938 5132 3223 5189 mulieres?
3245 5131 3416 5187 Ambo
3436 5133 3577 5185 enim

2000 5229 2085 5284 isti
2119 5228 2289 5283 morbi
2320 5237 2374 5282 et
2403 5228 2542 5298 longi
2572 5237 2696 5282 sunt
2725 5236 2780 5282 et
2822 5227 3184 5282 insanabiles:
3218 5225 3407 5279 borum
3449 5240 3577 5277 vero

1997 5329 2221 5389 uterque
2243 5333 2379 5389 quos
2397 5319 2754 5389 occupaverit,
2777 5318 2887 5373 suis
2907 5318 3124 5372 urbibus
3143 5315 3580 5383 elitniuat,neque

1999 5411 2190 5465 lavacr"
2224 5425 2338 5474 eos,
2382 5424 2550 5480 neque
2576 5409 2698 5475 fori,
2729 5424 2903 5480 neque
2927 5407 3144 5462 alterius
3180 5405 3474 5474 cujuspiam
3502 5405 3581 5458 in-

2000 5510 2080 5556 tra
2112 5502 2267 5572 pisiti
2301 5502 2400 5556 loci
2430 5501 2715 5571 participes
2741 5497 2857 5556 fieri
2885 5499 2963 5553 fas
2989 5506 3089 5553 est.
3119 5496 3304 5567 Neque
3328 5497 3469 5551 istud
3489 5513 3581 5550 so-

1998 5596 2108 5649 lum
2135 5594 2384 5649 acerbum
2412 5604 2514 5662 est,
2546 5610 2727 5651 verum
2756 5592 2914 5648 etiam
2941 5589 3080 5661 quod
3105 5604 3279 5661 neque
3303 5589 3578 5644 confidere

1998 5695 2240 5755 possunt,
2292 5687 2591 5742 necessaria
2623 5685 2780 5741 victui
2828 5682 2928 5737 sibi
2974 5696 3080 5736 non
3125 5679 3390 5736 defutura.
3438 5679 3578 5748 Quid

1998 5791 2123 5831 vero
2152 5777 2270 5832 illos
2299 5792 2613 5842 memorem,
2634 5776 2722 5847 qui
2752 5773 2943 5828 frustra
2969 5782 3161 5844 saeptus
3191 5785 3255 5825 ac
3280 5773 3397 5827 sine
3415 5787 3572 5827 causa

1999 5868 2064 5925 ad
2098 5871 2306 5927 metalla
2349 5870 2582 5929 damnati
2624 5868 2786 5925 sunt?
2813 5866 3015 5939 Nempe
3053 5865 3138 5926 ist?
3180 5878 3371 5921 omnes
3413 5864 3579 5920 multo
