4138 6484
602 480 699 541 491
732 478 790 534 S.
831 478 1022 534 JOAN.
1066 471 1456 532 CllliYSOST.
1492 467 1816 527 ARCIHEP.
1858 469 2102 527 CONST.
2149 472 2243 528 AD
2285 471 2665 529 STAGlRIUM
2700 471 2742 524 Α
2784 470 3091 527 ΒιΕΜΟΝΕ
3133 470 3485 530 VEXATUM.
3525 474 3580 528 L.
3623 475 3698 530 Ill.
3733 479 3831 535 491

613 590 856 662 graviore
875 587 1061 643 dolore
1084 585 1406 647 cruciantur,
1437 596 1594 652 quam
1626 580 1709 651 qui
1736 595 1767 635 a
1795 579 2037 634 daemone
2063 592 2186 633 cor-

617 682 899 748 ripiuntur.
927 677 982 734 Si
1023 691 1148 730 vero
1190 690 1294 730 non
1325 672 1504 728 credis
1527 713 1542 739 ,
1571 669 1702 726 nihil
1730 671 1920 725 mirum
1946 677 2048 724 est.
2076 665 2186 723 No-

611 778 722 824 stra
739 770 880 823 enim
904 783 1008 822 non
1033 765 1217 820 eadem
1239 764 1523 828 sententia,
1543 777 1643 832 qua
1664 761 1835 815 aliena
1855 757 2187 814 incommoda

612 857 848 927 judicare
874 855 1243 909 consuevimus
1267 869 1279 906 :
1313 867 1432 906 cum
1465 850 1550 904 illa
1577 848 1791 921 quidem
1829 848 1990 902 verbo
2018 846 2188 901 solum

613 958 669 1002 et
697 959 938 1017 aspectu,
985 955 1164 1000 nostra
1190 959 1318 1000 vero
1347 943 1710 1014 experimento
1759 955 1822 996 ac
1861 955 2038 1002 sensu,
2070 954 2188 994 cum

615 1038 783 1092 nostri
827 1039 1059 1106 ipsorum
1101 1035 1441 1090 miseratione
1477 1032 1778 1103 conjuncta,
1824 1029 2188 1085 didicerimus.

614 1135 789 1200 Atque
806 1130 1003 1184 idcirco
1033 1130 1130 1182 ista
1152 1128 1390 1196 graviora
1408 1140 1546 1191 esse,
1569 1125 1848 1194 minusque
1877 1121 2189 1187 tolerabilia,

615 1235 773 1290 quam
797 1221 881 1274 illa
904 1218 1417 1282 censemus,tmnotsi
1441 1216 1592 1296 valde
1621 1215 1752 1269 levia
1775 1224 1900 1268 sunt
1926 1222 1976 1267 et
1999 1213 2194 1266 tolera-

617 1311 764 1365 bilia.
783 1311 836 1365 Si
864 1326 988 1364 vero
1014 1311 1271 1379 quispiam
1298 1309 1365 1363 ab
1388 1307 1632 1362 omnibus
1657 1305 1790 1362 liber
1815 1305 2024 1358 illorum
2043 1315 2195 1358 natu-

619 1417 732 1458 ram
763 1404 1067 1472 diligentius
1096 1402 1418 1466 consideret,
1464 1410 1517 1454 et
1543 1413 1636 1454 eos
1663 1397 1755 1468 qui
1789 1399 1840 1451 in
1873 1397 1960 1450 illa
1992 1395 2192 1450 incide-

621 1501 744 1546 runt
787 1494 1195 1556 animadvertat,
1241 1491 1324 1545 hic
1351 1491 1590 1561 profecto
1618 1489 1772 1546 nobis
1795 1488 1862 1542 de
1892 1485 2191 1556 bujusmodi

621 1584 760 1637 feret
807 1583 1164 1652 incorruptam
1200 1581 1538 1635 sententiam.
1569 1578 1674 1635 Sed
1704 1578 1932 1634 fortasse
1959 1577 2196 1634 dicturus

619 1689 701 1741 es,
729 1688 912 1728 omnes
956 1675 1076 1728 illos
1114 1673 1330 1728 morbos
1355 1673 1494 1727 circa
1537 1686 1730 1741 corpus
1771 1671 1970 1725 versari
1998 1670 2192 1736 solum,

621 1765 757 1820 hanc
780 1773 957 1818 autem
984 1772 1188 1835 pestem
1221 1765 1386 1834 ipsam
1423 1765 1651 1817 animam
1679 1763 1956 1832 attingere,
1990 1761 2198 1830 illisque

620 1857 868 1910 omnibus
893 1871 1012 1910 esse
1041 1855 1310 1910 ditiorem.
1333 1855 1532 1925 Nempe
1556 1857 1656 1909 hoc
1682 1855 1797 1924 ipso
1820 1854 2058 1923 inprimis
2078 1868 2196 1908 eam

622 1949 948 2003 inveniemus
977 1949 1081 2004 illis
1115 1947 1361 2004 omnibus
1387 1964 1506 2004 esse
1535 1949 1806 2004 leviorem.
1837 1948 2020 2018 Neque
2051 1946 2193 2002 enim

624 2041 736 2094 hac
764 2050 820 2095 ttt
841 2042 915 2095 illi
937 2055 1129 2110 corpus
1151 2043 1462 2110 corrumpit,
1487 2041 1579 2096 sed
1602 2041 1773 2095 solum
1795 2041 2024 2094 animam
2047 2039 2194 2093 brevi

617 2115 863 2207 tempore
881 2133 1113 2201 exagitat
1137 2149 1151 2186 :
1173 2142 1421 2186 etuterum
1447 2133 1518 2187 illi
1543 2134 1640 2202 ipsi
1668 2131 1860 2199 morbi,
1887 2145 2019 2202 quos
2041 2130 2200 2185 modo

624 2223 1040 2289 numeravimus,
1095 2239 1216 2278 cum
1245 2225 1296 2278 in
1327 2238 1486 2279 carne
1509 2226 1812 2295 gignantur,
1839 2239 1955 2278 eam
1986 2239 2197 2278 omnem

625 2326 824 2384 pestem
855 2331 957 2370 non
989 2326 1211 2371 eatenus
1239 2316 1453 2382 sistunt,
1492 2331 1674 2371 verum
1703 2315 1767 2370 ad
1797 2317 2025 2368 animam
2043 2318 2202 2368 eluit-

588 2403 596 2413 “
625 2415 762 2472 tunt,
793 2414 1100 2476 torquentes
1129 2406 1272 2460 illam
1293 2407 1509 2477 jugiter,
1554 2417 1607 2461 et
1633 2421 1727 2475 per
1751 2406 1951 2461 doloris
1980 2420 2044 2459 ac
2070 2419 2202 2460 mae-

627 2499 764 2553 roris
810 2500 1025 2553 aculeos
1063 2509 1488 2568 corrumpemes.
1525 2499 1592 2555 Ut
1634 2500 1788 2565 enim,
1833 2499 2018 2568 inquit,
2049 2498 2203 2551 ulceri

623 2599 820 2643 acetum
871 2590 1073 2643 minime
1113 2592 1359 2656 convenit,
1390 2592 1459 2643 ita
1487 2601 1535 2645 et
1579 2591 1780 2645 morbus
1821 2592 1872 2644 in
1909 2607 2093 2660 corpus
2119 2590 2202 2643 in-

625 2690 789 2732 rectus
814 2681 1069 2750 perturbat
1104 2698 1190 2735 cor
1221 2681 1398 2754 (Prov.
1428 2683 1514 2737 25.
1548 2681 1639 2751 20)
1689 2682 1803 2736 Non
1836 2683 1993 2751 igitur
2020 2679 2070 2734 id
2109 2696 2202 2734 so-

624 2769 730 2823 lutn
760 2770 979 2836 dixeris,
1014 2771 1110 2826 hos
1136 2781 1338 2826 tantum
1372 2763 1515 2842 gigni
1558 2788 1622 2826 ex
1655 2787 1898 2840 corpore,
1943 2771 2038 2825 sed
2077 2771 2202 2824 illud

626 2863 798 2931 potius
822 2863 1063 2926 ostende,
1085 2877 1189 2932 quo
1212 2872 1364 2932 pacto
1383 2874 1584 2932 pestem
1601 2878 1815 2918 omnem
1839 2872 1892 2915 ct
1910 2862 2206 2930 corruptio-

625 2966 747 3006 nem
779 2951 844 3004 ad
873 2953 1101 3006 animam
1133 2968 1237 3007 non
1264 2953 1492 3007 mittant.
1515 2953 1721 3024 Quippe
1743 2965 1796 3006 et
1827 2953 1990 3022 pestis
2023 2953 2039 2983 ⁸
2083 2967 2204 3006 cum

625 3059 734 3099 non
761 3045 1007 3114 gignatur
1033 3061 1097 3100 ex
1125 3046 1458 3118 corporibus,
1496 3045 1785 3115 corrumpit
1813 3054 1865 3099 et
1895 3044 2066 3114 perdit
2087 3058 2206 3098 cor-

628 3149 776 3203 pora,
805 3136 1057 3207 virusque
1083 3145 1415 3206 serpentum,
1443 3151 1563 3192 cum
1592 3150 1659 3190 ex
1686 3137 1765 3190 eis
1797 3137 2037 3204 prodeat,
2079 3150 2204 3204 per-

625 3227 702 3280 dit
731 3227 856 3281 item
903 3241 999 3282 nos
1025 3245 1036 3281 :
1087 3227 1159 3281 ita
1189 3236 1242 3281 et
1282 3228 1334 3280 in
1364 3226 1447 3280 his
1479 3227 1683 3281 morbis
1731 3227 2068 3280 sentiendum
2098 3237 2201 3290 est,

625 3321 715 3388 qui
742 3335 863 3375 cum
891 3320 1173 3390 gignantur
1199 3333 1268 3374 ex
1293 3333 1539 3388 corpore,
1560 3319 1774 3373 malitia:
1799 3332 1908 3372 sua:
1931 3330 2133 3371 venena
2153 3318 2203 3371 in

625 3412 856 3466 :mimam
888 3421 1124 3466 nostram
1153 3408 1552 3465 transfundunt.
1578 3408 1735 3465 Omni
1765 3423 1992 3478 namque
2019 3409 2204 3462 obsess

625 3505 776 3557 sione
805 3501 1065 3557 diabolica
1099 3501 1364 3572 potentior
1393 3511 1475 3556 est
1517 3501 1583 3555 ad
1612 3501 1908 3555 nocendum
1957 3501 2228 3555 meam-is.

627 3593 954 3665 magnitudo.
996 3593 1235 3662 Namque
1257 3603 1313 3647 et
1336 3593 1544 3646 daemon
1576 3607 1939 3662 quoscumque
1969 3597 2202 3660 superat,

627 3702 722 3757 per
749 3700 1036 3741 maerorem
1065 3694 1282 3755 superat
1317 3701 1333 3739 :
1365 3700 1488 3739 eum
1515 3686 1559 3739 si
1585 3683 1817 3749 auferas,
1865 3683 1993 3737 nihil
2030 3699 2058 3735 a
2099 3683 2209 3737 da»

631 3793 791 3833 mone
832 3779 1112 3850 quisquam
1143 3777 1260 3832 laedi
1304 3781 1516 3848 poterit.
1546 3779 1613 3832 Et
1640 3777 1930 3848 quomodo,
1977 3777 2204 3848 inquies,

628 3871 742 3926 fieri
772 3881 963 3940 potest,
1017 3882 1073 3925 ut
1102 3886 1336 3926 maerore
1363 3871 1579 3926 vacem?
1609 3871 1722 3938 Ego
1751 3881 1936 3924 contra
1969 3881 2018 3924 te
2045 3871 2208 3924 inter-

629 3963 848 4031 rogabo,
869 3962 991 4030 quid
1014 3975 1188 4017 causa:
1211 3972 1294 4016 est
1318 3962 1459 4031 quod
1488 3978 1590 4015 non
1621 3962 1778 4017 liceat
1798 3976 1826 4014 a
1855 3975 2088 4016 maerore
2117 3977 2208 4014 v.1-

626 4069 771 4108 eare.
802 4053 932 4107 Nam
980 4055 1022 4108 si
1069 4054 1407 4120 adulterium,
1461 4056 1504 4107 si
1549 4053 1912 4118 homicidium,
1945 4053 1989 4106 si
2030 4052 2208 4107 scelus

629 4144 841 4214 :iliquod
868 4144 1170 4216 ltujusmodi
1200 4156 1584 4216 perpetrasses,
1626 4145 1768 4216 quod
1798 4154 1851 4200 te
1895 4158 2059 4214 regno
2097 4160 2204 4199 ca:-

631 4238 748 4291 lesti
777 4238 1105 4304 excluderet,
1135 4247 1279 4293 recte
1303 4252 1562 4293 mtereres
1591 4253 1654 4291 ac
1684 4236 1896 4308 lugeres
1925 4236 2206 4306 nullusque

627 4338 678 4382 te
704 4328 1009 4397 prohiberet
1032 4347 1044 4383 :
1070 4329 1278 4399 quodsi
1303 4345 1395 4398 per
1414 4329 1738 4397 Deigratiam
1767 4328 1835 4382 ab
1860 4327 1941 4381 his
1961 4326 2209 4382 omnibus

631 4419 938 4491 longissime
960 4431 1196 4475 remotus
1223 4420 1433 4490 cs,quid
1463 4419 1655 4474 frustra
1686 4419 1908 4490 teipsum
1933 4419 2207 4474 concidis?

705 4514 791 4565 14.
825 4510 926 4564 Cur
951 4527 1210 4565 utmorem
1238 4509 1374 4564 Deus
1402 4520 1588 4564 nostris
1615 4519 1814 4564 natura:
1837 4509 2118 4569 inseruerit.
2136 4535 2209 4548 —-

631 4599 914 4656 Limrorem
949 4618 1160 4672 quoque
1191 4603 1332 4656 Deus
1382 4601 1606 4655 inseruit
1649 4610 1852 4654 natura:
1881 4599 2202 4665 mortalium,

633 4707 740 4744 non
759 4693 928 4748 utabs
953 4707 1011 4746 re
1037 4699 1090 4745 ct
1139 4693 1507 4760 intempestive
1534 4691 1624 4746 illo
1651 4691 1704 4745 in
1730 4691 1887 4746 rebus
1928 4690 2208 4746 contrariis

635 4793 862 4843 utantur,
901 4797 1072 4852 neque
1109 4792 1168 4837 ut
1194 4783 1437 4852 nosipsos
1468 4783 1809 4852 perimamus,
1843 4797 2024 4836 verum
2058 4790 2116 4834 ut
2141 4796 2206 4834 ex

630 4889 696 4926 eo
734 4872 961 4925 maxima
992 4873 1344 4928 emolumenta
1381 4887 1785 4942 consequamur.
1817 4871 2058 4942 Quonam
2086 4886 2210 4924 vero

633 4964 791 5018 modo
853 4965 939 5018 illa
977 4965 1407 5036 consequemur?
1459 4966 1515 5021 Si
1562 4966 1711 5020 illum
1764 4965 2075 5034 tempesdve
2127 4978 2212 5016 as-

635 5069 923 5110 sumamus.
957 5055 1124 5110 Porro
1151 5057 1396 5112 numeris
1434 5067 1642 5126 tempus
1670 5071 1775 5111 non
1807 5066 1931 5112 tunc
1956 5065 2057 5119 est,
2087 5069 2209 5110 cum

630 5147 827 5217 aliquid
873 5147 1102 5217 patimur
1137 5149 1367 5216 adversi,
1426 5150 1520 5206 sed
1558 5166 1682 5205 cum
1721 5149 1859 5205 male
1903 5165 2206 5219 operamur.

632 5238 855 5292 At'vero
883 5253 980 5293 nos
999 5240 1239 5294 ordinem
1259 5243 1632 5310 pervertimus,
1659 5251 2002 5311 temporaque
2029 5242 2211 5296 immu-

633 5329 881 5395 tavimus,
923 5331 1012 5400 qui
1049 5346 1170 5385 cum
1213 5332 1489 5387 innumera
1533 5333 1670 5386 mala
1708 5343 2096 5401 perpetremus,
2145 5347 2212 5387 uc

633 5420 866 5475 breviter
905 5423 1118 5492 quidem
1145 5423 1333 5478 dolore
1354 5423 1720 5478 contrahitnur
1747 5440 1760 5476 :
1793 5425 1874 5478 sin
1902 5438 2029 5478 vero
2054 5425 2212 5494 quip-

636 5512 774 5577 piam
801 5529 830 5567 a
849 5529 1111 5583 quoquam
1139 5515 1401 5584 patiamur
1423 5515 1568 5581 mali,
1604 5515 1842 5584 protinus
1857 5515 2210 5579 concidimus,

633 5599 918 5668 iuri-emus,
955 5604 1271 5675 liberarique
1295 5617 1349 5662 et
1372 5605 1562 5661 sedete
1582 5621 1646 5659 ex
1679 5607 1782 5658 vita
1807 5604 2140 5660 festinamus.

705 5695 891 5748 Gravis
929 5695 1084 5764 igitur
1110 5708 1166 5752 et
1193 5713 1417 5754 onerosa
1458 5714 1521 5752 ea
1549 5712 1634 5752 res
1659 5698 1885 5762 videtur,
1928 5715 2030 5752 non
2061 5713 2214 5753 secus

639 5793 794 5846 quam
827 5782 1093 5838 iracundia
1119 5798 1170 5840 et
1190 5788 1639 5858 concupiscentia.
1659 5786 1788 5841 Nam
1823 5797 1878 5842 et
1895 5787 2007 5843 luet:
2022 5787 2213 5842 damna

705 5892 721 5922 ⁸
759 5892 830 5940 sic
852 5891 1199 5955 plerique'lss.
1219 5905 1266 5948 In
1281 5907 1349 5956 8.,
1372 5902 1540 5961 rantes,
1567 5903 1722 5950 minus
1746 5909 1900 5950 νεαρ.

2295 577 2644 647 importarunt
2665 575 2720 640 ii,
2743 575 2832 646 qui
2851 575 2912 630 iis
2939 589 3042 631 non
3063 584 3210 632 recte
3238 591 3406 647 neque
3432 589 3704 649 Opportune
3717 597 3817 642 sunt

2294 667 2397 720 usi.
2428 665 2802 735 Contingitque
2831 663 2968 720 idem
2995 665 3134 736 quod
3167 667 3218 720 in
3245 667 3647 738 medicamentis,
3674 687 3773 742 quze
3792 693 3829 731 ι.

2294 756 2515 813 medicis
2549 756 2828 812 traduntur
2853 773 2867 810 :
2909 758 3106 828 quippe
3141 767 3195 813 et
3225 757 3312 813 illa
3343 759 3386 814 si
3418 775 3520 815 non
3547 777 3636 816 suo
3661 764 3818 822 ordine

2295 863 2349 906 et
2375 861 2632 919 tempore.
2673 864 2736 905 ac
2773 865 2872 920 pro
2899 850 3087 920 quibus
3120 850 3319 905 morbis
3357 860 3530 921 parata
3571 863 3700 921 sunt,
3741 857 3833 911 sed-

2297 957 2392 1012 pro
2413 941 2528 996 aliis
2550 941 2885 1011 imponantur
2901 927 3022 1007 alia,
3045 956 3149 995 non
3173 940 3342 995 solum
3365 941 3594 998 infirmos
3607 944 3821 1014 languore

2298 1046 2404 1084 non
2448 1029 2692 1095 liberant,
2724 1030 2816 1084 sed
2853 1030 3212 1085 infirmitatem
3236 1031 3408 1098 potius
3429 1043 3696 1102 aggravant
3724 1052 3736 1088 :
3763 1037 3820 1089 ita

2299 1137 2515 1192 prorsus
2561 1132 2616 1177 et
2658 1138 2858 1178 mceror
2897 1124 3040 1190 facit,
3079 1139 3142 1178 ac
3179 1125 3370 1179 merito
3395 1140 3536 1180 sane.
3581 1125 3699 1180 Nam
3723 1143 3835 1182 cum.

2298 1225 2565 1269 austerum
2593 1217 2663 1269 sit
2686 1216 3079 1286 corrodensque
3109 1217 3561 1284 medicamentum,
3594 1227 3751 1287 atque,
3778 1229 3836 1273 ut

2299 1304 2368 1358 ita
2396 1305 2641 1371 dixerim,
2677 1305 2922 1360 vitiorum
2956 1323 3076 1377 quae
3109 1308 3160 1361 in
3187 1307 3340 1362 nobis
3373 1319 3495 1363 sunt
3527 1310 3763 1379 purgatio,
3788 1312 3837 1364 sia

2299 1394 2642 1450 admoveatur
2664 1396 2837 1451 otioso
2858 1411 2922 1451 ac
2945 1397 3172 1451 delicato
3197 1397 3396 1463 animo,
3419 1397 3702 1468 ingentique
3727 1414 3829 1468 pec-

2300 1498 2537 1542 catorum
2565 1488 2797 1556 pondere
2823 1504 3100 1558 oppresso,
3131 1489 3412 1543 maximam
3443 1488 3516 1544 illi
3551 1489 3719 1544 afferet
3747 1492 3836 1543 utin

2299 1579 2500 1633 litatem
2528 1595 2544 1631 :
2573 1578 2653 1633 sin
2684 1590 2861 1634 autem
2887 1581 3063 1633 animo
3087 1579 3398 1642 decertanti,
3416 1580 3692 1645 dimicanti,
3711 1581 3830 1636 labo-

2301 1671 2448 1725 ribus
2489 1671 2743 1739 exercito,
2791 1671 2933 1726 curis
2963 1686 3238 1740 oppresso,
3284 1681 3338 1726 et
3367 1672 3581 1742 plurima
3613 1687 3831 1743 perpesso

2300 1763 2633 1832 adhibeatur,
2664 1773 3014 1834 praeterquam
3039 1763 3179 1834 quod
3208 1763 3337 1818 nihil
3371 1764 3599 1833 prodest,
3640 1764 3832 1817 maxime

2302 1867 2479 1924 nocet,
2528 1857 2927 1912 imbecilliorem
2970 1857 3115 1912 illum
3157 1855 3352 1912 faciens
3383 1865 3538 1926 atque
3572 1868 3831 1926 expugnata

2305 1947 2534 2004 facilem.
2583 1947 3147 2016 Quocircastantibus
3197 1959 3252 2003 et
3289 1949 3484 2002 acriter
3524 1946 3834 2018 pugnantibus

2307 2039 2498 2094 Paulus
2545 2054 2664 2094 cum
2709 2039 2987 2101 scriberet,
3025 2039 3275 2094 dicebat:
3309 2038 3534 2093 Gaudete
3568 2040 3616 2092 in
3657 2027 3834 2091 Domino

2300 2148 2539 2202 semper;
2573 2133 2753 2187 iterum
2777 2133 2906 2200 dico,
2948 2133 3162 2204 gaudete
3189 2133 3352 2203 (Phil.
3386 2133 3440 2188 4.
3465 2131 3538 2204 ti).
3568 2133 3719 2187 Porro
3747 2130 3836 2183 dis—

2303 2225 2489 2278 solutis
2510 2225 2883 2296 ingentemque
2919 2227 3236 2282 habentibus
3262 2235 3541 2291 tumorcm,
3570 2223 3633 2279 Et
3657 2243 3747 2288 vos,
3776 2225 3848 2276 in--

2303 2315 2436 2384 quit,
2463 2315 2630 2386 inﬂati
2654 2318 2810 2382 estis;
2838 2328 2884 2370 et
2909 2334 3007 2370 non
3041 2319 3204 2386 potius
3228 2318 3437 2387 ﬂevistis
3465 2314 3673 2394 (LCor‘
3690 2315 3735 2369 5.
3760 2313 3850 2382 2)?-

2308 2408 2488 2477 ltaque
2505 2408 2549 2462 is
2574 2408 2790 2478 quidem
2815 2410 2904 2478 qui
2934 2418 3270 2478 peccatorum
3298 2409 3483 2477 sagina
3506 2408 3846 2477 impinguatur,

2305 2507 2622 2554 extenuetur
2659 2515 2722 2553 ac
2759 2500 2986 2554 siccetur
3027 2499 3128 2552 hoc
3169 2480 3557 2554 medicamento
3587 2515 3599 2552 :
3638 2497 3716 2568 qui
3740 2511 3852 2550 vero

2307 2589 2460 2644 bona:
2483 2589 2804 2644 habitudinis
2833 2600 2935 2656 est,
2968 2601 3126 2660 atque
3155 2592 3205 2644 iu
3248 2591 3460 2645 decenti
3492 2600 3623 2645 statu
3646 2590 3854 2661 seipsum.

2307 2691 2502 2744 servat,
2559 2681 2682 2751 quid
2735 2691 2815 2736 est
2863 2697 3068 2748 causae,
3116 2697 3212 2736 cur
3238 2699 3330 2750 per
3365 2697 3647 2743 mteroretn
3680 2679 3854 2733 bonam.

2309 2788 2456 2825 suam
2502 2771 2856 2827 Valetudinem
2905 2773 3248 2841 corrumpat?
3296 2772 3450 2827 Adeo
3486 2781 3567 2826 est
3607 2769 3733 2825 enim
3773 2769 3856 2822 ille-

2308 2879 2434 2915 acer
2463 2873 2622 2933 atque
2647 2863 2857 2928 efficax,
2898 2874 2954 2918 ut
2979 2865 3136 2918 etiam
3164 2879 3266 2932 ope
3303 2861 3784 2934 suagindigcntibus,
3807 2859 3842 2911 si

2311 2955 2426 3024 plus
2454 2957 2706 3024 temporis
2734 2971 2890 3025 quam
2920 2969 3140 3010 necesse
3167 2957 3235 3009 sit
3268 2956 3603 3018 itumoretur,
3626 2952 3843 3007 maximo-

2309 3060 2424 3099 rum
2450 3046 2710 3100 malorum
2748 3061 2908 3101 causa
2933 3047 3021 3100 sit.
3053 3046 3203 3113 Quod
3252 3054 3306 3100 et
3331 3044 3520 3100 beatus
3559 3043 3740 3098 Paulus
3758 3055 3846 3093 me-

2313 3147 2466 3192 tuens
2495 3140 2601 3192 cito
2640 3139 2818 3204 illum,
2843 3150 3120 3208 postquam
3165 3139 3362 3194 fecerat
3407 3138 3544 3208 quod
3573 3141 3841 3195 suumerat,

2309 3230 2502 3284 auferri
2527 3229 2706 3299 jussit,
2747 3246 3068 3300 causamque
3106 3231 3298 3300 adjecit
3328 3247 3448 3285 eam
3485 3251 3496 3287 :
3526 3229 3604 3284 Ne
3629 3232 3758 3300 forte,
3786 3227 3839 3278 in

2308 3323 2440 3390 quit,
2469 3323 2826 3376 abundantiori
2866 3321 3067 3377 tristitia
3107 3323 3431 3377 absorbeatur
3470 3321 3545 3393 (2.
3574 3320 3682 3375 Cor.
3707 3319 3756 3372 2.
3785 3318 3845 3382 7).

2317 3413 2484 3466 Porro
2535 3414 2578 3466 si
2633 3414 2826 3467 nimius
2861 3429 3061 3469 τηρεε-ον
3113 3416 3338 3479 irruens,
3373 3429 3471 3470 eos
3501 3414 3653 3469 etiam
3691 3410 3857 3478 quibus

2314 3513 2431 3558 crat
2460 3505 2812 3569 necessarius,
2836 3507 3028 3574 saépius
3054 3505 3299 3573 perdidit,
3322 3505 3450 3573 quid
3474 3504 3576 3558 illis
3597 3501 3757 3565 faciet,
3780 3497 3852 3566 qui

2311 3609 2430 3648 cum
2477 3609 2582 3648 non
2623 3593 2912 3663 indigeant,
2953 3603 3142 3664 sponte
3181 3595 3326 3647 illum
3365 3595 3469 3648 sibi
3512 3587 3863 3648 consciscunt?-

2313 3685 2386 3737 lta
2413 3699 2560 3748 sane,
2595 3685 2819 3754 inquies,
2872 3685 2990 3739 novi
3032 3687 3130 3739 hoc
3159 3695 3212 3739 et
3253 3686 3366 3753 ipse
3397 3704 3409 3739 :
3451 3685 3550 3740 sed
3585 3698 3684 3754 quo
3726 3689 3856 3750 pacto

2312 3774 2460 3828 illum
2517 3773 2818 3839 excludam,
2871 3785 3028 3844 atque
3075 3777 3142 3829 ab
3190 3777 3362 3830 anima
3423 3791 3540 3830 mea
3593 3784 3852 3830 amoveam.

2312 3865 2512 3920 nescio.
2545 3867 2607 3919 Et
2631 3866 2784 3935 cujus
2814 3866 2913 3920 hoc
2941 3866 3287 3932 difficultatis,
3313 3864 3708 3921 amantissime?
3747 3859 3854 3916 Nam

2312 3959 2356 4012 si
2385 3959 2811 4028 concupiscentia
2855 3970 2994 4014 esset
3031 3960 3224 4030 aliqua,
3271 3961 3314 4014 si
3360 3975 3644 4030 corporum
3673 3959 3857 4011 insanus

2311 4063 2482 4115 amor,
2528 4048 2574 4102 si
2618 4048 2788 4102 inanis
2815 4049 2996 4118 gloria:
3024 4051 3280 4120 tyrannis,
3323 4049 3511 4102 vitium
3540 4046 3760 4118 profecto
3780 4058 3852 4098 su-

2315 4148 2499 4208 perato
2535 4137 2907 4194 difficillimum
2930 4181 2945 4205 ,
2973 4149 3064 4194 aut
3087 4140 3282 4208 aliquid
3314 4140 3754 4209 perturbationum
3779 4134 3860 4186 ltu-

2308 4229 2624 4298 juscemodi,
2651 4230 2840 4284 merito
2867 4244 3014 4285 esses
3038 4229 3104 4285 de
3119 4230 3430 4300 huiusmodi.
3449 4229 3747 4285 liberatione
3767 4222 3858 4278 sol-

2314 4321 2508 4374 licitus.
2557 4321 2662 4375 Eos
2695 4321 2836 4375 enim
2884 4322 2971 4390 qui
3012 4321 3096 4375 bis
3133 4322 3272 4391 capti
3311 4321 3526 4377 fuerunt
3550 4337 3651 4376 non
3677 4315 3864 4387 quidem

2312 4420 2394 4466 est
2419 4411 2764 4481 impossibile,
2792 4412 3156 4466 difficillimum
3189 4412 3595 4467 tamenearetia
3615 4409 3862 4478 diffugere.

2313 4505 2419 4556 Cur
2445 4504 2538 4558 id?
2577 4502 2710 4571 Quia
2743 4504 2978 4574 voluptas
3010 4503 3073 4558 iis
3099 4512 3416 4573 cooperator
3441 4516 3600 4574 atque
3626 4501 3709 4556 illa
3731 4498 3859 4564 adju-

2314 4604 2420 4649 vat.
2468 4595 2542 4650 Ea
2571 4610 2697 4650 vero
2725 4605 2825 4662 est,
2866 4611 2984 4665 quae
3029 4597 3198 4651 semel
3241 4598 3414 4666 captis
3448 4597 3604 4652 funes
3641 4592 3866 4664 plurimos

2315 4687 2554 4754 innectit,
2597 4687 2838 4757 istudque
2885 4687 3110 4758 primum
3153 4687 3482 4743 difficultatis
3531 4686 3862 4758 plenissimum

2314 4790 2414 4843 est,
2437 4780 2754 4850 persuadere
2779 4785 2957 4835 animo
2981 4784 3057 4836 sic
3080 4783 3316 4848 irretito,
3335 4791 3392 4836 ut
3419 4783 3579 4852 plane
3603 4795 3664 4834 ac
3687 4775 3870 4848 penitus

2317 4871 2444 4925 velit
2483 4887 2544 4925 ac
2586 4872 2765 4940 cupiat
2805 4872 2948 4927 hisce
2996 4871 3148 4926 nodis
3184 4871 3396 4927 liberari
3429 4890 3444 4925 :
3493 4873 3652 4940 ﬁtque
3689 4863 3869 4922 similli:

2317 4981 2482 5031 mum,
2513 4965 2673 5019 veluti
2697 4965 2740 5019 si
2777 4965 2895 5034 quis
2921 4964 3152 5019 scabiem
3178 4979 3239 5020 ac
3270 4965 3596 5034 pruuiginem
3623 4953 3864 5030 depositus-

2316 5073 2407 5113 rus
2434 5055 2621 5111 morbo
2651 5071 2748 5111 suo
2772 5056 3083 5119 delectetur,
3128 5064 3182 5110 et
3207 5057 3258 5111 in
3284 5056 3535 5110 eumdem
3580 5055 3740 5123 ipsum
3768 5059 3864 5101 sese

2318 5148 2533 5218 injiciat.
2570 5147 2829 5203 Caeterum
2879 5147 2946 5202 ad
2985 5147 3321 5216 eﬂ'ugandum
3365 5160 3652 5200 mcerorem
3695 5141 3742 5196 id
3778 5150 3871 5191 nou-

2319 5257 2502 5310 pttrum
2530 5240 2754 5305 confert,
2787 5241 2828 5294 si
2870 5239 3080 5293 interim
3110 5238 3318 5309 ingrate
3346 5239 3492 5292 illum
3536 5236 3860 5290 admittsmuS-

2317 5332 2446 5386 Nam
2477 5331 2564 5401 qui
2595 5346 2653 5384 re
2675 5330 2849 5400 aliqua
2875 5338 3140 5399 gravatur,
3170 5330 3276 5384 cito
3307 5330 3446 5382 illam
3468 5328 3539 5382 ab
3563 5342 3621 5380 se
3648 5331 3862 5380 excuter

2318 5424 2566 5478 studebit.
2606 5421 2741 5488 Quid
2767 5436 2913 5490 ergo,
2943 5421 2988 5474 si
3009 5421 3127 5490 quis
3152 5436 3268 5474 eam
3287 5421 3353 5473 ab
3376 5434 3436 5474 se
3456 5419 3651 5488 ejicere
3669 5413 3861 5469 studeat.

2324 5529 2420 5566 nec
2451 5513 2652 5581 possit?
2673 5512 2785 5565 Non
2809 5511 3044 5565 remittat
3071 5511 3323 5574 studium,
3353 5519 3403 5564 et
3428 5510 3538 5563 cito
3566 5505 3764 5577 poterit.
3783 5499 3863 5554 (Iov

2318 5603 2423 5672 gita
2484 5604 2625 5657 enim
2689 5602 3077 5668 Christianum,
3122 5603 3166 5655 si
3206 5601 3416 5672 quando
3461 5601 3714 5660 tristetur,
3757 5592 3864 5646 duas

2323 5701 2522 5746 tantum
2566 5693 2735 5761 justas
2759 5693 2956 5746 habere
2985 5693 3230 5749 maeroris
3259 5706 3464 5753 causas,
3511 5691 3591 5744 vel
3613 5703 3724 5742 cum
3753 5683 3864 5753 ipse.

2327 5785 2405 5837 vel
2431 5799 2550 5837 cum
2582 5785 2854 5854 proximus
2882 5785 3100 5839 offendit
3140 5786 3302 5839 Deum
3325 5801 3339 5836 :
3367 5798 3488 5837 cum
3517 5797 3642 5836 vero
3667 5784 3862 5847 prasscﬂs

2327 5891 2523 5930 llttBl‘Ot‘
2567 5884 2686 5930 tuus
2718 5876 2924 5931 .nullam
2953 5875 3254 5946 hujusmodi
3290 5889 3627 5932 oetasmnum
3668 5867 3858 5924 radiccta
