4138 6416
184 421 286 479 491

180 537 403 594 νώντων
463 539 561 611 τὴν
611 538 804 611 ὀδύνην
837 538 1072 612 ἔχουσιν.
1127 541 1191 597 Et
1227 542 1286 597 δέ
1323 544 1597 607 ἀπιστεῖς,
1621 542 1773 598 οὐδὲν

181 632 526 703 θαυμαστόν.
544 636 621 690 οὐ
648 636 758 708 γάρ
783 639 850 707 τῇ
893 636 1031 709 αὐτῇ
1061 637 1258 711 γνώμῃ
1286 639 1356 693 τά
1384 656 1445 692 τε
1480 641 1656 692 οίκεῖα
1680 639 1776 693 καὶ

179 727 255 780 τά
286 727 543 799 ἀλλότρια
568 728 775 798 κρίνειν
804 729 1075 802 εἰώθαμεν
1105 732 1270 794 κακά,
1302 731 1416 785 ἀλλ’
1457 734 1639 787 ἐκεῖνα
1678 734 1774 803 μὲν

179 817 331 890 λόγῳ
393 819 487 874 καὶ
535 819 655 890 ὁψει
698 821 858 893 μόνον
911 821 1192 894 μαθόντες,
1220 826 1394 880 ταῦτα
1423 825 1479 879 δὲ
1512 829 1576 896 τῇ
1607 827 1773 896 πείρα

177 914 279 966 καὶ
323 915 391 985 τῇ
438 914 689 987 αἰσθήσει
719 918 813 971 καὶ
842 921 981 989 μετά
1004 921 1106 990 τῆς
1134 920 1481 992 συμπαθείας
1513 921 1613 992 τῆς
1644 923 1767 975 ἐαυ-

173 1001 292 1056 τῶν
313 1021 327 1036 ο
346 1005 536 1077 διόπερ
565 1006 707 1061 αὐτά
735 1007 1113 1084 ἀφορητότερα
1141 1008 1281 1067 εἶναι
1305 1013 1530 1067 ἐκείνων
1554 1013 1773 1084 νομίζο-

177 1114 308 1166 μεν,
353 1094 506 1171 [Ξῖό]
536 1098 641 1153 κᾶν
667 1096 844 1176 λίανῇ
892 1102 1071 1172 κοῦφα
1111 1103 1206 1158 καὶ
1240 1104 1473 1175 φορητά.
1512 1103 1576 1158 Εί
1604 1104 1660 1156 δέ
1689 1119 1774 1168 τις

169 1189 388 1243 τούτων
423 1191 644 1245 πάντων
677 1192 1015 1263 ἀπαλλαγεὶς
1050 1196 1152 1266 τήν
1189 1214 1249 1250 τε
1279 1196 1442 1266 φύσιν
1475 1197 1775 1253 αὐτῶνκα-

140 1274 452 1354 “ταμάθοι,
504 1284 631 1349 τούς
675 1302 735 1339 τε
785 1288 1127 1355 ἐμπεσόντας
1172 1292 1357 1354 αὐτοῖς
1397 1289 1770 1361 διασκέψαιτο,

168 1366 337 1438 οὗτος
376 1375 673 1430 ἀδέκαστον
707 1378 845 1449 ὐπέρ
875 1380 1080 1436 τούτων
1105 1383 1245 1437 οἴσει
1286 1385 1387 1458 τὴν
1411 1383 1591 1455 ιῙθῆφον
1615 1386 1767 1458 ἡμῖν.

182 1466 336 1519 Ἀλλ’
359 1469 489 1532 tam;
511 1467 688 1523 ἐκεῖνο
708 1472 969 1543 ἐρεῖς,ὄτι
986 1474 1165 1529 πάντα
1194 1477 1292 1546 μὲν
1317 1476 1502 1532 ἐκεῖνα
1532 1477 1602 1532 τά
1623 1479 1770 1550 πάθη

167 1559 309 1630 περὶ
353 1560 416 1613 τὸ
463 1560 621 1631 σῶμα
655 1564 946 1635 στρέφεται
986 1567 1166 1638 μόνον,
1213 1568 1353 1641 αὐτη
1382 1568 1437 1624 δὲ
1467 1571 1568 1642 τῆς
1591 1570 1770 1644 ψυχῆς

165 1650 412 1704 ἅπτεται
434 1650 656 1723 ήνόσος,
682 1658 774 1710 καὶ
796 1657 1002 1712 τούτων
1020 1661 1237 1715 πάντων
1253 1658 1369 1715 ἐστὶ
1385 1659 1769 1735 χαλεπωτέρα.

165 1743 337 1812 Αὐτῷ
359 1741 563 1815 μὲνοῦν
579 1748 755 1820 τούτῳ
776 1749 1009 1820 μάλιστα
1027 1754 1198 1825 αὐτὴν
1214 1750 1524 1826 εὑρήσομεν
1548 1756 1770 1810 ἐκείνων

163 1833 513 1905 κουφοτέραν
541 1837 935 1907 τυγχάνουσαν.
958 1842 1105 1914 Αὕτη
1128 1842 1229 1914 μὲν
1258 1842 1367 1915 τὰρ
1397 1846 1518 1900 οὐδέ
1536 1845 1597 1899 τὸ
1609 1846 1768 1919 σῶμα

161 1919 505 1993 διαφθείρει,
525 1924 779 1998 καθάπερ
809 1930 1037 1995 ἐκεῖναι,
1061 1933 1154 1986 καὶ
1181 1932 1248 2003 τῇ
1281 1932 1427 2006 ψυχῇ
1459 1935 1598 2006 πρὸς
1633 1934 1769 2006 βρα-

168 2015 279 2083 χύν
345 2014 557 2087 ἐνοχλεῖ
604 2020 827 2090 χρόνον·
872 2020 939 2085 ἃς
995 2024 1053 2076 δὲ
1101 2025 1615 2098 ἀπηριθμησάμεθα
1647 2028 1764 2094 νῦν,

165 2105 406 2175 φύονται
452 2109 552 2180 μὲν
602 2113 661 2164 ἐν
700 2116 768 2185 τῇ
806 2116 991 2186 σαρκὶ,
1026 2117 1125 2187 τὴν
1151 2117 1205 2171 δὲ
1236 2116 1418 2190 λύμην
1455 2119 1675 2175 ἃπασαν
1705 2122 1767 2175 οὐ

171 2200 379 2270 μέχρις
434 2201 652 2274 ἐκείνης
705 2205 947 2269 ἱστῶσιν,
1000 2206 1138 2262 ἀλλὰ
1185 2209 1281 2264 καὶ
1329 2210 1423 2264 ἐπὶ
1457 2210 1557 2283 τὴν
1588 2211 1769 2284 ψυχὴν

164 2293 635 2365 παραπέμπουσι,
670 2297 1027 2367 στρεϐλοῦσαι
1058 2300 1228 2373 αὐτὴν
1268 2305 1508 2375 συνεχῶς
1538 2306 1634 2359 καὶ
1659 2306 1769 2360 δια·-

162 2381 498 2456 φθείρουσαι
531 2387 623 2442 διά
651 2389 750 2460 τῆς
787 2390 981 2462 ὀδύνης
1009 2393 1220 2464 καὶτῆς
1249 2394 1489 2466 ἀθυμίας
1516 2399 1619 2468 τῆς
1639 2397 1769 2451 πολ-

161 2476 292 2548 λῆς.
335 2479 562 2550 Ὠσπερ
601 2482 731 2554 γὰρ,
766 2486 952 2556 φησιν,
1010 2486 1153 2554 ὅξος
1176 2488 1342 2543 ἕλκει
1385 2490 1762 2560 ἀσύμφορον,

162 2571 327 2625 οὕτω
354 2575 712 2642 προσπεσὸν
728 2576 919 2645 πάθος
939 2579 1007 2633 ἐν
1029 2581 1256 2650 σώματι
1282 2581 1536 2651 καρδίαν
1559 2585 1761 2643 λυπεῖ.

163 2665 263 2736 Μὴ
279 2666 459 2720 τοίνυν
491 2668 573 2722 ὅτι
601 2670 710 2724 ἀπὸ
746 2671 841 2725 τοῦ
876 2671 1130 2744 σώματος
1170 2674 1328 2729 τοῦτο
1360 2677 1604 2732 τίκτεται
1637 2677 1763 2749 λέγε

168 2758 358 2830 μόνον,
392 2760 505 2815 ἀλλ’
536 2763 583 2815 εἰ
612 2764 686 2835 μὴ
711 2764 1073 2838 παραπέμπει
1100 2765 1198 2839 τὴν
1225 2766 1402 2839 λύμην
1425 2767 1646 2823 ἃπασαν
1668 2769 1764 2824 καὶ

159 2850 269 2922 τὴν
327 2852 533 2925 φθορὰν
576 2852 643 2927 τῇ
690 2856 859 2928 ψυχῇ,
904 2858 1062 2912 τοῦτο
1095 2859 1380 2925 ἐπίδειξον.
1428 2862 1582 2916 Ἐπεὶ
1616 2862 1711 2917 καὶ
1737 2863 1766 2916 6

161 2940 358 3012 λοιμὸς
389 2944 490 2998 οὐκ
520 2944 629 2998 ἀπὸ
654 2946 763 2999 τῶν
797 2948 1067 3019 σωμάτων
1101 2951 1422 3022 τικτόμενος
1451 2950 1666 3027 φθείρει
1693 2955 1765 3009 τὰ

167 3033 428 3106 σώματα,
463 3038 555 3091 καὶ
578 3039 607 3091 6
632 3038 742 3091 τῶν
766 3040 1015 3115 ἑρπετῶν
1048 3041 1126 3106 ἰὸς
1154 3042 1373 3115 πρόεισι
1410 3045 1508 3116 μὲν
1535 3045 1595 3111 ἐξ
1621 3046 1767 3100 ὲκεί-

160 3142 299 3187 νων,
334 3125 659 3198 λυμαίνεται
679 3129 735 3183 δέ
766 3133 916 3202 ἡμᾶς
944 3145 970 3172 ι
988 3149 1001 3162 ·
1025 3132 1167 3186 οὕτω
1183 3135 1278 3188 καὶ
1296 3135 1390 3189 ἐπὶ
1422 3136 1631 3191 τούτων
1656 3137 1766 3192 τῶν

162 3216 361 3271 παθῶν
382 3235 396 3249 ’
424 3219 669 3274 τίκτεται
694 3224 795 3291 μέν
814 3222 923 3275 ἀπὸ
941 3222 1036 3277 τοῦ
1050 3223 1323 3296 σώματος,
1344 3227 1438 3280 τὸν
1463 3228 1522 3282 δὲ
1556 3229 1633 3283 ίὺν
1664 3229 1766 3300 τῆς

162 3306 383 3371 οἰκείας
427 3310 626 3373 κακίας
676 3312 756 3375 είς
784 3311 885 3382 τὴν
936 3311 1115 3385 ψυχὴν
1145 3314 1245 3387 τὴν
1282 3317 1557 3390 ἡμετέραν
1590 3323 1762 3392 ἐκχεῖ.

164 3397 362 3469 Πάσης
376 3398 824 3472 γάρδαιμονικῆς
858 3404 1140 3475 ἐνεργείας
1172 3406 1584 3484 βλαϐερώτερον
1618 3415 1765 3486 ήτῆς

164 3490 413 3561 ἀθυμίας
428 3492 527 3545 ὐπε
538 3492 700 3565 ρϐολή
721 3510 733 3525 ·
753 3496 875 3549 ἐπεὶ
896 3499 989 3551 καὶ
1004 3500 1033 3551 6
1051 3499 1260 3572 δαίμων
1286 3503 1344 3555 ἐν
1368 3498 1452 3568 οἷς
1472 3503 1539 3559 ἂν
1566 3511 1762 3579 κρατῇ,

161 3580 257 3635 διὰ
292 3580 497 3653 ταύτης
542 3588 766 3652 κρατεῖ·
800 3586 903 3641 κᾶν
937 3588 1141 3662 ταύτην
1187 3593 1413 3667 ἀφέλῃς,
1449 3596 1602 3650 οὐδὲν
1636 3601 1763 3671 παρ’

160 3674 380 3728 ἐκείνου
414 3675 662 3730 πείσεταί
690 3696 775 3743 τις
804 3679 996 3736 δεινόν.
1027 3684 1135 3736 Καὶ
1150 3683 1267 3750 πῶς
1292 3685 1369 3739 ἔνι
1400 3685 1476 3759 μὴ
1506 3688 1760 3761 ἀθυμεῖν,

162 3766 370 3836 φησίνς
423 3767 566 3837 Ἐγὼ
605 3770 662 3824 δέ
704 3788 763 3824 σε
793 3760 1084 3845 ἐρήσομαι.
1120 3776 1241 3842 πῶς
1274 3779 1375 3834 οὐκ
1414 3780 1494 3836 ένι
1524 3760 1765 3852 ’μὴίάθυ-

166 3859 330 3928 μεῖν;
384 3858 449 3912 Εἰ
505 3860 606 3929 μὲν
643 3862 753 3934 γὰρ
796 3865 1013 3935 μοιχεία
1031 3867 1136 3920 ’καὶ
1178 3869 1409 3943 φόνος,ῆ
1437 3870 1565 3925 ἀλλο
1597 3872 1650 3925 τί
1682 3889 1763 3926 σοι

162 3948 411 4002 τοιοῦτον
439 3951 769 4024 τετόλμηται
819 3955 927 4009 τῶν
955 3958 1312 4015 ἐκκλειόντων
1340 3962 1444 4033 τῆς
1483 3964 1765 4034 βασιλείας

160 4041 277 4096 τῶν
308 4042 575 4112 οὐρανῶν,
610 4045 811 4117 ἀθύμει
855 4050 946 4101 καὶ
976 4050 1182 4116 πένθει,
1213 4056 1241 4106 6
1270 4053 1533 4108 κωλύσων
1564 4056 1760 4118 οὐδείς·

161 4136 214 4187 εί
248 4133 310 4187 δὲ
366 4134 572 4189 τούτων
592 4139 659 4208 τῇ
691 4138 784 4190 τοῦ
813 4139 948 4192 Θεοῦ
977 4140 1160 4213 χάριτι
1208 4144 1429 4199 πάντων
1477 4146 1762 4217 πόρρωθεν

165 4226 411 4295 ἕστηκας
430 4267 446 4292 ,
488 4228 541 4281 τί
573 4229 751 4300 μάτην
781 4231 1004 4297 κόπτεις
1031 4234 1262 4299 σαυτόν;

237 4315 321 4372 ιδ’.
354 4319 464 4391 Τὴν
481 4320 590 4392 γὰρ
606 4321 844 4393 ἀθυμίαν
860 4323 1115 4396 ἐνέθηκεν
1130 4326 1289 4398 ἡμῶν
1302 4328 1329 4380 6
1344 4327 1477 4393 Θεὸς
1492 4331 1558 4400 τῇ
1579 4329 1759 4398 φύσει,

159 4414 262 4483 οὐχ
298 4413 385 4468 ἵνα
415 4414 601 4479 ἁπλῶς
656 4418 752 4470 καὶ
793 4418 1037 4490 ἀκαίρως
1087 4420 1183 4473 καὶ
1231 4421 1289 4474 ἐν
1334 4424 1449 4486 τοῖς
1496 4423 1762 4490 ἐναντίοις

161 4505 302 4576 αὐτῇ
343 4504 604 4577 χρώμεθα
638 4507 981 4580 πράγμασιν,
1024 4511 1133 4565 οὐδ’
1174 4512 1260 4566 ἵνα
1292 4510 1603 4586 φθείρωμεν
1636 4511 1762 4571 ἐαυ-

159 4600 313 4664 105;,
346 4598 573 4653 ἀλλ’ἵνα
601 4601 671 4655 τὰ
700 4602 933 4672 μέγιστα
953 4603 1306 4676 κερδάνωμεν
1329 4605 1388 4671 ἐξ
1414 4606 1607 4678 αὐτῆς.
1635 4608 1762 4675 Πῶς

160 4689 218 4743 δὲ
253 4690 514 4763 κερδᾶναι
544 4690 719 4759 ἔστινς
744 4693 908 4747 Ὅταν
942 4695 1023 4758 εἰς
1052 4699 1243 4768 καιρὸν
1279 4699 1448 4770 αὐτὴν
1476 4701 1773 4775 παραλαμβ-

164 4782 450 4852 ϐάνωμενθ
490 4784 684 4857 καιρὸς
708 4784 753 4839 δ’
785 4784 1022 4857 ἀθυμίας
1058 4788 1156 4860 οὐχ
1176 4790 1306 4843 ὅταν
1327 4790 1630 4865 πάσχωμεν
1664 4812 1766 4849 κα-

165 4874 299 4940 κῶς,
337 4874 453 4930 ἀλλ’
496 4878 626 4931 ὅταν
663 4877 882 4950 δρῶμεν
919 4879 1141 4944 κακῶς’
1174 4884 1339 4953 ἡμεῖς
1380 4884 1438 4938 δὲ
1476 4886 1576 4959 τὴν
1609 4888 1762 4954 τάξιν

169 4967 610 5041 ἀνεστρέψαμεν,
645 4970 742 5023 καὶ
758 4970 885 5035 τοὺς
902 4972 1131 5043 καιροὺς
1154 4973 1629 5047 ἀντηλλαξάμεθα,
1667 4982 1763 5036 καὶ

166 5058 449 5124 ποιοῦντες
477 5061 574 5132 μὲν
605 5061 774 5133 μυρία
808 5062 955 5116 κακά
973 5101 988 5123 ,
1012 5063 1133 5117 οὐδέ
1148 5063 1289 5135 πρὸς
1312 5064 1489 5138 βραχὺ
1526 5070 1752 5124 συστελ-

164 5152 372 5224 λόμεθα
387 5170 402 5185 ’
427 5153 496 5226 ἢν
522 5152 579 5207 δὲ
602 5153 797 5226 μικρόν
811 5170 865 5207 τι
895 5154 1027 5225 παρ’
1042 5155 1264 5210 ὁτουοῦν
1279 5157 1567 5230 πάθωμεν,
1591 5179 1759 5217 κατα-

165 5244 464 5313 πίπτομεν,
503 5244 847 5317 ἱλιγγιῶμεν,
904 5245 1288 5319 ἀπαλλαγῆναι
1322 5249 1417 5303 καὶ
1453 5250 1758 5326 ἀποστῆναι

161 5334 259 5400 Ιτοῦ
290 5335 407 5406 βίου
439 5335 760 5410 σπεύδομεν.
951 5392 962 5401 ,

237 5427 526 5500 Τοιγάρτοι
556 5428 644 5483 διὰ
663 5428 822 5484 τοῦτο
843 5431 1101 5504 φορτικὸν
1126 5434 1220 5488 καὶ
1255 5435 1395 5508 βαρὺ
1432 5437 1493 5491 τὸ
1522 5440 1757 5512 πρᾶγμα

163 5513 306 5572 εἶναι
342 5520 473 5589 ἡμῖν
497 5519 663 5583 δοκεῖ,
698 5515 998 5593 ῶσπεροῦν
1015 5523 1111 5577 καὶ
1134 5524 1162 5578 ὁ
1191 5522 1363 5595 θυμὸς
1384 5525 1480 5579 καὶ
1506 5526 1541 5597 ἡ
1568 5526 1759 5580 ἐπιθυ-

167 5612 285 5683 μία.
314 5610 425 5664 Καὶ
442 5607 660 5682 γὰρκαὶ
676 5609 848 5664 ταῦτα
865 5612 914 5665 οί
948 5612 1022 5684 μὴ
1049 5613 1386 5686 χρησάμενοι
1415 5614 1596 5679 καλῶς
1619 5614 1756 5688 μηδέ

161 5707 244 5767 είς
279 5700 408 5756 δέον
432 5701 677 5757 διέϐαλον
718 5702 778 5741 δ·
825 5703 921 5758 καὶ
954 5704 1243 5775 συμϐαίνει
1295 5705 1491 5771 ταυτὺ,
1525 5702 1636 5763 οἷον
1663 5708 1756 5763 ἐπὶ¹

162 5794 272 5850 τῶν
302 5795 610 5867 φαρμάκων
640 5794 748 5848 τῶν
785 5794 936 5867 παρά
959 5795 1067 5848 τῶν
1091 5797 1290 5869 ἰατρῶν
1306 5798 1601 5869 διδομένων
1619 5817 1632 5831 ·
1664 5802 1755 5855 καὶ

225 5915 251 5974 9
280 5912 612 5974 Mat-191.603»,
635 5910 716 5961 alii
738 5914 878 5974 ἡμᾶς.

221 5973 250 6014 ιι
278 5974 413 6023 Unus
445 5973 579 6021 Colh.
606 5975 876 6022 συνέϐαλον.
921 5975 1019 6024 Alii
1063 5988 1178 6023 vero
1210 5979 1371 6028 minus
1406 5986 1543 6029 recte
1585 5981 1742 6029 διέϐα-

158 6043 255 6097 λον.
287 6036 385 6086 [mo
410 6036 609 6097 recring
635 6042 779 6097 atquc
806 6037 851 6085 ιιι
879 6038 1197 6086 τεειὶιιιιιηυς.

1006 422 1099 478 AD
1138 422 1520 480 summum
1558 425 1601 481 Α
1646 396 1954 484 DEMONE
1996 429 2354 492 VEXATUM.
2394 435 2525 493 LIB.
2569 439 2656 495 ιιι.

3353 447 3460 504 492

1877 547 1985 621 γάρ
2015 550 2200 605 ἐκεῖνα
2239 553 2369 607 ὅταν
2411 556 2487 628 μὴ
2533 560 2645 620 τοῖς
2674 558 3052 632 καταλλήλοις,
3084 564 3180 618 καὶ
3208 566 3349 639 ὑπὲρ
3381 563 3463 627 ὧν

1875 641 2331 707 κατεσκεύασται,
2344 646 2462 699 ἀλλ’
2487 648 2575 702 ἐτέ
2583 666 2694 720 ροις
2709 652 2826 705 ἀνθ’
2844 655 3046 726 ἐτέρων
3059 658 3282 732 ἐπιτιθῇ

1874 730 2123 798 πάθεσιν,
2156 737 2218 789 οὐ
2258 737 2417 806 μόνον
2462 740 2563 795 οὐκ
2596 743 2871 814 ἀπήλλαξε
2905 748 2999 802 τοῦ
3036 730 3332 816 λυποῦντος
3365 730 3461 818 τὸν

1873 824 2170 893 κάμνοντα,
2199 828 2334 885 ἀλλά
2365 837 2458 888 καὶ
2494 832 2694 905 μᾶλλον
2747 839 3004 912 ἐπέτριψε
3043 854 3066 884 ο
3100 846 3160 899 τὸ
3204 848 3456 917 νόσημαο

1872 917 2008 989 ὅπερ
2033 915 2124 972 οὖν
2151 924 2243 975 καὶ
2272 925 2304 993 ἡ
2337 924 2543 997 ἀθυμία
2580 932 2746 992 ποιεῖ,
2778 931 2871 983 καὶ
2902 933 3144 994 εἰκότως.
3175 915 3457 1008 Αὐστηρὺν

1872 1011 1980 1083 γάρ
2008 1010 2144 1070 οὖσα
2163 1018 2257 1071 καὶ
2275 1018 2635 1092 διαϐρωτικὸν
2662 1023 2972 1097 φάρμακον,
2998 1030 3090 1082 καὶ
3115 1030 3191 1095 ὡς
3227 1032 3293 1086 ἂν
3314 1034 3457 1087 εἴποι

1870 1121 1954 1168 τις
1988 1106 2356 1182 καθαρτήριον
2391 1114 2493 1184 τῆς
2523 1119 2792 1190 πονηρίας
2815 1120 2915 1191 τῆς
2943 1122 3001 1176 ἐν
3032 1125 3188 1194 ἡμῖν,
3210 1128 3338 1181 ὅταν
3358 1129 3457 1199 μὲν

1872 1197 2115 1273 ἀργούσῃ
2143 1201 2287 1276 ψυχῇ
2324 1209 2420 1259 καὶ
2451 1208 2712 1281 τρυφώσῃ
2777 1213 2871 1266 καὶ¹
2911 1213 3078 1269 πολὺν
3126 1218 3327 1292 ἐχούσῃ
3350 1197 3457 1275 ’τὸν

1870 1288 1979 1342 τῶν
2009 1292 2424 1366 ἁμαρτημάτων
2460 1301 2694 1370 φορυτδν
2721 1303 3083 1389 παρέχηταιη
3101 1288 3332 1381 μέγιστα
3362 1313 3455 1369 τὸν

1868 1385 2160 1459 δεξάμενον
2194 1388 2405 1462 ὤνησεν
2428 1407 2443 1421 ·
2480 1394 2608 1449 ὅταν
2655 1395 2713 1449 δέ
2767 1396 3005 1472 ἀθλούσῃ
3190 1404 3457 1474 ἀγωνιζο-

1874 1477 2010 1550 μένῃ
2041 1480 2137 1533 καὶ
2167 1481 2405 1554 πονούσῃ
2434 1483 2530 1537 καὶ
2557 1488 3019 1562 μεμεριμνημένῃ
3044 1477 3145 1556 ,κάῖ
3169 1494 3456 1570 πασχούσῃ

1871 1568 2077 1634 κακῶς,
2114 1571 2251 1643 πρὸς
2283 1574 2363 1645 τῷ
2397 1576 2564 1646 μηδὲν
2587 1577 2891 1649 ὠφελῆσαι,
2924 1580 3265 1654 καῖ’-μεγάλα
3290 1568 3455 1642 ἔϐλαψ-

1867 1661 1988 1731 ψεν,
2020 1654 2419 1739 ἀσὉενεστέραν
2446 1669 2799 1742 ἐργασαμένη
2831 1674 2927 1727 καὶ
2956 1674 3450 1745 εὐκαταγώνιστον.

1868 1754 1967 1809 Διά
1994 1756 2152 1810 τοῦτο
2178 1760 2293 1844 τοῖς
2320 1760 2420 1831 μὲν
2443 1762 2697 1833 ἐστηκόσι
2732 1764 2831 1819 καὶ
2860 1766 3280 1839 ἀγωνιζομένοις
3308 1772 3455 1844 γρά-

1869 1860 1986 1912 φων
2024 1846 2053 1898 6
2084 1840 2297 1913 Παῦλος
2346 1847 2520 1919 ἔλεγε,
2553 1853 2799 1922 Χαίρετε
2827 1855 2898 1909 ἐν
2921 1857 3116 1925 Κυρίῳ
3157 1840 3450 1917 πάντοτε·

1867 1935 2055 1990 πάλιν
2075 1938 2207 2006 ἐρῶ,
2258 1941 2526 2009 χαίρετε’
2559 1947 2672 2009 τοῖς
2695 1946 2752 2000 δέ
2793 1946 3092 2019 διαχυθεῖσι
3126 1951 3218 2005 καὶ
3256 1953 3455 2028 πολλὴν

1868 2026 2052 2098 ἔχουσι
2104 2031 2204 2103 τὴν
2251 2032 2593 2106 φλεγμονὴν,
2651 2037 2762 2094 Καὶ
2812 2040 2984 2109 ὑμεῖς
3012 2026 3457 2115 πεφυσιωμένοι

1866 2119 2033 2184 ἐστὲ,
2063 2124 2161 2176 καὶ
2204 2125 2339 2193 οὐχί
2376 2125 2622 2194 μᾶλλον
2668 2128 3061 2196 ἐπενθήσατε.
3122 2135 3179 2188 Ὀ
3217 2138 3315 2207 μὲν
3346 2139 3457 2212 γάρ

1867 2210 2255 2286 λιπαινόμενος
2271 2216 2348 2288 τῷ
2363 2212 2472 2271 τῶν
2497 2218 2915 2293 ἁμαρτημάτων
2931 2223 3212 2298 λιπασμῷ,
3245 2210 3459 2300 ἰσχυού-

1869 2305 1981 2359 σθω
2019 2306 2114 2359 καὶ
2158 2309 2572 2375 καταξαινέσθω
2599 2312 2627 2351 ά
2666 2312 2745 2384 τῷ
2783 2315 3062 2388 φαρμάκῳ
3094 2318 3268 2390 τούτῳ
3291 2337 3303 2352 ’
3335 2324 3365 2375 6
3396 2322 3456 2376 δέ

1870 2396 2112 2450 εύεκτῶν
2154 2399 2249 2452 καὶ
2294 2400 2352 2453 ἐν
2395 2404 2461 2474 τῇ
2509 2404 2875 2478 προσηκούσῃ
2902 2409 3236 2464 καταστάσει
3271 2412 3457 2484 διατη-

1870 2487 1978 2558 ρῶν
2007 2488 2221 2552 ἐαυτὸν,
2254 2491 2398 2554 τίνος
2424 2493 2610 2550 ἕνεκεν
2636 2497 2848 2569 φθείροι
2881 2498 2978 2571 τὴν
3001 2500 3215 2568 εὐεξίαν
3239 2503 3327 2559 διὰ
3354 2509 3457 2578 τῆς

1868 2578 2140 2650 ἀθυμίαςς
2175 2581 2331 2637 Οὕτω
2378 2585 2489 2656 γάρ
2525 2586 2671 2640 ἐστιν
2703 2587 2842 2659 αῦτη
2880 2589 3230 2663 δραστήριος,
3255 2593 3331 2657 ὡς
3360 2597 3456 2650 καὶ

1866 2671 1980 2731 τοῖς
2012 2670 2288 2741 δεομένοις
2313 2674 2484 2745 αὐτῆς
2515 2675 2737 2731 πλείονα
2766 2678 2861 2732 τοῦ
2895 2678 3105 2746 δέοντος
3140 2683 3453 2741 ἐπιτεθεῖσα

1866 2764 2058 2834 χρόνον
2118 2765 2331 2836 μεγάλα
2379 2770 2719 2839 ἐργάσασθαι
2754 2776 2921 2830 κακά.
2965 2777 3143 2849 Ὅπερ
3169 2780 3263 2833 καὶ
3295 2782 3322 2834 6
3351 2801 3454 2853 μα-

1866 2855 2057 2927 κάριος
2114 2858 2327 2924 Παῦλος
2378 2861 2650 2929 δεδοικὼς,
2705 2867 2915 2937 ταχέως
2947 2869 3117 2940 αὐτὴν
3168 2872 3453 2930 ἐκέλευσεν

1865 2946 2086 3015 ἀφελεῖν
2119 2944 2258 3019 μετά
2292 2949 2353 3005 τὸ
2401 2951 2608 3023 πρᾶξαι
2636 2951 2699 3006 τὸ
2751 2955 2970 3027 ἑαυτῆς,
3009 2956 3103 3011 καὶ
3147 2957 3244 3030 τὴν
3274 2960 3456 3015 αἰτίαν

1867 3038 2181 3110 προσετίθει
2203 3039 2429 3113 ταύτην,
2465 3041 2531 3114 ἢν
2560 3042 2670 3111 ἐγὼ
2702 3043 2846 3113 λέγω
2893 3045 2988 3099 νῦν
3009 3064 3021 3076 ·
3066 3048 3294 3116 Μήπως
3322 3053 3449 3123 γὰρ,

1865 3130 2021 3201 φησὶ,
2053 3130 2129 3199 τῇ
2153 3133 2553 3207 περισσοτέρᾳ
2574 3137 2739 3203 λύπῃ
2772 3139 3083 3208 καταποθῇ
3102 3144 3137 3195 ὁ
3162 3144 3449 3212 τοιοῦτος.

1867 3222 1931 3275 Εἰ
1964 3222 2021 3276 δὲ
2071 3225 2198 3288 τοὺς
2249 3227 2306 3279 ἐν
2352 3226 2513 3298 χρείᾳ
2566 3226 2919 3293 καθεστῶτας
2963 3226 3104 3285 οἶδεν
3154 3234 3452 3290 ἀπολλύναι

1864 3317 2255 3388 προσπεσοῦσα
2291 3320 2408 3389 μεθ’
2427 3320 2824 3392 ύπερϐολῆς,τί
2850 3338 2981 3376 ποτε
3004 3325 3296 3396 ἐργάσεται
3325 3330 3454 3395 τοὺς

1863 3409 1985 3462 οὐδὲ
2030 3408 2168 3473 ὅλως
2223 3410 2511 3482 δεομένους
2560 3414 2751 3483 αὐτῆς,
2801 3415 2930 3469 ὅταν
2980 3416 3150 3489 αὐτὴν
3191 3419 3392 3493 πολλὴν
3427 3433 3453 3462 ι

1867 3501 2323 3568 ἐπισπάσωνται;
2379 3501 2509 3564 Ναὶ,
2558 3504 2741 3574 φησὶν,
2787 3501 2907 3560 οἴδα
2948 3506 3106 3560 τοῦτο
3146 3511 3238 3563 καὶ
3267 3511 3451 3577 αὐτὸς,

1863 3592 1999 3647 ἀλλά
2049 3593 2168 3657 πῶς
2206 3593 2377 3666 αὐτὴν
2416 3595 2851 3669 ἀποκρούσομαι,
2883 3599 2978 3653 καὶ
3021 3600 3315 3675 ἀποστήσω
3352 3604 3454 3678 τῆς

1864 3681 2103 3754 ἐμαυτοῦ
2136 3683 2334 3755 ψυχῆς,
2359 3686 2457 3738 οὐκ
2476 3679 2612 3738 οἶδα.
2638 3686 2750 3741 Καὶ
2777 3689 2937 3752 ποίας
2965 3690 3123 3744 τοῦτο
3147 3692 3450 3760 δυσκολίας,

1862 3765 1908 3827 ὦ
1963 3772 2118 3842 φίλε;
2151 3774 2213 3827 Εἰ
2242 3775 2340 3846 μὲν
2379 3773 2486 3846 γὰρ
2525 3775 2791 3849 ἐπιθυμία
2818 3795 2905 3842 τις
2934 3774 3025 3851 ἦν,
3064 3780 3158 3834 καὶ
3183 3783 3453 3855 σωμάτων

1863 3865 2005 3938 ἔρως
2035 3864 2256 3930 ἄτοπος,
2291 3866 2322 3937 ἢ
2350 3866 2656 3934 κενοδοξίας
2700 3871 2973 3942 τυραννὶς,
3002 3872 3062 3926 τὸ
3093 3872 3450 3946 δυσκαταγώ-

1862 3975 2041 4014 νιστον
2067 3961 2254 4026 κακὸν,
2287 3961 2322 4034 ἢ
2356 3961 2485 4035 ἄλλο
2511 3981 2562 4018 τι
2602 3964 2712 4020 τῶν
2743 3966 3002 4022 τοιούτων
3034 3970 3244 4040 παθῶν,
3272 3974 3452 4039 καλῶς

1862 4051 1928 4105 ἂν
1952 4053 2179 4123 ἠπόρεις
2210 4055 2352 4127 ὑπὲρ
2383 4056 2484 4125 τῆς
2515 4057 2838 4128 ἀπαλλαγῆς
2858 4076 2872 4091 ⁸
2903 4062 3030 4125 τοὺς
3049 4064 3159 4137 γάρ
3191 4067 3454 4133 τοιούτοις

1862 4141 2089 4206 ἁλόντας
2139 4143 2398 4198 ἀδύνατον
2448 4146 2545 4215 μὲν
2598 4148 2872 4219 οὐδαμῶς,
2918 4150 3175 4207 δύσκολον
3206 4156 3263 4209 δὲ
3301 4158 3452 4228 ὅμως

1862 4232 2165 4304 ἀποδρᾶναι
2222 4234 2289 4287 τὰ
2323 4234 2536 4315 δίκτυα.
2579 4237 2645 4290 Τί
2697 4239 2933 4309 δήποτε;
2970 4240 3092 4295 Ὅτι
3129 4244 3228 4314 τήν
3255 4244 3451 4317 ἡδονὴν

1862 4324 2043 4396 ἔχουσι
2075 4343 2139 4379 συ
2147 4310 2538 4399 μπράττουσαν
2557 4329 2652 4382 καὶ
2671 4328 2974 4400 βοηθοῦσαν
2988 4310 3208 4398 αὐτοῖς-ο
3238 4310 3333 4390 καὶ
3353 4310 3451 4390 αῦ-

1860 4433 1927 4488 τη
1980 4417 2128 4471 ἐστὶν
2158 4420 2192 4490 ή
2234 4418 2303 4472 τὰ
2329 4418 2501 4473 πολλά
2542 4422 2878 4492 πανταχόθεν
2905 4425 3305 4497 περιϐάλλουσα
3336 4431 3448 4494 τοῖς

1863 4508 2129 4563 ἑαλωκόσι
2168 4509 2407 4581 σχοινίαδ
2468 4512 2561 4566 καὶ
2604 4513 2761 4567 τοῦτο
2816 4516 3034 4587 πρῶτον
3076 4515 3189 4589 ἔχει
3220 4519 3358 4591 πρὸς
3388 4521 3452 4576 τὸ

1860 4599 2273 4672 κατορθωθῆναι
2300 4601 2555 4674 χαλεπὸν,
2587 4608 2772 4659 πεῖσαι
2801 4607 2899 4679 τὴν
2927 4608 3107 4683 ψυχὴν
3136 4611 3271 4676 ὅλως
3289 4611 3452 4687 θελῆ-

1864 4703 1955 4746 σαι
2009 4691 2105 4746 καὶ
2150 4688 2477 4766 βουληθῆναι
2541 4696 2642 4768 τὴν
2674 4697 3032 4771 ἀπαλλαγήν
3096 4703 3190 4757 καὶ
3236 4705 3448 4773 γίνεται

1862 4782 2186 4855 παρόμοιον,
2217 4784 2407 4856 ῶσπερ
2432 4785 2497 4839 ἂν
2528 4788 2678 4852 εῐτις
2710 4787 2900 4863 ψώραν
2921 4793 2955 4863 ἤ
2978 4796 3292 4868 κνησμονὴν
3308 4798 3447 4851 ἀπο-

1862 4874 2050 4930 θέσθαι
2097 4876 2329 4948 ὀφείλων
2373 4879 2683 4950 ἐνηδύνοιτο
2735 4881 2814 4955 τῷ
2850 4886 3138 4957 νοσήματι,
3169 4888 3266 4943 καὶ
3316 4888 3450 4944 είσω

1860 4967 1956 5024 τοῦ
2004 4968 2213 5036 πάθους
2260 4971 2451 5027 ἑαυτὸν
2485 4973 2722 5029 είσωθοῖ.
2752 4974 2896 5047 Πρὸς
2915 4977 2974 5031 δέ
3006 4977 3105 5051 τὴν
3136 4979 3239 5051 τῆς
3270 4979 3450 5051 λύπης

1832 5060 2208 5139 ,ἀναχώρησιν
2240 5065 2299 5118 οὐ
2336 5064 2536 5137 μικρὸν
2584 5067 2716 5138 ἡμῖν
2749 5067 2908 5121 τοῦτο
2940 5069 3188 5141 ήνυσται,
3214 5070 3275 5125 τὸ
3306 5070 3447 5135 τέως

1859 5152 2038 5222 ἀηδῶς
2082 5153 2227 5223 ἔχειν
2273 5154 2410 5226 πρὸς
2464 5155 2657 5229 αὐτήν.
2726 5158 2783 5212 ’0
2834 5159 2943 5232 γάρ
2993 5179 3099 5217 τινι
3142 5161 3447 5234 βαρυνόμε-

1858 5260 1968 5307 νος,
2002 5243 2093 5296 καὶ
2134 5244 2438 5315 ἀπορρῖψαι
2478 5246 2771 5302 σπουδάσει
2811 5242 3024 5321 ταχέως
3049 5249 3199 5305 αὐτό.
3236 5249 3301 5303 Τί
3323 5240 3442 5315 οῦν,

1858 5335 1925 5389 ἂν
1955 5335 2160 5409 σπεύδῃ
2202 5336 2321 5408 μὲν,
2358 5337 2434 5409 μὴ
2471 5336 2695 5409 δύνηται
2732 5340 2825 5405 δέ;
2859 5341 2949 5411 Μὴ
2983 5339 3239 5394 παυέσθω
3279 5357 3444 5394 σπου-

1855 5427 2051 5493 δάζων,
2080 5429 2175 5482 καὶ
2204 5428 2414 5501 ταχέως
2437 5431 2746 5504 δυνήσεται.
2793 5434 3075 5505 Ἐννόησον
3102 5433 3212 5507 γάρ
3241 5435 3323 5487 ὅτι
3347 5433 3443 5489 τὸν

1857 5523 2203 5595 Χριστιανὸν,
2257 5523 2311 5577 εἴ
2360 5541 2493 5579 ποτε
2537 5526 2777 5585 λυποῖτο.
2812 5527 2906 5581 δύο
2950 5527 3112 5597 μόνον
3154 5528 3444 5593 ὑποθέσεις

1854 5615 2095 5687 ἀθυμίας
2111 5615 2256 5688 ἐχειν
2277 5616 2376 5682 δεῖ,
2394 5617 2569 5690 ἢὸταν
2583 5620 2763 5684 αὐτὸς,
2792 5619 2970 5689 ἢὸταν
2983 5620 3012 5673 6
3035 5619 3260 5690 πλησίον
3280 5638 3445 5692 προσ-

1855 5701 2062 5775 κρούσῃ
2099 5702 2253 5774 Θεῷ’
2285 5705 2384 5777 τῆς
2427 5706 2484 5760 δέ
2519 5706 2799 5779 παρούσης
2836 5706 3013 5781 λύπης
3044 5709 3302 5781 οὐδεμίαν
3330 5712 3445 5770 τῶν

1858 5794 2008 5866 [2⁵26]
2037 5796 2365 5868 προφάσεων
2402 5798 2607 5851 τούτων
2636 5800 2792 5871 ῥίζαν
2814 5799 3066 5874 ἐχούσης,
3091 5804 3216 5876 εἰκῆ
3243 5804 3441 5862 σαυτὸν

1922 5919 1943 5989 ξ
2129 5917 2368 5989 ἐπέτριψε,
2393 5918 2525 5989 θύη..
2541 5917 2785 5989 ἐπέτρεψε.

1921 5978 1946 6017 d
1967 5979 2103 6027 (Ir-Ib.
2129 5989 2183 6029 ει
2205 5978 2749 6042 8ἐιι¹ἰ1.νκαταξαινέοίθιοὶ,

1918 6045 1938 6069 ’⁷
1965 6041 2096 6091 Colh.
2126 6042 2281 6103 πάλιν,
2310 6041 2389 6089 ιιιίὶ
2412 6040 2606 6097 πολλήν.

2796 5983 2967 6033 Morel.
3006 5982 3434 6047 καταξηραινέσθω.
