4138 6418
223 363 336 417 1‘)".

229 464 447 530 habent,
471 463 908 539 teipsumfrustra
923 463 1230 519 discrucias.
1246 459 1318 518 Et
1339 463 1481 518 unde
1506 462 1556 516 id
1577 473 1807 526 constet,

229 555 479 622 inquies,
533 555 676 624 quod
727 573 830 610 non
881 555 1235 610 oﬂ'ensiouum
1281 565 1584 609 nostrarum
1625 569 1810 624 poenas

225 647 604 700 exsolvamus?
633 645 685 700 ld
708 646 918 717 quidem
949 647 1174 700 maxime
1203 645 1388 714 liquet,
1416 645 1509 700 sed
1543 645 1642 700 hoc
1671 646 1808 698 inte-

225 737 328 788 rim
353 752 458 790 non
476 738 778 792 asserimus.
801 737 994 792 Verum
1018 738 1106 804 sit,
1127 737 1172 791 si
1199 737 1298 803 vis,
1325 735 1378 791 id
1402 751 1507 791 non
1525 737 1808 800 incertum,

223 831 320 882 sed
352 831 579 884 innxime
620 831 978 897 manifestum,
1011 839 1066 884 ιιι
1105 840 1157 884 ιιι
1183 830 1338 897 dicis,
1369 829 1506 885 hanc
1535 845 1652 884 esse
1680 845 1808 900 pec-

219 929 466 974 calorum
501 931 705 975 tuorum
736 922 1132 976 retributionem
1157 938 1170 975 :
1203 937 1349 986 num,
1379 936 1580 991 qnmso,
1611 921 1810 975 idcirco

219 1027 425 1066 itiones
465 1020 520 1065 et
555 1011 745 1066 doles?
787 1013 944 1081 Atqui
981 1012 1209 1081 gaudere
1239 1013 1414 1082 potius
1451 1013 1634 1075 debes,
1659 1012 1806 1084 ‘quod

217 1102 314 1156 hic
365 1111 579 1171 peccata
619 1111 705 1156 tua
749 1103 839 1156 tibi
891 1103 1244 1168 remittantur,
1312 1120 1379 1158 ne
1428 1119 1548 1158 cum
1607 1103 1806 1157 mutulo

217 1195 518 1248 damneris.
565 1195 665 1262 Qui
695 1195 836 1250 enim
876 1195 1041 1258 dolet,
1087 1213 1192 1250 non
1236 1197 1356 1266 quia
1388 1195 1672 1255 cruciatur,
1713 1195 1806 1250 sed

217 1289 345 1356 quia
373 1287 593 1341 offendit
620 1287 809 1354 Deum,
837 1289 1017 1343 dolere
1059 1289 1238 1344 debet.
1285 1289 1503 1343 Peccata
1548 1289 1688 1344 enim
1719 1304 1806 1344 se-

217 1386 412 1446 parant
435 1394 466 1430 a
498 1377 648 1430 nobis
678 1377 864 1436 Deum.
897 1379 1329 1448 constituuntque
1351 1380 1504 1434 nobis
1530 1379 1676 1432 illum
1701 1379 1804 1433 ini-

216 1469 416 1521 micum
443 1485 456 1521 :
489 1467 752 1522 cruciatus
775 1484 902 1522 vero
943 1469 1095 1524 nobis
1121 1469 1269 1522 illum
1299 1469 1626 1534 reconciliat,
1671 1485 1806 1536 prm-

218 1567 478 1627 paratqnc
525 1569 582 1614 ut
607 1561 864 1629 propitius
893 1575 957 1615 ac
981 1561 1309 1630 propinquus
1331 1561 1418 1614 sit.
1449 1559 1600 1626 Quod
1625 1571 1802 1616 autem

209 1650 386 1704 sudor
429 1652 526 1705 iste
566 1663 684 1707 tuus
717 1667 822 1706 non
871 1653 940 1707 sit
973 1663 1307 1721 peccatorum
1341 1651 1490 1718 ultio,
1531 1653 1624 1708 sed
1651 1669 1804 1708 coro-

214 1756 409 1795 narum
430 1741 605 1810 potius
633 1743 1082 1812 praemiorumque
1110 1743 1350 1808 materia,
1383 1743 1505 1798 hinc
1533 1759 1661 1798 sane
1690 1760 1800 1796 ma-

215 1830 468 1886 nifestum
516 1843 618 1887 est.
667 1833 726 1888 Si
781 1834 920 1893 enim
970 1834 1116 1902 prius
1157 1835 1382 1905 turpiter
1425 1850 1490 1890 ac
1531 1836 1802 1890 luxuriose

211 1925 474 1989 vixisses,
529 1934 688 1994 atque
729 1925 800 1980 ita
840 1935 892 1980 te
933 1925 998 1980 ad
1031 1926 1412 1980 monachorum
1441 1927 1802 1982 conversatio-

211 2031 338 2069 nem
387 2017 722 2082 contulisses,
770 2031 837 2072 ne
866 2019 941 2072 sic
967 2017 1180 2086 quidem
1219 2018 1333 2072 hare
1367 2019 1598 2088 suspicio
1624 2019 1800 2073 locum

209 2104 508 2161 habuisset.
537 2106 667 2161 Nam
713 2107 758 2162 si
789 2107 857 2162 ob
885 2107 1002 2180 hoc.
1025 2108 1164 2164 Deus
1213 2123 1399 2177 pinnas
1435 2109 1610 2173 infert,
1662 2119 1715 2162 ut
1750 2109 1799 2162 in

211 2197 370 2250 malis
389 2207 791 2266 perseverantes
806 2198 871 2253 ad
899 2199 1262 2269 pmniteutiam
1279 2207 1560 2270 provocet,
1589 2210 1800 2254 ostensa

209 2288 526 2356 paenitentia
565 2287 828 2358 superﬂua
875 2289 984 2358 jam
1028 2291 1131 2345 erit
1161 2305 1335 2360 paena.
1386 2291 1614 2344 Tantum
1658 2293 1800 2346 enim

117 2443 122 2446 ι
201 2381 363 2434 abest
397 2390 454 2436 ut
485 2396 580 2436 nos
615 2381 803 2450 punire
828 2382 954 2437 velit
979 2383 1138 2446 Deus,
1181 2389 1242 2436 ut
1273 2397 1392 2436 cum
1431 2397 1801 2451 saepenumero

209 2473 387 2542 pmnis
422 2471 580 2542 digna
612 2471 868 2527 faciamus
891 2512 906 2540 ,
947 2487 1263 2543 summaque
1289 2473 1638 2527 conversione
1666 2489 1800 2542 opus

211 2563 524 2626 habeamus,
546 2563 957 2618 comminatione
973 2564 1144 2618 solum
1159 2564 1444 2632 verbisque
1470 2562 1794 2617 terribilibus

187 2671 312 2710 .nos
349 2657 612 2725 castigare
648 2657 796 2710 malit
823 2657 1036 2726 :-idque
1076 2655 1232 2712 facile
1256 2656 1516 2726 quispiam
1561 2655 1802 2710 animad-

207 2761 384 2805 vertet
420 2759 474 2805 et
515 2752 566 2804 in
597 2751 881 2806 Israelitica
913 2751 1092 2822 plebe,
1125 2766 1180 2808 et
1207 2752 1258 2806 in
1291 2751 1640 2808 Ninivitarum
1667 2752 1798 2806 civi-

213 2849 340 2894 tate.
367 2841 480 2894 Non
513 2843 688 2894 solum
718 2843 858 2895 enim
885 2843 1142 2912 supplicia
1173 2859 1277 2898 non
1305 2844 1501 2909 intulit,
1536 2860 1654 2899 eum
1687 2859 1800 2914 pm-

193 2932 486 2985 —nitemiam
536 2933 908 2997 ostenderent,
967 2934 1062 2988 sed
1117 2945 1172 2988 et
1222 2937 1393 2988 minas
1441 2936 1582 3004 ipsas
1621 2936 1798 2989 statim

216 3024 468 3077 removit.
511 3023 677 3078 Multo
725 3023 869 3078 enim
909 3025 1076 3092 magis
1116 3027 1226 3079 vult
1252 3026 1364 3095 ipse
1392 3026 1521 3080 nihil
1561 3040 1659 3080 nos
1690 3026 1796 3094 pati

198 3114 360 3178 anuli,
399 3130 557 3184 quam
589 3131 686 3169 nos
729 3116 850 3186 ipsi,
900 3117 1184 3186 nullusque
1220 3117 1318 3172 sibi
1358 3117 1437 3172 ita
1469 3122 1710 3188 parceret
1737 3118 1802 3171 li-

207 3206 420 3272 benter,
453 3215 507 3260 ut
533 3208 684 3260 nobis
711 3207 956 3262 omnibus
987 3208 1145 3262 Deus.
1195 3208 1394 3264 Deinde
1421 3210 1466 3262 is
1485 3209 1578 3278 qui
1605 3209 1800 3279 s;rpius

211 3308 496 3370 peccantes
530 3299 708 3354 verbis
737 3309 940 3354 tantum
981 3310 1233 3362 exterret,
1273 3315 1370 3356 nec
1409 3301 1577 3370 punit,
1627 3301 1799 3370 pinni-

215 3409 497 3470 tentesque
527 3399 626 3455 hac
656 3399 940 3454 formidine
969 3399 1176 3463 liberal,
1217 3407 1275 3453 te
1299 3399 1388 3468 qui
1419 3407 1561 3451 tanta
1591 3398 1802 3466 religio-

214 3493 321 3556 nis,
365 3473 506 3547 tanta
535 3491 825 3546 virtutis-et
854 3489 1135 3560 probitatis
1167 3488 1356 3542 indicia
1388 3503 1496 3558 prze
1533 3497 1582 3540 te
1611 3487 1798 3550 tulisti,

213 3599 322 3640 non
365 3585 538 3638 solum
577 3583 659 3636 his
678 3582 842 3636 minis
883 3590 1042 3651 atque
1073 3580 1174 3635 hoc
1203 3589 1406 3634 terrore
1448 3595 1552 3632 non
1584 3579 1798 3647 eripuit,

213 3689 398 3730 verum
428 3682 483 3728 et
515 3688 573 3726 re
598 3673 707 3742 ipsa
740 3671 1013 3742 suppliciis
1029 3671 1272 3740 exposuit
1291 3671 1314 3722 ἶ)
1335 3679 1385 3724 et
1411 3667 1676 3738 quomodo
1700 3669 1802 3720 ali-

213 3765 333 3836 quis
356 3765 457 3819 hoc
481 3763 969 3818 credatiAttamen
998 3762 1040 3815 si
1072 3761 1216 3832 prior
1242 3761 1328 3815 illa
1355 3771 1438 3814 tua
1469 3759 1803 3812 conversatio

209 3864 465 3924 eorrupta
480 3853 665 3908 fuisset
689 3867 751 3907 ac
773 3852 997 3921 perdita,
1014 3862 1070 3906 ut
1095 3851 1422 3919 dixi,aliquis
1442 3849 1492 3903 id
1513 3849 1596 3902 vel
1625 3849 1801 3917 suspi-

208 3948 327 4003 rari
351 3961 420 4016 po
446 3955 528 4000 set
547 3963 560 3998 ε
579 3960 697 4004 cum
727 3958 856 4000 vero
875 3943 1107 3998 deterior
1123 3943 1332 4013 quidem
1353 3942 1438 3996 illa
1463 3940 1618 3994 fuerit
1645 3956 1802 4010 quam

211 4052 453 4109 praesens
477 4038 566 4098 sit,
606 4045 790 4088 ornata
821 4043 996 4088 tamen
1039 4043 1092 4088 et
1133 4034 1244 4102 ipsa
1275 4048 1588 4099 summaque
1633 4031 1802 4084 houe’

216 4139 353 4182 state
385 4128 605 4195 pollens,
643 4124 1064 4193 profecto-uobis
1095 4125 1245 4189 omni
1270 4138 1332 4176 ex
1366 4133 1513 4189 parte
1537 4121 1805 4174 constabit

1677 315 2030 412 ito-utrum.~

3389 361 3498 416 tot
3563 319 3570 328 ’

1915 465 2314 522 colluctationes
2372 467 2468 522 has
2517 476 2634 524 tuas
2671 482 2986 524 coronarum
3029 468 3124 525 tibi
3171 468 3494 539 majorisque

1913 557 2096 628 gloriae
2113 561 2445 615 occasionem
2463 577 2600 617 esse.
2613 563 2834 633 Oportet
2851 565 3029 634 igitur,
3047 575 3100 620 ut
3118 564 3244 631 dixi,
3259 575 3316 621 et
3332 566 3493 620 haset

1916 647 2214 718 liujusmodi
2235 651 2581 720 cogitationes
2602 667 2835 709 movere.
2864 655 3125 710 Convenit
3151 659 3274 710 item
3298 667 3348 711 et
3369 671 3490 712 eum

1927 740 2008 794 his
2033 755 2160 806 una,
2185 742 2292 796 imo
2313 731 2432 796 ante
2465 743 2578 804 has,
2607 745 3094 803 ratiocinationibus
3117 749 3489 818 perpetuisque

1917 833 2306 901 precationibus
2341 834 2436 888 has
2465 835 2708 888 tenebras
2737 835 3011 905 dissipare.
3039 837 3168 892 Nam
3203 849 3262 892 et
3300 837 3488 892 beatus

1916 922 2096 986 David,
2116 937 2334 992 magnus
2357 923 2445 978 ille
2466 923 2544 976 vir
2558 935 2717 994 atque
2737 926 3014 991 mirabilis,
3036 926 3116 980 his
3131 928 3489 982 medicamen-

1915 1014 1980 1067 tis
2004 1013 2308 1084 frequenter
2335 1029 2461 1068 usus
2481 1025 2581 1080 est,
2611 1015 2794 1085 hisque
2823 1015 3076 1084 plurimos
3101 1017 3309 1072 dolores
3339 1033 3488 1084 pres-

1912 1119 2152 1158 surarum
2193 1107 2414 1159 removit
2455 1120 2519 1162 ac
2552 1107 2776 1176 repulit,
2807 1121 2945 1161 nunc
2973 1106 3183 1176 quidem
3207 1085 3384 1172 orans,
3424 1122 3486 1161 ac.

1911 1197 2114 1263 dicens,
2152 1198 2514 1252 Tribulationes
2549 1199 2715 1253 cordis
2745 1201 2840 1253 mei
2879 1201 3223 1269 multiplicata:
3248 1211 3384 1268 sunt,
3424 1201 3488 1255 de

1911 1288 2281 1342 necessitatibus
2309 1289 2428 1342 meis
2461 1305 2578 1343 erue
2602 1307 2680 1344 me
2719 1289 2888 1360 (Psal.
2913 1290 3003 1345 24.
3037 1291 3126 1360 l7)
3163 1308 3177 1342 :
3218 1306 3360 1344 nunc
3383 1291 3485 1356 piis

1909 1393 1970 1432 ac
2029 1379 2290 1449 religiosis
2348 1380 2835 1436 ratiocinationibus
2901 1382 3131 1438 admotis
3192 1383 3482 1454 inquiens:

1913 1468 2080 1536 Quare
2119 1471 2273 1524 tristis
2300 1487 2370 1538 es,
2419 1471 2590 1525 animo
2630 1489 2758 1536 mea,
2801 1483 2848 1527 et
2871 1490 3026 1543 quare
3056 1476 3322 1528 conturbas
3363 1473 3488 1527 me?

1908 1560 2074 1628 Spera
2108 1561 2160 1614 in
2186 1559 2311 1626 Deo,
2356 1563 2598 1633 quoniam
2625 1563 2791 1616 adhuc
2825 1564 3097 1632 conﬁtebor
3133 1565 3212 1619 illi
3241 1563 3356 1638 (1’s.
3391 1566 3481 1620 ΑΞ.

1907 1651 1984 1723 5).
2005 1653 2336 1723 Rursumque
2355 1670 2424 1708 ex
2439 1655 2927 1711 ratiocinationibus
2947 1655 3250 1724 hujusmodi
3279 1656 3344 1710 ad
3371 1671 3486 1710 ora-

1908 1744 2080 1798 tiones
2105 1759 2400 1798 conversus
2433 1762 2447 1800 :
2481 1743 2715 1811 Remitte,
2758 1745 2946 1815 inquit,
2975 1747 3119 1811 mihi,
3149 1757 3200 1798 ut
3221 1747 3485 1814 refrigerer

1905 1837 2194 1906 priusquam
2231 1837 2428 1904 abeam,
2474 1847 2522 1890 et
2551 1837 2686 1891 ultra
2710 1838 2817 1903 iam
2843 1853 2942 1891 non
2967 1854 3053 1891 ero
3087 1837 3207 1907 (Ps.
3235 1837 3323 1892 58.
3358 1837 3480 1908 H);

1904 1937 2062 1996 atque
2091 1926 2158 1978 ab
2187 1927 2516 1982 orationibus
2541 1927 2606 1982 ad
2637 1927 3066 1982 ratiocinationes
3099 1944 3114 1982 :
3161 1927 3294 1992 Quid
3327 1927 3480 1993 enim,

1903 2017 1996 2081 ait,
2017 2017 2140 2069 mihi
2161 2025 2230 2070 est
2259 2019 2311 2070 in
2328 2019 2471 2083 cwlo,
2493 2026 2654 2070 etate
2675 2017 2798 2088 quid
2828 2018 2960 2072 volui
2979 2034 3130 2087 super
3153 2027 3337 2070 terram
3359 2016 3478 2088 (1’s.

1905 2107 1993 2159 72.
2020 2107 2148 2176 25)?
2181 2108 2253 2161 Ita
2279 2119 2330 2163 et
2357 2107 2458 2162 Job
2483 2108 2632 2162 uxori
2661 2124 2780 2178 qua:
2815 2108 2973 2162 verba
2999 2108 3257 2162 diabolica
3290 2123 3484 2178 sugge-

1905 2197 2073 2261 rebat,
2101 2197 2593 2252 ratiocinationibus
2617 2197 2996 2264 reluctabatur,
3028 2197 3276 2267 illamque
3315 2197 3486 2252 incre-

1899 2305 2034 2356 pans
2095 2287 2312 2344 diccbat
2337 2310 2354 2348 :
2381 2291 2559 2354 Quare
2633 2299 2890 2358 tamquam
2928 2305 3028 2342 una
3069 2289 3338 2342 stultarum
3368 2305 3482 2341 mu-

1901 2376 2080 2430 lierum
2103 2377 2309 2447 loquuta
2326 2377 2415 2432 es?
2433 2377 2493 2432 Si
2509 2375 2639 2431 bona
2659 2379 2968 2446 suscepimus
2993 2377 3056 2431 de
3077 2395 3230 2430 manu
3252 2377 3474 2442 Domini,

1903 2468 2038 2522 mala
2068 2483 2169 2521 non
2217 2468 2571 2522 sustinebimus
2613 2467 2734 2541 (Job
2761 2467 2816 2521 2.
2850 2468 2980 2538 10)?
3022 2469 3103 2522 Ad
3151 2470 3316 2524 Deum
3357 2485 3485 2524 vero

1904 2559 2148 2627 precibus
2177 2558 2440 2614 utebatur.
2469 2561 2546 2613 Ac
2573 2557 2759 2614 beatus
2789 2559 2980 2612 Paulus
3011 2559 3249 2629 utrisque
3279 2558 3361 2615 his
3394 2577 3482 2614 ar—

1903 2648 2006 2702 mis
2030 2662 2144 2712 eos,
2193 2649 2282 2718 qui
2313 2649 2364 2702 in
2396 2648 2657 2717 pressaris
2693 2663 2758 2702 ac
2783 2647 3170 2702 tentationibus
3197 2657 3367 2712 erant,
3392 2650 3482 2717 ju-

1902 2739 2079 2804 vabat,
2105 2753 2244 2792 nunc
2267 2739 2476 2808 quidem
2498 2739 2710 2792 dicens:
2736 2738 2796 2793 Si
2816 2748 2990 2813 autem.
3005 2747 3148 2792 extra
3168 2738 3484 2810 disciplinam

1903 2831 2040 2893 estis,
2078 2846 2199 2900 ergo
2227 2829 2516 2891 adulterini,
2545 2846 2644 2882 non
2665 2829 2760 2898 ﬁlii
2778 2843 2797 2892 ;
2839 2831 2948 2898 quis
2977 2829 3109 2882 enim
3139 2829 3298 2898 ﬁlius,
3341 2847 3485 2898 quem

1903 2938 2002 2975 non
2021 2921 2226 2988 corripit
2245 2919 2557 2991 pater-(Heli.
2582 2917 2668 2974 12.
2689 2921 2740 2974 8.
2760 2919 2852 2986 7)?
2871 2935 3112 2989 nuncquc
3135 2935 3312 2984 orans,
3337 2918 3488 2972 Fide-

1904 3011 1986 3076 lis,
2017 3009 2203 3080 inquit,
2233 3009 2370 3063 Deus
2396 3019 2485 3074 est,
2521 3009 2603 3077 qui
2631 3026 2731 3062 non
2762 3010 2981 3076 patietur
3008 3025 3093 3062 vos
3121 3011 3302 3062 tentari
3333 3027 3486 3080 supra

1901 3103 1955 3154 id
1982 3100 2116 3171 quod
2139 3103 2343 3171 potestis
2363 3098 2561 3171 (LCor.
2587 3100 2669 3154 10.
2703 3101 2788 3168 15.)
2815 3116 2831 3154 :
2862 3109 2916 3154 et
2936 3115 3164 3166 rursum,
3199 3099 3261 3154 Si
3289 3101 3488 3170 quidem

1897 3194 2089 3262 justum
2117 3191 2256 3262 apud
2286 3191 2444 3242 Deum
2473 3200 2566 3256 est,
2595 3189 2865 3244 retribuere
2889 3189 3262 3243 retributionem
3288 3190 3366 3244 Itis
3401 3193 3488 3260 qui

1903 3298 1988 3338 vos
2011 3283 2270 3348 tribulam,
2299 3291 2345 3335 et
2361 3281 2495 3335 vobis
2513 3283 2599 3352 qui
2615 3281 2944 3347 tribulamini,
2969 3280 3188 3349 requiem
3209 3280 3284 3352 (Ξ.
3308 3279 3483 3335 Thess.

1907 3379 1956 3430 l.
1987 3379 2037 3430 6.
2073 3377 2148 3444 7).
2179 3374 2236 3428 Si
2268 3375 2430 3444 igitur
2457 3373 2618 3428 armis
2647 3372 2732 3429 his
2758 3373 2872 3442 ipse
2891 3387 3101 3442 quoque
3139 3388 3264 3427 usus
3301 3371 3484 3438 fueris,

1903 3485 1966 3523 ac
2009 3468 2234 3536 teipsum
2260 3465 2498 3536 perfecte
2527 3464 2761 3534 undique
2803 3465 3118 3530 armaveris,
3151 3463 3486 3534 cogitationi-

1905 3563 2002 3616 bus
2043 3561 2290 3616 mmroris
2331 3557 2620 3614 retundens
2661 3557 2938 3628 impetum,
2990 3556 3320 3611 orationibus
3363 3573 3488 3612 vero

1906 3665 2013 3710 tam
2060 3654 2184 3720 tuis,
2231 3667 2390 3724 quam
2433 3652 2656 3706 aliorum
2698 3659 2750 3704 te
2789 3650 2949 3704 veluti
3001 3664 3153 3704 muro
3199 3649 3487 3704 fortissimo

1906 3750 2172 3812 muniens,
2198 3745 2451 3802 celeriter
2475 3743 2773 3814 disciplina:
2793 3742 2948 3797 istius
2977 3743 3238 3810 percipies
3262 3740 3484 3796 fruetus.

1905 3841 2020 3894 Non
2043 3839 2185 3892 enim
2214 3836 2316 3892 hoc
2339 3836 2513 3892 solum
2546 3834 2860 3901 lucraberis,
2890 3832 3033 3904 quod
3060 3833 3338 3904 prmsentia
3383 3831 3489 3886 for-

1909 3933 2030 3986 titcr
2049 3929 2211 3994 feras,
2257 3944 2438 3983 rerum
2472 3927 2552 3981 his
2577 3925 3050 3983 exercitationibus
3082 3923 3488 4007 ropustissimus

1906 4025 2148 4089 cﬂ'cctus,
2179 4023 2337 4076 nullis
2349 4021 2462 4092 jam
2487 4021 2606 4076 vita:
2633 4020 2789 4089 hujus
2812 4019 3057 4075 adversis
3081 4019 3294 4072 casibus
3321 4016 3486 4086 frangi

1909 4119 1992 4171 vel
2011 4117 2164 4184 dejiei
2190 4113 2412 4182 poteris.

2175 4362 2188 4367 -
2197 4356 2368 4366 ..-αι-..4

1661 4525 1987 4588 "MONITU
1992 4528 2054 4588 Μ

195 4863 488 4920 Palladius
506 4875 653 4924 vero,
684 4861 952 4916 sincerior
977 4877 1159 4917 rerum
1194 4863 1570 4935 Chrysostomi
1588 4882 1795 4936 'prmeo,

202 4957 263 5011 in
289 4955 520 5024 Dialogo
557 4954 724 5008 hasce
758 4955 1036 5009 orationes
1081 4956 1148 5010 ad
1184 4956 1398 5011 initium
1450 4959 1799 5028 episcopatus

199 5043 329 5114 ejus
357 5041 521 5096 refert
556 5059 568 5088 τ
601 5061 619 5092 (
657 5041 746 5096 Sic
773 5045 1061 5131 or.dinatus
1095 5043 1355 5110 Joannes,
1381 5048 1580 5118 inquit,
1611 5067 1795 5105 rerum

202 5148 396 5190 curam
439 5133 772 5202 aggreditur,
822 5149 918 5203 per
955 5135 1334 5191 rationabilem
1391 5140 1626 5194 listulatn
1663 5157 1797 5196 oves

201 5223 436 5294 probare
460 5238 713 5279 exorsus.
741 5223 886 5278 Raro
909 5237 1090 5279 autem
1121 5227 1386 5283 adhibens
1415 5229 1576 5283 etiam
1597 5233 1794 5300 pedum

202 5315 622 5385 increpationis,
660 5324 968 5372 Sermonem
1003 5317 1191 5388 dirigit
1235 5319 1526 5374 adversum
1560 5325 1794 5376 ementi-

198 5417 316 5462 tum
349 5407 581 5461 fratrum
613 5421 974 5480 sororumque
1001 5411 1339 5479 convictum,
1360 5428 1420 5468 re
1453 5429 1575 5468 vera
1609 5425 1788 5473 autem

199 5508 415 5565 turpem
435 5495 863 5566 improhumque
885 5502 1218 5564 convictum,
1247 5503 1314 5555 de
1337 5504 1790 5568 suhintrmluctis.

199 5587 596 5650 συνεισάκτων,
651 5597 713 5642 ut
762 5599 979 5655 vocant,
1039 5607 1204 5663 agens
1263 5595 1690 5664 ostendensque,
1745 5598 1790 5623 ι’

199 5677 472 5731 malorum
513 5676 673 5730 detur
720 5677 892 5746 optio,
935 5680 1193 5737 meliores
1222 5684 1348 5738 istis
1389 5685 1619 5740 lenones
1649 5702 1786 5741 esse.

201 5769 287 5825 llli
326 5781 576 5836 namque
625 5771 816 5838 procul
853 5787 884 5825 a
934 5773 1160 5829 medicis
1195 5775 1525 5840 habitantes,
1558 5779 1698 5848 apud
1738 5796 1797 5836 se

198 5865 460 5916 morbum
495 5858 714 5925 habent,
747 5863 839 5916 sed
873 5863 1177 5920 volentibus
1205 5885 1222 5920 τ
1245 5867 1296 5921 hi
1323 5878 1501 5922 autem
1523 5869 1576 5923 in
1603 5871 1795 5928 salutis

1909 4867 2124 4922 ofﬁcina
2168 4867 2500 4933 habitantes,
2535 4869 2698 4923 etiam
2726 4883 2900 4924 sanos
2932 4869 3220 4940 impellunt
3251 4871 3316 4926 ad
3347 4889 3502 4929 mor-

1897 4959 2202 5016 bumJnde
2233 4975 2359 5030 pars
2391 4961 2520 5016 cleri
2560 4959 2788 5015 minime
2833 4961 3110 5034 religiosa,
3144 4979 3266 5034 quae
3297 4967 3492 5018 morbo

1899 5051 1993 5104 illo
2042 5050 2347 5112 tenebatur.
2397 5059 2670 5105 commota
2703 5061 2804 5106 est.
2850 5071 2870 5102 ι
2911 5053 3035 5108 flare
3065 5053 3362 5121 Palladius,
3395 5056 3484 5110 cui

1900 5153 2088 5212 utpote
2112 5143 2328 5197 oculato
2365 5142 2488 5197 testi
2521 5143 2678 5197 fidem
2729 5145 2929 5200 habere
2967 5160 3066 5214 par
3102 5156 3203 5200 est.
3237 5145 3494 5202 Son-rates

1906 5251 2036 5290 vero
2069 5236 2252 5290 omnia
2309 5236 2546 5291 miscuit.
2587 5236 2734 5292 Licet
2779 5248 2958 5294 autem
3009 5239 3122 5293 iure
3163 5238 3228 5292 ad
3275 5239 3489 5292 initium

1904 5329 2254 5398 episcopatus
2287 5329 2408 5398 ejus
2445 5329 2725 5386 refl-renda
2756 5332 2884 5394 sint,
2931 5340 3168 5386 attamen
3215 5331 3400 5386 Savilii
3437 5343 3493 5388 et

1904 5420 2201 5476 Frontonis
2235 5421 2413 5476 Dm‘a-i
2450 5423 2549 5478 hac
2581 5424 2632 5478 in
2663 5435 2815 5493 parte
2849 5425 3092 5478 ordincm
3124 5423 3278 5494 sequi
3309 5423 3490 5479 visum

1901 5523 2006 5576 est,
2036 5513 2128 5582 qui
2167 5529 2476 5570 resomnes
2510 5515 2576 5570 ad
2608 5517 2926 5580 monachos,
2965 5524 3195 5582 aseetas,
3227 5515 3489 5586 virgines,

1901 5604 2203 5672 viduasque
2229 5615 2538 5677 spectaptes
2573 5607 2737 5662 simul
2769 5613 3090 5677 posuerunt.

1973 5692 2480 5764 loterprclationem
2542 5697 2787 5754 Latinam
2843 5697 3036 5754 incerti
3093 5698 3235 5765 viri,
3296 5701 3484 5756 multis

1899 5785 1953 5839 in
2008 5776 2141 5840 locis
2189 5791 2533 5846 emendatam
2595 5807 2624 5846 c
2667 5791 2886 5862 regione
2923 5791 3094 5846 (Ξῖ-ιιινὶ
3143 5803 3325 5849 textus
3381 5810 3482 5866 po-

1899 5891 2132 5932 SUIIHUS.
