4138 6460
676 405 784 458 495
1367 403 1422 458 S.
1462 403 1754 459 JOANNIS
1803 404 2299 461 CHRYSOSTOMI
2343 406 2670 462 ARClllEli.
2722 401 3276 459 (ZONSTANTINOP.
3808 413 3878 468 iii-3

2046 835 2582 924 EJUSDEM

1103 1115 1468 1172 ADVERSUS
1503 1114 1635 1170 EOS
1673 1114 1789 1188 ριν
1837 1114 2017 1174 \PUD
2057 1113 2142 1170 SE
2187 1111 2464 1168 HABENT
2506 1112 2832 1170 VIRGINES
2864 1111 3518 1170 SUBINTRUDUCTAS.

741 1597 789 1650 Ι.
825 1594 1109 1662 Majotihus
1151 1596 1346 1646 nostris
1382 1592 1499 1645 dum
1539 1601 1744 1644 tantum
1783 1589 1996 1643 fuerunt
2033 1603 2206 1640 causa:
2232 1629 2246 1650 ,

669 1697 886 1753 prepzer
923 1699 1053 1752 quas
1101 1683 1413 1736 mulieribus
1451 1682 1547 1734 viri
1593 1679 1979 1734 cohabitarent.
2033 1677 2100 1731 Et
2145 1691 2247 1729 una

667 1775 879 1842 quidem
926 1785 1075 1828 vetus
1117 1783 1198 1828 cst
1236 1788 1298 1826 ac
1331 1772 1476 1842 justa
1505 1771 1804 1840 rationique
1844 1777 2198 1823 consentanea
2233 1783 2246 1818 :

671 1882 861 1935 nempe
888 1865 1302 1930 matrimonium,
1330 1863 1470 1932 quod
1497 1863 1603 1916 Deo
1623 1861 1924 1931 iegislatore
1951 1858 2246 1913 institutum

669 1968 786 2012 est:
822 1957 1037 2026 Propter
1062 1958 1158 2009 hoc
1197 1957 1368 2019 enim,
1415 1954 1616 2023 inquit,
1662 1953 1902 2019 relinquet
1943 1952 2017 2004 vir
2056 1958 2248 2019 patrem

668 2065 815 2100 suum
834 2055 878 2099 rt
905 2057 1112 2099 matrem
1132 2063 1297 2110 mam,
1327 2054 1368 2098 et
1395 2044 1669 2098 adhcrcbit
1690 2058 1837 2096 ιιι-(τοι
1857 2057 1982 2104 sine,
2010 2049 2251 2104 eruntque

670 2139 770 2191 duo
799 2139 852 2191 in
889 2154 1090 2190 carnem
1116 2153 1268 2190 unam
1296 2135 1450 2204 (Gen.
1477 2134 1534 2188 2.
1561 2134 1688 2204 24);
1718 2135 1882 2187 altera
1911 2147 2036 2185 vero
2066 2146 2248 2184 recen—

671 2231 792 2293 tior,
823 2230 1000 2298 iniqua
1027 2238 1078 2282 et
1106 2228 1208 2296 legi
1238 2227 1483 2293 adversa,-
1516 2241 1705 2294 nempe
1731 2225 2030 2284 fornicatio.
2063 2239 2181 2293 qua:
2218 2238 2245 2273 a

671 2321 916 2390 malignis
939 2319 1236 2374 introducta
1267 2329 1348 2372 est
1374 2317 1722 2370 daemonibus.
1747 2316 1917 2384 Atque
1947 2324 2125 2367 nostra
2153 2313 2249 2366 hac

670 2421 826 2466 :etate
866 2411 1051 2464 tertius
1079 2410 1291 2478 quidam
1323 2421 1492 2461 novus
1521 2416 1574 2461 et
1605 2406 1849 2460 insolitus
1879 2420 1994 2458 mos
2019 2404 2210 2472 prodiit
2229 2443 2245 2466 ,

667 2502 818 2572 enjus
855 2517 1064 2556 causam
1106 2501 1242 2555 haud
1285 2499 1438 2554 facile
1483 2499 1902 2568 investigaveris.
1933 2497 2064 2552 Sunt
2105 2497 2245 2550 enim

669 2595 940 2661 nonnulli,
983 2595 1069 2665 qui
1113 2595 1314 2665 puellas
1344 2593 1640 2662 nuptiarum
1688 2593 1992 2664 inexpertas
2029 2591 2245 2644 dotnum

665 2689 898 2750 ducunt,
942 2697 996 2741 et
1027 2702 1194 2757 usque
1224 2686 1276 2741 in
1321 2695 1612 2740 extremam
1645 2695 1970 2738 senectutem
2018 2683 2246 2736 inclusas

666 2789 849 2834 tenent
872 2795 936 2834 ac
962 2777 1162 2844 fovent,
1197 2794 1300 2831 non
1331 2776 2094 2847 procreandorumliberorum
2123 2789 2246 2844 gra-

668 2874 766 2941 tia,
797 2879 991 2940 negant
1019 2870 1159 2924 enim
1191 2885 1248 2923 se
1275 2885 1394 2924 cum
1438 2870 1540 2924 illis
1570 2884 1681 2922 rem
1713 2869 1942 2932 habere;
1985 2882 2156 2936 neque
2186 2868 2244 2919 li-

666 2962 858 3015 hidinis
881 2976 1038 3016 causa
1061 3003 1075 3027 ,
1107 2962 1252 3015 aiunt
1279 2961 1420 3015 enim
1466 2959 1605 3030 quod
1639 2959 1754 3012 illas
1782 2960 2112 3027 incorruptas
2134 2973 2242 3012 ser-

664 3063 788 3106 vent
816 3070 828 3106 :
858 3061 912 3107 ct
944 3053 988 3108 si
1020 3051 1139 3122 quis
1167 3054 1234 3106 ab
1264 3053 1342 3105 eis
1367 3066 1578 3106 causam
1609 3051 1902 3120 rogaverit,
1936 3051 2114 3103 dicunt
2145 3050 2243 3103 szhi

665 3145 856 3198 nmltas
896 3159 1050 3210 CSse;
1093 3144 1187 3200 sed
1220 3145 1459 3214 ﬁngunt:
1492 3161 1588 3214 ego
1615 3145 1755 3199 enim
1785 3143 1980 3198 nullam
2023 3160 2115 3198 eos
2147 3142 2240 3196 ha-

666 3235 794 3290 bere
823 3236 1162 3299 crediderim,
1193 3253 1310 3306 qme
1341 3237 1420 3290 vel
1449 3217 1680 3291 honesta.
1700 3237 1782 3290 vel
1813 3235 1862 3289 id
1889 3252 2000 3289 nea
2024 3236 2110 3290 sit.
2146 3235 2245 3290 Ve-

664 3340 781 3377 rum
827 3326 892 3380 de
934 3325 1014 3380 his
1059 3327 1290 3382 nandum
1335 3329 1612 3382 dicemus:
1655 3326 1937 3382 aﬂ'ercmus
1967 3337 2142 3381 autem
2192 3327 2242 3380 in

663 3417 895 3471 medium
928 3433 1084 3486 quam
1123 3433 1220 3470 nos
1264 3419 1596 3487 potissimum
1627 3433 1840 3472 causam
1888 3419 2239 3487 susiiicamnr.

663 3511 730 3563 Et
758 3527 999 3579 quaenam
1025 3521 1106 3565 est
1133 3512 1258 3565 illa?
1288 3511 1516 3566 Omnino
1537 3553 1552 3576 ,
1585 3513 1629 3566 si
1657 3527 1686 3564 a
1714 3526 1874 3581 scopo
1899 3511 2238 3573 aberravero,

663 3600 741 3655 fas
772 3603 921 3657 vobis
947 3612 1028 3656 est
1072 3613 1128 3657 ut
1168 3620 1252 3657 tne
1281 3603 1626 3674 redarguatis.
1663 3605 1727 3659 Et
1764 3619 2004 3673 quaenam
2047 3604 2241 3657 causa?

661 3694 780 3762 quis
812 3693 901 3746 ille
944 3693 1264 3762 praetextus?
1292 3693 1512 3749 Videtur
1538 3694 1943 3748 mihi'mulieris
1968 3695 2241 3749 convictus

661 3801 766 3838 non
792 3799 856 3839 ex
889 3784 1003 3853 lege
1039 3786 1337 3852 nuptiarum
1380 3784 1574 3850 modo,
1606 3785 1698 3840 sed
1731 3785 1888 3839 etiam
1920 3785 2120 3855 absque
2147 3801 2243 3837 nu-

659 3875 784 3944 ptiis
809 3891 871 3929 ac
901 3891 1207 3946 congressu,
1242 3877 1524 3947 voluptatis
1560 3877 1757 3932 habere
1799 3878 2058 3932 m‘mnihil.
2089 3877 2240 3944 Quod

659 3969 702 4020 si
733 3983 834 4020 non
862 3976 1007 4022 recte
1031 3969 1233 4031 sentio,
1263 3984 1365 4023 non
1395 3985 1608 4046 possum
1643 3968 1822 4026 dicere
1847 3989 1861 4026 :
1890 3988 2059 4025 meam
2092 3972 2241 4027 vobis

661 4059 977 4112 sententiam
1025 4074 1221 4114 narro:
1257 4062 1390 4115 forte
1433 4070 1612 4115 autem
1663 4078 1765 4115 non
1814 4078 1985 4116 meam
2029 4063 2236 4127 solum,

659 4152 750 4206 sed
779 4160 833 4206 et
879 4154 1124 4220 illorum;
1172 4173 1293 4209 nam
1324 4166 1377 4211 et
1421 4157 1523 4212 illis
1565 4158 1642 4213 sic
1683 4160 1908 4225 videtur,
1938 4161 2074 4229 quod
2117 4161 2240 4216 hinc

663 4246 846 4313 liquet.
880 4245 1101 4301 Tantam
1143 4250 1282 4303 enim
1325 4249 1548 4319 gloriam
1579 4261 1634 4306 et
1664 4261 1804 4305 tanta
1833 4253 2081 4308 scandala
2112 4271 2238 4309 neu-

659 4339 856 4407 liquam
886 4338 1241 4409 deSpicerent,
1273 4342 1374 4396 nisi
1401 4343 1588 4412 ingens
1608 4345 1852 4414 quwdam
1875 4355 1928 4400 et
1952 4345 2238 4400 vehemens

656 4429 994 4484 cohabitandi
1016 4431 1264 4503 voluptas
1287 4442 1448 4486 esset.
1472 4433 1622 4501 Quod
1654 4435 1695 4488 si
1730 4435 1866 4489 forte
1891 4445 2239 4492 succenseant

657 4520 904 4586 quidam,
951 4519 1092 4588 quod
1124 4519 1238 4576 haec
1279 4522 1552 4590 dicamus,
1587 4539 1774 4593 precor
1809 4535 1865 4579 ut
1904 4529 2056 4580 nobis
2083 4529 2235 4583 venia

658 4610 830 4672 detur,
861 4610 1105 4678 absitque
1132 4610 1461 4680 indignatio:
1496 4630 1666 4683 neque
1695 4617 1834 4668 enim
1867 4617 2037 4672 libens
2060 4633 2124 4672 ac
2155 4631 2235 4674 Ie-

658 4713 805 4752 mere
832 4698 967 4752 hanc
996 4700 1323 4755 inimicitiam
1346 4705 1692 4774 susciperem.
1721 4705 1842 4760 Non
1857 4722 1972 4760 sum
2001 4718 2106 4762 tam
2140 4711 2235 4764 mi-

655 4805 743 4843 ser
763 4804 827 4843 ac
847 4805 1199 4855 :erumnosns,
1220 4794 1307 4862 qui
1332 4804 1534 4850 temere
1553 4811 1737 4850 omnes
1754 4797 2022 4854 oﬂ'endere
2041 4801 2198 4854 velim
2218 4819 2232 4866 ;

655 4879 754 4935 sed
781 4879 933 4934 valde
975 4880 1132 4936 doleo
1157 4897 1220 4937 ac
1247 4885 1474 4950 crucior,
1505 4896 1559 4940 et
1595 4886 1819 4956 gloriam
1861 4889 1953 4943 Dei
1989 4890 2236 4959 blasphe-

655 4975 786 5029 mari
821 4975 1051 5040 intuens,
1083 4986 1134 5030 et
1181 4978 1464 5032 nmltornm
1489 4979 1714 5032 salutem
1748 4991 1964 5050 propter
1989 4984 2232 5052 volupta-

653 5077 759 5120 tcm
805 5065 944 5120 hanc
987 5067 1236 5136 paulatim
1285 5071 1479 5138 perire.
1527 5070 1678 5137 Quod
1710 5072 1849 5125 enim
1901 5073 2028 5127 illtnl
2073 5090 2234 5130 suave

650 5159 738 5221 sit,
771 5166 826 5212 et
855 5159 1075 5228 nuptiali
1098 5162 1750 5217 consortioardcntioretn
1784 5166 2229 5232 pariatamorem,

650 5265 792 5302 mine
823 5249 958 5303 forte
976 5249 1254 5318 stupebitis
1275 5250 1570 5315 audientes,
1594 5253 1686 5306 scd
1716 5253 1798 5308 ubi
1825 5255 1873 5308 id
1901 5255 2235 5310 demonstra-

648 5355 794 5401 vero,
829 5354 921 5394 vos
951 5342 1109 5395 etiam
1155 5340 1554 5398 conﬁtebimini.
1588 5344 1794 5399 Etenim
1839 5361 1958 5400 cum
1998 5346 2232 5418 legitima

649 5430 871 5486 muliere
896 5431 1146 5501 congredi
1176 5447 1297 5487 cum
1327 5449 1428 5488 non
1465 5434 1531 5488 sit
1559 5438 1811 5502 vetitum,
1847 5439 2225 5507 COliCllpiSl'Cﬂ-

711 5610 944 5680 {‘Ti‘tulns
960 5615 1049 5680 _sic
1072 5611 1221 5680 habet
1239 5613 1290 5680 in
1311 5613 1472 5680 ειη-ξι,
1497 5614 1834 5680 Clit'ysostOIIti,
1858 5619 2088 5672 adrersus
2127 5622 2232 5676 illa:

647 5670 727 5729 qui
737 5670 906 5742 habent
928 5671 1132 5742 virgines
1144 5670 1526 5742 subintroductus
1541 5670 1729 5736 ;.\t'orel.
1740 5714 1752 5737 ,
1769 5670 1991 5741 eiusdem
2003 5670 2231 5738 mei-1a};

650 5743 739 5806 eos
754 5733 857 5806 qui
878 5733 1048 5806 habent
1091 5733 1491 5806 subirttroductas.
1541 5733 1934 5806 'Interpres'vero
1947 5777 1962 5802 ,
1980 5805 1985 5806 ν
2006 5733 2231 5806 ejusdem

644 5789 1264 5880 fgsmqfiomtd
1302 5811 1351 5848 se
1397 5801 1549 5861 [orent
1593 5789 1780 5852 sorores
1821 5789 2230 5872 (imbins"'6ziE£

641 5851 1024 5902 subintroducws

2356 1587 2481 1638 tiam
2513 1586 2691 1651 sedat,
2720 1597 2773 1641 ct
2812 1603 3179 1660 saepenumero
3204 1595 3497 1654 satietatem
3525 1598 3697 1666 alit-rt,
3726 1601 3875 1655 immo-

2355 1674 2531 1728 dicum
2560 1677 2894 1745 resunguens
2923 1680 3192 1734 ardorem.
3225 1683 3486 1739 Prmterea
3517 1698 3683 1756 partus
3705 1698 3752 1743 et
3777 1705 3873 1760 par-

2355 1772 2500 1819 tnum
2527 1765 2770 1832 dolores,
2805 1783 3196 1840 puerorumque
3223 1779 3612 1842 procreationes
3635 1793 3691 1832 ac
3720 1780 3876 1834 educa-

2355 1857 2564 1919 tiones,
2612 1873 2815 1912 necmm
2857 1869 2911 1913 et
2955 1862 3257 1932 frequentes
3295 1868 3383 1936 qui
3419 1883 3482 1922 ex
3527 1868 3606 1924 his
3632 1885 3876 1940 sequuntur

2355 1946 2526 2001 morbi
2556 1962 2748 2016 corpus
2779 1950 3038 2020 afﬂigunt,
3079 1953 3264 2010 ﬂorem
3293 1959 3464 2012 :etatis
3489 1960 3758 2016 marcidum
3783 1962 3877 2015 red-

2353 2036 2502 2101 dunt,
2537 2038 2930 2110 invalidumque
2960 2043 3250 2113 voluptatis
3273 2047 3451 2101 calcar
3477 2047 3698 2104 faciunt:
3726 2052 3768 2104 in
3793 2053 3874 2104 vir-

2353 2129 2475 2198 gine
2502 2139 2679 2184 autem
2707 2132 3089 2188 cohabitatrice
3114 2136 3244 2189 nihil
3273 2137 3464 2192 horum
3492 2141 3729 2208 reperies.
3753 2142 3880 2195 Abest

2353 2222 2494 2276 enim
2521 2223 2726 2289 coitus,
2773 2225 2860 2294 qui
2907 2236 3111 2281 nature
3159 2235 3416 2299 impetum
3458 2230 3707 2302 deprimat
3729 2244 3776 2288 et
3803 2234 3878 2286 Oil-

2354 2313 2568 2378 tundat;
2601 2329 2771 2384 neque
2801 2315 3015 2371 dolores
3041 2327 3255 2386 partus,
3289 2337 3465 2391 neque
3496 2338 3758 2392 puerorum
3783 2322 3882 2377 edu-

2352 2407 2592 2461 Cationes
2618 2422 2834 2462 carnem
2877 2425 3211 2466 marcescere
3250 2410 3490 2469 faciunt:
3518 2414 3606 2468 sed
3638 2413 3880 2484 iuvenilem

2353 2496 2586 2564 vigorem
2617 2497 2708 2550 diu
2736 2507 3050 2560 conservat,
3091 2511 3276 2570 utpote
3307 2503 3507 2558 intacta
3538 2519 3761 2558 manens.
3789 2504 3885 2557 Po-t

2325 2597 2534 2654 -partus
2560 2587 2702 2641 enim
2750 2597 2802 2642 et
2830 2589 3177 2646 educationes
3221 2609 3508 2662 puerorum
3557 2610 3761 2664 corpora
3784 2611 3885 2648 uxo-

2351 2691 2468 2730 rum
2499 2675 2788 2731 inﬁrmiora
2819 2680 2985 2744 lium;
3023 2682 3126 2735 illa
3165 2693 3340 2738 autem
3369 2701 3539 2756 usque
3568 2688 3615 2740 in
3643 2685 3885 2756 quadrage-

2349 2769 2543 2824 simum
2572 2786 2768 2826 annnm
2796 2773 2848 2827 in
2874 2790 2965 2828 sua
2994 2787 3306 2845 permanent
3326 2778 3523 2844 forma,
3555 2789 3606 2834 ct
3625 2796 3733 2833 cem
3760 2780 3884 2848 virgi-

2352 2859 2635 2928 mousjani
2667 2862 2940 2918 cloeandis
2979 2875 3206 2920 certant.
3248 2867 3384 2922 Hinc
3415 2879 3495 2924 est
3533 2869 3667 2939 quod
3707 2868 3884 2923 cohabi-

2351 2957 2527 3005 tantes
2548 2951 2744 3021 duplici
2773 2957 2892 3024 igne
2917 2959 3314 3023 accenduntur;
3345 2976 3472 3015 nam
3495 2971 3548 3016 et
3569 2961 3720 3017 ardor
3739 2976 3886 3013 eorum

2351 3059 2455 3099 non
2485 3047 2830 3117 restinguitur
2847 3051 2988 3104 coitu
3013 3053 3093 3107 eis
3115 3054 3420 3125 interdicto,
3459 3068 3512 3112 et
3543 3058 3738 3112 ardoris
3756 3057 3889 3110 {ciues

2349 3148 2530 3190 manet
2573 3139 2703 3193 redd
2731 3151 2920 3211 torque
2949 3144 3192 3200 validior.
3222 3147 3372 3202 Hanc
3415 3165 3517 3220 ego
3556 3149 3704 3219 lmjus
3736 3157 3888 3203 contu-

2349 3225 2518 3282 bernii
2549 3243 2762 3284 causam
2795 3233 3069 3302 suspicor;
3113 3236 3206 3290 sed
3236 3253 3303 3292 ne
3327 3240 3487 3294 valde
3527 3251 3889 3295 succenseam:

2348 3317 2460 3381 eis,
2507 3333 2680 3389 neque
2723 3320 2966 3378 difﬁciles
3011 3327 3177 3381 simus
3216 3337 3270 3381 ct
3311 3329 3624 3399 importuni.
3665 3330 3782 3384 Nam
3819 3329 3890 3396 qui

2348 3426 2548 3480 :egrum
2572 3414 2682 3467 vult
2710 3416 3006 3482 restituere,
3041 3434 3146 3473 non
3175 3419 3276 3475 hoc
3294 3423 3405 3492 agit
3425 3424 3503 3478 ira
3527 3433 3580 3478 ct
3604 3420 3889 3482 verberibus,

2349 3502 2440 3556 sed
2471 3504 2626 3556 oll‘ert
2671 3505 2952 3575 pharmaca
2979 3524 3101 3564 cum
3133 3526 3320 3578 magna
3351 3527 3482 3567 cura
3523 3522 3576 3570 et
3612 3510 3786 3568 blanda
3821 3508 3891 3560 ad-

2349 3591 2668 3649 hortatione.
2717 3595 2922 3651 Etenim
2970 3599 3013 3654 si
3045 3599 3112 3655 ab
3143 3601 3245 3657 illis
3275 3617 3468 3671 pmnas
3503 3613 3742 3673 expetere
3768 3599 3890 3654 nobis

2346 3687 2675 3755 prepositum
2707 3698 2876 3754 esset,
2912 3700 2966 3762 et
2992 3692 3033 3744 si
3056 3691 3292 3760 judicnm
3319 3695 3566 3750 ordinem
3601 3705 3892 3751 teneremus,

2347 3777 2608 3848 indignari
2637 3792 2940 3852 oporteret;
2973 3785 3066 3839 scd
3087 3787 3130 3841 si
3159 3787 3250 3840 illo
3279 3788 3504 3847 dimisso
3527 3788 3826 3844 medicorum
3850 3795 3892 3836 et

2346 3885 2539 3926 curare
2568 3874 2856 3928 volentium
2885 3892 3081 3932 munus
3110 3880 3498 3948 suscipiamus,
3530 3881 3743 3945 hortari,
3768 3880 3892 3931 obse-

2345 3977 2514 4027 crare,
2547 3974 2618 4026 et.
2652 3967 2694 4019 si
2718 3981 2850 4034 opus
2871 3968 2959 4033 sit,
2987 3984 3154 4038 genua
3184 3979 3400 4040 tangere
3429 3988 3565 4040 opus
3590 3985 3686 4037 est,
3710 3980 3760 4025 ut
3779 3968 3892 4038 Quod

2344 4053 2606 4122 agendum
2635 4057 2964 4124 suscepimus
2991 4059 3343 4126 perﬁciamus.
3386 4061 3554 4133 Igitur
3587 4062 3892 4132 quemadmo-

2344 4145 2468 4198 dum
2499 4146 2724 4212 medici,
2755 4149 2840 4215 qui
2872 4164 3042 4218 a'gros
3067 4166 3094 4204 a
3127 4151 3245 4204 cibo
3271 4153 3352 4206 vel
3379 4165 3510 4222 potu
3541 4154 3723 4207 nociva
3744 4162 3894 4203 arcere

2344 4241 2588 4309 cupiunt,
2627 4243 2748 4297 licet
2777 4244 2862 4297 illa
2903 4247 3118 4299 mixtam
3161 4247 3391 4302 habeant
3420 4251 3771 4319 voluptatem,
3798 4255 3896 4298 ante

2343 4331 2520 4383 omnia
2571 4341 2746 4386 tamen
2799 4335 3116 4402 persuadent
3155 4336 3328 4392 inesse
3376 4340 3480 4394 illis
3527 4350 3717 4410 przeter
3760 4351 3891 4390 nocu-

2343 4433 2520 4476 menta
2549 4425 2708 4478 etiam
2751 4425 2974 4480 multum
3008 4430 3374 4493 insuavitatis;
3415 4433 3495 4485 sic
3536 4444 3593 4486 et
3635 4447 3729 4485 nos
3764 4428 3897 4482 iacia-

2341 4529 2482 4578 mus,
2505 4519 2972 4572 commonstrando
2995 4521 3096 4574 illis
3117 4521 3258 4589 quod
3279 4523 3607 4577 eohabitatio
3628 4525 3730 4582 illa.
3752 4537 3896 4588 quam

2342 4604 2421 4657 vis
2444 4605 2620 4659 Suavis
2640 4615 2692 4659 et
2707 4607 2940 4676 jucunda
2962 4611 3220 4674 videatur,
3246 4615 3550 4681 perniciosa
3577 4615 3666 4679 sit,
3688 4623 3738 4668 et
3762 4609 3898 4664 nihilo

2341 4695 2530 4772 men"
2555 4712 2712 4765 quam
2756 4701 3043 4756 mortifera}
3072 4703 3332 4771 potiones.
3378 4706 3446 4760 Et
3480 4706 3690 4761 videtur
3717 4703 3895 4774 quidem

2341 4786 2562 4839 multam
2595 4789 2789 4843 habere
2825 4790 3092 4855 la-titiam,
3125 4795 3252 4849 la'et
3295 4805 3474 4851 tamen
3520 4798 3741 4852 multum
3768 4796 3812 4847 in
3849 4808 3898 4846 ea

2339 4877 2726 4941 amaritudinis,
2750 4896 2906 4947 quam
2934 4883 3144 4948 animm,
3173 4901 3291 4954 qua:
3314 4888 3676 4958 voluptatibus
3696 4887 3897 4939 obiecta-

2341 4975 2445 5028 tur,
2475 4966 2722 5023 infundit.
2747 4969 2875 5024 Nam
2901 4973 2989 5041 qui
3023 4991 3304 5042 persuasus
3335 4977 3584 5042 discedit,
3615 4993 3793 5034 secure
3811 4973 3901 5028 dis-

2339 5057 2498 5112 cedit.
2531 5057 2668 5114 Sane
2698 5061 2784 5130 qni
2829 5074 2970 5116 metu
3013 5075 3066 5121 et
3111 5069 3424 5122 necessitate
3452 5084 3483 5121 a
3515 5069 3706 5123 dilecta
3745 5066 3900 5134 sejun-

2339 5147 2499 5216 gitnr,
2533 5147 2718 5204 fortior
2744 5162 2950 5207 amator
2983 5156 3071 5218 lit,
3102 5167 3153 5208 et
3193 5147 3433 5212 hirui'ssis
3467 5161 3662 5214 iterum
3691 5157 3753 5212 ad
3781 5155 3900 5210 illum

2339 5241 2588 5306 accedet;
2621 5253 2669 5295 at
2714 5245 2756 5296 si
2805 5254 2859 5297 ut
2903 5261 3014 5299 rem
3057 5247 3367 5303 damnosam
3397 5260 3446 5302 et
3491 5265 3727 5304 amaram
3760 5248 3898 5314 fugit.

2342 5332 2743 5402 haudquaquam
2776 5335 2964 5389 iterum
2998 5341 3282 5394 revertitur
3307 5341 3373 5393 cl)
3403 5340 3676 5394 calculum
3711 5346 3899 5393 senten-

2341 5422 2596 5513 ti:e.su:c,
2636 5440 2753 5492 qme
2793 5427 2979 5494 φυγὴ,
3017 5431 3331 5484 necessitate
3362 5431 3651 5486 violentius
3687 5431 3754 5485 illi
3800 5442 3898 5495 νει·-

2338 5513 2542 5567 snadet.
2575 5516 2851 5581 Qtiomodo
2877 5536 3003 5588 ergo
3036 5523 3472 5580 persuadebimus
3500 5524 3632 5589 iliis,
3663 5521 3796 5592 quod
3820 5519 3900 5572 ὶιοε

2339 5617 2442 5655 non
2473 5605 2641 5657 solum
2675 5619 2894 5672 noceat,
2937 5610 3028 5664 sed
3073 5619 3127 5664 ct
3161 5627 3396 5670 amarum
3425 5614 3538 5668 sit?
3572 5614 3639 5667 Et
3666 5609 3899 5683 quouwdo

2338 5693 2512 5760 aliter,
2559 5711 2716 5764 quam
2761 5713 2824 5752 cx
2877 5700 2988 5768 ipsa
3035 5717 3210 5756 rerum
3258 5703 3486 5758 natura?
3536 5703 3901 5774 interregnum

2336 5798 2462 5852 ergo
2495 5801 2588 5840 eos
2610 5829 2625 5852 ,
2657 5788 2700 5840 si
2741 5791 2860 5860 quis
2903 5807 3083 5846 mensa
3114 5807 3416 5864 sumptuosa
3457 5799 3707 5866 apposita
3727 5838 3740 5860 ,
3769 5792 3900 5846 varii!

2335 5868 2762 5943 dulcissimisque
2803 5876 2957 5945 plena
2987 5877 3213 5946 eduliis,
3256 5879 3531 5936 denuntiet
3563 5879 3784 5934 smumis
3817 5875 3896 5930 mi-
