4138 6428
323 397 449 455 διθὸ

981 384 1261 443 CONTNA
1302 381 1432 437 EOS
1471 380 1587 447 QUI
1631 368 2264 433 SUBINTRODUCT.\S
2304 364 2578 422 IIABENT
2622 358 2967 418 VIRGINES.

3511 355 3610 409 496

1437 574 3613 613 Μ

1524 784 1679 861 [ηδ]
1733 792 1962 881 ΤΟΥ
2040 787 2418 878 ΑΥΤΟΥ

1058 1098 1232 1155 ΠΡΟΣ
1270 1099 1449 1153 ΤΟΥΣ
1497 1093 1818 1151 ΕΧΟΝΤΛΣ
1860 1087 2276 1145 ΠΑΡΘΕΝΟΥΣ
2314 1084 2845 1141 ΣΥΝΕΙΣΔΚΤΟΥΣ
2871 1094 2919 1138 ι.

389 1820 480 1867 α’.
528 1811 651 1866 Ἐπὶ
676 1810 773 1881 μὲν
794 1809 900 1863 τῶν
926 1809 1202 1880 προγόνων
1221 1809 1328 1863 τῶν
1359 1809 1641 1881 ἡμετέρων
1668 1807 1759 1861 δύο
1786 1808 1926 1872 τινὲς

322 1892 481 1971 ’ἦσαν
530 1899 830 1969 προφάσεις
874 1898 931 1951 αἱ
980 1896 1077 1959 τάς
1110 1897 1373 1964 γυναῖκας
1415 1892 1926 1963 συγκατοικίζουσαι

338 1988 455 2047 τοῖς
498 1982 752 2053 ἀνδράσι·
792 1981 890 2052 μία
931 1979 1029 2052 μὲν
1070 1982 1104 2051 ἡ
1152 1978 1246 2033 τοῦ
1270 1978 1474 2049 γάμου,
1503 1977 1705 2048 ἀρχαία
1734 1994 1793 2029 τε
1833 1976 1928 2029 καὶ

312 2056 522 2124 -δικαία
556 2065 651 2119 καὶ
686 2064 927 2133 εὔλογος,
963 2063 1058 2118 an
1091 2063 1183 2118 τὸν
1209 2063 1342 2116 Θεὸν
1373 2062 1571 2132 ἔχουσα
1594 2060 1888 2133 νομοθέτην
1909 2075 1923 2089 ·

352 2147 502 2203 Ἀντί
522 2148 631 2219 γάρ
656 2148 892 2211 τούτου,
925 2148 1077 2219 φησι.
1109 2147 1459 2216 καταλείψει
1488 2145 1800 2213 ἅνθρωπος
1823 2144 1929 2196 τὸν

314 2232 565 2303 .πατέρα
591 2232 776 2287 αὑτοῦ
806 2232 904 2285 καὶ
929 2232 1043 2299 τὴν
1066 2231 1312 2302 μητέρα,
1349 2230 1443 2285 καί
1472 2229 1928 2300 προσκολληθιίο

315 2334 510 2374 -σεται
562 2317 713 2385 πρὸς
752 2317 866 2386 τὴν
901 2316 1157 2385 γυναῖκα
1188 2317 1397 2379 αὐτοῦ,
1438 2317 1535 2371 καί
1587 2317 1831 2372 ἔσονται
1874 2318 1927 2369 οἱ

316 2403 450 2457 ’δύο
477 2404 564 2468 είς
594 2400 789 2470 σάρκα
810 2399 989 2469 μίαν·
1023 2400 1188 2471 ἑτέρα
1227 2400 1286 2453 δέ
1316 2401 1348 2470 ή
1395 2401 1494 2471 τῆς
1522 2400 1797 2472 πορνείας,
1832 2396 1928 2453 καὶ

332 2485 579 2556 νεωτέρα
607 2483 809 2554 ταύτης
839 2483 931 2536 καὶ
959 2481 1143 2547 ἄδικος
1170 2483 1263 2536 καὶ
1285 2483 1622 2552 παράνομος,
1653 2480 1750 2535 ἆτε
1776 2480 1927 2554 παρά

336 2567 448 2623 τῶν
478 2565 730 2638 πονηρῶν
759 2566 1124 2637 εἰσενεχθεῖσα
1152 2565 1441 2636 δαιμόνων.
1476 2565 1600 2620 Ἐπὶ
1633 2565 1687 2619 δὲ
1716 2565 1815 2636 τῆς
1835 2582 1927 2634 γε-

325 2654 466 2715 ’νεᾶς
487 2653 588 2722 τῆς
609 2650 882 2722 ἡμετέρας
910 2652 1004 2705 καὶ
1022 2650 1205 2720 τρίτος
1225 2650 1489 2722 ἐπενοήθη
1517 2650 1716 2720 τρόπος
1742 2650 1927 2715 καινός

335 2752 423 2798 τις
450 2735 542 2789 καὶ
564 2733 866 2805 παράδοξος
890 2735 982 2788 καὶ
1020 2735 1219 2807 πολλὴν
1248 2734 1385 2804 ἔχων
1416 2735 1516 2805 τὴν
1550 2734 1781 2803 ἀπορίαν
1813 2737 1927 2798 τοῖς

316 2818 684 2891 ’βουλομένοις
710 2817 812 2887 τὴν
844 2817 1024 2871 αἰτίαν
1052 2819 1253 2889 εὑρεῖν.
1289 2817 1407 2871 Εἰσὶ
1448 2818 1556 2889 γάρ
1582 2835 1726 2881 τινες
1750 2816 1799 2870 οἳ
1827 2817 1928 2886 γά-

339 2920 446 2972 μου
486 2901 580 2954 καὶ
629 2900 912 2965 συνουσίας
945 2901 1116 2972 χωρὶς
1154 2902 1322 2972 κόρας
1361 2900 1768 2971 ἀπειρογάμους
1798 2899 1927 2969 ἀγό⁹

339 3002 514 3057 μενοι,
561 2984 872 3049 καθίζουσιν
924 2983 1060 3037 οἴκοι
1101 2983 1410 3049 διαπαντὸς,
1448 2984 1538 3036 καὶ
1576 2985 1655 3044 είς
1700 2981 1927 3051 ἔσχατον

337 3070 515 3141 γῆρας
564 3070 775 3133 ἑαυτοῖς
826 3067 1364 3137 συγκατακλείουσιν,
1414 3066 1565 3120 οὔτε.
1588 3067 1680 3120 ἐπὶ
1741 3065 1928 3118 παιδο-

336 3152 491 3225 ποιίᾳ
516 3154 568 3215 ιι,
597 3153 659 3206 οὐ
688 3154 797 3223 γάρ
842 3168 1007 3221 φασιν
1047 3144 1239 3214 αὐταῖς
1278 3150 1647 3219 συγγίνεσθαι,
1701 3147 1824 3202 οὔτε
1868 3147 1929 3213 ἐξ

337 3235 653 3301 ἀκολασίας,
691 3234 912 3303 λέγουσι
949 3232 1056 3307 γάρ
1097 3234 1267 3297 αύτάς
1295 3232 1583 3305 ἀκεραίους
1615 3232 1924 3303 διατηρεῖν’

336 3321 453 3374 ἀλλ’
485 3320 578 3374 ἐάν
626 3336 708 3384 τις
746 3318 938 3390 ἔρηται
974 3318 1073 3389 τὴν
1110 3317 1324 3385 αἰτίαν,
1363 3319 1543 3389 έχουσι
1572 3318 1668 3388 μὲν
1703 3315 1925 3381 πολλὰς,

336 3406 436 3459 καὶ
469 3405 922 3477 μεμελετήκασιν,
949 3401 1169 3471 εῠλογον
1202 3402 1278 3465 δέ,
1306 3402 1383 3466 ὡς
1426 3401 1598 3472 ἔγωγε
1629 3396 1804 3472 οἶμαι,
1834 3404 1926 3456 ού-

315 3489 550 3560 ·δεμίαν,
577 3491 700 3544 οὐδὲ
730 3490 956 3562 σεμνήν.
991 3486 1152 3541 Ἀλλά
1186 3488 1350 3558 μήπω
1381 3488 1507 3557 περὶ
1533 3485 1758 3550 τούτων,
1791 3486 1927 3557 μηδὲ

318 3572 441 3636 ’τὰς
478 3572 699 3627 ἐκείνων
736 3573 875 3637 τέως
919 3571 1167 3644 λέγωμεν
1213 3569 1536 3643 προφάσεις,
1575 3569 1689 3624 ἀλλ’
1729 3569 1795 3641 ἢν
1831 3569 1924 3623 αύ-

336 3654 426 3709 τοὶ
478 3654 712 3726 μάλιστα
756 3654 1132 3723 ὑποπτεύομεν
1176 3647 1351 3715 εἶναι,
1386 3651 1588 3724 ταύτην
1631 3654 1711 3717 εἰς
1765 3652 1929 3723 μέσον

313 3738 656 3810 λάγάγωμεν.
692 3738 789 3803 Τίς
819 3735 911 3794 οὗν
955 3741 1101 3793 ἐστιν
1145 3736 1310 3806 αὕτηρς
1363 3738 1586 3800 Πάντως
1618 3737 1674 3791 δὲ
1718 3739 1767 3791 εί
1813 3737 1930 3790 δια-

316 3820 606 3896 ,μάρτοιμι
644 3822 737 3876 τοῦ
770 3821 994 3887 σκοποῦ,
1026 3820 1233 3886 ἔξεστιν
1269 3819 1625 3874 ἐπιλαϐέσθαι
1656 3822 1769 3885 τοῖς
1804 3820 1929 3890 βου-

332 3905 586 3977 λομένοις
616 3904 790 3977 ὑμῶν.
825 3906 922 3970 Τίς
952 3902 1045 3960 οὖν
1073 3907 1271 3975 ἐστινὴ
1308 3904 1609 3976 πρόφασιςς
1639 3907 1797 3959 Δοκεῖ
1838 3904 1928 3976 μοί

335 4005 459 4042 τινα
503 3989 697 4062 ἡδονὴν
741 3989 884 4059 ἔχειν
933 3990 995 4043 τὸ
1048 3991 1316 4044 συνοικεῖν
1361 3987 1625 4057 γυναιξὶν.
1662 3988 1723 4041 ού
1779 3988 1931 4059 νόμῳ

334 4071 516 4143 γάμου
551 4072 729 4142 μόνον,
765 4071 903 4125 άλλά
934 4073 1029 4125 καὶ
1057 4072 1235 4142 γάμου
1278 4072 1372 4124 καὶ
1414 4070 1701 4134 συνουσίας
1737 4071 1924 4142 χωρίς.

318 4155 404 4207 τιΕί
432 4155 489 4208 δὲ
517 4156 618 4208 οὐκ
645 4153 821 4223 ὀρθῶς
848 4153 1012 4215 δοκῶ,
1042 4154 1222 4223 λέγειν
1251 4155 1350 4207 οὐκ
1385 4153 1522 4224 ἔχω·
1559 4153 1660 4224 τὴν
1692 4152 1802 4222 γάρ
1830 4155 1930 4222 ἐμ-

334 4236 504 4293 αυτοῦ
527 4238 663 4303 τέως
687 4239 816 4310 ύμῖν
844 4236 1137 4310 διηγοῦμαι
1173 4237 1398 4309 γνώμην
1420 4255 1431 4265 ’
1464 4238 1603 4308 τάχα
1640 4238 1698 4291 δὲ
1736 4238 1795 4291 ού
1828 4238 1927 4308 τὴν

316 4321 577 4394 ἐμαυτοῦ
615 4321 792 4392 μόνον,
840 4321 975 4376 άλλά
1023 4321 1117 4375 καὶ
1162 4320 1262 4393 τὴν
1322 4320 1502 4373 αὐτῶν
1544 4321 1801 4375 ἐκείνων·
1845 4322 1927 4375 ὅτι

332 4404 449 4478 γάρ
477 4405 572 4459 καὶ
611 4405 841 4470 ἐκείνοις
868 4403 1012 4458 οὕτω
1054 4404 1219 4470 δοκεῖ,
1246 4404 1404 4474 δῆλον
1450 4403 1675 4458 ἐκεῖθεν.
1712 4404 1787 4457 Οὐ
1819 4404 1928 4477 γάρ

322 4491 409 4547 ’ἂν
460 4488 730 4561 τοσαύτης
790 4488 1201 4562 κατεφρόνησαν
1271 4488 1430 4560 δόξης
1500 4489 1596 4541 καὶ
1660 4489 1929 4544 τοσούτων

332 4571 673 4637 σκανδάλων,
709 4574 758 4627 εἰ
800 4573 875 4645 μὴ
913 4573 1121 4645 σφοδρά
1159 4590 1244 4638 τις
1274 4568 1342 4644 ἦν
1378 4573 1472 4626 καὶ
1500 4572 1796 4645 τυραννικὴ
1828 4573 1930 4643 τῆς

331 4658 706 4726 συνοικήσεως
746 4656 950 4729 ταύτης
983 4659 1015 4728 ἡ
1045 4657 1228 4728 ἡδονή.
1266 4656 1330 4710 Et
1371 4654 1426 4709 δέ
1459 4673 1604 4721 τινες
1646 4654 1929 4727 δυσχεραί-

337 4756 482 4794 νοιεν
516 4738 688 4793 ταῦτα
725 4740 992 4808 λεγόντων
1040 4739 1222 4812 ἡμῶν,
1279 4741 1691 4813 παραιτήσομαι
1743 4757 1932 4811 συγγι-

334 4821 570 4879 νώσκειν
612 4824 775 4894 ἡμῖν,
825 4813 921 4877 καὶ
966 4822 1042 4892 μὴ
1093 4823 1453 4891 ἀγανακτεῖν’
1498 4824 1557 4877 ού
1604 4823 1712 4897 γὰρ
1764 4823 1928 4889 ἐκὼν,

332 4905 461 4960 οὐδὲ
495 4906 680 4970 ἁπλῶς
707 4907 807 4977 τὴν
836 4905 1130 4976 ἀπέχθειαν
1161 4905 1519 4972 ἀναδέξασθαι
1559 4908 1761 4979 ταύτην
1789 4908 1930 4961 εἱλό-

338 5007 475 5062 μην.
522 4989 632 5060 υύχ
680 4988 853 5053 οὕτως
897 4989 1077 5052 ἄθλιος
1131 4988 1243 5058 ἐγὼ
1293 4989 1388 5042 καὶ
1437 4989 1814 5063 ταλαίπωρος,
1855 4992 1931 5058 ὡς

338 5074 465 5145 εἰκῆ
501 5072 781 5145 βούλεσθαι
814 5071 1175 5145 προσκρούειν
1227 5073 1458 5127 ἆπασιψ
1508 5073 1622 5127 ἀλλ’
1659 5075 1931 5147 ὀδυνῶμαι

342 5155 549 5228 σφόδρα
580 5156 677 5210 καὶ
723 5154 873 5224 ἀλγῶ
910 5157 1004 5209 καὶ
1040 5156 1140 5228 τὴν
1190 5155 1284 5209 τοῦ
1337 5155 1473 5210 θεοῦ
1519 5156 1676 5224 δόξαν
1717 5157 1932 5229 ὑϐριζο-

343 5239 517 5312 μένην
557 5239 719 5312 ὁρῶν,
767 5239 862 5293 καὶ
907 5240 1007 5310 τὴν
1059 5238 1166 5293 τῶν
1212 5240 1424 5295 πολλῶν
1470 5242 1743 5313 σωτηρίαν
1789 5241 1931 5296 κατὰ

340 5323 540 5394 μικρὸν
589 5322 960 5395 ὑπορρέουσαν
1010 5322 1100 5376 διά
1148 5324 1245 5397 τὴν
1291 5324 1484 5396 ἡδονὴν
1530 5325 1754 5396 ταύτην.
1809 5327 1931 5380 ’Ότι

339 5406 452 5477 γὰρ
484 5406 582 5477 ἡδὺ
605 5405 769 5460 ’τοῦτο
796 5406 892 5461 καὶ
927 5405 1021 5461 τοῦ
1051 5407 1201 5479 νόμῳ
1229 5408 1411 5479 γάμου
1443 5411 1711 5464 συνοικεῖν
1738 5409 1933 5482 δριμύ-

340 5506 501 5561 τερον
534 5488 647 5561 ἐχει
682 5488 774 5543 τδν
816 5489 1013 5562 ἔρωτα,
1043 5490 1139 5545 νῦν
1172 5491 1270 5561 μὲν
1310 5492 1440 5555 ἴσως
1487 5493 1581 5546 καὶ
1613 5492 1929 5565 θορυϐεῖσθε

342 5571 652 5638 ἀκούοντες,
688 5572 827 5643 μετά
857 5573 914 5626 δὲ
947 5572 1044 5645 τὴν
1075 5574 1348 5639 ἀπόδειξιν
1378 5574 1472 5628 καὶ
1511 5575 1665 5629 αὐτοὶ
1704 5593 1933 5648 συνομο-

338 5657 624 5729 λογήσετε.
665 5657 789 5710 Ἐπὶ
822 5658 927 5748 μὲνΔ
954 5658 1064 5730 γάρ
1097 5658 1198 5730 τῆς
1230 5658 1454 5729 ἐννόμου
1484 5660 1742 5728 γυναικὸς
1774 5662 1808 5733 ἡ
1839 5660 1932 5733 μί-

402 5786 434 5817 ³
454 5784 674 5863 ΤὶίλιιιιεΑ
688 5786 765 5860 βία
808 5786 963 5835 habet
999 5787 1050 5859 in
1074 5785 1656 5863 διιιγίιέιεᾲδρυςξηοιειτὸμου2
1684 5788 1801 5863 πρός
1821 5790 1932 5863 τούς

339 5851 538 5914 ἔχοντας
556 5847 809 5914 παρθένους
828 5846 1180 5909 συνεισάκτους,
1205 5845 1378 5898 More].
1392 5845 1491 5896 Τοῦ
1512 5845 1660 5896 αὐτοῦ
1686 5845 1802 5913 πρὸς
1819 5845 1930 5908 τοὺς

338 5907 690 5970 ὧνεισάκτους,
699 5909 892 5970 ἔχοντας
898 5944 911 5956 .

406 5972 432 6012 h
461 5970 541 6018 εἰς
564 5967 945 6020 Ξτινίὶιξὶκπιεὶηιρ.
977 5968 1203 6020 ίῗιίίιιρτξιί
1243 5969 1401 6019 Μοιιίί
1430 5970 1746 6024 παιδοποιίας.
1784 5971 1923 6022 Enn.

2028 1807 2109 1874 εις
2140 1804 2415 1869 ἀκώλυτος
2441 1802 2594 1871 οὖσα,
2625 1806 2715 1860 τόν
2761 1825 2816 1860 τε
2852 1808 3014 1861 πόθον
3050 1812 3494 1884 παρεμυθήσατο,
3520 1818 3611 1873 καὶ

2025 1890 2105 1952 εἰς
2138 1888 2297 1960 κόρον
2329 1888 2587 1953 πολλάκις
2629 1890 2719 1942 τὸν
2756 1890 2921 1962 ἄνδρα
2963 1892 3160 1962 ἤγαγε,
3210 1895 3305 1951 καὶ
3345 1897 3442 1966 τὴν
3483 1916 3610 1967 ego.

2026 1970 2158 2040 δράν
2184 1971 2479 2024 κατέλυσεν
2508 1971 2824 2041 ἐπιθυμίαν.
2856 1974 2964 2027 Καὶ
2997 1977 3165 2048 χωρὶς
3197 1978 3252 2031 δὲ
3290 1978 3495 2032 τούτων
3521 1982 3617 2035 καὶ

2027 2054 2210 2119 ὠδῖνες
2238 2055 2330 2108 καὶ
2364 2057 2510 2109 τόκοι
2555 2055 2650 2109 καὶ
2700 2055 3027 2110 παιδοποιίαι
3074 2060 3170 2112 καὶ
3213 2061 3613 2134 παιδοτροφίαι,

2027 2138 2122 2193 καὶ
2145 2137 2212 2192 τὰ
2242 2141 2303 2218 ἐκ
2336 2139 2539 2192 τούτων
2570 2139 2812 2209 ἑπόμενα
2841 2140 3038 2212 συνεχῆ
3065 2143 3367 2215 νοσήματα,
3401 2148 3618 2218 πολιορ-

2028 2219 2229 2275 κοῦντα
2261 2216 2410 2293 [2‘29]
2437 2221 2497 2274 τὸ
2532 2221 2692 2293 σῶμα
2724 2223 2819 2277 καὶ
2862 2225 3196 2296 μαραίνοντα
3237 2227 3299 2279 τὸ
3328 2227 3486 2292 ἄνθος
3520 2216 3619 2299 τῆς

2028 2302 2197 2373 ῶρας,
2221 2302 2604 2374 ἀσθενέστερον
2625 2304 2687 2358 τὸ
2712 2306 2935 2376 κέντρον
2959 2307 3253 2377 ἐργάζεται
3274 2310 3372 2381 τῆς
3398 2311 3615 2381 ὴδονῆς.

2040 2387 2162 2441 Ἐπὶ
2185 2387 2242 2440 δὲ
2272 2386 2369 2456 τῆς
2398 2386 2665 2458 παρθένου
2693 2389 2845 2441 οὐδὲν
2870 2389 3073 2443 τούτων
3103 2390 3182 2444 ἔνι
3200 2406 3213 2421 ⁸
3237 2391 3361 2445 οὔτε
3389 2393 3497 2464 γάρ
3531 2396 3619 2464 μί-

2030 2469 2111 2535 ξις
2141 2470 2257 2523 ἐστὶ
2302 2470 2393 2523 τὸν
2434 2466 2647 2542 οἶστρον
2681 2471 2780 2541 τῆς
2825 2472 3039 2542 φύσεως
3085 2473 3357 2546 δυναμένη
3389 2477 3618 2547 χαλάσαι

2027 2553 2123 2606 καὶ
2166 2555 2537 2621 κατενεγκεῖν,
2573 2552 2695 2606 οὔτε
2730 2554 2916 2618 ὠδῖνες
2958 2557 3051 2609 καὶ
3103 2557 3481 2627 παιδοτροφίαι
3524 2560 3618 2633 τὴν

2030 2637 2208 2707 σάρκα
2262 2636 2653 2707 μαραίνουσιν,
2708 2637 2823 2691 ἀλλ’
2870 2639 3099 2693 ἐπιπολὺ
3148 2639 3467 2706 διασώζουσι
3522 2644 3620 2715 τὴν

2028 2718 2232 2791 ἀκμὴν,
2250 2719 2345 2772 ἀτε
2377 2720 2644 2790 ἀνέπαφοι
2673 2720 3046 2791 μένουσαιτῶν
3070 2722 3336 2778 ἐντεῦθεν.
3358 2726 3478 2781 Τῶν
3519 2729 3618 2798 μὲν

2029 2802 2138 2874 γάρ
2173 2803 2534 2874 γαμουμένων
2581 2806 2719 2875 μετὰ
2749 2806 2875 2868 τοὺς
2907 2806 3102 2869 τόκους
3144 2809 3239 2861 καὶ
3286 2810 3382 2872 τάς
3433 2811 3620 2865 παιίο-

2027 2885 2256 2959 τροσίας
2284 2884 2648 2959 ἀσθενέστερα
2677 2886 2747 2942 τὰ
2788 2886 3012 2958 σώματα
3049 2889 3287 2957 γίνεται,
3340 2893 3396 2944 αἱ
3430 2892 3485 2946 δὲ
3528 2896 3621 2947 καὶ

2029 2971 2108 3032 είς
2140 2969 2575 3041 τεσσαρακοστὸν
2620 2970 2738 3034 ἔτος
2791 2971 3067 3043 μένουσιν.
3107 2972 3483 3045 ἁμιλλώμεναι
3515 2978 3622 3029 τῶν

2030 3051 2314 3123 παρθένων
2356 3055 2475 3115 ταῖς
2512 3051 3015 3123 θαλαμευομέναις’
3050 3054 3172 3111 ὅθεν
3208 3056 3372 3112 διπλᾶ
3416 3059 3481 3113 τά
3524 3062 3624 3128 τῆς

2032 3135 2330 3205 ἐπιθυμίας
2352 3133 2624 3206 ἐγείρεται
2666 3137 2780 3198 τοῖς
2825 3136 3163 3191 συνοικοῦσιν
3204 3141 3414 3206 αὑταῖς,
3445 3142 3524 3212 τῷ
3561 3160 3621 3196 τε

2035 3218 2110 3290 μὴ
2139 3218 2537 3289 συγχωρεῖσθαι
2569 3220 2636 3289 τῇ
2672 3218 2815 3289 μίξει
2845 3218 2935 3273 τὸν
2968 3219 3131 3274 πόθον
3159 3224 3620 3293 παραμυθεῖσθαι,

2032 3305 2124 3357 καὶ
2156 3302 2236 3373 τῷ
2263 3302 2446 3375 μένειν
2479 3301 2708 3356 ἐπιπολὺ
2740 3302 2832 3355 τοῦ
2866 3303 3032 3357 πόθου
3065 3304 3163 3377 τὴν
3198 3307 3451 3361 ὑπόθεσιν
3483 3312 3625 3382 ἰσχυ-

2033 3387 2282 3459 ροτέραν.
2314 3384 2531 3457 Ταύτην
2569 3386 2858 3439 ὑποπτεύω
2901 3388 3167 3459 πρόφασιν
3195 3386 3332 3444 εἶναι
3371 3391 3480 3460 ἐγὼ
3524 3394 3624 3465 τῆς

2029 3470 2362 3542 ὁμοσκηνίας
2387 3469 2609 3541 ταύτης.
2641 3470 2800 3524 Ἀλλά
2835 3470 2907 3542 μὴ
2934 3473 3331 3545 ἀγανακτῶμεν
3361 3475 3495 3547 πρὸς
3523 3478 3623 3530 αὐ-

2029 3555 2179 3620 τοὺς,
2219 3554 2353 3625 μηδὲ
2377 3552 2818 3625 δυσχεραίνωμεν
2838 3569 2853 3585 ο
2886 3555 3059 3619 οὐδεὶς
3095 3556 3204 3627 γάρ
3230 3559 3320 3612 τὸν
3348 3560 3624 3630 κάμνοντα

2031 3636 2333 3706 ἀναστῆσαι
2387 3635 2707 3706 βουλόμενος
2761 3636 2876 3707 μετ’
2924 3637 3093 3709 ὀργῆς
3136 3641 3231 3692 καὶ
3282 3641 3624 3713 ἐπιπλήξεως

2029 3718 2185 3772 τοῦτο
2223 3722 2392 3782 ποιεῖ,
2424 3719 2559 3774 ἀλλά
2592 3719 2728 3791 μετὰ
2762 3719 3057 3791 θεραπείας
3089 3723 3182 3776 καὶ
3226 3726 3624 3795 παρακλήσεως

2031 3803 2299 3874 προσάγει
2349 3804 2417 3856 τὰ
2476 3803 2761 3875 φάρμακα.
2828 3804 2936 3856 Καὶ
2987 3804 3095 3876 γάρ
3150 3807 3198 3861 εἰ
3252 3805 3352 3877 μὲν
3398 3808 3621 3862 κολάσαι

2031 3884 2342 3960 προῦκειτο,
2377 3887 2471 3940 καὶ
2506 3886 2605 3957 τὴν
2650 3887 2758 3943 τῶν
2801 3886 3129 3951 δικαζόντων
3174 3887 3391 3961 εἴχομεν
3447 3890 3621 3955 τάξιν,

2031 3969 2199 4041 ἐχρῆν
2224 3970 2320 4023 καὶ
2343 3971 2671 4039 ἀγανακτεῖν
2688 3988 2700 4000 ·
2726 3972 2774 4024 εί
2807 3970 2864 4024 δὲ
2892 3971 3107 4042 ἐκείνην
3134 3971 3363 4041 ἀφέντες
3388 3972 3487 4045 τὴν
3514 3973 3622 4027 τῶν

2034 4052 2234 4123 ἰατρῶν
2282 4053 2375 4107 καὶ
2426 4052 2761 4124 θεραπεῦσαι
2821 4052 3161 4123 βουλομένων
3209 4054 3622 4126 μεταλαμϐάνο-

2034 4150 2153 4204 μεν,
2195 4133 2532 4206 παρακαλεῖν
2577 4136 2683 4205 χρὴ
2731 4136 2824 4186 καὶ
2875 4134 3125 4198 δέεσθαι,
3176 4137 3270 4188 καὶ
3320 4137 3518 4201 αὐτῶν,
3570 4142 3619 4190 ει

2028 4214 2158 4278 δέοι,
2192 4215 2300 4269 τῶν
2327 4215 2567 4284 γονάτων
2596 4216 2885 4276 ἅπτεσθαι.
2920 4216 3059 4270 ὥστε
3093 4216 3344 4286 γενέσθαι
3368 4218 3428 4271 τὸ
3455 4235 3621 4272 σπου-

2029 4296 2344 4369 δαζόμενον.
2387 4297 2655 4371 Καθάπερ
2686 4293 2780 4352 οῦν
2821 4301 2869 4352 οἰ
2908 4300 3084 4371 ἰατροὶ
3124 4297 3236 4354 τῶν
3274 4301 3619 4371 βλαπτόντων

2035 4381 2156 4452 μὲν,
2184 4380 2376 4453 ἡδονὴν
2399 4381 2456 4435 δὲ
2499 4382 2731 4454 ἐχόντων
2779 4383 3103 4452 ἀπάγοντες,
3134 4383 3245 4437 εἴτε
3275 4385 3478 4452 σιτίων,
3507 4387 3619 4462 εἴτε

2032 4466 2212 4519 ποτῶν
2237 4506 2251 4531 ,
2304 4464 2463 4520 τοῦτο
2491 4467 2596 4541 πρὸ
2630 4467 2738 4521 τῶν
2770 4466 2943 4522 ἄλλων
2982 4466 3227 4521 πείθουσι
3274 4470 3400 4533 τοὺς
3433 4471 3618 4544 ἀρρώ-

2034 4565 2210 4613 στους,
2237 4549 2319 4602 ὃτι
2351 4548 2411 4602 τὸ
2443 4551 2681 4606 τοιοῦτον
2717 4548 2854 4623 μετά
2892 4550 2989 4620 τῆς
3030 4548 3232 4622 βλάϐης
3279 4552 3478 4623 πολλὴν
3508 4554 3621 4626 ἔχει

2032 4632 2126 4686 καὶ
2151 4632 2250 4702 τὴν
2275 4632 2466 4709 ἀηδίαν
2487 4650 2499 4663 ·
2531 4632 2675 4688 οὕτω
2704 4635 2796 4689 καὶ
2828 4636 2989 4705 ἡμεῖς
3021 4633 3284 4705 ποιῶμεν,
3315 4633 3621 4701 δεικνύντες

2035 4716 2239 4781 αὐτοῖς,
2266 4716 2348 4769 ὃτι
2383 4718 2416 4787 ἡ
2451 4717 2640 4788 ἡδίστη
2673 4717 2811 4789 αὕτη
2847 4718 3157 4787 συνοίκησις
3184 4716 3350 4771 πολυν
3384 4719 3496 4790 ἔχει
3526 4722 3620 4774 τὸν

2032 4797 2250 4869 ὄλεθρον
2275 4837 2289 4861 ,
2335 4800 2429 4852 καὶ
2476 4800 2587 4853 τῶν
2634 4800 2975 4873 δηλητηρίων
3017 4801 3166 4854 οὐδὲν
3206 4801 3428 4874 ἄμεινον
3481 4821 3621 4875 φαρ-

2037 4883 2224 4954 μάκων
2247 4883 2701 4939 κατεσκεύασται.
2721 4886 2832 4939 Καὶ
2853 4885 3000 4938 δοκεῖ
3020 4885 3118 4956 μὲν
3140 4886 3477 4959 εὐφροσύνην
3496 4887 3621 4942 τινὰ

2034 4965 2200 5037 ἔχειν,
2231 4965 2435 5038 πολλὴν
2481 4967 2537 5020 δὲ
2590 4967 3151 5040 ἐναποκεκρυμμένην
3192 4969 3497 5041 δριμύτητα
3524 4971 3618 5024 καὶ

2036 5049 2264 5121 πικρίαν
2317 5050 2576 5121 καταχέει
2627 5052 2728 5122 τῆς
2771 5050 3040 5124 ήδομένης
3089 5052 3298 5123 ψυχῆς·
3351 5054 3473 5106 ἐπεὶ
3524 5055 3617 5108 καὶ

2033 5134 2233 5205 αὐτὴὴ
2270 5133 2410 5204 μετὰ
2445 5134 2668 5200 πειθοῦς
2716 5134 3064 5208 ἀναχώρησις
3107 5136 3372 5209 ἀσφαλής.
3415 5136 3475 5190 Ὀ
3519 5139 3618 5208 μὲν

2034 5215 2145 5287 γὰρ
2176 5214 2327 5286 φόϐῳ
2359 5216 2460 5286 τῆς
2483 5219 2816 5291 φιλουμένης
2835 5219 3292 5290 διαζευγνύμενος
3318 5221 3411 5273 καὶ
3445 5221 3616 5292 ἀνάγ-

2034 5314 2127 5372 κῃ,
2174 5299 2527 5372 σφοδρότερός
2575 5318 2637 5356 τε
2665 5303 2903 5374 ἐραστὴς
2932 5303 3160 5373 γίνεται,
3206 5302 3302 5355 καὶ
3346 5303 3474 5367 ίσως
3523 5306 3618 5358 καὶ

2034 5381 2293 5453 ἐπανήξει
2327 5383 2489 5438 πάλιν
2508 5401 2522 5415 ·
2564 5386 2592 5440 ὁ
2616 5386 2671 5440 δὲ
2699 5386 2794 5440 τοῦ
2823 5386 3147 5458 πράγματος
3173 5386 3496 5455 καταγνοὺς,
3524 5389 3618 5442 καὶ

2032 5463 2177 5519 οὕτω
2210 5465 2397 5536 φυγὼν
2432 5468 2507 5534 ώς
2537 5470 2832 5535 ἐπιδλαϐὲς
2878 5471 2974 5524 καὶ
3006 5468 3226 5542 πικρὸν,
3257 5469 3365 5523 οὐδ’
3397 5470 3462 5525 ἂν
3492 5472 3617 5527 ἐπι-

2034 5549 2316 5622 στρέψειεν
2348 5547 2523 5621 αὖθις,
2555 5555 2655 5626 τὴν
2688 5557 2752 5609 ἐκ
2787 5555 2889 5625 τῆς
2926 5553 3133 5618 οἰκείας
3169 5553 3394 5626 γνώμης
3438 5555 3621 5627 ψῆφον

2032 5634 2217 5704 πάσης
2249 5635 2498 5708 ἀνάγκης
2533 5637 2672 5708 ἔχων
2706 5638 3084 5710 ἰσχυροτέραν.
3120 5638 3246 5702 Πῶς
3274 5634 3368 5692 οὗν
3421 5641 3620 5706 αὐτοὺς

2031 5715 2316 5788 πείσομεν,
2369 5720 2452 5773 ὅτι
2497 5721 2557 5774 ού
2607 5720 2872 5794 βλαϐερὸν
2903 5720 3063 5775 τοότο
3116 5722 3299 5793 μόνον,
3348 5723 3483 5779 ἀλλά
3524 5726 3620 5780 καὶ

2031 5799 2258 5868 πικρόν;
2283 5801 2407 5866 Πῶς
2433 5802 2489 5856 δὲ
2528 5803 2705 5866 ἄλλως
2743 5803 2775 5875 ἢ
2806 5802 2866 5868 ἐξ
2895 5804 3067 5876 αὐτῆς
3090 5805 3189 5877 τῆς
3215 5807 3323 5861 τῶν
3358 5808 3624 5880 πραγμάο

2025 5882 2414 5966 τωνφύσεωκ
2460 5885 2747 5957 Ἐρώμεθα
2774 5882 2869 5941 οὖν
2898 5887 3119 5953 αὐτοὺς.
3151 5891 3204 5944 εί
3239 5907 3322 5954 τις
3350 5888 3617 5959 πολυτελῆ

2024 5965 2308 6037 τράπεζαν
2361 5967 2648 6038 παραθεὶς,
2686 5968 2899 6022 πολλῶν
2929 5971 3023 6024 καὶ
3068 5971 3303 6043 ἡδίστων
3340 5973 3615 6042 γέμουσαν
