4138 6454
595 403 697 459 49⁸1

590 517 926 591 ἐδεσμάτων,
946 513 1292 586 ἀπηγόρευσε
1314 524 1337 553 α
1360 512 1499 584 μετά
1534 511 1770 584 σφοδρᾶς
1798 510 1895 591 τῆς
1927 508 2177 578 ἀπειλῆς,

596 600 672 674 μὴ
711 590 982 655 ἅπτεσθαί
1028 616 1177 662 τινος
1227 597 1337 650 τῶν
1390 597 1792 668 προκειμένων,
1841 590 1950 666 ἆρα
1995 592 2060 645 ἄν
2095 608 2179 654 τις

592 687 769 741 είλετο
830 684 1056 758 τοιαύτη
1108 683 1537 755 παρακαθῆσθαι
1566 680 1854 754 τραπέζῃ,
1887 679 1983 733 καὶ
2026 676 2180 731 κολά-

593 770 707 836 ζειν
751 769 976 830 ἑαυτόν;
1011 769 1125 822 Οὐκ
1164 767 1341 837 ἔγωγε
1388 762 1575 839 οἶμαι·
1614 766 1739 820 οὕτε
1772 766 1881 837 γὰρ
1909 762 2180 831 τοσαύτην

592 854 701 908 ἀπὸ
740 853 842 923 τῆς
895 853 1072 923 ὅψεως
1110 853 1422 925 ἐκαρποῦτο
1465 852 1565 923 τὴν
1614 853 1828 922 ἡδονήν,
1886 850 2019 920 ὅσην
2073 846 2180 900 ἀπὸ

590 939 694 1008 τῆς
738 937 1027 1001 κωλύσεως
1074 938 1315 1009 ὑπέμενε
1359 939 1458 1008 τὴν
1508 937 1768 1007 ἀθυμίαν.
1812 936 1876 988 Τί
1910 935 1987 996 δὲ,
2022 935 2068 986 εί
2098 932 2171 985 δι-

590 1022 764 1092 ψῶντι
809 1024 903 1077 καὶ
936 1024 1215 1095 καιομένῳ
1256 1024 1441 1095 πηγήν
1475 1040 1559 1086 τις
1602 1018 1873 1085 ἐπιδείξας
1930 1017 2179 1088 καθαρὰν

592 1108 684 1162 καὶ
732 1102 952 1178 διαυγῆ,
985 1108 1058 1179 μὴ
1095 1108 1255 1178 μόνον
1297 1107 1469 1176 αὐτῆς
1504 1113 1579 1178 μὴ
1612 1104 2001 1174 ἀπογεύεσθαι,
2045 1103 2181 1159 ἀλλά

596 1190 734 1261 μηδέ⁹
779 1191 974 1263 ἄκροις
1020 1190 1195 1260 θιγεῖν
1239 1194 1353 1255 τοῖς
1390 1190 1673 1254 δακτύλοις
1712 1189 2032 1260 ἐπέτρεπεν,
2070 1183 2181 1260 ἆρα

593 1276 660 1329 ἂν
688 1275 893 1344 ταύτης
937 1276 1153 1344 ἐγένετό
1179 1295 1231 1331 τι
1258 1276 1586 1348 πικρότερον
1613 1275 1712 1344 τῆς
1740 1273 2016 1336 κολάσεως
2038 1291 2052 1338 ;

668 1359 733 1430 β’.
766 1359 898 1413 Ούδὲ
922 1359 1155 1414 ἐνταῦθα
1172 1357 1325 1430 οῖμαί
1349 1377 1472 1414 τινα
1495 1361 1766 1430 ἀντερεῖν.
1786 1356 2051 1410 Τοσοῦτον
2072 1355 2180 1426 γάρ

595 1444 711 1497 ἐστι
743 1441 902 1495 τοῦτο
954 1442 1016 1495 τὸ
1072 1443 1263 1505 κακὸν,
1301 1444 1383 1496 ὅτι
1404 1443 1497 1496 καὶ
1530 1442 1638 1495 τῶν
1690 1440 1890 1505 ἔξωθεν
1921 1441 1971 1492 οἱ
2006 1438 2180 1492 ταῦτα

593 1526 1015 1581 διασκέπτεσθαι
1072 1527 1303 1597 μάλιστα
1346 1528 1497 1590 ὄντες
1557 1527 1741 1588 δεινοὶ,
1780 1525 1975 1596 ἡδονῆς
2019 1524 2181 1592 φύσιν

597 1610 747 1684 [250]
769 1611 912 1679 λέγω
932 1611 1026 1663 καὶ
1050 1610 1247 1680 λύπης,
1282 1610 1608 1680 θελήσαντες
1638 1610 1765 1680 ποιῆ
1777 1626 1862 1662 σαι
1887 1607 2183 1676 κολαζομέ-

594 1713 721 1761 νουι,⁹
752 1695 906 1760 τινάς
949 1694 1216 1769 σφοδρῶς,
1257 1696 1358 1748 ούκ
1406 1695 1582 1758 ἄλλως
1620 1694 1903 1765 ἐποίησαν,
1940 1693 1972 1763 ἢ
2009 1692 2182 1761 τούτῳ

592 1780 673 1852 τῷ
702 1781 912 1852 τρόπῳ⁶
956 1779 1262 1843 πλάσαντες
1301 1780 1411 1851 γάρ
1453 1795 1575 1831 τινα
1627 1777 1815 1847 μῦθον,
1861 1775 2083 1844 ἄγουσιν
2126 1776 2182 1825 ἐν

592 1864 672 1935 τῷ
708 1863 863 1935 μύθῳ
898 1863 1045 1926 τινὰ,
1075 1862 1134 1917 ὃν
1186 1862 1296 1916 ἔδει
1341 1862 1527 1916 δοῦναι
1573 1861 1731 1930 δίκην
1785 1859 2043 1930 ἐσχάτην,
2088 1858 2182 1910 καὶ

593 1947 781 2018 ἕτερον
814 1947 911 2018 μέν
953 1946 1130 2010 οὐδὲν,
1164 1945 1491 1999 πανδαισίαν
1533 1944 1590 1997 δὲ
1637 1942 1977 2014 παραθέντες
2012 1939 2179 2009 αύτῷ,

594 2031 688 2085 καὶ
727 2030 1040 2103 παραρρέον
1072 2029 1345 2097 δείξαντες
1392 2029 1558 2099 ὕδωρ,
1609 2028 1821 2089 οὐδενὸς
1876 2025 2183 2079 ἀπολαῦσαι

593 2114 802 2168 τούτων
833 2114 1194 2185 συνεχώρουν,
1236 2112 1351 2165 ἀλλ’
1378 2111 1512 2181 όμοῦ
1543 2129 1602 2164 τε
1626 2111 1859 2176 ἐξέτεινε
1895 2110 1993 2179 τὴν
2029 2110 2185 2178 χεῖρα

594 2199 804 2260 ὲνῖνος
834 2197 928 2249 καὶ
956 2196 1026 2249 τὰ
1056 2195 1309 2267 ὁρώμενα
1337 2195 1556 2248 ἅπαντα
1588 2195 1881 2264 ἀφίπτατο,
1909 2194 2002 2246 καὶ
2028 2190 2186 2245 τοῦτο

594 2282 806 2351 ἐγίνετο
845 2281 1156 2345 διαπαντός.
1185 2281 1293 2333 Καὶ
1319 2273 1473 2342 οὗτος
1503 2280 1601 2347 τῆς
1630 2278 1903 2342 κολάσεως
1931 2280 1958 2332 ό
1986 2277 2186 2346 τρόπος

593 2362 663 2437 ἦν
686 2365 829 2419 κατὰ
859 2365 949 2419 τὸν
982 2363 1148 2434 μῦθον
1181 2364 1273 2416 τὸν
1297 2363 1516 2430 ἔξωθεν.
1549 2363 1654 2416 Καὶ
1690 2361 1997 2431 φιλοσόφων
2023 2360 2079 2413 δέ
2105 2376 2186 2422 τις

599 2449 723 2503 ἰδών
757 2466 875 2502 τινα
906 2448 1015 2501 τῶν
1067 2447 1217 2518 αὐτῷ
1263 2447 1533 2500 συνόντων
1584 2444 2036 2516 καταφιλήσαντα
2067 2441 2185 2494 νέον

595 2532 892 2605 εὔμορφον,
926 2530 1238 2603 ἐθαύμασεν
1273 2530 1466 2594 εἰπὼν,
1515 2531 1598 2584 ὅτι
1651 2530 1745 2583 καὶ
1775 2532 1852 2592 είς
1889 2529 2002 2600 πῦρ
2032 2522 2186 2591 οὗτος

598 2617 796 2688 ῥᾳδίως
836 2615 903 2669 ἂν
949 2614 1334 2687 κυϐιστήσειεν
1357 2616 1384 2667 ὀ
1407 2613 1613 2682 ταύτην
1661 2612 1941 2684 τολμήσας
1978 2611 2065 2665 διὰ
2090 2609 2184 2663 τοῦ

595 2699 900 2772 φιλήματος
937 2698 1141 2768 ἀνάψαι
1182 2701 1240 2752 ἑν
1282 2698 1460 2769 ἑαυτῷ
1488 2698 1738 2768 κάμινον.
1781 2695 1924 2765 Ἐγὼ
1948 2695 2004 2748 δὲ
2028 2694 2186 2748 τοῦτο

598 2786 699 2857 μὲν
728 2786 827 2839 οὐκ
867 2784 932 2839 ἂν
976 2785 1208 2854 εἴποιμι,
1241 2785 1325 2836 ὅτι
1362 2784 1463 2846 τὰς
1492 2781 1848 2844 συνοικούσας
1876 2779 2123 2850 φιλοῦσιν
2154 2780 2185 2851 ἢ

596 2868 947 2937 ἑπαφῶνται·
997 2870 1046 2921 εί
1094 2868 1152 2921 δέ
1198 2885 1343 2930 τινες
1390 2866 1563 2920 ταῦτα
1606 2868 1987 2937 κατηγοροῖεν,
2016 2863 2187 2930 δεῖξαι

597 2953 929 3023 πειράσομαι
959 2951 1063 3013 ὅτι,
1101 2951 1205 3005 κᾶν
1232 2951 1393 3021 μέχρι
1427 2948 1616 3003 τούτου
1642 2951 1895 3017 προΐωσι,
1931 2949 2189 3021 πικροτέ-

602 3053 700 3105 ραν
724 3034 885 3089 πάλιν
913 3034 1033 3087 καθ’
1069 3033 1280 3088 ἑαυτῶν
1309 3034 1409 3104 τῆς
1431 3034 1705 3121 προτέρας
1724 3032 2065 3087 ἐπισπῶνται
2090 3031 2188 3103 τὴν

600 3120 852 3190 βάσανον.
880 3119 941 3172 Εἰ
972 3117 1085 3190 γάρ
1118 3118 1241 3187 ὄψις
1279 3119 1415 3190 μόνη
1449 3117 1721 3190 τοσαύτην
1755 3118 2028 3187 ἐντίθησιν
2067 3117 2188 3171 ὀδύο

596 3222 719 3274 νην,
749 3205 880 3257 ὅταν
916 3203 1008 3255 καὶ
1043 3202 1156 3273 ἁφὴ
1182 3204 1381 3274 προσῇ,
1411 3202 1512 3272 τῆς
1540 3202 1717 3271 ὅψεως
1741 3202 1876 3256 πολὺ
1907 3203 2189 3274 παχυτέρα

596 3286 919 3350 ἀπόλαυσις,
952 3284 1175 3357 μείζονα
1201 3285 1348 3358 αἴρει
1377 3285 1475 3356 τὴν
1510 3284 1705 3355 φλόγα,
1739 3287 1835 3339 καὶ
1854 3285 2189 3358 δριμυτέραν

597 3368 890 3443 ἐργάζεται
931 3371 1031 3442 τὴν
1071 3370 1364 3440 ἀλγηδόνα,
1408 3370 1503 3423 καὶ
1539 3370 1924 3442 χαλεπώτερον
1958 3374 2102 3423 ποιεῖ
2130 3372 2189 3424 τὸ

598 3455 812 3526 θηρίον.
836 3453 1003 3507 Ὅσον
1030 3451 1218 3526 γὰρᾶν
1255 3452 1508 3524 αῦξωμεν
1538 3454 1607 3507 τά
1630 3455 1729 3526 τῆς
1756 3454 2074 3526 ἐπιθυμίας,
2096 3454 2190 3508 καὶ

601 3536 955 3607 ἰσχυροτέραν
1002 3538 1140 3606 αὐτῇ
1172 3536 1504 3607 παρέχωμεν
1544 3538 1644 3607 τὴν
1673 3537 1902 3609 τροφὴν,
1933 3538 2189 3591 τοσοῦτον

598 3618 778 3675 καὶτὰ
797 3619 895 3689 τῆς
915 3619 1107 3690 ὀδύνης
1123 3622 1255 3691 ἡμῖν
1276 3619 1624 3673 ἐπιτείνεται.
1653 3621 1765 3675 Καὶ
1792 3622 2043 3694 καθάπερ
2065 3624 2093 3675 ό
2122 3626 2187 3695 τῇ

597 3702 847 3775 τραπέζῃ
904 3704 998 3756 καὶ
1044 3707 1109 3775 τῇ
1163 3708 1311 3776 πηγῇ
1358 3705 1825 3777 παρακαθήμενος
1872 3708 1969 3778 οὐχ
2019 3705 2191 3771 οὕτως

599 3784 743 3858 ὁρῶν
783 3787 1070 3852 όδυνᾶται,
1125 3788 1201 3851 ὡς
1249 3789 1379 3842 ὅταν
1422 3790 1515 3841 καὶ
1555 3792 1622 3860 τῇ
1655 3789 1799 3861 χειρὶ
1841 3790 2013 3859 θιγεῖν
2069 3792 2192 3844 ἑπι-

598 3869 830 3937 τραπε“ις
869 3869 1281 3937 ἀπογεύσασθαι
1324 3870 1541 3941 κωλυθῇ
1583 3872 1774 3924 πάλιν·
1807 3872 1949 3927 οὕτω
1990 3873 2055 3944 δὴ
2097 3875 2192 3927 καὶ

599 3954 645 4006 oi
674 3951 782 4006 τῶν
802 3952 1146 4025 παρθενικῶν
1177 3955 1448 4024 σωμάτων
1467 3953 1675 4025 ψαῦσαι
1699 3957 2117 4028 ἑπιτρεπόμενοι
2140 3956 2190 4022 δ,

600 4033 980 4107 χαλεπώτερον
994 4036 1093 4106 τῆς
1110 4036 1238 4101 θέας
1254 4037 1362 4090 ἀπὸ
1375 4035 1473 4109 τῆς
1486 4037 1632 4110 ἁφῆς
1646 4038 1987 4105 κολάζονται,
2006 4058 2193 4113 πικρο-

599 4122 764 4192 τέραν
792 4118 1141 4191 ἐφελκόμενοι
1158 4123 1256 4194 τὴν
1281 4123 1345 4175 ἐκ
1361 4121 1461 4192 τῆς
1484 4122 1786 4194 ἀποτυχίας
1801 4135 1822 4162 ε
1845 4122 2060 4195 ὀδύνην.
2084 4125 2193 4178 Καὶ

599 4207 652 4259 τί
675 4207 756 4259 δεῖ
772 4203 942 4257 ταῦτα
967 4206 1074 4259 ἀπὸ
1090 4206 1198 4260 τῶν
1216 4206 1415 4273 ἔξωθεν
1439 4208 1784 4280 πραγμάτων
1799 4208 2109 4279 φιλοσοφεῖν
2125 4226 2138 4274 ;
2160 4211 2192 4281 ἡ

601 4291 712 4361 γὰρ
739 4288 830 4342 τοῦ
861 4288 997 4343 Θεοῦ
1027 4290 1209 4361 ψῆφος
1239 4293 1272 4361 ἡ
1304 4291 1511 4347 τούτων
1542 4293 1799 4346 ἁπάντων
1845 4294 2189 4365 ἰσχυροτέρα,

602 4373 744 4442 αῦτη
770 4374 1009 4429 δείκνυσι
1039 4374 1201 4430 τοῦτο
1228 4376 1467 4431 τοιοῦτον
1506 4376 1585 4431 ὅν.
1621 4377 1663 4431 Τ
1669 4377 1724 4431 δν
1753 4377 1864 4448 γάρ
1901 4378 2073 4450 Ἀδὰμ
2099 4397 2194 4432 κο-

603 4457 765 4511 λάσαι
819 4456 1157 4529 βουλόμενος,
1192 4460 1255 4513 ού
1308 4461 1496 4532 πόρρω
1539 4459 1634 4513 τοῦ
1690 4461 2021 4532 παραδείσου
2061 4481 2194 4516 κατ-

603 4539 824 4611 ῴκισεν,
852 4541 967 4594 ἀλλ’
1000 4542 1164 4594 αὑτοῦ
1207 4542 1433 4616 πλησίον
1477 4542 1709 4609 ἐκείνου,
1736 4544 1802 4597 ἵν’
1828 4545 1926 4617 ἔχῃ
1973 4544 2196 4618 διηνεκῆ

606 4621 847 4687 κόλασιν,
872 4624 972 4695 τὴν
1013 4624 1145 4678 θέαν
1177 4624 1273 4678 τοῦ
1319 4626 1659 4696 ποθουμένου
1699 4627 1923 4698 χωρίου,
1975 4629 2196 4702 θεωρῶν

610 4706 709 4777 μὲν
743 4705 875 4759 αὐτὸ
914 4707 1228 4774 διαπαντὸς,
1290 4708 1598 4764 ἀπολαῦσαι
1651 4709 1710 4762 δὲ
1753 4711 1856 4764 οὐκ
1907 4713 2198 4777 ἐπιτρεπό-

610 4806 790 4858 μενος.
826 4789 966 4843 Ἀλλ’
994 4789 1124 4855 ἴσως
1153 4791 1300 4845 εἴποι
1339 4810 1423 4857 τις
1461 4793 1524 4848 ἀν
1544 4811 1557 4824 ο
1590 4795 1702 4848 Καὶ
1730 4794 1867 4858 πῶς,
1909 4798 1958 4849 εί
2000 4796 2197 4868 πικρὸν

607 4872 767 4926 τοῦτο
799 4873 971 4937 οὕτως
1021 4877 1159 4928 ἑστ“ι’
1187 4879 1253 4948 τῇ
1302 4875 1482 4946 φύσει,
1511 4877 1650 4948 μετά
1694 4878 1964 4950 τοσαύτης
1992 4881 2125 4934 αὐτὸ
2146 4883 2197 4934 οί

610 4958 796 5012 πολλοὶ
831 4956 1086 5012 διώκουσι
1141 4959 1241 5030 τῆς
1282 4960 1547 5032 σπουδῆς;
1594 4960 1736 5029 Ἐγὼ
1774 4963 1831 5017 δὲ
1860 4964 1997 5036 πρὸς
2039 4964 2198 5018 τοῦτο

609 5042 786 5096 ἐκεῖνο
830 5042 895 5096 ἂν
944 5040 1176 5113 εἴποιμι,
1205 5043 1287 5097 ὅτι
1327 5044 1458 5097 αὐτὸ
1494 5046 1590 5115 μὲν
1624 5042 1716 5101 οῦν
1748 5046 1906 5101 τοῦτο
1943 5048 2199 5118 μέγιστον

608 5126 905 5198 τεκμήριον
931 5125 1031 5195 τῆς
1059 5125 1297 5198 ἐσχάτης
1318 5129 1496 5184 αὐτῶν
1517 5132 1828 5203 ἀρρωστίας
1856 5132 1994 5196 ἐστ-ί.
2025 5133 2196 5187 Τοῦτο

608 5211 717 5280 γὰρ
750 5210 857 5263 τῶν
915 5208 1214 5264 νοσούντων
1244 5211 1305 5264 τὸ
1346 5211 1487 5277 ἔθος,
1523 5213 1737 5286 ψυχράν
1766 5233 1892 5270 τινα
1943 5219 2038 5271 καὶ
2087 5216 2198 5270 ὀλι-

610 5293 885 5364 γοχρόνιον
912 5293 1105 5364 ἡδονὴν
1131 5293 1493 5367 καρποῦσθαι,
1519 5299 1612 5353 καὶ
1638 5298 1856 5371 μακρὰν
1874 5301 2085 5365 ἑαυτοῖς
2114 5302 2200 5354 ἐν⁴

613 5378 798 5430 τεῦθεν
848 5379 1283 5444 κατασκευάζειν
1339 5380 1578 5435 κόλασιν.
1619 5381 1790 5436 Τοῦτο
1822 5385 1930 5455 γὰρ
1962 5386 2057 5438 καὶ
2109 5386 2201 5438 ἐπὶ

609 5459 714 5512 τῶν
750 5460 1125 5531 πυρεττόντων
1158 5462 1256 5517 ἴδοι
1286 5481 1370 5527 τις
1399 5464 1485 5526 ἂν,
1524 5467 1573 5519 οἳ
1608 5467 1685 5537 μὴ
1725 5465 2039 5538 βουλόμενοι
2068 5486 2204 5538 καρ-

610 5542 837 5612 τερῆσαι
871 5544 1088 5615 μικρὸν,
1132 5547 1199 5598 δι’
1244 5547 1613 5619 όλιγοχρόνιόν
1665 5566 1791 5603 τινα
1842 5551 2204 5621 ψυχαγωγίαν

677 5774 701 5851 ξ
727 5777 1187 5851 ἀπηγόρευε,
1210 5784 1382 5835 Μοίρι.
1411 5786 1728 5851 ἀπηγόρευσε.

677 5833 1121 5912 ξ’ᾼξῇοῌξισειᾷυἰὸιιίς
1162 5833 1779 5912 ἐειιξιιξοοιιδρξίἷῖτῆντρεῖς
1820 5850 2023 5912 logpba!
2069 5855 2203 5902 enim

616 5888 779 5969 Minui
810 5908 1067 5969 pefpergm
1089 5888 1477 5969 ἀποτρεπόμενοι.
1502 5888 1638 5960 ίίυιί.

679 5958 702 5987 ⁸⁵
727 5956 847 6007 κρῖ.
872 5956 1081 6019 ἀτυχίας.
1216 5956 1226 5969 “
1333 5958 1342 5972 ⁸

1312 401 1367 455 S.
1406 398 1689 458 JOANNIS
1723 395 2212 453 CIIRYSOSTUMI
2253 394 2568 450 ARCIHEP.
2607 391 3152 451 CONSTANTINOP.
3732 402 3817 461 ως

2283 509 2378 558 καὶ
2404 506 2584 559 ποτῶν
2608 509 2702 559 καὶ
2735 505 2920 560 σιτίων
2961 505 3357 576 κεκωλυμένων
3385 507 3678 578 ἁπτόμενοι,
3729 531 3817 579 μα.

2281 592 2418 660 κράν
2483 608 2607 644 τινα
2660 591 2777 644 καὶ·
2814 589 3212 660 χαλεπωτάτην
3274 590 3484 653 ἑαυτοῖς
3539 592 3820 662 ἐργάζονται

2280 674 2456 728 νόσον.
2484 676 2576 728 Δεῖ
2596 675 2652 728 δὲ
2670 676 2798 737 τοὺς
2830 672 3175 741 ὑγιαίνοντας
3207 672 3310 725 οὐκ
3350 673 3458 726 ἀπὸ
3500 674 3604 728 τῶν
3635 677 3819 732 νοσούν-

2279 775 2389 810 των
2436 757 2739 829 λαμϐἀνειν
2772 756 2871 819 τὰς
2925 756 3055 828 περὶ
3105 754 3215 808 τῶν
3247 756 3581 827 πραγμάτων
3611 759 3820 829 ψήφουςΔ

2282 841 2426 904 ἐπεὶ,
2453 842 2502 895 εί
2531 840 2741 905 τούτοις
2768 839 3012 910 ἑψόμεθα
3031 877 3047 904 ,
3078 839 3173 892 καὶ
3211 838 3318 892 ὑπὸ
3352 839 3449 908 τῆς
3487 840 3716 912 ἰατρικῆς
3747 846 3826 897 καὶ

2281 925 2389 978 ὑπὸ
2450 925 2549 995 τῆς
2601 922 2964 993 φιλοσοφίαςά
3011 921 3493 991 καταγνωσόμεθα.
3545 923 3668 977 Οὐδὲ
3717 927 3825 997 γὰρ,

2281 1007 2403 1061 οὐδὲ
2426 1008 2520 1061 ἐπὶ
2553 1008 2825 1080 πυρετῶν,
2856 1006 2978 1061 ούδὲ
3008 1009 3101 1059 ἐπὶ
3129 1004 3408 1073 γυναικῶν
3441 1004 3592 1058 τοῦτο
3619 1008 3829 1078 πάσχου-

2284 1109 2337 1145 σι
2373 1093 2553 1164 μόνον,
2598 1093 2734 1147 ἀλλά
2771 1093 2867 1147 καὶ
2910 1090 3002 1145 ἐπὶ
3055 1088 3358 1161 χρημάτων
3385 1089 3480 1142 καὶ
3520 1091 3726 1143 ἐπὶτῶν
3750 1091 3823 1145 ἀλ-

2282 1174 2389 1231 λων
2428 1178 2685 1232 ἀπάντων
2716 1180 2765 1231 οἱ
2806 1177 2875 1230 τὰ
2914 1174 3141 1229 τοιαῦτα
3174 1174 3477 1238 νοσοῦντες.
3515 1175 3621 1228 Καὶ
3659 1174 3754 1249 γὰρ
3789 1178 3831 1229 οι

2282 1262 2410 1331 περὶ
2453 1263 2521 1315 τὰ
2573 1264 2838 1333 χρήματα
2870 1260 3196 1332 μεμηνότες,
3248 1258 3402 1330 [251]
3448 1258 3654 1324 εἰδότες,
3690 1260 3830 1314 ὄτιοί

2281 1342 2350 1396 τά
2376 1345 2551 1416 μικρά
2581 1346 2756 1399 ταῦτα
2800 1344 3039 1398 ἐνταῦθα
3089 1342 3386 1413 προέμενοι
3437 1344 3546 1405 τοῖς
3594 1341 3830 1412 δεομένοις

2287 1429 2456 1499 μυρία
2512 1432 2631 1483 ἐκεῖ
2657 1430 2920 1501 λήψονται
2962 1427 3165 1497 ἀγαθά,
3199 1427 3520 1496 κατέχουσιν
3558 1427 3693 1496 ὅμως
3717 1427 3833 1481 αὐτὰ

2285 1514 2378 1566 καὶ
2412 1514 2826 1584 κατορύττουσι,
2870 1515 2962 1567 καὶ
3013 1513 3235 1567 πάντων
3286 1514 3538 1565 ἐκπεσεῖν
3587 1512 3832 1582 αἱροῦνται

2284 1597 2389 1650 τῶν
2419 1599 2643 1667 ἀγαθῶν
2676 1599 2877 1670 μᾶλλον
2899 1598 2986 1652 διά
3012 1599 3114 1667 τὴν
3138 1596 3353 1667 ψυχρὰν
3383 1594 3582 1667 ταύτην
3613 1597 3698 1649 καὶ
3722 1595 3833 1667 βρα-

2284 1684 2439 1752 χεῖαν
2470 1684 2687 1755 ἡδονὴν,
2723 1683 2756 1755 ἢ
2781 1684 2880 1754 τῆς
2917 1683 3137 1737 αἰωνίου
3168 1683 3443 1747 κολάσεως
3473 1682 3831 1753 ἀπαλλαγῆναι,

2284 1767 2379 1819 καὶ
2410 1767 2509 1838 τὴν
2535 1768 2804 1822 ἀθάνατον
2838 1766 3236 1839 καρπώσασθαι
3265 1767 3430 1838 ζωὴν,
3456 1767 3542 1820 διά
3564 1767 3657 1836 τῆς
3691 1783 3835 1837 προσ-

2285 1850 2474 1922 καίρου
2530 1854 2735 1907 τούτων
2798 1852 3118 1924 ὑπεροψίας.
3168 1852 3335 1906 Τοῦτο
3368 1851 3433 1924 δὴ
3461 1852 3553 1907 καὶ
3583 1847 3716 1906 οὗτοι
3746 1852 3836 1906 πά·

2287 1953 2494 2007 σχουσι,
2530 1939 2631 2009 τῆς
2670 1941 2871 2010 μικρᾶς
2909 1937 3113 2007 ταύτης
3157 1936 3473 2009 ἐπιθυμίας,
3504 1938 3599 2010 τῇς
3623 1937 3704 1991 διά
3746 1937 3837 1990 τῶν

2284 2008 2599 2092 ὀφθαλμῶν,
2631 2008 2731 2075 ούκ
2761 2008 3080 2092 ἀνεχόμενοι
3129 2008 3333 2091 μικρὸν
3363 2008 3585 2084 ἑαυτούς
3627 2022 3837 2097 ἀποστῆ-

2294 2122 2405 2169 σαι,
2457 2108 2732 2179 ὰφόρητον
2770 2109 2983 2170 ἑαυτοῖς
3021 2098 3312 2174 συνάγουσι
3342 2107 3487 2177 πῦρ·
3518 2108 3610 2159 καὶ
3652 2108 3838 2179 ὅσῳπερ

2288 2189 2354 2243 ἂν
2406 2191 2701 2259 νομίζωσιν
2741 2191 2985 2262 ἥδεσθαι,
3021 2190 3261 2261 τοσούτῳ
3320 2190 3524 2262 μᾶλλον
3571 2193 3840 2262 ἐμπλέκον-

2285 2291 2374 2327 ται
2399 2275 2475 2344 τῷ
2496 2274 2671 2346 κακῷ,
2711 2276 2803 2329 τοῦ
2825 2277 3070 2329 διαϐόλου
3116 2274 3277 2330 τοῦτο
3304 2277 3699 2347 τεχνασαμένου
3728 2277 3840 2349 πρὸς

2286 2360 2386 2431 τήν
2417 2363 2743 2434 παραμονὴν
2774 2363 2876 2432 τῆς
2910 2361 3107 2431 φλογὸς
3150 2362 3244 2415 καὶ
3288 2362 3551 2426 ἐπίδοσιν,
3574 2362 3688 2415 ὅθεν
3713 2365 3842 2417 καιό-

2291 2460 2441 2513 μενοι
2469 2444 2564 2497 καὶ
2592 2446 2812 2517 ἥδονται
2845 2449 2938 2501 καὶ
2965 2445 3246 2516 ἀλγοῦσιν,
3289 2447 3495 2501 ἄτοπόν
3522 2465 3639 2501 τινα
3675 2451 3842 2520 κρᾶσιν

2287 2527 2347 2580 ἑν
2376 2531 2495 2592 ταῖς
2525 2530 2731 2583 ἑαυτῶν
2765 2530 3233 2600 καταφυτεύοντες
3263 2530 3487 2600 ψυχαῖς.

2358 2618 2428 2681 γ’.
2464 2613 2527 2667 Ei
2543 2614 2600 2667 δέ
2630 2633 2713 2678 τις
2728 2614 2887 2687 ἡμῶν
2905 2614 3175 2687 ἀκρασίαν
3198 2614 3601 2682 καταγινώσκει
3617 2615 3715 2668 ἀπὸ
3738 2614 3844 2668 τού-

2285 2712 2397 2749 των
2443 2697 2554 2751 τῶν
2588 2684 2853 2770 ῥημάτων
2883 2684 3044 2769 (τοῦς
3090 2697 3201 2769 γὰρ
3233 2700 3523 2766 γενναίους
3552 2699 3737 2771 ἄνδρας
3767 2700 3848 2752 καὶ

2286 2780 2506 2850 γυναιξὶ
2535 2784 2917 2848 συνοικοῦντας
2950 2784 3119 2854 μηδὲν
3164 2784 3396 2855 πάσχειν
3446 2786 3662 2853 δεινὸν),
3693 2802 3846 2853 μακα-

2291 2867 2426 2938 ρίζω
2452 2868 2549 2938 μὲν
2568 2869 2694 2931 τους
2720 2870 3014 2936 τοιούτους,
3037 2871 3131 2923 καὶ
3171 2871 3468 2942 βουλοίμην
3501 2871 3567 2924 ἂν
3598 2870 3686 2923 καὶ
3710 2869 3849 2932 αὐτὸς

2288 2951 2562 3023 τοσαύτην
2598 2952 2783 3006 λαϐεῖν
2821 2954 3002 3026 ίσχύν·
3033 2956 3127 3008 καὶ
3157 2955 3288 3018 ἴσως
3327 2954 3425 3025 μὲν
3467 2956 3558 3008 καὶ
3585 2953 3735 3015 αὐτὸς
3757 2954 3851 3005 πεί-

2290 3033 2455 3105 θομαι
2500 3037 2582 3089 ὅτι
2628 3037 2851 3093 δυνατὸν
2881 3035 3020 3093 εἶναι
3048 3040 3324 3103 τοιούτους
3369 3039 3549 3103 τινάς,
3578 3038 3847 3107 ἐϐουλόμην

2289 3117 2348 3171 δὲ
2376 3121 2471 3173 καὶ
2500 3121 2624 3184 τους
2655 3122 3021 3190 ἐγκαλοῦντας
3052 3125 3185 3193 ἡμῖν
3211 3122 3507 3193 δυνηθῆναι
3539 3125 3713 3176 πεῖσαι
3747 3120 3850 3173 τοῦ·

2290 3220 2370 3272 το,
2429 3206 2511 3258 ὅτι
2561 3207 2679 3271 νέος
2736 3206 2980 3277 σφριγῶν
3038 3207 3115 3278 τῷ
3169 3206 3401 3277 σώματι,
3440 3207 3582 3278 κόρῃ
3622 3203 3850 3259 συνοικῶν

2293 3288 2551 3361 παρθένῳ
2617 3291 2711 3344 καὶ¹
2783 3289 3196 3363 συγκαθήμενος
3273 3291 3365 3344 καὶ
3422 3289 3745 3344 συνδειπνῶν
3776 3288 3853 3340 καὶ

2294 3375 2771 3447 συνδιαλεγόμενος
2821 3377 2890 3430 δι’
2921 3377 3139 3448 ἡμέρας
3187 3375 3316 3445 (τῶν
3358 3375 3475 3447 γὰρ
3525 3375 3692 3429 ἄλλων
3724 3372 3852 3424 οῦδὲν

2294 3458 2647 3531 προστίθημι,
2671 3460 2796 3525 τοὺς
2828 3461 3092 3531 ἀκαίρους
3117 3459 3359 3528 γέλωτας
3378 3460 3481 3513 καὶ
3501 3459 3598 3522 τάς
3611 3455 3854 3527 διαχύσεις

2297 3544 2391 3597 καὶ
2428 3544 2495 3596 τὰ
2533 3544 2754 3614 μαλακά
2784 3546 3027 3616 ῥήματα,
3069 3545 3166 3597 καὶ
3190 3544 3259 3598 τὰ
3285 3543 3441 3609 ἄλλα,
3479 3544 3515 3598 ἀ
3543 3543 3673 3615 μηδὲ
3700 3540 3854 3608 λέγειν

2296 3626 2425 3693 ἴσως
2480 3629 2709 3699 καλόν)·
2762 3631 2983 3684 ἀλλ’ὅτι
3016 3631 3116 3702 τὴν
3152 3629 3321 3701 αὐτὴν
3352 3629 3495 3702 ἔχων
3546 3630 3733 3693 οἰκίαν,
3774 3624 3853 3679 καὶ

2292 3712 2575 3785 τραπέζης
2621 3715 2717 3767 καὶ
2766 3714 2941 3784 λόγων
2998 3714 3293 3780 κοινωνῶν,
3322 3716 3419 3768 καὶ
3481 3715 3616 3787 μετά
3662 3714 3854 3784 παρρη-

2298 3796 2422 3861 σίας
2448 3797 2652 3869 πολλῆς
2685 3799 2780 3852 καὶ
2813 3800 3248 3871 μεταλαμϐάνων
3279 3800 3494 3854 πολλῶν
3531 3801 3623 3855 καὶ
3667 3797 3857 3871 μεταδι-

2293 3879 2437 3944 δοὺς,
2474 3881 2650 3934 ούδενὶ
2674 3882 2785 3935 τῶν
2827 3883 3184 3954 ἀνθρωπίνων
3214 3883 3522 3949 ἁλίσκεται,
3547 3883 3676 3936 ἀλλά
3712 3880 3858 3934 καθα-

2298 3965 2390 4037 ρὸς
2426 3966 2723 4037 ἐπιθυμίας
2751 3985 2812 4020 τε
2870 3970 3022 4039 μένει
3074 3971 3318 4040 πονηρᾶς
3345 3972 3444 4022 καὶ
3470 3970 3696 4041 ἡδονῆς⁹
3727 3964 3858 4018 ἐϐου-

2294 4051 2467 4122 λόμην
2525 4051 2701 4105 ταῦτα
2757 4052 3018 4107 δύνασθαι
3065 4053 3274 4107 πείθειν
3339 4056 3469 4119 τοὺς
3522 4050 3859 4123 ἐγκαλοῦντας

2297 4135 2449 4203 ἡμῖν,
2490 4133 2607 4186 ἀλλ’
2640 4135 2740 4187 ούκ
2777 4133 3025 4189 ἐθέλουσι
3056 4135 3362 4195 πείθεσθαι,
3401 4137 3540 4190 ἀλλά
3596 4135 3686 4189 καὶ
3726 4129 3859 4202 ἡμῶν

2294 4217 2405 4271 τῶν
2475 4219 2651 4273 ταῦτα
2700 4221 3156 4291 ἀπολογουμένων
3217 4222 3562 4275 καταϐοῶσιν
3607 4220 3680 4284 ὡς
3729 4219 3860 4271 ἀναι-

2298 4304 2564 4373 σχύντων,
2606 4305 2700 4358 καὶ
2735 4305 2806 4358 τὰ
2849 4305 2989 4358 αύτά
3029 4305 3326 4369 νοσούντων
3382 4307 3588 4368 αύτοῖς,
3640 4305 3727 4357 καὶ
3780 4299 3861 4366 τὴν

2297 4390 2509 4443 οίκείαν
2548 4390 3012 4461 περιστελλόντων
3046 4391 3264 4443 κακίαν.
3318 4392 3426 4443 Καὶ
3457 4390 3511 4442 τί
3549 4388 3716 4442 ταῦτα
3748 4383 3862 4455 πρός

2298 4477 2479 4546 ήμᾶςς
2518 4477 2709 4547 φησίν·
2760 4476 2881 4529 ούδὲ
2928 4475 3037 4547 γὰρ
3093 4476 3193 4546 τῆς
3248 4475 3454 4547 ἑτέρων
3506 4474 3690 4535 ἀνοίας
3726 4470 3863 4540 ἡμεῖς

2305 4560 2620 4625 ὑπεύθυνοι,
2663 4560 2783 4614 ούδὲ
2820 4562 2873 4614 εἴ
2893 4578 2974 4624 τις
3008 4559 3217 4628 ἀλόγως
3245 4558 3677 4623 σκανδαλίζοιτο,
3705 4554 3863 4608 δοῦναι

2300 4642 2458 4713 δίκην
2497 4642 2647 4709 ἄξιος
2679 4643 2791 4712 ἐγὼ
2822 4643 2910 4699 διὰ
2956 4645 3054 4716 τὴν
3093 4643 3278 4697 ἄνοιαν
3309 4640 3413 4710 τὴν
3454 4642 3688 4697 ἑκείνου.
3729 4635 3865 4692 Ἀλλὰ

2305 4727 2520 4794 Παῦλος
2547 4731 2648 4782 οὐκ
2674 4725 2795 4783 εἷπε
2827 4730 3007 4793 τοῦτο,
3042 4727 3178 4782 ἀλλά
3225 4728 3329 4782 κᾶν
3381 4728 3586 4791 ἀδίκως
3618 4721 3867 4779 σκανδαλί-

2301 4812 2466 4883 ζηταί
2493 4830 2599 4879 τις,
2633 4813 2737 4867 κᾶν
2762 4814 2830 4867 δι’
2860 4814 3164 4876 ἀσθένειαν,
3200 4813 3414 4884 βοηθεῖν
3441 4813 3718 4865 ἐκέλευσε.
3730 4863 3757 4895 χ

2374 4896 2509 4950 Τότε
2540 4897 2650 4970 γὰρ
2682 4898 2842 4969 μόνον
2871 4899 3331 4969 ἀπαλλαττόμεθα
3362 4898 3464 4968 τῆς
3494 4899 3589 4950 ἐπὶ
3608 4900 3717 4959 τοῖς
3736 4908 3873 4947 σκαν-

2298 4981 2671 5054 δαλίζομένοις
2721 4985 2993 5057 τιμωρίας
3038 4985 3331 5056 κειμένης,
3363 4985 3493 5036 ὅταν
3521 4985 3584 5036 ὲκ
3614 4981 3704 5035 τοῦ
3740 4993 3870 5033 σκαν·

2302 5065 2464 5120 δάλου
2500 5067 2689 5138 κέρδος
2711 5067 2901 5141 ἓτερον
2930 5070 3181 5140 τίκτηται
3206 5069 3305 5138 τῆς
3328 5067 3437 5121 ἀπὸ
3469 5066 3565 5120 τοῦ
3600 5062 3867 5118 σκανδάλου

2304 5150 2506 5223 βλάϐης
2529 5152 2716 5222 μεῖζον
2734 5170 2746 5182 ·
2777 5153 2854 5217 ὡς
2881 5153 2947 5207 ἀν
2970 5153 3129 5207 τοῦτο
3161 5154 3235 5226 μὴ
3257 5150 3311 5227 ᾖ,
3333 5153 3447 5206 ἀλλ’
3474 5153 3534 5207 ἓν
3567 5152 3722 5223 μόνον
3751 5163 3869 5218 συμ-

2303 5233 2464 5308 ϐαίνῃ
2495 5236 2557 5288 τὸ
2593 5235 3043 5301 σκανδαλίζεσθαι
3077 5237 3318 5307 ἑτέρους,
3350 5238 3413 5292 ἀν
3448 5254 3512 5289 τε
3553 5236 3781 5303 εὐλόγως
3818 5229 3870 5283 ἄν

2302 5334 2359 5369 τε
2379 5317 2596 5387 ἀλόγως
2625 5319 3107 5386 σκανδαλίζωνται.
3126 5320 3190 5375 ἄν
3217 5339 3273 5374 τε
3293 5322 3364 5385 ὡς
3380 5320 3651 5385 ἀσθενεῖς,
3677 5318 3733 5371 τὸ
3755 5312 3870 5383 αἷμα

2302 5401 2482 5454 αὐτῶν
2495 5403 2588 5454 ἐπὶ
2604 5403 2701 5473 τὴν
2713 5404 2953 5475 κεφαλὴν
2967 5404 3062 5476 τὴν
3077 5405 3368 5476 ἡμετέραν,
3386 5406 3479 5457 καί
3499 5408 3565 5457 ἐκ
3582 5404 3687 5456 τῶν
3701 5419 3775 5472 χει
3781 5396 3870 5471 ρῶν

2302 5483 2410 5536 τῶν
2455 5486 2746 5558 ἡμετέρων
2776 5491 2803 5540 ό
2834 5489 2966 5553 Θεδς
3000 5490 3100 5552 τὰς
3151 5490 3407 5552 τοιαύτας
3451 5489 3747 5559 ἐκζητήσει
3787 5485 3869 5552 Ψδ·

2303 5567 2424 5636 χάς.
2472 5569 2574 5622 Διά
2612 5586 2694 5622 τοι
2741 5569 2921 5637 τοῦτο,
2959 5572 3045 5624 ἵνα
3078 5571 3152 5642 μὴ
3189 5572 3464 5643 πανταχοῦ
3500 5574 3642 5644 μήτε
3677 5563 3872 5640 φροντί-

2305 5648 2507 5719 ζωμεν,
2560 5653 2695 5722 μήτε
2745 5656 3174 5725 καταφρονῶμεν
3209 5655 3318 5708 τῶν
3368 5653 3869 5723 σκανδαλιζομένων.

2305 5733 2465 5803 ὅρους
2504 5736 2656 5799 τινὰς
2703 5740 2829 5810 ἡμῖν
2858 5740 2953 5792 καὶ
2984 5742 3215 5805 κανόνας
3258 5743 3417 5813 ἔθηκε
3468 5742 3665 5795 τούτου
3699 5742 3726 5793 ό
3763 5738 3873 5806 Χρε-

2308 5816 2452 5879 στδςς
2488 5820 2582 5870 καὶ
2620 5819 2779 5873 τοῦτο
2825 5825 3045 5876 κάκεῖνο
3086 5827 3322 5897 ποιήσας
3367 5827 3509 5896 μετά
3558 5825 3653 5878 τοῦ
3702 5815 3870 5891 καιροῦ

2372 5994 2396 6032 ιι
2419 5995 2499 6044 Sa‘
2520 5999 2569 6045 il.
2597 6001 2675 6046 καὶ
2694 6002 2905 6065 ἰατρικῆς
2930 6007 3009 6052 καὶ
3033 6008 3129 6071 φιλ.
