4138 6418
417 362 526 417 69⁸1

415 476 536 542 nis,
568 491 636 531 ne
677 476 802 546 quid
839 479 1235 547 propositorum
1278 479 1650 549 contingatur:
1679 495 1804 533 num
1845 479 2003 533 vellet

415 569 608 638 aliquis
636 569 704 622 ad
727 569 886 623 talem
916 586 1153 624 mensam
1185 570 1464 625 considere
1485 612 1500 636 ,
1541 578 1595 624 et
1615 570 1849 641 seipsum
1876 585 2002 624 cru-

414 659 596 714 ciare?
627 659 746 731 ligo.
773 662 956 731 utique
996 678 1100 715 non
1131 663 1348 730 opinor;
1382 677 1553 731 neque
1591 661 1733 716 enim
1765 670 1908 715 tanta
1935 675 2001 715 ex

412 762 632 821 aspectu
662 753 930 820 voluptate
969 753 1234 806 frueretur
1256 762 1506 822 quantam
1534 751 1799 805 tristitiam
1825 766 1892 806 ex
1916 751 2000 804 in-

413 845 636 899 terdicto
662 846 987 914 conciperet.
1035 845 1173 911 Quid
1211 857 1420 911 autem,
1468 844 1512 898 si
1542 844 1661 915 quis
1701 843 1898 898 sitienti
1947 852 2001 898 et

412 937 603 992 adusto
630 953 738 1007 pra:
760 939 845 991 siti
869 938 1064 992 fontem
1087 936 1360 1006 limpidum
1383 945 1436 992 et
1458 952 1645 1005 purum
1667 936 2001 992 demonstra-

410 1038 524 1084 tum
561 1047 666 1084 non
695 1031 866 1084 solum
898 1046 1000 1084 non
1029 1030 1310 1098 degustare
1330 1071 1346 1095 ,
1375 1029 1470 1084 sed
1498 1043 1565 1082 ne
1599 1028 1852 1083 extremis
1875 1027 1998 1098 qui-

408 1123 530 1176 dem
558 1123 737 1192 digitis
773 1123 1080 1192 contingere
1120 1122 1479 1192 permitteret,
1511 1135 1578 1174 an
1613 1119 1740 1190 quid
1765 1135 1831 1175 eo
1869 1135 1992 1173 cru-

408 1215 547 1269 ciatu
577 1214 860 1269 acerbius?

479 1308 534 1361 Ξ.
563 1306 830 1361 Tantalus.
853 1337 923 1347 —
949 1307 1132 1377 Neque
1175 1307 1260 1362 hic
1281 1349 1296 1374 ,
1341 1306 1560 1376 Opinor,
1607 1305 1736 1360 mibi
1778 1313 1994 1360 contra-

407 1397 603 1451 dixerit
631 1398 786 1451 ullus.
829 1397 1055 1452 Tantum
1083 1397 1224 1451 enim
1256 1396 1358 1451 hoc
1383 1397 1580 1450 malum
1606 1405 1725 1461 est,
1758 1406 1812 1450 ut
1833 1396 1992 1450 etiam

409 1488 644 1557 profani,
677 1489 765 1558 qui
793 1489 1078 1558 plurimum
1116 1489 1294 1544 valent
1324 1490 1372 1542 in
1414 1497 1614 1542 natura:
1643 1488 1913 1556 voluptate
1938 1495 1994 1542 et

404 1581 616 1634 tristitia
649 1581 991 1650 expendenda
1011 1624 1024 1645 ,
1053 1584 1294 1637 volentes
1333 1582 1586 1650 effingere
1619 1582 1874 1652 quosdam
1901 1581 1991 1652 qui

405 1673 558 1727 valde
584 1675 904 1739 cruciantur,
935 1675 1088 1727 talem
1115 1675 1397 1745 quamdam
1423 1674 1650 1729 fabulam
1678 1675 1729 1728 in
1757 1675 1988 1729 medium

406 1763 698 1832 proferant.
729 1765 1082 1820 lntrodncitur
1103 1766 1154 1819 in
1180 1765 1350 1820 fabula
1371 1765 1583 1836 quidam
1601 1775 1844 1820 extremo
1866 1781 1992 1834 sup-

401 1853 906 1924 plicioafficiendus,
921 1856 1006 1909 cui
1023 1856 1319 1910 ostenditur
1332 1857 1566 1910 omnium
1585 1857 1823 1911 ciborum
1837 1857 1988 1925 copia

403 1953 459 1997 et
481 1943 842 2012 praeterfluens
859 1960 1014 2015 aqua,
1042 1961 1140 2000 nec
1161 1946 1472 2001 conceditur
1489 1954 1545 2000 ut
1568 1946 1745 2014 aliquo
1764 1946 1986 2000 istorum

398 2033 609 2088 fruatur
634 2053 646 2087 :
680 2045 873 2090 etcum
901 2037 1137 2092 extendit
1166 2039 1255 2093 ille
1280 2053 1525 2103 manum,
1555 2038 1732 2091 omnia
1762 2053 1882 2107 quae
1913 2037 1988 2090 vi-

402 2127 594 2181 dentur
623 2143 648 2180 τι
681 2137 818 2182 tactu
851 2129 1075 2198 fugiunt,
1106 2132 1268 2200 fitque
1297 2130 1398 2184 hoc
1418 2145 1655 2200 semper.
1683 2131 1746 2183 Et
1775 2131 1886 2184 limc
1907 2139 1989 2184 est

400 2222 754 2291 profanorum
789 2219 855 2272 de
881 2218 970 2272 illo
1001 2221 1245 2289 supplicii
1276 2236 1473 2291 genere
1512 2220 1704 2276 fabula.
1738 2221 1986 2276 Philoso-

400 2320 627 2388 phorum
657 2331 782 2371 vero
807 2317 1022 2386 quidam
1041 2313 1383 2385 (Xenophon,
1409 2303 1713 2381 Ᾰπορινημον.
1746 2316 1796 2368 Ι.
1826 2315 1878 2369 3.
1905 2312 1982 2384 9),

398 2423 519 2460 cum
557 2409 776 2462 vidisset
827 2406 1090 2460 sodalium
1141 2404 1424 2474 quemdam
1469 2405 1705 2458 osculum
1752 2404 1985 2459 formoso

400 2511 567 2563 puero
597 2500 753 2557 dare,
796 2492 1216 2548 admirabundus
1247 2493 1414 2547 dixit:
1445 2492 1540 2546 llic
1567 2493 1758 2562 opinor
1800 2494 1987 2563 princi-

396 2587 558 2656 pitem
591 2585 740 2640 facile
781 2600 838 2639 se
868 2586 920 2638 in
967 2586 1138 2654 ignem
1172 2584 1447 2654 injiceret,
1479 2585 1569 2655 qui
1609 2595 1810 2639 tantum
1843 2586 1892 2639 in
1925 2601 1984 2641 se

399 2681 669 2732 fornacem
695 2677 875 2732 osculo
905 2687 984 2730 est
1011 2692 1170 2731 ausus
1199 2675 1512 2730 accendere.
1540 2676 1650 2746 Ego
1670 2686 1846 2731 autem
1877 2693 1983 2732 non

394 2771 534 2824 idem
594 2769 852 2836 dixerim,
921 2769 1061 2840 quod
1123 2783 1319 2836 nempe
1387 2769 1796 2822 contubernales
1860 2783 1984 2824 suas

392 2864 700 2917 osculentur
727 2871 781 2915 et
808 2863 1158 2915 conti-eetent.
1189 2861 1259 2914 At
1288 2859 1332 2912 si
1361 2859 1450 2929 qui
1483 2867 1608 2914 sunt
1635 2860 1722 2929 qui
1755 2859 1871 2914 inec
1897 2875 1986 2914 ca-

395 2952 738 3017 Iumnientur,
767 2952 1134 3006 demonstrare
1167 2951 1382 3006 tcutabo
1411 2951 1549 3020 quod
1571 2991 1585 3016 ,
1617 2951 1660 3004 si
1697 2950 1788 3004 illo
1817 2965 1984 3021 usque

393 3046 725 3114 perveniant,
755 3043 941 3098 durius
971 3044 1069 3097 sibi
1098 3059 1255 3114 quam
1281 3043 1427 3111 prius
1451 3043 1768 3112 supplicium
1797 3057 1982 3096 accer-

393 3147 536 3193 sant.
569 3137 698 3190 Nam
729 3137 775 3190 si
813 3147 1061 3206 aspectus
1101 3137 1247 3189 solus
1290 3143 1491 3186 tatntum
1523 3133 1679 3186 infert
1703 3133 1942 3188 dolorem
1964 3174 1980 3200 ,

393 3231 608 3299 quando
637 3237 913 3282 contactus
935 3228 1160 3292 accedit,
1194 3237 1251 3280 ut
1275 3235 1358 3281 est
1385 3227 1626 3295 voluptas
1651 3227 1814 3280 multo
1838 3241 1985 3280 cras-

395 3323 508 3374 sior
536 3336 694 3390 quam
736 3329 1017 3388 aspectus,
1061 3319 1131 3372 ita
1177 3318 1435 3386 majorem
1478 3321 1636 3372 struit
1677 3317 1979 3385 flammam,

395 3413 726 3467 acerbiorem
757 3410 918 3465 eflicit
942 3410 1212 3472 dolorem,
1247 3417 1301 3464 et
1327 3407 1693 3462 vehementius
1719 3407 1885 3462 feram
1916 3409 1982 3462 il-

396 3506 501 3560 lam
533 3512 831 3573 eanperat.
874 3503 1082 3570 Quanto
1124 3501 1265 3555 enim
1312 3501 1481 3568 magis
1524 3501 1983 3569 concupiscentias

396 3612 668 3666 augemus,
700 3604 754 3649 et
775 3595 996 3664 plurima
1025 3594 1103 3647 eis
1124 3591 1360 3647 fomenta
1387 3575 1807 3660 suppeditamus,
1838 3601 1984 3645 tanto

395 3698 452 3743 et
481 3687 693 3742 dolores
721 3686 886 3739 nostri
930 3685 1096 3754 magis
1134 3682 1498 3737 intenduntur.
1529 3682 1592 3736 Et
1631 3682 1983 3752 (ptemadmo-

394 3781 523 3834 dum
554 3779 642 3849 qui
671 3792 866 3832 mensa:
895 3787 948 3830 et
974 3775 1103 3829 fonti
1143 3774 1360 3841 assidet,
1392 3789 1498 3827 non
1527 3775 1604 3828 sic
1633 3773 1859 3828 videndo
1888 3773 1984 3828 do-

395 3872 503 3931 let,
533 3881 590 3924 ut
618 3871 700 3925 cui
747 3869 1061 3939 permissmn
1094 3878 1176 3922 est
1207 3883 1365 3921 manu
1392 3867 1650 3935 attingere
1670 3906 1683 3929 ,
1715 3874 1768 3920 et
1807 3874 1982 3920 tamen

398 3977 468 4015 ne
486 3963 727 4031 degustet
747 3961 1082 4031 prohibetur:
1107 3961 1184 4013 sic
1207 3960 1385 4028 utique
1406 3959 1494 4028 qui
1519 3958 1580 4010 ad
1604 3957 1979 4026 contrectajtda

394 4055 661 4122 virginum
705 4067 930 4120 corpora
973 4052 1350 4115 admittuntur,
1391 4051 1688 4120 graviorem
1737 4050 1984 4105 hauriunt

396 4146 688 4200 cruciatum
720 4160 782 4198 ex
814 4153 954 4196 tactu
985 4159 1142 4212 quam
1185 4158 1249 4197 ex
1293 4153 1544 4212 aspectu,
1583 4141 1708 4194 dum
1740 4140 1983 4195 acerbius

397 4238 478 4293 rei
523 4247 677 4291 tactae
726 4234 1024 4305 privatione
1072 4242 1400 4303 torquentur.
1453 4233 1519 4286 Et
1557 4232 1680 4300 quid
1725 4247 1860 4300 Opus
1903 4241 1985 4286 est

399 4331 764 4401 phil050phari
803 4345 864 4382 ex
898 4328 1057 4381 rebus
1095 4326 1368 4380 externis?
1400 4325 1490 4379 Dei
1522 4327 1662 4378 enim
1689 4325 1979 4388 sententia,

401 4421 486 4475 his
515 4421 760 4473 omnibus
797 4419 1083 4487 potentior,
1128 4418 1238 4486 ipsa
1271 4415 1422 4470 nobis
1459 4414 1692 4470 Ostendit
1729 4430 1839 4469 rem
1884 4415 1982 4469 ista

399 4528 521 4566 sese
545 4512 762 4566 habere.
792 4510 922 4565 Nam
963 4525 1081 4564 cum
1113 4509 1272 4564 vellet
1303 4509 1488 4577 punire
1517 4506 1683 4559 Adam
1716 4505 1870 4575 (Gen.
1900 4505 1980 4574 ὅ),

402 4618 508 4656 non
541 4603 772 4674 procula
802 4602 1046 4671 paradiso
1068 4602 1238 4671 ipsum
1269 4600 1505 4654 habitare
1531 4597 1674 4663 fecit,
1703 4596 1795 4652 sed
1819 4612 1984 4665 prope

401 4694 730 4764 paradisum,
760 4703 815 4747 ut
836 4695 1137 4747 continuam
1161 4706 1370 4762 pugnam
1394 4691 1614 4745 haberet
1632 4705 1662 4743 e
1682 4689 1984 4757 spectaculo

399 4788 502 4841 loci
530 4801 684 4855 quem
712 4785 1079 4849 desiderabat,
1110 4793 1164 4838 et
1194 4799 1289 4846 eo,
1332 4781 1572 4852 quamvis
1597 4796 1808 4849 semper
1833 4779 1982 4832 illum

401 4888 526 4930 autc
554 4893 612 4931 se
642 4877 877 4939 videret,
926 4875 1023 4928 frui
1075 4889 1177 4928 n0n
1227 4873 1638 4943 permitteretur.
1683 4871 1802 4926 Jam
1849 4870 1984 4925 forte

397 4967 595 5036 aliquis
620 4965 832 5030 dixerit,
863 4965 928 5019 Et
955 4963 1241 5034 quomodo,
1275 4964 1319 5017 si
1351 4963 1452 5017 hoc
1481 4973 1666 5016 natura
1696 4973 1802 5015 tam
1832 4976 1983 5016 ama-

396 5075 554 5119 rum,
602 5057 838 5126 plerique
883 5064 1028 5108 tanto
1069 5054 1244 5107 studio
1274 5053 1581 5108 sectantur?
1617 5052 1699 5106 Ad
1745 5053 1845 5106 hoc
1883 5067 1984 5122 ego

398 5149 659 5212 dixerim,
705 5147 844 5202 istud
889 5148 1059 5214 ipsum
1106 5155 1362 5199 extrema:
1402 5143 1610 5198 illorum
1657 5143 1984 5213 mgritudinis

398 5244 690 5296 maximum
717 5256 837 5296 esse
863 5248 1251 5308 argumentum.
1280 5237 1413 5292 Nam
1443 5237 1528 5290 hic
1565 5250 1680 5290 mos
1706 5245 1786 5290 est
1814 5250 1985 5306 aegro-

400 5334 622 5387 tantium
645 5374 661 5397 ,
694 5341 751 5386 ut
780 5341 1020 5402 quaerant
1067 5329 1311 5399 frigidam
1343 5328 1623 5399 quamdam
1647 5380 1659 5395 ,
1701 5328 1984 5396 brevisque

403 5426 658 5494 temporis
684 5426 1028 5494 voluptatem,
1055 5422 1194 5475 unde
1217 5421 1555 5490 prolixiorem
1581 5421 1678 5474 sibi
1700 5419 1984 5474 conciliant

405 5533 637 5587 prunam.
670 5517 780 5571 lloc
806 5527 857 5570 et
889 5518 938 5570 in
974 5515 1394 5570 febricitantibus
1423 5515 1599 5568 videre
1628 5515 1743 5583 quis
1774 5523 1980 5584 potest,

405 5612 492 5680 qui
513 5626 629 5663 cum
650 5609 919 5680 paulisper
935 5611 1200 5663 abstinere
1223 5609 1407 5662 nolunt
1424 5624 1450 5659 a
1471 5606 1852 5661 refocillatione
1872 5623 1984 5659 mo-

405 5711 684 5758 mentanea
716 5703 998 5755 vetitorum
1038 5702 1118 5755 vel
1148 5701 1538 5754 esculentorum
1566 5698 1647 5750 vel
1673 5698 1982 5767 poculento-

400 5811 541 5863 rum,
574 5794 788 5866 longum
813 5795 1094 5864 quemdam
1126 5805 1178 5850 et
1206 5793 1575 5848 difficillimum
1601 5793 1855 5853 invehunt
1876 5807 1977 5850 snu

713 5897 981 5957 PATROL.
1031 5894 1146 5954 Gn.
1196 5894 1448 5958 XLV",
1816 5903 1914 5926 .-..-..
1956 5909 1976 5927 .›

1807 5977 1884 5987 ..-ο-

1028 406 1036 413 .
1096 361 1370 421 CONTRA
1410 363 1540 421 EOS
1577 364 1693 433 QUI
1735 363 1932 421 SUBlN
1950 363 2357 424 TRODUC’I‘AS
2393 368 2672 428 IIABENT
2711 372 3039 435 VIRGINES.

3599 391 3702 448 498

2119 479 2386 537 morbum.
2418 481 2639 554 Oportet
2678 498 2854 543 autem
2886 501 2944 546 ut
2985 491 3018 545 ii
3049 492 3136 563 qui
3165 493 3301 550 bene
3331 497 3508 555 valent
3528 542 3543 567 ,
3591 518 3697 559 non

2112 586 2296 626 eorum
2326 574 2416 644 qui
2462 577 2598 630 male
2638 578 2835 636 habent
2878 585 3196 640 sententiam
3225 598 3535 659 sequantur.
3562 593 3695 649 Nam

2112 662 2158 717 si
2187 663 2304 720 illos
2330 667 2623 735 sequimur,
2670 679 2723 724 et
2746 686 2773 724 a
2806 675 3010 730 medica
3051 686 3166 732 arte
3203 688 3256 733 et
3293 695 3323 732 a
3356 680 3689 754 philosophia

2109 755 2606 812 condemnabimur.
2633 759 2817 830 Neque
2835 764 2976 817 enim
3000 769 3380 836 :egrotantibus
3401 771 3502 828 hoc
3521 774 3693 830 solum

2111 843 2162 897 in
2196 844 2326 900 febri
2354 848 2649 919 contingit,
2693 852 2777 905 vel
2805 852 2856 906 in
2888 855 3166 910 mulierum
3195 873 3398 927 amore,
3428 861 3524 918 sed
3554 869 3610 918 et
3640 864 3691 919 in

2107 935 2306 990 divitiis
2334 947 2388 992 et
2429 939 2480 992 in
2521 941 2767 997 omnibus
2791 944 2930 998 aliis.
2966 946 3173 1002 Etenim
3213 951 3302 1019 qui
3343 951 3395 1005 in
3441 955 3693 1022 pecunias

2107 1025 2407 1096 insaniunt,
2453 1031 2576 1086 licet
2605 1034 2773 1088 sciant
2801 1037 2942 1105 quod
2975 1038 3007 1092 ii
3050 1040 3138 1110 qui
3170 1056 3328 1110 parva
3359 1042 3473 1099 hmc
3501 1045 3691 1114 indigi:

2105 1117 2500 1186 impartiuntur,
2536 1122 2737 1179 infinita
2765 1126 2874 1181 illic
2904 1127 3038 1183 bona
3075 1131 3306 1201 capiant,
3348 1134 3587 1192 detinent
3612 1146 3690 1192 ta-

2104 1223 2225 1262 men
2253 1223 2314 1263 ea
2341 1220 2395 1265 et
2416 1211 2726 1278 defodiunt,
2757 1226 2813 1270 et
2841 1217 2993 1272 bonis
3023 1221 3271 1278 omnibus
3295 1226 3541 1282 excidere
3570 1243 3688 1284 ma-

2104 1298 2254 1363 lunt,
2305 1301 2375 1356 ob
2425 1301 2664 1370 frigidam
2717 1307 3042 1380 brevemque
3089 1312 3228 1370 hanc
3272 1317 3685 1388 voluptatulam.

2100 1405 2260 1461 quam
2303 1403 2501 1450 aeterna
2545 1413 2699 1466 paena
2748 1399 2997 1467 liberari,
3045 1415 3100 1458 et
3142 1406 3494 1465 immortalem
3523 1413 3685 1468 vitam

2100 1479 2323 1552 adipisci
2353 1483 2472 1539 illas
2499 1486 2566 1540 ad
2611 1489 2770 1544 breve
2812 1499 3020 1562 tempus
3047 1495 3409 1565 despicienda.
3444 1502 3556 1558 lloc
3584 1506 3686 1558 uti-

2098 1587 2203 1641 que
2229 1583 2283 1628 et
2325 1575 2428 1629 illis
2453 1578 2741 1649 contingit,
2774 1581 2899 1637 dum
2927 1600 2956 1639 a
2986 1602 3149 1654 parva
3190 1591 3466 1646 oculorum
3490 1609 3688 1652 concu-

2097 1665 2355 1734 piscentia
2385 1669 2591 1738 scipsos
2617 1673 3001 1746 aliquantisper
3025 1681 3300 1735 continere
3331 1683 3574 1740 nolentes
3605 1687 3687 1740 in-

2098 1755 2424 1812 tolerabilem
2453 1759 2552 1814 sibi
2577 1761 2752 1831 ignem
2773 1765 3026 1834 colligunt
3050 1784 3066 1821 :
3093 1779 3148 1823 ct
3171 1781 3373 1840 quanto
3400 1774 3604 1831 scilicet
3626 1791 3684 1830 so

2096 1847 2262 1916 magis
2284 1848 2542 1904 obiectari
2564 1862 2770 1921 putant,
2803 1863 2949 1910 tanto
2969 1859 3138 1928 magis
3163 1861 3302 1915 malo
3324 1862 3680 1932 implicantur.

2095 1937 2308 1993 diabolo
2337 1943 2447 1997 suis
2473 1945 2678 2001 artibus
2708 1946 2808 2001 hoc
2845 1961 3066 2005 curante
3094 1952 3160 2005 ad
3201 1954 3586 2012 incrementum
3630 1969 3683 2014 et

2096 2036 2547 2101 perseverantiam
2580 2039 2841 2106 incendii,
2889 2050 2946 2095 ut
2989 2042 3243 2098 ardentes
3266 2056 3320 2100 et
3353 2046 3684 2103 delectentur

2094 2131 2150 2177 et
2175 2123 2420 2191 doleant,
2465 2127 2753 2182 absurdum
2799 2132 3069 2201 quoddam
3109 2143 3582 2205 temperamentum
3629 2140 3682 2194 iu

2094 2215 2373 2272 animabus
2399 2218 2508 2272 suis
2531 2219 2849 2277 efficientes.

2165 2307 2218 2361 5.
2264 2307 2382 2362 Jam
2419 2325 2549 2364 vero
2595 2312 2639 2365 si
2687 2313 2806 2382 quis
2850 2329 2950 2369 nos
2995 2315 3420 2388 intemperantia:
3460 2320 3530 2376 ob
3568 2321 3683 2377 hzec

2097 2396 2260 2451 verba
2285 2399 2606 2455 condenmct
2628 2401 2902 2473 (strenuos
2927 2406 3068 2459 enim
3101 2407 3244 2462 viros
3275 2419 3328 2464 et
3350 2425 3470 2465 eum
3495 2413 3679 2468 mulie-

2092 2488 2241 2542 ribus
2265 2489 2582 2554 habitantes,
2606 2493 2734 2546 nihil
2753 2509 2914 2564 grave
2938 2495 3088 2567 pati),
3115 2497 3297 2554 beatos
3316 2502 3531 2570 quidem
3558 2503 3680 2558 dico

2091 2581 2181 2651 qui
2213 2582 2342 2636 tales
2367 2583 2490 2646 sint,
2509 2592 2564 2638 et
2585 2585 2776 2639 vellem
2799 2589 2957 2640 etiam
2985 2590 3096 2658 ipse
3123 2589 3223 2644 hoc
3243 2593 3436 2649 robore
3456 2595 3678 2650 donari:

2091 2682 2144 2727 et
2172 2673 2286 2742 ipse
2311 2675 2524 2743 quidem
2556 2675 2693 2731 forte
2722 2677 2961 2734 adducor
2994 2690 3050 2734 ut
3073 2682 3286 2737 credam
3315 2699 3471 2754 posse
3497 2685 3681 2758 hujus-

2091 2765 2236 2818 modi
2266 2766 2406 2820 viros
2431 2768 2652 2836 reperiri
2679 2787 2691 2821 :
2719 2769 2908 2824 vellem
2937 2780 3114 2826 tamen
3141 2789 3236 2830 eos
3258 2777 3348 2846 qui
3379 2792 3476 2832 nos
3501 2794 3678 2849 repre-

2091 2853 2328 2910 hendunt
2352 2898 2366 2921 ,
2411 2872 2567 2926 posse
2611 2858 2712 2913 hoc
2752 2861 2904 2915 nobis
2934 2864 3286 2932 persuadere,
3325 2869 3464 2938 qttod
3494 2870 3678 2926 adole-

2091 2961 2247 3002 scens
2269 2949 2476 3004 fervens
2498 2966 2739 3020 corpore,
2769 2954 3064 3024 puellaeque
3092 2957 3277 3027 virgini
3295 2959 3602 3014 coliabitans
3624 2973 3679 3017 ct

2091 3037 2155 3090 ad
2190 3038 2349 3092 latera
2382 3041 2497 3108 ejus
2525 3041 2786 3107 assidens,
2819 3052 2873 3097 et
2897 3045 3053 3099 simul
3083 3062 3321 3108 cmuans.
3341 3059 3396 3103 et
3423 3066 3516 3118 per
3539 3051 3676 3107 diem

2092 3138 2256 3185 totum
2277 3131 2645 3201 confabulans,
2675 3145 2730 3188 ut
2763 3136 2893 3190 nihil
2923 3137 3062 3191 aliud
3094 3155 3379 3210 apponam,
3413 3143 3676 3214 intempe-

2090 3226 2255 3280 stivos
2294 3225 2433 3281 risus
2458 3236 2511 3281 et
2535 3227 2730 3283 effusos
2761 3230 3049 3285 cachinnos
3070 3244 3126 3286 et
3153 3233 3332 3288 mollia
3363 3235 3522 3289 verba
3546 3277 3559 3301 ,
3592 3245 3676 3290 at-

2089 3331 2192 3384 que
2217 3316 2317 3370 alia
2347 3333 2466 3386 qute
2491 3318 2634 3373 dictu
2658 3319 2934 3375 inhonesta
2963 3339 2976 3385 ;
3001 3323 3092 3376 sed
3126 3323 3176 3376 in
3200 3325 3407 3390 eadem,
3441 3325 3675 3396 inquam,

2092 3409 2336 3464 habitans
2372 3412 2532 3466 domo
2561 3412 2839 3483 eidemque
2880 3417 3278 3471 communicant;
3323 3431 3520 3472 mensa:
3543 3459 3558 3483 ,
3589 3419 3676 3472 ubi

2092 3500 2253 3554 multa
2283 3511 2366 3556 est
2396 3500 2613 3556 libertas
2638 3504 2922 3557 verborum
2947 3545 2960 3568 ,
2994 3514 3048 3558 et
3085 3506 3225 3558 ultro
3265 3506 3504 3576 citroque
3542 3510 3678 3562 acci—

2090 3595 2308 3661 pinntur
2337 3594 2500 3648 multa
2529 3595 2824 3666 danturquc
2843 3636 2858 3661 ,
2888 3597 3029 3650 nulla
3068 3597 3414 3652 humanarum
3437 3598 3663 3654 affectio

2091 3699 2215 3737 num
2247 3686 2522 3754 capiatur,
2551 3685 2643 3739 sed
2677 3701 2838 3755 purus
2868 3702 2896 3739 a
2930 3687 3066 3741 mala
3099 3687 3369 3757 voluptate
3398 3697 3452 3741 ct
3476 3703 3662 3742 concu.

2089 3776 2346 3849 piscentia
2375 3788 2720 3844 permaneat:
2755 3779 2946 3832 vellem
2979 3779 3093 3832 haec
3129 3779 3196 3832 ab
3228 3779 3308 3832 his
3341 3779 3428 3848 qui
3461 3793 3558 3832 nos
3585 3795 3675 3833 ar-

2089 3881 2256 3939 gttunt
2280 3885 2365 3925 me
2391 3870 2570 3925 doceri
2602 3887 2781 3941 posse,
2812 3872 2904 3926 sed
2938 3888 3108 3939 neque
3140 3873 3234 3941 ipsi
3265 3873 3446 3926 volunt
3470 3873 3672 3934 doceri,

2090 3969 2144 4014 et
2173 3961 2324 4015 nobis
2367 3961 2482 4016 haec
2517 3963 2581 4016 ad
2614 3963 2976 4017 defensionem
3015 3963 3357 4017 offerentibus
3388 3963 3679 4017 reclamant

2090 4053 2239 4121 quasi
2269 4054 2682 4121 impudentibus,
2709 4054 2895 4109 eodem
2923 4069 3028 4123 quo
3056 4054 3152 4123 ipsi
3179 4055 3364 4108 morbo
3391 4054 3674 4123 correptis.

2093 4144 2465 4211 propriamque
2487 4144 3064 4211 tegentibusmalitiam.
3086 4147 3152 4198 Et
3171 4145 3294 4213 quid
3321 4143 3434 4198 htec
3459 4144 3524 4198 ad
3555 4160 3673 4206 nos,

2091 4233 2301 4302 inquit?
2329 4232 2511 4299 Neque
2539 4250 2634 4286 nos
2663 4248 2846 4286 sumus
2873 4235 3086 4286 obnoxii
3118 4234 3434 4301 insipientia:
3461 4234 3672 4296 alienm,

2092 4335 2265 4392 neque
2289 4362 2302 4386 ,
2345 4322 2390 4375 si
2432 4323 2550 4390 quis
2572 4323 2730 4376 stulte
2765 4323 3166 4386 scandalizetnr,
3211 4323 3400 4392 dignus
3427 4339 3526 4393 ego
3554 4339 3671 4377 sum

2090 4415 2179 4483 qui
2211 4429 2393 4483 pmnas
2417 4415 2538 4468 dem
2573 4416 2642 4469 ob
2683 4415 2826 4469 illius
2856 4415 3231 4483 insipientiam.
3272 4417 3378 4471 Sed
3429 4418 3529 4471 hoc
3568 4432 3673 4470 non

2091 4505 2222 4559 dixit
2251 4507 2471 4572 Paulus,
2503 4507 2594 4562 sed
2635 4506 2906 4576 jussitut,
2958 4507 3000 4560 si
3042 4507 3235 4575 injuste
3278 4506 3668 4562 scandalizetur

2091 4599 2302 4668 aliquis,
2330 4600 2444 4668 ejus
2471 4600 2756 4653 infirmitati
2778 4600 3104 4654 consulatur.

2165 4691 2423 4754 Quantum
2458 4692 2667 4762 quisque
2694 4707 2867 4744 cavere
2909 4691 3085 4744 debeat
3124 4707 3185 4744 ne
3220 4692 3334 4746 aliis
3369 4689 3674 4758 o/Tendicufo

2091 4784 2172 4844 sit.
2194 4811 2266 4822 --
2289 4783 2438 4836 Tunc
2463 4782 2606 4837 enim
2641 4783 2812 4837 solum
2850 4783 3136 4836 liberamur
3160 4797 3188 4836 a
3225 4797 3401 4850 poena,
3432 4798 3550 4853 qum
3579 4797 3674 4850 po-

2090 4876 2188 4929 sita
2216 4884 2297 4929 est
2321 4874 2370 4927 in
2395 4890 2485 4928 eos
2509 4875 2596 4944 qui
2625 4873 2930 4928 scandalum
2953 4873 3082 4927 dant
3101 4874 3237 4937 aliis,
3261 4875 3304 4928 si
3326 4889 3389 4928 ex
3421 4873 3672 4927 seandalo

2090 4966 2230 5019 aliud
2267 4964 2534 5035 quoddam
2575 4965 2780 5019 lucrum
2817 4975 3064 5019 nascatur
3097 4964 3268 5034 majus
3295 4965 3490 5018 damno
3531 4965 3670 5034 quod

2090 5075 2154 5113 ex
2185 5059 2436 5113 seandalo
2461 5057 2540 5111 fit.
2569 5057 2823 5127 Adeoque
2851 5057 2895 5110 si
2927 5059 3029 5112 hoc
3053 5073 3156 5110 non
3180 5056 3357 5118 fuerit,
3383 5064 3437 5108 et
3463 5055 3566 5108 hoc
3595 5071 3674 5109 so-

2095 5153 2206 5206 lum
2235 5150 2510 5204 obvenerit
2533 5190 2547 5212 ,
2580 5158 2636 5202 tit
2662 5148 3086 5204 scindalizentur
3111 5146 3201 5201 alii
3225 5186 3240 5211 ,
3280 5149 3392 5200 sive
3417 5146 3488 5200 ob
3512 5145 3672 5199 ratio-

2090 5260 2212 5299 nem
2248 5245 2507 5312 aliquam,
2536 5243 2649 5296 sive
2676 5243 2745 5296 ob
2780 5243 2977 5296 nullam
3004 5283 3018 5305 ,
3060 5241 3171 5294 sive
3198 5249 3253 5294 ut
3283 5238 3475 5293 infirmi
3505 5237 3674 5300 offen-

2089 5335 2301 5397 dantur,
2344 5335 2557 5404 sanguis
2586 5335 2793 5389 illorum
2825 5350 2984 5404 super
3009 5341 3165 5400 caput
3207 5341 3445 5387 nostrum
3465 5370 3483 5396 ,
3515 5339 3570 5386 et
3603 5348 3666 5384 cx

2090 5430 2335 5483 manibus
2364 5428 2559 5482 nostris
2595 5429 2730 5482 Deus
2767 5428 2971 5482 animas
2999 5425 3128 5478 tales
3160 5425 3412 5494 requiret.
3453 5424 3516 5477 Et
3543 5440 3668 5492 pro-

2091 5532 2210 5591 pter
2241 5522 2359 5580 hoc.
2390 5537 2454 5574 ne
2483 5536 2578 5588 per
2598 5521 2774 5574 omnia
2798 5519 3183 5586 negligeremus
3213 5517 3294 5569 vel
3318 5516 3671 5583 abjiceremus

2088 5630 2181 5668 eos
2211 5613 2402 5681 quibus
2427 5611 2746 5666 offendicqu
2788 5622 2969 5662 sumus
2993 5647 3008 5671 ,
3042 5608 3300 5662 terminos
3330 5607 3586 5677 quosdam
3619 5619 3668 5661 cl

2089 5705 2303 5774 regulas
2331 5704 2482 5758 nobis
2509 5703 2751 5757 Chrisms
2774 5698 3133 5770 praescripsit:
3169 5714 3289 5752 nam
3319 5707 3374 5753 et
3403 5698 3503 5753 hoc
3525 5708 3578 5752 et
3611 5699 3667 5751 il-

2094 5795 2179 5851 lud
2215 5796 2354 5863 fecit,
2386 5804 2537 5865 prout
2570 5803 2776 5863 tempus
2802 5790 3120 5861 postulabat.
3154 5791 3438 5849 Enimvero
3459 5805 3574 5844 cum
3605 5792 3664 5842 de

3263 5900 3341 5958 ΞΩ
