4138 6456
586 371 695 427 499

589 498 773 543 natura
801 485 1042 542 ciborum
1065 484 1367 548 dissereret,
1390 493 1445 541 et
1469 482 1775 539 ostenderet
1792 497 1910 538 eam
1934 496 2052 537 esse
2080 498 2177 553 pu-

587 593 722 645 ram,
740 585 791 632 et
808 592 836 630 a
852 576 1069 633 Judaica
1089 577 1456 631 observatione
1471 576 1744 641 liberaret,
1763 575 1917 629 Petro
1934 574 2176 645 ingresso

584 682 633 723 tu
649 670 880 735 dicente,
893 668 1242 724 Scandaliznti
1252 680 1386 735 sunt,
1402 669 1559 724 dixit:
1575 668 1845 739 Sineipsos
1861 666 2069 742 (Matth.
2082 667 2171 724 15.

583 765 671 816 η.
706 764 773 817 Η
793 764 833 834 ).
870 764 934 816 Et
977 778 1080 815 non
1119 763 1290 817 solum
1318 761 1594 831 despexit,
1626 761 1753 831 quin
1781 770 1835 816 et
1862 760 2127 814 accusavit
2158 777 2170 813 :

592 857 771 909 Omnis
799 856 930 909 enim
954 856 1205 925 plantatio
1229 896 1243 920 ,
1274 871 1424 925 quam
1452 871 1552 909 non
1582 853 1826 924 plantavit
1851 852 2008 906 Pater
2033 868 2171 906 meus

580 948 823 1014 rwlcstis,
870 948 1205 1001 eradicabitur
1234 945 1341 1016 (Ib.
1372 960 1420 996 r.
1449 944 1562 1014 15).
1609 943 1684 999 Ita
1725 945 1892 1013 legem
1932 943 1997 996 de
2039 943 2170 997 cibis

587 1041 790 1094 irritam
823 1026 1097 1095 fecithbi
1125 1048 1301 1093 autem
1332 1037 1419 1106 qni
1446 1036 1698 1107 petebant
1726 1035 2031 1089 didrachma
2057 1076 2072 1098 ,
2100 1033 2167 1088 ad

583 1133 801 1187 Petrum
832 1132 1149 1186 accedentes
1175 1130 1444 1190 dixerunt,
1479 1127 1723 1198 Magister
1752 1137 1995 1182 tuus‘non
2022 1127 2168 1181 solvit

577 1220 891 1274 didi-arbuta
914 1221 1144 1291 (Matth.
1173 1222 1257 1275 17.
1280 1221 1407 1290 Ξῦ).
1434 1230 1566 1273 tunc
1593 1235 1701 1273 non
1722 1218 1862 1273 idem
1884 1218 1994 1286 egit
2019 1216 2164 1272 sicut

579 1321 759 1374 antea,
780 1316 871 1367 sed
894 1315 1157 1367 rationem
1173 1314 1361 1368 habuit
1389 1313 1656 1377 scandali,
1678 1319 1734 1367 et
1760 1311 1868 1366 ait:
1895 1309 1963 1364 Ut
1988 1320 2165 1366 autem

573 1420 676 1457 non
701 1403 1100 1457 scandalizemus
1129 1405 1295 1472 ipsos,
1331 1402 1469 1456 mitte
1496 1402 1700 1455 hamum
1721 1403 1772 1455 in
1803 1419 1942 1456 mare
1960 1444 1975 1469 ,
2007 1410 2054 1456 et
2082 1402 2162 1472 pi»-

568 1511 701 1547 scent
727 1495 812 1565 qui
836 1496 1053 1564 primum
1081 1510 1310 1564 egressus
1332 1494 1483 1564 fuerit
1507 1494 1644 1561 tolle,
1668 1494 1981 1565 inveniesque
2001 1495 2050 1548 in
2078 1511 2162 1548 ore

575 1589 685 1649 eius
729 1596 961 1640 stateram
989 1602 1007 1639 :
1037 1586 1168 1639 hunc
1196 1596 1454 1657 acceptum
1492 1586 1559 1639 da
1597 1603 1687 1657 pro
1728 1603 1808 1640 me
1847 1596 1896 1641 et
1944 1596 1991 1639 te
2032 1586 2156 1659 (Ib.

577 1678 703 1733 ιι.ἓῖ
730 1679 770 1749 ).
797 1676 958 1733 Vides
987 1679 1145 1732 modo
1165 1688 1460 1743 curantem,
1493 1677 1653 1731 modo
1679 1676 1810 1731 nihil
1838 1687 2111 1733 curantem
2134 1679 2159 1751 ?_

566 1768 696 1823 Nam
727 1768 827 1825 hoc
848 1768 966 1824 loco
995 1769 1128 1824 nihil
1153 1768 1304 1824 valde
1340 1768 1606 1823 referebat
1632 1769 1858 1839 gloriam
1887 1769 2154 1841 Uuigeniti

567 1861 789 1915 revelari
815 1879 829 1916 :
856 1861 1124 1932 quomodo
1155 1861 1297 1916 enim
1323 1902 1337 1928 ,
1365 1875 1484 1915 cum
1515 1871 1569 1916 et
1597 1861 1718 1916 alibi
1748 1861 2012 1917 studuerit
2035 1878 2152 1918 eam

563 1952 921 2018 obumbrare,
957 1954 1375 2023 pracceperitqne
1417 1953 1771 2021 multitudini,
1808 1968 1877 2008 ne
1914 1953 2152 2008 dicereut

563 2043 706 2112 quod
733 2044 845 2113 ipse
864 2055 1009 2102 esset
1031 2043 1308 2099 Christus?
1334 2045 1404 2100 Et
1428 2054 1706 2116 propterea
1730 2045 1859 2098 nihil
1876 2044 2057 2099 damni
2084 2060 2151 2099 ex

561 2151 627 2188 eo
668 2135 807 2205 quod
853 2136 1108 2206 dependit
1139 2136 1447 2193 didrachma
1483 2151 1496 2190 :
1529 2137 1572 2191 si
1611 2148 1787 2191 autem
1819 2153 1924 2190 non
1953 2136 2147 2191 solvis-

560 2235 663 2292 set,
690 2242 877 2296 magna
905 2226 1027 2282 inde
1049 2235 1171 2283 nata
1198 2227 1422 2282 fuissent
1444 2227 1582 2282 mala
1609 2242 1760 2282 :nam
1782 2236 1839 2282 ut
1867 2237 2146 2300 tyrannum

559 2327 611 2371 et
640 2316 996 2372 obluctantem
1027 2326 1080 2373 et
1105 2318 1333 2373 civitatis
1361 2319 1625 2373 universa:
1654 2318 1924 2373 inimicum
1950 2360 1963 2383 ,
1993 2328 2045 2374 et
2094 2320 2145 2373 in

559 2417 796 2464 extrema
820 2410 1052 2478 pericula
1074 2410 1419 2480 injicientem,
1444 2411 1622 2481 utique
1644 2412 1876 2466 aversati
1898 2411 2140 2467 fuissent.

559 2499 846 2569 Propterea
878 2501 1021 2570 ipsos
1048 2500 1141 2570 qui
1169 2501 1417 2556 volebant
1446 2501 1616 2570 ipsum
1648 2516 1856 2571 rapere,
1886 2511 1939 2556 et
1969 2501 2141 2558 facere

558 2604 758 2659 regem,
788 2590 996 2662 longius
1021 2591 1172 2662 fugit,
1204 2607 1429 2662 eamque
1453 2591 1761 2662 opinionem
1789 2607 1818 2645 a
1849 2592 2029 2646 amitis
2050 2593 2141 2661 qui

552 2682 693 2737 circa
719 2682 893 2752 ipsum
922 2692 1076 2739 erant
1103 2683 1314 2754 repulit.
1342 2684 1514 2739 Priori
1540 2678 1715 2739 autem
1748 2683 1867 2739 luco
1895 2698 2143 2739 necessa-

554 2776 692 2830 rium
719 2786 835 2830 erat
864 2776 916 2831 id
946 2776 1087 2845 quod
1114 2777 1371 2847 agebatur
1397 2794 1410 2828 :
1444 2776 1565 2831 ideo
1603 2776 1805 2831 utiliter
1835 2791 1899 2830 ac
1931 2785 2138 2845 tempe-

548 2865 686 2920 stive
705 2878 758 2923 et
779 2877 836 2921 ut
857 2868 909 2921 in
936 2867 1141 2923 meliori
1162 2882 1324 2937 opere
1339 2867 1659 2937 contempsit
1685 2867 2011 2923 scandalum.
2044 2868 2140 2922 Et-

550 2964 691 3017 euim
705 2962 859 3017 valde
886 2962 1109 3030 tempori
1126 2962 1448 3032 congruebat
1476 2961 1542 3017 ad
1572 2977 1873 3033 supremam
1905 2963 2137 3033 philoso-

548 3053 725 3125 phiam
754 3067 1070 3109 ascensuros
1099 3070 1204 3107 non
1235 3052 1519 3124 prohibere
1544 3063 1601 3109 ut
1624 3055 1821 3110 Iudaeis
1844 3070 1960 3110 mos
1982 3071 2134 3127 gere-

546 3157 724 3212 retur;
748 3146 839 3201 sed
866 3146 1017 3200 abire
1038 3154 1261 3201 vocante
1285 3155 1527 3217 tempore
1552 3146 1616 3199 ad
1638 3147 1798 3201 animi
1823 3148 2129 3216 puritatem,

544 3257 715 3311 neque
743 3240 997 3296 retardari
1027 3240 1290 3311 corporali
1316 3240 1706 3306 observatiOue,
1739 3240 1832 3294 sed
1863 3257 1891 3294 a
1924 3241 2011 3294 vili
2044 3241 2130 3296 illa

540 3348 667 3388 enra
708 3334 888 3388 eximi.
930 3333 1019 3388 Sic
1059 3342 1114 3388 et
1152 3333 1346 3387 Paulus
1385 3332 1544 3387 modo
1575 3332 2011 3402 contempsiteos
2040 3333 2130 3403 qui

539 3426 1050 3494 scandalizabantur,
1067 3425 1224 3480 modo
1244 3441 1350 3479 non
1370 3425 1707 3495 contempsit,
1725 3425 2024 3494 Magistrum
2045 3440 2130 3481 se-

539 3535 730 3588 quens,
760 3529 813 3575 et
840 3520 973 3573 dixit
1002 3537 1015 3573 :
1053 3519 1152 3572 Ρτν
1179 3519 1347 3573 omnia
1379 3519 1608 3573 omnibus
1634 3521 1828 3588 placeo,
1862 3536 1962 3573 non
1987 3536 2127 3589 quae-

537 3627 657 3665 rens
682 3611 816 3679 quod
843 3611 964 3664 milii
990 3609 1114 3665 utile
1138 3620 1232 3672 est,
1256 3611 1345 3665 sed
1376 3611 1509 3680 quod
1540 3610 1732 3676 multis,
1763 3620 1817 3664 ut
1843 3612 1972 3665 salvi
1996 3612 2125 3680 ﬁant

539 3702 629 3771 (1.
664 3700 779 3756 Cor.
811 3702 895 3757 10.
929 3701 1061 3773 55).
1104 3702 1160 3756 Si
1189 3712 1364 3757 autem
1402 3703 1596 3758 Paulus
1634 3717 1782 3756 suam
1826 3702 2117 3758 contemnit

536 3793 839 3860 utilitatem,
871 3804 927 3848 ut
958 3794 1186 3848 inveniat
1213 3793 1353 3864 quod
1384 3794 1561 3847 multis
1589 3793 1774 3863 prosit,
1802 3802 1999 3863 quanta
2021 3807 2121 3848 nos

533 3883 676 3952 digni
703 3884 903 3938 erimus
933 3898 1089 3953 paena
1117 3925 1130 3948 ,
1173 3883 1217 3937 si
1260 3897 1432 3951 neque
1460 3884 1730 3951 proprium
1762 3882 1993 3953 fugimus
2020 3880 2118 3937 da-

535 3991 739 4039 mnum,
760 3983 816 4028 nt
838 3975 1174 4029 inveniamus
1195 3974 1335 4043 quod
1358 3975 1485 4028 utile
1508 3975 1577 4029 sit
1598 3974 1738 4041 aliis,
1761 3976 1854 4030 sed
1878 3989 1976 4029 nos
1996 3990 2120 4045 quo-

530 4083 635 4137 que
654 4082 773 4121 eum
800 4066 919 4121 aliis
934 4067 1167 4122 suaviter
1186 4067 1477 4137 perdimus,
1500 4082 1621 4122 cum
1651 4082 1925 4138 possemus
1946 4077 1998 4123 et
2020 4082 2117 4124 nos

531 4164 674 4230 ipsos
702 4171 756 4216 et
777 4161 912 4215 alios
936 4176 1151 4216 servare
1171 4160 1194 4213 ’ἶ
1215 4161 1504 4230 Propterea
1524 4176 1644 4216 cum
1669 4161 1813 4217 videt
1837 4163 2009 4232 majus
2035 4163 2117 4217 lu-

528 4267 677 4306 crum
706 4267 862 4320 quam
894 4251 1147 4306 damnum
1173 4294 1189 4319 ,
1218 4253 1506 4307 contemnit
1540 4267 1634 4308 eos
1671 4254 1761 4323 qui
1803 4253 2112 4309 scandalum

527 4344 800 4413 patiuntur
829 4361 843 4398 :
876 4343 965 4398 ubi
1007 4353 1184 4398 autem
1233 4345 1438 4400 lucrum
1479 4344 1623 4399 videt
1665 4345 1868 4399 nullum
1891 4384 1906 4409 ,
1937 4346 2112 4401 solum

527 4446 707 4489 autem
746 4436 1055 4491 scandalum
1101 4436 1225 4491 inde
1266 4438 1480 4492 evenire
1505 4478 1519 4502 ,
1559 4436 1738 4491 omnia
1765 4446 1820 4492 et
1861 4437 2034 4493 facere
2057 4445 2114 4492 et

528 4526 634 4592 pati
655 4535 870 4593 paratus
891 4535 974 4581 est
1003 4542 1069 4581 ne
1090 4527 1317 4580 eveniat.
1346 4527 1410 4580 Et
1431 4542 1536 4580 non
1558 4525 1792 4595 disputat
1813 4527 1934 4581 talia
1963 4543 2112 4582 more

524 4624 751 4670 nostro:
785 4630 890 4670 non
931 4617 1068 4669 enim
1112 4616 1274 4681 dicit,
1303 4615 1479 4683 Quare
1520 4624 1645 4670 sunt
1687 4616 1919 4671 inﬁrmi?
1944 4633 2112 4688 quare.

524 4708 641 4761 sine
670 4720 828 4760 causa
857 4706 935 4761 sic
962 4705 1135 4761 allecti
1167 4707 1334 4761 sunt?
1361 4706 1455 4762 sed
1481 4722 1544 4761 ea
1572 4708 1639 4761 de
1664 4723 1825 4763 causa
1854 4708 1982 4777 ipsis
2011 4724 2110 4780 po-

526 4798 789 4851 tissimum
816 4799 1003 4868 parcit,
1029 4798 1150 4868 quia
1175 4800 1246 4854 ob
1273 4800 1496 4853 rationis
1525 4800 1800 4869 penuriam
1827 4801 1897 4855 ita
1924 4815 1984 4857 se
2012 4802 2109 4855 ba-

523 4891 665 4955 beut,
697 4900 750 4946 et
780 4892 850 4946 ita
880 4891 1072 4945 inﬁrmi
1101 4900 1248 4947 sunt.

595 4986 649 5039 4.
694 4985 793 5038 Dic
825 4988 967 5040 enim
1012 4983 1141 5038 mihi
1179 4984 1388 5053 qualem
1436 4984 1526 5040 ille
1569 4984 1938 5043 rationabilem
1965 5001 2105 5056 pra:-

522 5085 726 5131 textnm
754 5074 932 5130 dicere
953 5082 1161 5145 potest,
1187 5076 1277 5145 qui
1300 5075 1686 5131 scandalizatur
1706 5077 1766 5131 in
1794 5076 2107 5132 comedente

519 5182 736 5223 carnem
775 5176 829 5221 et
863 5166 1076 5223 bibentc
1114 5168 1339 5222 vinum?
1380 5170 1516 5223 hanc
1542 5170 1737 5241 quippe
1766 5170 1938 5240 legem
1968 5172 2105 5225 Deus

521 5259 645 5313 olim
680 5260 873 5328 posuit.
899 5256 1279 5314 Verumtamen
1311 5260 1362 5313 in
1394 5260 1475 5313 his
1507 5261 1552 5314 si
1590 5260 1978 5316 scandalizetur
2004 5262 2105 5317 ali-

519 5352 657 5418 quis,
687 5350 882 5405 Paulns
905 5352 1154 5405 abstinet.
1186 5349 1308 5404 Non
1332 5353 1471 5405 enim
1496 5367 1699 5408 carnem
1721 5355 2001 5420 comedam,
2027 5355 2107 5408 iu-

519 5444 669 5508 quit,
698 5457 852 5511 neque
889 5444 1057 5495 vinum
1085 5441 1251 5496 bibam
1274 5483 1287 5506 ,
1329 5452 1383 5496 ut
1421 5459 1484 5496 ne
1520 5444 1857 5498 scandalizent
1899 5445 2105 5514 fratrem

520 5529 538 5598 (
565 5533 609 5584 l.
633 5532 751 5586 Cor.
778 5533 971 5603 8.15).
1001 5535 1109 5589 Nec
1130 5534 1344 5590 dixitea
1375 5552 1491 5604 qua:
1518 5551 1616 5591 nos
1639 5538 1898 5593 dicimus:
1921 5538 2102 5608 Subji-

518 5622 813 5677 ciendusue
855 5640 953 5693 ego
992 5627 1180 5681 alienas
1223 5627 1583 5696 insipientite?
1623 5644 1747 5683 num
1781 5630 1906 5699 quia
1943 5631 2101 5686 alicui

520 5710 831 5778 simpliciori
869 5712 1077 5768 videtur
1109 5731 1229 5770 esse
1271 5717 1581 5771 scandalum
1607 5758 1623 5781 ,
1666 5734 1765 5788 ego
1793 5719 1985 5789 dignus
2012 5722 2103 5788 qui

519 5798 834 5869 simplicium
874 5801 1058 5858 luam?
1084 5806 1335 5874 Quamvis
1380 5810 1535 5863 etiam
1574 5811 1615 5863 si
1655 5810 1908 5878 dixisset,
1939 5812 2103 5867 multo

1291 357 1348 416 S.
1382 359 1669 419 JOANNIS
1697 358 2178 419 CHRYSOSTOMI
2224 364 2544 423 ARCﬂlEP.
2576 366 3108 432 CONSTANTINOP.

3738 391 3825 448 500

2286 489 2466 536 tamen
2502 482 2699 553 justius
2735 485 2958 544 dixisset
3004 505 3160 559 quam
3203 505 3318 547 nos.
3365 493 3496 548 Nam
3535 498 3620 566 qui
3660 496 3707 552 in
3747 501 3830 558 illis

2281 573 2690 643 scandalizatur,
2716 576 3018 633 insensatus
3035 586 3190 636 estet
3211 584 3362 638 valde
3380 584 3657 655 insipiens;
3675 605 3829 647 verum

2281 664 2334 719 in
2369 665 2450 720 bis
2479 667 2593 736 ipse
2621 669 2818 724 multas
2838 671 3010 739 justas
3052 681 3107 728 et
3125 673 3313 744 dignas
3339 692 3529 733 causas
3567 694 3690 748 quas
3712 681 3832 740 dicat

2279 757 2460 815 habet.
2479 761 2853 818 Verumtamen
2871 764 3096 833 justiora
3115 766 3273 821 etiam
3291 783 3449 836 quam
3475 784 3573 825 nos
3593 772 3833 831 habuisset

2279 849 2493 913 Paulus,
2515 851 2781 920 siquidem
2810 854 3092 910 voluisset:
3113 865 3167 910 at
3183 872 3288 911 non
3307 859 3455 925 dixit,
3488 861 3579 915 sed
3604 863 3666 916 ad
3691 881 3831 921 umun

2275 941 2447 996 solum
2491 945 2800 1013 spectavit,
2847 960 3040 1015 nempe
3081 948 3303 1003 salutem
3349 952 3596 1019 proximi.
3637 954 3697 1009 Et
3730 957 3831 1012 vide

2273 1047 2429 1102 quam
2461 1033 2756 1091 eminenter
2784 1054 2798 1092 :
2830 1052 2933 1091 non
2958 1037 3098 1092 enim
3126 1039 3262 1093 dixit
3288 1043 3485 1106 semel,
3510 1052 3599 1098 aut
3626 1044 3732 1113 bis,
3755 1057 3834 1101 aut

2273 1131 2420 1177 tanto
2448 1134 2708 1195 tempore,
2741 1127 2857 1193 sed,
2889 1127 2953 1182 In
2982 1140 3246 1196 retentum,
3270 1134 3365 1195 ait,
3396 1148 3494 1186 non
3517 1135 3831 1200 comedunt,si

2271 1213 2662 1270 scandalizatur
2689 1217 2845 1272 alius.
2881 1219 2945 1273 Et
2969 1228 3028 1273 ut
3053 1235 3119 1273 ne
3148 1229 3300 1289 putes
3330 1222 3381 1273 in
3420 1222 3501 1276 his
3529 1238 3649 1277 eum
3677 1227 3831 1279 subsi-

2268 1314 2410 1361 stere
2431 1347 2445 1371 ,
2476 1317 2532 1362 et
2558 1307 2700 1363 aliud
2744 1310 2995 1379 quiddam
3026 1312 3211 1380 adjicit
3250 1312 3350 1368 huc
3393 1319 3582 1383 majus.
3616 1316 3681 1371 Ut
3705 1319 3827 1373 enim

2266 1394 2666 1465 dixithontmt
2702 1411 2774 1457 est
2811 1419 2913 1456 non
2940 1405 3197 1458 comedere
3220 1422 3453 1470 carnem.
3485 1418 3532 1461 et
3570 1425 3664 1461 non
3687 1409 3832 1465 bibere

2262 1490 2437 1542 riuum
2467 1488 2658 1562 (Rom.
2690 1493 2777 1546 16.
2822 1492 2886 1548 21
2917 1492 2974 1562 ),
3006 1494 3279 1563 conjunxit
3307 1505 3359 1550 et
3386 1497 3512 1550 illud
3538 1515 3551 1552 :
3586 1497 3752 1568 Neque
3772 1501 3829 1555 il-

2264 1582 2355 1634 lud
2372 1623 2388 1646 ,
2427 1599 2516 1652 per
2551 1583 2686 1654 quod
2711 1587 2874 1655 frater
2899 1594 3014 1641 tuus
3050 1587 3322 1659 impingit,
3353 1589 3430 1642 vel
3454 1591 3826 1659 scandaiizutur,

2263 1672 2341 1726 vel
2363 1673 2667 1739 inﬁrmatur.
2694 1675 2762 1730 Et
2778 1677 3142 1733 animadverte
3166 1694 3355 1733 rursus
3376 1682 3683 1748 sapientiam
3711 1699 3830 1752 pra:-

2269 1765 2521 1833 eeptoris.
2554 1766 2759 1821 Relicto
2793 1769 2936 1822 cnim
2975 1769 3189 1825 inlirmo
3226 1769 3416 1825 fortem
3466 1772 3680 1841 corrigit
3721 1785 3828 1829 ante

2260 1855 2408 1909 illum
2445 1874 2457 1910 :
2489 1872 2610 1911 nam
2640 1859 2795 1913 fortis
2820 1868 3009 1915 auctor
3031 1868 3113 1915 est
3136 1900 3150 1927 ,
3187 1862 3325 1932 quod
3360 1862 3447 1916 ille
3477 1862 3714 1935 inﬁrpms
3736 1865 3824 1929 sit,

2266 1962 2332 2001 eo
2358 1947 2501 2017 quod
2540 1950 2707 2019 possit
2735 1950 3096 2007 infirmitatem
3117 1954 3384 2022 corrigere
3403 1994 3419 2020 ,
3450 1964 3503 2010 et
3531 1970 3636 2010 non
3666 1956 3823 2011 faciat.

2262 2037 2462 2107 Ecquid
2494 2038 2613 2095 dico
2642 2040 2708 2094 de
2740 2041 2965 2096 inlirmis
2991 2041 3288 2097 fratribus?
3321 2044 3525 2099 Etenim
3567 2046 3756 2101 .ludmis
3780 2060 3826 2102 et

2253 2130 2504 2197 gentibus
2533 2131 2686 2200 jubet
2718 2134 2960 2189 eamdem
2991 2149 3171 2190 curam
3206 2136 3437 2205 impendi
3472 2157 3485 2194 :
3519 2139 3646 2193 Sine
3676 2139 3823 2207 o/Icu-

2242 2219 2448 2289 diculo,
2478 2222 2572 2289 ait,
2592 2233 2747 2278 estote
2765 2234 2812 2278 et
2831 2224 3027 2281 Judwis
3053 2236 3097 2281 et
3116 2229 3345 2296 gentibus
3369 2240 3415 2282 et
3440 2227 3682 2286 Ecclesiae
3707 2230 3793 2285 Dei
3808 2234 3822 2263 ⁸

2253 2315 2328 2383 (4.
2359 2314 2475 2370 Cor.
2500 2316 2582 2372 i0.
2608 2317 2724 2390 52).
2747 2318 2929 2389 Itaque
2952 2330 3150 2390 quanto
3177 2331 3228 2376 te
3250 2321 3518 2378 fortiorem
3542 2340 3663 2380 esse
3684 2325 3819 2391 dicis,

2248 2409 2488 2479 nihilque
2525 2425 2554 2466 a
2592 2412 2988 2467 cohabitatione
3027 2416 3331 2469 nocumeuti
3378 2418 3624 2486 accipere
3647 2458 3660 2479 ,
3692 2427 3823 2473 tanto

2246 2501 2417 2571 magis
2440 2501 2669 2571 teipsum
2697 2502 2993 2559 debitorem
3021 2507 3321 2571 constituis,
3350 2516 3408 2562 ut
3440 2509 3703 2564 vinculum
3732 2509 3822 2565 hoc

2244 2608 2483 2664 rumpas.
2508 2593 2640 2651 Nam
2666 2605 2865 2666 quanto
2889 2594 3081 2652 fortior
3096 2613 3223 2654 eras
3244 2640 3258 2663 ,
3291 2608 3438 2653 tanto
3465 2602 3672 2672 mquius
3697 2603 3788 2656 fuit
3805 2644 3819 2667 ,

2246 2693 2304 2741 ut
2327 2684 2672 2741 inﬁrmiorem
2700 2696 2959 2756 gestares.
2993 2688 3156 2759 igitur
3181 2690 3227 2746 si
3250 2690 3489 2747 infirmus
3508 2709 3592 2761 es,
3621 2704 3822 2766 propter

2247 2784 2300 2831 te
2329 2776 2500 2845 ipsum
2530 2776 2764 2844 desiste;
2795 2778 2876 2833 sin
2914 2780 3212 2846 robustior,
3246 2792 3463 2853 propter
3491 2784 3710 2840 alterius
3743 2786 3820 2839 in-

2240 2867 2568 2923 firmitatem.
2598 2868 2714 2924 Non
2744 2871 2886 2925 enim
2913 2872 3013 2927 sibi
3040 2872 3136 2942 ipsi
3164 2872 3477 2942 dumtaxat,
3506 2877 3605 2932 sed
3634 2889 3685 2932 ct
3712 2878 3819 2933 aliis

2240 2959 2432 3016 fortem
2475 2975 2597 3016 esse
2636 2971 2849 3032 oportet
2876 2978 2998 3019 eum
3025 2965 3116 3036 qui
3162 2965 3315 3021 fortis
3348 2977 3450 3022 est.
3487 2968 3645 3038 Quod
3686 2971 3729 3026 si
3773 2981 3819 3026 te

2237 3049 2430 3108 fortem
2463 3069 2585 3109 esse
2614 3053 2747 3110 dicis
2770 3096 2785 3122 ,
2828 3064 2884 3112 et
2923 3057 3285 3113 inﬁrmitatem
3315 3060 3461 3116 illius
3487 3062 3813 3129 contemnis,

2236 3144 2452 3214 duplam
2478 3147 2629 3202 dabis
2654 3164 2867 3218 pinnam
2890 3192 2903 3215 ,
2931 3160 3040 3205 tum
3066 3152 3207 3221 quod
3240 3168 3342 3206 non
3373 3157 3681 3224 pepercisti,
3714 3166 3813 3212 tum

2232 3237 2375 3306 quod
2411 3239 2572 3293 multa
2613 3240 2703 3294 tibi
2746 3241 2828 3297 vis
2857 3250 2975 3296 erat
3007 3251 3064 3296 ut
3094 3242 3167 3296 illi
3200 3258 3421 3312 parcere
3452 3260 3659 3314 posses.
3691 3247 3812 3302 Nam

2234 3329 2600 3400 unusquisque
2622 3340 2860 3388 nostrum
2880 3332 3091 3389 debitor
3110 3345 3191 3389 est
3213 3335 3399 3391 salutis
3422 3340 3670 3406 proximi.
3691 3340 3813 3394 Pra-

2231 3428 2412 3489 pterea
2437 3420 2574 3491 jussi
2600 3438 2783 3479 sumus
2802 3466 2817 3490 ,
2851 3440 2956 3479 non
2984 3441 3102 3495 qua:
3131 3437 3310 3481 nostra
3349 3438 3477 3482 sunt
3503 3470 3518 3495 ,
3570 3430 3662 3486 sed
3703 3448 3811 3502 qtre

2225 3512 2454 3580 proximi
2494 3515 2762 3587 spectare(
2780 3517 2831 3573 l.
2852 3515 2970 3571 Cor.
2991 3516 3087 3586 10,
3114 3517 3185 3576 9.4
3206 3517 3247 3590 ).
3277 3518 3456 3578 Pretio
3482 3523 3626 3577 enim
3646 3525 3809 3593 empti

2226 3616 2423 3657 sumus
2443 3604 2517 3675 (ι.
2541 3604 2666 3659 Cor.
2688 3608 2742 3672 ϐ.
2763 3609 2879 3679 20),
2899 3617 2953 3663 et
2969 3611 3061 3679 qui
3083 3626 3182 3665 nos
3207 3611 3452 3677 redemit,
3478 3614 3583 3666 hoc
3615 3627 3808 3681 praece-

2226 3693 2308 3764 pit
2342 3694 2396 3748 in
2432 3710 2777 3757 communem
2809 3703 3117 3756 animarum
3159 3712 3477 3759 nostrarum
3512 3707 3817 3759 utilitatem.

2222 3785 2338 3842 Non
2379 3785 2520 3843 enim
2549 3788 2649 3842 hoc
2688 3788 2862 3845 solum
2906 3799 3146 3843 nostrum
3189 3796 3273 3845 est
3298 3789 3504 3845 lucrum
3539 3832 3557 3857 ,
3609 3780 3808 3859 quando

2222 3882 2434 3953 propria
2476 3895 2752 3939 servamus
2792 3882 3036 3938 membra
3062 3923 3078 3950 ,
3125 3884 3219 3938 sed
3258 3891 3312 3936 et
3345 3882 3559 3951 quando
3598 3882 3733 3935 alios
3760 3881 3806 3933 in

2222 3973 2409 4045 majori
2453 3975 2737 4029 securitate
2777 3974 3168 4029 constituimus.
3217 3974 3468 4041 Quamvis
3500 3975 3644 4028 enim
3695 3973 3807 4027 mih

2220 4064 2320 4119 lies
2363 4063 2754 4134 philosopheris
2782 4105 2797 4131 ,
2850 4063 3183 4135 redargueris
3227 4072 3405 4119 tamen
3460 4078 3558 4135 per
3610 4079 3803 4135 opera,

2218 4153 2471 4210 damnum
2514 4170 2580 4211 ex
2626 4154 2728 4209 hac
2765 4154 3159 4210 cobabitatione
3199 4166 3512 4222 accepturus
3556 4169 3664 4210 non
3695 4153 3805 4206 vul-

2215 4259 2364 4315 gare.
2405 4245 2629 4313 Quando
2658 4246 2799 4300 enim
2831 4255 2884 4301 te
2909 4245 3063 4302 video
3103 4246 3172 4299 ita
3210 4246 3367 4300 avelli
3398 4261 3501 4299 non
3530 4260 3691 4315 posse
3711 4287 3725 4309 ,
3754 4251 3805 4299 et

2218 4337 2384 4392 millia
2412 4352 2597 4393 eorum
2622 4336 2918 4408 despicere,
2960 4352 3078 4407 qua:
3106 4336 3358 4391 damnum
3404 4337 3662 4400 inferunt,
3706 4348 3800 4389 nec

2215 4429 2459 4485 converti
2487 4438 2537 4486 te
2567 4437 2672 4485 tam
2703 4429 2883 4484 multis
2906 4427 3447 4498 reprehendentibus,
3473 4427 3566 4484 sed
3602 4437 3659 4482 et
3682 4427 3794 4496 glo-

2215 4522 2349 4576 riam
2374 4530 2514 4576 tuam
2542 4521 2878 4585 coneulcare,
2905 4519 3264 4589 Ecclesiaeque
3285 4534 3528 4589 magnam
3552 4518 3800 4573 invidiam

2212 4610 2485 4679 conflare,
2526 4620 2687 4682 atque
2726 4610 3021 4666 infidelium
3069 4625 3162 4665 ora
3212 4611 3423 4681 aperire
3448 4652 3462 4677 ,
3506 4624 3802 4679 omnesque

2213 4704 2353 4759 mala
2380 4704 2637 4775 opinione
2659 4703 2919 4769 imbuere,
2943 4709 3160 4758 ettanta
3190 4701 3403 4772 quidem
3428 4716 3497 4756 ex
3523 4700 3799 4755 cohabita-

2213 4797 2359 4853 tione
2389 4797 2532 4853 nasci
2562 4796 2737 4862 mala,
2765 4796 2971 4853 nullum
3011 4805 3191 4851 autem
3234 4796 3514 4865 provenire
3556 4795 3796 4857 bonum;

2211 4905 2278 4944 ex
2305 4888 2644 4958 separatione
2670 4902 2797 4943 vero
2826 4886 3016 4942 horum
3045 4887 3282 4942 omnium
3326 4886 3588 4940 malorum
3621 4885 3795 4939 subla-

2212 4980 2411 5034 tionem
2433 5019 2446 5043 ,
2476 4979 2764 5033 multorum
2806 4987 2987 5034 autem
3025 4979 3249 5032 aliorum
3286 4978 3545 5033 bonorum
3585 4991 3798 5047 posses-

2211 5072 2415 5126 sionem
2462 5070 2686 5141 adipisci
2724 5071 2920 5136 licere,
2955 5068 3151 5125 deinde
3193 5084 3313 5124 cum
3363 5068 3574 5124 resilire
3623 5069 3796 5129 nolis,

2204 5165 2480 5235 quomodo
2506 5163 2826 5233 persuadere
2866 5171 3052 5232 potero
3080 5161 3201 5216 aliis
3229 5160 3370 5231 quod
3400 5159 3700 5213 aﬂ‘ectionis
3728 5158 3797 5211 sis

2210 5271 2424 5325 expers,
2454 5267 2509 5311 et
2549 5271 2578 5308 a
2618 5254 3051 5323 concupiscentia
3093 5252 3233 5307 mala
3282 5252 3488 5322 purus?
3529 5249 3646 5304 lmo
3675 5263 3799 5303 vero

2210 5361 2371 5414 super
2400 5345 2481 5400 bis
2509 5345 2639 5399 nihil
2664 5343 2930 5399 contendo
2954 5359 2968 5409 ;
2998 5342 3090 5398 sed
3119 5351 3237 5398 esto
3258 5342 3399 5412 quod
3423 5342 3497 5396 sis
3520 5342 3685 5395 etiam
3712 5353 3799 5392 co-

2211 5435 2500 5491 habitanth
2522 5451 2683 5505 purus
2707 5476 2722 5498 ,
2753 5433 2996 5504 quamvis
3032 5448 3098 5488 ne
3124 5432 3225 5488 Job
3252 5431 3467 5503 quidem
3494 5430 3583 5484 ille
3612 5431 3797 5485 beatus

2210 5541 2373 5581 ausus
2397 5525 2495 5581 fuit
2521 5536 2718 5580 tantam
2746 5527 2994 5581 virtutem
3023 5532 3078 5579 et
3111 5524 3425 5593 sapientiam
3465 5521 3567 5577 sibi
3600 5518 3797 5575 adscri-

2210 5617 2373 5683 bere;
2418 5616 2513 5671 sed
2555 5617 2645 5687 qui
2692 5632 2907 5671 omnem
2951 5614 3356 5672 transcenderat
3398 5612 3653 5669 virtutem
3682 5650 3696 5670 .
3726 5623 3791 5665 ex

2277 5823 2292 5854 ι
2328 5828 2380 5871 ιιι
2399 5819 2560 5882 SttriL,
2583 5819 2774 5871 Chrislt.
