4138 6436
460 371 554 426 501

461 483 713 538 ωιηιίὺυε
740 480 934 537 diaboli
965 478 1164 535 retibus
1189 484 1459 533 extractus
1483 493 1497 527 :
1526 474 1615 543 qui
1646 471 1849 543 primus
1877 480 1931 525 et
1955 483 2044 523 so-

466 577 548 630 lus
576 582 776 628 tantam
820 571 1183 627 fortitudinem
1209 564 1636 631 demonstravit,
1668 572 1727 619 et
1744 577 1903 617 omne
1932 558 2044 615 fer-

467 682 586 721 rum
637 675 693 720 et
735 664 1073 729 adamantem
1118 675 1213 715 sua
1259 657 1586 714 continentia
1639 662 2047 724 pmtergressus

464 754 808 811 subnervavit
831 753 1029 808 diaboli
1057 759 1393 820 potestatem,
1418 748 1495 800 sic
1523 746 1722 800 veritus
1748 753 1862 798 erat
1887 741 2046 797 talem

466 848 693 917 pugnam
719 886 734 910 ,
781 854 836 901 et
878 844 948 899 ita
980 842 1181 913 putavit
1221 838 1549 910 impossibile
1585 851 1706 892 esse
1742 833 2050 889 cohabitare

464 938 656 1010 virgini
681 939 797 994 sine
843 935 1038 991 damno
1064 941 1118 989 et
1143 946 1356 1003 purum,
1398 938 1457 984 ut
1496 944 1600 984 non
1630 928 1802 982 solum
1829 940 1859 979 a
1883 923 2048 979 coha-

467 1031 725 1085 bitatioue
774 1027 864 1082 tali
912 1024 1100 1096 procul
1145 1032 1201 1079 et
1247 1022 1404 1093 longe
1441 1020 1709 1090 seipsum,
1757 1017 1851 1071 sed
1890 1025 1944 1069 et
1982 1012 2050 1066 ab

465 1129 688 1191 aspectu
729 1132 948 1189 prorsus
988 1125 1045 1173 et
1072 1116 1341 1173 consortio
1383 1111 1740 1174 subduxerit,
1772 1109 2051 1178 legemque

468 1211 710 1283 posuerit
733 1210 903 1265 oculis
937 1209 1050 1263 suis
1082 1207 1308 1265 omnino
1332 1206 1383 1260 in
1407 1204 1664 1273 virginem
1688 1217 1756 1256 ne
1784 1200 2052 1270 respicere

467 1302 705 1374 quidem.
736 1301 948 1356 Sciebat
974 1299 1117 1355 enim
1147 1307 1202 1353 et
1227 1297 1389 1368 probe
1422 1305 1641 1350 noverat
1665 1291 1807 1363 quod
1838 1306 1944 1345 non
1966 1305 2053 1344 so-

468 1390 995 1449 lum'cohabitantem
1021 1430 1036 1452 ,
1075 1387 1170 1443 sed
1195 1395 1249 1441 et
1278 1386 1635 1456 aspicientem.
1657 1383 1869 1437 curiose
1894 1381 1945 1434 in
1976 1378 2054 1432 fa-

469 1483 607 1539 ciem
636 1483 854 1553 virginis
878 1480 1092 1536 difficile
1117 1520 1132 1546 ,
1174 1477 1312 1534 forte
1335 1487 1512 1532 autem
1541 1484 1596 1531 et
1633 1474 1959 1544 impossibile
1985 1473 2055 1526 sit

470 1575 704 1645 effugere
723 1574 1010 1638 damnum,
1043 1569 1183 1641 quod
1214 1569 1336 1624 inde
1365 1568 1552 1623 oritur.
1583 1567 1807 1635 Propter
1829 1563 1970 1634 quod
1998 1571 2053 1618 et

458 1668 700 1727 dicebat,
741 1664 819 1719 Ne
837 1665 1045 1734 cogitem
1073 1662 1274 1731 quidem
1299 1661 1360 1713 de
1387 1661 1577 1731 virgine
1607 1657 1729 1728 (Job
1750 1658 1838 1712 5|.
1862 1658 1881 1711 l
1912 1657 1952 1727 ).

541 1757 594 1812 5.
612 1759 676 1810 At
694 1756 737 1809 si
753 1769 945 1825 parvus
957 1753 1162 1808 videtur
1180 1753 1267 1807 tibi
1291 1752 1357 1805 ad
1380 1761 1648 1805 certamen
1672 1749 1792 1814 Job,
1814 1749 2054 1818 quamvis

474 1862 662 1901 revera
687 1861 856 1916 neque
881 1855 1121 1898 stercore
1142 1842 1282 1896 illius
1303 1842 1468 1896 simus
1485 1840 1662 1911 digni;
1688 1848 2053 1894 verumtamen

474 1936 597 1990 licet
616 1938 792 1989 minus
810 1943 897 1989 tua
919 1932 1351 2005 magnanimitate
1379 1947 1498 1986 esse
1528 1939 1679 2001 putes
1709 1930 2016 1999 exemplum
2037 1969 2052 1993 ,

469 2013 650 2081 cogita
672 2011 1083 2065 vocalissimum
1109 2026 1414 2080 praeconem
1439 2012 1687 2067 veritatis
1708 2010 1934 2083 Paulum
1959 2013 2053 2081 qui

473 2107 646 2152 totum
668 2099 854 2153 orbem
879 2098 1101 2161 circuit,
1121 2108 1175 2154 et
1198 2100 1379 2155 dicere
1403 2101 1580 2170 potuit
1602 2101 1763 2155 verba
1783 2101 1870 2154 illa
1888 2101 2057 2156 multa

474 2185 740 2251 sapientia
772 2186 994 2252 referta,
1024 2186 1171 2256 quod
1199 2187 1437 2256 nonjam
1471 2187 1585 2257 ipse
1617 2187 1693 2242 sit
1719 2188 1927 2255 vivens,
1962 2192 2056 2244 sed

471 2273 725 2335 Christus
751 2273 803 2326 in
823 2274 943 2344 ipso
965 2272 1179 2344 (Galat.
1201 2274 1257 2328 2.
1279 2274 1397 2347 20),
1416 2283 1470 2330 et
1491 2276 1636 2346 quod
1668 2277 1967 2331 crucifixus
1986 2277 2059 2334 sit

472 2352 679 2415 numdo
710 2368 764 2415 et
788 2359 1028 2417 mundus
1056 2362 1159 2417 sibi
1195 2360 1298 2433 (Ib.
1327 2364 1381 2419 6.
1424 2363 1536 2433 lt),
1566 2369 1618 2417 et
1646 2362 1793 2431 quod
1820 2363 2063 2432 quotidie

475 2447 743 2503 moriatur
766 2450 842 2517 (l.
869 2449 995 2504 Cor.
1025 2450 1110 2506 15.
1143 2452 1201 2504 51
1228 2450 1247 2519 )
1274 2467 1287 2502 :
1323 2459 1444 2521 post
1462 2457 1668 2505 tantam
1689 2453 1917 2521 spiritus
1937 2468 2063 2523 gra—

473 2536 604 2589 tiam
628 2545 681 2592 ct
710 2545 858 2590 tanta
881 2538 1242 2593 certaminum
1269 2539 1592 2609 spccimina,
1626 2548 1748 2609 post
1771 2541 2062 2595 inenarra-

471 2626 600 2681 bilia
621 2629 884 2697 pericula,
908 2640 1030 2701 post
1047 2638 1156 2683 tam
1175 2630 1388 2685 eximia:
1406 2629 1703 2701 diligentize
1715 2638 1769 2686 et
1783 2632 2064 2702 sapientia:

472 2714 743 2779 studium,
763 2716 1005 2771 declarat
1021 2717 1180 2772 nobis
1196 2725 1681 2781 etcommonstrat,
1704 2718 1872 2788 quod,
1891 2719 2067 2775 donec

471 2803 937 2871 spiraverimuset
966 2805 1069 2860 hac
1091 2820 1260 2861 carne
1282 2805 1548 2863 fuerimus
1570 2807 1921 2871 circumdati,
1944 2824 2066 2866 cer-

470 2898 524 2943 ta
534 2890 771 2947 minibus
791 2892 949 2946 nobis
968 2908 1105 2963 opus
1124 2901 1209 2950 est
1230 2903 1284 2950 et
1301 2894 1584 2952 laboribus
1604 2911 1781 2966 neque
1796 2886 1908 2952 otio
1929 2905 2065 2953 tem-

470 2980 718 3044 perantia
749 2989 992 3048 peratur.
1015 2980 1109 3035 sed
1142 2982 1332 3038 multis
1362 2982 1656 3039 sudoribus
1692 2992 1746 3037 et
1786 2984 2066 3041 laboribus

469 3077 611 3132 opus
633 3073 716 3119 est
738 3065 805 3119 ad
832 3066 933 3120 hoc
960 3075 1224 3136 tropaeum
1248 3067 1576 3137 parandum,
1598 3068 1681 3123 sic
1699 3069 1890 3125 dicens
1915 3087 1928 3125 :
1964 3070 2068 3124 Ca-

468 3152 607 3221 stigo
642 3168 832 3221 corpus
857 3171 1028 3207 meum
1049 3196 1063 3220 ,
1096 3164 1145 3209 et
1174 3156 1229 3208 in
1253 3157 1558 3212 servitute»:
1594 3155 1776 3225 redigo
1798 3196 1814 3221 ,
1841 3172 1906 3211 ne
1935 3158 2063 3211 dum

470 3238 594 3293 aliis
621 3238 977 3308 pmdicavero
998 3243 1105 3309 ipse
1136 3257 1254 3309 repr
1269 3241 1397 3295 obus
1422 3243 1549 3310 ﬁam
1579 3242 1653 3313 (ί.
1687 3240 1815 3298 Cor.
1846 3242 1901 3306 9,
1943 3242 2060 3314 27).

472 3324 598 3382 ιιωυ
624 3337 806 3382 autem
843 3328 1062 3383 dicebat
1089 3330 1381 3384 declarans
1411 3329 1737 3386 seditionem
1763 3332 1974 3397 carnis,
2007 3340 2063 3388 et

472 3415 936 3486 concupiscentiae
957 3418 1184 3482 rabiem,
1213 3418 1575 3490 praeliumque
1602 3421 1954 3484 continuum,
1998 3434 2064 3476 ac

478 3504 645 3558 vitam
714 3520 935 3577 semper
978 3506 1032 3560 in
1079 3522 1254 3577 agone
1302 3509 1685 3563 constitutam.
1735 3507 1802 3562 Et
1854 3508 2064 3564 idcirco

475 3588 640 3643 etiam
676 3588 935 3648 Christus
971 3592 1346 3648 difﬁcultatem
1401 3595 1476 3650 rei
1510 3594 1802 3652 declarans
1825 3634 1845 3661 ,
1884 3612 2064 3668 neque

474 3679 560 3733 vel
601 3678 750 3735 licite
786 3682 1032 3751 aspicere
1076 3683 1344 3751 permittit
1394 3682 1686 3738 mulierum
1720 3683 1931 3749 facies,
1967 3685 2065 3741 sed

473 3774 528 3819 et
576 3768 953 3823 adulterorum
1011 3783 1172 3837 poena
1221 3770 1532 3840 puniendos
1571 3770 1652 3826 sic
1703 3772 2067 3842 respicientes

475 3855 866 3913 interminatus
909 3867 1013 3913 est.
1074 3857 1139 3911 Et
1187 3875 1311 3913 cum
1354 3859 1586 3914 dixisset
1652 3857 1882 3928 Petrus,
1941 3859 2068 3916 Non

467 3934 668 4003 etpedit
693 3952 899 3992 uxorem
923 3938 1107 3993 ducere
1133 3936 1344 4011 (Matth.
1375 3938 1463 3995 i9.
1495 3939 1607 4009 10),
1641 3956 1746 3996 non
1771 3941 1954 3996 statuit
1979 3939 2056 3996 ie-

463 4040 586 4093 gem
615 4042 683 4080 ne
706 4027 968 4082 ducantur
988 4046 1202 4097 uxores,
1228 4030 1321 4087 sed
1343 4032 1656 4100 gravitatem
1678 4032 1754 4088 rei
1775 4031 2054 4089 declarans

465 4116 677 4170 diccbat
705 4133 717 4169 :
753 4117 854 4182 Qui
882 4128 1042 4185 potest
1077 4136 1259 4188 capere
1295 4122 1464 4190 capiat
1489 4121 1610 4192 (Ib.
1645 4139 1691 4176 υ.
1723 4123 1789 4177 12
1816 4123 1856 4195 ).
1890 4124 2057 4179 Audi-

466 4221 586 4262 mus
611 4217 788 4264 autem
816 4218 869 4264 et
897 4208 999 4264 hoc
1022 4219 1207 4265 nostro
1231 4212 1449 4279 saeculo,
1474 4213 1614 4282 quod
1644 4215 1884 4269 nonnulli
1913 4214 2056 4271 ferro

468 4308 636 4353 totum
663 4315 859 4371 corpus
885 4300 1128 4372 ligentes,
1159 4310 1214 4357 et
1241 4318 1398 4359 sacco
1424 4305 1733 4372 vesticntes,
1758 4315 1812 4362 et
1836 4307 1903 4361 ad
1931 4322 2054 4362 vcr-

468 4394 601 4448 tices
640 4395 897 4449 montium
943 4404 1258 4465 currentes,
1290 4406 1347 4453 et
1375 4397 1429 4452 in
1458 4398 1964 4471 continuisjejuniis
1993 4416 2058 4456 ac

467 4485 758 4555 pervigiliis
782 4487 1022 4543 viventes
1045 4529 1062 4555 ,
1092 4503 1414 4559 omnemque
1459 4490 1755 4558 disciplina:
1794 4492 2054 4548 severita-

468 4587 576 4633 tem
611 4577 993 4647 ostendentes,
1024 4580 1272 4636 onmibus
1310 4580 1621 4637 mulieribus
1665 4582 1961 4652 ingressum
2002 4583 2053 4637 in

464 4668 844 4723 domunculam
870 4680 924 4724 et
950 4672 1216 4741 tugurium
1235 4688 1389 4727 suum
1414 4673 1753 4739 interdicere,
1777 4682 1934 4744 atque
1954 4673 2057 4730 hac

464 4760 671 4816 ratione
688 4761 892 4831 seipsos
922 4764 1261 4833 castigantes,
1293 4780 1435 4834 aegre
1466 4774 1641 4820 tamen
1670 4766 2058 4836 concupiscen-

464 4852 551 4906 tiae
574 4850 804 4908 furorem
827 4855 1204 4923 comprimere.
1228 4857 1297 4910 At
1317 4866 1371 4912 tu
1392 4858 1525 4914 dicis
1545 4858 1709 4929 quod,
1733 4859 1853 4915 licet
1877 4858 2057 4915 videas

463 4942 819 5024 cohabitatem
848 4945 1073 5016 virgini,
1103 4956 1156 5000 et
1183 4946 1488 5017 alligatum,
1521 4958 1575 5004 et
1600 4949 1939 5005 deliciantem
1959 4991 1975 5017 ,
2004 4958 2061 5005 et

465 5036 699 5090 animam
728 5036 901 5106 potius
930 5038 1263 5093 amittentem
1287 5055 1446 5110 quam
1476 5040 1936 5110 cohabitatricem,
1965 5059 2057 5112 pa-

465 5136 747 5198 ratumque
763 5127 941 5181 omnia
963 5136 1017 5183 et
1041 5128 1213 5185 facere
1233 5138 1287 5185 et
1312 5131 1419 5198 pati
1444 5132 1619 5200 potius
1640 5148 1798 5203 quam
1820 5135 2055 5203 separari

465 5234 494 5270 a
527 5217 740 5300 dilecta,
771 5233 839 5273 ne
868 5218 1160 5288 suspiceris
1189 5219 1387 5290 aliquid
1413 5220 1576 5286 mali,
1617 5236 1686 5277 ne
1728 5231 1883 5292 putes
1924 5239 2057 5278 con-

467 5311 807 5379 cupi~centiae
839 5311 1130 5381 negotium,
1163 5310 1257 5367 sed
1286 5312 1496 5381 pietatis
1520 5313 1718 5382 potius.

540 5401 621 5456 Ex
647 5396 898 5457 consortio
940 5404 1188 5474 virginum
1226 5405 1452 5458 nascitur
1493 5405 1773 5459 necessario
1812 5407 2055 5476 concupi-

466 5496 678 5549 scentia.
700 5525 774 5536 -ο
798 5495 1124 5552 Admirande
1147 5496 1245 5563 vir,
1278 5496 1323 5551 is
1346 5496 1569 5552 affectus
1595 5506 1678 5553 est
1707 5498 1774 5553 iis
1801 5499 1892 5568 qui
1920 5499 2055 5569 lapi-

464 5586 621 5642 dibus
650 5587 979 5655 cohabitant,
1018 5603 1122 5643 non
1150 5587 1473 5643 hominibus.
1502 5589 1567 5643 Et
1596 5597 1652 5643 tu
1681 5589 1893 5660 quidem
1923 5591 2058 5646 forte

468 5694 575 5734 non
604 5679 780 5734 credis
808 5678 879 5733 ob
902 5694 1144 5750 magnam
1164 5689 1303 5735 tuam
1321 5680 1735 5747 continentiam;
1760 5696 1857 5752 ego
1878 5690 2056 5737 autem

469 5770 645 5827 audivi
676 5768 931 5843 quosdam
964 5769 1201 5829 dicentes
1228 5770 1368 5843 quod
1397 5773 1557 5829 etiam
1583 5772 1734 5829 multi
1765 5788 1889 5845 erga
1921 5772 2057 5843 lapi—

1130 360 1402 420 CONTRA
1442 359 1569 416 EOS
1605 358 1719 425 QUI
1759 350 2368 412 SUBINTRODUCTAS
2406 351 2678 409 ilABENT
2720 350 3057 408 VIRGINES.

3630 351 3737 407 sti!

2155 464 2250 521 des
2295 474 2349 523 et
2389 475 2588 522 statuas
2632 468 2870 522 nonnihil
2896 466 3070 521 affecti
3098 467 3222 522 sint.
3254 463 3407 535 Quod
3449 466 3492 521 si
3536 474 3738 522 tantmn

2154 558 2319 612 valuit
2343 557 2621 612 artificium
2661 559 2854 621 solum,
2889 558 2975 613 ubi
3017 573 3206 628 aspera
3248 566 3303 613 et
3338 557 3470 612 dura
3508 557 3734 628 effigies,
3808 613 3818 621 ,

2157 659 2405 719 quantam
2435 650 2739 720 operabitur
2769 650 3027 705 insaniam
3060 651 3111 704 in
3133 648 3309 721 effigie
3339 649 3556 720 pulchra
3591 659 3742 705 tene-

2155 758 2274 797 rum
2299 742 2529 813 corpus?
2553 741 2829 809 Quomodo
2851 759 2957 798 non
2979 742 3265 798 credentur
3284 745 3451 814 magis
3479 743 3741 799 verisimi-

2156 836 2224 890 lia
2255 836 2435 890 dicere
2464 835 2553 904 qui
2582 850 2674 889 vos
2699 846 2969 899 accusant,
2997 851 3157 905 quam
3185 851 3280 890 vos
3305 836 3393 905 qui
3420 834 3742 890 defenditis?

2157 926 2292 995 Quid
2313 927 2453 981 enim
2478 927 2780 990 verisimile,
2805 926 2888 980 dic
2916 926 3078 980 mihi?
3101 942 3167 980 an
3193 927 3333 997 quod
3364 927 3445 982 vir
3464 928 3739 982 mulierem

2158 1018 2517 1087 concupiscat,
2545 1034 2610 1071 an
2640 1017 2781 1088 quod
2811 1033 2915 1071 non
2943 1018 3315 1088 concupiscat?
3340 1018 3570 1073 Omnino
3587 1019 3741 1074 dixe-

2157 1109 2324 1163 rimus
2350 1108 2488 1179 quod
2518 1111 2878 1178 concupiscat.
2909 1108 3137 1164 Rursum
3164 1124 3283 1164 cum
3306 1110 3596 1166 innumera:
3616 1126 3745 1165 cau-

2158 1217 2232 1256 sa:
2258 1203 2530 1272 impellant
2559 1210 2615 1256 ut
2638 1202 2959 1273 egrediatur,
2992 1218 3090 1258 nec
3115 1202 3293 1273 egredi
3323 1204 3477 1268 velit,
3518 1204 3611 1258 sed
3655 1220 3742 1258 se-

2159 1294 2333 1363 ipsum
2362 1294 2585 1365 injiciat,
2601 1295 2748 1350 nullo
2766 1310 2943 1364 opera:
2973 1296 3160 1365 pretio,
3182 1297 3362 1351 multis
3387 1312 3512 1351 vero
3536 1298 3745 1367 probris

2160 1401 2223 1439 ac
2266 1386 2597 1440 nocumentis
2643 1386 3007 1455 sequentibus,
3042 1397 3151 1440 tum
3183 1387 3329 1453 suis,
3378 1396 3486 1442 tum
3533 1388 3743 1454 alienis,

2161 1477 2284 1546 quid
2317 1477 2440 1532 hinc
2463 1478 2749 1546 conjicias?
2775 1477 2853 1532 Ex
2877 1477 3088 1533 bonone
3116 1479 3218 1533 hoc
3237 1488 3423 1548 agatur
3452 1482 3742 1549 proposito.

2162 1586 2227 1623 an
2257 1585 2322 1624 ex
2355 1570 2527 1624 malo?
2556 1570 2755 1639 Opinor
2779 1569 2897 1640 quis
2924 1571 3076 1625 facile
3095 1570 3291 1625 dixerit
3318 1570 3458 1639 quod
3488 1585 3553 1625 ex
3579 1572 3740 1626 malo.

2164 1662 2537 1718 Verumtamen
2565 1678 2669 1716 non
2700 1661 2766 1716 de
2811 1662 2874 1717 iis
2909 1662 3036 1731 ipsis
3062 1662 3343 1733 diligenter
3365 1662 3741 1727 scrutabimur,

2164 1752 2256 1807 sed
2299 1762 2524 1822 ponatur
2549 1752 2689 1823 quod
2714 1753 2748 1806 ii
2779 1753 2867 1824 qui
2897 1753 3321 1808 scandalizantur
3342 1768 3447 1807 non
3477 1753 3747 1807 scandali-

2164 1853 2351 1899 zantur
2373 1844 2535 1914 juste,
2565 1843 2658 1898 sed
2690 1853 2889 1899 temere
2910 1854 2962 1899 et
2988 1845 3102 1898 sine
3125 1858 3283 1898 causa
3304 1862 3316 1896 :
3337 1842 3421 1898 dic
3443 1844 3571 1898 mihi
3593 1844 3773 1916 cujus.

2161 1935 2326 2005 gratia
2346 1934 2536 2006 virgini
2557 1934 2865 1990 cohabitas?
2890 1934 3042 1989 Nulla
3069 1934 3210 1988 enim
3232 1933 3337 1988 alia
3363 1933 3427 1989 de
3451 1949 3608 1989 causa
3632 1943 3744 1988 sta-

2165 2036 2274 2081 tuta
2302 2036 2386 2081 est
2411 2026 2732 2082 cohabitatio
2757 2026 2889 2092 haec,
2914 2042 3070 2096 quam
3095 2033 3311 2096 propter
3334 2026 3673 2081 dilectionem
3693 2037 3751 2082 et

2162 2134 2399 2174 amorem
2423 2137 2436 2173 :
2466 2135 2586 2173 nam
2602 2118 2751 2172 aufer
2768 2117 2886 2182 hoc,
2908 2126 2962 2172 et
2983 2116 3252 2171 auferetur
3278 2117 3353 2171 rei
3384 2117 3598 2171 utilitas.
3619 2117 3759 2183 Quis

2163 2211 2304 2265 enim
2336 2210 2415 2263 vir
2441 2219 2546 2273 est,
2576 2209 2666 2279 qui
2690 2208 2847 2263 vellet
2877 2207 2993 2263 sine
3017 2207 3115 2262 hac
3141 2207 3458 2262 necessitate
3486 2206 3626 2261 ferre
3650 2206 3749 2263 dc-

2163 2302 2310 2357 licias
2337 2311 2391 2356 et
2417 2301 2636 2371 injurias
2675 2301 2960 2356 muliebres
2989 2310 3039 2356 et
3069 2302 3171 2356 alia
3203 2301 3357 2370 hujus
3403 2315 3563 2357 sexus
3584 2302 3751 2356 vitia?

2164 2395 2453 2465 Pmpterea
2482 2402 2536 2449 et
2560 2394 2626 2448 ab
2654 2394 2803 2448 initio
2834 2394 2970 2449 Deus
2997 2394 3272 2448 mulierem
3305 2394 3407 2465 hoc
3436 2393 3628 2448 robore
3663 2409 3752 2447 ar-

2163 2484 2347 2551 mavit,
2374 2484 2538 2554 probe
2558 2485 2732 2539 sciens
2748 2483 2887 2553 quod
2914 2484 3067 2539 valde
3090 2483 3427 2555 despicabilis
3456 2493 3619 2549 esset,
3650 2485 3753 2538 nisi

2163 2578 2267 2631 hoc
2294 2590 2462 2646 genus
2489 2575 2696 2644 imperii
2726 2574 3020 2641 induceret,
3063 2584 3117 2629 et
3143 2573 3288 2643 quod
3314 2574 3488 2628 nullus
3518 2574 3565 2628 ei
3592 2573 3752 2629 coha-

2163 2668 2421 2722 bitaturus
2463 2677 2623 2731 esset,
2668 2668 2755 2737 qui
2795 2682 2823 2720 a
2869 2666 3246 2736 cupiditatibus
3294 2677 3435 2721 esset
3478 2666 3750 2720 immunis.

2159 2759 2291 2815 Nam
2312 2759 2357 2813 si
2376 2773 2537 2821 nunc,
2556 2774 2675 2813 cum
2698 2769 2805 2812 tam
2823 2760 3135 2813 1100125δέπὶἔὲ
3158 2767 3209 2813 et
3225 2759 3379 2814 utiles
3399 2769 3543 2823 sunt,
3558 2760 3754 2830 quim‘o

2162 2866 2283 2921 qua:
2322 2858 2373 2905 et
2410 2864 2605 2919 pueros
2649 2857 2947 2917 procreant,
2995 2858 3048 2905 et
3080 2849 3296 2904 domum
3326 2850 3653 2913 eusmdiunt,
3692 2861 3748 2905 et

2159 2943 2262 2998 alia
2290 2942 2455 2997 multa
2488 2942 2570 2995 his
2599 2942 2749 3012 plura
2778 2942 3153 3027 administrant
3194 2961 3207 2998 :
3237 2943 3279 2997 si
3307 2942 3596 2998 etiamnum
3628 2960 3751 2999 cum

2160 3034 2230 3089 ita
2256 3033 2385 3087 viris
2413 3032 2735 3099 ministrant,
2755 3048 2897 3103 saepe
2926 3042 3100 3087 tamen
3127 3042 3445 3103 contemptae
3472 3042 3615 3101 sunt,
3637 3047 3693 3088 ut
3723 3052 3755 3089 e

2161 3125 2323 3181 domo
2344 3124 2644 3196 ejiciantur,
2674 3124 2941 3194 quomodo
2967 3125 3168 3194 absque
3196 3126 3624 3194 concupiscentia
3653 3142 3750 3180 no-

2162 3216 2246 3274 bis
2271 3232 2392 3274 esse
2422 3225 2643 3288 possunt
2666 3216 2894 3282 dilectae,
2923 3217 3216 3286 praesertim
3256 3233 3374 3287 quae
3416 3234 3515 3273 nos
3542 3226 3621 3273 tot
3657 3236 3754 3297 op-

2161 3310 2393 3382 probriis
2412 3309 2670 3366 onerant?
2696 3309 2794 3364 Vel
2833 3326 2960 3380 ergo
2984 3326 3199 3365 causam
3226 3310 3634 3367 cohabitatiouis
3671 3313 3753 3367 di-

2164 3402 2289 3469 cite,
2322 3402 2405 3458 vel
2423 3401 2625 3456 nullam
2654 3401 2810 3455 aliam
2838 3402 3093 3471 suspicari
3116 3418 3358 3470 necesse,
3381 3420 3536 3474 quam
3561 3405 3771 3460 malam.

2162 3493 2653 3563 concupiscentiam
2679 3500 2735 3548 et
2763 3492 3168 3563 ignominiosam
3198 3494 3543 3564 voluptatem.

2234 3584 2289 3641 6.
2328 3584 2464 3651 Quid
2487 3584 2664 3656 igitur,
2693 3585 2736 3639 si
2771 3585 3085 3654 poterimus,
3115 3586 3206 3649 ait,
3239 3601 3453 3641 causam
3474 3588 3676 3654 justam.
3700 3597 3768 3642 et.

2162 3675 2531 3732 rationabilem
2561 3674 2758 3741 dicere,
2788 3691 2914 3730 num
2943 3676 3134 3730 frustra
3170 3676 3282 3732 haec
3325 3677 3557 3731 dixeris?
3583 3677 3753 3732 Maxi-

2163 3781 2252 3823 me
2297 3765 2511 3837 quidem
2559 3765 2756 3820 nuliam
2788 3765 2944 3820 talem
2985 3766 3194 3831 dicetis,
3252 3776 3610 3821 vermntamcn
3657 3768 3756 3823 hac

2163 3861 2324 3913 etiam
2354 3858 2560 3914 ratione
2586 3858 2777 3914 vellem
2804 3857 3031 3925 discere,
3055 3874 3120 3913 an
3143 3861 3237 3915 vel.
3254 3860 3494 3915 umbram
3524 3861 3754 3932 aliquant

2159 3951 2288 4023 justi
2316 3960 2605 4021 prtetextus
2633 3951 2825 4007 dicere
2852 3952 3088 4022 possitis.
3133 3953 3423 4008 Defensore
3461 3962 3628 4019 caret,
3660 3954 3754 4022 ait,

2164 4042 2334 4112 virgo,
2359 4057 2535 4113 neque
2560 4043 2731 4097 virum
2760 4043 2940 4110 habet,
2972 4060 3147 4111 neque
3179 4054 3429 4109 tutorem,
3457 4061 3598 4116 saepe
3627 4046 3752 4099 item

2165 4148 2336 4202 neque
2366 4142 2593 4202 patrem,
2612 4149 2710 4187 nec
2737 4132 2985 4199 fratrem;
3011 4134 3211 4203 indiget
3230 4135 3538 4203 aliquo,.qui
3566 4137 3616 4189 ei
3639 4151 3754 4189 ma-

2165 4238 2291 4278 num
2322 4222 2579 4293 praebeat,
2624 4232 2680 4278 ct
2720 4222 2970 4276 solitaria:
3000 4238 3288 4277 maerorem
3328 4225 3655 4290 consoletur,
3700 4235 3756 4281 et

2165 4312 2362 4383 ubique
2389 4326 2449 4368 se
2474 4327 2572 4382 pro
2595 4327 2659 4367 ea
2687 4321 2922 4382 opponat
2948 4313 3285 4378 adversariis,
3319 4324 3371 4367 et
3399 4314 3568 4383 ipsam
3593 4314 3644 4368 in
3671 4333 3758 4370 sc-

2163 4404 2392 4460 curitate
2419 4413 2473 4459 ct
2499 4413 2654 4474 portu
2680 4404 2988 4461 constituat.
3019 4405 3187 4471 Quam
3226 4415 3281 4459 tu
3328 4406 3452 4460 mihi
3497 4409 3753 4461 securita-

2165 4505 2294 4560 tem,
2321 4511 2526 4567 quznso,
2557 4512 2711 4565 quem
2739 4504 2952 4565 portum
2983 4495 3204 4552 narras?
3239 4496 3428 4551 Portus
3454 4496 3597 4552 enim
3630 4515 3758 4569 pro--

2167 4590 2518 4660 pugnaculum
2547 4589 2703 4645 video
2729 4604 2835 4644 non
2866 4605 3056 4645 arcens
3094 4588 3306 4650 fluctus.
3353 4591 3447 4645 sed
3495 4591 3755 4658 exrizans,

2165 4688 2219 4735 et
2241 4687 2451 4750 portum
2474 4695 2581 4735 non
2599 4680 3040 4750 comprimentem
3066 4689 3426 4749 tempestates,
3452 4681 3545 4736 sed
3567 4697 3755 4753 graves

2165 4790 2283 4845 quae
2311 4791 2415 4829 non
2443 4774 2668 4830 aderant
2694 4783 2998 4829 moventem
3023 4773 3303 4843 procellas.
3336 4772 3449 4827 Non
3480 4775 3759 4830 confundi-

2166 4867 2315 4933 niini,
2349 4882 2454 4921 non
2481 4866 2658 4922 vultus
2687 4873 2894 4922 vestros
2921 4864 3190 4936 obtegitis,
3233 4865 3359 4921 dum
3401 4865 3537 4921 hanc
3565 4866 3755 4922 defen-

2165 4958 2370 5013 sionem
2401 4956 2638 5011 afi‘ertis?
2662 4955 2795 5011 Nam
2824 4955 2869 5010 si
2910 4971 2973 5010 ex
3018 4955 3121 5011 hoc
3150 4956 3445 5011 ministerio
3472 4973 3643 5027 neque
3669 4975 3758 5012 ac-

2164 5049 2389 5113 cusatio,
2413 5063 2585 5118 neque
2600 5047 2876 5112 damnum,
2903 5063 3075 5117 neque
3095 5048 3401 5103 scandalum
3424 5058 3756 5118 nasceretur,

2167 5140 2263 5197 sed
2290 5139 2430 5195 fama
2458 5139 2637 5195 adhuc
2665 5139 2814 5194 salva
2867 5140 3049 5195 liceret
3079 5139 3218 5195 istud
3250 5139 3419 5207 ipsum
3464 5139 3660 5206 facere,
3691 5159 3757 5195 an

2168 5246 2275 5286 non
2305 5230 2591 5285 admodum
2636 5230 2818 5285 miseri
2850 5231 3061 5296 essetis,
3095 5230 3204 5298 qui,
3250 5228 3375 5283 dum
3404 5228 3617 5284 divitias
3644 5232 3761 5299 ejus

2166 5321 2371 5391 augetis
2398 5330 2452 5374 ct
2479 5320 2544 5374 ad
2573 5306 2914 5388 pecuniarum
2953 5333 3188 5373 amorem
3220 5318 3361 5377 illam
3390 5319 3673 5386 exercetis,
3709 5322 3759 5374 in

2168 5411 2377 5481 negotia
2429 5410 2692 5481 conjicitis
2721 5420 2775 5465 et
2802 5409 2869 5465 ad
2914 5408 3215 5464 mundanas
3264 5423 3422 5462 curas
3470 5409 3753 5464 instituitis

2168 5516 2594 5566 oeconomorum,
2622 5509 2926 5556 curatorum
2958 5509 3012 5553 et
3053 5497 3348 5553 forensium
3377 5497 3550 5552 officia
3576 5498 3756 5554 adire-

2169 5592 2272 5647 tis?
2300 5592 2415 5647 Non
2455 5593 2696 5661 poteritis
2726 5590 2890 5644 multa
2919 5588 2988 5644 de
3030 5596 3344 5659 paupertate
3374 5587 3660 5651 disserere,
3694 5603 3757 5641 ae

2165 5682 2489 5753 persuadere
2519 5693 2576 5736 ut
2604 5682 2879 5736 facultates
2900 5687 3330 5743 contemnantur,
3356 5679 3443 5748 qui
3472 5677 3647 5731 omnia
3671 5676 3753 5731 fa-

2167 5774 2308 5841 citis,
2342 5782 2398 5830 ut
2443 5772 2720 5828 facultates
2760 5779 3012 5827 maneant
3049 5778 3103 5826 ct
3128 5780 3442 5841 augeantur,
3476 5776 3534 5823 ut
3569 5766 3762 5836 opibus
