4138 6414
491 366 596 422 503

490 498 620 552 opes
646 486 973 543 accrescant,
1005 475 1271 530 institores
1307 473 1521 543 quidam
1548 479 1602 525 et
1627 470 1818 525 iterum
1859 466 2069 521 instito-

495 587 579 626 res
606 577 820 641 propter
845 568 961 621 illas
988 565 1130 630 facti,
1160 564 1367 619 tametsi
1397 562 1630 616 inutiles.
1659 558 1776 613 Non
1818 556 1960 612 enim
1988 556 2072 608 in-

491 676 663 731 genua
689 676 811 731 spes
830 667 1028 713 vestra.
1046 656 1177 711 Nam
1198 670 1318 710 cum
1340 655 1469 724 jnssi
1496 652 1700 707 fueritis
1722 658 1932 720 portare
1952 663 2073 702 eru-

492 769 608 808 cem
634 761 689 808 et
718 750 870 822 sequi
895 750 1186 815 Christum,
1217 747 1421 816 abjecta
1467 759 1647 811 cruce,
1689 743 1839 813 quasi
1865 739 2073 794 effemi-

493 851 602 904 nati
650 849 845 904 milites
895 856 1048 902 scuto
1099 845 1356 914 projecto,
1402 840 1468 895 ad
1514 840 1689 893 colum
1726 847 1780 891 et
1808 834 2073 890 calathum

491 942 799 1006 considetis,
831 955 928 1010 per
969 938 1125 993 aliam
1152 936 1441 1005 turpiorem
1473 929 1779 986 methodum
1811 935 1991 996 aperta
2022 925 2073 978 in

492 1040 810 1103 praesentem
854 1033 1017 1087 vitam
1043 1029 1227 1099 janua.
1258 1025 1374 1080 Non
1397 1025 1536 1079 enim
1569 1031 1674 1075 tam
1705 1029 1854 1086 turpe
1876 1025 1957 1071 est
1982 1030 2074 1071 eos

490 1124 582 1194 qui
613 1125 663 1178 in
691 1122 1030 1178 matrimonio
1057 1127 1180 1175 sunt
1208 1118 1324 1172 hzrc
1351 1114 1747 1177 administrare,
1779 1124 1936 1179 quam
1979 1120 2076 1160 vos

492 1216 581 1286 qui
608 1214 868 1270 simulatis
894 1228 990 1268 vos
1020 1212 1275 1268 resiliisse
1298 1224 1326 1262 a
1362 1206 1698 1277 preeseutinm
1729 1218 1907 1257 rerum
1934 1199 2076 1254 euris

491 1310 592 1363 sub
616 1306 837 1363 alterius
858 1320 1089 1375 persona
1110 1304 1304 1357 iterum
1325 1297 1537 1353 easdem
1559 1295 1753 1350 subire.
1787 1292 2075 1360 Propterea

493 1400 806 1455 helluonum
833 1408 887 1453 et
912 1397 1241 1452 adulatorum
1271 1404 1325 1447 et
1355 1390 1704 1462 parasitorum
1747 1394 1800 1441 et
1843 1383 2079 1438 mulieri-

493 1494 592 1548 bus
634 1491 977 1548 servientium
1009 1490 1201 1557 ubique
1245 1487 1437 1541 famam
1473 1481 1808 1550 suscipimus,
1834 1475 2076 1547 quando-

494 1584 707 1653 quidem
730 1584 990 1653 abjectartt
1011 1596 1223 1635 omnem
1245 1577 1654 1649 generositatem
1677 1570 1828 1628 nobis
1844 1583 2077 1641 superne

494 1678 670 1729 datam
701 1690 820 1729 cum
863 1672 1155 1729 servilitate
1202 1679 1257 1724 et
1302 1669 1503 1722 vilitate
1534 1674 1743 1720 terrena
1775 1669 2075 1717 commuta-

430 1798 438 1851 ρ
495 1788 633 1826 mus.
668 1771 735 1824 Et
755 1769 1031 1824 viduarum
1059 1766 1272 1837 quidem
1302 1763 1614 1832 dispensare
1639 1774 1768 1829 opes
1793 1757 2080 1812 noluerunt

494 1864 735 1934 generosi
763 1862 888 1916 olim
919 1861 996 1915 illi
1024 1860 1145 1923 viri,
1179 1874 1298 1913 cum
1341 1865 1486 1911 tanta
1536 1853 1660 1909 inde
1700 1851 1932 1907 oriretur
1960 1848 2078 1902 bla—

493 1956 733 2026 sphemia
762 1955 901 2025 quod
929 1953 1106 2009 nullus
1127 1961 1271 2007 esset
1295 1951 1384 2020 qui
1412 1947 1827 2011 administraret,
1851 1941 1945 1997 sed
1966 1940 2081 1995 exi-

493 2049 772 2102 stimantes
811 2046 910 2099 hoc
941 2043 1162 2100 inferius
1190 2056 1309 2096 esse
1331 2055 1426 2094 sua
1457 2035 1814 2107 philosophia,
1842 2032 1960 2086 aliis
1987 2030 2082 2086 de-

493 2137 832 2192 mandarunt.
859 2134 968 2189 Nos
994 2142 1169 2188 autem
1198 2148 1302 2185 non
1330 2128 1697 2185 erubescimus
1722 2124 1931 2178 divitias
1952 2121 2082 2176 alie-

495 2243 592 2284 nas
612 2243 807 2297 augere
833 2241 955 2281 cum
972 2225 1168 2279 damno
1195 2220 1603 2292 possidentium,
1632 2217 1800 2270 nihilo
1826 2213 2078 2268 meliores

495 2318 752 2374 eunuchis
782 2317 835 2371 in
876 2315 980 2370 hoc
1019 2311 1311 2383 occupatis,
1342 2309 1535 2380 quibus
1574 2305 1880 2360 mandatum
1912 2311 1994 2357 est
2023 2308 2083 2356 ut

495 2410 732 2481 quotidie
752 2407 1065 2478 sanguinem
1091 2414 1145 2460 et
1167 2403 1398 2458 animam
1423 2401 1475 2455 in
1504 2398 1751 2453 manibus
1773 2396 2005 2450 feramus
2026 2394 2079 2446 in

495 2504 664 2559 vicem
687 2515 976 2556 armorum.
1008 2498 1143 2565 Quid
1172 2494 1362 2567 igitur?
1383 2491 1722 2564 oportebitne
1751 2489 1931 2543 omnia
1960 2500 2081 2556 qum

495 2594 685 2665 virgini
730 2591 1008 2661 rapiuntur
1036 2597 1400 2648 contemnere,
1445 2583 1571 2639 dum
1618 2581 1875 2636 tolluntur
1896 2588 1950 2633 et
1977 2577 2083 2632 cir-

496 2685 862 2741 cumferuntur
889 2698 918 2738 a
947 2680 1208 2751 cognatis,
1252 2694 1282 2732 a
1329 2674 1698 2739 familiaribus,
1732 2681 1785 2728 et
1814 2670 2001 2725 alienis
2032 2678 2085 2723 et

497 2775 845 2833 domesticis?
870 2773 1110 2845 profecto
1149 2770 1426 2841 pulchram
1468 2766 1755 2822 reddemus
1781 2762 1971 2833 virgini
1998 2776 2085 2816 re-

496 2870 861 2931 tributionem,
892 2863 1035 2934 quod
1066 2877 1237 2931 neque
1270 2858 1534 2930 nupserit,
1561 2871 1734 2925 neque
1760 2860 2081 2923 praesentem

499 2959 752 3013 mundum
783 2956 1048 3019 dilexerit,
1079 2953 1173 3009 sed
1206 2968 1302 3022 pro
1326 2950 1573 3005 omnibus
1611 2947 1879 3003 Christum
1903 2946 2084 3013 elege-

497 3054 587 3119 rit,
611 3052 847 3106 sinentes
873 3048 1013 3103 illam
1041 3046 1336 3116 expositam
1360 3043 1445 3105 iis,
1476 3042 1565 3111 qui
1596 3055 1714 3095 eam
1746 3036 2085 3092 facultatibus

498 3146 611 3201 suis
634 3144 863 3214 privant.
890 3140 957 3194 Et
978 3147 1175 3209 quanto
1203 3136 1369 3191 satius
1409 3133 1511 3203 ipsi
1534 3140 1647 3186 erat
1673 3130 1897 3193 nubere,
1926 3136 1979 3182 et
2004 3126 2082 3180 uti

497 3232 885 3297 contubernali,
936 3230 1021 3287 cui
1066 3228 1399 3283 incumberet
1438 3224 1625 3278 harum
1654 3235 1830 3276 rerum
1863 3217 2089 3273 admini«

496 3329 894 3396 stratio,quam
945 3323 987 3376 si
1044 3323 1262 3390 innupta
1312 3332 1534 3372 manens
1579 3314 1785 3369 fmdcra
1814 3327 1936 3366 eum
1980 3311 2089 3364 Deo

497 3424 625 3477 inita
654 3416 952 3478 conculcet,
982 3423 1034 3467 et
1063 3412 1311 3482 injuriam
1341 3408 1498 3463 faciat
1525 3406 1604 3461 rei
1631 3414 1734 3458 tam
1763 3403 2006 3457 honest-.e
2027 3415 2090 3455 ac

497 3512 821 3575 reverendae,
854 3516 907 3565 et
934 3506 1071 3563 alios
1097 3517 1306 3573 quoque
1335 3500 1399 3554 ad
1428 3496 1697 3567 naufragia
1724 3509 1942 3550 suorum
1973 3508 2086 3547 ma-

496 3607 669 3659 lorum
701 3601 910 3656 trahat?
939 3600 1054 3668 Quo
1082 3604 1238 3669 pacto
1278 3599 1457 3650 autem
1490 3589 1627 3643 hanc
1655 3586 1902 3641 omnibus
1931 3584 2089 3639 Chri-

497 3707 637 3751 stum
664 3694 962 3766 praetulisse
990 3691 1156 3754 dices,
1183 3703 1304 3743 cum
1333 3687 1579 3741 Christus
1600 3680 1797 3739 clamet
1823 3690 1887 3736 ac
1909 3675 2048 3735 dicat
2073 3691 2087 3733 :

499 3788 624 3842 Non
650 3786 855 3857 potestis
880 3782 1065 3838 servire
1098 3782 1201 3835 Deo
1223 3789 1268 3834 et
1294 3792 1597 3832 mammona:
1631 3774 1844 3847 (Matth.
1873 3772 1926 3827 6.
1958 3770 2093 3843 9.4)?

497 3883 615 3951 Quo
643 3890 795 3951 pacto
835 3879 962 3932 item
1007 3873 1263 3929 ntuttdum
1305 3880 1359 3925 et
1399 3869 1685 3940 praesentia
1730 3866 1855 3921 odio
1896 3865 2093 3919 habere

498 3974 724 4046 poteris,
754 3971 841 4041 qui
872 3964 1332 4036 concupiscentias
1360 3961 1523 4032 hujus
1551 3958 1735 4014 mundi
1766 3973 1872 4011 non
1912 3972 2094 4025 asper-

501 4063 706 4120 nandas
731 4060 957 4117 suades?
986 4056 1266 4126 Quomodo
1290 4064 1466 4109 autem
1496 4066 1615 4107 eam
1643 4064 1765 4120 qua)
1796 4048 1965 4102 virmn
1996 4046 2095 4100 ha—

499 4159 592 4213 bet
614 4153 815 4209 hortari
841 4160 1012 4223 potes,
1037 4157 1098 4205 ut
1124 4153 1433 4202 contemnat
1460 4159 1613 4215 opes,
1642 4156 1763 4198 eum
1809 4150 1862 4195 tu
1906 4137 2093 4208 virgini

502 4247 714 4303 divitias
741 4242 1059 4313 conquiras?
1087 4241 1149 4294 Et
1169 4239 1304 4292 hanc
1328 4237 1497 4307 ipsam
1522 4231 1790 4305 quomodo
1820 4231 2096 4300 permittes

502 4340 717 4396 assidue
761 4347 817 4393 et
855 4342 1163 4392 constanter
1206 4331 1412 4387 hmrere
1445 4328 1686 4391 Domino,
1717 4342 1837 4381 cum
1880 4338 2095 4378 onmem

503 4435 668 4486 vitam
694 4439 749 4486 et
784 4444 944 4484 omne
974 4427 1208 4482 studium
1258 4424 1311 4478 in
1361 4422 1476 4492 ejus
1517 4419 1748 4490 negotiis
1785 4415 2097 4486 expcndas?

507 4521 785 4592 Quomodo
827 4521 1023 4590 poterit
1062 4518 1210 4588 virgo
1253 4512 1641 4586 philosophari,
1693 4527 1812 4566 cum
1845 4520 1895 4566 te
1926 4510 2094 4564 virum

509 4614 687 4668 videat
714 4611 930 4681 indigne
958 4609 1097 4663 ferre
1125 4609 1170 4662 si
1196 4607 1311 4677 ejus
1335 4606 1571 4675 pecuniae
1595 4603 1948 4673 diripiantur?
1968 4617 2101 4672 qno—

510 4705 672 4762 modo
703 4703 896 4774 poterit
921 4701 1175 4756 damnum
1195 4698 1523 4768 contemptui
1546 4695 1760 4759 habere,
1784 4709 1906 4749 cum
1939 4702 1988 4748 te
2019 4694 2100 4747 vi-

511 4800 635 4854 deat
663 4795 841 4851 omnia
875 4792 1156 4848 facientem
1199 4802 1254 4846 et
1288 4790 1575 4860 patientem
1602 4796 1660 4841 ut
1683 4787 1826 4841 illius
1853 4800 1984 4854 opes
2010 4800 2100 4839 ac-

513 4886 788 4944 tumules?
815 4885 929 4940 Non
958 4885 1037 4939 sic
1078 4898 1178 4938 nos
1217 4883 1357 4937 Deus
1386 4896 1415 4935 a
1444 4881 1670 4951 negotiis
1714 4879 1933 4935 liberari
1963 4878 2098 4947 vult,

516 4982 610 5037 sed
640 4988 987 5035 contemnere
1030 4973 1328 5039 facultates,
1354 4983 1408 5029 et
1433 4972 1681 5028 omnibus
1706 4987 1825 5041 qua:
1855 4971 1921 5024 ad
1966 4969 2104 5024 hanc
2131 5017 2136 5025 .

517 5076 678 5129 vitam
705 5072 975 5141 pertinent
996 5067 1324 5123 renuntiare.
1355 5068 1425 5120 At
1450 5081 1555 5119 non
1585 5064 1758 5119 sinitis
1780 5077 1895 5128 vos,
1928 5075 2105 5130 neque

440 5155 449 5160 ”
516 5167 808 5223 conceditis
850 5165 1023 5234 legem
1067 5159 1162 5215 Dei
1203 5158 1404 5213 valere.
1442 5157 1580 5225 Quid
1622 5171 1770 5225 ergo,
1804 5156 1846 5208 si
1877 5153 2102 5208 aliorum

517 5278 650 5331 opus
679 5260 872 5314 habeat
890 5254 1201 5327 patrocinio,
1225 5252 1413 5321 inquit,
1439 5258 1493 5304 et
1515 5249 1677 5307 multa
1709 5247 1841 5302 ferat
1867 5246 2106 5316 indigna?

520 5369 585 5405 an
616 5369 720 5407 non
747 5349 963 5419 indigna
984 5357 1107 5402 sunt
1134 5347 1248 5399 haec
1268 5341 1504 5413 virgine?
1530 5342 1643 5396 lmo
1670 5341 1801 5396 nihil
1831 5350 1936 5395 tam
1964 5338 2104 5393 indi-

520 5460 681 5512 gnum
709 5444 931 5514 virgine,
961 5449 1019 5496 ut
1049 5439 1209 5494 ditari
1251 5446 1305 5492 et
1342 5418 1679 5506 negotiorum
1723 5433 1879 5488 turba
1927 5431 2104 5505 obrui.

523 5532 662 5602 Quid
681 5543 879 5599 autem,
908 5533 953 5587 si
983 5540 1036 5587 et
1060 5530 1161 5585 alia
1187 5544 1307 5583 cum
1336 5527 1420 5581 his
1443 5525 1645 5596 jubeat,
1670 5524 1841 5594 qualia
1868 5530 1993 5577 sunt
2013 5522 2109 5576 foe-

526 5623 703 5679 nerari
728 5638 940 5685 aurum,
972 5620 1163 5676 deinde
1194 5619 1347 5674 nobis
1373 5616 1577 5672 vocatis
1602 5615 1668 5669 ad
1707 5612 2025 5668 commercia
2055 5611 2108 5666 id

526 5728 633 5769 non
659 5713 1006 5782 persuaserit,
1029 5722 1084 5765 ct
1106 5725 1227 5766 cum
1257 5726 1362 5764 non
1392 5707 1739 5781 persuaserit,
1770 5707 1903 5760 alios
1929 5704 2103 5770 adeat,

527 5818 694 5862 nosne
715 5802 769 5861 in
802 5815 962 5859 causa
987 5803 1223 5860 erimus?
1246 5803 1384 5872 Quid
1419 5810 1618 5869 autem,
1648 5802 1691 5856 si
1724 5800 2108 5872 negotiationes

1232 357 1287 412 S.
1332 353 1610 412 JOANNIS
1645 345 2127 409 CilllYSOSTOMl
2166 344 2484 400 ARCHlEP.
2519 344 3056 404 CONSTANTINOP.

3652 360 3747 415 505

2182 464 2384 532 aliquas
2410 463 2541 518 alias
2571 465 2853 521 illiberales
2879 476 2933 520 et
2961 468 3181 525 serviles
3208 469 3447 536 instruat,
3477 471 3667 529 deinde
3688 483 3748 540 si,

2177 567 2299 607 eum
2329 569 2427 608 nos
2463 555 2740 624 eooperari
2770 556 3114 619 uoluerimus,
3147 558 3263 611 aliis
3288 560 3599 628 quibusdam
3629 579 3748 634 opus

2181 645 2396 712 haheat,
2427 647 2641 716 dignine
2670 647 2871 703 erimus
2900 650 2988 718 qui
3017 651 3431 719 redarguamur?
3456 653 3611 709 Nullo
3642 668 3748 708 mo-

2182 738 2271 804 do,
2305 738 2434 807 quin
2468 740 2640 807 potius
2668 739 2811 811 digni
2841 742 2932 811 qui
2979 742 3256 797 laudemur
3279 762 3293 798 :
3316 759 3438 799 nam
3464 757 3643 802 contra
3670 747 3744 805 vi-

2184 831 2392 898 tuperio
2412 831 2554 899 digni
2577 846 2838 896 essemus,
2858 834 2901 887 si
2926 843 3135 888 mutuas
3154 835 3259 890 illis
3277 851 3465 904 cperas
3487 839 3744 896 daremus.

2182 920 2273 975 Vis
2299 938 2404 976 non
2428 921 2629 977 auferri
2655 940 2826 993 neque
2851 925 3005 994 diripi
3034 942 3163 995 opes
3190 927 3367 982 illius?
3392 929 3615 986 admone
3638 947 3746 987 eam

2179 1020 2238 1065 ut
2262 1012 2511 1082 deponat,
2541 1015 2629 1069 ubi
2656 1032 2828 1104 neque
2851 1018 2961 1071 viro
2986 1032 3117 1086 opus
3145 1020 3333 1074 habeat
3352 1019 3421 1074 ad
3439 1023 3742 1089 custodiam,

2180 1113 2235 1158 et
2266 1114 2520 1173 perpetuo
2562 1107 2782 1176 integra:
2813 1118 3088 1173 maneant;
3135 1110 3181 1164 si
3208 1120 3386 1165 autem
3416 1112 3638 1168 voluerit
3665 1131 3750 1170 ne-

2179 1196 2317 1263 gotia
2348 1197 2561 1264 habere,
2585 1214 2751 1267 quare
2770 1200 2902 1254 ludit
2923 1202 2974 1255 in
2999 1216 3101 1256 non
3131 1203 3381 1258 ludicris?
3400 1204 3531 1259 Nam
3554 1208 3595 1262 si
3613 1209 3750 1277 virgo

2180 1286 2297 1341 hrec
2325 1297 2467 1357 agat.
2511 1289 2644 1344 ludit
2683 1291 2864 1345 ludum
2895 1308 3000 1346 non
3022 1293 3337 1363 jucundum,
3382 1298 3476 1351 sed
3526 1298 3750 1354 mortife-

2181 1393 2324 1431 rum.
2370 1379 2594 1447 Quando
2639 1382 2779 1435 enim
2823 1382 3108 1438 obnoxiam
3158 1385 3239 1439 his
3285 1387 3656 1442 certaminibus
3696 1403 3751 1443 se

2181 1472 2472 1536 constituit,
2504 1483 2558 1527 et
2586 1474 2763 1528 omnia
2795 1475 3005 1545 indigna
3051 1491 3145 1530 sua
3186 1477 3565 1546 pollicitatione
3606 1479 3740 1544 facit,

2182 1562 2353 1630 major
2383 1578 2552 1632 pretia,
2590 1565 2802 1634 gravior
2828 1575 2909 1620 est
2930 1576 3108 1635 parata
3135 1568 3387 1621 vindicta.
3415 1568 3549 1622 Num
3572 1569 3749 1623 audisti

2183 1658 2392 1726 qualem
2437 1658 2535 1728 ipsi
2578 1659 2749 1729 legem
2794 1661 2969 1730 posuit
3011 1660 3227 1728 Paulus,
3262 1662 3370 1715 imo
3406 1660 3648 1718 Christus
3669 1664 3749 1732 qui

2183 1761 2280 1815 per
2305 1747 2452 1801 illum
2479 1749 2728 1817 loquutus
2758 1758 2861 1815 est,
2887 1750 3029 1820 quod
3057 1750 3225 1805 divisa
3252 1762 3334 1806 est
3360 1751 3554 1806 mulier
3576 1762 3627 1806 et
3651 1753 3752 1805 vir—-

2183 1836 2285 1906 go?
2310 1837 2379 1890 Et
2407 1854 2519 1909 qua?
2542 1841 2755 1908 innupta
2779 1849 2852 1894 est
2877 1843 3061 1912 cogitat
3087 1857 3200 1913 qua:
3224 1852 3342 1895 sunt
3370 1840 3597 1907 Domini,
3623 1851 3673 1895 ut
3695 1843 3753 1897 sit

2183 1938 2361 1981 sancta
2389 1939 2433 1983 et
2459 1946 2670 2000 corpore
2688 1940 2734 1985 et
2752 1933 2937 2000 spiritu
2968 1932 3015 2004 (1
3030 1972 3042 1985 .
3065 1932 3182 1986 Cor.
3207 1934 3260 1988 7.
3278 1933 3405 2004 5i)?
3424 1933 3530 1989 Sed
3551 1950 3641 1989 vos
3657 1951 3751 1988 non

2185 2017 2382 2084 sinitis,
2413 2027 2466 2073 et
2494 2021 2669 2073 omnia
2695 2036 2880 2076 earum
2908 2022 3169 2077 desideria
3196 2026 3560 2079 auscultantes
3597 2027 3752 2094 magis

2184 2121 2345 2176 quam
2363 2110 2602 2178 emptitia
2620 2113 2880 2181 mancipia
2908 2113 3155 2182 morigeri
3178 2113 3324 2167 estis.
3355 2113 3432 2168 lta
3456 2123 3555 2180 est,
3579 2115 3754 2184 inquit.

2185 2200 2324 2267 Quid
2348 2202 2525 2271 igitur,
2553 2204 2598 2257 si
2624 2211 2867 2259 extrema
2899 2204 3073 2274 inopia
3097 2205 3339 2260 laboret?
3360 2206 3493 2260 Nam
3516 2206 3582 2261 de
3600 2206 3754 2261 abnu-

2185 2291 2434 2346 dantibus
2479 2293 2593 2347 haec
2632 2294 2770 2349 bene
2814 2310 2846 2351 a
2893 2304 2947 2351 te
2994 2296 3134 2351 dicta
3164 2307 3285 2350 sunt
3320 2315 3335 2352 :
3366 2314 3488 2367 qua:
3514 2308 3681 2351 autem
3709 2297 3754 2351 in

2187 2383 2529 2441 mendicitate
2554 2393 2606 2439 et
2631 2385 2806 2455 inopia
2827 2386 2991 2440 multa
3015 2389 3270 2457 neglecta:
3289 2387 3492 2457 jaecnt,
3520 2387 3639 2457 quid
3664 2387 3757 2442 cri-

2188 2473 2347 2529 minis
2396 2484 2475 2529 est
2517 2477 2563 2530 si
2608 2477 2916 2547 erigantur?
2946 2477 3159 2533 Utinam
3212 2495 3315 2532 non
3347 2478 3669 2548 dejecissetis
3709 2488 3758 2532 et

2188 2565 2534 2635 depulissetis
2561 2584 2653 2623 cas
2677 2569 2728 2621 in
2756 2568 3068 2639 perditionis
3091 2572 3360 2637 barathra,
3391 2582 3449 2627 et
3476 2572 3523 2625 id
3545 2571 3758 2641 optabile

2189 2668 2352 2715 esset.
2372 2661 2656 2717 Enimvero
2680 2663 2722 2715 si
2754 2661 2855 2715 hoc
2877 2662 3006 2717 facis
3023 2664 3323 2733 obsequens
3353 2663 3474 2733 ejus
3501 2662 3756 2726 mandato,

2190 2753 2276 2821 qui
2303 2753 2458 2821 jussit
2489 2755 2810 2823 pauperibus
2834 2755 3074 2811 subsidio
3098 2771 3236 2820 esse,
3263 2756 3432 2812 habes
3452 2757 3637 2810 multos
3657 2754 3757 2809 l'ra-

2192 2853 2334 2909 tres;
2385 2844 2455 2899 ibi
2484 2845 2682 2899 bonum
2712 2846 2812 2901 hoc
2840 2861 2974 2916 opus
3002 2848 3217 2914 exhibe,
3264 2848 3356 2902 ubi
3411 2849 3542 2903 nihil
3582 2848 3763 2902 subibit

2191 2934 2513 2990 oll‘cndiculo
2542 2935 2808 3003 futurum;
2854 2947 2908 2991 at
2940 2940 3025 2993 hic
3052 2938 3393 3010 eleemosyna
3440 2940 3583 2993 omni
3623 2938 3762 2996 inltu-

2192 3030 2448 3085 manitate
2473 3038 2527 3085 et
2553 3030 2868 3086 crudelitate
2907 3032 3143 3087 deterior
3169 3042 3273 3088 est.
3304 3033 3439 3100 Quae
3465 3034 3603 3093 enim
3633 3036 3763 3090 utili—

2195 3129 2292 3187 tas,
2321 3120 2450 3175 dum
2483 3130 2538 3176 tu
2567 3123 2782 3191 quidem
2819 3137 3017 3192 corpus
3062 3123 3185 3189 alis,
3226 3123 3464 3183 animum
3490 3138 3657 3182 autem
3682 3126 3765 3179 de-

2194 3212 2417 3282 primis?
2445 3212 2654 3281 quando
2672 3224 2878 3269 vestem
2903 3214 3019 3279 das,
3049 3215 3408 3284 suspicionem
3438 3229 3607 3274 autent
3626 3216 3773 3272 nudi-r

2195 3315 2303 3361 tate
2335 3306 2624 3376 turpiorem
2655 3307 2821 3363 facis?
2849 3307 3061 3377 quande
3090 3313 3285 3382 prodes
3315 3313 3368 3368 in
3398 3313 3467 3367 iis
3496 3327 3612 3383 quae
3648 3316 3763 3364 sunt

2195 3397 2463 3466 corporis.
2491 3397 2669 3453 omnia
2699 3407 2877 3458 autem
2922 3403 3215 3473 spiritualia
3245 3402 3548 3472 disperdis?
3572 3398 3765 3470 quando

2197 3489 2244 3543 ei
2279 3502 2590 3558 prosperam
2618 3508 2733 3549 rem
2759 3494 2892 3549 facis
2921 3496 2974 3548 in
2999 3503 3165 3562 terra,
3193 3493 3342 3563 ejicis
3372 3489 3768 3549 autemeczclis?

2196 3581 2382 3648 Qualis
2410 3594 2590 3642 autem
2620 3588 2736 3642 bzee
2760 3588 3121 3658 eleemosyna,
3143 3585 3357 3657 quando
3385 3587 3555 3657 gloria
3579 3581 3767 3639 Domini

2199 3680 2532 3749 contemptui
2559 3689 2663 3745 est,
2695 3679 2908 3750 quando
2933 3681 3106 3750 palam
3127 3679 3551 3749 suntopprohria
3578 3686 3625 3731 et
3651 3691 3768 3730 con-

2197 3769 2339 3825 fusio
2366 3780 2423 3826 et
2447 3771 2686 3826 convicia
2714 3780 2767 3825 et
2792 3779 3109 3837 scommata,
3159 3779 3212 3824 et
3242 3770 3360 3840 ejus
3383 3771 3538 3839 cujus
3562 3767 3772 3821 misere-

2199 3863 2296 3930 ris,
2323 3871 2379 3918 et
2417 3863 2647 3917 aliorum
2679 3863 2968 3917 multorum
2996 3862 3084 3932 qui
3115 3860 3576 3916 scandalizentur?
3611 3857 3715 3912 Non
3744 3871 3770 3908 a

2200 3956 2592 4023 misericordia,
2616 3955 2711 4011 sed
2740 3956 2808 4011 ab
2839 3955 3123 4010 inhumana
3152 3964 3208 4010 et
3230 3953 3434 4009 crudeli
3477 3953 3641 4008 anima
3670 3949 3772 4003 lucc

2200 4048 2635 4121 proficiscuntur.
2666 4047 2799 4104 Nam
2830 4049 2875 4104 si
2898 4064 2964 4103 ex
2992 4047 3354 4103 misericordia
3377 4056 3434 4102 et
3464 4044 3772 4100 humanitate

2203 4149 2404 4208 essent,
2431 4144 2544 4195 haec
2565 4140 2707 4195 circa
2736 4140 2881 4195 viros
2901 4154 3114 4209 quoque
3134 4138 3393 4193 exhibere
3419 4136 3707 4206 oportebat.

2274 4233 2327 4287 7.
2360 4234 2431 4287 At
2457 4230 2731 4299 mulieres,
2762 4230 2957 4301 inquis,
2987 4231 3191 4300 majore
3217 4244 3350 4300 opus
3382 4227 3576 4283 habent
3606 4234 3767 4295 patro-

2204 4324 2379 4392 cinio,
2424 4324 2525 4379 viri
2553 4333 2732 4379 autem
2761 4339 2792 4378 a
2834 4333 3018 4378 natura
3049 4324 3211 4377 multa
3244 4322 3443 4377 habent
3472 4319 3772 4389 adjumcnta.

2206 4416 2344 4485 Quin
2374 4425 2428 4470 et
2456 4415 2506 4470 in
2538 4415 2666 4470 viris
2695 4415 2849 4469 multi
2893 4423 3017 4469 sunt
3057 4413 3369 4469 mulieribus
3397 4410 3707 4467 inlirmiores
3730 4414 3773 4460 et

2206 4510 2276 4564 ob
2302 4509 2558 4581 grandem
2588 4518 2859 4565 senectam
2877 4551 2893 4576 ,
2922 4518 2975 4564 et
3002 4508 3071 4563 ob
3099 4506 3481 4573 valetudinem,
3509 4513 3560 4559 et
3584 4502 3649 4557 ob
3672 4514 3774 4552 mu-

2209 4602 2501 4658 tilationem
2537 4602 2798 4673 corporis,
2829 4612 2883 4657 et
2911 4601 2980 4657 ob
3008 4601 3223 4656 morbos
3249 4614 3458 4672 graves,
3485 4598 3710 4665 aliasque
3733 4591 3775 4643 id

2208 4711 2378 4767 genus
2404 4710 2593 4751 causas
2619 4714 2631 4749 :
2654 4703 3024 4750 verumtamen
3068 4694 3190 4764 quia
3229 4692 3461 4747 maxime
3489 4687 3632 4743 vobis
3652 4694 3777 4739 curat

2211 4799 2292 4843 est
2318 4789 2597 4842 mulierum
2628 4801 2817 4856 genus,
2841 4793 3025 4856 utpote
3051 4784 3333 4848 inﬁrmius,
3366 4792 3420 4838 et
3446 4780 3511 4835 ad
3532 4792 3620 4834 eas
3643 4770 3779 4829 valde

2213 4878 2588 4936 misericordes
2639 4885 2695 4933 et
2738 4878 3125 4947 compaticntes
3173 4876 3334 4943 estis,
3388 4887 3557 4944 neque
3599 4870 3690 4922 hac
3730 4864 3777 4918 in

2212 4982 2363 5043 parte
2393 4970 2675 5024 occasione
2713 4968 3098 5032 destitncmnr,
3152 4966 3246 5021 sed
3286 4964 3623 5021 ostendemus
3647 4953 3778 5012 vobis

2216 5074 2530 5135 argumenta
2562 5063 2613 5117 in
2643 5062 2834 5134 quibus
2880 5061 3007 5115 nihil
3047 5058 3291 5128 vituperii
3332 5068 3386 5112 ct
3427 5051 3675 5111 mercedis
3709 5052 3781 5101 est

2216 5159 2529 5229 plurimum.
2585 5156 2721 5212 Sunt
2761 5156 2903 5210 enim
2956 5163 3009 5209 et
3062 5152 3315 5207 mulieres
3367 5148 3601 5220 quaedam
3648 5137 3780 5196 senio

2216 5248 2495 5315 confecue,
2543 5247 2627 5303 vel
2676 5246 2896 5301 resectis
2940 5245 3207 5307 manibus,
3261 5242 3348 5297 vel
3397 5248 3561 5309 capta:
3596 5230 3779 5291 oculis,

2216 5342 2482 5410 variisque
2509 5340 2626 5394 aliis
2667 5338 2865 5393 morbis
2908 5334 3173 5401 invalida},
3203 5343 3258 5389 et
3282 5331 3577 5387 difﬁciliore
3602 5318 3781 5378 morbis

2218 5441 2551 5503 paupertate.
2575 5428 2846 5499 Siquidem
2872 5427 3070 5495 inepia,
3098 5441 3218 5480 cum
3248 5436 3465 5493 prorsus
3489 5417 3610 5472 nihil
3640 5410 3779 5465 habe

2219 5532 2333 5588 tur,
2381 5521 2623 5589 corporis
2652 5520 2874 5574 morbos
2903 5517 3058 5572 all'crt
3110 5534 3124 5571 :
3176 5515 3291 5586 ipsa
3322 5524 3495 5567 autem
3527 5510 3778 5579 paupertas

2218 5632 2249 5671 a
2297 5614 2498 5669 morbis
2545 5628 2756 5683 quoque
2800 5610 3011 5683 gravior
3066 5610 3122 5663 lit
3159 5619 3214 5664 et
3258 5600 3651 5661 intolerabilior.
3690 5592 3781 5647 llas

2220 5707 2469 5779 perquire
2495 5713 2551 5760 et
2575 5704 2765 5775 collige
2786 5745 2801 5771 ,
2832 5705 2940 5758 imo
2969 5703 3019 5757 in
3050 5699 3364 5772 colligendis
3384 5697 3526 5753 nullo
3550 5702 3671 5760 opus
3696 5687 3809 5774 erit.

2222 5796 2532 5856 laborc:ita
2562 5803 2686 5852 ante
2724 5809 2915 5852 omnes
2946 5793 3128 5867 jacent
3151 5834 3166 5864 ,
3212 5799 3411 5864 parata:
3450 5781 3679 5844 omnibus
3706 5765 3780 5840 (illi
