4138 6416
379 359 485 414 5!}5

376 475 550 538 πίδες,
579 472 630 526 οἳ
675 471 764 526 τὸν
813 473 1047 544 σταυρὸν
1091 471 1475 537 κελευσθέντες
1524 470 1818 543 βαστάζειν
1868 477 1964 531 καὶ

377 557 604 612 ἕπεσθαι
636 555 716 626 τῷ
750 555 994 627 Χριστῷ,
1026 555 1283 626 ῥίψαντες
1313 555 1403 608 τὸν
1431 555 1684 628 σταυρὸν,
1711 557 1965 630 καθάπερ

379 638 708 709 στρατιῶται
737 639 974 709 μαλακοὶ
986 639 1086 710 τὴν
1114 639 1338 702 ἀσπίδα,
1353 637 1602 710 ἠλακάτῃ
1635 640 1961 712 παρακάθη-

379 720 473 773 σθε
501 720 596 774 καὶ
626 721 967 794 καλαθίσκῳ,
998 722 1065 776 δι’
1103 721 1300 793 ἐτέρας
1331 723 1700 792 αἰσχροτέρας
1737 723 1964 793 μεθόδου

375 801 476 872 τὴν
505 803 588 866 εἰς
618 804 712 856 τὸν
752 806 1000 877 παρόντα
1032 804 1146 875 βίον
1176 804 1491 870 ἀνοίξαντες
1528 803 1719 876 θύραν.
1751 807 1824 858 Οὐ
1855 805 1964 877 γάρ

375 883 552 948 οὕτως
575 887 820 958 αἰσχρὸν,
857 891 984 953 τοὺς
1011 889 1403 958 γεγαμηκότας
1429 886 1606 943 ταῦτα
1633 890 1962 959 οἰκονομεῖν,

377 968 454 1032 ὡς
489 970 614 1032 τοὺς
647 972 1148 1042 προσποιουμένους
1168 973 1314 1042 ὑμᾶς
1344 972 1834 1044 ἀποπεπηδηκέναι
1866 974 1964 1044 μὲν

375 1049 489 1102 τῶν
521 1053 838 1122 παρόντων,
879 1054 946 1107 δι’
977 1054 1170 1126 ἐτέρου
1209 1054 1267 1106 δὲ
1300 1055 1595 1125 προσώπου
1631 1055 1794 1108 πάλιν
1823 1053 1966 1110 αὑτά

378 1133 796 1205 ὑποδυομένους.
829 1137 928 1191 Διά
961 1137 1120 1191 τοῦτο
1152 1137 1476 1208 λαιμάργων
1507 1138 1602 1190 καὶ
1644 1139 1964 1210 παρασίτων

378 1217 477 1270 καὶ
497 1217 745 1272 κολάκων
767 1221 862 1274 καὶ
885 1221 1316 1290 γυναικοδούλων
1342 1220 1620 1291 πανταχοῦ
1644 1221 1804 1285 δόξαν
1827 1219 1966 1291 λαμ-

379 1299 634 1371 ϐάνομεν,
676 1303 758 1356 ὃτι
790 1307 965 1374 χαμαὶ
1004 1305 1104 1376 τὴν
1148 1305 1427 1373 εὐγένειαν
1457 1304 1677 1358 ἀπασαν
1708 1305 1964 1375 ῥίψαντες

378 1383 479 1456 τὴν
503 1384 710 1438 ἄνωθεν
746 1385 994 1442 δοθεῖσαν
1038 1390 1200 1458 ἡμῖν,
1235 1387 1839 1458 ἀντικαταλλαττόμεθα
1863 1387 1964 1458 τὴν

377 1467 488 1520 ἀπὸ
525 1469 627 1538 τῆς
667 1468 771 1539 γῆς
807 1470 1239 1542 δουλοπρέπειάν
1276 1487 1338 1523 τε
1375 1470 1471 1524 καὶ
1510 1471 1806 1526 εὐτέλειαν.
1853 1471 1964 1524 Καὶ

377 1551 578 1620 χήραις
607 1551 706 1621 μὲν
726 1553 1001 1624 διανεῖμαι
1021 1555 1286 1626 χρήματα
1299 1553 1397 1623 οὑχ
1422 1552 1628 1606 εἵλοντο
1650 1555 1706 1606 ol-
1723 1556 1962 1622 γενναῖοι

377 1632 501 1685 τότε
523 1633 716 1705 ἀνδρες
750 1637 971 1699 ἐκεῖνοι,
991 1638 1086 1690 καὶ
1113 1635 1288 1690 ταῦτα
1313 1637 1583 1708 τοσαύτης
1613 1637 1964 1708 βλασφημίας

379 1716 677 1786 γενομένης
697 1718 785 1771 διὰ
809 1719 870 1772 τὸ
897 1719 1102 1791 μηδένα
1126 1716 1266 1773 εἶναι
1282 1720 1375 1772 τὸν
1398 1719 1809 1792 οίκονομοῦντα,
1827 1720 1964 1774 ἀλλά

377 1797 604 1852 ἔλαττον
616 1801 716 1872 τῆς
739 1801 919 1856 αὑτῶν
945 1802 1264 1872 φιλοσοφίας
1284 1799 1426 1858 εἶναι
1446 1804 1607 1858 τοῦτο
1620 1805 1961 1875 νομίσαντες,

377 1881 592 1953 ἑτέροις
618 1885 930 1954 ἐπέτρεψαν
948 1904 961 1918 ’
992 1889 1157 1957 ἡμεῖς
1187 1887 1246 1940 δέ
1279 1890 1379 1941 οὑκ
1407 1888 1704 1960 αἰδούμεθα
1732 1887 1965 1942 πλοῦτον

375 1965 660 2037 ἀλλότριον
699 1967 956 2033 αὔξοντες
983 1971 1078 2022 ἐπὶ
1121 1969 1266 2042 λύμῃ
1296 1971 1407 2025 τῶν
1443 1973 1820 2044 κεκτημένων,
1855 1971 1966 2024 τῶν

378 2049 651 2119 εὐνούχων
694 2051 804 2104 τῶν
837 2052 968 2123 περὶ
1008 2052 1076 2105 τά
1113 2054 1342 2108 τοιαῦτα
1396 2054 1773 2126 ἐσχολακότων
1813 2055 1966 2108 οὐδὲν

377 2128 604 2200 ἄμεινον
630 2133 985 2204 διακείμενοι,
1005 2137 1058 2188 οἱ
1084 2137 1204 2189 καθ’
1236 2138 1472 2209 ἑκάστην
1495 2139 1711 2210 ἡμέραν
1739 2139 1800 2190 τὸ
1825 2132 1968 2208 αἷμα

379 2215 476 2266 καὶ
499 2217 598 2279 τὶς
615 2217 794 2287 ψυχὰς
818 2219 910 2270 ἐπὶ
935 2219 1046 2272 τῶν
1071 2220 1271 2291 χειρῶν
1295 2223 1754 2292 προσταττόμενοι
1778 2222 1966 2294 φέρειν

377 2297 505 2351 ἀντὶ
536 2301 788 2368 μεγάλων
826 2301 1027 2356 ὃπλων.
1049 2303 1114 2356 Τί
1149 2302 1274 2369 ο·5ν;
1305 2305 1666 2375 ἁρπαζόμενα
1692 2305 1870 2359 πάντα
1897 2307 1966 2358 τά

377 2379 482 2450 τῆς
520 2383 790 2454 παρθένου
821 2385 925 2454 χρὴ
953 2387 1218 2456 περιιδεῖν
1255 2388 1502 2456 άγόμενά
1526 2404 1586 2439 τε
1612 2389 1707 2440 καὶ
1733 2403 1964 2458 περιφε-

383 2464 587 2534 ρόμενα
623 2467 727 2518 ὑπὸ
763 2469 1062 2536 συγγενῶν,
1101 2469 1205 2522 ὑπο
1235 2469 1484 2530 οἰκετῶν,
1517 2471 1612 2524 καὶ
1641 2471 1962 2540 ἀλλοτρίων,

378 2548 413 2616 ἢ
443 2550 532 2601 καὶ
571 2551 822 2616 οἰκείων;
851 2551 1038 2622 Καλήν
1065 2569 1129 2618 γε
1162 2549 1254 2605 οὖν
1273 2565 1300 2592 ι
1330 2552 1690 2623 ἀποδώσομεν
1722 2557 1786 2624 τῇ
1821 2573 1966 2626 παρ-

379 2630 520 2701 θένῳ
543 2631 639 2702 τὴν
667 2633 904 2704 ἀμοιϐὴν
925 2635 1041 2688 ἀνθ’
1070 2628 1145 2687 ὦν
1172 2635 1272 2688 οὑκ
1293 2635 1390 2705 έγη
1401 2653 1519 2702 μεν,
1547 2637 1668 2690 οὐδὲ
1699 2639 1791 2690 τὸν
1821 2657 1966 2710 παρ-

376 2712 510 2765 όντα
557 2715 762 2784 κόσμον
816 2717 1134 2786 ἠγάπησεν,
1177 2717 1291 2770 ἀλλ’
1333 2720 1456 2771 ἀντὶ
1513 2721 1732 2773 πάντων
1791 2721 1968 2775 εἵλετο

379 2802 474 2851 τὸν
501 2798 760 2869 Χριστὸν,
806 2801 1038 2869 ἀφέντες
1071 2801 1239 2872 αὐτὴν
1283 2802 1606 2873 προκεῖσθαι
1639 2807 1752 2868 τοῖς
1786 2805 1969 2876 βουλο-

385 2879 568 2950 μένοις
617 2882 726 2935 τῶν
752 2883 923 2936 ὄντων
958 2885 1304 2956 ἀποστερεῖν.
1340 2885 1450 2938 Καὶ
1480 2887 1632 2958 πόσῳ
1659 2887 1866 2958 βέλτιον
1897 2886 1966 2961 ῆν

380 2963 644 3033 ὁμιλῆσαι
691 2966 876 3036 γάμῳ,
911 2967 1005 3020 καὶ
1030 2967 1110 3036 τῷ
1166 2967 1505 3023 συνοικοῦντι
1552 2970 1690 3040 πρὸς
1730 2972 1830 3043 τὴν
1857 2972 1968 3027 τῶν

383 3047 725 3117 πραγμάτων
742 3049 946 3102 τούτων
969 3051 1283 3122 οἰκονομίαν
1300 3052 1627 3122 κεχρῆσθαι,
1645 3053 1678 3124 ἢ
1701 3054 1970 3124 μένουσαν

380 3129 597 3199 ἄγαμον
640 3135 880 3204 πατῆσαι
919 3134 1018 3204 μὲν
1061 3135 1162 3197 τάς
1207 3135 1343 3205 πρὸς
1370 3135 1462 3188 τὸν
1497 3136 1631 3190 Θεὸν
1666 3137 1967 3209 συνθήκας,

382 3213 603 3283 ὑϐρίσαι
641 3214 698 3267 δὲ
738 3217 818 3278 είς
843 3218 1080 3286 πρᾶγμα
1117 3215 1259 3270 οὑτω
1299 3218 1498 3288 σεμνὸν
1542 3219 1638 3272 καὶ
1673 3220 1966 3288 φρικῶδες,

381 3295 716 3350 καθελκύσαι
753 3299 811 3352 δὲ
840 3300 935 3352 καὶ¹
967 3300 1187 3370 ἐτέρους
1215 3300 1351 3368 πρὸς
1377 3299 1447 3354 τά
1482 3302 1719 3370 ναυάγια
1744 3303 1852 3357 τῶν
1885 3307 1968 3358 οί-

381 3379 546 3435 κείων
599 3383 816 3447 κακῶνς
854 3383 978 3447 Πῶς
1015 3383 1070 3436 δέ
1113 3383 1285 3454 αὑτὴν
1326 3385 1448 3437 ἀντὶ
1490 3385 1710 3440 πάντων
1750 3386 1969 3441 ἑλέσθαι

380 3460 562 3532 λέγεις
595 3467 686 3520 τὸν
719 3468 973 3540 Χριστὸν,
1009 3466 1104 3520 τοῦ
1136 3466 1375 3538 Χριστοῦ
1408 3467 1639 3537 βοῶντος
1659 3469 1756 3523 καὶ
1782 3469 1970 3539 λέγον-

377 3561 504 3608 τος,
543 3549 624 3602 Οὺ
669 3548 933 3604 δύνασθε
977 3549 1098 3615 Θεῷ
1139 3550 1456 3604 δουλεύειν
1489 3551 1590 3605 καὶ
1635 3553 1967 3623 μαμμιιη-ᾷ;

379 3628 500 3692 πῶς
525 3629 585 3683 δὲ
605 3631 695 3684 τὸν
717 3633 922 3702 κόσμον
949 3635 1176 3704 μισῆσαι
1202 3635 1297 3686 καὶ
1321 3635 1390 3688 τὰ
1415 3635 1676 3705 παρόντα,
1706 3637 1843 3708 πρὸς
1867 3639 1967 3702 τὰς

377 3711 474 3764 τοῦ
524 3713 730 3785 κόσμου
779 3715 980 3770 πείθων
1029 3717 1330 3788 ἐπτοῆσθαι
1369 3718 1698 3790 ἐπιθυμίας;
1747 3721 1864 3775 Τίνι
1907 3721 1966 3775 δέ

377 3812 512 3850 ποτε
541 3799 650 3850 τῶν
682 3799 852 3872 ἄνδρα
884 3801 1122 3870 ἐχουσῶν
1153 3802 1353 3872 δυνήσῃ
1388 3803 1715 3872 παραινέσαι
1747 3805 1967 3876 χρημά-

375 3895 490 3933 των
536 3881 797 3954 περιιδεῖν
824 3924 836 3944 ,
871 3886 936 3954 τῇ
999 3884 1251 3956 παρθένῳ
1286 3887 1822 3952 συγκατασκευάζων
1875 3888 1968 3943 τὸν

378 3961 645 4029 πλοῦτον;
693 3967 874 4036 Αὐτὴν
906 3966 963 4020 δὲ
999 3965 1203 4038 ταύτην
1243 3966 1397 4039 [εδη
1432 3969 1562 4022 πότε
1607 3971 1842 4040 ἀφήσεις
1871 3972 1964 4024 εὑ-

377 4045 678 4118 πρὸσεδρον
705 4044 842 4102 εἶναι
871 4050 950 4118 τῷ
977 4050 1168 4120 Κυρίῳ
1194 4051 1288 4102 καὶ
1320 4051 1754 4122 ἀπερίσπαστον,
1786 4054 1965 4110 πάντα

375 4129 471 4181 τὸν
506 4130 621 4200 βίον
651 4131 746 4184 καὶ
775 4133 874 4200 τὴν
909 4132 1144 4203 σπουδὴν
1169 4134 1249 4195 είς
1278 4133 1348 4186 τά
1394 4133 1610 4204 ἐκείνης
1653 4135 1964 4191 ἀναλίσκων

377 4213 720 4285 πράγματα;
767 4216 908 4268 Πότε
946 4215 1004 4269 δὲ
1041 4216 1330 4286 δυνήσεται
1369 4217 1403 4286 ή
1437 4217 1707 4286 παρθένος
1745 4218 1962 4287 φιλοσο-

377 4299 574 4368 φῆσαι,
609 4299 668 4351 σὲ
692 4298 786 4352 τὸν
825 4298 996 4369 ἄνδρα
1035 4298 1218 4369 ὁρῶσα
1247 4299 1418 4352 δεινὸν
1456 4299 1762 4370 ἡγούμενον
1799 4297 1961 4370 εἶναι,

375 4382 430 4434 εί
458 4381 525 4436 τὰ
559 4377 775 4452 ἐκείνης
802 4382 1164 4454 διασπασθείη
1199 4383 1492 4454 χρήματα;
1525 4382 1640 4446 πῶς
1677 4384 1735 4437 δὲ
1777 4385 1968 4453 ἀνέξε-

375 4481 472 4518 ται
509 4463 713 4536 ζημίας
746 4467 1044 4537 ὑπερορᾷν,
1087 4465 1266 4518 πάντα
1311 4482 1371 4518 σε
1420 4465 1511 4518 καὶ
1561 4467 1820 4521 ποιοῦντα
1869 4470 1964 4523 καὶ

376 4547 658 4618 πάσχοντα
679 4549 1123 4620 βλέπουσα,ὥστε
1143 4548 1431 4603 ἐπιτείνειν
1447 4549 1582 4620 αὑτῇ
1605 4549 1696 4603 τὸν
1720 4551 1964 4622 παρόντα

376 4629 636 4699 πλοῦτον;
665 4635 778 4704 Οὑχ
799 4632 971 4697 οὑτως
995 4635 1144 4704 ἡμᾶς
1165 4632 1510 4704 ἀπηλλάχθαι
1541 4633 1788 4702 βούλεται
1816 4651 1962 4705 πρα-

375 4715 606 4782 γμάτων
633 4717 662 4768 ὁ
695 4717 848 4780 Θεὸς,
881 4717 997 4770 ἀλλ’
1031 4719 1089 4769 ἐν
1115 4716 1193 4788 τῷ
1229 4717 1338 4770 τῶν
1373 4717 1542 4770 ὄντων
1571 4720 1960 4787 καταφρονεῖν,

371 4799 442 4852 τὸ
463 4799 642 4853 πάντα
661 4799 1083 4872 ἀπαρνήσασθαι
1114 4801 1186 4853 τὰ
1213 4801 1444 4870 βιωτικά
1462 4800 1510 4855 b.
1542 4801 1683 4853 Ἀλλ’
1710 4803 1812 4855 οὐκ
1837 4803 1964 4856 ἐᾶτε

374 4884 560 4953 ὑμεῖς,
598 4885 718 4938 οὑδὲ
745 4886 1078 4956 συγχωρεῖτε
1109 4883 1201 4936 τοῦ
1233 4883 1372 4937 Θεοῦ
1403 4883 1494 4935 τὸν
1530 4885 1693 4956 νόμον
1734 4885 1960 4956 ἰσχύειν.

374 4967 444 5020 Τί
477 4964 592 5030 οὖν,
623 4968 688 5020 ἂν
714 4969 811 5038 τῆς
843 4968 1045 5038 ἐτέρων
1073 4967 1260 5038 δέηται
1291 4967 1647 5038 προστασίας,
1679 4969 1835 5040 φησὶ,
1871 4971 1964 5024 καὶ

373 5049 548 5104 πολλά
577 5051 770 5116 ἀνάξια
797 5051 1096 5123 ὑπομείνης
1140 5047 1234 5103 νῦν
1272 5050 1379 5123 γὰρ
1415 5051 1516 5103 οὑκ
1555 5051 1752 5116 ἀνάξια
1788 5052 1962 5108 ταῦτα

369 5136 477 5206 τῆς
502 5133 808 5206 παρθένους
836 5134 1003 5187 Οὐδὲν
1045 5132 1218 5196 οὕτως
1258 5135 1478 5200 ἀνάξιον
1515 5135 1614 5206 τῆς
1663 5135 1960 5206 παρθένου,

371 5218 453 5281 Co;
475 5219 542 5272 τὸ
571 5219 822 5272 πλουτεῖν
856 5218 950 5271 καὶ
980 5217 1406 5288 περιϐεϐλῆσθαι
1447 5219 1790 5290 πραγμάτων
1823 5221 1963 5290 πλῆ-

373 5302 491 5367 θος.
524 5303 590 5358 Τί
618 5301 697 5363 δὲ,
729 5305 779 5357 εί
822 5304 918 5356 καὶ
951 5301 1116 5374 ἓτερα
1150 5303 1287 5373 πρὸς
1317 5301 1530 5364 τούτοις
1575 5302 1812 5368 κελεύοι,
1849 5299 1964 5358 οἷον

369 5385 638 5450 δανείζειν
670 5387 891 5458 χρυσίον
937 5381 1057 5440 εἶτα
1091 5385 1368 5439 καλέσασα
1414 5387 1562 5457 ἡμᾶς
1594 5390 1674 5450 είς
1709 5388 1779 5442 τά
1823 5405 1963 5443 συν-

369 5469 701 5541 αλλάγματα
725 5469 799 5541 μὴ
829 5469 1028 5535 πείθοι,
1049 5471 1144 5526 καὶ
1171 5469 1247 5542 μὴ
1269 5471 1509 5525 πείσασα
1530 5471 1754 5544 ἐτέρους
1780 5473 1961 5542 λάϐοι,

369 5554 538 5626 ἡμεῖς
582 5553 821 5624 ἐσόμεθα
857 5553 1055 5620 dium;
1099 5553 1165 5607 Τί
1211 5554 1304 5620 δὲ,
1341 5555 1389 5607 εί
1443 5555 1748 5627 καπηλείας
1791 5555 1962 5622 ἄλλας

368 5637 526 5701 τινὰς
552 5636 936 5709 ἀνελευθέρους
961 5639 1056 5693 καὶ
1079 5640 1348 5712 ἀπρεπεῖς
1373 5641 1798 5706 κατασκευάζοι,
1817 5635 1960 5706 εἶτα,

378 5719 456 5794 μὴ
495 5719 838 5792 βουλομένων
871 5721 1026 5793 ἡμῶν
1068 5723 1442 5795 συμπράττειν
1460 5764 1476 5790 ,
1523 5724 1700 5781 ἄλλων
1739 5725 1960 5798 δεηθείη

433 5845 465 5914 ξ
486 5844 570 5914 ξίο
587 5850 864 5914 gorrgclqm
877 5859 1048 5914 pro_eo
1067 5850 1200 5914 quod
1220 5849 1654 5912 legebaturman
1664 5868 1717 5914 γε
1737 5852 1840 5904 οὐκ.
1867 5852 1956 5906 En.

439 5905 469 5951 δ
485 5909 636 5962 smn.
659 5909 730 5974 τῷ
751 5905 938 5960 πάντων
957 5905 1252 5976 ἀπηρτῆσθαι
1271 5905 1370 5962 τῶν
1394 5905 1650 5978 βιωτικῶν.

1020 355 1301 412 CONTRA
1337 354 1470 412 EOS
1509 355 1632 426 QUI
1671 353 2302 417 SUBINTRODUCTAS
2339 359 2618 416 HABENT
2655 360 3005 418 VIRGINES.

3543 366 3648 423 505

2063 475 2246 541 τινῶν,
2284 477 2727 545 ἐγκαλεῖσθαι-ἀν
2767 478 2962 549 εἴημεν
2994 473 3171 542 ἀξιοις
3200 473 3484 546 Οὐδαμῶς,
3508 475 3678 534 ἀλλά

2065 559 2160 613 καὶ
2213 561 2585 615 ἐπαινεῖσθαι·
2638 560 2950 614 τούναντίον
2982 557 3092 630 γάρ
3123 553 3260 628 ’ἐνῆν
3285 568 3308 596 θ
3339 558 3506 628 ψόγου
3551 562 3646 615 καὶ

2065 643 2404 712 κατηγορίας
2435 643 2497 694 τὸ
2535 643 2671 714 πρὸς
2710 643 2779 696 τά
2810 642 3041 696 τοιαῦτα
3079 639 3516 710 συμϐάλλεσθαι,
3550 643 3642 698 καὶ

2065 726 2437 794 συμπράττειν
2465 725 2678 789 αὑταῖς.
2704 724 2894 778 Βούλει
2927 725 3001 796 μὴ
3045 721 3309 794 φέρεσθαι
3352 723 3488 794 μηδὲ
3515 726 3642 793 ἀγε-

2064 807 2190 860 σθαι
2221 807 2288 860 τά
2331 810 2587 879 χρήματα
2631 807 2880 878 ἐκείνης;
2929 807 3258 876 παραίνεσον
3294 807 3430 878 αὐτῇ
3473 825 3640 862 κατα-

2063 889 2237 944 θεῖναι
2267 891 2428 954 αὑτά,
2459 891 2588 944 ἔνθα
2614 889 2750 961 μηδὲ
2780 889 2975 961 ἀνδρὸς
3012 889 3262 958 δεήσεται
3294 889 3432 958 πρὸς
3477 891 3646 960 φυλα-

2063 972 2185 1044 κὴν,
2227 975 2322 1026 καὶ
2353 974 2603 1028 ἀνάλωτα
2653 971 2803 1044 μένει
2842 971 3162 1034 διαπαντός·
3215 973 3264 1025 εί
3309 973 3367 1026 δὲ
3405 973 3646 1043 βούλοιτο

2062 1057 2367 1128 πράγματα
2397 1058 2562 1127 ἔχειν,
2585 1057 2728 1120 τίνος
2753 1056 2940 1110 ἐνεκεν
2968 1053 3149 1118 παίζει
3181 1057 3238 1107 ἐν
3263 1057 3324 1108 οὐ
3359 1059 3643 1121 παικτοῖς;

2062 1139 2136 1192 Τὸ
2169 1141 2278 1210 γάρ
2309 1139 2576 1212 παρθένον
2614 1136 2781 1193 οὖσαν
2826 1138 3052 1192 τοιαῦτα
3096 1138 3390 1208 πράττειν,
3428 1138 3645 1203 παίζειν

2063 1223 2182 1276 ἐστὶ
2228 1223 2449 1276 παιδιὰν
2483 1223 2606 1293 οὐχὶ
2655 1223 2847 1294 τέρψιν
2868 1261 2883 1286 ,
2936 1219 3074 1274 ἀλλά
3113 1219 3342 1273 θάνατον
3391 1219 3642 1291 ἔχουσα-ν.

2067 1305 2234 1360 Ὅταν
2249 1305 2359 1376 γὰρ
2383 1305 2682 1359 ὑπεύθυνον
2703 1303 2900 1376 ἑαυτὴν
2926 1303 3321 1373 καταστήσασα
3341 1301 3448 1355 τῶν
3468 1303 3646 1356 τοιού-

2063 1404 2173 1441 των
2202 1388 2617 1460 παλαισμάτων,
2653 1386 2852 1454 ἀνάξια
2872 1386 3052 1440 πάντα
3089 1386 3306 1456 πράττῃ
3335 1387 3434 1460 τῇς
3461 1385 3644 1439 τοιαύ-

2061 1486 2163 1540 της
2207 1471 2574 1541 ὑποσχέσεως,
2609 1471 2814 1542 μείζων
2844 1472 2878 1540 ἠ
2912 1469 3166 1533 κόλασις,
3210 1469 3570 1540 χαλεπωτέρα
3609 1471 3655 1540 ἡ,

2061 1551 2452 1622 τιμωρία.οὑκ
2469 1553 2710 1625 ἤκουσας
2741 1546 2853 1605 οἷον
2880 1551 3017 1622 αὑτῇ
3043 1551 3212 1622 νόμον
3239 1551 3433 1621 έθηκεν
3452 1553 3481 1604 ὁ
3501 1551 3648 1604 Παῦ-

2063 1631 2174 1697 λος,
2201 1634 2402 1704 μᾶλλον
2429 1635 2486 1688 δὲ
2508 1638 2536 1689 ὁ
2561 1635 2800 1707 Χριστὸς
2821 1633 2991 1688 εἰπὼν
3018 1633 3085 1687 δι’
3109 1633 3343 1697 ἐκείνου,
3369 1634 3452 1686 ὅτι
3481 1635 3654 1704 μεμέ-

2068 1733 2248 1787 ρισται
2283 1718 2377 1774 καὶ
2400 1721 2434 1790 ἡ
2469 1718 2606 1789 γυνὴ
2635 1719 2728 1772 καὶ
2755 1719 2788 1789 ἡ
2823 1717 3092 1788 παρθένος
3113 1731 3126 1744 ·
3153 1717 3270 1782 καὶ,
3311 1716 3383 1770 ’11
3422 1715 3652 1786 ἄγαμος

2057 1799 2314 1870 μεριμνᾷ
2333 1803 2406 1856 τὰ
2430 1802 2536 1856 τοῦ
2553 1803 2799 1869 Κυρίου,
2817 1803 2918 1855 ἵνα
2939 1796 2982 1873 ᾖ
3003 1801 3148 1872 ἁγία
3175 1801 3272 1854 καὶ
3298 1799 3525 1869 σώματι
3547 1801 3646 1853 καί

2063 1884 2389 1952 πνεύματι;
2417 1885 2556 1937 Ἀλλ’
2581 1886 2740 1954 ὑμεῖς
2764 1885 2866 1938 οὑκ
2892 1885 3040 1948 ἐᾶτε,
3065 1883 3203 1954 πρὸς
3227 1883 3324 1946 τάς
3353 1881 3648 1952 ἐπιθυμίας

2065 1966 2244 2020 αὐτῶν
2274 1968 2454 2032 πάσας
2483 1967 2834 2040 ἀνδραπόδων
2860 1968 3264 2038 ἀργυρωνήτων
3286 1965 3548 2020 εὑκολώτε
3560 1982 3650 2036 ρον

2065 2049 2454 2114 ὑπακούοντες.
2495 2051 2622 2114 Ναὶ,
2672 2051 2826 2121 φησί.
2875 2053 2939 2104 Τί
2981 2048 3098 2112 οὖν,
3133 2052 3184 2103 εἰ
3233 2050 3438 2120 ἐσχάτῃ
3489 2048 3652 2117 πενία

2067 2131 2306 2203 παλαίῃ;
2344 2133 2481 2204 Περὶ
2516 2133 2614 2204 μὲν
2663 2133 2775 2205 γὰρ
2807 2131 2916 2186 τῶν
2963 2133 3213 2204 εὐπόρων
3257 2133 3432 2185 ταῦτα
3471 2131 3651 2192 καλῶς

2067 2216 2281 2287 εἴρηταί
2317 2234 2432 2270 σοι·
2463 2217 2560 2280 τὰς
2586 2217 2644 2270 δὲ
2693 2218 2750 2270 ἐν
2783 2217 3030 2288 πτωχείᾳ
3069 2217 3165 2270 καὶ⁹
3207 2215 3440 2286 ἀμελείᾳ
3480 2213 3650 2283 πολλῇ

2066 2301 2325 2370 κειμένας
2359 2301 2510 2353 ποῖον
2539 2299 2791 2370 ἔγκλημα
2821 2299 3118 2370 ἀνορθοῦν;
3153 2298 3278 2353 Εἴθε
3323 2299 3420 2369 μὲν
3454 2294 3548 2351 οὑν
3577 2298 3652 2368 μὴ

2065 2381 2426 2436 κατεϐάλλετε
2462 2383 2597 2454 μηδὲ
2630 2382 2825 2436 ὠθεῖτε
2861 2383 2998 2454 πρὸς
3021 2382 3089 2436 τά
3118 2384 3214 2451 τῆς
3245 2381 3518 2444 ἀπωλείας
3553 2380 3652 2449 βά-

2069 2465 2266 2536 ραθρα,
2302 2468 2394 2519 καὶ
2424 2466 2708 2535 ἀγαπητὸν
2741 2461 2810 2536 ἦν
2833 2483 2845 2497 ·
2888 2466 3114 2538 καὶγὰρ
3138 2467 3186 2518 εί
3215 2467 3293 2536 τῷ
3333 2465 3650 2520 κελεύσαντι

2043 2551 2315 2620 -πενήτων
2346 2548 2708 2618 προΐστασθαι
2742 2547 3064 2618 πειθόμενος
3091 2550 3260 2602 ταῦτα
3287 2552 3482 2612 ποιεῖς,
3507 2548 3654 2618 ἔχεις

2064 2631 2329 2701 ἀδελφοὺς
2358 2634 2617 2704 μυρίους·
2656 2635 2774 2686 ἐκεῖ
2804 2632 2904 2704 τὴν
2951 2632 3120 2702 καλὴν
3152 2633 3359 2701 ταύτην
3389 2631 3650 2704 ἐργασίαν

2065 2715 2334 2782 ἐπίδειξον
2373 2717 2424 2783 ά,
2466 2716 2596 2770 ἔνθα
2643 2717 2808 2787 μηδὲν
2852 2717 3090 2786 ὑφορμεῖ
3132 2715 3240 2768 τῶν
3297 2715 3652 2769 σκανδαλίσαι

2065 2799 2402 2872 δυναμένων,
2419 2800 2495 2864 ὡς
2524 2799 2758 2854 ἐνταῦθά
2774 2815 2836 2867 γε
2861 2799 3042 2869 πάσης
3067 2799 3348 2869 ὠμότητος
3365 2798 3460 2852 καὶ
3485 2799 3652 2851 ἁπανο

2069 2882 2316 2956 θρωπίας
2355 2884 2614 2955 χείρωνὴ
2648 2884 3010 2955 ἐλεημοσύνη.
3044 2882 3109 2934 Τί
3141 2883 3252 2952 γάρ
3281 2883 3494 2952 δφελος,
3526 2882 3653 2934 ὅταν

2067 2968 2130 3020 τὸ
2163 2967 2261 3038 μὲν
2299 2967 2460 3037 σῶμα
2493 2967 2814 3041 διατρέφῃς,
2845 2968 2943 3038 τὴν
2987 2967 3044 3020 δὲ
3077 2967 3256 3037 ψυχὴν
3301 2965 3651 3036 καταδύσῃςς

2067 3051 2194 3103 ὅταν
2233 3051 2448 3120 ἱμάτιον
2490 3050 2616 3121 δῷς,
2651 3051 2750 3122 τὴν
2780 3053 2836 3105 δέ
2880 3051 3148 3120 ὑπόληψιν
3177 3051 3294 3102 τῶν.
3315 3049 3538 3120 γυμνῶν
3568 3051 3655 3102 αξ·-

2069 3133 2370 3204 σχροτέραν
2415 3136 2806 3205 καταστήσῃς;
2844 3135 2973 3187 ὅταν
3017 3135 3284 3204 χρήσιμος
3313 3135 3371 3185 ἐν
3403 3135 3516 3194 τοῖς
3551 3150 3658 3186 σω-

2071 3221 2323 3288 ματικοῖς
2348 3217 2655 3288 γινόμενος,
2692 3218 2872 3273 πάντα
2901 3218 3121 3290 λυμήνῃ
3155 3216 3223 3269 τὰ
3269 3217 3655 3285 πνευματικά;

2069 3302 2197 3356 ὅταν
2239 3301 2607 3372 ἐξευμαρίσας
2645 3301 2784 3373 αὐτῇ
2836 3301 2906 3354 τὰ
2951 3300 3044 3354 ἐπί
3083 3300 3181 3370 τῆς
3205 3299 3344 3370 γῆς,
3386 3299 3656 3370 exeam;

2068 3384 2176 3438 τῶν
2208 3383 2482 3454 οὑρανῶν;
2515 3382 2654 3438 Ποία
2686 3383 2746 3436 δὲ
2779 3381 3146 3454 ἐλεημοσύνη,
3178 3381 3363 3452 ὃτανὴ
3394 3381 3486 3434 τοῦ
3516 3380 3654 3434 Θεοῦ

2069 3467 2360 3540 ὑϐρίζηται
2413 3467 2576 3534 δόξα;
2623 3468 2752 3521 ὅταν
2806 3461 3078 3538 ὅνειδοςῇ
3135 3467 3230 3518 καὶ
3275 3464 3506 3536 αἰσχύνη
3561 3465 3656 3518 καὶ

2069 3550 2382 3622 σκώμματα
2412 3551 2508 3604 καὶ
2555 3549 2706 3623 [258]
2751 3549 3012 3621 λοιδορίαι
3057 3549 3280 3618 καὶτῆς
3327 3547 3657 3618 ἐλεουμένης

2068 3635 2263 3705 αὑτῆς»
2289 3635 2382 3688 καὶ
2407 3634 2612 3706 ἐτέρων
2643 3633 2853 3688 πολλῶν
2881 3633 2989 3685 τῶν
3023 3632 3088 3685 δι’
3115 3631 3329 3699 ἐκείνης
3370 3630 3653 3686 σκανδαλι-

2068 3720 2347 3790 ζομένων;
2380 3721 2494 3772 Οὑκ
2539 3718 2647 3772 ἀπὸ
2696 3717 2869 3782 ἐλέου,
2923 3715 3039 3769 ἀλλ’
3082 3715 3453 3786 ἀπανθρώπου
3482 3715 3658 3768 ταῦτα

2068 3805 2280 3873 γίνεται
2323 3803 2503 3874 ψυχῆς
2550 3803 2645 3855 καὶ
2695 3799 2959 3872 ἀπηνοῦς.
3010 3801 3072 3852 Ei
3107 3800 3217 3870 γάρ
3249 3797 3308 3864 ἐξ
3339 3798 3521 3860 ἐλέους
3558 3798 3654 3852 καὶ

2069 3888 2476 3962 φιλανθρωπίας
2515 3886 2744 3956 ἐγίνετο,
2771 3885 2900 3956 περὶ
2939 3885 3065 3946 τοὺς
3095 3883 3294 3952 ἄνδρας
3346 3885 3506 3938 τοῦτα
3535 3887 3654 3939 ἐπι-

2065 3974 2380 4029 δείκνυσθαι
2413 3974 2604 4043 ἐχρῆν.

2135 4058 2203 4124 ζ’.
2248 4057 2389 4110 Ἀλλ’
2410 4059 2466 4108 αί
2492 4057 2752 4123 γυναῖκες
2778 4052 3021 4115 πλείονος
3047 4051 3260 4106 δέονται
3295 4051 3650 4123 προστασίας.

2067 4143 2253 4211 φησὶν,
2285 4142 2335 4192 οἱ
2365 4141 2420 4192 δὲ
2456 4138 2648 4208 ἄνδρες
2682 4135 2882 4198 πολλὰς
2911 4135 3128 4204 ἔχουσιν
3167 4134 3276 4186 ἀπὸ
3305 4134 3405 4201 τῆς
3435 4132 3655 4202 φύσεως

2067 4221 2339 4295 ἀφορμάς.
2373 4220 2565 4274 Καίτοι
2609 4218 2706 4272 καὶ
2732 4220 2788 4270 ἐν
2815 4216 3072 4287 ἀνδράσιν
3106 4215 3215 4268 εἰσὶ
3250 4215 3434 4268 πολλοὶ
3460 4232 3650 4282 γυναι-

2067 4305 2180 4359 κῶν
2207 4302 2596 4372 ἀσθενέστερον
2618 4300 2954 4370 διακείμενοι
2977 4299 3070 4352 καὶ
3094 4298 3180 4352 διά
3211 4298 3394 4368 γῆρας
3419 4295 3652 4368 μακρὸν.

2065 4391 2162 4443 καὶ
2211 4388 2278 4440 δι’
2328 4384 2674 4458 ἀρρωστίαν,
2706 4383 2800 4437 καὶ
2839 4383 2926 4435 διά
2962 4383 3210 4454 πήρωσιν
3254 4379 3527 4451 σώματος,
3557 4380 3653 4434 καὶ

2064 4473 2153 4526 διά
2190 4471 2380 4534 νόσους
2428 4467 2674 4540 χαλεπὰς
2698 4507 2711 4526 ,
2744 4465 2839 4519 καὶ
2871 4465 2938 4518 δι’
2970 4465 3162 4536 ἐτέρας
3198 4464 3351 4526 τινὰς
3394 4463 3653 4527 τοιαύτας

2066 4557 2371 4628 προφάσεις
2396 4569 2410 4584 ·
2455 4551 2594 4622 πλὴν
2635 4549 2750 4603 ἀλλ’
2781 4549 2970 4620 ἐπειδὴ
3007 4548 3241 4619 μάλιστα
3283 4547 3376 4600 τοῦ
3421 4547 3528 4600 τῶν
3559 4565 3655 4616 γυ-

2064 4639 2270 4693 ναικῶν
2302 4634 2532 4709 κήδεσθε
2557 4636 2766 4705 γένους.
2808 4634 2901 4688 ἆτε
2934 4631 3320 4704 ἀσθενεστέρου
3354 4629 3526 4699 ὄντος,
3559 4633 3654 4686 καὶ

2067 4723 2275 4792 σφόδρα
2299 4721 2592 4790 ἐλεήμονες
2622 4720 2716 4771 καὶ
2752 4717 3059 4788 συμπαθεῖς
3099 4719 3221 4770 ἐστε
3252 4715 3386 4788 πρὸς
3414 4715 3648 4778 ἐκείνας,

2065 4805 2186 4859 οὑδέ
2236 4803 2474 4857 ἐνταῦθα
2521 4800 2722 4871 ταύτης
2761 4801 3114 4870 ἀπορήσομεν
3157 4799 3255 4870 τῆς
3301 4798 3647 4870 προφάσεως,

2067 4889 2204 4944 ἀλλά
2249 4887 2496 4958 δείξομεν
2549 4885 2838 4948 ὑποθέσεις
2885 4885 3047 4954 ὑμῖν,
3081 4883 3137 4936 αἳ
3190 4886 3282 4937 κοιλ⁸
3317 4883 3655 4955 κατηγορίας

2067 4976 2204 5028 εἰσὶν
2235 4971 2654 5046 ἀπηλλαγμέναι
2684 4971 2888 5040 πάσης,
2921 4969 3014 5022 καὶ
3059 4967 3282 5022 πλείονα
3323 4967 3652 5040 παρέξουσιν

2067 5059 2198 5128 ὑμῖν
2244 5056 2336 5110 τὸν
2377 5054 2586 5127 μισθόν.
2637 5053 2759 5107 Είσὶ
2801 5052 2910 5124 γὰρ
2960 5055 3250 5121 γυναῖκες,
3301 5051 3358 5103 αἱ
3400 5049 3497 5120 μὲν
3546 5050 3653 5102 ὑπὸ

2066 5142 2252 5212 γήρως
2285 5136 2751 5210 παραλελυμέναι,
2795 5137 2851 5190 αί
2880 5135 2937 5189 δέ
2963 5134 3064 5198 τάς
3088 5138 3276 5206 χεῖρας
3309 5133 3652 5204 ἐκκεκομμέ-

2066 5241 2176 5289 ναι,
2204 5226 2259 5277 αί
2295 5223 2352 5276 δὲ
2385 5225 2510 5286 τοὺς
2539 5220 2855 5292 ὀφθαλμοὺς
2888 5217 3312 5291 πεπηρωμέναι,
3345 5216 3402 5270 αἱ
3429 5217 3487 5270 δέ
3515 5215 3652 5271 ἄλλα

2065 5307 2216 5378 πάθη
2248 5305 2470 5360 ποικίλα
2509 5305 2604 5358 καὶ
2649 5302 2965 5357 παντοδαπὰ
3005 5302 3227 5372 ἔχουσαι
3272 5300 3366 5354 καὶ
3412 5299 3510 5372 τὴν
3540 5299 3650 5352 τῶν

2067 5391 2257 5446 παθῶν
2287 5390 2676 5462 χαλεπωτέραν
2710 5389 2922 5442 πενίαν.
2953 5387 3026 5440 ’Ἢ
3056 5404 3111 5439 τε
3143 5384 3251 5456 γάρ
3285 5385 3446 5438 πενία
3468 5384 3562 5439 καὶ
3591 5385 3661 5438 τι)

2071 5474 2236 5546 μηδὲν
2261 5474 2399 5540 ὅλως
2427 5473 2572 5544 ἐχειν
2623 5472 2898 5544 ἐπιτρίϐει
2926 5467 3021 5523 τοῦ
3072 5468 3322 5533 σώματος
3364 5470 3556 5532 αὑταῖς
3585 5471 3653 5522 τι

2066 5560 2352 5631 νοσήματα
2370 5575 2383 5588 ·
2417 5557 2556 5628 αύτή
2585 5573 2643 5610 τε
2677 5555 2840 5609 πάλιν
2869 5556 2903 5623 ἠ
2929 5558 3088 5605 πενία
3113 5552 3219 5606 ὑπὸ
3247 5551 3454 5606 τούτων
3492 5551 3654 5622 χαλε-

2068 5641 2529 5715 πωτέρακγίνεται
2575 5641 2668 5695 καὶ
2699 5637 3098 5711 ἁφορητοτέρα.
3135 5635 3262 5690 Ἐπὶ
3308 5634 3406 5707 τὴν
3445 5634 3653 5690 τούτων

2075 5726 2256 5793 ἔξελθε
2279 5725 2479 5798 θήραν,
2508 5725 2602 5778 καὶ
2633 5722 2837 5786 ταύτας
2871 5722 3147 5791 συνάγαγε
3167 5739 3181 5752 υ
3211 5718 3411 5792 μᾶλλον
3441 5718 3502 5773 δὲ
3531 5715 3652 5772 οὑδὲ

2133 5857 2155 5886 ι·
2191 5853 2344 5910 Ἐνῆν.
2367 5851 2573 5902 Coniirit
2593 5850 2741 5899 Savil.
2767 5849 2824 5897 ἂν
2843 5848 2918 5908 ἦν.
2944 5847 3078 5900 Enn.

2135 5911 2164 5954 ει
2187 5913 2359 5964 Morel.
2388 5913 2626 5972 ἐπίδειξαι,
2651 5911 2802 5962 Savil.
2828 5912 3065 5970 ἐπίδειξον.
