4138 6450
456 415 562 472 505

455 529 729 602 porrigam
768 540 1003 583 manum.
1049 524 1105 581 Si
1149 539 1279 595 opes
1309 518 1494 587 babes,
1543 522 1595 576 in
1637 518 1735 575 has
1762 517 2034 588 expende;

456 620 503 679 ξι
527 622 739 678 validus
767 637 827 677 es
845 662 860 688 ,
893 620 989 674 has
1030 618 1273 688 corporis
1297 615 1592 671 ministerio
1620 613 1811 684 adiuva
1835 628 1848 665 :
1873 610 2036 665 multa

452 731 506 778 et
553 719 643 776 hic
681 716 890 790 negotia
930 713 1140 771 videbis
1180 726 1298 782 quae
1340 709 1578 780 indigent
1628 704 1894 775 corporali
1937 704 2038 758 mi-

459 811 683 869 nisterio
710 818 765 865 et
779 815 991 876 sumptu
1015 818 1177 876 opum
1222 811 1278 858 et
1302 798 1878 857 circumcursitatione.
1904 793 2035 850 Nam

452 920 589 974 opus
614 902 813 959 habent
834 911 890 956 ut
919 900 1024 955 illis
1050 897 1388 966 assignentur
1415 891 1702 955 domicilia,
1727 902 2036 960 praeparen-

446 1011 541 1055 tur
582 996 991 1057 medicamenta,
1040 1001 1096 1047 et
1139 991 1309 1046 lectus
1348 996 1403 1043 et
1445 995 1623 1041 vestes
1668 990 1934 1048 emantur,
1983 988 2038 1035 et

448 1099 707 1147 curentur
752 1088 858 1144 cibi
910 1065 1034 1141 boni
1081 1083 1289 1152 aliaque
1341 1079 1547 1145 multa,
1600 1075 1808 1134 etiamsi
1861 1074 2033 1128 solum

446 1184 634 1238 decem
664 1188 863 1245 essent,
894 1194 1013 1249 qua:
1043 1176 1114 1232 ita
1143 1181 1435 1246 mgrotant;
1468 1185 1610 1225 nunc
1637 1178 1816 1223 autem
1844 1165 2032 1221 civitas

450 1282 631 1327 nostra
653 1271 736 1326 his
759 1279 868 1325 tota
894 1268 1110 1339 impleta
1138 1274 1221 1322 est
1240 1308 1256 1331 ,
1304 1262 1655 1331 inveniesque
1679 1258 1825 1314 mille
1850 1267 1900 1314 et
1927 1256 2034 1312 duo

449 1363 635 1419 millia.
664 1362 784 1421 Ista:
812 1369 957 1426 sunt,
988 1375 1109 1430 qure
1134 1358 1331 1412 auxilio
1361 1354 1617 1425 indigent,
1644 1351 1760 1408 istae
1774 1350 2034 1406 desolata:

444 1465 593 1524 sunt,
626 1456 740 1511 ista:
766 1455 911 1510 humi
935 1453 1144 1524 iacent:
1170 1446 1284 1506 hzec
1313 1459 1395 1517 est
1422 1448 1782 1518 eleemosyna,
1808 1444 1923 1499 haec
1949 1452 2034 1499 est

446 1548 769 1612 humanitas,
797 1544 902 1603 hoc
925 1545 977 1599 in
1002 1543 1223 1613 gloriam
1250 1540 1441 1596 transit
1462 1539 1576 1604 Dei,
1599 1547 1650 1593 et
1673 1537 1724 1591 in
1753 1535 2031 1589 utilitatem

444 1655 630 1696 eorum
669 1637 759 1710 qui
795 1635 1014 1699 vident,
1042 1642 1097 1689 et
1141 1633 1230 1703 qui
1274 1631 1583 1702 accipiunt,
1612 1637 1671 1683 et
1695 1628 1783 1698 qui
1813 1625 2030 1681 faciunt.

445 1730 659 1787 Etenim
708 1727 906 1800 iustius
957 1725 1274 1794 adjuvantur
1327 1721 1649 1777 infirmiores
1702 1734 1861 1789 quam
1917 1718 2030 1771 for-

445 1825 636 1885 tiores;
664 1829 719 1876 et
742 1819 933 1875 vetulae
960 1832 1119 1889 quam
1143 1815 1415 1887 iuniores;
1444 1821 1499 1868 et
1525 1812 1607 1866 hae
1636 1811 1828 1880 quibus
1858 1824 2031 1878 neque

444 1915 744 1971 necessaria
770 1920 915 1976 sunt,
947 1925 1105 1980 quam
1134 1909 1236 1963 illa:
1259 1921 1379 1978 quae
1406 1904 1694 1960 mediocria
1717 1901 2027 1973 possident;

442 2016 495 2059 et
527 2005 631 2059 illa:
674 2018 794 2074 quae
835 2000 976 2072 apud
1019 1999 1215 2054 multos
1259 1994 1681 2062 abominabiles,
1712 2007 1870 2064 quam
1898 2005 2031 2062 quas

444 2101 597 2156 multi
623 2097 901 2162 adamant;
943 2104 998 2151 et
1037 2095 1140 2149 illa:
1177 2108 1297 2163 qua:
1338 2088 1678 2146 contumeliis
1707 2095 2027 2153 onerantur,

441 2208 601 2261 quam
628 2207 707 2247 ea:
731 2205 849 2261 qua:
879 2188 1053 2242 illatas
1088 2192 1349 2249 avertere,
1385 2190 1439 2237 et
1481 2180 1678 2236 bonam
1703 2179 1804 2233 sibi
1832 2177 2026 2232 famam

440 2284 729 2339 conciliare
752 2287 992 2351 possunt.
1014 2275 1249 2333 Ostende
1276 2276 1434 2347 igitur
1454 2272 1595 2344 quod
1618 2280 1836 2342 pr0pter
1862 2270 2025 2323 Deum

442 2378 544 2431 hoc
568 2374 761 2440 facias,
808 2379 864 2427 et
906 2370 1012 2425 illis
1040 2368 1321 2440 opitulare.
1354 2364 1505 2434 Quod
1537 2364 1580 2418 si
1612 2363 1708 2418 bas
1737 2376 1908 2432 neque
1935 2374 2028 2428 per

440 2484 688 2526 somnum
735 2464 918 2521 videre
956 2465 1061 2528 vis,
1110 2461 1206 2518 sed
1246 2460 1507 2514 formosas
1554 2465 1610 2513 et
1657 2454 2027 2510 adolescentes

439 2555 833 2616 obambulando
861 2554 1088 2618 venaris,
1120 2561 1172 2608 et
1216 2549 1491 2606 illiberalis
1535 2547 1695 2617 huius
1726 2544 2027 2601 venationis

441 2667 661 2708 causam
683 2649 896 2722 quidem
923 2647 1081 2702 aliam
1112 2644 1278 2699 habes
1303 2659 1408 2698 non
1441 2640 1712 2697 ferendam
1730 2683 1745 2707 ,
1777 2637 2026 2710 praetexis

438 2755 616 2803 autem
646 2743 803 2797 aliam
833 2756 950 2813 qua:
974 2742 1027 2795 in
1055 2738 1285 2808 speciem
1317 2737 1539 2792 honesta
1570 2744 1624 2791 et
1652 2744 1867 2804 accepta
1900 2740 1981 2789 est
2005 2774 2022 2801 ,

437 2852 635 2907 nempe
664 2835 905 2901 tutelam,
932 2833 1057 2888 licet
1086 2830 1332 2887 homines
1357 2827 1611 2899 decipias.
1640 2826 1735 2882 sed
1765 2843 1869 2880 non
1898 2826 2024 2880 item

440 2926 673 2984 tribunal
704 2926 820 2991 Dei,
852 2925 994 2996 quod
1022 2922 1329 2980 muneribus
1356 2921 1625 2989 corrumpi
1657 2918 1842 2989 nequit
1865 2936 1879 2973 :
1902 2933 2024 2972 nam

436 3021 508 3075 ob
530 3019 690 3075 aliam
716 3018 928 3087 quidem
950 3030 1166 3071 causam
1190 3015 1303 3070 hmc
1328 3012 1476 3078 facis,
1501 3021 1554 3067 et
1574 3012 1731 3066 aliam
1752 3009 2022 3079 prietexis.

439 3113 622 3169 Dicitis
648 3110 862 3182 quidem
888 3153 901 3176 ,
934 3108 1075 3179 quod
1106 3115 1323 3179 propter
1353 3107 1519 3161 Deum
1567 3104 1771 3159 faciatis
1808 3102 1983 3157 omnia
2005 3143 2021 3168 ,

438 3204 612 3261 facitis
634 3213 809 3260 autem
837 3218 1000 3274 opera
1027 3217 1146 3273 qum
1178 3208 1301 3255 sunt
1330 3199 1664 3254 inimicorum
1693 3195 1787 3251 Dei
1811 3213 1825 3249 :
1853 3194 2024 3264 siqui-

435 3297 559 3352 dem
588 3296 805 3352 efficere
841 3304 900 3349 ut
937 3294 1028 3348 Dei
1057 3308 1251 3348 nomen
1280 3292 1683 3360 blasphemetur
1717 3296 1771 3343 et
1800 3302 2023 3342 accuse-

438 3398 544 3451 tur,
576 3388 628 3444 id
658 3387 873 3443 demum
898 3394 980 3442 est
1003 3385 1339 3441 inimicorum
1363 3383 1479 3439 Dei.
1511 3382 1625 3454 Ego
1653 3397 1777 3437 vero
1804 3388 1859 3436 et
1881 3379 2024 3435 aliud

434 3497 683 3552 suppono
724 3480 1320 3552 quippiamzponamus
1362 3476 1505 3532 enim
1553 3475 1656 3530 hoc
1702 3489 1828 3529 vere
1876 3473 2019 3537 dici,

435 3589 667 3644 cumque
709 3571 853 3627 omni
891 3569 1318 3640 concupiscentia
1357 3582 1548 3639 purum
1574 3580 1723 3632 esse,
1756 3580 1929 3635 neque
1958 3580 2025 3619 ex

436 3664 545 3719 ulla
572 3663 674 3718 alia
702 3678 761 3719 re
786 3678 945 3734 quam
979 3677 1047 3716 cx
1087 3661 1199 3716 sola
1240 3662 1435 3730 pietate
1463 3658 1601 3713 hanc
1627 3673 1809 3713 curam
1849 3656 2024 3712 susci-

437 3770 601 3826 pere;
632 3761 868 3809 attamen
898 3769 1071 3823 neque
1096 3753 1174 3807 sic
1201 3752 1371 3821 ipsum
1402 3767 1432 3807 a
1460 3749 1632 3821 pcenis
1653 3748 1767 3805 fore
1794 3749 2022 3803 liberum

437 3849 788 3905 inveniemus.
810 3846 941 3902 Nam
969 3846 1013 3916 si
1042 3845 1291 3902 deessent
1314 3845 1623 3900 occasiones
1648 3841 1789 3905 alite,
1823 3841 1874 3895 in
1900 3840 2023 3911 qui-

438 3940 537 3995 bus
585 3940 744 3996 etiam
795 3938 1046 4009 pietatem
1097 3936 1384 3998 exhibere,
1439 3934 1599 4004 idque
1646 3931 1822 3988 facere
1867 3931 2025 3984 nullis

436 4031 716 4086 animabus
741 4030 795 4084 in
840 4044 905 4085 eo
949 4028 1360 4098 impingentibus
1392 4032 1601 4092 posset,
1648 4037 1716 4078 ne
1743 4022 1819 4077 sic
1848 4030 2023 4076 tamen

438 4122 542 4176 hoc
569 4135 729 4191 agere
754 4126 1046 4188 oporteret,
1079 4117 1168 4172 ubi
1205 4116 1375 4185 maius
1404 4116 1552 4169 lucro
1581 4113 1856 4168 damnum.
1888 4111 2023 4166 Num

436 4211 581 4267 enim
608 4226 703 4281 par
718 4217 801 4264 est
817 4216 873 4264 ut
887 4208 956 4263 ob
971 4207 1265 4276 corporalia
1286 4206 1492 4275 negotia
1517 4204 1670 4259 unius
1692 4212 1783 4256 aut
1798 4202 2024 4256 duarum

436 4305 699 4377 virginum
722 4303 922 4357 infinita
940 4298 1220 4355 multitudo
1241 4298 1534 4352 animarum
1553 4294 1813 4365 iacturam
1838 4293 2026 4347 faciat?

438 4397 818 4453 Verumtamen
868 4408 1043 4463 neque
1087 4392 1164 4447 sic
1205 4390 1381 4462 gravis
1426 4397 1508 4445 est
1556 4388 1823 4443 accusatio
1857 4404 1872 4441 :
1904 4401 2025 4441 cum

437 4496 616 4542 autem
661 4485 968 4540 innumeras
997 4482 1236 4537 invenias
1265 4480 1377 4535 vias
1407 4487 1462 4535 et
1486 4479 1686 4535 alienas
1712 4479 1779 4533 ab
1804 4493 2025 4533 accusa-

442 4580 606 4645 tione,
637 4586 691 4634 et
715 4578 910 4633 liberas
937 4591 967 4629 a
998 4573 1283 4637 scandulis,
1316 4581 1370 4627 et
1397 4588 1515 4643 qua:
1545 4570 1801 4639 maiorem
1830 4569 2029 4625 habent

440 4677 728 4740 quaestum,
776 4667 928 4737 cuius
972 4666 1049 4722 rei
1096 4665 1264 4736 gratia
1318 4662 1410 4718 tibi
1461 4663 1559 4733 ipsi
1607 4663 1777 4718 nectis
1815 4660 2027 4730 negotia

442 4762 641 4817 frustra
667 4768 723 4816 et
747 4760 1011 4814 incassum
1034 4799 1048 4823 ,
1078 4766 1131 4812 et
1153 4758 1359 4812 lucrum
1388 4753 1629 4821 sufl’odis,
1654 4762 1708 4808 et
1726 4752 2027 4824 periculose

443 4854 679 4910 exstruis
698 4860 858 4924 atque
887 4849 1259 4921 ignominiose,
1287 4864 1408 4903 cum
1432 4848 1589 4903 liceat
1615 4848 1730 4903 sine
1751 4847 1949 4903 damno
1976 4853 2030 4899 et

439 4962 562 5003 cum
588 4960 778 5017 magna
807 4942 1013 5014 gloria?
1039 4943 1119 4995 An
1146 4941 1320 4996 nescis
1339 4940 1624 4996 Christiani
1647 4940 1809 4995 vitam
1831 4954 2029 5010 usque-

440 5053 649 5110 quaque
669 5037 850 5091 luccre
867 5034 1082 5099 debere,
1105 5042 1158 5088 et
1178 5047 1299 5087 eum
1321 5031 1409 5101 qui
1431 5046 1579 5085 suam
1598 5032 1816 5102 gloriam
1842 5031 2026 5100 foedet,

444 5131 640 5200 ubique
669 5138 853 5201 postea
883 5127 1122 5181 inutilem
1155 5124 1289 5190 fore,
1323 5133 1376 5179 et
1402 5124 1530 5178 nihil
1561 5140 1808 5194 magnum
1838 5125 2029 5180 lucrari

445 5236 600 5293 posse
621 5262 638 5288 ,
678 5220 839 5276 etiam
874 5218 917 5272 si
960 5216 1211 5287 praeclara
1258 5215 1492 5270 facinora
1524 5214 1787 5269 ediderit?
1817 5231 1938 5270 nam
1970 5215 2032 5271 Si

445 5312 518 5369 sal
566 5312 874 5382 infatuatum
920 5308 1095 5380 fuerit,
1152 5306 1339 5377 inquit,
1389 5305 1442 5359 in
1485 5321 1583 5375 quo
1636 5306 1844 5360 satietur
1897 5307 2032 5361 ultra

447 5400 661 5473 (Matth.
697 5400 753 5456 5.
793 5399 919 5470 13)?
963 5397 1054 5454 Sal
1089 5397 1231 5453 enim
1272 5411 1368 5450 nos
1403 5411 1523 5451 esse
1545 5395 1661 5449 vult
1688 5405 1743 5451 et
1772 5396 1947 5451 lumen
1979 5406 2034 5452 et

445 5496 764 5550 fermentum
799 5493 959 5556 Deus,
1000 5501 1058 5547 ut
1092 5499 1147 5546 et
1183 5489 1274 5544 alii
1315 5505 1346 5543 a
1387 5488 1542 5543 nobis
1581 5488 1858 5543 utilitatem
1887 5490 2031 5543 acci-

447 5585 613 5656 piant.
639 5582 791 5650 Quod
832 5581 893 5651 si.
922 5581 1169 5637 homines
1221 5579 1764 5650 irreprchensibiliter
1794 5579 2032 5634 viventes

446 5678 538 5732 vix
556 5684 872 5735 convertere
895 5675 1074 5730 valent
1116 5674 1464 5744 negligentes,
1506 5672 1795 5742 quomodo,
1840 5670 1884 5726 si
1927 5672 2034 5726 illis

446 5781 632 5822 ansam
651 5764 979 5831 dederimus,
996 5780 1101 5821 non
1119 5765 1470 5835 undequaque
1487 5763 1800 5834 perditionis
1818 5762 2032 5819 illorum

449 5859 528 5916 rei
572 5858 815 5917 erimus?
855 5858 986 5915 Nam
1033 5857 1167 5915 sicut
1214 5858 1302 5930 qui
1344 5872 1650 5930 perversam
1696 5857 1804 5929 agit
1831 5866 2028 5926 utam,

1164 408 1436 466 CONTRA
1468 406 1596 465 EOS
1636 404 1751 473 QUI
1788 398 2402 461 SUBINTRODUCTAS
2441 404 2717 464 llABENT
2746 408 3082 469 VIRGINES.

3625 419 3729 474 506

2145 539 2435 597 numquam
2461 528 2696 584 salvatur
2714 571 2729 595 ,
2763 529 2833 585 ita
2864 548 3033 604 neque
3058 534 3146 605 qui
3175 535 3409 606 seipsum
3443 539 3728 609 ignominia

2143 620 2396 690 aspergit,
2428 635 2638 691 poenam
2666 623 2899 695 effugere
2925 625 3139 696 poterit.
3562 690 3563 693 η

2217 709 2320 776 Qui
2356 711 2467 766 sine
2502 713 2720 767 aliorum
2757 715 3064 782 o/fendiculo
3109 729 3315 790 peccat,
3355 721 3540 777 minari
3569 740 3730 795 ptume

2142 802 2391 858 obnoxius
2433 812 2525 859 est.
2541 835 2612 846 —
2629 805 2778 873 Quod
2796 807 2839 860 si
2862 809 3019 863 etiam
3035 808 3347 867 admirabile
3364 811 3616 883 quiddam
3643 814 3726 869 di-

2143 894 2405 962 cendum,
2450 897 2609 952 etiam
2637 898 2680 952 si
2706 899 2942 968 graviter
2968 901 3087 969 quis
3125 912 3342 970 peccet,
3389 904 3434 959 si
3461 904 3596 960 clam
3628 902 3729 960 hoc

2144 987 2306 1042 faciat
2329 996 2384 1043 et
2404 988 2674 1045 neminem
2699 990 3040 1059 scandalizet,
3064 993 3326 1051 minorem
3348 995 3494 1052 dabit
3516 1012 3726 1066 poenam

2141 1097 2299 1152 quam
2345 1083 2435 1152 qui
2481 1084 2655 1139 levius
2691 1086 2964 1154 peccavit,
3010 1087 3105 1143 sed
3148 1088 3485 1160 impudenter
3510 1099 3564 1148 et
3605 1107 3728 1148 cum

2139 1176 2429 1230 multorum
2454 1176 2726 1232 seandalo.
3722 1198 3727 1201 ·

2211 1264 2265 1321 8.
2297 1265 2365 1320 Et
2389 1282 2457 1322 ne
2476 1267 2674 1322 dictum
2700 1268 3197 1342 admireris,nequc
3226 1273 3343 1341 plus
3357 1272 3501 1343 iusto
3524 1273 3726 1332 dictum

2138 1366 2314 1426 putes,
2343 1358 2438 1413 tibi
2464 1359 2599 1414 hanc
2628 1376 2660 1416 e
2687 1361 2818 1415 cado
2839 1363 3155 1418 sententiam
3182 1363 3485 1433 afferemus,
3509 1376 3562 1427 et
3591 1368 3727 1425 hanc

2137 1449 2311 1519 legem
2351 1451 2473 1507 inde
2500 1453 2756 1522 prolatam
2801 1454 3161 1524 probabimus.
3203 1456 3334 1511 Nam
3371 1458 3582 1516 beatum
3616 1461 3729 1518 Mo-

2138 1555 2250 1594 sem
2272 1542 2509 1596 omnium
2535 1542 2624 1613 qui
2649 1558 2811 1613 super
2835 1553 3027 1600 terram
3058 1545 3330 1602 hominum
3359 1525 3722 1618 mitissimum,

2139 1632 2234 1688 Dei
2263 1634 2514 1701 amicum,
2550 1636 2927 1704 prOphetarum
2958 1637 3270 1704 maximum,
3294 1640 3720 1713 quandoquidem

2140 1725 2280 1781 Deus
2322 1726 2442 1782 aliis
2483 1743 2578 1798 per
2605 1730 2885 1800 aenigmata
2928 1730 3178 1801 loquutus
3217 1744 3336 1796 est,
3382 1731 3507 1789 huic
3544 1743 3722 1791 autem

2138 1816 2275 1870 sicut
2302 1819 2503 1873 amicus
2530 1820 2700 1874 amico
2732 1820 2914 1876 :hunc
2956 1822 3115 1892 igitur
3139 1832 3193 1879 et
3222 1824 3377 1879 talem
3409 1826 3496 1896 qui
3530 1828 3723 1882 multas

2136 1908 2381 1963 miserias
2409 1909 2460 1963 in
2496 1908 2714 1966 deserto
2761 1912 2878 1967 tulit
2916 1920 2993 1967 tot
3030 1916 3218 1981 annis,
3269 1916 3361 1985 qui
3388 1918 3439 1971 in
3468 1920 3723 1973 extremis

2136 2017 2279 2071 saepe
2304 2002 2551 2072 periculis
2568 2002 2688 2069 fuit,
2712 2014 2766 2060 et
2788 2007 2926 2076 apud
2944 2006 3222 2078 Egyptios
3248 2023 3469 2080 propter
3482 2011 3719 2074 Judaeos,

2136 2105 2190 2149 et
2213 2094 2352 2163 apud
2371 2094 2582 2151 Judaros
2608 2113 2705 2167 pro
2734 2098 2862 2167 ipsis
2892 2099 3110 2167 ingratis
3142 2118 3155 2156 :
3189 2110 3365 2157 tamen
3392 2102 3534 2158 hunc
3563 2104 3720 2159 talem

2136 2194 2191 2241 et
2229 2196 2432 2243 tantum
2478 2188 2611 2243 nihil
2656 2189 2799 2244 aliud
2850 2190 3123 2261 prohibuit
3165 2202 3287 2261 post
3336 2203 3414 2248 tot
3455 2212 3723 2267 :ertnnuas

2136 2278 2405 2348 multaque
2433 2280 2688 2350 prrcclare
2724 2292 2871 2352 gesta
2912 2283 3271 2353 promissione
3318 2286 3509 2355 potiri,
3561 2304 3717 2357 quam

2135 2370 2276 2441 quod
2305 2372 2559 2428 seandalo
2601 2374 2787 2429 fuisset
2830 2375 2894 2429 iis
2922 2375 3013 2445 qui
3061 2393 3180 2430 cum
3228 2377 3345 2446 ipso
3385 2390 3539 2434 erant
3581 2383 3720 2451 apud

2134 2479 2346 2533 aquam.
2399 2465 2463 2521 Et
2511 2466 2612 2521 hoc
2651 2474 2732 2522 est
2774 2467 2914 2537 quod
2948 2468 3248 2525 insinuabat
3286 2471 3426 2527 Deus
3450 2472 3717 2530 dicendo:

2138 2555 2271 2621 Quia
2298 2573 2398 2610 non
2425 2557 2706 2612 credidistis
2731 2559 2857 2613 mihi
2876 2601 2891 2626 ,
2938 2569 2991 2613 ut
3029 2562 3412 2632 sanctificaretis
3447 2583 3526 2619 me
3548 2584 3717 2622 coram

2133 2646 2256 2715 filiis
2284 2644 2482 2713 Israel,
2527 2659 2735 2719 prapter
2769 2650 2864 2704 hoc
2888 2667 2988 2706 non
3013 2653 3258 2709 inducetis
3283 2659 3718 2728 congregationem

2133 2737 2265 2793 hanc
2282 2739 2335 2793 in
2357 2750 2542 2795 terram
2565 2783 2579 2806 ,
2607 2759 2761 2813 quam
2784 2743 2903 2798 dedi
2938 2746 3007 2799 eis
3036 2743 3221 2813 (Num.
3252 2747 3343 2808 20.
3376 2749 3487 2820 12).
3516 2750 3716 2818 Quam-

2132 2831 2214 2885 vis
2237 2841 2413 2886 autem
2441 2842 2597 2888 antea
2625 2835 2674 2889 in
2708 2836 2977 2890 nonnullis
3003 2838 3179 2893 minus
3199 2840 3469 2898 ohedisset
3489 2843 3723 2915 (eontra-

2133 2923 2267 2977 dixit
2308 2923 2448 2978 enim
2482 2924 2591 2980 Deo
2616 2926 2783 2981 semel
2825 2942 2886 2982 ac
2927 2928 3117 2984 iterum
3162 2945 3282 2985 cum
3326 2934 3622 2990 mitteretur
3665 2938 3717 2991 in

2133 3013 2423 3086 Egyptum
2442 3058 2456 3081 ,
2502 3026 2555 3071 et
2585 3026 2769 3086 postea
2798 3019 2851 3073 in
2886 3018 3104 3076 deserto
3130 3021 3433 3078 incredulus
3459 3024 3671 3082 dicebat
3702 3047 3717 3082 :

2134 3107 2385 3163 Sexcenta
2422 3108 2584 3162 millia
2624 3118 2741 3163 sunt
2786 3110 3046 3178 peditum;
3089 3121 3138 3166 et
3180 3122 3233 3166 tu
3273 3113 3446 3169 dixiin
3486 3116 3722 3174 :Carnes

2133 3200 2264 3254 dabo
2287 3200 2433 3272 ipsis,
2488 3208 2533 3254 et
2570 3200 2830 3255 comedent
2866 3200 3081 3256 mensem
3112 3204 3327 3257 dierum.
3362 3204 3504 3259 Num
3532 3225 3644 3261 oves
3673 3220 3721 3263 et

2135 3292 2279 3348 boves
2316 3292 2674 3347 mactabuntur
2694 3335 2706 3352 .
2748 3291 2827 3347 uel
2852 3294 3022 3347 omnia
3055 3293 3224 3348 edulia
3263 3298 3417 3349 maris
3445 3315 3721 3369 congrega-

2133 3385 2319 3439 bantur
2343 3393 2391 3437 et
2430 3383 2674 3454 sufﬁcient
2695 3384 2819 3454 ipsis
2842 3382 3027 3457 [Num.
3057 3385 3144 3440 ll.
3175 3387 3266 3441 2i.
3296 3386 3425 3459 ‘22]?
3454 3398 3505 3443 et
3539 3400 3722 3457 postea

2132 3477 2326 3532 iterum
2353 3475 2622 3531 difficilem
2655 3492 2711 3531 se
2748 3476 2979 3531 reddidit
3002 3519 3016 3542 ,
3048 3485 3102 3531 et
3130 3479 3308 3548 populi
3350 3478 3718 3550 prmfccturam

2131 3566 2482 3637 detrectabat)
2516 3585 2529 3622 :
2561 3576 2792 3622 attamen
2838 3566 2968 3622 nihil
2990 3568 3130 3623 aliud
3175 3570 3342 3639 potuit
3383 3571 3553 3641 ipsum
3600 3588 3722 3640 pro-

2133 3659 2320 3729 positis
2347 3659 2580 3727 przemiis
2607 3659 2838 3728 privare,
2871 3675 3028 3728 quam
3060 3661 3186 3716 illud
3216 3663 3387 3717 solum
3411 3663 3551 3733 quod
3578 3666 3718 3733 apud

2132 3766 2323 3821 aquam
2346 3750 2585 3821 contigit,
2610 3751 2751 3821 quod
2780 3760 2968 3806 natura
2995 3751 3209 3820 quidem
3239 3753 3417 3808 minus
3440 3755 3558 3809 aliis
3583 3766 3719 3819 erat,

2133 3842 2225 3897 sed
2248 3842 2368 3912 quia
2395 3857 2513 3897 cum
2536 3841 2731 3897 damno
2758 3842 2980 3896 aliorum
3007 3842 3200 3907 fiebat,
3230 3844 3397 3899 multo
3429 3846 3599 3915 maius
3627 3847 3719 3916 iu-

2132 3935 2364 3989 dicatum
2391 3943 2491 3989 est.
2520 3933 2609 3988 llla
2633 3935 2773 3988 enim
2802 3933 3046 4003 privatim
3077 3942 3130 3987 et
3157 3935 3364 3990 occulte
3389 3936 3720 4003 accidebant,

2133 4025 2235 4079 hoc
2280 4035 2456 4079 autem
2501 4022 2784 4079 manifeste
2821 4033 2876 4079 ct
2916 4039 3096 4079 coram
3133 4026 3276 4079 omni
3329 4027 3523 4096 populo
3549 4027 3720 4098 palam

2134 4123 2409 4183 peccatum
2439 4121 2535 4167 est.
2586 4114 2872 4183 Propterea
2900 4123 2951 4167 et
2989 4114 3387 4182 reprehendens
3417 4104 3554 4171 Deus
3574 4159 3588 4184 ,
3621 4121 3723 4174 hoc

2135 4205 2437 4261 iusinuabat
2480 4205 2663 4259 dicens
2695 4222 2708 4258 :
2745 4205 2877 4270 Quia
2907 4221 3006 4257 non
3046 4206 3401 4273 sancti/icastis
3439 4225 3518 4261 me
3549 4226 3723 4263 coram

2137 4301 2257 4369 [iliis
2287 4296 2473 4359 Israel,
2495 4297 2695 4366 peccati
2722 4311 2909 4351 eorum
2937 4305 3180 4351 naturam
3204 4298 3477 4367 detegens,
3508 4311 3559 4353 et
3582 4302 3723 4357 unde

2141 4392 2330 4446 factum
2355 4432 2370 4455 ,
2418 4388 2559 4459 quod
2590 4388 2801 4454 veniam
2842 4403 2947 4441 non
2986 4398 3288 4455 mereatur,
3332 4388 3628 4445 declarans.
3665 4391 3723 4447 Si

2135 4495 2311 4539 autem
2340 4483 2496 4538 talem
2528 4481 2700 4535 virum
2731 4480 2832 4535 hoc
2859 4479 2980 4534 fecit
3009 4478 3303 4549 impingere
3326 4522 3341 4547 ,
3385 4496 3482 4534 nos
3522 4483 3724 4536 vermi—

2135 4577 2285 4633 culos
2315 4584 2368 4629 et
2396 4574 2591 4628 nullius
2620 4572 2766 4641 pensi
2801 4570 3068 4641 quomodo
3110 4586 3213 4623 non
3242 4569 3482 4627 destruet
3501 4558 3574 4629 et
3599 4589 3724 4643 per-

2136 4667 2269 4724 det?
2297 4666 2438 4722 Nihil
2474 4665 2613 4719 enim
2647 4663 2715 4717 ita
2742 4662 3028 4718 exacerbat
3058 4660 3223 4716 Deum
3245 4703 3259 4726 ,
3293 4671 3351 4716 ut
3388 4664 3601 4732 quando
3632 4682 3728 4721 no-

2138 4776 2259 4814 men
2286 4758 2402 4828 eius
2447 4755 2865 4826 blasphematur.
2917 4752 3067 4809 Unde
3109 4768 3323 4809 sursum
3365 4769 3427 4809 ac
3474 4755 3724 4813 deorsum

2137 4851 2276 4921 apud
2325 4850 2540 4905 .ludmos
2586 4848 2687 4902 hoc
2730 4848 2935 4917 iactat,
2980 4860 3077 4901 eos
3116 4846 3543 4915 reprehendens,
3594 4850 3729 4916 Quia

2138 4961 2318 5000 nomen
2343 4959 2509 4998 meum
2531 4945 2835 5013 profanatur
2861 4938 3119 5010 (Isai.48.
3141 4941 3229 5010 ll)
3260 4959 3276 4997 :
3306 4951 3361 4996 et
3382 4942 3594 5008 iterum,
3628 4944 3725 4999 Vos

2140 5036 2424 5109 profanatis
2453 5036 2622 5104 ipsum
2649 5031 2803 5103 (Mal.
2834 5033 2883 5086 l.
2911 5031 2999 5101 12)
3030 5049 3046 5087 :
3077 5042 3127 5089 et
3145 5075 3161 5097 ,
3191 5022 3409 5100 Propter
3432 5051 3516 5088 vos
3543 5051 3725 5089 nomen

2140 5148 2303 5185 meum
2343 5127 2722 5200 blasphematur
2746 5127 2800 5180 in
2824 5125 3055 5196 gentibus
3080 5123 3229 5196 (Isai.
3256 5124 3344 5179 52.
3378 5125 3456 5194 5).
3494 5126 3558 5180 Et
3585 5134 3726 5182 tanta

2142 5223 2239 5291 ipsi
2284 5220 2383 5275 fuit
2422 5234 2547 5274 cura
2580 5233 2648 5272 ne
2680 5218 2780 5272 hoc
2805 5217 3077 5280 eveniret,
3125 5224 3182 5269 ut
3221 5222 3275 5269 et
3312 5215 3554 5286 indignos
3584 5233 3727 5286 saepe

2140 5311 2392 5373 salvarit,
2437 5324 2504 5364 ne
2547 5307 2650 5363 hoc
2693 5309 2862 5364 fieret.
2907 5307 3030 5361 Feci
3069 5304 3246 5369 enim,
3292 5306 3399 5373 ait,
3443 5323 3509 5362 ne
3547 5324 3729 5363 nomen

2145 5418 2309 5457 meum
2343 5400 2638 5469 profanetur
2666 5413 2685 5453 :
2711 5407 2764 5453 et
2784 5441 2800 5466 ,
2833 5392 2949 5451 Non
2975 5403 3180 5466 propter
3210 5411 3297 5450 nos
3327 5412 3419 5468 .‘go
3443 5396 3577 5467 facio
3598 5438 3614 5463 ,
3638 5398 3731 5452 do-

2142 5512 2251 5548 mus
2279 5491 2460 5553 Israel,
2490 5491 2578 5546 sed
2607 5500 2660 5545 ut
2685 5507 2866 5546 nomen
2883 5505 3046 5543 meum
3071 5503 3174 5540 non
3192 5490 3488 5559 profanetur
3516 5490 3729 5558 (Ezech.

2140 5583 2230 5639 20.
2260 5584 2313 5637 9.
2341 5592 2385 5637 et
2410 5582 2498 5638 56.
2520 5582 2638 5653 9.9.).
2673 5581 2866 5636 Paulus
2892 5593 3020 5633 vero
3057 5579 3339 5635 anathema
3368 5594 3486 5634 esse
3513 5581 3731 5649 optabat

2142 5689 2240 5743 pro
2277 5674 2444 5743 gloria
2490 5672 2583 5727 Dei
2617 5690 2629 5725 :
2662 5681 2715 5725 et
2757 5671 2870 5739 ipse
2905 5668 3076 5725 Moses
3122 5686 3332 5741 quoque
3358 5686 3388 5726 c
3424 5671 3561 5727 libro
3604 5674 3724 5727 vitae

2142 5765 2309 5821 deleri
2343 5763 2529 5820 orabat
2571 5778 2666 5832 pro
2689 5760 2856 5830 gloria
2886 5760 3116 5817 nominis
3137 5762 3230 5819 Dei
3256 5779 3272 5817 :
3302 5779 3395 5817 vos
3421 5772 3595 5819 autem
3622 5778 3728 5818 non

2144 5857 2317 5914 solum
2347 5854 2474 5913 nihil
2506 5853 2611 5926 pati
2630 5850 2806 5919 vultis,
2833 5859 2893 5908 ut
2910 5851 3049 5910 hanc
3069 5852 3295 5910 arceatis
3323 5853 3730 5922 blaSpbemiam,
