4138 6418
533 343 635 397 507

534 457 627 510 sed
657 455 819 511 etiam
849 453 1029 509 omnia
1073 452 1273 519 facilis,
1320 468 1413 522 per
1450 468 1568 522 qua:
1598 451 1739 507 illam
1764 452 2035 520 augeatis,
2063 457 2120 504 et

532 546 770 618 quotidie
809 544 1112 599 intendatis.
1155 544 1285 613 Quis
1315 544 1474 615 igitur
1517 560 1612 599 vos
1646 542 1964 600 excusabit?
2001 544 2120 614 quis

528 637 683 691 vobis
723 636 1000 707 ignoscet?
1038 635 1226 691 Nullus
1255 645 1356 691 est.
1402 636 1623 691 Tantam
1654 647 1832 690 autem
1859 650 2039 690 curam
2066 645 2122 691 et

531 729 670 783 Deus
704 738 760 782 et
787 726 954 782 sancti
994 737 1214 796 gerunt,
1252 736 1311 781 ut
1352 743 1455 781 non
1495 726 1895 796 blasphemetur
1924 742 2118 782 nomen

527 818 664 888 ejus,
687 834 794 873 non
820 818 961 888 quod
989 819 1130 873 Deus
1153 834 1288 887 opus
1312 818 1507 874 habeat
1534 828 1591 873 ut
1614 835 1643 873 a
1675 819 1827 873 nobis
1857 819 2123 891 glorifice-

526 922 614 968 tur
645 911 863 983 (nullius
886 913 1029 967 enim
1067 913 1265 982 indiget
1295 923 1347 969 et
1377 914 1647 983 perfectus
1673 916 1808 985 est),
1844 914 1937 969 sed
1972 914 2117 984 quod

524 1019 589 1057 rx
620 1017 684 1057 ea
713 1018 773 1057 re
798 1003 1023 1057 multum
1054 1003 1233 1057 damni
1272 1004 1575 1058 hominibus
1614 1005 1839 1059 accidat.
1891 1005 2116 1074 Quand:

527 1092 668 1146 enim
696 1092 834 1162 apud
862 1094 1005 1162 ipsos
1037 1094 1175 1148 male
1202 1093 1345 1148 audit
1376 1110 1569 1148 nomen
1600 1095 1689 1149 Dei
1720 1105 1771 1150 et
1792 1096 1961 1164 gloria
1981 1097 2117 1166 ejus,

526 1184 659 1238 nihil
689 1184 815 1254 ipsis
840 1184 981 1240 ultra
1003 1184 1219 1255 prodest
1239 1202 1252 1238 :
1271 1185 1415 1254 quod
1442 1187 1489 1241 si
1511 1187 1650 1241 Deus
1665 1202 1786 1243 cum
1813 1198 2118 1257 accusatur,

531 1277 657 1331 nihil
693 1278 930 1348 prodest,
965 1277 1132 1335 multo
1162 1279 1332 1349 magis
1354 1294 1475 1333 nos.

595 1369 649 1425 9.
679 1370 871 1424 Omnia
901 1369 1060 1440 igitur
1096 1367 1351 1426 faciamus
1377 1380 1434 1425 ut
1464 1370 1607 1427 nulla
1631 1370 1702 1426 sit
1728 1372 1939 1427 occasio
1968 1386 2123 1428 scan-

524 1462 666 1526 dali;
700 1462 860 1517 etiam
889 1460 934 1516 si
967 1461 1162 1531 injuste
1208 1461 1607 1532 reprehendant
1634 1507 1650 1530 ,
1680 1466 2121 1534 persuasionibus

525 1551 795 1607 diluamus
818 1553 1039 1607 crimina
1066 1594 1079 1616 ,
1110 1563 1165 1607 et
1199 1553 1472 1608 imitemur
1501 1565 1717 1609 sanctos
1743 1596 1758 1619 ,
1782 1555 1976 1625 quibus
2005 1566 2121 1611 tan-

528 1652 638 1696 tum
669 1641 768 1696 fuit
808 1642 1039 1698 studium
1076 1644 1259 1715 gloria:
1294 1643 1425 1710 Dei,
1456 1653 1515 1699 ut
1539 1660 1693 1699 suum
1719 1655 2123 1702 contemnerent

528 1744 746 1805 prepter
785 1734 974 1789 Deum.
1024 1733 1105 1789 Ne
1148 1735 1370 1804 abjectis
1413 1736 1664 1791 omnibus
1707 1744 1761 1791 et
1798 1737 2122 1794 conculcatis

524 1824 774 1880 sufficere
811 1824 1135 1880 arbitremur
1164 1826 1231 1880 ad
1275 1825 1644 1910 defensionem
1665 1869 1680 1893 ,
1715 1828 1758 1882 si
1788 1827 2078 1883 dixerimus
2104 1847 2117 1883 :

526 1917 741 1974 Vestem
768 1920 995 1975 emimus
1012 1920 1203 1991 virgini
1229 1929 1281 1976 et
1301 1921 1532 1990 calceos,
1563 1932 1616 1978 et
1645 1922 1749 1978 alia
1771 1940 1889 1993 quze
1912 1923 1977 1978 ad
1998 1940 2118 1979 cor-

524 2010 707 2079 porale
722 2012 938 2083 virginis
960 2012 1299 2067 commodum
1321 2015 1552 2068 attinent
1580 2014 1717 2070 bene
1736 2014 2116 2084 disposuimus.

525 2102 686 2168 Quis,
711 2101 822 2165 ait,
854 2101 1254 2157 administraret
1280 2119 1342 2158 ea
1370 2121 1489 2174 qua:
1529 2104 1674 2159 domi
1713 2107 1954 2160 nnslt'm?
2001 2108 2121 2177 quis

527 2192 957 2259 possessionibus
982 2194 1349 2262 proSpicerct‘f
1392 2194 1510 2264 quis
1538 2205 1794 2264 prmesset
1814 2197 1994 2252 domui
2024 2215 2120 2252 no-

524 2281 607 2338 bis
625 2284 934 2337 absentibus
962 2325 975 2348 ,
1004 2294 1051 2338 el
1086 2300 1205 2338 cum
1233 2286 1375 2340 intus
1403 2304 1506 2340 non
1536 2287 1605 2341 sit
1633 2289 1869 2343 mulier?
1900 2290 2028 2344 Nam
2063 2301 2118 2346 ct

525 2373 639 2427 iure
679 2373 864 2427 dicunt
909 2374 1176 2443 prioribus
1201 2378 1465 2430 contraria
1498 2386 1551 2431 et
1592 2380 1848 2447 turpiora.
1893 2380 1958 2435 Et
1988 2381 2117 2436 nihil

522 2475 711 2518 curant
733 2463 850 2527 ista,
881 2480 1052 2534 neque
1082 2468 1423 2534 erubescunt,
1447 2469 1603 2523 sicuti
1632 2470 1766 2525 ebrii
1797 2488 1956 2527 etmte
1978 2474 2118 2543 quod

523 2554 575 2606 in
623 2554 841 2608 buccam
884 2556 1030 2610 venit
1074 2556 1355 2627 loquentes
1393 2575 1405 2610 :
1437 2572 1767 2631 quapropter
1804 2580 1978 2634 neque
2020 2580 2119 2620 nos

520 2633 950 2717 defatigabimur,
983 2648 1190 2703 etiamsi
1221 2650 1345 2704 talia
1377 2651 1483 2705 sint
1509 2667 1628 2722 qua:
1656 2653 1722 2707 ab
1756 2653 1818 2707 iis
1843 2655 2113 2725 dicuntur,

523 2748 581 2794 ιιι
628 2741 830 2794 uullmn
876 2756 1194 2811 responsum
1240 2754 1563 2798 mereantur.
1595 2744 1711 2800 Non
1754 2747 2118 2821 gravabimur,

521 2831 736 2901 inquam
763 2872 777 2896 ,
814 2840 869 2885 et
901 2832 1255 2901 re~pondere,
1296 2844 1349 2888 et
1375 2845 1653 2891 mansuete
1682 2851 1802 2890 cum
1829 2839 1908 2893 eis
1934 2854 2113 2909 agere,

524 2923 697 2977 donec
724 2924 792 2977 ab
815 2922 912 2977 hac
941 2925 1203 2980 ebrietate
1230 2926 1350 2980 illos
1382 2926 1689 2993 liberemus,
1724 2940 1976 2999 quantum
2006 2934 2114 2987 sci-

523 3017 647 3070 licet
685 3016 737 3069 in
774 3015 926 3070 nobis
954 3017 1075 3070 erit.
1130 3017 1213 3072 Me
1244 3019 1401 3087 pudet
1428 3020 1571 3073 enim
1604 3030 1657 3074 et
1682 3023 1962 3090 erubesco,
1992 3039 2113 3078 cum

523 3107 638 3161 hmc
665 3118 910 3161 evertere
941 3116 1110 3174 tento,
1133 3125 1251 3180 qua:
1279 3110 1710 3167 contradicentes
1739 3114 1814 3168 illi
1841 3130 2115 3185 cpponere

519 3214 624 3251 non
651 3200 1014 3253 erubescunt:
1049 3199 1264 3254 ferenda
1289 3210 1461 3257 tamen
1495 3204 1713 3257 omnino
1742 3206 2112 3262 erubescentia

516 3287 582 3342 ad
613 3287 892 3343 utilitatem
921 3305 1105 3345 eorum
1134 3291 1223 3362 qui
1253 3293 1571 3348 erubescere
1601 3296 1866 3350 nesciunt.
1899 3297 2110 3353 Etenim

516 3380 804 3453 absurdum
832 3380 1007 3446 fuerit,
1043 3383 1165 3435 dum
1191 3383 1557 3453 redarguimus
1587 3401 1679 3439 eos
1705 3388 1791 3456 qui
1816 3405 1912 3458 pro
1944 3391 2111 3446 nihilo

519 3469 736 3537 habent,
770 3472 909 3540 quod
941 3471 1190 3527 fratribus
1217 3473 1537 3529 offendicqu
1559 3477 1684 3542 sint,
1712 3479 1926 3546 pudoris
1947 3496 2107 3537 causa

517 3561 728 3615 illorum
760 3578 942 3617 curam
974 3563 1225 3634 abjicere.
1269 3566 1362 3620 Die
1389 3567 1529 3621 enim
1568 3569 1698 3622 mihi
1743 3587 1985 3640 qua-nam
2017 3573 2107 3629 illa

519 3653 701 3707 dicunt
741 3655 882 3708 domi
929 3655 994 3709 ad
1022 3672 1202 3712 curam
1235 3658 1453 3728 virginis
1486 3669 1589 3713 tam
1622 3663 1919 3717 necessaria
1949 3664 2107 3720 esse?

519 3744 935 3801 barbararumue
964 3750 1257 3817 puellarum
1298 3751 1391 3804 tibi
1420 3754 1663 3807 examina
1703 3764 1826 3809 sunt
1857 3765 1909 3810 et
1938 3773 2109 3825 nuper

515 3848 714 3907 empta,
741 3855 861 3907 qua:
886 3850 1095 3911 oportet
1124 3843 1332 3897 erudire
1358 3853 1411 3898 et
1435 3845 1500 3898 ad
1524 3846 1808 3901 lanificium
1839 3858 1891 3904 et
1911 3848 1978 3903 ad
2003 3850 2107 3904 alia

500 3928 815 3983 ministeria
836 3931 859 3983 ?
884 3934 952 3983 At
979 3933 1231 4000 peuuaria
1259 3933 1451 3988 adsunt
1482 3951 1642 4004 opum
1671 3947 1725 3992 et
1748 3940 1976 3994 vestimn
2003 3984 2018 4008 ,
2051 3950 2107 3997 cf.

512 4029 719 4087 oportet
749 4022 1024 4077 custodem
1069 4025 1208 4079 intus
1234 4040 1449 4095 semper
1476 4028 1665 4084 sedere
1685 4072 1698 4095 ,
1729 4043 1782 4085 et
1808 4047 1837 4085 a
1877 4032 2106 4089 famulo-

514 4126 631 4164 rum
659 4112 855 4166 malitia
885 4114 1098 4184 virginis
1124 4115 1310 4170 oculos
1336 4133 1398 4173 ea
1424 4127 1622 4185 tutare;
1655 4137 1859 4177 cmnam
1892 4140 2103 4197 quoque

513 4208 568 4254 ct
611 4203 853 4256 convivia
893 4206 1144 4261 continue
1190 4221 1486 4277 apparare,
1531 4219 1585 4264 ct
1627 4223 1842 4282 oportet
1879 4215 2098 4272 domum

511 4293 689 4347 ornari
715 4334 731 4360 ,
777 4303 831 4349 et
859 4310 1060 4366 coquos
1087 4309 1141 4353 et
1169 4315 1369 4353 menszc
1395 4302 1668 4358 ministros
1692 4322 1818 4360 cura
1849 4308 1959 4377 regi
1990 4310 2101 4363 vir-

508 4383 683 4453 ginis?
709 4394 903 4439 suntne
928 4388 1054 4443 ilem
1080 4389 1229 4443 multi
1261 4391 1391 4445 varii
1417 4404 1661 4463 sumptus
1690 4406 1741 4449 et
1766 4395 2094 4468 frequentes,

509 4482 564 4528 et
591 4484 800 4543 oportet
837 4478 1068 4548 aliquem
1110 4495 1322 4549 semper
1349 4498 1470 4537 esse
1509 4485 1825 4552 prarfectum
1847 4530 1862 4555 ,
1913 4499 1969 4544 ιιι
1999 4506 2098 4545 cu-

506 4566 806 4620 stodiantur
830 4582 950 4622 cmn
972 4570 1241 4639 diligentia
1269 4613 1285 4638 ,
1318 4583 1375 4627 ut
1400 4590 1468 4628 ne
1495 4575 1579 4628 illa
1606 4592 1634 4629 a
1660 4577 1822 4633 domo
1852 4580 1969 4635 sine
1995 4582 2100 4636 uti-

505 4657 654 4711 litate
681 4658 997 4714 elabantur?
1040 4661 1182 4716 Nihil
1214 4662 1401 4718 horum
1428 4668 1536 4731 ait;
1570 4668 1664 4722 sed
1704 4680 1758 4725 ut
1790 4672 1884 4742 ipsi
1915 4688 2095 4730 arcam

503 4759 555 4804 et
601 4761 805 4804 vestem
851 4762 905 4805 et
945 4754 1099 4808 aliam
1151 4767 1300 4811 curet
1343 4756 1736 4827 facultatnlam,
1783 4763 1918 4820 bene
1945 4776 2095 4835 paret

504 4854 781 4906 mensam,
830 4840 967 4898 bene
1006 4855 1208 4901 sternat
1251 4848 1478 4914 lectum,
1511 4861 1565 4904 et
1605 4854 1863 4909 accendat
1892 4855 2088 4925 ignem,

499 4939 553 4983 et
581 4929 759 4984 abluat
803 4931 966 5001 pedes
991 4973 1004 4996 ,
1049 4944 1104 4989 et
1149 4938 1291 4993 aliud
1339 4939 1589 4995 solatium
1631 4958 1789 4999 omne
1831 4947 2083 5016 prtebeat.

505 5019 707 5078 Deinde
750 5039 844 5093 pro
872 5038 1031 5093 parva
1054 5034 1109 5080 et
1136 5026 1325 5098 frigida
1354 5032 1735 5089 commoditate
1763 5035 1863 5091 hac
1890 5047 2087 5093 tantam

496 5111 729 5169 feremus
747 5117 1160 5184 accusationem,
1189 5128 1331 5173 tanta
1359 5124 1739 5179 sustinebimus
1759 5126 2089 5197 opprobria?

498 5202 559 5255 Et
605 5214 804 5273 quanto
850 5206 1042 5261 melius
1086 5206 1251 5263 frater
1296 5219 1351 5264 et
1395 5213 1601 5267 facilius
1647 5215 2087 5272 administraret?

494 5306 684 5349 natura
711 5296 852 5349 enim
883 5295 1072 5352 fortior
1092 5309 1173 5352 est
1197 5299 1423 5356 muliere
1444 5302 1525 5356 vir
1546 5344 1561 5369 ,
1596 5312 1692 5358 usu
1720 5316 1899 5360 autem
1933 5310 2084 5363 nobis

493 5387 964 5449 accommodatior.
985 5398 1157 5444 etnon
1181 5399 1285 5445 tam
1301 5402 1664 5461 sumptuosus.
1684 5395 1872 5451 Mulier
1891 5400 2085 5469 quippe

495 5485 676 5546 utpote
701 5481 951 5547 tenerior,
970 5491 1023 5535 et
1043 5483 1287 5538 molliore
1313 5484 1511 5554 indiget
1530 5487 1743 5552 lcetulo,
1769 5498 1822 5543 et
1844 5493 2084 5549 tenuiore

496 5570 720 5636 vestitu,
765 5578 823 5626 et
862 5572 1102 5627 fortassis
1130 5575 1305 5643 puclla
1346 5576 1512 5631 altera
1543 5594 1661 5648 quas
1688 5581 1737 5633 ei
1780 5587 2078 5649 nnnistret;

491 5667 546 5711 ct
586 5674 695 5714 non
739 5667 943 5716 tantum
987 5665 1142 5719 nobis
1169 5667 1521 5722 ministerium
1553 5670 1813 5739 przebehit
1836 5713 1851 5738 ,
1879 5682 2080 5742 quanto

490 5745 589 5816 ipsi
612 5765 746 5821 opus
773 5753 872 5806 erit
900 5770 926 5806 a
954 5756 1105 5813 nobis
1141 5757 1342 5816 :fratcr
1376 5769 1551 5818 autem
1585 5761 1666 5818 his
1693 5763 1939 5820 omnibus
1966 5781 2074 5822 non

1246 339 1304 394 ὃ.
1340 335 1621 395 JOA‘NNIS
1657 332 2134 393 CHRYSOSTOMI
2173 332 2492 391 ARCIllEP.
2533 335 3073 399 CONSTANTINOP.

3707 358 3798 411 503

2225 461 2367 521 eget.
2395 449 2549 517 Quod
2576 451 2619 506 si
2650 451 2827 524 aliquo
2857 466 3015 526 eget,
3047 458 3235 515 eodem
3265 471 3320 516 et
3350 478 3443 519 nos
3480 465 3790 538 indigemus,

2224 543 2372 614 quod
2409 560 2514 598 non
2539 561 2718 617 parva:
2743 550 3138 606 commoditatis
3161 563 3274 620 est,
3321 556 3364 609 si
3402 559 3806 620 contubernales

2226 649 2332 688 non
2354 636 2516 691 variis
2540 677 2554 700 ,
2586 637 2678 691 sed
2702 637 2889 693 iisdem
2924 650 3141 696 utantur
3171 660 3183 695 :
3211 644 3260 697 id
3290 646 3430 716 quod
3458 659 3608 704 certe
3634 651 3684 705 iu
3711 655 3806 707 vir.

2226 725 2349 795 gine
2389 742 2494 781 non
2536 737 2637 783 est.
2697 729 2933 785 Primum
2977 748 3106 789 sane
3143 735 3257 791 sive
3301 737 3458 792 levari
3499 741 3663 808 velit,
3703 746 3807 802 sive

2227 832 2457 886 corpore
2488 834 2629 888 mgra
2653 819 2755 886 sit,
2784 837 2955 892 neque
2982 823 3145 880 frater
3170 827 3266 895 ipsi
3296 828 3362 882 ad
3397 829 3513 886 haec
3545 834 3805 889 ministra-

2226 908 2338 974 bit,
2391 913 2599 966 tametsi
2631 912 2782 969 valde
2813 914 3093 985 impudens
3123 920 3191 972 sit
3210 960 3224 981 ,
3254 936 3422 992 neque
3449 923 3567 994 ipsa
3590 927 3687 981 sibi
3709 928 3809 983 suf-

2227 1000 2414 1055 ficiens
2450 1004 2549 1057 erit
2579 1021 2595 1054 :
2623 1004 2667 1058 si
2712 1014 2889 1060 autem
2939 1005 3130 1065 fratres
3180 1022 3305 1066 sunt
3352 1015 3441 1083 qui
3484 1016 3805 1087 cohabitant,

2226 1091 2462 1146 vicissim
2505 1094 2810 1152 ministrare
2856 1108 3124 1167 poterunt.
3169 1100 3297 1156 ltem
3339 1105 3552 1174 quando
3581 1107 3808 1168 dormire

2227 1198 2362 1253 opus
2401 1184 2593 1252 fuerit,
2627 1188 2833 1258 virgine
2860 1189 3076 1260 quidem
3106 1193 3251 1248 intus
3282 1196 3541 1265 sedente,
3574 1210 3627 1256 et
3654 1201 3809 1259 lectos

2226 1273 2362 1330 duos
2386 1292 2505 1332 esse
2526 1287 2774 1349 Oportet,
2802 1292 2856 1336 et
2894 1291 3060 1339 strata
3083 1285 3191 1340 duo
3209 1329 3225 1355 ,
3266 1297 3319 1342 et
3348 1290 3547 1347 lodices
3571 1293 3702 1349 duos
3726 1314 3739 1348 :
3767 1298 3806 1352 si

2228 1377 2407 1421 autem
2447 1370 2689 1439 sapiant,
2734 1381 2791 1427 et
2817 1374 3089 1432 domicilia
3116 1378 3245 1432 duo.
3279 1379 3349 1435 At
3384 1381 3429 1437 si
3468 1382 3661 1441 fratres
3688 1388 3804 1456 sint,

2226 1456 2418 1513 iterant
2444 1475 2502 1514 re
2530 1459 2777 1517 familiari
2799 1472 2940 1519 tanta
2969 1482 3073 1521 non
3101 1477 3183 1523 est
3206 1486 3360 1541 Opus.
3390 1473 3602 1530 Etenim
3628 1477 3805 1535 domus

2227 1563 2354 1615 una,
2387 1550 2613 1605 cervical
2646 1564 2904 1622 unum,et
2930 1556 3097 1612 lectus
3124 1576 3281 1627 unus,
3300 1573 3354 1617 et
3375 1566 3563 1621 eadem
3588 1573 3806 1640 tegmina

2225 1641 2468 1712 utrisque
2498 1642 2798 1710 sufficiunt;
2843 1658 2897 1703 et
2923 1649 2974 1702 in
3005 1664 3213 1709 summa
3234 1697 3250 1719 ,
3298 1656 3341 1710 si
3368 1659 3490 1727 quis
3516 1674 3674 1717 omne
3699 1678 3807 1732 per-

2226 1742 2410 1786 currat
2434 1733 2806 1803 ministerium,
2843 1738 2928 1794 hic
2958 1741 3178 1796 multam
3212 1744 3445 1803 inveniet
3491 1747 3803 1820 facilitatem,

2226 1824 2296 1879 ibi
2338 1834 2515 1880 autem
2558 1828 2949 1887 difficultatem.
2979 1832 3151 1890 Taceo
3181 1836 3371 1894 domus
3410 1843 3802 1914 turpitudinem.

2226 1912 2392 1981 Quale
2419 1917 2559 1971 enim
2588 1928 2687 1985 est,
2721 1920 2764 1976 si
2794 1920 2845 1975 in
2874 1921 3089 1978 domum
3110 1926 3203 2007 viri
3220 1929 3441 1985 solitarii
3471 1912 3598 2001 itur,
3633 1936 3805 1995 videre

2225 2008 2434 2062 calceos
2486 2010 2774 2068 muliebres
2821 2031 3143 2086 suspensos,
3176 2031 3229 2075 et
3272 2023 3486 2094 cingula
3517 2037 3573 2082 et
3610 2031 3802 2098 mitras,

2224 2098 2544 2156 calathiscos
2569 2112 2622 2157 et
2645 2103 2821 2159 colmn
2860 2118 2915 2161 et
2956 2109 3161 2165 radium
3193 2117 3476 2170 textorium
3501 2128 3555 2173 et
3584 2123 3800 2190 pectines

2225 2199 2278 2243 et
2308 2190 2442 2259 fusa,
2471 2202 2525 2247 et
2545 2195 2646 2249 alia
2674 2212 2792 2266 quae
2815 2201 3165 2268 particulatim
3189 2207 3364 2261 ornnia
3392 2225 3675 2269 numerare
3699 2231 3795 2269 non

2225 2281 2385 2337 licet?
2423 2283 2479 2339 Si
2506 2296 2682 2341 autem
2712 2304 2830 2359 quae
2857 2291 3187 2348 divitis'sunt
3218 2300 3474 2355 scruteris
3494 2344 3509 2366 ,
3543 2303 3708 2375 major
3727 2317 3801 2361 est

2224 2374 2364 2427 risus
2405 2377 2651 2431 materia.
2694 2378 2932 2435 Primum
2970 2383 3184 2454 quidem
3231 2387 3282 2441 in
3326 2374 3635 2458 puellarum
3666 2405 3797 2450 tanta

2224 2464 2377 2517 turba
2406 2466 2550 2521 solus
2590 2481 2874 2538 versatur,
2926 2476 3075 2542 quasi
3120 2476 3404 2533 choraules
3444 2481 3497 2535 in
3540 2483 3797 2540 orchestra

2222 2554 2314 2624 qui
2360 2556 2411 2610 in
2453 2557 2621 2613 choro
2670 2561 2952 2617 mulierum
3011 2565 3320 2623 saltantium
3375 2574 3612 2627 concinit
3651 2592 3666 2630 :
3702 2592 3797 2646 quo

2222 2648 2347 2716 quid
2376 2651 2582 2719 turpius
2608 2662 2661 2706 et
2690 2653 3066 2710 inhonestius?
3104 2657 3303 2714 Deinde
3329 2661 3678 2734 disrumpitur
3701 2676 3797 2720 tota

2221 2736 2308 2793 die
2334 2738 2540 2795 famulis
2566 2757 2887 2800 succensens
2918 2747 2987 2802 ob
3014 2764 3099 2803 res
3132 2765 3252 2819 quae
3277 2751 3342 2805 ad
3387 2755 3667 2810 mulierem
3690 2772 3800 2827 spe-

2220 2836 2389 2883 ctant.
2417 2831 2550 2886 Nam
2575 2833 2623 2888 ei
2646 2839 3008 2892 necessarium
3041 2850 3123 2894 est
3160 2852 3249 2895 aut
3276 2846 3500 2899 omnino
3528 2848 3685 2904 silere
3708 2891 3723 2915 ,
3752 2859 3799 2904 et

2220 2921 2397 2973 omnia
2424 2922 2780 2993 negligentem
2807 2927 2874 2982 ab
2901 2929 2987 2982 illa
3014 2930 3305 3002 increpari,
3347 2937 3429 2989 vel
3458 2936 3726 2994 dicentem
3752 2950 3798 2995 et

2220 3013 2583 3083 increpantem
2627 3020 2851 3088 turpiter
2895 3037 3052 3092 agerc
3089 3041 3103 3078 :
3134 3034 3188 3079 ct
3216 3026 3335 3080 vide
3363 3028 3495 3096 quid
3519 3032 3793 3103 contingat.

2218 3103 2352 3159 Nam
2379 3107 2466 3174 qtti
2492 3107 2671 3176 jussus
2703 3120 2786 3165 est
2833 3127 2900 3167 ne
2952 3127 3116 3184 prope
3141 3117 3355 3186 quidem
3398 3119 3464 3174 ad
3504 3125 3795 3193 temporalia

2219 3200 2427 3268 negotia
2452 3202 2710 3257 accedere
2731 3245 2745 3268 ,
2783 3219 2888 3259 non
2919 3206 3092 3261 solum
3117 3212 3426 3279 temporalia
3448 3256 3462 3279 ,
3503 3217 3593 3269 sed
3626 3218 3797 3271 mulie-

2216 3288 2332 3344 bria
2375 3292 2638 3360 ipsissima
2673 3304 2880 3350 tractat.
2927 3296 3137 3353 Etenim
3160 3314 3282 3355 vasa
3313 3305 3592 3361 muliebria
3618 3307 3794 3363 afferre

2217 3395 2325 3437 non
2353 3381 2671 3438 detrectabit
2693 3389 3029 3456 argentariis,
3058 3390 3280 3447 subinde
3305 3409 3505 3465 rogans
3536 3414 3654 3451 num
3682 3412 3794 3467 spe-

2216 3473 2393 3525 culum
2426 3471 2659 3527 domina:
2688 3489 3040 3545 prasparatum
3083 3482 3177 3547 sit,
3229 3499 3354 3539 num
3399 3488 3595 3542 cadum
3624 3491 3790 3544 absol-

2214 3563 2426 3631 verint,
2486 3580 2612 3618 num
2673 3566 2941 3639 lecythum
2992 3571 3355 3640 reddiderint;
3407 3592 3537 3633 nam
3588 3581 3637 3634 iu
3681 3595 3789 3635 eam

2214 3657 2612 3727 corruptionem
2645 3671 2901 3716 venerunt
2929 3664 3126 3732 omnia,
3148 3677 3203 3719 ιιι
3227 3668 3458 3736 pluribus
3476 3672 3621 3727 vasis
3644 3688 3788 3743 quam

2215 3748 2501 3803 saeculares
2540 3751 2722 3806 multa:
2756 3763 2971 3809 utantur
2996 3757 3251 3827 virgines.
3305 3759 3439 3817 Hinc
3496 3764 3686 3820 iterum
3726 3765 3787 3819 ad

2213 3833 2850 3911 unguentarium'currit
2895 3848 3294 3919 colloquuturus
3347 3853 3413 3908 de
3464 3857 3785 3911 aromatibus

2210 3930 2442 3987 domina:
2476 3950 2489 3986 :
2513 3948 2657 4003 same
2686 3937 2844 3991 etiam
2869 3955 2977 4008 prae
3009 3942 3173 3996 nimio
3205 3944 3379 3997 studio
3402 3960 3506 4001 nec
3531 3947 3784 4002 detrecta-

2210 4021 2289 4078 bit
2314 4024 2359 4078 si
2390 4033 2444 4080 et
2472 4040 2673 4096 pauper
2699 4027 2886 4099 injuria
2913 4031 2983 4084 sit
3010 4032 3336 4089 afficiendus.
3366 4034 3595 4091 Utuntur
3618 4048 3784 4093 autem

2208 4115 2443 4187 virgines
2472 4122 2755 4189 unguentis
2796 4131 2847 4175 et
2877 4123 3041 4177 variis
3079 4135 3131 4179 et
3179 4128 3445 4195 pretiosis.
3502 4130 3697 4185 Deinde
3723 4130 3785 4184 ab

2210 4209 2561 4277 unguentario
2599 4210 2664 4264 ad
2689 4211 3004 4267 vendentem
3050 4215 3212 4270 lintea
3234 4258 3250 4282 ,
3282 4226 3336 4271 et
3372 4219 3440 4273 ab
3480 4220 3572 4274 illo
3602 4222 3782 4274 iterum

2207 4297 2274 4351 ad
2300 4299 2591 4355 aulicorum
2621 4309 2907 4357 textorem.
2941 4303 3054 4359 Non
3083 4308 3225 4362 enim
3253 4320 3507 4365 verentur
3532 4313 3782 4382 imperare

2210 4387 2324 4443 hare
2361 4404 2549 4457 parva,
2575 4395 2696 4462 quia
2724 4394 2904 4448 vident
2930 4411 3024 4451 eos
3050 4399 3205 4454 valde
3233 4401 3562 4467 obedientes,
3593 4416 3644 4459 et
3668 4420 3781 4475 gra-

2209 4480 2332 4533 tiam
2362 4481 2619 4538 habentes
2648 4485 3030 4554 impcrantibus
3053 4491 3328 4561 majorem,
3358 4510 3515 4563 quam
3544 4498 3659 4551 aliis
3686 4496 3780 4550 mi-

2204 4571 2576 4629 nistrantibus.
2628 4575 2762 4631 Hinc
2809 4578 3035 4645 iterum,
3081 4581 3128 4634 si
3156 4583 3367 4652 quando
3394 4585 3591 4655 aliquid
3620 4601 3776 4657 appa-

2204 4662 2429 4717 raudum
2488 4666 2629 4735 quod
2696 4667 2763 4722 ad
2815 4672 3167 4738 gestatorimn
3233 4676 3631 4733 tabernaculum
3686 4680 3777 4733 hoc

2202 4759 2501 4827 pertineat,
2542 4776 2712 4833 usque
2740 4765 2806 4819 ad
2837 4782 3111 4838 veSperam
3146 4772 3395 4839 impransi
3448 4781 3776 4843 perseverant

2200 4850 2430 4906 officinis
2457 4851 2622 4907 affixi.
2668 4855 2735 4910 Et
2768 4858 2898 4913 illud
2931 4876 3034 4916 non
3063 4872 3145 4917 est
3169 4866 3498 4927 mirandum,
3522 4867 3616 4920 sed
3643 4863 3773 4933 quod

2200 4952 2254 4996 et
2282 4944 2490 4999 miseris
2525 4946 2739 5003 famulis
2780 4951 2887 5005 sint
2913 4936 3150 5021 molesti,
3197 4967 3249 5011 et
3282 4956 3545 5025 frequenti
3590 4955 3766 5026 injuria

2198 5043 2253 5089 et
2276 5035 2653 5095 inclamatione
2680 5040 2776 5097 hos
2798 5055 3037 5114 urgeant.
3065 5046 3245 5118 Cogita
3275 5060 3486 5119 quantae
3512 5051 3636 5104 hinc
3653 5064 3771 5118 qucv

2195 5125 2438 5182 rimonia:
2469 5146 2482 5182 :
2515 5131 2756 5187 minister
2784 5135 2925 5189 enim
2955 5137 3141 5206 injuria
3166 5139 3408 5208 affectus,
3440 5143 3663 5197 maxime
3684 5156 3770 5211 pro

2197 5220 2391 5274 talibus
2415 5223 2593 5289 rebus,
2619 5225 2741 5293 quia
2768 5242 2887 5281 eum
2919 5231 3007 5298 qtti
3034 5246 3091 5286 se
3117 5233 3307 5300 injuria
3338 5234 3511 5289 affecit
3540 5250 3642 5289 non
3669 5234 3768 5287 alio

2195 5310 2355 5364 modo
2383 5313 2565 5369 ulcisci
2591 5325 2796 5385 potest,
2827 5318 3003 5389 lingua
3039 5321 3139 5376 hoc
3167 5322 3328 5390 facit,
3357 5334 3412 5380 et
3445 5327 3647 5379 occulta
3672 5324 3762 5378 οὒκ

2193 5406 2542 5473 trcctatione;
2586 5424 2685 5465 nec
2729 5412 2900 5480 parcit
2945 5415 3099 5469 alicui
3133 5432 3353 5485 eorum,
3396 5419 3581 5489 quibus
3610 5419 3761 5470 furori

2191 5511 2290 5551 suo
2310 5498 2619 5568 satisfaciat,
2649 5501 2742 5556 sed
2773 5510 2877 5557 tam
2902 5505 3183 5562 immodice
3203 5509 3493 5575 ulciscitur,
3516 5519 3758 5579 quantum

2191 5587 2485 5643 verisimile
2512 5599 2596 5644 est
2622 5606 2834 5646 servum
2867 5594 2936 5647 ita
2977 5597 3390 5666 exprobratum,
3436 5609 3488 5655 et
3528 5601 3610 5654 cui
3652 5598 3757 5652 sola

2189 5677 2305 5732 lucc
2334 5687 2417 5732 est
2444 5681 2742 5737 consolatio
2771 5697 2803 5738 e
2831 5684 2984 5741 malis
3011 5687 3124 5743 suis
3159 5688 3415 5745 adversus
3451 5705 3570 5745 eum
3593 5689 3677 5759 qui
3705 5700 3758 5741 se

2191 5768 2546 5825 centristavit.
2596 5772 2664 5827 At
2693 5772 2782 5844 qui
2812 5777 3051 5847 pauperi,
3093 5778 3279 5848 inquit,
3313 5779 3612 5845 cohabitat,
3645 5788 3753 5832 cum
