4138 6424
383 317 488 374 507

378 439 477 492 καὶ
514 438 812 496 ἐπιτείνετε
861 443 982 498 καθ’
1025 447 1266 522 ἑκάστην
1313 451 1550 524 ἡμέραν.
1587 453 1684 518 Τίς
1711 447 1804 510 οὖν
1829 453 1976 525 ὑμᾶς

379 525 808 597 παραιτήσεται,
839 527 922 594 τίς
953 531 1009 585 δέ
1031 533 1440 604 συγγνώσεται;
1469 537 1583 592 Οὐκ
1604 537 1752 592 ἐστιν
1777 536 1972 602 οὐδείς.

379 607 666 691 Τοσαύτην
692 611 750 664 δὲ
772 614 1032 684 πρόνοιαν
1055 617 1148 672 καὶ
1169 619 1198 670 6
1213 619 1347 684 Θεὸς
1374 623 1610 675 ποιεῖται
1641 621 1736 676 καὶ
1756 621 1807 674 οἰ
1829 620 1978 691 ὅιγιοι

377 689 476 744 τοῦ
510 691 586 764 μὴ
615 693 1054 768 βλασφημεῖσθαι
1086 701 1150 755 τὸ
1181 701 1355 774 ὄνομα
1401 703 1568 760 αὐτοῦ
1588 747 1606 770 ,
1648 705 1747 775 οὐχ
1775 705 1849 768 ὡς
1880 689 1978 758 τοῦ

379 775 518 830 Θεοῦ
551 777 810 848 δεομένου
859 782 958 852 τῆς
1003 783 1160 855 δόξης
1187 786 1289 856 τῆς
1318 789 1451 860 παρ’
1493 789 1650 859 ἡμῶν
1701 789 1978 860 (ἀνενδεὴς

379 861 496 934 γάρ
529 863 650 916 ἐστι
679 865 773 918 καὶ
803 865 1056 936 τέλειος),
1095 869 1210 924 ἀλλ’
1237 871 1312 934 ὡς
1349 871 1550 944 πολλῆς
1579 873 1688 926 ἀπὸ
1712 872 1809 926 τοῦ
1839 873 1978 944 πρά-

379 961 594 1015 γματος
621 951 735 1012 τοῖς
767 949 1077 1022 ἀνθρώποις
1095 954 1398 1024 γενομένης
1413 955 1513 1026 τῆς
1546 955 1772 1026 βλάϐης.
1807 957 1978 1010 Ὅταν

379 1030 492 1102 γάρ
527 1031 666 1102 πρὸς
685 1033 885 1098 αὐτοὺς
907 1034 1173 1107 διαϐληθῇ
1203 1037 1265 1090 τὸ
1298 1038 1395 1092 τοῦ
1431 1038 1567 1092 Θεοῦ
1599 1039 1772 1110 ὄνομα
1803 1041 1900 1093 καὶ
1935 1041 1971 1111 ἡ

377 1112 532 1178 δόξα,
584 1115 737 1170 οὐδὲν
771 1117 970 1182 αὐτοὺς
997 1119 1200 1190 ὠφελεῖ
1224 1121 1410 1176 λοιπόν
1431 1139 1446 1155 ο
1487 1125 1536 1178 εί
1563 1124 1622 1178 δὲ
1647 1125 1676 1176 6
1696 1124 1830 1188 Θεὸς
1859 1123 1976 1178 δια-

379 1197 714 1270 ϐαλλόμενος
741 1201 894 1255 οὐδὲν
925 1203 1147 1272 ὠφελεῖ,
1179 1205 1360 1276 πολλῷ
1388 1206 1588 1278 μᾶλλον
1620 1209 1801 1278 ἡμεῖς.

453 1281 524 1337 θ’.
556 1283 742 1342 Πάντα
759 1281 854 1340 οὖν
879 1287 1230 1364 πράττωμεν,
1253 1289 1396 1346 ὥστε
1420 1291 1694 1363 μηδεμίαν
1722 1290 1974 1361 γενέσθαι

379 1365 659 1438 πρόφασιν
686 1369 986 1424 σκανδάλου
1013 1389 1026 1404 ·
1058 1372 1196 1428 ἀλλά
1225 1375 1276 1428 εἰ
1301 1374 1397 1429 καὶ
1430 1375 1633 1440 ἀδίκως
1673 1375 1972 1444 ἐγκαλῶσι,

379 1449 682 1522 πείθωμεν,
717 1453 812 1507 καὶ
833 1454 1140 1525 διαλύωμεν
1171 1457 1242 1512 τά
1275 1457 1622 1529 ἐγκλήματα,
1660 1459 1755 1513 καὶ
1791 1459 1974 1530 μιμώ-

383 1534 526 1606 μεθα
553 1536 681 1601 τοὺς
703 1537 914 1608 ἁγίους,
929 1539 978 1593 οἳ
1002 1540 1274 1612 τοσαύτην
1303 1542 1586 1598 ἐποιοῦντο
1621 1543 1856 1615 σπουδὴν
1876 1545 1976 1615 τῆς

377 1618 476 1673 τοῦ
505 1619 643 1674 Θεοῦ
687 1620 867 1693 δόξης,
895 1622 1036 1677 ὥστε
1087 1628 1456 1696 καταφρονεῖν
1507 1626 1604 1680 καὶ
1633 1626 1736 1698 τῆς
1766 1627 1978 1680 ἑαυτῶν

378 1703 469 1758 διὰ
495 1704 593 1774 τὴν
625 1704 720 1759 τοῦ
755 1706 925 1762 Θεοῦ.-
946 1707 1040 1779 Μὴ
1072 1708 1137 1781 δὴ
1169 1709 1348 1763 πάντα
1379 1709 1638 1780 ῥίψαντες
1667 1710 1856 1776 ἀπλῶς
1875 1713 1977 1765 καὶ

379 1790 875 1861 καταπατήσαντες
902 1791 1095 1864 ἀρκεῖν
1123 1792 1464 1864 ἡγησώμεθα
1497 1795 1635 1866 πρὸς
1677 1795 1978 1864 ἀπολογίαν

378 1873 536 1943 ἡμῖν,
559 1871 657 1928 ἐὰν
707 1873 978 1945 εἴπωμεν,
1023 1875 1105 1930 ὅτι
1141 1876 1356 1948 ἱμάτιον
1385 1878 1700 1950 ἐπριάμεθα
1733 1882 1800 1950 τῇ
1833 1895 1978 1952 παρ-

379 1955 519 2025 θένῳ
549 1956 644 2010 καὶ
675 1956 1024 2028 ὑποδήματα,
1059 1961 1152 2014 καὶ
1181 1960 1250 2014 τά
1288 1961 1424 2018 ἄλλα
1465 1962 1540 2014 τὰ
1574 1962 1718 2016 κατά
1745 1962 1843 2034 τὴν
1870 1980 1976 2018 σω-

379 2037 617 2112 ματικὴν
639 2040 950 2094 ἀνάπαυσιν
971 2037 1030 2096 εὖ
1056 2042 1412 2116 διεθήκαμεν.
1437 2047 1546 2098 Kal
1571 2047 1656 2110 τίς
1687 2049 1977 2119 οἰκονομή-

379 2139 488 2186 σει,
517 2124 672 2194 φησὶ,
701 2123 771 2177 τά
796 2123 940 2178 κατὰ
959 2126 1057 2196 τὴν
1082 2127 1260 2180 οἰκίαν
1300 2131 1473 2200 ήμῖν;
1501 2129 1587 2192 τίς
1625 2129 1683 2183 δὲ
1712 2129 1974 2199 ἐπόψεται

375 2206 447 2260 τὰ
478 2206 630 2273 ὅντα,
654 2208 811 2272 τίςδέ
843 2213 1214 2280 προστήσεται
1241 2213 1397 2282 ἡμῶν
1429 2212 1536 2278 ἔξω
1565 2213 1970 2284 διατριϐόντων,

375 2289 474 2344 καὶ
523 2291 780 2359 γυναικὸς
826 2291 977 2348 ἔνδον
1004 2295 1104 2348 οὐκ
1137 2292 1342 2366 οὑσης;
1376 2297 1488 2350 Καὶ
1530 2297 1640 2367 γάρ
1665 2297 1760 2350 καὶ
1804 2297 1974 2350 ταῦτα

375 2373 628 2444 λέγουσιν
649 2376 871 2430 ἐναντία
902 2375 963 2430 τε
995 2377 1125 2433 ὅντα
1153 2381 1270 2443 τοῖς
1308 2380 1599 2451 προτέροις
1631 2380 1726 2432 καὶ
1753 2381 1974 2452 αίσχρό·

375 2477 533 2532 τερα,
567 2461 664 2513 καὶ
685 2460 899 2522 οὐδενὸς
929 2460 1117 2524 αὐτοῖς
1153 2461 1306 2532 μέλει
1330 2461 1570 2526 τούτων,
1619 2463 1740 2516 οὐδὲ
1782 2463 1974 2534 αἰσχύ-

375 2561 558 2598 νονται
589 2543 744 2618 [2M]
774 2545 1023 2614 καθάπερ
1055 2545 1105 2598 οἱ
1151 2544 1446 2616 μεθύοντες
1486 2547 1548 2600 τὸ
1573 2546 1799 2600 ἐπελθὸν
1827 2550 1976 2602 ἅπαν

377 2627 764 2698 φθεγγόμενοι.
799 2627 890 2681 Διό
921 2629 1056 2700 μηδέ
1077 2632 1242 2699 ἡμεῖς
1274 2631 1654 2700 ἀποκάμωμεν
1677 2671 1692 2695 ,
1714 2631 1820 2684 κᾶν
1857 2647 1972 2684 τοι·

376 2707 572 2784 αῦταῇ
611 2714 682 2766 τά
705 2711 977 2782 λεγόμενα
995 2752 1009 2774 ,
1035 2713 1110 2774 ὡς
1141 2712 1275 2783 μηδέ
1307 2715 1658 2784 ἀποκρίσεως
1689 2714 1974 2780 ἀξιοῦσθαι

375 2812 522 2860 τινος
542 2813 557 2827 ·
586 2796 661 2868 μὴ
701 2796 1085 2866 ἀποκάμωμεν
1108 2793 1202 2851 οὖν
1233 2799 1328 2850 καὶ
1376 2798 1821 2870 ἀποκρινόμενοι,
1879 2801 1973 2853 καὶ

379 2879 574 2951 πράως
603 2879 785 2942 αὐτοῖς
814 2879 1212 2951 διαλεγόμενοι,
1239 2882 1343 2944 ἕως
1365 2880 1432 2934 ἂν
1465 2881 1566 2951 τῆς
1598 2881 1770 2952 μέθης
1799 2883 1976 2936 ἀπαλο

377 2963 631 3034 λάξωμεν
663 2964 892 3035 ταύτης,
936 2965 996 3018 τό
1029 2982 1094 3033 γε
1123 2967 1203 3029 εἰς
1241 2967 1389 3036 ἡμᾶς
1430 2961 1586 3038 ἧκον.
1629 2967 1974 3036 Αἰσχύνομαι

377 3049 490 3120 γὰρ
525 3051 620 3102 καὶ
663 3049 906 3120 ἐρυθριῶ
955 3049 1130 3102 ταῦτα
1176 3051 1474 3122 ἐπιχειρῶν
1525 3052 1891 3123 ἀνατρέπειν,
1937 3053 1974 3106 ἃ.

378 3131 686 3200 ἀντιλέγειν
715 3133 817 3186 οὐκ
851 3132 1180 3204 ἐρυθριῶσιν
1209 3135 1443 3188 ἐκεῖνον
1489 3136 1698 3188 οίστέον
1729 3137 1786 3188 δὲ
1823 3137 1974 3206 ὅμως

378 3218 479 3286 τὴν
509 3217 773 3288 αἰσχύνην
804 3217 893 3270 διὰ
929 3219 992 3270 τὸ
1025 3217 1339 3272 λυσιτελοῦν
1365 3221 1478 3283 τοῖς
1504 3221 1606 3273 οὐκ
1644 3219 1974 3292 αἰσχυνομέ-

378 3317 510 3364 νοις.
560 3303 672 3354 Kal
721 3300 830 3371 γὰρ
863 3301 1064 3356 ἄτοπον
1116 3301 1486 3370 ἐγκαλοῦντας
1525 3304 1705 3368 αὐτοῖς
1740 3304 1839 3376 τὴν
1866 3303 1974 3357 τῶν

381 3385 890 3457 σκανδαλιζομένων
921 3385 1168 3454 ἀδελφῶν
1201 3387 1506 3458 ὑπεροψίαν
1541 3388 1740 3452 αὐτοὺς
1771 3388 1838 3442 δι’
1889 3390 1975 3441 ai-

381 3469 586 3541 σχύςνην
627 3471 726 3541 τὴν
781 3467 985 3522 τούτων
1025 3470 1304 3542 ύπερορᾷν
1340 3471 1663 3543 θεραπείαν.
1701 3472 1834 3526 Τίνα
1864 3473 1975 3544 γάρ

378 3553 599 3623 λέγουσι
631 3553 700 3608 τὰ
739 3552 920 3617 ἔνδον,
951 3554 1074 3608 εἰπέ
1107 3572 1218 3625 μοι,
1259 3547 1334 3608 ὧν
1373 3556 1454 3619 εἰς
1487 3555 1586 3626 τὴν
1637 3558 1974 3628 προστασὶαν

378 3639 482 3708 τῆς
512 3639 782 3711 παρθένου
812 3639 912 3710 τὴν
931 3639 1124 3710 χρείαν
1150 3640 1460 3708 ἀναγκαίαν
1491 3637 1632 3694 εἶναι
1660 3641 1974 3712 νομίζουσι;

380 3723 686 3778 παιδισκῶν
719 3741 802 3776 cm
849 3724 1030 3796 πλήθη
1069 3723 1362 3796 βαρϐάρων
1403 3737 1430 3766 ι
1473 3725 1592 3779 ἐστὶ
1629 3725 1725 3778 καὶ
1773 3729 1976 3797 νεωνή-

379 3826 510 3876 των,
543 3809 638 3862 καὶ
663 3808 744 3862 δ.ἰ
790 3807 1013 3872 ταύταςο
1035 3807 1397 3879 ρυθμίζεσθαι
1450 3809 1546 3862 καὶ
1587 3808 1724 3878 πρὸς
1756 3810 1978 3882 ἐριουρ-

379 3893 507 3964 γίαν
543 3894 638 3946 καὶ
677 3893 814 3965 πρὸς
855 3892 954 3964 τὴν
1008 3892 1176 3963 ἀλλην
1214 3893 1527 3959 διακονίαν;
1581 3893 1744 3946 Ἀλλά
1776 3898 1978 3965 ταμεῖα

379 3980 684 4052 χρημάτων
729 3977 940 4031 πολλῶν
983 3977 1080 4032 καὶ
1124 3978 1359 4049 ἱματίων
1389 3978 1720 4044 πολυτελῶν,
1746 3981 1846 4033 καὶ
1895 3981 1980 4034 δεῖ

383 4063 604 4132 φύλακα
626 4061 772 4114 ἔνδον
802 4061 1074 4130 καθῆσθαι
1102 4061 1416 4124 διαπαντὸς,
1461 4063 1557 4114 καὶ
1594 4065 1660 4132 τῇ
1691 4064 1800 4115 τῶν
1829 4067 1975 4117 οίκε-

381 4146 494 4201 τῶν
532 4143 844 4216 κακουργία
887 4147 1016 4207 τοὺς
1065 4143 1380 4214 ὀφθαλμοὺς
1413 4145 1841 4214 ἐπιτειχίζεσθαι
1878 4149 1978 4217 τῆς

384 4217 690 4302 παρθένους
728 4227 864 4282 ἀλλά
899 4228 1093 4282 δεῖπνα
1122 4228 1216 4280 καὶ
1260 4228 1542 4297 συμπόσια
1585 4229 1827 4300 συνεχῶς
1852 4231 1976 4283 ἐπι-

381 4313 681 4378 τελεῖσθαι,
741 4313 836 4366 καὶ
887 4312 994 4383 χρὴ
1039 4312 1140 4382 τὴν
1169 4310 1348 4364 οἰκίαν
1393 4309 1853 4375 καλλωπίζεσθαι,
1885 4313 1977 4366 καὶ

385 4398 689 4470 μαγείρους
709 4397 804 4450 καὶ
825 4395 1258 4468 τραπεζοποιοὺς
1285 4394 1386 4465 τῆς
1405 4393 1661 4464 προνοίας
1684 4395 1978 4449 ἀπολαύειν

379 4482 484 4551 τῆς
509 4479 782 4554 παρθένου
801 4497 816 4545 ;
845 4479 984 4533 ἀλλά
1001 4478 1333 4550 πολύτροποι
1365 4477 1606 4533 δαπάναι
1628 4479 1720 4532 καὶ
1734 4483 1977 4550 συνεχεῖς

381 4565 590 4624 καὶδεῖ
630 4581 757 4619 τινα
795 4563 1090 4634 ἐφεστάναι
1123 4561 1438 4625 διαπαντὸς,
1462 4562 1610 4624 ὅπως
1643 4562 1711 4615 τὰ
1753 4563 1852 4633 μὲν
1884 4581 1977 4632 φυ-

381 4649 636 4704 λάττοιτο
673 4648 812 4720 μετά
838 4648 1148 4720 ἀκριϐείας,
1177 4647 1248 4701 τά
1269 4648 1326 4700 δέ
1365 4646 1439 4718 μὴ
1474 4647 1652 4718 μάτην
1681 4647 1847 4719 ἐκρέῃ
1877 4648 1977 4718 τῆς

380 4733 591 4797 οἰκίας;
625 4733 792 4788 Οὐδὲν
819 4732 1024 4786 τούτων
1054 4733 1218 4803 φησίν
1239 4749 1252 4762 ·
1290 4731 1427 4785 ἀλλά
1459 4731 1606 4794 ὅπως
1642 4732 1780 4803 αὐτῇ
1807 4733 1870 4784 τὸ
1895 4750 1981 4785 κικ

382 4817 582 4872 ὁὼτιον
620 4819 715 4872 καὶ
760 4817 823 4870 τὸ
855 4815 1071 4889 ἱμάτιον
1096 4817 1191 4870 καὶ
1231 4816 1330 4885 τὴν
1365 4815 1534 4886 ἄλλην
1567 4815 1837 4890 ἐπιϐλέπῃ
1883 4835 1982 4872 πε-

379 4904 528 4964 νίαν,
560 4903 709 4968 ὅπως
740 4901 1053 4973 εὐτρεπίζοι
1083 4899 1182 4971 τὴν
1227 4899 1532 4972 τράπεζαν,
1557 4901 1654 4952 καὶ
1695 4901 1794 4972 τὴν
1819 4903 1982 4974 εὐνὴν

385 4985 708 5058 στρωννύοι,
743 4987 840 5039 καὶ
867 4985 980 5057 πῦρ
1025 4984 1286 5056 ἀνακαίῃ,
1318 4983 1412 5037 καὶ
1441 4983 1751 5057 περιπλύνῃ
1790 4986 1978 5052 πόδας,

381 5073 482 5127 καὶ
513 5072 613 5142 τὴν
647 5069 816 5141 ἄλλην
859 5071 1168 5124 ἀνάπαυσιν
1201 5069 1418 5140 παρέχῃ
1460 5071 1662 5124 πᾶσαν.
1692 5067 1826 5123 Εἶτα
1859 5071 1981 5125 ἀντὶ

381 5158 490 5227 τῆς
518 5157 722 5227 μικρᾶς
747 5155 839 5209 καὶ
855 5155 1070 5226 ψυχρᾶς
1094 5153 1455 5218 ἀναπαύσεως
1482 5153 1688 5225 ταύτης
1709 5156 1982 5227 τοσαύτην

381 5242 607 5311 οἴσομεν
635 5239 994 5311 κατηγορίαν,
1036 5237 1276 5292 τοσαῦτα
1309 5238 1732 5310 ὑποστησόμεθα
1763 5240 1936 5310 ὀνείδη
1963 5255 1978 5304 ;

383 5325 500 5378 Kal
531 5323 682 5394 πόσῳ
735 5324 944 5394 βέλτιον
993 5322 1222 5391 ἀδελφὸς
1269 5321 1442 5376 ταῦτα
1477 5322 1855 5395 διακονήσεται
1887 5326 1981 5378 καί

384 5406 784 5478 εὐωλῶτερονί
815 5411 880 5478 τῇ
915 5425 974 5460 τε
1005 5407 1116 5478 γὰρ
1152 5405 1314 5477 φύσει
1347 5407 1697 5479 ἰσχυρότερος
1723 5407 1981 5476 γυναικὸς

383 5493 415 5546 ὁ
443 5491 606 5563 ἀνὴρ,
640 5493 708 5562 τῇ
736 5508 794 5544 τε
821 5491 984 5561 χρεία
1009 5491 1338 5562 οἰκειότερος
1381 5493 1535 5561 ἡμῖν,
1579 5492 1674 5545 καὶ
1707 5494 1806 5564 οὐχ
1838 5493 1981 5546 οὕτω

385 5577 722 5650 δαπανηρός.
771 5576 837 5628 Ἦ
868 5575 968 5647 μὲν
993 5575 1102 5648 γάρ
1129 5575 1289 5646 γυνὴ,
1334 5576 1429 5629 άτε
1463 5574 1796 5647 ἁπαλωτέρα
1823 5573 1976 5642 οὖσα,

387 5661 488 5718 καὶ
530 5659 826 5732 στρωμνῆς
867 5657 1266 5731 μαλακωτέρας
1299 5657 1492 5722 δεῖται,
1523 5661 1619 5712 καὶ
1652 5659 1982 5732 λεπτοτέρας

387 5744 640 5816 ἐσθῆτος,
672 5744 768 5798 xal
785 5744 954 5816 κόρης
975 5742 1106 5806 ἴσως
1134 5743 1298 5796 πάλιν
1323 5743 1792 5816 διακονησομένης
1818 5746 1976 5816 αὐτῇ,

388 5830 488 5886 καὶ
505 5829 568 5883 οὐ
599 5825 1026 5900 τοσαύτην-ημῖν
1061 5827 1293 5898 παρέχει
1323 5826 1620 5891 διακονίαν,
1653 5829 1785 5900 ὅσης
1837 5832 1976 5902 αὑτὴ

461 5967 487 5996 ⁸
515 5965 665 6032 Savil.
681 5965 914 6032 σοι-χρεία
935 5965 1198 6032 βαρϐάρων.
1227 5962 1354 6017 Infra
1377 5965 1508 6018 idem
1533 5966 1652 6016 ἀλλά
1678 5966 1882 6032 ταμείων
1906 5967 1986 6018 καὶ

389 6030 649 6096 χρημάτων
666 6029 871 6079 πολλῶν.

1013 326 1294 387 CONTRA
1335 331 1467 390 EOS
1503 332 1624 402 QUI
1664 333 2300 396 SUBINTRODUCTAS
2337 340 2615 400 HABENT
2656 343 3006 402 VIRGINES.

2080 455 2256 511 δεῖται
2285 461 2420 536 παρ’
2467 459 2656 534 ήμῶνο
2689 462 2718 514 6
2741 461 2800 515 δὲ
2829 459 3058 532 ἀδελφὸς
3087 461 3183 516 καὶ
3221 460 3441 516 πάντων
3467 463 3676 520 τούτων

2080 539 2428 611 ἀπήλλακται
2445 557 2458 572 ³
2495 545 2544 595 εί
2571 543 2629 596 δέ
2647 561 2794 608 τινος
2811 545 2906 598 καὶ
2927 543 3169 616 δεηθείη,
3197 543 3306 597 τῶν
3333 544 3512 598 αὐτῶν
3542 549 3674 618 ἡμῖν

2078 624 2356 697 δεήσεται.
2392 625 2566 678 Τοῦτο
2597 626 2653 680 δέ
2681 628 2742 680 οὐ
2790 627 2987 700 μικρὸν
3017 629 3098 689 εἰς
3153 628 3405 682 εὐκολίαν
3450 631 3586 696 ἐστὶ,
3614 631 3676 684 τὸ

2083 708 2158 780 μὴ
2185 708 2478 780 διαφόρων,
2519 709 2656 762 ἀλλά
2684 709 2792 764 τῶν
2824 707 3002 764 αὐτῶν
3043 712 3102 766 ἐν
3144 712 3304 783 χρεία
3337 712 3674 766 καθεστάναι

2079 795 2206 856 τούς
2250 793 2669 857 συνοικοῦντας·
2700 796 2842 865 ὅπερ
2875 797 2966 848 ἐπὶ
2995 796 3096 866 τῆς
3137 796 3410 867 παρθένου
3435 799 3538 852 οὐκ
3571 798 3670 852 ἔνι.

2079 876 2306 949 Πρῶτον
2339 879 2438 949 μὲν
2467 877 2576 950 γὰρ
2602 879 2667 932 ἄν
2699 895 2759 931 τε
2799 877 3094 934 λούσασθαι
3131 880 3224 953 δέῃ
3255 921 3270 945 ,
3306 882 3372 936 ἄν
3396 899 3454 934 τε
3487 883 3676 957 κάμνῃ

2076 961 2138 1014 τὸ
2161 962 2321 1032 σῶμα
2345 1005 2358 1027 ,
2387 960 2514 1016 οὗτε
2558 963 2587 1015 6
2615 962 2846 1032 ἀδελφὸς
2884 965 3022 1036 αὐτῇ
3057 965 3393 1036 πρδςταῦτα
3423 966 3674 1038 διακονή-
3769 981 3776 988 ‘

2079 1063 2254 1110 σεται,
2283 1045 2388 1100 κᾶν
2411 1046 2617 1118 σφόδρα
2643 1046 2834 1120 ἐληται
2861 1048 3212 1120 ἀσχημονεῖν,
3231 1048 3354 1103 οὐτε
3379 1049 3518 1122 αὐτὴ
3545 1052 3675 1104 ἐαυ-

2075 1131 2142 1200 τῇ
2173 1129 2408 1200 ἀρκέσαι
2433 1129 2726 1200 δυνήσεται
2748 1146 2764 1160 ο
2789 1129 2856 1184 ἂν
2885 1131 2942 1184 δὲ
2969 1131 3190 1203 ἀδελφοὶ
3221 1136 3271 1188 of.
3300 1133 3674 1197 συνοικοῦντες

2077 1207 2233 1279 ὦσιν,
2264 1212 2650 1268 ἀντιδώσουσιν
2679 1215 2934 1286 ἀλλήλοις
2965 1215 3066 1288 τὴν
3107 1216 3414 1288 ὑπηρεσίαν
3444 1217 3668 1289 ταύτην.

2077 1297 2248 1352 Πάλιν
2279 1299 2409 1352 ὅταν
2439 1298 2728 1353 καθεύδειν
2751 1299 2868 1374 δέῃ,
2895 1300 3168 1373 παρθένου
3203 1302 3302 1372 μὲν
3345 1300 3494 1354 ἔνδον
3537 1302 3672 1356 καθ-

2077 1381 2308 1454 ημένης,
2325 1383 2418 1436 καὶ
2444 1383 2632 1448 κλίνας
2655 1379 2797 1436 εῖναι
2822 1383 2916 1438 δύο
2929 1384 3058 1456 χρὴ,
3078 1387 3170 1439 καί⁸
3189 1384 3488 1458 στρώματα
3507 1385 3673 1440 διπλᾶ

2077 1468 2172 1522 καὶ
2203 1467 2572 1540 ἐπιϐλήματα,
2607 1469 2657 1522 εί
2711 1468 2770 1522 δέ
2811 1464 2870 1522 εὖ
2903 1469 3144 1541 φρονῶσι
3165 1511 3180 1536 ,
3228 1471 3321 1524 καὶ
3358 1473 3666 1542 οἰκήματα·

2076 1551 2323 1622 ἀδελφῶν
2354 1552 2412 1605 δὲ
2444 1551 2635 1618 ὅντων,
2665 1552 2826 1608 πάλιν
2853 1553 2922 1608 τά
2950 1554 3052 1625 τῆς
3084 1555 3276 1626 χρείας
3301 1555 3671 1619 συστέλλεται,

2077 1637 2174 1690 ἆτε
2197 1635 2534 1708 οἰκειοτέρας
2554 1635 2743 1708 οὖα-ης.
2773 1637 2884 1691 Kal
2909 1637 3020 1708 γάρ
3055 1634 3207 1702 οἶκος
3242 1631 3346 1703 εἷς,
3375 1638 3472 1692 καὶ
3499 1653 3672 1710 προσ-

2075 1721 2373 1790 κεφάλαιον
2402 1719 2480 1784 ἒν,
2509 1721 2604 1776 καὶ
2639 1720 2794 1793 κλίνη
2831 1721 2950 1794 μία,
2981 1723 3076 1776 καὶ
3102 1721 3456 1792 ἐπιϐλήματα
3489 1722 3670 1792 ἀμφοο

2073 1808 2255 1880 τέροις
2287 1809 2512 1882 ἀρκέσει
2555 1809 2624 1864 τά
2651 1809 2794 1864 αὐτά
2814 1828 2828 1842 ·
2857 1810 2952 1864 καὶ
2991 1807 3204 1873 ἁπλῶς,
3234 1809 3290 1862 ετ
3317 1825 3402 1872 τις
3453 1805 3671 1860 ἃπασαν

2075 1894 2282 1962 ἐπεξίοι
2305 1894 2404 1966 τὴν
2427 1895 2722 1958 διακονίαν,
2753 1894 2989 1948 ἐνταῦθα
3029 1893 3128 1965 μὲν
3149 1892 3351 1962 πολλὴν
3381 1893 3481 1962 τὴν
3515 1889 3673 1943 εὐκο-

2073 1978 2200 2033 λίαν
2227 1978 2472 2050 εὑρήσει,
2510 1977 2708 2031 ἐκεῖδέ
2734 1976 2833 2049 τὴν
2861 1975 3016 2048 [242]
3043 1975 3354 2030 δυσκολίαν.
3385 1975 3497 2028 Kal
3530 1989 3674 2043 παρο

2079 2063 2200 2134 ίημι
2230 2063 2330 2132 τὴν
2379 2061 2767 2134 ἀσχημοσύνην
2812 2061 2913 2130 τῆς
2954 2061 3159 2124 οίκίαςο
3227 2056 3341 2113 οἷον
3379 2059 3487 2130 γάρ
3523 2057 3673 2109 ἐστιν

2075 2147 2370 2202 ἀνελθόντα
2413 2149 2494 2211 είς
2519 2145 2714 2218 ἀνδρὸς
2739 2145 3068 2218 μονάζοντος
3109 2145 3288 2198 οἰκίαν
3311 2145 3445 2216 ὁρᾷν
3471 2141 3674 2211 ὑποδή-

2079 2249 2224 2304 ματα
2249 2233 2537 2298 γυναικεῖα
2570 2230 2918 2302 κρεμάμενα,
2957 2229 3051 2282 καὶ
3073 2227 3418 2299 διαζώματα,
3451 2227 3548 2282 καὶ
3581 2242 3673 2279 κε-

2077 2315 2408 2387 φαλόδεσμα,
2433 2315 2528 2367 καὶ
2560 2313 2946 2378 καλαθίσκους,
2973 2313 3065 2368 καὶ
3091 2313 3398 2386 ἠλακάτην,
3429 2311 3524 2364 καὶ
3545 2326 3674 2380 κερ-

2075 2401 2218 2464 κίδα,
2250 2401 2345 2454 καὶ
2365 2397 2582 2462 κτένας,
2617 2401 2710 2452 καὶ
2741 2398 3053 2470 ίστοπὸδην,
3083 2399 3179 2452 καὶ
3209 2397 3282 2451 τά
3314 2397 3474 2458 ἄλλα,
3525 2395 3670 2465 ειπερ

2074 2483 2176 2536 οὐκ
2225 2483 2302 2535 ἕνι
2356 2481 2497 2535 κατά
2553 2481 2719 2553 μέρος
2751 2481 2932 2550 λέγειν
2967 2481 3204 2536 ἅπαντα.
3242 2481 3306 2537 Εί
3341 2480 3398 2534 δέ
3436 2478 3532 2533 καί
3579 2476 3674 2530 ἐπὶ

2073 2571 2174 2640 τῆς
2197 2566 2428 2638 εὐπόρου
2457 2565 2634 2620 ταῦτα
2669 2565 2966 2631 ἐξετάζεις,
2995 2567 3198 2622 πλείων
3229 2568 3258 2622 ὁ
3281 2565 3476 2636 γέλως.
3513 2561 3672 2634 Πρῶ-

2073 2670 2164 2706 τον
2195 2652 2294 2724 μὲν
2323 2651 2429 2725 γὰρ
2460 2653 2517 2704 ἐν
2549 2651 2720 2722 ἀγέλῃ
2753 2651 3151 2723 θεραπαινίδων
3191 2650 3466 2704 τοσούτων
3513 2647 3672 2717 μόνος

2077 2735 2368 2806 στρέφεται
2407 2735 2590 2806 μέσος,
2627 2736 2880 2808 καθάπερ
2909 2737 3002 2790 ἐπὶ
3034 2738 3133 2808 τῆς
3166 2736 3478 2808 ὀρχήστρας
3501 2733 3559 2784 ἐν
3592 2729 3673 2800 τῷ

2075 2821 2223 2893 χορῷ
2251 2820 2360 2873 τῶν
2384 2819 2661 2888 γυναικῶν
2689 2821 2718 2873 6
2743 2823 2856 2884 τοῖς
2880 2821 3122 2892 ὑπορχου
3133 2821 3314 2890 μένοις
3337 2819 3560 2888 ὑπᾴδων
3582 2832 3674 2886 χο-

2079 2907 2276 2978 ρευτής
2295 2925 2307 2934 ·
2331 2897 2391 2957 οὗ
2420 2905 2474 2957 τί
2491 2904 2688 2972 γένοιτ’
2719 2903 2786 2958 ἂν
2812 2904 3168 2974 αἰσχρότερον
3191 2905 3282 2956 καὶ
3312 2902 3672 2972 ἁτιμότερον;

2079 2992 2314 3044 Ἔπειτα
2347 2991 2741 3062 διαρῤήγνυται
2775 2991 2902 3060 ὅλην
2925 2989 3024 3060 τὴν
3049 2989 3262 3060 ἡμέραν
3293 2986 3431 3058 πρὸς
3456 2984 3674 3046 οἰκέτας

2074 3075 2402 3144 ἀγανακτῶν
2427 3076 2568 3148 ὑπὲρ
2600 3074 2711 3126 τῶν
2745 3074 2968 3142 γυναικὶ
3004 3071 3391 3142 προσηκόντων
3413 3066 3678 3140 πραγμά-

2074 3179 2203 3214 των.
2243 3162 2313 3214 Ἢ
2351 3159 2461 3230 γάρ
2513 3158 2729 3228 ἀνάγκη
2764 3158 2943 3228 σιγᾷν,
2993 3155 3090 3210 καὶ
3141 3155 3362 3209 πάντων
3417 3167 3673 3222 παραμε-

2075 3243 2270 3300 λοῦντα
2301 3246 2428 3316 παρ’
2455 3242 2674 3312 ἐκείνης
2705 3240 3086 3312 ἐπιτιμᾶσθαι.
3118 3241 3151 3311 ἢ
3180 3239 3410 3308 λέγοντα
3431 3235 3526 3290 καὶ
3549 3237 3673 3287 ἐπι-

2076 3330 2384 3402 πλήττοντα
2439 3329 2802 3399 ἀσχημονεῖνο
2856 3325 2950 3378 καί
3005 3325 3108 3396 ὅρα
3137 3324 3199 3376 τὸ
3231 3322 3550 3394 συμϐαῖνον.
3590 3318 3675 3402 7'0

2075 3401 2186 3488 γάρ
2210 3417 2318 3468 τῶν
2359 3413 2629 3486 βιωτικῶν
2665 3411 3009 3484 πραγμάτων
3047 3408 3184 3481 μηδέ
3219 3409 3386 3476 ἐγγὺς
3415 3401 3674 3488 γενέσθαι

2077 3487 2410 3562 κελευσθεὶς,
2443 3498 2543 3568 οὐχ
2565 3495 2752 3558 ἁπλῶς
2788 3491 3058 3564 βιωτικῶν
3086 3533 3100 3558 ,
3133 3489 3272 3544 ἀλλά
3297 3489 3392 3543 καὶ
3431 3487 3540 3541 τῶν
3571 3503 3672 3555 γυ-

2075 3583 2330 3636 ναικείων
2366 3579 2632 3650 ἐνδοτέρω
2677 3578 2920 3647 γίνεται⁹
2968 3577 3061 3631 καί¹
3103 3575 3216 3648 γὰρ
3249 3575 3340 3627 καὶ
3370 3571 3540 3642 σκεύη
3569 3587 3676 3638 γυ-

2075 3671 2292 3722 ναικεῖα
2325 3663 2577 3719 ἐκδοῦναι
2611 3663 2672 3716 οὐ
2707 3662 3164 3734 παραιτήσονται,
3201 3658 3315 3712 ἀλλ’
3353 3657 3676 3726 ἐπιστήσον-

2075 3767 2164 3804 ται
2188 3753 2299 3812 τοῖς
2323 3747 2731 3821 ἀργυροκόποις
2768 3743 3012 3815 συνεχῶς
3039 3741 3376 3814 ἐρωτῶντες,
3397 3742 3444 3792 εί
3468 3738 3526 3790 τὸ
3545 3739 3678 3792 κάτ-

2077 3852 2276 3908 οπτρον
2325 3831 2762 3888 κατεσκεύασται
2789 3829 2888 3901 τῆς
2908 3827 3128 3900 κυρίας,
3143 3828 3191 3880 εἰ
3213 3825 3302 3880 τὸν
3321 3823 3482 3879 κάδον
3499 3823 3608 3908 ἀπή
3619 3839 3679 3892 ρ-

2076 3904 2256 3983 τισαν,
2293 3919 2340 3971 εἰ
2368 3917 2428 3970 τὸ
2455 3914 2716 3985 ληκύθιον
2748 3913 3065 3966 ἀπέδωκαν·
3104 3909 3202 3964 καὶ
3237 3909 3348 3980 γάρ
3387 3909 3468 3971 είς
3517 3904 3678 3960 τοῦτο

2079 4003 2258 4058 πάντα
2290 3998 2394 4074 ἧκε
2423 3999 2742 4072 διαφθορᾶς,
2773 3997 2850 4060 ὡς
2878 3996 2987 4049 τῶν
3025 3994 3442 4066 βιωτικωτέρων
3475 3991 3678 4063 μᾶλλον

2079 4088 2178 4150 τὰς
2211 4086 2414 4147 πόλλάς
2453 4083 2560 4136 τῶν
2615 4081 2901 4153 παρθένων
2941 4079 3151 4142 τούτοις
3211 4077 3516 4147 κεχρῆσθαι
3565 4077 3679 4137 τοῖς

2082 4169 2352 4224 σκεύεσιν.
2401 4165 2640 4218 Ἐκεῖθεν
2676 4163 2840 4215 πάλιν
2874 4162 3010 4232 πρὸς
3038 4161 3129 4213 τὸν
3171 4162 3411 4230 μυρεψὸν
3441 4159 3680 4230 ἔδραμεν

2082 4253 2224 4324 ὑπὲρ
2255 4250 2364 4304 τῶν
2393 4248 2494 4318 τῆς
2523 4247 2720 4318 κυρίας
2757 4243 3138 4312 διαλεξόμενος
3167 4241 3478 4314 ἀρωμάτων
3503 4259 3514 4270 ·
3548 4239 3682 4292 πολ-

2081 4323 2237 4398 λάκις
2263 4333 2322 4387 δὲ
2351 4331 2492 4404 ὑπὲρ
2531 4329 2778 4393 πλείονος
2804 4327 3041 4396 σπουδῆς
3067 4329 3162 4379 καὶ
3190 4325 3412 4398 ὑϐρίσαι
3441 4323 3534 4377 τὸν
3575 4323 3681 4376 πέ-

2080 4412 2219 4490 νητα
2249 4418 2309 4470 οὐ
2347 4415 2768 4487 παραιτήσεται.
2805 4410 2913 4464 Καὶ
2931 4409 3040 4482 γάρ
3078 4410 3175 4462 καὶ
3207 4407 3400 4480 μύροις
3426 4405 3678 4490 χρῶνται

2080 4487 2418 4572 αί-παρθένοι
2457 4499 2725 4563 ποικίλοις
2751 4515 2812 4551 τε
2843 4497 2938 4551 καὶ
2961 4492 3330 4548 πολυτελέσιν.
3381 4487 3515 4544 Εἶτα
3566 4489 3678 4544 ἀπὸ

2079 4585 2174 4642 τοῦ
2218 4583 2463 4658 μυρεψοῦ
2493 4583 2632 4656 πρὸς
2658 4581 2752 4636 τὸν
2785 4581 2884 4646 τάς
2903 4573 3094 4642 ὀθόνας
3129 4576 3436 4642 πωλοῦντα,
3464 4576 3558 4630 καὶ
3582 4575 3683 4628 ἀπ’

2081 4673 2294 4727 ἐκείνου
2323 4671 2486 4726 πάλιν
2525 4669 2663 4740 πρὸς
2692 4667 2786 4721 τὸν
2811 4665 3157 4737 σκηνοποιόν.
3187 4661 3321 4716 Οὐδὲ
3344 4661 3455 4734 γὰρ
3485 4659 3556 4714 τά
3589 4677 3680 4732 μι-

2084 4757 2192 4830 κρά
2225 4755 2396 4812 ταῦτα
2437 4753 2785 4826 αἰσχύνονται
2831 4750 3142 4805 ἐπιτάττειν
3169 4790 3185 4815 ,
3223 4747 3412 4820 ἐπειδὴ
3473 4747 3686 4820 σφόδρα

2082 4841 2285 4913 ὁρῶσιν
2317 4841 2517 4903 αὐτοὺς
2559 4835 2938 4897 ὑπακούοντας
2980 4833 3077 4888 καὶ
3116 4833 3278 4904 χάριν
3308 4831 3532 4902 ἔχοντας
3561 4833 3684 4884 ἐπι-

2083 4923 2408 4988 ταττούσαις
2445 4922 2696 4985 ταύταις,
2727 4919 2759 4991 ἢ
2795 4919 3004 4988 ἐτέροις
3044 4915 3504 4988 διακονουμένοις.
3567 4913 3684 4967 Ἐν-

2082 5011 2276 5064 τεῦθεν
2300 5009 2485 5076 πάλιν,
2515 5009 2644 5062 ὅταν
2669 5003 3026 5058 ἐπισκευάσαι
3051 5017 3104 5052 τι
3137 4999 3230 5072 δέῃ
3251 5003 3350 5071 τῆς
3375 5014 3679 5069 περιφορη-

2083 5095 2181 5165 τῆς
2211 5093 2430 5164 ἐκείνης
2461 5089 2688 5162 σκηνῆς,
2731 5088 2828 5142 καὶ
2865 5086 3058 5157 μέχρις
3085 5085 3325 5154 ἑσπέρας
3357 5081 3532 5150 αὐτῆς
3563 5079 3685 5165 άσιέ

2083 5163 2166 5230 τοι
2199 5163 2530 5238 διατελοῦσι,
2552 5175 2666 5236 τοῖς
2689 5171 3078 5244 ἐργαστηρίοις
3105 5165 3539 5238 προσηλωμένοι.
3572 5163 3682 5217 Καὶ

2083 5261 2144 5314 οὐ
2176 5259 2334 5312 τοῦτό
2367 5275 2485 5322 πως
2516 5256 2852 5329 θαυμαστὸν,
2892 5255 3008 5310 ἀλλ’
3043 5256 3126 5308 ὅτι
3149 5251 3240 5306 καὶ
3273 5253 3385 5315 τοῖς
3406 5247 3684 5302 ταλαιπὼ-

2088 5363 2201 5418 ροις
2233 5343 2472 5406 οἰκέταις
2503 5342 2641 5396 είσὶν
2673 5341 2954 5412 ἐπαχθεῖς,
2988 5339 3082 5392 καὶ
3137 5335 3308 5407 πολλὴ
3353 5337 3472 5390 κατ’
3499 5333 3682 5388 αὐτῶν

2085 5429 2244 5502 ὕϐρις
2270 5429 2364 5482 καὶ
2382 5428 2762 5498 ἀγανάκτησις
2789 5426 2884 5480 καὶ
2908 5423 3148 5497 κραυγή.
3179 5420 3465 5493 Ἐννόησον
3485 5420 3542 5474 δέ
3559 5421 3682 5474 ὅσαι

2083 5515 2148 5566 ἐκ
2175 5513 2383 5567 τούτων
2428 5513 2484 5566 αἱ
2533 5510 2903 5582 κατηγορίαι’
2941 5507 3160 5576 οἰκέτης
3214 5505 3324 5578 γὰρ
3379 5504 3680 5574 ὑϐρισθεὶς,

2083 5599 2178 5654 καὶ
2203 5599 2441 5670 μάλιστα
2475 5599 2616 5669 ὑπὲρ
2651 5595 2912 5651 τοιούτων
2948 5591 3314 5670 πραγμάτων,
3356 5589 3545 5661 ἐπειδὴ
3575 5607 3682 5662 μη-

2082 5667 2414 5756 δενίτρόπῳ
2468 5682 2559 5736 τὸν
2586 5667 2864 5752 ὑϐρικότα
2900 5667 3215 5750 ἀμύνασθαι
3270 5677 3380 5750 ἔχει
3406 5719 3420 5743 ,
3467 5675 3556 5731 διὰ
3583 5676 3684 5746 τῆς

2083 5765 2331 5840 γλώττης
2363 5767 2524 5820 τοῦτο
2575 5767 2720 5819 ποιεῖ
2746 5763 2842 5816 xal
2884 5763 2985 5832 τῆς
3015 5761 3284 5836 λαθραίας
3319 5759 3680 5835 κακηγορίας.

2089 5851 2302 5916 οὐδενὸς
2345 5851 2659 5921 φειδόμενος
2711 5848 2819 5902 τῶν
2860 5847 3138 5918 ἐμπλῆσαι
3173 5847 3490 5918 δυναμένων
3533 5841 3682 5910 αὐτῷ

2093 5938 2183 5992 τὸν
2218 5935 2408 6010 θυμὸν,
2435 5935 2574 5988 ἁλλά
2609 5931 2746 6004 μετά
2779 5931 3050 6001 τοσαύτης
3083 5931 3386 6003 ὑπερϐολῆς
3402 5933 3467 5999 τῇ
3497 5928 3678 5998 ἀμύνῃ

2099 6023 2362 6094 κέχρηται
2405 6017 2596 6089 ταύτῃ.
2648 6017 2763 6088 μεθ’
2795 6019 2926 6088 ὅσης
2959 6011 3104 6080 εἰκὸς
3132 6016 3350 6086 οἰκέτην
3386 6013 3534 6078 ὄντα,
3583 6013 3675 6064 καὶ
