  <div class='ocr_page' id='page_1' title='image "/cluster/home/n/w/nwhite01/storage/ocr_20150623/47:no.1:pt.1/coo.31924054869460/473.png"; bbox 0 0 4138 6446; ppageno 0'>
   <div class='ocr_carea' id='block_1_1' title="bbox 602 339 708 396">
    <p class='ocr_par' dir='ltr' id='par_1_1' title="bbox 602 339 708 396">
     <span class='ocr_line' id='line_1_1' title="bbox 602 339 708 396; baseline 0 -1"><span class='ocrx_word' id='word_1_1' title='bbox 602 339 708 396; x_wconf 65' lang='grc'>509</span> 
     </span>
    </p>
   </div>
   <div class='ocr_carea' id='block_1_2' title="bbox 600 449 2191 529">
    <p class='ocr_par' dir='ltr' id='par_1_2' title="bbox 600 449 2191 529">
     <span class='ocr_line' id='line_1_2' title="bbox 600 449 2191 529; baseline 0.001 -21"><span class='ocrx_word' id='word_1_2' title='bbox 600 449 827 508; x_wconf 81' lang='grc' dir='ltr'>τοιαῦτα</span> <span class='ocrx_word' id='word_1_3' title='bbox 857 449 1208 524; x_wconf 86' lang='grc' dir='ltr'>ὑϐρισμένον,</span> <span class='ocrx_word' id='word_1_4' title='bbox 1244 454 1341 507; x_wconf 76' lang='grc' dir='ltr'>καὶ</span> <span class='ocrx_word' id='word_1_5' title='bbox 1373 454 1581 527; x_wconf 87' lang='grc' dir='ltr'>ταύτην</span> <span class='ocrx_word' id='word_1_6' title='bbox 1605 454 1801 527; x_wconf 79' lang='grc' dir='ltr'>έχοντα</span> <span class='ocrx_word' id='word_1_7' title='bbox 1827 458 1987 528; x_wconf 77' lang='grc' dir='ltr'>μόνον</span> <span class='ocrx_word' id='word_1_8' title='bbox 2012 474 2191 529; x_wconf 78' lang='grc' dir='ltr'>παρα-</span> 
     </span>
    </p>
   </div>
   <div class='ocr_carea' id='block_1_3' title="bbox 604 534 2191 611">
    <p class='ocr_par' dir='ltr' id='par_1_3' title="bbox 604 534 2191 611">
     <span class='ocr_line' id='line_1_3' title="bbox 604 534 2191 611; baseline 0.004 -23"><span class='ocrx_word' id='word_1_9' title='bbox 604 535 802 609; x_wconf 83' lang='grc' dir='ltr'>μυθίαν</span> <span class='ocrx_word' id='word_1_10' title='bbox 838 534 950 589; x_wconf 89' lang='grc' dir='ltr'>τῶν</span> <span class='ocrx_word' id='word_1_11' title='bbox 999 534 1216 590; x_wconf 74' lang='grc' dir='ltr'>οἰκείων</span> <span class='ocrx_word' id='word_1_12' title='bbox 1262 537 1453 591; x_wconf 82' lang='grc' dir='ltr'>κακῶν</span> <span class='ocrx_word' id='word_1_13' title='bbox 1494 539 1634 592; x_wconf 80' lang='grc' dir='ltr'>κατά</span> <span class='ocrx_word' id='word_1_14' title='bbox 1666 538 1761 593; x_wconf 87' lang='grc' dir='ltr'>τοῦ</span> <span class='ocrx_word' id='word_1_15' title='bbox 1803 541 2191 611; x_wconf 79' lang='grc' dir='ltr'>λελυπηκότος.</span> 
     </span>
    </p>
   </div>
   <div class='ocr_carea' id='block_1_4' title="bbox 613 620 2196 696">
    <p class='ocr_par' dir='ltr' id='par_1_4' title="bbox 613 620 2196 696">
     <span class='ocr_line' id='line_1_4' title="bbox 613 620 2196 696; baseline 0.003 -21"><span class='ocrx_word' id='word_1_16' title='bbox 613 620 673 675; x_wconf 92' lang='grc' dir='ltr'><strong>Ὀ</strong></span> <span class='ocrx_word' id='word_1_17' title='bbox 696 620 754 673; x_wconf 75' lang='grc' dir='ltr'>δὲ</span> <span class='ocrx_word' id='word_1_18' title='bbox 781 622 849 691; x_wconf 83' lang='grc' dir='ltr'>τῇ</span> <span class='ocrx_word' id='word_1_19' title='bbox 878 622 1111 692; x_wconf 76' lang='grc' dir='ltr'>πενιχρᾷ</span> <span class='ocrx_word' id='word_1_20' title='bbox 1151 620 1328 686; x_wconf 79' lang='grc' dir='ltr'>συζῶν</span> <span class='ocrx_word' id='word_1_21' title='bbox 1361 624 1767 695; x_wconf 84' lang='grc' dir='ltr'>ἀργυροκόποις</span> <span class='ocrx_word' id='word_1_22' title='bbox 1801 625 1898 696; x_wconf 87' lang='grc' dir='ltr'>μὲν</span> <span class='ocrx_word' id='word_1_23' title='bbox 1924 627 1986 679; x_wconf 83' lang='grc' dir='ltr'>οὐ</span> <span class='ocrx_word' id='word_1_24' title='bbox 2020 626 2196 680; x_wconf 88' lang='grc' dir='ltr'>διαλέ-</span> 
     </span>
    </p>
   </div>
   <div class='ocr_carea' id='block_1_5' title="bbox 602 701 2195 780">
    <p class='ocr_par' dir='ltr' id='par_1_5' title="bbox 602 701 2195 780">
     <span class='ocr_line' id='line_1_5' title="bbox 602 701 2195 780; baseline 0.005 -26"><span class='ocrx_word' id='word_1_25' title='bbox 602 703 753 768; x_wconf 87' lang='grc' dir='ltr'>ξεται</span> <span class='ocrx_word' id='word_1_26' title='bbox 786 701 881 771; x_wconf 80' lang='grc' dir='ltr'>(οὐ</span> <span class='ocrx_word' id='word_1_27' title='bbox 909 702 1019 773; x_wconf 85' lang='grc' dir='ltr'>γάρ</span> <span class='ocrx_word' id='word_1_28' title='bbox 1071 702 1297 775; x_wconf 88' lang='grc' dir='ltr'>ἀφίησιν</span> <span class='ocrx_word' id='word_1_29' title='bbox 1339 707 1373 776; x_wconf 84' lang='grc' dir='ltr'><strong>ή</strong></span> <span class='ocrx_word' id='word_1_30' title='bbox 1412 706 1635 777; x_wconf 86' lang='grc' dir='ltr'>πενία),</span> <span class='ocrx_word' id='word_1_31' title='bbox 1658 708 1781 762; x_wconf 79' lang='grc' dir='ltr'>οὐδὲ</span> <span class='ocrx_word' id='word_1_32' title='bbox 1806 708 2195 780; x_wconf 78' lang='grc' dir='ltr'>προσεδρεύσει</span> 
     </span>
    </p>
   </div>
   <div class='ocr_carea' id='block_1_6' title="bbox 605 784 2197 861">
    <p class='ocr_par' dir='ltr' id='par_1_6' title="bbox 605 784 2197 861">
     <span class='ocr_line' id='line_1_6' title="bbox 605 784 2197 861; baseline 0.006 -24"><span class='ocrx_word' id='word_1_33' title='bbox 605 784 968 856; x_wconf 88' lang='grc' dir='ltr'>μυροπώλοις,</span> <span class='ocrx_word' id='word_1_34' title='bbox 1003 787 1558 861; x_wconf 77' lang='grc' dir='ltr'>ύποδηματορράφοις</span> <span class='ocrx_word' id='word_1_35' title='bbox 1585 790 1642 843; x_wconf 82' lang='grc' dir='ltr'>δὲ</span> <span class='ocrx_word' id='word_1_36' title='bbox 1677 792 1774 845; x_wconf 74' lang='grc' dir='ltr'>καὶ</span> <span class='ocrx_word' id='word_1_37' title='bbox 1807 791 2070 861; x_wconf 88' lang='grc' dir='ltr'>ὑφάνταις</span> <span class='ocrx_word' id='word_1_38' title='bbox 2100 794 2197 847; x_wconf 78' lang='grc' dir='ltr'>καὶ</span> 
     </span>
    </p>
   </div>
   <div class='ocr_carea' id='block_1_7' title="bbox 606 869 2196 944">
    <p class='ocr_par' dir='ltr' id='par_1_7' title="bbox 606 869 2196 944">
     <span class='ocr_line' id='line_1_7' title="bbox 606 869 2196 944; baseline 0.005 -23"><span class='ocrx_word' id='word_1_39' title='bbox 606 869 912 933; x_wconf 87' lang='grc' dir='ltr'>ποικιλταῖς</span> <span class='ocrx_word' id='word_1_40' title='bbox 936 871 1030 923; x_wconf 77' lang='grc' dir='ltr'>καὶ</span> <span class='ocrx_word' id='word_1_41' title='bbox 1065 869 1330 940; x_wconf 79' lang='grc' dir='ltr'>βαφεῦσιν</span> <span class='ocrx_word' id='word_1_42' title='bbox 1356 872 1641 944; x_wconf 75' lang='grc' dir='ltr'>ἐνοχλήσει</span> <span class='ocrx_word' id='word_1_43' title='bbox 1670 874 1954 939; x_wconf 87' lang='grc' dir='ltr'>πολλάκις.</span> <span class='ocrx_word' id='word_1_44' title='bbox 2002 875 2114 928; x_wconf 84' lang='lat' dir='ltr'><strong><em>Kal</em></strong></span> <span class='ocrx_word' id='word_1_45' title='bbox 2140 875 2196 929; x_wconf 85' lang='grc' dir='ltr'>τί</span> 
     </span>
    </p>
   </div>
   <div class='ocr_carea' id='block_1_8' title="bbox 601 951 2196 1028">
    <p class='ocr_par' dir='ltr' id='par_1_8' title="bbox 601 951 2196 1028">
     <span class='ocr_line' id='line_1_8' title="bbox 601 951 2196 1028; baseline 0.005 -24"><span class='ocrx_word' id='word_1_46' title='bbox 601 953 681 1006; x_wconf 82' lang='grc' dir='ltr'>δεῖ</span> <span class='ocrx_word' id='word_1_47' title='bbox 701 954 883 1007; x_wconf 73' lang='grc' dir='ltr'>πᾶσαν</span> <span class='ocrx_word' id='word_1_48' title='bbox 906 953 1230 1024; x_wconf 72' lang='grc' dir='ltr'>καταλέγειν</span> <span class='ocrx_word' id='word_1_49' title='bbox 1253 955 1354 1026; x_wconf 82' lang='grc' dir='ltr'>τὴν</span> <span class='ocrx_word' id='word_1_50' title='bbox 1378 956 1789 1028; x_wconf 90' lang='grc' dir='ltr'>ἀσχημοσύνην,</span> <span class='ocrx_word' id='word_1_51' title='bbox 1811 951 1943 1021; x_wconf 75' lang='grc' dir='ltr'>οἷον,</span> <span class='ocrx_word' id='word_1_52' title='bbox 1965 959 2093 1012; x_wconf 83' lang='grc' dir='ltr'>ὅταν</span> <span class='ocrx_word' id='word_1_53' title='bbox 2116 960 2196 1023; x_wconf 89' lang='grc' dir='ltr'>εἰς</span> 
     </span>
    </p>
   </div>
   <div class='ocr_carea' id='block_1_9' title="bbox 600 1037 2194 1113">
    <p class='ocr_par' dir='ltr' id='par_1_9' title="bbox 600 1037 2194 1113">
     <span class='ocr_line' id='line_1_9' title="bbox 600 1037 2194 1113; baseline 0.003 -23"><span class='ocrx_word' id='word_1_54' title='bbox 600 1037 879 1108; x_wconf 88' lang='grc' dir='ltr'>οἰκήματα</span> <span class='ocrx_word' id='word_1_55' title='bbox 929 1038 1142 1092; x_wconf 76' lang='grc' dir='ltr'>εἰσίωσι</span> <span class='ocrx_word' id='word_1_56' title='bbox 1192 1040 1440 1111; x_wconf 84' lang='grc' dir='ltr'>στήμονα</span> <span class='ocrx_word' id='word_1_57' title='bbox 1488 1041 1585 1094; x_wconf 79' lang='grc' dir='ltr'>καὶ</span> <span class='ocrx_word' id='word_1_58' title='bbox 1622 1041 1829 1113; x_wconf 84' lang='grc' dir='ltr'>κρόκην</span> <span class='ocrx_word' id='word_1_59' title='bbox 1864 1041 2194 1106; x_wconf 75' lang='grc' dir='ltr'>πωλοῦντες,</span> 
     </span>
    </p>
   </div>
   <div class='ocr_carea' id='block_1_10' title="bbox 600 1122 2197 1197">
    <p class='ocr_par' dir='ltr' id='par_1_10' title="bbox 600 1122 2197 1197">
     <span class='ocr_line' id='line_1_10' title="bbox 600 1122 2197 1197; baseline 0.003 -22"><span class='ocrx_word' id='word_1_60' title='bbox 600 1123 730 1175; x_wconf 81' lang='grc' dir='ltr'>ὅταν</span> <span class='ocrx_word' id='word_1_61' title='bbox 762 1124 845 1187; x_wconf 85' lang='grc' dir='ltr'>είς</span> <span class='ocrx_word' id='word_1_62' title='bbox 888 1123 990 1195; x_wconf 75' lang='grc' dir='ltr'>τὴν</span> <span class='ocrx_word' id='word_1_63' title='bbox 1033 1122 1243 1195; x_wconf 88' lang='grc' dir='ltr'>ἀγοράν</span> <span class='ocrx_word' id='word_1_64' title='bbox 1298 1123 1588 1197; x_wconf 90' lang='grc' dir='ltr'>περιίωσιν</span> <span class='ocrx_word' id='word_1_65' title='bbox 1620 1124 1763 1179; x_wconf 82' lang='grc' dir='ltr'>αὐτὰ</span> <span class='ocrx_word' id='word_1_66' title='bbox 1812 1126 1985 1180; x_wconf 89' lang='grc' dir='ltr'>ταῦτα</span> <span class='ocrx_word' id='word_1_67' title='bbox 2033 1126 2197 1180; x_wconf 88' lang='grc' dir='ltr'>πάλιν</span> 
     </span>
    </p>
   </div>
   <div class='ocr_carea' id='block_1_11' title="bbox 602 1204 2195 1279">
    <p class='ocr_par' dir='ltr' id='par_1_11' title="bbox 602 1204 2195 1279">
     <span class='ocr_line' id='line_1_11' title="bbox 602 1204 2195 1279; baseline 0.003 -21"><span class='ocrx_word' id='word_1_68' title='bbox 602 1204 929 1277; x_wconf 77' lang='grc' dir='ltr'>ζητοῦντεςς</span> <span class='ocrx_word' id='word_1_69' title='bbox 986 1206 1098 1260; x_wconf 88' lang='lat' dir='ltr'>Kal</span> <span class='ocrx_word' id='word_1_70' title='bbox 1149 1205 1323 1261; x_wconf 88' lang='grc' dir='ltr'>ταῦτα</span> <span class='ocrx_word' id='word_1_71' title='bbox 1370 1208 1469 1279; x_wconf 84' lang='grc' dir='ltr'>μὲν</span> <span class='ocrx_word' id='word_1_72' title='bbox 1521 1211 1578 1264; x_wconf 87' lang='grc' dir='ltr'>ἐν</span> <span class='ocrx_word' id='word_1_73' title='bbox 1612 1212 1733 1274; x_wconf 91' lang='grc' dir='ltr'>ταῖς</span> <span class='ocrx_word' id='word_1_74' title='bbox 1786 1210 2014 1275; x_wconf 85' lang='grc' dir='ltr'>οίκίαις’</span> <span class='ocrx_word' id='word_1_75' title='bbox 2051 1210 2195 1264; x_wconf 87' lang='grc' dir='ltr'>ἐνδέ</span> 
     </span>
    </p>
   </div>
   <div class='ocr_carea' id='block_1_12' title="bbox 601 1289 2196 1366">
    <p class='ocr_par' dir='ltr' id='par_1_12' title="bbox 601 1289 2196 1366">
     <span class='ocr_line' id='line_1_12' title="bbox 601 1289 2196 1366; baseline 0.002 -22"><span class='ocrx_word' id='word_1_76' title='bbox 601 1290 723 1352; x_wconf 87' lang='grc' dir='ltr'>ταῖς</span> <span class='ocrx_word' id='word_1_77' title='bbox 752 1290 980 1362; x_wconf 79' lang='grc' dir='ltr'>ἀγοραῖς</span> <span class='ocrx_word' id='word_1_78' title='bbox 1010 1289 1333 1346; x_wconf 72' lang='grc' dir='ltr'>καὶτούτων</span> <span class='ocrx_word' id='word_1_79' title='bbox 1360 1291 1494 1347; x_wconf 83' lang='grc' dir='ltr'>πολὺ</span> <span class='ocrx_word' id='word_1_80' title='bbox 1526 1294 2040 1366; x_wconf 81' lang='grc' dir='ltr'>καταγελαστότερα</span> <span class='ocrx_word' id='word_1_81' title='bbox 2064 1294 2196 1348; x_wconf 82' lang='grc' dir='ltr'>ὐπο-</span> 
     </span>
    </p>
   </div>
   <div class='ocr_carea' id='block_1_13' title="bbox 604 1374 880 1445">
    <p class='ocr_par' dir='ltr' id='par_1_13' title="bbox 604 1374 880 1445">
     <span class='ocr_line' id='line_1_13' title="bbox 604 1374 880 1445; baseline 0.014 -19"><span class='ocrx_word' id='word_1_82' title='bbox 604 1374 880 1445; x_wconf 83' lang='grc' dir='ltr'>μένουσιν.</span> 
     </span>
    </p>
   </div>
   <div class='ocr_carea' id='block_1_14' title="bbox 678 1456 2197 1533">
    <p class='ocr_par' dir='ltr' id='par_1_14' title="bbox 678 1456 2197 1533">
     <span class='ocr_line' id='line_1_14' title="bbox 678 1456 2197 1533; baseline 0.003 -21"><span class='ocrx_word' id='word_1_83' title='bbox 678 1456 728 1513; x_wconf 84' lang='grc' dir='ltr'>ι’.</span> <span class='ocrx_word' id='word_1_84' title='bbox 774 1457 897 1511; x_wconf 72' lang='grc' dir='ltr'>Ἐπὶ</span> <span class='ocrx_word' id='word_1_85' title='bbox 918 1458 974 1511; x_wconf 83' lang='grc' dir='ltr'>δὲ</span> <span class='ocrx_word' id='word_1_86' title='bbox 997 1459 1097 1530; x_wconf 80' lang='grc' dir='ltr'>τῆς</span> <span class='ocrx_word' id='word_1_87' title='bbox 1118 1459 1414 1530; x_wconf 78' lang='grc' dir='ltr'>ἐκκλησίας</span> <span class='ocrx_word' id='word_1_88' title='bbox 1430 1461 1551 1515; x_wconf 86' lang='grc' dir='ltr'>οὐδέ</span> <span class='ocrx_word' id='word_1_89' title='bbox 1567 1463 1743 1516; x_wconf 80' lang='grc' dir='ltr'>εἰπεῖν</span> <span class='ocrx_word' id='word_1_90' title='bbox 1760 1460 1876 1515; x_wconf 76' lang='grc' dir='ltr'>ἔστι</span> <span class='ocrx_word' id='word_1_91' title='bbox 1892 1462 1991 1533; x_wconf 83' lang='grc' dir='ltr'>τὴν</span> <span class='ocrx_word' id='word_1_92' title='bbox 2007 1459 2197 1533; x_wconf 83' lang='grc' dir='ltr'>αἰσχύ-</span> 
     </span>
    </p>
   </div>
   <div class='ocr_carea' id='block_1_15' title="bbox 602 1539 2194 1616">
    <p class='ocr_par' dir='ltr' id='par_1_15' title="bbox 602 1539 2194 1616">
     <span class='ocr_line' id='line_1_15' title="bbox 602 1539 2194 1616; baseline 0.003 -20"><span class='ocrx_word' id='word_1_93' title='bbox 602 1559 701 1612; x_wconf 89' lang='grc' dir='ltr'>νην</span> <span class='ocrx_word' id='word_1_94' title='bbox 717 1539 887 1614; x_wconf 68' lang='grc'>[2451.</span> <span class='ocrx_word' id='word_1_95' title='bbox 924 1542 1135 1615; x_wconf 86' lang='grc' dir='ltr'>Ὥσπερ</span> <span class='ocrx_word' id='word_1_96' title='bbox 1154 1543 1264 1615; x_wconf 82' lang='grc' dir='ltr'>γάρ</span> <span class='ocrx_word' id='word_1_97' title='bbox 1281 1545 1399 1599; x_wconf 88' lang='grc' dir='ltr'>δέον</span> <span class='ocrx_word' id='word_1_98' title='bbox 1430 1545 1638 1616; x_wconf 80' lang='grc' dir='ltr'>μηδένα</span> <span class='ocrx_word' id='word_1_99' title='bbox 1660 1547 1827 1598; x_wconf 90' lang='grc' dir='ltr'>τόπον</span> <span class='ocrx_word' id='word_1_100' title='bbox 1853 1545 2071 1614; x_wconf 79' lang='grc' dir='ltr'>ἀγνοεῖν</span> <span class='ocrx_word' id='word_1_101' title='bbox 2094 1548 2194 1601; x_wconf 82' lang='grc' dir='ltr'>αύ-</span> 
     </span>
    </p>
   </div>
   <div class='ocr_carea' id='block_1_16' title="bbox 600 1622 2193 1700">
    <p class='ocr_par' dir='ltr' id='par_1_16' title="bbox 600 1622 2193 1700">
     <span class='ocr_line' id='line_1_16' title="bbox 600 1622 2193 1700; baseline 0.003 -23"><span class='ocrx_word' id='word_1_102' title='bbox 600 1624 711 1678; x_wconf 89' lang='grc' dir='ltr'>τῶν</span> <span class='ocrx_word' id='word_1_103' title='bbox 740 1623 841 1697; x_wconf 72' lang='grc' dir='ltr'>τὴν</span> <span class='ocrx_word' id='word_1_104' title='bbox 870 1622 1029 1697; x_wconf 79' lang='grc' dir='ltr'>ὓϐριν</span> <span class='ocrx_word' id='word_1_105' title='bbox 1062 1625 1157 1679; x_wconf 79' lang='grc' dir='ltr'>καὶ</span> <span class='ocrx_word' id='word_1_106' title='bbox 1181 1627 1280 1698; x_wconf 76' lang='grc' dir='ltr'>τὴν</span> <span class='ocrx_word' id='word_1_107' title='bbox 1301 1627 1656 1700; x_wconf 88' lang='grc' dir='ltr'>ἀνελεύθερον</span> <span class='ocrx_word' id='word_1_108' title='bbox 1688 1627 1896 1698; x_wconf 88' lang='grc' dir='ltr'>ταύτην</span> <span class='ocrx_word' id='word_1_109' title='bbox 1926 1628 2193 1696; x_wconf 78' lang='grc' dir='ltr'>δουλείαν,</span> 
     </span>
    </p>
   </div>
   <div class='ocr_carea' id='block_1_17' title="bbox 601 1708 2197 1786">
    <p class='ocr_par' dir='ltr' id='par_1_17' title="bbox 601 1708 2197 1786">
     <span class='ocr_line' id='line_1_17' title="bbox 601 1708 2197 1786; baseline 0.004 -24"><span class='ocrx_word' id='word_1_110' title='bbox 601 1708 745 1763; x_wconf 75' lang='grc' dir='ltr'>οὕτω</span> <span class='ocrx_word' id='word_1_111' title='bbox 793 1708 886 1763; x_wconf 78' lang='grc' dir='ltr'>καὶ</span> <span class='ocrx_word' id='word_1_112' title='bbox 942 1712 1001 1764; x_wconf 89' lang='grc' dir='ltr'>ἐν</span> <span class='ocrx_word' id='word_1_113' title='bbox 1060 1709 1139 1781; x_wconf 80' lang='grc' dir='ltr'>τῷ</span> <span class='ocrx_word' id='word_1_114' title='bbox 1193 1712 1338 1782; x_wconf 84' lang='grc' dir='ltr'>ἀγίῳ</span> <span class='ocrx_word' id='word_1_115' title='bbox 1411 1711 1549 1784; x_wconf 79' lang='grc' dir='ltr'>τῷδε</span> <span class='ocrx_word' id='word_1_116' title='bbox 1609 1712 1706 1768; x_wconf 79' lang='grc' dir='ltr'>καὶ</span> <span class='ocrx_word' id='word_1_117' title='bbox 1770 1714 2197 1786; x_wconf 80' lang='grc' dir='ltr'>φρικωδεστάτῳ</span> 
     </span>
    </p>
   </div>
   <div class='ocr_carea' id='block_1_18' title="bbox 602 1794 2191 1870">
    <p class='ocr_par' dir='ltr' id='par_1_18' title="bbox 602 1794 2191 1870">
     <span class='ocr_line' id='line_1_18' title="bbox 602 1794 2191 1870; baseline 0.003 -22"><span class='ocrx_word' id='word_1_118' title='bbox 602 1794 788 1868; x_wconf 85' lang='grc' dir='ltr'>χωρίῳ</span> <span class='ocrx_word' id='word_1_119' title='bbox 830 1796 1012 1850; x_wconf 85' lang='grc' dir='ltr'>πᾶσαν</span> <span class='ocrx_word' id='word_1_120' title='bbox 1047 1794 1228 1850; x_wconf 84' lang='grc' dir='ltr'>αὐτῶν</span> <span class='ocrx_word' id='word_1_121' title='bbox 1267 1796 1367 1865; x_wconf 83' lang='grc' dir='ltr'>τὴν</span> <span class='ocrx_word' id='word_1_122' title='bbox 1409 1797 1680 1869; x_wconf 78' lang='grc' dir='ltr'>ἀκρασίαν</span> <span class='ocrx_word' id='word_1_123' title='bbox 1714 1797 2151 1870; x_wconf 88' lang='grc' dir='ltr'>ἀνακηρύττουσι</span> <span class='ocrx_word' id='word_1_124' title='bbox 2177 1815 2191 1829; x_wconf 77' lang='grc'><strong><em>⁸</em></strong></span> 
     </span>
    </p>
   </div>
   <div class='ocr_carea' id='block_1_19' title="bbox 603 1874 2194 1951">
    <p class='ocr_par' dir='ltr' id='par_1_19' title="bbox 603 1874 2194 1951">
     <span class='ocr_line' id='line_1_19' title="bbox 603 1874 2194 1951; baseline 0.003 -18"><span class='ocrx_word' id='word_1_125' title='bbox 603 1882 698 1933; x_wconf 78' lang='grc' dir='ltr'>καὶ</span> <span class='ocrx_word' id='word_1_126' title='bbox 747 1877 811 1933; x_wconf 80' lang='grc' dir='ltr'>τὸ</span> <span class='ocrx_word' id='word_1_127' title='bbox 866 1878 931 1951; x_wconf 83' lang='grc' dir='ltr'>δὴ</span> <span class='ocrx_word' id='word_1_128' title='bbox 996 1874 1397 1951; x_wconf 85' lang='grc' dir='ltr'>χαλεπώτερον,</span> <span class='ocrx_word' id='word_1_129' title='bbox 1461 1883 1544 1935; x_wconf 83' lang='grc' dir='ltr'>ὅτι</span> <span class='ocrx_word' id='word_1_130' title='bbox 1607 1882 1703 1936; x_wconf 69' lang='grc' dir='ltr'>καὶ</span> <span class='ocrx_word' id='word_1_131' title='bbox 1758 1881 2194 1946; x_wconf 74' lang='grc' dir='ltr'>καλλωπίζονται</span> 
     </span>
    </p>
   </div>
   <div class='ocr_carea' id='block_1_20' title="bbox 602 1959 2195 2041">
    <p class='ocr_par' dir='ltr' id='par_1_20' title="bbox 602 1959 2195 2041">
     <span class='ocr_line' id='line_1_20' title="bbox 602 1959 2195 2041; baseline 0.002 -23"><span class='ocrx_word' id='word_1_132' title='bbox 602 1967 688 2036; x_wconf 80' lang='grc' dir='ltr'>ἐφ’</span> <span class='ocrx_word' id='word_1_133' title='bbox 715 1959 797 2029; x_wconf 77' lang='grc' dir='ltr'>οἷς</span> <span class='ocrx_word' id='word_1_134' title='bbox 826 1961 1250 2036; x_wconf 79' lang='grc' dir='ltr'>ἐπαισχύνεσθαι</span> <span class='ocrx_word' id='word_1_135' title='bbox 1282 1965 1412 2022; x_wconf 81' lang='grc' dir='ltr'>ἔδει.</span> <span class='ocrx_word' id='word_1_136' title='bbox 1463 1967 1595 2021; x_wconf 83' lang='grc' dir='ltr'>Ἀπό</span> <span class='ocrx_word' id='word_1_137' title='bbox 1625 1985 1683 2021; x_wconf 90' lang='grc' dir='ltr'>τε</span> <span class='ocrx_word' id='word_1_138' title='bbox 1715 1966 1825 2037; x_wconf 78' lang='grc' dir='ltr'>γάρ</span> <span class='ocrx_word' id='word_1_139' title='bbox 1855 1968 1965 2021; x_wconf 90' lang='grc' dir='ltr'>τῶν</span> <span class='ocrx_word' id='word_1_140' title='bbox 2014 1966 2195 2041; x_wconf 85' lang='grc' dir='ltr'>θυρῶν</span> 
     </span>
    </p>
   </div>
   <div class='ocr_carea' id='block_1_21' title="bbox 601 2046 2196 2122">
    <p class='ocr_par' dir='ltr' id='par_1_21' title="bbox 601 2046 2196 2122">
     <span class='ocr_line' id='line_1_21' title="bbox 601 2046 2196 2122; baseline 0.001 -19"><span class='ocrx_word' id='word_1_141' title='bbox 601 2049 774 2113; x_wconf 82' lang='grc' dir='ltr'>αύτάς</span> <span class='ocrx_word' id='word_1_142' title='bbox 802 2046 1003 2113; x_wconf 72' lang='grc' dir='ltr'>ἔξωθεν</span> <span class='ocrx_word' id='word_1_143' title='bbox 1030 2048 1343 2121; x_wconf 87' lang='grc' dir='ltr'>δεχόμενοι,</span> <span class='ocrx_word' id='word_1_144' title='bbox 1383 2051 1479 2104; x_wconf 72' lang='grc' dir='ltr'>καὶ</span> <span class='ocrx_word' id='word_1_145' title='bbox 1516 2051 1640 2104; x_wconf 75' lang='grc' dir='ltr'>ἀντὶ</span> <span class='ocrx_word' id='word_1_146' title='bbox 1678 2050 1787 2105; x_wconf 88' lang='grc' dir='ltr'>τῶν</span> <span class='ocrx_word' id='word_1_147' title='bbox 1817 2050 2090 2122; x_wconf 83' lang='grc' dir='ltr'>εὐνούχων</span> <span class='ocrx_word' id='word_1_148' title='bbox 2110 2067 2196 2120; x_wconf 89' lang='grc' dir='ltr'>γι-</span> 
     </span>
    </p>
   </div>
   <div class='ocr_carea' id='block_1_22' title="bbox 602 2131 2190 2207">
    <p class='ocr_par' dir='ltr' id='par_1_22' title="bbox 602 2131 2190 2207">
     <span class='ocr_line' id='line_1_22' title="bbox 602 2131 2190 2207; baseline 0.004 -23"><span class='ocrx_word' id='word_1_149' title='bbox 602 2131 821 2203; x_wconf 86' lang='grc' dir='ltr'>νόμενοι</span> <span class='ocrx_word' id='word_1_150' title='bbox 858 2132 1097 2198; x_wconf 85' lang='grc' dir='ltr'>σοϐοῦσι,</span> <span class='ocrx_word' id='word_1_151' title='bbox 1124 2133 1218 2188; x_wconf 73' lang='grc' dir='ltr'>καὶ</span> <span class='ocrx_word' id='word_1_152' title='bbox 1245 2133 1650 2205; x_wconf 84' lang='grc' dir='ltr'>προηγούμενοι</span> <span class='ocrx_word' id='word_1_153' title='bbox 1694 2134 1837 2206; x_wconf 83' lang='grc' dir='ltr'>μέγα</span> <span class='ocrx_word' id='word_1_154' title='bbox 1880 2134 2190 2207; x_wconf 82' lang='grc' dir='ltr'>φρονοῦσιν,</span> 
     </span>
    </p>
   </div>
   <div class='ocr_carea' id='block_1_23' title="bbox 603 2215 2195 2283">
    <p class='ocr_par' dir='ltr' id='par_1_23' title="bbox 603 2215 2195 2283">
     <span class='ocr_line' id='line_1_23' title="bbox 603 2215 2195 2283; baseline 0.003 -13"><span class='ocrx_word' id='word_1_155' title='bbox 603 2215 856 2281; x_wconf 81' lang='grc' dir='ltr'>ὁρώντων</span> <span class='ocrx_word' id='word_1_156' title='bbox 908 2215 1187 2279; x_wconf 82' lang='grc' dir='ltr'>ἁπάντων,</span> <span class='ocrx_word' id='word_1_157' title='bbox 1240 2216 1335 2269; x_wconf 76' lang='grc' dir='ltr'>καὶ</span> <span class='ocrx_word' id='word_1_158' title='bbox 1385 2217 1445 2270; x_wconf 77' lang='grc' dir='ltr'>οὐ</span> <span class='ocrx_word' id='word_1_159' title='bbox 1484 2218 1868 2283; x_wconf 80' lang='grc' dir='ltr'>καταδύονται,</span> <span class='ocrx_word' id='word_1_160' title='bbox 1923 2218 2062 2274; x_wconf 85' lang='grc' dir='ltr'>ἀλλά</span> <span class='ocrx_word' id='word_1_161' title='bbox 2098 2221 2195 2274; x_wconf 81' lang='lat' dir='ltr'><strong><em>xal</em></strong></span> 
     </span>
    </p>
   </div>
   <div class='ocr_carea' id='block_1_24' title="bbox 603 2298 2197 2373">
    <p class='ocr_par' dir='ltr' id='par_1_24' title="bbox 603 2298 2197 2373">
     <span class='ocr_line' id='line_1_24' title="bbox 603 2298 2197 2373; baseline 0.003 -20"><span class='ocrx_word' id='word_1_162' title='bbox 603 2299 1002 2368; x_wconf 75' lang='grc' dir='ltr'>ἐπαγάλλονται</span> <span class='ocrx_word' id='word_1_163' title='bbox 1027 2315 1041 2329; x_wconf 87' lang='grc'><strong>·</strong></span> <span class='ocrx_word' id='word_1_164' title='bbox 1079 2299 1173 2352; x_wconf 68' lang='grc' dir='ltr'>καὶ</span> <span class='ocrx_word' id='word_1_165' title='bbox 1201 2298 1260 2351; x_wconf 87' lang='grc' dir='ltr'>ὲν</span> <span class='ocrx_word' id='word_1_166' title='bbox 1292 2300 1441 2370; x_wconf 76' lang='grc' dir='ltr'>αὐτῷ</span> <span class='ocrx_word' id='word_1_167' title='bbox 1490 2300 1547 2354; x_wconf 79' lang='grc' dir='ltr'>δὲ</span> <span class='ocrx_word' id='word_1_168' title='bbox 1577 2300 1652 2372; x_wconf 82' lang='grc' dir='ltr'>τῷ</span> <span class='ocrx_word' id='word_1_169' title='bbox 1681 2300 1790 2355; x_wconf 90' lang='grc' dir='ltr'>τῶν</span> <span class='ocrx_word' id='word_1_170' title='bbox 1823 2302 2197 2373; x_wconf 81' lang='grc' dir='ltr'>φρικωδεστά-</span> 
     </span>
    </p>
   </div>
   <div class='ocr_carea' id='block_1_25' title="bbox 602 2378 2194 2458">
    <p class='ocr_par' dir='ltr' id='par_1_25' title="bbox 602 2378 2194 2458">
     <span class='ocr_line' id='line_1_25' title="bbox 602 2378 2194 2458; baseline 0.003 -22"><span class='ocrx_word' id='word_1_171' title='bbox 602 2401 710 2436; x_wconf 86' lang='grc' dir='ltr'>των</span> <span class='ocrx_word' id='word_1_172' title='bbox 744 2383 1061 2455; x_wconf 81' lang='grc' dir='ltr'>μυστηρίων</span> <span class='ocrx_word' id='word_1_173' title='bbox 1086 2380 1266 2455; x_wconf 82' lang='grc' dir='ltr'>καιρῷ</span> <span class='ocrx_word' id='word_1_174' title='bbox 1295 2382 1466 2437; x_wconf 85' lang='grc' dir='ltr'>πολλά</span> <span class='ocrx_word' id='word_1_175' title='bbox 1497 2383 1634 2455; x_wconf 81' lang='grc' dir='ltr'>πρὸς</span> <span class='ocrx_word' id='word_1_176' title='bbox 1660 2384 1759 2456; x_wconf 76' lang='grc' dir='ltr'>τὴν</span> <span class='ocrx_word' id='word_1_177' title='bbox 1806 2385 2033 2440; x_wconf 81' lang='grc' dir='ltr'>ἐκείνων</span> <span class='ocrx_word' id='word_1_178' title='bbox 2058 2378 2194 2458; x_wconf 59' lang='grc' dir='ltr'>ἀρεί-</span> 
     </span>
    </p>
   </div>
   <div class='ocr_carea' id='block_1_26' title="bbox 605 2467 2195 2544">
    <p class='ocr_par' dir='ltr' id='par_1_26' title="bbox 605 2467 2195 2544">
     <span class='ocr_line' id='line_1_26' title="bbox 605 2467 2195 2544; baseline 0.002 -22"><span class='ocrx_word' id='word_1_179' title='bbox 605 2485 791 2523; x_wconf 88' lang='grc' dir='ltr'>σκειαν</span> <span class='ocrx_word' id='word_1_180' title='bbox 812 2467 1205 2531; x_wconf 80' lang='grc' dir='ltr'>διακονοῦνται,</span> <span class='ocrx_word' id='word_1_181' title='bbox 1230 2467 1445 2532; x_wconf 81' lang='grc' dir='ltr'>πολλοῖς</span> <span class='ocrx_word' id='word_1_182' title='bbox 1456 2468 1566 2522; x_wconf 85' lang='grc' dir='ltr'>τῶν</span> <span class='ocrx_word' id='word_1_183' title='bbox 1589 2468 1841 2542; x_wconf 74' lang='grc' dir='ltr'>ὁρώντων</span> <span class='ocrx_word' id='word_1_184' title='bbox 1857 2470 2029 2532; x_wconf 84' lang='grc' dir='ltr'>λαϐάς</span> <span class='ocrx_word' id='word_1_185' title='bbox 2051 2489 2195 2544; x_wconf 79' lang='grc' dir='ltr'>παρ-</span> 
     </span>
    </p>
   </div>
   <div class='ocr_carea' id='block_1_27' title="bbox 605 2550 2195 2628">
    <p class='ocr_par' dir='ltr' id='par_1_27' title="bbox 605 2550 2195 2628">
     <span class='ocr_line' id='line_1_27' title="bbox 605 2550 2195 2628; baseline 0.001 -23"><span class='ocrx_word' id='word_1_186' title='bbox 605 2555 839 2623; x_wconf 71' lang='grc' dir='ltr'>ἔχοντες.</span> <span class='ocrx_word' id='word_1_187' title='bbox 885 2552 952 2605; x_wconf 79' lang='grc' dir='ltr'><strong>Αἱ</strong></span> <span class='ocrx_word' id='word_1_188' title='bbox 980 2551 1037 2606; x_wconf 83' lang='grc' dir='ltr'>δὲ</span> <span class='ocrx_word' id='word_1_189' title='bbox 1087 2550 1271 2606; x_wconf 86' lang='grc' dir='ltr'>ἄθλιαι</span> <span class='ocrx_word' id='word_1_190' title='bbox 1306 2553 1401 2605; x_wconf 72' lang='grc' dir='ltr'>καὶ</span> <span class='ocrx_word' id='word_1_191' title='bbox 1441 2551 1816 2626; x_wconf 85' lang='grc' dir='ltr'>ταλαίπωροι,</span> <span class='ocrx_word' id='word_1_192' title='bbox 1854 2553 1971 2608; x_wconf 85' lang='grc' dir='ltr'>δέον</span> <span class='ocrx_word' id='word_1_193' title='bbox 2000 2556 2195 2628; x_wconf 85' lang='grc' dir='ltr'>ἀπείρ-</span> 
     </span>
    </p>
   </div>
   <div class='ocr_carea' id='block_1_28' title="bbox 604 2636 2194 2711">
    <p class='ocr_par' dir='ltr' id='par_1_28' title="bbox 604 2636 2194 2711">
     <span class='ocr_line' id='line_1_28' title="bbox 604 2636 2194 2711; baseline 0.002 -20"><span class='ocrx_word' id='word_1_194' title='bbox 604 2656 723 2706; x_wconf 89' lang='grc' dir='ltr'>γειν</span> <span class='ocrx_word' id='word_1_195' title='bbox 746 2639 944 2704; x_wconf 82' lang='grc' dir='ltr'>αὐτοὺς</span> <span class='ocrx_word' id='word_1_196' title='bbox 972 2640 1073 2710; x_wconf 85' lang='grc' dir='ltr'>τῆς</span> <span class='ocrx_word' id='word_1_197' title='bbox 1096 2636 1354 2711; x_wconf 82' lang='grc' dir='ltr'>τοιαύτης</span> <span class='ocrx_word' id='word_1_198' title='bbox 1384 2638 1608 2709; x_wconf 88' lang='grc' dir='ltr'>χάριτος</span> <span class='ocrx_word' id='word_1_199' title='bbox 1628 2679 1643 2705; x_wconf 92' lang='grc'>,</span> <span class='ocrx_word' id='word_1_200' title='bbox 1686 2640 1780 2692; x_wconf 81' lang='grc' dir='ltr'>καί</span> <span class='ocrx_word' id='word_1_201' title='bbox 1805 2637 2194 2711; x_wconf 83' lang='grc' dir='ltr'>ὲναϐρύνονται</span> 
     </span>
    </p>
   </div>
   <div class='ocr_carea' id='block_1_29' title="bbox 606 2716 2190 2797">
    <p class='ocr_par' dir='ltr' id='par_1_29' title="bbox 606 2716 2190 2797">
     <span class='ocr_line' id='line_1_29' title="bbox 606 2716 2190 2797; baseline 0 -21"><span class='ocrx_word' id='word_1_202' title='bbox 606 2723 701 2776; x_wconf 68' lang='grc' dir='ltr'>καὶ</span> <span class='ocrx_word' id='word_1_203' title='bbox 760 2722 902 2794; x_wconf 89' lang='grc' dir='ltr'>μέγα</span> <span class='ocrx_word' id='word_1_204' title='bbox 953 2716 1232 2792; x_wconf 77' lang='grc' dir='ltr'>φρονοῦσι.</span> <span class='ocrx_word' id='word_1_205' title='bbox 1289 2720 1482 2775; x_wconf 88' lang='grc' dir='ltr'>Καίτοι</span> <span class='ocrx_word' id='word_1_206' title='bbox 1526 2720 1612 2786; x_wconf 88' lang='grc' dir='ltr'>τίς</span> <span class='ocrx_word' id='word_1_207' title='bbox 1662 2722 1729 2776; x_wconf 85' lang='grc' dir='ltr'>ἂν</span> <span class='ocrx_word' id='word_1_208' title='bbox 1779 2722 1812 2794; x_wconf 88' lang='grc' dir='ltr'>ἢ</span> <span class='ocrx_word' id='word_1_209' title='bbox 1862 2723 2112 2787; x_wconf 83' lang='grc' dir='ltr'>ταύταις,</span> <span class='ocrx_word' id='word_1_210' title='bbox 2157 2725 2190 2797; x_wconf 86' lang='grc' dir='ltr'><strong>ῆ</strong></span> 
     </span>
    </p>
   </div>
   <div class='ocr_carea' id='block_1_30' title="bbox 604 2803 2196 2880">
    <p class='ocr_par' dir='ltr' id='par_1_30' title="bbox 604 2803 2196 2880">
     <span class='ocr_line' id='line_1_30' title="bbox 604 2803 2196 2880; baseline 0.001 -21"><span class='ocrx_word' id='word_1_211' title='bbox 604 2807 834 2870; x_wconf 77' lang='grc' dir='ltr'>ἐκείνοις</span> <span class='ocrx_word' id='word_1_212' title='bbox 862 2806 999 2875; x_wconf 82' lang='grc' dir='ltr'>εἴγε</span> <span class='ocrx_word' id='word_1_213' title='bbox 1027 2803 1228 2877; x_wconf 77' lang='grc' dir='ltr'>ἧμελλέ</span> <span class='ocrx_word' id='word_1_214' title='bbox 1257 2822 1381 2859; x_wconf 89' lang='grc' dir='ltr'>τινα</span> <span class='ocrx_word' id='word_1_215' title='bbox 1424 2805 1564 2876; x_wconf 82' lang='grc' dir='ltr'>ἀράν</span> <span class='ocrx_word' id='word_1_216' title='bbox 1606 2806 1938 2877; x_wconf 77' lang='grc' dir='ltr'>ἐπαρᾶσθαι,</span> <span class='ocrx_word' id='word_1_217' title='bbox 1987 2807 2196 2880; x_wconf 85' lang='grc' dir='ltr'>ταύτης</span> 
     </span>
    </p>
   </div>
   <div class='ocr_carea' id='block_1_31' title="bbox 603 2885 2195 2963">
    <p class='ocr_par' dir='ltr' id='par_1_31' title="bbox 603 2885 2195 2963">
     <span class='ocr_line' id='line_1_31' title="bbox 603 2885 2195 2963; baseline 0.002 -21"><span class='ocrx_word' id='word_1_218' title='bbox 603 2891 672 2942; x_wconf 84' lang='grc' dir='ltr'>ἂν</span> <span class='ocrx_word' id='word_1_219' title='bbox 733 2885 859 2962; x_wconf 73' lang='grc' dir='ltr'>εὗρε</span> <span class='ocrx_word' id='word_1_220' title='bbox 892 2889 1304 2961; x_wconf 81' lang='grc' dir='ltr'>χαλεπωτέραν,</span> <span class='ocrx_word' id='word_1_221' title='bbox 1357 2887 1390 2959; x_wconf 85' lang='grc' dir='ltr'><strong>ῆ</strong></span> <span class='ocrx_word' id='word_1_222' title='bbox 1437 2887 1578 2941; x_wconf 84' lang='grc' dir='ltr'>ὥστε</span> <span class='ocrx_word' id='word_1_223' title='bbox 1635 2890 1862 2962; x_wconf 81' lang='grc' dir='ltr'>μυρίους</span> <span class='ocrx_word' id='word_1_224' title='bbox 1911 2890 2195 2963; x_wconf 86' lang='grc' dir='ltr'>μάρτυρας</span> 
     </span>
    </p>
   </div>
   <div class='ocr_carea' id='block_1_32' title="bbox 602 2970 2195 3043">
    <p class='ocr_par' dir='ltr' id='par_1_32' title="bbox 602 2970 2195 3043">
     <span class='ocr_line' id='line_1_32' title="bbox 602 2970 2195 3043; baseline 0.003 -19"><span class='ocrx_word' id='word_1_225' title='bbox 602 2975 748 3043; x_wconf 74' lang='grc' dir='ltr'>ἔχειν</span> <span class='ocrx_word' id='word_1_226' title='bbox 777 2973 875 3043; x_wconf 79' lang='grc' dir='ltr'>τῆς</span> <span class='ocrx_word' id='word_1_227' title='bbox 921 2970 1220 3036; x_wconf 81' lang='grc' dir='ltr'>ἀκολασίας</span> <span class='ocrx_word' id='word_1_228' title='bbox 1267 2971 1479 3037; x_wconf 78' lang='grc' dir='ltr'>αὐτῶν,</span> <span class='ocrx_word' id='word_1_229' title='bbox 1531 2973 1627 3026; x_wconf 78' lang='grc' dir='ltr'>καὶ</span> <span class='ocrx_word' id='word_1_230' title='bbox 1679 2975 1736 3027; x_wconf 82' lang='grc' dir='ltr'>ἐν</span> <span class='ocrx_word' id='word_1_231' title='bbox 1790 2978 1902 3039; x_wconf 85' lang='grc' dir='ltr'>τοῖς</span> <span class='ocrx_word' id='word_1_232' title='bbox 1939 2976 2195 3029; x_wconf 89' lang='grc' dir='ltr'>ἀπάντων</span> 
     </span>
    </p>
   </div>
   <div class='ocr_carea' id='block_1_33' title="bbox 607 3055 2195 3127">
    <p class='ocr_par' dir='ltr' id='par_1_33' title="bbox 607 3055 2195 3127">
     <span class='ocr_line' id='line_1_33' title="bbox 607 3055 2195 3127; baseline 0.005 -23"><span class='ocrx_word' id='word_1_233' title='bbox 607 3055 905 3127; x_wconf 67' lang='grc' dir='ltr'>ιφθαλμοῖς</span> <span class='ocrx_word' id='word_1_234' title='bbox 938 3057 1304 3127; x_wconf 83' lang='grc' dir='ltr'>ἀσχημονεῖν;</span> <span class='ocrx_word' id='word_1_235' title='bbox 1342 3057 1407 3109; x_wconf 89' lang='grc' dir='ltr'>Τί</span> <span class='ocrx_word' id='word_1_236' title='bbox 1437 3057 1519 3110; x_wconf 88' lang='grc' dir='ltr'>δεῖ</span> <span class='ocrx_word' id='word_1_237' title='bbox 1552 3057 1734 3126; x_wconf 89' lang='grc' dir='ltr'>λέγειν</span> <span class='ocrx_word' id='word_1_238' title='bbox 1775 3058 1876 3112; x_wconf 80' lang='grc' dir='ltr'>ὅσα</span> <span class='ocrx_word' id='word_1_239' title='bbox 1917 3061 1975 3112; x_wconf 84' lang='grc' dir='ltr'>ἐν</span> <span class='ocrx_word' id='word_1_240' title='bbox 2004 3061 2195 3125; x_wconf 83' lang='grc' dir='ltr'>αὑταῖς</span> 
     </span>
    </p>
   </div>
   <div class='ocr_carea' id='block_1_34' title="bbox 606 3140 2191 3217">
    <p class='ocr_par' dir='ltr' id='par_1_34' title="bbox 606 3140 2191 3217">
     <span class='ocr_line' id='line_1_34' title="bbox 606 3140 2191 3217; baseline 0.011 -23"><span class='ocrx_word' id='word_1_241' title='bbox 606 3144 726 3205; x_wconf 88' lang='grc' dir='ltr'>ταῖς</span> <span class='ocrx_word' id='word_1_242' title='bbox 760 3140 1077 3210; x_wconf 84' lang='grc' dir='ltr'>ἐκκλησίαις</span> <span class='ocrx_word' id='word_1_243' title='bbox 1107 3142 1473 3213; x_wconf 84' lang='grc' dir='ltr'>ἀνατρέπεται</span> <span class='ocrx_word' id='word_1_244' title='bbox 1522 3141 1608 3196; x_wconf 65' lang='grc' dir='ltr'>διά</span> <span class='ocrx_word' id='word_1_245' title='bbox 1633 3142 1732 3214; x_wconf 82' lang='grc' dir='ltr'>τὴν</span> <span class='ocrx_word' id='word_1_246' title='bbox 1766 3145 1972 3198; x_wconf 89' lang='grc' dir='ltr'>τούτων</span> <span class='ocrx_word' id='word_1_247' title='bbox 2010 3146 2191 3217; x_wconf 73' lang='grc' dir='ltr'>χάριν,</span> 
     </span>
    </p>
   </div>
   <div class='ocr_carea' id='block_1_35' title="bbox 609 3224 2193 3301">
    <p class='ocr_par' dir='ltr' id='par_1_35' title="bbox 609 3224 2193 3301">
     <span class='ocr_line' id='line_1_35' title="bbox 609 3224 2193 3301; baseline 0.003 -23"><span class='ocrx_word' id='word_1_248' title='bbox 609 3227 711 3282; x_wconf 76' lang='grc' dir='ltr'>ὅσα</span> <span class='ocrx_word' id='word_1_249' title='bbox 740 3226 847 3280; x_wconf 88' lang='grc' dir='ltr'>τῶν</span> <span class='ocrx_word' id='word_1_250' title='bbox 878 3224 971 3280; x_wconf 85' lang='grc' dir='ltr'>τοῦ</span> <span class='ocrx_word' id='word_1_251' title='bbox 1001 3225 1137 3279; x_wconf 87' lang='grc' dir='ltr'>Θεοῦ</span> <span class='ocrx_word' id='word_1_252' title='bbox 1170 3226 1513 3297; x_wconf 75' lang='grc' dir='ltr'>πραγμάτων</span> <span class='ocrx_word' id='word_1_253' title='bbox 1544 3227 1828 3298; x_wconf 82' lang='grc' dir='ltr'>ἀμελεῖται</span> <span class='ocrx_word' id='word_1_254' title='bbox 1867 3228 2023 3301; x_wconf 86' lang='grc' dir='ltr'>παρά</span> <span class='ocrx_word' id='word_1_255' title='bbox 2061 3229 2193 3283; x_wconf 88' lang='grc' dir='ltr'>πολ-</span> 
     </span>
    </p>
   </div>
   <div class='ocr_carea' id='block_1_36' title="bbox 609 3309 2191 3385">
    <p class='ocr_par' dir='ltr' id='par_1_36' title="bbox 609 3309 2191 3385">
     <span class='ocr_line' id='line_1_36' title="bbox 609 3309 2191 3385; baseline 0.004 -23"><span class='ocrx_word' id='word_1_256' title='bbox 609 3310 737 3378; x_wconf 89' lang='grc' dir='ltr'>λῶν,</span> <span class='ocrx_word' id='word_1_257' title='bbox 768 3309 907 3367; x_wconf 78' lang='grc' dir='ltr'>ὥστε</span> <span class='ocrx_word' id='word_1_258' title='bbox 935 3311 1008 3383; x_wconf 77' lang='grc' dir='ltr'>μὴ</span> <span class='ocrx_word' id='word_1_259' title='bbox 1042 3310 1449 3384; x_wconf 80' lang='grc' dir='ltr'>παροξυνθῆναι</span> <span class='ocrx_word' id='word_1_260' title='bbox 1497 3311 1738 3377; x_wconf 85' lang='grc' dir='ltr'>ταύτας;</span> <span class='ocrx_word' id='word_1_261' title='bbox 1788 3315 1901 3368; x_wconf 84' lang='lat' dir='ltr'>Kal</span> <span class='ocrx_word' id='word_1_262' title='bbox 1939 3315 1990 3368; x_wconf 89' lang='grc' dir='ltr'>τί</span> <span class='ocrx_word' id='word_1_263' title='bbox 2029 3313 2191 3385; x_wconf 88' lang='grc' dir='ltr'>λέγω,</span> 
     </span>
    </p>
   </div>
   <div class='ocr_carea' id='block_1_37' title="bbox 610 3394 2194 3470">
    <p class='ocr_par' dir='ltr' id='par_1_37' title="bbox 610 3394 2194 3470">
     <span class='ocr_line' id='line_1_37' title="bbox 610 3394 2194 3470; baseline 0.002 -22"><span class='ocrx_word' id='word_1_264' title='bbox 610 3395 684 3467; x_wconf 85' lang='grc' dir='ltr'>μὴ</span> <span class='ocrx_word' id='word_1_265' title='bbox 730 3395 1173 3469; x_wconf 76' lang='grc' dir='ltr'>παροξυνθῆναι;</span> <span class='ocrx_word' id='word_1_266' title='bbox 1227 3394 1386 3464; x_wconf 88' lang='grc' dir='ltr'>μόνον</span> <span class='ocrx_word' id='word_1_267' title='bbox 1440 3394 1493 3447; x_wconf 78' lang='grc' dir='ltr'>εἴ</span> <span class='ocrx_word' id='word_1_268' title='bbox 1533 3412 1621 3458; x_wconf 89' lang='grc' dir='ltr'>τις</span> <span class='ocrx_word' id='word_1_269' title='bbox 1658 3395 1839 3450; x_wconf 79' lang='grc' dir='ltr'>αὐτῶν</span> <span class='ocrx_word' id='word_1_270' title='bbox 1871 3396 2194 3470; x_wconf 74' lang='grc' dir='ltr'>σκυθρωπὸν</span> 
     </span>
    </p>
   </div>
   <div class='ocr_carea' id='block_1_38' title="bbox 602 3479 2194 3553">
    <p class='ocr_par' dir='ltr' id='par_1_38' title="bbox 602 3479 2194 3553">
     <span class='ocr_line' id='line_1_38' title="bbox 602 3479 2194 3553; baseline -0.006 -19"><span class='ocrx_word' id='word_1_271' title='bbox 602 3484 682 3544; x_wconf 81' lang='grc' dir='ltr'>εἰς</span> <span class='ocrx_word' id='word_1_272' title='bbox 720 3480 890 3544; x_wconf 64' lang='grc' dir='ltr'>αὐτᾶς</span> <span class='ocrx_word' id='word_1_273' title='bbox 933 3479 1021 3551; x_wconf 83' lang='grc' dir='ltr'>ἴδῃ</span> <span class='ocrx_word' id='word_1_274' title='bbox 1067 3479 1160 3532; x_wconf 65' lang='grc' dir='ltr'>καὶ¹</span> <span class='ocrx_word' id='word_1_275' title='bbox 1207 3479 1391 3549; x_wconf 75' lang='grc' dir='ltr'>ἀηδὲς,</span> <span class='ocrx_word' id='word_1_276' title='bbox 1422 3480 1599 3533; x_wconf 82' lang='grc' dir='ltr'>πάντα</span> <span class='ocrx_word' id='word_1_277' title='bbox 1651 3481 1934 3553; x_wconf 81' lang='grc' dir='ltr'>αἱροῦνται</span> <span class='ocrx_word' id='word_1_278' title='bbox 1985 3482 2194 3553; x_wconf 76' lang='grc' dir='ltr'>ὑπημέ-</span> 
     </span>
    </p>
   </div>
   <div class='ocr_carea' id='block_1_39' title="bbox 601 3562 2193 3636">
    <p class='ocr_par' dir='ltr' id='par_1_39' title="bbox 601 3562 2193 3636">
     <span class='ocr_line' id='line_1_39' title="bbox 601 3562 2193 3636; baseline 0.001 -17"><span class='ocrx_word' id='word_1_279' title='bbox 601 3585 730 3629; x_wconf 87' lang='grc' dir='ltr'>νειν,</span> <span class='ocrx_word' id='word_1_280' title='bbox 774 3565 807 3636; x_wconf 82' lang='grc' dir='ltr'>ἢ</span> <span class='ocrx_word' id='word_1_281' title='bbox 859 3563 1018 3617; x_wconf 86' lang='grc' dir='ltr'>τοῦτο</span> <span class='ocrx_word' id='word_1_282' title='bbox 1070 3562 1353 3616; x_wconf 77' lang='grc' dir='ltr'>παθοῦσαν</span> <span class='ocrx_word' id='word_1_283' title='bbox 1410 3564 1626 3634; x_wconf 82' lang='grc' dir='ltr'>ἐκείνην</span> <span class='ocrx_word' id='word_1_284' title='bbox 1673 3565 1959 3634; x_wconf 86' lang='grc' dir='ltr'>περιιδεῖν.</span> <span class='ocrx_word' id='word_1_285' title='bbox 2037 3566 2193 3621; x_wconf 80' lang='grc' dir='ltr'>’Λλλά</span> 
     </span>
    </p>
   </div>
   <div class='ocr_carea' id='block_1_40' title="bbox 606 3645 2195 3721">
    <p class='ocr_par' dir='ltr' id='par_1_40' title="bbox 606 3645 2195 3721">
     <span class='ocr_line' id='line_1_40' title="bbox 606 3645 2195 3721; baseline 0.003 -20"><span class='ocrx_word' id='word_1_286' title='bbox 606 3650 766 3721; x_wconf 87' lang='grc' dir='ltr'>μέχρι</span> <span class='ocrx_word' id='word_1_287' title='bbox 822 3647 966 3712; x_wconf 90' lang='grc' dir='ltr'>τίνος</span> <span class='ocrx_word' id='word_1_288' title='bbox 1019 3648 1116 3702; x_wconf 78' lang='grc' dir='ltr'>καὶ</span> <span class='ocrx_word' id='word_1_289' title='bbox 1168 3650 1329 3718; x_wconf 72' lang='grc' dir='ltr'>ἡμεῖς</span> <span class='ocrx_word' id='word_1_290' title='bbox 1385 3645 1807 3719; x_wconf 90' lang='grc' dir='ltr'>ἀσχημονοῦμεν</span> <span class='ocrx_word' id='word_1_291' title='bbox 1856 3650 1925 3704; x_wconf 78' lang='grc' dir='ltr'>τὰ</span> <span class='ocrx_word' id='word_1_292' title='bbox 1966 3651 2195 3705; x_wconf 83' lang='grc' dir='ltr'>ἐκείνων</span> 
     </span>
    </p>
   </div>
   <div class='ocr_carea' id='block_1_41' title="bbox 601 3730 2192 3807">
    <p class='ocr_par' dir='ltr' id='par_1_41' title="bbox 601 3730 2192 3807">
     <span class='ocr_line' id='line_1_41' title="bbox 601 3730 2192 3807; baseline 0.001 -20"><span class='ocrx_word' id='word_1_293' title='bbox 601 3732 953 3804; x_wconf 81' lang='grc' dir='ltr'>διηγούμενοι</span> <span class='ocrx_word' id='word_1_294' title='bbox 1001 3732 1223 3796; x_wconf 90' lang='grc' dir='ltr'>πάντα;</span> <span class='ocrx_word' id='word_1_295' title='bbox 1262 3732 1336 3785; x_wconf 81' lang='grc' dir='ltr'>υύ</span> <span class='ocrx_word' id='word_1_296' title='bbox 1374 3733 1482 3802; x_wconf 75' lang='grc' dir='ltr'>γάρ</span> <span class='ocrx_word' id='word_1_297' title='bbox 1508 3732 1574 3803; x_wconf 82' lang='grc' dir='ltr'>δὴ</span> <span class='ocrx_word' id='word_1_298' title='bbox 1617 3730 1776 3786; x_wconf 88' lang='grc' dir='ltr'>τοῦτο</span> <span class='ocrx_word' id='word_1_299' title='bbox 1807 3734 2192 3807; x_wconf 79' lang='grc' dir='ltr'>προειλόμεθα,</span> 
     </span>
    </p>
   </div>
   <div class='ocr_carea' id='block_1_42' title="bbox 603 3814 2195 3888">
    <p class='ocr_par' dir='ltr' id='par_1_42' title="bbox 603 3814 2195 3888">
     <span class='ocr_line' id='line_1_42' title="bbox 603 3814 2195 3888; baseline 0.002 -18"><span class='ocrx_word' id='word_1_300' title='bbox 603 3819 725 3871; x_wconf 74' lang='grc' dir='ltr'>ἐπεὶ</span> <span class='ocrx_word' id='word_1_301' title='bbox 784 3816 997 3871; x_wconf 80' lang='grc' dir='ltr'>πολλῶν</span> <span class='ocrx_word' id='word_1_302' title='bbox 1048 3817 1115 3871; x_wconf 87' lang='grc' dir='ltr'>ἂν</span> <span class='ocrx_word' id='word_1_303' title='bbox 1170 3816 1265 3868; x_wconf 75' lang='grc' dir='ltr'>καὶ</span> <span class='ocrx_word' id='word_1_304' title='bbox 1313 3814 1541 3886; x_wconf 84' lang='grc' dir='ltr'>μακρῶν</span> <span class='ocrx_word' id='word_1_305' title='bbox 1592 3817 1723 3886; x_wconf 76' lang='grc' dir='ltr'>ἡμῖν</span> <span class='ocrx_word' id='word_1_306' title='bbox 1777 3816 1966 3886; x_wconf 84' lang='grc' dir='ltr'>ἐδέησε</span> <span class='ocrx_word' id='word_1_307' title='bbox 2017 3818 2195 3888; x_wconf 90' lang='grc' dir='ltr'>λόγων</span> 
     </span>
    </p>
   </div>
   <div class='ocr_carea' id='block_1_43' title="bbox 603 3899 2197 3972">
    <p class='ocr_par' dir='ltr' id='par_1_43' title="bbox 603 3899 2197 3972">
     <span class='ocr_line' id='line_1_43' title="bbox 603 3899 2197 3972; baseline 0 -17"><span class='ocrx_word' id='word_1_308' title='bbox 603 3902 781 3955; x_wconf 85' lang='grc' dir='ltr'>πάντα</span> <span class='ocrx_word' id='word_1_309' title='bbox 815 3899 1103 3965; x_wconf 79' lang='grc' dir='ltr'>διεξιοῦσιο</span> <span class='ocrx_word' id='word_1_310' title='bbox 1140 3899 1341 3969; x_wconf 82' lang='grc' dir='ltr'>μᾶλλον</span> <span class='ocrx_word' id='word_1_311' title='bbox 1367 3899 1423 3951; x_wconf 80' lang='grc' dir='ltr'>δὲ</span> <span class='ocrx_word' id='word_1_312' title='bbox 1451 3899 1632 3952; x_wconf 86' lang='grc' dir='ltr'>πάντα</span> <span class='ocrx_word' id='word_1_313' title='bbox 1665 3899 1763 3969; x_wconf 84' lang='grc' dir='ltr'>μὲν</span> <span class='ocrx_word' id='word_1_314' title='bbox 1784 3900 1906 3953; x_wconf 81' lang='grc' dir='ltr'>οὐδὲ</span> <span class='ocrx_word' id='word_1_315' title='bbox 1937 3900 2197 3972; x_wconf 86' lang='grc' dir='ltr'>βουλομέ-</span> 
     </span>
    </p>
   </div>
   <div class='ocr_carea' id='block_1_44' title="bbox 602 3979 2193 4051">
    <p class='ocr_par' dir='ltr' id='par_1_44' title="bbox 602 3979 2193 4051">
     <span class='ocr_line' id='line_1_44' title="bbox 602 3979 2193 4051; baseline 0.001 -13"><span class='ocrx_word' id='word_1_316' title='bbox 602 4002 715 4047; x_wconf 84' lang='grc' dir='ltr'>νοις</span> <span class='ocrx_word' id='word_1_317' title='bbox 746 3984 970 4037; x_wconf 83' lang='grc' dir='ltr'>δυνατὸν</span> <span class='ocrx_word' id='word_1_318' title='bbox 1005 3984 1202 4047; x_wconf 84' lang='grc' dir='ltr'>εἰπεῖν,</span> <span class='ocrx_word' id='word_1_319' title='bbox 1248 3981 1404 4050; x_wconf 84' lang='grc' dir='ltr'>ὀλίγα</span> <span class='ocrx_word' id='word_1_320' title='bbox 1443 3979 1499 4033; x_wconf 81' lang='grc' dir='ltr'>δὲ</span> <span class='ocrx_word' id='word_1_321' title='bbox 1542 3982 1608 4035; x_wconf 85' lang='grc' dir='ltr'>ἐκ</span> <span class='ocrx_word' id='word_1_322' title='bbox 1634 3981 1843 4035; x_wconf 82' lang='grc' dir='ltr'>πολλῶν</span> <span class='ocrx_word' id='word_1_323' title='bbox 1878 3984 2193 4051; x_wconf 80' lang='grc' dir='ltr'>συνθέντας,</span> 
     </span>
    </p>
   </div>
   <div class='ocr_carea' id='block_1_45' title="bbox 605 4061 2195 4139">
    <p class='ocr_par' dir='ltr' id='par_1_45' title="bbox 605 4061 2195 4139">
     <span class='ocr_line' id='line_1_45' title="bbox 605 4061 2195 4139; baseline 0.003 -19"><span class='ocrx_word' id='word_1_324' title='bbox 605 4069 701 4121; x_wconf 83' lang='grc' dir='ltr'>καὶ</span> <span class='ocrx_word' id='word_1_325' title='bbox 749 4066 924 4131; x_wconf 75' lang='grc' dir='ltr'>οὕτως</span> <span class='ocrx_word' id='word_1_326' title='bbox 972 4065 1152 4120; x_wconf 76' lang='grc' dir='ltr'>ἰκανὸν</span> <span class='ocrx_word' id='word_1_327' title='bbox 1204 4061 1272 4138; x_wconf 81' lang='grc' dir='ltr'>ἦν</span> <span class='ocrx_word' id='word_1_328' title='bbox 1329 4064 1671 4137; x_wconf 81' lang='grc' dir='ltr'>ἐργάσασθαι</span> <span class='ocrx_word' id='word_1_329' title='bbox 1718 4066 1778 4120; x_wconf 75' lang='grc' dir='ltr'>τὸ</span> <span class='ocrx_word' id='word_1_330' title='bbox 1827 4069 2039 4139; x_wconf 81' lang='grc' dir='ltr'>μῆκος’</span> <span class='ocrx_word' id='word_1_331' title='bbox 2078 4070 2195 4124; x_wconf 84' lang='grc' dir='ltr'>ἀλλ’</span> 
     </span>
    </p>
   </div>
   <div class='ocr_carea' id='block_1_46' title="bbox 603 4149 2197 4223">
    <p class='ocr_par' dir='ltr' id='par_1_46' title="bbox 603 4149 2197 4223">
     <span class='ocr_line' id='line_1_46' title="bbox 603 4149 2197 4223; baseline 0.002 -18"><span class='ocrx_word' id='word_1_332' title='bbox 603 4153 702 4205; x_wconf 73' lang='grc' dir='ltr'>οὐκ</span> <span class='ocrx_word' id='word_1_333' title='bbox 757 4153 838 4216; x_wconf 83' lang='grc' dir='ltr'>εἰς</span> <span class='ocrx_word' id='word_1_334' title='bbox 882 4151 1040 4205; x_wconf 87' lang='grc' dir='ltr'>τοῦτο</span> <span class='ocrx_word' id='word_1_335' title='bbox 1086 4151 1334 4223; x_wconf 79' lang='grc' dir='ltr'>ἥκομεν,</span> <span class='ocrx_word' id='word_1_336' title='bbox 1392 4149 1530 4204; x_wconf 77' lang='grc' dir='ltr'>ἀλλά</span> <span class='ocrx_word' id='word_1_337' title='bbox 1576 4150 1673 4204; x_wconf 73' lang='grc' dir='ltr'>καὶ</span> <span class='ocrx_word' id='word_1_338' title='bbox 1716 4149 1923 4206; x_wconf 87' lang='grc' dir='ltr'>τούτων</span> <span class='ocrx_word' id='word_1_339' title='bbox 1971 4153 2197 4221; x_wconf 77' lang='grc' dir='ltr'>ἄκοντες</span> 
     </span>
    </p>
   </div>
   <div class='ocr_carea' id='block_1_47' title="bbox 605 4233 2237 4309">
    <p class='ocr_par' dir='ltr' id='par_1_47' title="bbox 605 4233 2237 4309">
     <span class='ocr_line' id='line_1_47' title="bbox 605 4233 2237 4309; baseline 0.004 -21"><span class='ocrx_word' id='word_1_340' title='bbox 605 4235 1130 4309; x_wconf 78' lang='grc' dir='ltr'>ἐμνημονεύσαμεν,</span> <span class='ocrx_word' id='word_1_341' title='bbox 1174 4233 1315 4288; x_wconf 76' lang='grc' dir='ltr'>ὥστε</span> <span class='ocrx_word' id='word_1_342' title='bbox 1352 4233 1548 4305; x_wconf 77' lang='grc' dir='ltr'>μικρὸν</span> <span class='ocrx_word' id='word_1_343' title='bbox 1582 4234 1880 4306; x_wconf 68' lang='grc' dir='ltr'>ἐπιστύψαι</span> <span class='ocrx_word' id='word_1_344' title='bbox 1912 4239 2039 4301; x_wconf 84' lang='grc' dir='ltr'>τοὺς</span> <span class='ocrx_word' id='word_1_345' title='bbox 2072 4239 2196 4293; x_wconf 84' lang='grc' dir='ltr'>νοῦν</span> <span class='ocrx_word' id='word_1_346' title='bbox 2232 4296 2237 4301; x_wconf 63' lang='grc'>,</span> 
     </span>
    </p>
   </div>
   <div class='ocr_carea' id='block_1_48' title="bbox 603 4317 2197 4392">
    <p class='ocr_par' dir='ltr' id='par_1_48' title="bbox 603 4317 2197 4392">
     <span class='ocr_line' id='line_1_48' title="bbox 603 4317 2197 4392; baseline 0.003 -20"><span class='ocrx_word' id='word_1_347' title='bbox 603 4320 827 4390; x_wconf 74' lang='grc' dir='ltr'>ἔχοντας</span> <span class='ocrx_word' id='word_1_348' title='bbox 870 4317 981 4373; x_wconf 88' lang='grc' dir='ltr'>τῶν</span> <span class='ocrx_word' id='word_1_349' title='bbox 1025 4318 1394 4390; x_wconf 75' lang='grc' dir='ltr'>ἀκροωμένων</span> <span class='ocrx_word' id='word_1_350' title='bbox 1425 4335 1440 4349; x_wconf 82' lang='grc'><strong>’</strong></span> <span class='ocrx_word' id='word_1_351' title='bbox 1501 4318 1687 4372; x_wconf 76' lang='grc' dir='ltr'>λοιπὸν</span> <span class='ocrx_word' id='word_1_352' title='bbox 1737 4318 1793 4372; x_wconf 79' lang='grc' dir='ltr'>δὲ</span> <span class='ocrx_word' id='word_1_353' title='bbox 1859 4321 2197 4392; x_wconf 81' lang='grc' dir='ltr'>παρακαλεῖν</span> 
     </span>
    </p>
   </div>
   <div class='ocr_carea' id='block_1_49' title="bbox 604 4403 2197 4477">
    <p class='ocr_par' dir='ltr' id='par_1_49' title="bbox 604 4403 2197 4477">
     <span class='ocr_line' id='line_1_49' title="bbox 604 4403 2197 4477; baseline 0.004 -22"><span class='ocrx_word' id='word_1_354' title='bbox 604 4405 710 4477; x_wconf 83' lang='grc' dir='ltr'>χρὴ</span> <span class='ocrx_word' id='word_1_355' title='bbox 758 4404 854 4458; x_wconf 77' lang='grc' dir='ltr'>καὶ</span> <span class='ocrx_word' id='word_1_356' title='bbox 894 4403 1178 4458; x_wconf 80' lang='grc' dir='ltr'>ἱκετεύειν.</span> <span class='ocrx_word' id='word_1_357' title='bbox 1228 4403 1429 4475; x_wconf 74' lang='grc' dir='ltr'>Δέομαί</span> <span class='ocrx_word' id='word_1_358' title='bbox 1474 4403 1539 4474; x_wconf 82' lang='grc' dir='ltr'>δὴ</span> <span class='ocrx_word' id='word_1_359' title='bbox 1590 4405 1683 4457; x_wconf 80' lang='grc' dir='ltr'>καὶ</span> <span class='ocrx_word' id='word_1_360' title='bbox 1747 4404 2047 4474; x_wconf 83' lang='grc' dir='ltr'>ἀντιϐολῶ,</span> <span class='ocrx_word' id='word_1_361' title='bbox 2101 4408 2197 4461; x_wconf 72' lang='grc' dir='ltr'>καὶ</span> 
     </span>
    </p>
   </div>
   <div class='ocr_carea' id='block_1_50' title="bbox 603 4486 2196 4562">
    <p class='ocr_par' dir='ltr' id='par_1_50' title="bbox 603 4486 2196 4562">
     <span class='ocr_line' id='line_1_50' title="bbox 603 4486 2196 4562; baseline 0.003 -21"><span class='ocrx_word' id='word_1_362' title='bbox 603 4488 714 4541; x_wconf 89' lang='grc' dir='ltr'>τῶν</span> <span class='ocrx_word' id='word_1_363' title='bbox 749 4486 994 4557; x_wconf 85' lang='grc' dir='ltr'>γονάτων</span> <span class='ocrx_word' id='word_1_364' title='bbox 1052 4486 1512 4559; x_wconf 86' lang='grc' dir='ltr'>προκυλινδοῦμαι</span> <span class='ocrx_word' id='word_1_365' title='bbox 1564 4487 1674 4541; x_wconf 88' lang='grc' dir='ltr'>τῶν</span> <span class='ocrx_word' id='word_1_366' title='bbox 1728 4488 2039 4562; x_wconf 83' lang='grc' dir='ltr'>ὑμετέρων,</span> <span class='ocrx_word' id='word_1_367' title='bbox 2101 4493 2196 4545; x_wconf 74' lang='grc' dir='ltr'>καὶ</span> 
     </span>
    </p>
   </div>
   <div class='ocr_carea' id='block_1_51' title="bbox 606 4569 2196 4645">
    <p class='ocr_par' dir='ltr' id='par_1_51' title="bbox 606 4569 2196 4645">
     <span class='ocr_line' id='line_1_51' title="bbox 606 4569 2196 4645; baseline 0.003 -21"><span class='ocrx_word' id='word_1_368' title='bbox 606 4571 786 4625; x_wconf 78' lang='grc' dir='ltr'>πᾶσαν</span> <span class='ocrx_word' id='word_1_369' title='bbox 818 4570 1097 4640; x_wconf 79' lang='grc' dir='ltr'>ἱκετηρίαν</span> <span class='ocrx_word' id='word_1_370' title='bbox 1123 4569 1336 4641; x_wconf 88' lang='grc' dir='ltr'>τίθημι,</span> <span class='ocrx_word' id='word_1_371' title='bbox 1377 4569 1658 4641; x_wconf 85' lang='grc' dir='ltr'>πείσθητε,</span> <span class='ocrx_word' id='word_1_372' title='bbox 1691 4571 1787 4624; x_wconf 74' lang='grc' dir='ltr'>καὶ</span> <span class='ocrx_word' id='word_1_373' title='bbox 1814 4572 2196 4645; x_wconf 88' lang='grc' dir='ltr'>ἀνενέγκωμεν</span> 
     </span>
    </p>
   </div>
   <div class='ocr_carea' id='block_1_52' title="bbox 605 4652 2198 4726">
    <p class='ocr_par' dir='ltr' id='par_1_52' title="bbox 605 4652 2198 4726">
     <span class='ocr_line' id='line_1_52' title="bbox 605 4652 2198 4726; baseline 0.003 -18"><span class='ocrx_word' id='word_1_374' title='bbox 605 4652 715 4708; x_wconf 80' lang='grc' dir='ltr'>ἀπὸ</span> <span class='ocrx_word' id='word_1_375' title='bbox 746 4653 951 4724; x_wconf 84' lang='grc' dir='ltr'>ταύτης</span> <span class='ocrx_word' id='word_1_376' title='bbox 996 4654 1096 4723; x_wconf 81' lang='grc' dir='ltr'>τῆς</span> <span class='ocrx_word' id='word_1_377' title='bbox 1148 4654 1340 4724; x_wconf 82' lang='grc' dir='ltr'>μέθης,</span> <span class='ocrx_word' id='word_1_378' title='bbox 1375 4655 1471 4706; x_wconf 69' lang='grc' dir='ltr'>καὶ</span> <span class='ocrx_word' id='word_1_379' title='bbox 1496 4654 1708 4707; x_wconf 80' lang='grc' dir='ltr'>ἑαυτῶν</span> <span class='ocrx_word' id='word_1_380' title='bbox 1742 4654 2050 4726; x_wconf 85' lang='grc' dir='ltr'>γενώμεθα,</span> <span class='ocrx_word' id='word_1_381' title='bbox 2103 4659 2198 4712; x_wconf 79' lang='grc' dir='ltr'>καὶ</span> 
     </span>
    </p>
   </div>
   <div class='ocr_carea' id='block_1_53' title="bbox 606 4736 2196 4811">
    <p class='ocr_par' dir='ltr' id='par_1_53' title="bbox 606 4736 2196 4811">
     <span class='ocr_line' id='line_1_53' title="bbox 606 4736 2196 4811; baseline 0.003 -20"><span class='ocrx_word' id='word_1_382' title='bbox 606 4738 707 4807; x_wconf 81' lang='grc' dir='ltr'>τὴν</span> <span class='ocrx_word' id='word_1_383' title='bbox 731 4736 896 4808; x_wconf 80' lang='grc' dir='ltr'>τιμὴν</span> <span class='ocrx_word' id='word_1_384' title='bbox 923 4736 1255 4807; x_wconf 82' lang='grc' dir='ltr'>ἐπιγνῶμεν,</span> <span class='ocrx_word' id='word_1_385' title='bbox 1303 4737 1370 4808; x_wconf 78' lang='grc' dir='ltr'>ἢν</span> <span class='ocrx_word' id='word_1_386' title='bbox 1411 4737 1645 4790; x_wconf 85' lang='grc' dir='ltr'>δέδωκεν</span> <span class='ocrx_word' id='word_1_387' title='bbox 1671 4740 1697 4789; x_wconf 78' lang='grc' dir='ltr'>ὁ</span> <span class='ocrx_word' id='word_1_388' title='bbox 1730 4738 1865 4803; x_wconf 81' lang='grc' dir='ltr'>Θεὸς</span> <span class='ocrx_word' id='word_1_389' title='bbox 1892 4741 2056 4811; x_wconf 78' lang='grc' dir='ltr'>ἡμῖν,</span> <span class='ocrx_word' id='word_1_390' title='bbox 2103 4744 2196 4796; x_wconf 83' lang='grc' dir='ltr'>καὶ</span> 
     </span>
    </p>
   </div>
   <div class='ocr_carea' id='block_1_54' title="bbox 605 4818 2197 4892">
    <p class='ocr_par' dir='ltr' id='par_1_54' title="bbox 605 4818 2197 4892">
     <span class='ocr_line' id='line_1_54' title="bbox 605 4818 2197 4892; baseline 0.003 -16"><span class='ocrx_word' id='word_1_391' title='bbox 605 4821 699 4876; x_wconf 85' lang='grc' dir='ltr'>τοῦ</span> <span class='ocrx_word' id='word_1_392' title='bbox 726 4818 938 4874; x_wconf 72' lang='grc' dir='ltr'>Παύλου</span> <span class='ocrx_word' id='word_1_393' title='bbox 963 4819 1194 4890; x_wconf 86' lang='grc' dir='ltr'>βοῶντος</span> <span class='ocrx_word' id='word_1_394' title='bbox 1224 4820 1550 4892; x_wconf 90' lang='grc' dir='ltr'>ἀκούσωμεν</span> <span class='ocrx_word' id='word_1_395' title='bbox 1566 4836 1577 4849; x_wconf 89' lang='grc'><strong>·</strong></span> <span class='ocrx_word' id='word_1_396' title='bbox 1606 4820 1704 4889; x_wconf 75' lang='grc' dir='ltr'>Μὴ</span> <span class='ocrx_word' id='word_1_397' title='bbox 1729 4823 1971 4891; x_wconf 77' lang='grc' dir='ltr'>γίνεσθε</span> <span class='ocrx_word' id='word_1_398' title='bbox 1986 4825 2197 4880; x_wconf 70' lang='grc' dir='ltr'>δοῦλοι</span> 
     </span>
    </p>
   </div>
   <div class='ocr_carea' id='block_1_55' title="bbox 604 4904 2197 4977">
    <p class='ocr_par' dir='ltr' id='par_1_55' title="bbox 604 4904 2197 4977">
     <span class='ocr_line' id='line_1_55' title="bbox 604 4904 2197 4977; baseline 0.001 -16"><span class='ocrx_word' id='word_1_399' title='bbox 604 4905 967 4975; x_wconf 72' lang='grc' dir='ltr'>ἀνθρώπων·</span> <span class='ocrx_word' id='word_1_400' title='bbox 1026 4905 1119 4958; x_wconf 75' lang='grc' dir='ltr'>καὶ</span> <span class='ocrx_word' id='word_1_401' title='bbox 1177 4904 1520 4977; x_wconf 84' lang='grc' dir='ltr'>παυσώμεθα</span> <span class='ocrx_word' id='word_1_402' title='bbox 1571 4905 1791 4974; x_wconf 74' lang='grc' dir='ltr'>γυναιῷ⁹</span> <span class='ocrx_word' id='word_1_403' title='bbox 1848 4906 2197 4973; x_wconf 84' lang='grc' dir='ltr'>δουλεύοντες</span> 
     </span>
    </p>
   </div>
   <div class='ocr_carea' id='block_1_56' title="bbox 604 4983 2198 5065">
    <p class='ocr_par' dir='ltr' id='par_1_56' title="bbox 604 4983 2198 5065">
     <span class='ocr_line' id='line_1_56' title="bbox 604 4983 2198 5065; baseline 0.002 -21"><span class='ocrx_word' id='word_1_404' title='bbox 604 4992 697 5045; x_wconf 78' lang='grc' dir='ltr'>ἐπὶ</span> <span class='ocrx_word' id='word_1_405' title='bbox 748 4989 830 5062; x_wconf 79' lang='grc' dir='ltr'>τῷ</span> <span class='ocrx_word' id='word_1_406' title='bbox 883 4983 1048 5061; x_wconf 82' lang='grc' dir='ltr'>κοινῷ</span> <span class='ocrx_word' id='word_1_407' title='bbox 1096 4989 1314 5044; x_wconf 88' lang='grc' dir='ltr'>πάντων</span> <span class='ocrx_word' id='word_1_408' title='bbox 1375 4989 1533 5060; x_wconf 75' lang='grc' dir='ltr'>ἡμῶν</span> <span class='ocrx_word' id='word_1_409' title='bbox 1566 4990 1793 5062; x_wconf 84' lang='grc' dir='ltr'>ὀλέθρῳ.</span> <span class='ocrx_word' id='word_1_410' title='bbox 1851 4993 2198 5065; x_wconf 86' lang='grc' dir='ltr'>Στρατιώτας</span> 
     </span>
    </p>
   </div>
   <div class='ocr_carea' id='block_1_57' title="bbox 603 5073 2197 5148">
    <p class='ocr_par' dir='ltr' id='par_1_57' title="bbox 603 5073 2197 5148">
     <span class='ocr_line' id='line_1_57' title="bbox 603 5073 2197 5148; baseline 0.001 -20"><span class='ocrx_word' id='word_1_411' title='bbox 603 5076 752 5145; x_wconf 76' lang='grc' dir='ltr'>ἡμᾶς</span> <span class='ocrx_word' id='word_1_412' title='bbox 797 5074 826 5128; x_wconf 83' lang='grc' dir='ltr'>ό</span> <span class='ocrx_word' id='word_1_413' title='bbox 855 5073 1090 5145; x_wconf 76' lang='grc' dir='ltr'>Χριστὸς</span> <span class='ocrx_word' id='word_1_414' title='bbox 1131 5073 1269 5127; x_wconf 87' lang='grc' dir='ltr'>εἶναι</span> <span class='ocrx_word' id='word_1_415' title='bbox 1309 5073 1564 5144; x_wconf 81' lang='grc' dir='ltr'>βούλεται</span> <span class='ocrx_word' id='word_1_416' title='bbox 1593 5076 1876 5144; x_wconf 84' lang='grc' dir='ltr'>γενναίους</span> <span class='ocrx_word' id='word_1_417' title='bbox 1906 5078 1999 5131; x_wconf 72' lang='grc' dir='ltr'>καὶ</span> <span class='ocrx_word' id='word_1_418' title='bbox 2030 5077 2197 5148; x_wconf 86' lang='grc' dir='ltr'>ἀθλη-</span> 
     </span>
    </p>
   </div>
   <div class='ocr_carea' id='block_1_58' title="bbox 602 5156 2196 5229">
    <p class='ocr_par' dir='ltr' id='par_1_58' title="bbox 602 5156 2196 5229">
     <span class='ocr_line' id='line_1_58' title="bbox 602 5156 2196 5229; baseline -0.001 -16"><span class='ocrx_word' id='word_1_419' title='bbox 602 5161 721 5223; x_wconf 85' lang='grc' dir='ltr'>τάς.</span> <span class='ocrx_word' id='word_1_420' title='bbox 766 5156 840 5212; x_wconf 83' lang='grc' dir='ltr'>Οὐ</span> <span class='ocrx_word' id='word_1_421' title='bbox 876 5157 964 5211; x_wconf 72' lang='grc' dir='ltr'>διὰ</span> <span class='ocrx_word' id='word_1_422' title='bbox 995 5156 1154 5211; x_wconf 85' lang='grc' dir='ltr'>τοῦτο</span> <span class='ocrx_word' id='word_1_423' title='bbox 1187 5159 1335 5229; x_wconf 71' lang='grc' dir='ltr'>ἡμᾶς</span> <span class='ocrx_word' id='word_1_424' title='bbox 1363 5157 1601 5212; x_wconf 83' lang='grc' dir='ltr'>ὥπλισεν</span> <span class='ocrx_word' id='word_1_425' title='bbox 1639 5159 1696 5212; x_wconf 87' lang='grc' dir='ltr'>ἐν</span> <span class='ocrx_word' id='word_1_426' title='bbox 1722 5161 1836 5223; x_wconf 83' lang='grc' dir='ltr'>τοῖς</span> <span class='ocrx_word' id='word_1_427' title='bbox 1867 5159 2052 5223; x_wconf 82' lang='grc' dir='ltr'>ὅπλοις</span> <span class='ocrx_word' id='word_1_428' title='bbox 2083 5164 2196 5225; x_wconf 87' lang='grc' dir='ltr'>τοῖς</span> 
     </span>
    </p>
   </div>
   <div class='ocr_carea' id='block_1_59' title="bbox 577 5241 2197 5314">
    <p class='ocr_par' dir='ltr' id='par_1_59' title="bbox 577 5241 2197 5314">
     <span class='ocr_line' id='line_1_59' title="bbox 577 5241 2197 5314; baseline 0.001 -18"><span class='ocrx_word' id='word_1_429' title='bbox 577 5298 583 5310; x_wconf 36' lang='grc' dir='ltr'><strong><em>τ</em></strong></span> <span class='ocrx_word' id='word_1_430' title='bbox 605 5243 1018 5314; x_wconf 78' lang='grc' dir='ltr'>πνευματικοῖς,</span> <span class='ocrx_word' id='word_1_431' title='bbox 1057 5242 1144 5297; x_wconf 81' lang='grc' dir='ltr'>ἵνα</span> <span class='ocrx_word' id='word_1_432' title='bbox 1165 5242 1343 5313; x_wconf 88' lang='grc' dir='ltr'>κορῶν</span> <span class='ocrx_word' id='word_1_433' title='bbox 1359 5241 1778 5313; x_wconf 82' lang='grc' dir='ltr'>τριοϐολιμαίων</span> <span class='ocrx_word' id='word_1_434' title='bbox 1807 5241 2197 5314; x_wconf 81' lang='grc' dir='ltr'>ἀναδεξώμεθα</span> 
     </span>
    </p>
   </div>
   <div class='ocr_carea' id='block_1_60' title="bbox 605 5325 2196 5399">
    <p class='ocr_par' dir='ltr' id='par_1_60' title="bbox 605 5325 2196 5399">
     <span class='ocr_line' id='line_1_60' title="bbox 605 5325 2196 5399; baseline 0.002 -19"><span class='ocrx_word' id='word_1_435' title='bbox 605 5325 932 5399; x_wconf 77' lang='grc' dir='ltr'>ὑπηρεσίαν,</span> <span class='ocrx_word' id='word_1_436' title='bbox 970 5326 1055 5379; x_wconf 85' lang='grc' dir='ltr'>ἵνά</span> <span class='ocrx_word' id='word_1_437' title='bbox 1104 5327 1232 5398; x_wconf 73' lang='grc' dir='ltr'>περὶ</span> <span class='ocrx_word' id='word_1_438' title='bbox 1260 5326 1382 5398; x_wconf 78' lang='grc' dir='ltr'>ἔρια</span> <span class='ocrx_word' id='word_1_439' title='bbox 1411 5326 1505 5380; x_wconf 77' lang='grc' dir='ltr'>καὶ</span> <span class='ocrx_word' id='word_1_440' title='bbox 1538 5325 1719 5390; x_wconf 80' lang='grc' dir='ltr'>ἱστοὺς</span> <span class='ocrx_word' id='word_1_441' title='bbox 1749 5327 1842 5378; x_wconf 72' lang='grc' dir='ltr'>καὶ</span> <span class='ocrx_word' id='word_1_442' title='bbox 1872 5326 1972 5392; x_wconf 89' lang='grc' dir='ltr'>τάς</span> <span class='ocrx_word' id='word_1_443' title='bbox 2016 5330 2196 5382; x_wconf 85' lang='grc' dir='ltr'>τοιαύ-</span> 
     </span>
    </p>
   </div>
   <div class='ocr_carea' id='block_1_61' title="bbox 605 5408 2197 5483">
    <p class='ocr_par' dir='ltr' id='par_1_61' title="bbox 605 5408 2197 5483">
     <span class='ocr_line' id='line_1_61' title="bbox 605 5408 2197 5483; baseline -0.009 -15"><span class='ocrx_word' id='word_1_444' title='bbox 605 5428 705 5475; x_wconf 68' lang='grc' dir='ltr'>τας</span> <span class='ocrx_word' id='word_1_445' title='bbox 735 5408 1097 5483; x_wconf 82' lang='grc' dir='ltr'>στρεφώμεθα</span> <span class='ocrx_word' id='word_1_446' title='bbox 1131 5409 1430 5474; x_wconf 86' lang='grc' dir='ltr'>διακονίας,</span> <span class='ocrx_word' id='word_1_447' title='bbox 1460 5409 1548 5463; x_wconf 82' lang='grc' dir='ltr'>ἴνα</span> <span class='ocrx_word' id='word_1_448' title='bbox 1585 5409 1879 5481; x_wconf 89' lang='grc' dir='ltr'>νηθούσαις</span> <span class='ocrx_word' id='word_1_449' title='bbox 1910 5412 2004 5483; x_wconf 64' lang='grc' dir='ltr'>καὶ</span> <span class='ocrx_word' id='word_1_450' title='bbox 2035 5413 2197 5483; x_wconf 69' lang='grc' dir='ltr'>ὑφαι-</span> 
     </span>
    </p>
   </div>
   <div class='ocr_carea' id='block_1_62' title="bbox 606 5493 2196 5566">
    <p class='ocr_par' dir='ltr' id='par_1_62' title="bbox 606 5493 2196 5566">
     <span class='ocr_line' id='line_1_62' title="bbox 606 5493 2196 5566; baseline 0.005 -22"><span class='ocrx_word' id='word_1_451' title='bbox 606 5494 825 5558; x_wconf 88' lang='grc' dir='ltr'>νούσαις</span> <span class='ocrx_word' id='word_1_452' title='bbox 856 5493 1307 5566; x_wconf 85' lang='grc' dir='ltr'>παρακαθώμεθα</span> <span class='ocrx_word' id='word_1_453' title='bbox 1330 5493 1599 5562; x_wconf 75' lang='grc' dir='ltr'>γυναιξὶν,</span> <span class='ocrx_word' id='word_1_454' title='bbox 1627 5495 1713 5547; x_wconf 76' lang='grc' dir='ltr'>ἵνα</span> <span class='ocrx_word' id='word_1_455' title='bbox 1735 5494 2068 5566; x_wconf 88' lang='grc' dir='ltr'>διατελῶμεν</span> <span class='ocrx_word' id='word_1_456' title='bbox 2093 5500 2196 5552; x_wconf 80' lang='grc' dir='ltr'>πά-</span> 
     </span>
    </p>
   </div>
   <div class='ocr_carea' id='block_1_63' title="bbox 607 5578 2194 5654">
    <p class='ocr_par' dir='ltr' id='par_1_63' title="bbox 607 5578 2194 5654">
     <span class='ocr_line' id='line_1_63' title="bbox 607 5578 2194 5654; baseline 0.004 -26"><span class='ocrx_word' id='word_1_457' title='bbox 607 5592 706 5629; x_wconf 92' lang='grc' dir='ltr'>σαν</span> <span class='ocrx_word' id='word_1_458' title='bbox 744 5578 956 5651; x_wconf 80' lang='grc' dir='ltr'>ἡμέραν</span> <span class='ocrx_word' id='word_1_459' title='bbox 991 5580 1088 5632; x_wconf 74' lang='grc' dir='ltr'>καὶ</span> <span class='ocrx_word' id='word_1_460' title='bbox 1121 5579 1228 5651; x_wconf 78' lang='grc' dir='ltr'>ἤθη</span> <span class='ocrx_word' id='word_1_461' title='bbox 1264 5581 1361 5633; x_wconf 69' lang='grc' dir='ltr'>καὶ</span> <span class='ocrx_word' id='word_1_462' title='bbox 1401 5579 1626 5651; x_wconf 81' lang='grc' dir='ltr'>ῥήματα</span> <span class='ocrx_word' id='word_1_463' title='bbox 1664 5582 1950 5648; x_wconf 87' lang='grc' dir='ltr'>γυναικεῖα</span> <span class='ocrx_word' id='word_1_464' title='bbox 1984 5583 2064 5646; x_wconf 85' lang='grc' dir='ltr'>είς</span> <span class='ocrx_word' id='word_1_465' title='bbox 2093 5583 2194 5654; x_wconf 83' lang='grc' dir='ltr'>τὴν</span> 
     </span>
    </p>
   </div>
   <div class='ocr_carea' id='block_1_64' title="bbox 603 5660 2192 5736">
    <p class='ocr_par' dir='ltr' id='par_1_64' title="bbox 603 5660 2192 5736">
     <span class='ocr_line' id='line_1_64' title="bbox 603 5660 2192 5736; baseline 0.006 -25"><span class='ocrx_word' id='word_1_466' title='bbox 603 5660 816 5715; x_wconf 77' lang='grc' dir='ltr'>ἑαυτῶν</span> <span class='ocrx_word' id='word_1_467' title='bbox 859 5664 1364 5734; x_wconf 83' lang='grc' dir='ltr'>ὲναποματτόμενοι</span> <span class='ocrx_word' id='word_1_468' title='bbox 1418 5664 1630 5736; x_wconf 69' lang='grc' dir='ltr'>ψυχήψ</span> <span class='ocrx_word' id='word_1_469' title='bbox 1687 5664 1803 5718; x_wconf 78' lang='grc' dir='ltr'>ἀλλ’</span> <span class='ocrx_word' id='word_1_470' title='bbox 1856 5665 1942 5717; x_wconf 89' lang='grc' dir='ltr'>ῖνα</span> <span class='ocrx_word' id='word_1_471' title='bbox 1981 5665 2192 5735; x_wconf 82' lang='grc' dir='ltr'>βάλλω-</span> 
     </span>
    </p>
   </div>
   <div class='ocr_carea' id='block_1_65' title="bbox 606 5744 2189 5822">
    <p class='ocr_par' dir='ltr' id='par_1_65' title="bbox 606 5744 2189 5822">
     <span class='ocr_line' id='line_1_65' title="bbox 606 5744 2189 5822; baseline 0.004 -26"><span class='ocrx_word' id='word_1_472' title='bbox 606 5761 706 5811; x_wconf 83' lang='grc' dir='ltr'>μεν</span> <span class='ocrx_word' id='word_1_473' title='bbox 735 5744 835 5806; x_wconf 64' lang='grc' dir='ltr'>τὰς</span> <span class='ocrx_word' id='word_1_474' title='bbox 867 5747 1134 5816; x_wconf 87' lang='grc' dir='ltr'>ἁοράτους</span> <span class='ocrx_word' id='word_1_475' title='bbox 1159 5747 1418 5818; x_wconf 86' lang='grc' dir='ltr'>δυνάμεις</span> <span class='ocrx_word' id='word_1_476' title='bbox 1462 5749 1561 5812; x_wconf 75' lang='grc' dir='ltr'>τὰς</span> <span class='ocrx_word' id='word_1_477' title='bbox 1612 5749 1992 5818; x_wconf 83' lang='grc' dir='ltr'>ἀντικειμένας</span> <span class='ocrx_word' id='word_1_478' title='bbox 2036 5753 2189 5822; x_wconf 78' lang='grc' dir='ltr'>ἡμῖν,</span> 
     </span>
    </p>
   </div>
   <div class='ocr_carea' id='block_1_66' title="bbox 603 5826 2186 5903">
    <p class='ocr_par' dir='ltr' id='par_1_66' title="bbox 603 5826 2186 5903">
     <span class='ocr_line' id='line_1_66' title="bbox 603 5826 2186 5903; baseline 0.007 -25"><span class='ocrx_word' id='word_1_479' title='bbox 603 5826 691 5879; x_wconf 68' lang='grc' dir='ltr'>ἵνα</span> <span class='ocrx_word' id='word_1_480' title='bbox 734 5827 1058 5897; x_wconf 75' lang='grc' dir='ltr'>πλήττωμεν</span> <span class='ocrx_word' id='word_1_481' title='bbox 1099 5829 1189 5882; x_wconf 75' lang='grc' dir='ltr'>τὸν</span> <span class='ocrx_word' id='word_1_482' title='bbox 1233 5831 1646 5903; x_wconf 84' lang='grc' dir='ltr'>στρατηγοῦντα</span> <span class='ocrx_word' id='word_1_483' title='bbox 1688 5832 1878 5897; x_wconf 77' lang='grc' dir='ltr'>αὑταῖς</span> <span class='ocrx_word' id='word_1_484' title='bbox 1921 5834 2186 5902; x_wconf 78' lang='grc' dir='ltr'>διάϐολον,</span> 
     </span>
    </p>
   </div>
   <div class='ocr_carea' id='block_1_67' title="bbox 607 5907 2184 5989">
    <p class='ocr_par' dir='ltr' id='par_1_67' title="bbox 607 5907 2184 5989">
     <span class='ocr_line' id='line_1_67' title="bbox 607 5907 2184 5989; baseline 0.011 -31"><span class='ocrx_word' id='word_1_485' title='bbox 607 5907 693 5961; x_wconf 77' lang='grc' dir='ltr'>ἶνα</span> <span class='ocrx_word' id='word_1_486' title='bbox 719 5908 1033 5978; x_wconf 80' lang='grc' dir='ltr'>ἐλαύνωμεν</span> <span class='ocrx_word' id='word_1_487' title='bbox 1071 5911 1170 5974; x_wconf 78' lang='grc' dir='ltr'>τάς</span> <span class='ocrx_word' id='word_1_488' title='bbox 1200 5912 1398 5981; x_wconf 83' lang='grc' dir='ltr'>ἀγρίας</span> <span class='ocrx_word' id='word_1_489' title='bbox 1423 5914 1530 5966; x_wconf 86' lang='grc' dir='ltr'>τῶν</span> <span class='ocrx_word' id='word_1_490' title='bbox 1566 5914 1835 5985; x_wconf 82' lang='grc' dir='ltr'>δαιμόνων</span> <span class='ocrx_word' id='word_1_491' title='bbox 1876 5918 2184 5989; x_wconf 76' lang='grc' dir='ltr'>φάλαγγας,</span> 
     </span>
    </p>
   </div>
   <div class='ocr_carea' id='block_1_68' title="bbox 609 5989 2187 6070">
    <p class='ocr_par' dir='ltr' id='par_1_68' title="bbox 609 5989 2187 6070">
     <span class='ocr_line' id='line_1_68' title="bbox 609 5989 2187 6070; baseline 0.011 -29"><span class='ocrx_word' id='word_1_492' title='bbox 609 5989 695 6041; x_wconf 78' lang='grc' dir='ltr'>ινα</span> <span class='ocrx_word' id='word_1_493' title='bbox 736 5992 1209 6063; x_wconf 84' lang='grc' dir='ltr'>κατασκάπτωμεν</span> <span class='ocrx_word' id='word_1_494' title='bbox 1240 5994 1417 6049; x_wconf 76' lang='grc' dir='ltr'>αὐτῶν</span> <span class='ocrx_word' id='word_1_495' title='bbox 1474 5997 1537 6050; x_wconf 83' lang='grc' dir='ltr'>τὰ</span> <span class='ocrx_word' id='word_1_496' title='bbox 1580 5997 1929 6069; x_wconf 76' lang='grc' dir='ltr'>ὀχυρώματα,</span> <span class='ocrx_word' id='word_1_497' title='bbox 1970 6001 2054 6056; x_wconf 78' lang='grc' dir='ltr'>ἵνα</span> <span class='ocrx_word' id='word_1_498' title='bbox 2088 6004 2187 6070; x_wconf 74' lang='grc' dir='ltr'>τὰς</span> 
     </span>
    </p>
   </div>
   <div class='ocr_carea' id='block_1_69' title="bbox 1279 335 3831 411">
    <p class='ocr_par' dir='ltr' id='par_1_69' title="bbox 1279 335 3831 411">
     <span class='ocr_line' id='line_1_69' title="bbox 1279 335 3831 411; baseline 0.006 -17"><span class='ocrx_word' id='word_1_499' title='bbox 1279 335 1341 395; x_wconf 87' lang='lat' dir='ltr'>s.</span> <span class='ocrx_word' id='word_1_500' title='bbox 1374 337 1663 395; x_wconf 79' lang='lat' dir='ltr'>JOANNIS</span> <span class='ocrx_word' id='word_1_501' title='bbox 1699 339 2197 400; x_wconf 69' lang='lat' dir='ltr'>cunvsoswom</span> <span class='ocrx_word' id='word_1_502' title='bbox 2234 343 2556 402; x_wconf 77' lang='lat' dir='ltr'>ARCHIEP.</span> <span class='ocrx_word' id='word_1_503' title='bbox 2597 344 3149 405; x_wconf 76' lang='lat' dir='ltr'>CONSTANTINOP.</span> <span class='ocrx_word' id='word_1_504' title='bbox 3737 340 3831 411; x_wconf 69' lang='lat'>5&#39;10</span> 
     </span>
    </p>
   </div>
   <div class='ocr_carea' id='block_1_70' title="bbox 2299 457 3849 534">
    <p class='ocr_par' dir='ltr' id='par_1_70' title="bbox 2299 457 3849 534">
     <span class='ocr_line' id='line_1_70' title="bbox 2299 457 3849 534; baseline 0.003 -22"><span class='ocrx_word' id='word_1_505' title='bbox 2299 457 2551 525; x_wconf 79' lang='grc' dir='ltr'>ἐξουσίας</span> <span class='ocrx_word' id='word_1_506' title='bbox 2596 459 2692 515; x_wconf 89' lang='grc' dir='ltr'>τοῦ</span> <span class='ocrx_word' id='word_1_507' title='bbox 2746 461 3190 534; x_wconf 65' lang='grc' dir='ltr'>κοσμοκράτορας</span> <span class='ocrx_word' id='word_1_508' title='bbox 3234 457 3328 513; x_wconf 87' lang='grc' dir='ltr'>τοῦ</span> <span class='ocrx_word' id='word_1_509' title='bbox 3371 459 3592 524; x_wconf 85' lang='grc' dir='ltr'>σκότους</span> <span class='ocrx_word' id='word_1_510' title='bbox 3622 460 3849 533; x_wconf 81' lang='grc' dir='ltr'>δήσαντες</span> 
     </span>
    </p>
   </div>
   <div class='ocr_carea' id='block_1_71' title="bbox 2296 543 3849 619">
    <p class='ocr_par' dir='ltr' id='par_1_71' title="bbox 2296 543 3849 619">
     <span class='ocr_line' id='line_1_71' title="bbox 2296 543 3849 619; baseline 0.005 -24"><span class='ocrx_word' id='word_1_511' title='bbox 2296 543 2680 615; x_wconf 74' lang='grc' dir='ltr'>αἰχμαλώτους</span> <span class='ocrx_word' id='word_1_512' title='bbox 2728 546 3062 617; x_wconf 87' lang='grc' dir='ltr'>ἀγάγωμεν,</span> <span class='ocrx_word' id='word_1_513' title='bbox 3122 545 3210 598; x_wconf 80' lang='grc' dir='ltr'>ἵνα</span> <span class='ocrx_word' id='word_1_514' title='bbox 3264 543 3334 597; x_wconf 83' lang='grc' dir='ltr'>τά</span> <span class='ocrx_word' id='word_1_515' title='bbox 3384 550 3717 614; x_wconf 82' lang='grc' dir='ltr'>πνευματικά</span> <span class='ocrx_word' id='word_1_516' title='bbox 3766 548 3849 619; x_wconf 75' lang='grc' dir='ltr'>τῆς</span> 
     </span>
    </p>
   </div>
   <div class='ocr_carea' id='block_1_72' title="bbox 2297 626 3852 703">
    <p class='ocr_par' dir='ltr' id='par_1_72' title="bbox 2297 626 3852 703">
     <span class='ocr_line' id='line_1_72' title="bbox 2297 626 3852 703; baseline 0.002 -23"><span class='ocrx_word' id='word_1_517' title='bbox 2297 627 2565 700; x_wconf 88' lang='grc' dir='ltr'>πονηρίας</span> <span class='ocrx_word' id='word_1_518' title='bbox 2590 628 3038 700; x_wconf 85' lang='grc' dir='ltr'>φυγαδεύσωμεν,</span> <span class='ocrx_word' id='word_1_519' title='bbox 3073 629 3162 683; x_wconf 80' lang='grc' dir='ltr'>ἵνα</span> <span class='ocrx_word' id='word_1_520' title='bbox 3193 627 3306 700; x_wconf 86' lang='grc' dir='ltr'>πῦρ</span> <span class='ocrx_word' id='word_1_521' title='bbox 3327 626 3595 699; x_wconf 88' lang='grc' dir='ltr'>πνέωμεν,</span> <span class='ocrx_word' id='word_1_522' title='bbox 3625 627 3710 683; x_wconf 82' lang='grc' dir='ltr'>ἴνα</span> <span class='ocrx_word' id='word_1_523' title='bbox 3735 632 3852 703; x_wconf 74' lang='grc' dir='ltr'>πρὸς</span> 
     </span>
    </p>
   </div>
   <div class='ocr_carea' id='block_1_73' title="bbox 2297 705 3854 783">
    <p class='ocr_par' dir='ltr' id='par_1_73' title="bbox 2297 705 3854 783">
     <span class='ocr_line' id='line_1_73' title="bbox 2297 705 3854 783; baseline 0.003 -20"><span class='ocrx_word' id='word_1_524' title='bbox 2297 709 2701 780; x_wconf 82' lang='grc' dir='ltr'>καθημερινοὺς</span> <span class='ocrx_word' id='word_1_525' title='bbox 2727 711 2991 776; x_wconf 82' lang='grc' dir='ltr'>θανάτους</span> <span class='ocrx_word' id='word_1_526' title='bbox 3022 711 3230 783; x_wconf 77' lang='grc' dir='ltr'>ἕτοιμοι</span> <span class='ocrx_word' id='word_1_527' title='bbox 3251 705 3402 781; x_wconf 79' lang='grc' dir='ltr'>ὦμεν</span> <span class='ocrx_word' id='word_1_528' title='bbox 3430 710 3521 764; x_wconf 68' lang='grc' dir='ltr'>καὶ</span> <span class='ocrx_word' id='word_1_529' title='bbox 3543 728 3854 783; x_wconf 86' lang='grc' dir='ltr'>παρεσκευα-</span> 
     </span>
    </p>
   </div>
   <div class='ocr_carea' id='block_1_74' title="bbox 2299 792 3853 870">
    <p class='ocr_par' dir='ltr' id='par_1_74' title="bbox 2299 792 3853 870">
     <span class='ocr_line' id='line_1_74' title="bbox 2299 792 3853 870; baseline -0.004 -25"><span class='ocrx_word' id='word_1_530' title='bbox 2299 793 2507 864; x_wconf 86' lang='grc' dir='ltr'>σμένοι.</span> <span class='ocrx_word' id='word_1_531' title='bbox 2559 793 2661 848; x_wconf 90' lang='grc' dir='ltr'>Διά</span> <span class='ocrx_word' id='word_1_532' title='bbox 2710 793 2870 847; x_wconf 88' lang='grc' dir='ltr'>τοῦτο</span> <span class='ocrx_word' id='word_1_533' title='bbox 2917 792 3168 847; x_wconf 79' lang='grc' dir='ltr'>ἐνέδυσεν</span> <span class='ocrx_word' id='word_1_534' title='bbox 3220 794 3371 865; x_wconf 82' lang='grc' dir='ltr'>ἡμᾶς</span> <span class='ocrx_word' id='word_1_535' title='bbox 3400 793 3490 846; x_wconf 78' lang='grc' dir='ltr'>τὸν</span> <span class='ocrx_word' id='word_1_536' title='bbox 3518 792 3734 870; x_wconf 64' lang='grc' dir='ltr'>θώρακα</span> <span class='ocrx_word' id='word_1_537' title='bbox 3772 798 3853 868; x_wconf 69' lang='grc' dir='ltr'>τῆς</span> 
     </span>
    </p>
   </div>
   <div class='ocr_carea' id='block_1_75' title="bbox 2295 875 3848 950">
    <p class='ocr_par' dir='ltr' id='par_1_75' title="bbox 2295 875 3848 950">
     <span class='ocr_line' id='line_1_75' title="bbox 2295 875 3848 950; baseline 0 -20"><span class='ocrx_word' id='word_1_538' title='bbox 2295 875 2665 948; x_wconf 88' lang='grc' dir='ltr'>δικαιοσύνης,</span> <span class='ocrx_word' id='word_1_539' title='bbox 2714 876 2805 931; x_wconf 90' lang='grc' dir='ltr'>διά</span> <span class='ocrx_word' id='word_1_540' title='bbox 2848 875 3019 930; x_wconf 86' lang='grc' dir='ltr'>τοῦτο</span> <span class='ocrx_word' id='word_1_541' title='bbox 3058 875 3226 941; x_wconf 71' lang='grc' dir='ltr'>ἱζωσε</span> <span class='ocrx_word' id='word_1_542' title='bbox 3273 879 3341 948; x_wconf 80' lang='grc' dir='ltr'>τῇ</span> <span class='ocrx_word' id='word_1_543' title='bbox 3393 875 3534 950; x_wconf 79' lang='grc' dir='ltr'>ζώνη</span> <span class='ocrx_word' id='word_1_544' title='bbox 3591 879 3689 949; x_wconf 85' lang='grc' dir='ltr'>τῆς</span> <span class='ocrx_word' id='word_1_545' title='bbox 3730 879 3848 950; x_wconf 84' lang='grc' dir='ltr'>ἀλη-</span> 
     </span>
    </p>
   </div>
   <div class='ocr_carea' id='block_1_76' title="bbox 2297 958 3855 1033">
    <p class='ocr_par' dir='ltr' id='par_1_76' title="bbox 2297 958 3855 1033">
     <span class='ocr_line' id='line_1_76' title="bbox 2297 958 3855 1033; baseline 0.004 -21"><span class='ocrx_word' id='word_1_546' title='bbox 2297 958 2469 1027; x_wconf 89' lang='grc' dir='ltr'>θείας,</span> <span class='ocrx_word' id='word_1_547' title='bbox 2499 960 2588 1015; x_wconf 83' lang='grc' dir='ltr'>διά</span> <span class='ocrx_word' id='word_1_548' title='bbox 2625 961 2783 1015; x_wconf 84' lang='grc' dir='ltr'>τοῦτο</span> <span class='ocrx_word' id='word_1_549' title='bbox 2831 961 3130 1032; x_wconf 85' lang='grc' dir='ltr'>περιέθηκε</span> <span class='ocrx_word' id='word_1_550' title='bbox 3160 961 3260 1033; x_wconf 79' lang='grc' dir='ltr'>τὴν</span> <span class='ocrx_word' id='word_1_551' title='bbox 3311 961 3735 1033; x_wconf 80' lang='grc' dir='ltr'>περικεφαλαίαν</span> <span class='ocrx_word' id='word_1_552' title='bbox 3776 964 3855 1018; x_wconf 77' lang='grc' dir='ltr'>τοῦ</span> 
     </span>
    </p>
   </div>
   <div class='ocr_carea' id='block_1_77' title="bbox 2299 1042 3856 1121">
    <p class='ocr_par' dir='ltr' id='par_1_77' title="bbox 2299 1042 3856 1121">
     <span class='ocr_line' id='line_1_77' title="bbox 2299 1042 3856 1121; baseline 0.004 -26"><span class='ocrx_word' id='word_1_553' title='bbox 2299 1043 2691 1116; x_wconf 73' lang='grc' dir='ltr'>σωτηρίου,δώ</span> <span class='ocrx_word' id='word_1_554' title='bbox 2715 1042 2874 1098; x_wconf 86' lang='grc' dir='ltr'>τοῦτο</span> <span class='ocrx_word' id='word_1_555' title='bbox 2895 1044 3134 1114; x_wconf 81' lang='grc' dir='ltr'>ὑπέδησε</span> <span class='ocrx_word' id='word_1_556' title='bbox 3153 1044 3281 1107; x_wconf 84' lang='grc' dir='ltr'>τοὺς</span> <span class='ocrx_word' id='word_1_557' title='bbox 3298 1043 3463 1109; x_wconf 83' lang='grc' dir='ltr'>πόδας</span> <span class='ocrx_word' id='word_1_558' title='bbox 3477 1044 3705 1117; x_wconf 72' lang='grc' dir='ltr'>ἡμῶντῇ</span> <span class='ocrx_word' id='word_1_559' title='bbox 3726 1045 3856 1121; x_wconf 71' lang='grc'><strong>[244]</strong></span> 
     </span>
    </p>
   </div>
   <div class='ocr_carea' id='block_1_78' title="bbox 2296 1126 3857 1202">
    <p class='ocr_par' dir='ltr' id='par_1_78' title="bbox 2296 1126 3857 1202">
     <span class='ocr_line' id='line_1_78' title="bbox 2296 1126 3857 1202; baseline 0.003 -23"><span class='ocrx_word' id='word_1_560' title='bbox 2296 1126 2583 1199; x_wconf 70' lang='grc' dir='ltr'>ἑτοιμασίᾳ</span> <span class='ocrx_word' id='word_1_561' title='bbox 2610 1128 2704 1181; x_wconf 83' lang='grc' dir='ltr'>τοῦ</span> <span class='ocrx_word' id='word_1_562' title='bbox 2734 1127 3071 1198; x_wconf 84' lang='grc' dir='ltr'>Εὐαγγελίου</span> <span class='ocrx_word' id='word_1_563' title='bbox 3107 1129 3210 1199; x_wconf 84' lang='grc' dir='ltr'>τῆς</span> <span class='ocrx_word' id='word_1_564' title='bbox 3240 1128 3486 1200; x_wconf 76' lang='grc' dir='ltr'>εἰρήνης,</span> <span class='ocrx_word' id='word_1_565' title='bbox 3526 1129 3621 1188; x_wconf 78' lang='grc' dir='ltr'>καὶ</span> <span class='ocrx_word' id='word_1_566' title='bbox 3645 1130 3739 1201; x_wconf 80' lang='grc' dir='ltr'>τὴν</span> <span class='ocrx_word' id='word_1_567' title='bbox 3759 1132 3857 1202; x_wconf 77' lang='grc' dir='ltr'>μά-</span> 
     </span>
    </p>
   </div>
   <div class='ocr_carea' id='block_1_79' title="bbox 2295 1209 3856 1288">
    <p class='ocr_par' dir='ltr' id='par_1_79' title="bbox 2295 1209 3856 1288">
     <span class='ocr_line' id='line_1_79' title="bbox 2295 1209 3856 1288; baseline 0.004 -27"><span class='ocrx_word' id='word_1_568' title='bbox 2295 1226 2499 1281; x_wconf 92' lang='grc' dir='ltr'>χαιραν</span> <span class='ocrx_word' id='word_1_569' title='bbox 2551 1210 2853 1282; x_wconf 84' lang='grc' dir='ltr'>ἐνεχείρισε</span> <span class='ocrx_word' id='word_1_570' title='bbox 2911 1210 3008 1265; x_wconf 91' lang='grc' dir='ltr'>τοῦ</span> <span class='ocrx_word' id='word_1_571' title='bbox 3067 1209 3419 1281; x_wconf 88' lang='grc' dir='ltr'>πνεύματος,</span> <span class='ocrx_word' id='word_1_572' title='bbox 3480 1211 3569 1265; x_wconf 82' lang='grc' dir='ltr'>διὰ</span> <span class='ocrx_word' id='word_1_573' title='bbox 3585 1212 3737 1267; x_wconf 89' lang='grc' dir='ltr'>τοῦτο</span> <span class='ocrx_word' id='word_1_574' title='bbox 3763 1213 3856 1288; x_wconf 86' lang='grc' dir='ltr'>πῦρ</span> 
     </span>
    </p>
   </div>
   <div class='ocr_carea' id='block_1_80' title="bbox 2295 1291 3856 1366">
    <p class='ocr_par' dir='ltr' id='par_1_80' title="bbox 2295 1291 3856 1366">
     <span class='ocr_line' id='line_1_80' title="bbox 2295 1291 3856 1366; baseline 0.003 -20"><span class='ocrx_word' id='word_1_575' title='bbox 2295 1293 2509 1365; x_wconf 85' lang='grc' dir='ltr'>ἀφῆκεν</span> <span class='ocrx_word' id='word_1_576' title='bbox 2539 1296 2619 1359; x_wconf 87' lang='grc' dir='ltr'>είς</span> <span class='ocrx_word' id='word_1_577' title='bbox 2663 1293 2765 1359; x_wconf 90' lang='grc' dir='ltr'>τάς</span> <span class='ocrx_word' id='word_1_578' title='bbox 2815 1293 3094 1366; x_wconf 79' lang='grc' dir='ltr'>ἡμετέρας</span> <span class='ocrx_word' id='word_1_579' title='bbox 3124 1293 3321 1366; x_wconf 78' lang='grc' dir='ltr'>ψυχάς.</span> <span class='ocrx_word' id='word_1_580' title='bbox 3358 1293 3428 1348; x_wconf 61' lang='lat' dir='ltr'>Et</span> <span class='ocrx_word' id='word_1_581' title='bbox 3447 1312 3570 1350; x_wconf 90' lang='grc' dir='ltr'>τινα</span> <span class='ocrx_word' id='word_1_582' title='bbox 3613 1291 3723 1363; x_wconf 78' lang='grc' dir='ltr'>οὖν,</span> <span class='ocrx_word' id='word_1_583' title='bbox 3754 1299 3856 1352; x_wconf 80' lang='grc' dir='ltr'>είπέ</span> 
     </span>
    </p>
   </div>
   <div class='ocr_carea' id='block_1_81' title="bbox 2300 1376 3854 1450">
    <p class='ocr_par' dir='ltr' id='par_1_81' title="bbox 2300 1376 3854 1450">
     <span class='ocr_line' id='line_1_81' title="bbox 2300 1376 3854 1450; baseline 0.004 -21"><span class='ocrx_word' id='word_1_584' title='bbox 2300 1393 2413 1446; x_wconf 85' lang='grc' dir='ltr'>μοι,</span> <span class='ocrx_word' id='word_1_585' title='bbox 2443 1376 2552 1431; x_wconf 88' lang='grc' dir='ltr'>τῶν</span> <span class='ocrx_word' id='word_1_586' title='bbox 2586 1376 2941 1450; x_wconf 89' lang='grc' dir='ltr'>στρατιωτῶν</span> <span class='ocrx_word' id='word_1_587' title='bbox 2962 1376 3104 1449; x_wconf 87' lang='grc' dir='ltr'>μετά</span> <span class='ocrx_word' id='word_1_588' title='bbox 3130 1377 3192 1432; x_wconf 80' lang='grc' dir='ltr'>τὸ</span> <span class='ocrx_word' id='word_1_589' title='bbox 3221 1377 3542 1450; x_wconf 85' lang='grc' dir='ltr'>περιθέσθαι</span> <span class='ocrx_word' id='word_1_590' title='bbox 3575 1378 3634 1432; x_wconf 80' lang='grc' dir='ltr'>τὸ</span> <span class='ocrx_word' id='word_1_591' title='bbox 3662 1380 3854 1450; x_wconf 80' lang='grc' dir='ltr'>κράνος,</span> 
     </span>
    </p>
   </div>
   <div class='ocr_carea' id='block_1_82' title="bbox 2297 1459 3857 1534">
    <p class='ocr_par' dir='ltr' id='par_1_82' title="bbox 2297 1459 3857 1534">
     <span class='ocr_line' id='line_1_82' title="bbox 2297 1459 3857 1534; baseline 0.003 -21"><span class='ocrx_word' id='word_1_592' title='bbox 2297 1459 2397 1523; x_wconf 84' lang='grc' dir='ltr'>τὰς</span> <span class='ocrx_word' id='word_1_593' title='bbox 2428 1461 2719 1532; x_wconf 86' lang='grc' dir='ltr'>κνημῖδας,</span> <span class='ocrx_word' id='word_1_594' title='bbox 2744 1462 2837 1516; x_wconf 76' lang='grc' dir='ltr'>τὸν</span> <span class='ocrx_word' id='word_1_595' title='bbox 2866 1460 3114 1534; x_wconf 88' lang='grc' dir='ltr'>θώρακα,</span> <span class='ocrx_word' id='word_1_596' title='bbox 3154 1462 3292 1533; x_wconf 87' lang='grc' dir='ltr'>μετά</span> <span class='ocrx_word' id='word_1_597' title='bbox 3322 1462 3382 1515; x_wconf 80' lang='grc' dir='ltr'>τὸ</span> <span class='ocrx_word' id='word_1_598' title='bbox 3405 1462 3592 1517; x_wconf 89' lang='grc' dir='ltr'>λαϐεῖν</span> <span class='ocrx_word' id='word_1_599' title='bbox 3619 1463 3677 1516; x_wconf 74' lang='grc' dir='ltr'>τὸ</span> <span class='ocrx_word' id='word_1_600' title='bbox 3705 1459 3857 1533; x_wconf 83' lang='grc' dir='ltr'>ξίφος,</span> 
     </span>
    </p>
   </div>
   <div class='ocr_carea' id='block_1_83' title="bbox 2295 1542 3859 1619">
    <p class='ocr_par' dir='ltr' id='par_1_83' title="bbox 2295 1542 3859 1619">
     <span class='ocr_line' id='line_1_83' title="bbox 2295 1542 3859 1619; baseline 0.005 -24"><span class='ocrx_word' id='word_1_601' title='bbox 2295 1542 2358 1596; x_wconf 82' lang='grc' dir='ltr'>τὸ</span> <span class='ocrx_word' id='word_1_602' title='bbox 2386 1542 2537 1615; x_wconf 86' lang='grc' dir='ltr'>δόρυ,</span> <span class='ocrx_word' id='word_1_603' title='bbox 2588 1543 2686 1617; x_wconf 81' lang='grc' dir='ltr'>τὴν</span> <span class='ocrx_word' id='word_1_604' title='bbox 2737 1545 2958 1613; x_wconf 88' lang='grc' dir='ltr'>ἀσπίδα,</span> <span class='ocrx_word' id='word_1_605' title='bbox 2981 1545 3051 1600; x_wconf 81' lang='grc' dir='ltr'>τά</span> <span class='ocrx_word' id='word_1_606' title='bbox 3083 1546 3239 1613; x_wconf 78' lang='grc' dir='ltr'>τόξα,</span> <span class='ocrx_word' id='word_1_607' title='bbox 3269 1545 3341 1598; x_wconf 88' lang='grc' dir='ltr'>τά</span> <span class='ocrx_word' id='word_1_608' title='bbox 3380 1545 3534 1617; x_wconf 84' lang='grc' dir='ltr'>βέλη,</span> <span class='ocrx_word' id='word_1_609' title='bbox 3568 1546 3663 1618; x_wconf 77' lang='grc' dir='ltr'>τὴν</span> <span class='ocrx_word' id='word_1_610' title='bbox 3712 1550 3859 1619; x_wconf 81' lang='grc' dir='ltr'>φαρέ-</span> 
     </span>
    </p>
   </div>
   <div class='ocr_carea' id='block_1_84' title="bbox 2296 1628 3860 1703">
    <p class='ocr_par' dir='ltr' id='par_1_84' title="bbox 2296 1628 3860 1703">
     <span class='ocr_line' id='line_1_84' title="bbox 2296 1628 3860 1703; baseline 0.004 -24"><span class='ocrx_word' id='word_1_611' title='bbox 2296 1642 2455 1697; x_wconf 86' lang='grc' dir='ltr'>τραν,</span> <span class='ocrx_word' id='word_1_612' title='bbox 2489 1628 2589 1697; x_wconf 88' lang='grc' dir='ltr'>τῆς</span> <span class='ocrx_word' id='word_1_613' title='bbox 2625 1628 2930 1698; x_wconf 82' lang='grc' dir='ltr'>σάλπιγγος</span> <span class='ocrx_word' id='word_1_614' title='bbox 2973 1630 3229 1702; x_wconf 83' lang='grc' dir='ltr'>λαμπρὸν</span> <span class='ocrx_word' id='word_1_615' title='bbox 3274 1630 3518 1703; x_wconf 79' lang='grc' dir='ltr'>ηχούσης</span> <span class='ocrx_word' id='word_1_616' title='bbox 3547 1634 3641 1686; x_wconf 71' lang='grc' dir='ltr'>καὶ</span> <span class='ocrx_word' id='word_1_617' title='bbox 3680 1633 3860 1698; x_wconf 79' lang='grc' dir='ltr'>πάντας</span> 
     </span>
    </p>
   </div>
   <div class='ocr_carea' id='block_1_85' title="bbox 2297 1709 3857 1786">
    <p class='ocr_par' dir='ltr' id='par_1_85' title="bbox 2297 1709 3857 1786">
     <span class='ocr_line' id='line_1_85' title="bbox 2297 1709 3857 1786; baseline 0.004 -24"><span class='ocrx_word' id='word_1_618' title='bbox 2297 1709 2403 1774; x_wconf 79' lang='grc' dir='ltr'>ἔξω</span> <span class='ocrx_word' id='word_1_619' title='bbox 2435 1710 2728 1783; x_wconf 88' lang='grc' dir='ltr'>καλούσης,</span> <span class='ocrx_word' id='word_1_620' title='bbox 2767 1713 2878 1768; x_wconf 89' lang='grc' dir='ltr'>τῶν</span> <span class='ocrx_word' id='word_1_621' title='bbox 2905 1731 2965 1767; x_wconf 85' lang='grc' dir='ltr'>τε</span> <span class='ocrx_word' id='word_1_622' title='bbox 2993 1713 3270 1785; x_wconf 88' lang='grc' dir='ltr'>πολεμίων</span> <span class='ocrx_word' id='word_1_623' title='bbox 3309 1714 3557 1786; x_wconf 85' lang='grc' dir='ltr'>σφοδρῶς</span> <span class='ocrx_word' id='word_1_624' title='bbox 3594 1717 3857 1781; x_wconf 83' lang='grc' dir='ltr'>πνεόντων,</span> 
     </span>
    </p>
   </div>
   <div class='ocr_carea' id='block_1_86' title="bbox 2297 1795 3862 1870">
    <p class='ocr_par' dir='ltr' id='par_1_86' title="bbox 2297 1795 3862 1870">
     <span class='ocr_line' id='line_1_86' title="bbox 2297 1795 3862 1870; baseline 0.004 -24"><span class='ocrx_word' id='word_1_625' title='bbox 2297 1795 2393 1846; x_wconf 70' lang='grc' dir='ltr'>καὶ</span> <span class='ocrx_word' id='word_1_626' title='bbox 2434 1795 2532 1865; x_wconf 80' lang='grc' dir='ltr'>τὴν</span> <span class='ocrx_word' id='word_1_627' title='bbox 2560 1795 2718 1849; x_wconf 88' lang='grc' dir='ltr'>πόλιν</span> <span class='ocrx_word' id='word_1_628' title='bbox 2744 1797 2810 1849; x_wconf 88' lang='grc' dir='ltr'>ἐκ</span> <span class='ocrx_word' id='word_1_629' title='bbox 2845 1795 3061 1869; x_wconf 79' lang='grc' dir='ltr'>βάθρων</span> <span class='ocrx_word' id='word_1_630' title='bbox 3092 1797 3409 1852; x_wconf 85' lang='grc' dir='ltr'>ἀνασπάσαι</span> <span class='ocrx_word' id='word_1_631' title='bbox 3444 1799 3862 1870; x_wconf 82' lang='grc' dir='ltr'>παρεσκευασμέ-</span> 
     </span>
    </p>
   </div>
   <div class='ocr_carea' id='block_1_87' title="bbox 2296 1874 3860 1954">
    <p class='ocr_par' dir='ltr' id='par_1_87' title="bbox 2296 1874 3860 1954">
     <span class='ocr_line' id='line_1_87' title="bbox 2296 1874 3860 1954; baseline 0.004 -24"><span class='ocrx_word' id='word_1_632' title='bbox 2296 1895 2423 1940; x_wconf 90' lang='grc' dir='ltr'>νων,</span> <span class='ocrx_word' id='word_1_633' title='bbox 2454 1874 2596 1944; x_wconf 85' lang='grc' dir='ltr'>είὸες</span> <span class='ocrx_word' id='word_1_634' title='bbox 2618 1882 2719 1935; x_wconf 79' lang='grc' dir='ltr'>οὐκ</span> <span class='ocrx_word' id='word_1_635' title='bbox 2745 1882 2838 1935; x_wconf 82' lang='grc' dir='ltr'>ἐπὶ</span> <span class='ocrx_word' id='word_1_636' title='bbox 2863 1882 2964 1953; x_wconf 82' lang='grc' dir='ltr'>τὴν</span> <span class='ocrx_word' id='word_1_637' title='bbox 2993 1880 3304 1952; x_wconf 82' lang='grc' dir='ltr'>παράταξιν</span> <span class='ocrx_word' id='word_1_638' title='bbox 3326 1881 3433 1947; x_wconf 76' lang='grc' dir='ltr'>ἔξω</span> <span class='ocrx_word' id='word_1_639' title='bbox 3455 1883 3735 1954; x_wconf 86' lang='grc' dir='ltr'>τρέχοντα,</span> <span class='ocrx_word' id='word_1_640' title='bbox 3762 1884 3860 1937; x_wconf 84' lang='grc' dir='ltr'>ἀλλ’</span> 
     </span>
    </p>
   </div>
   <div class='ocr_carea' id='block_1_88' title="bbox 2298 1963 3860 2037">
    <p class='ocr_par' dir='ltr' id='par_1_88' title="bbox 2298 1963 3860 2037">
     <span class='ocr_line' id='line_1_88' title="bbox 2298 1963 3860 2037; baseline 0.003 -22"><span class='ocrx_word' id='word_1_641' title='bbox 2298 1963 2377 2026; x_wconf 84' lang='grc' dir='ltr'>είς</span> <span class='ocrx_word' id='word_1_642' title='bbox 2397 1963 2574 2017; x_wconf 85' lang='grc' dir='ltr'>οίκίαν</span> <span class='ocrx_word' id='word_1_643' title='bbox 2599 1965 2862 2032; x_wconf 85' lang='grc' dir='ltr'>εἰσιόντα,</span> <span class='ocrx_word' id='word_1_644' title='bbox 2906 1966 3003 2020; x_wconf 73' lang='grc' dir='ltr'>καὶ</span> <span class='ocrx_word' id='word_1_645' title='bbox 3032 1967 3258 2036; x_wconf 84' lang='grc' dir='ltr'>γυναικὶ</span> <span class='ocrx_word' id='word_1_646' title='bbox 3289 1965 3748 2037; x_wconf 83' lang='grc' dir='ltr'>παρακαθήμενον</span> <span class='ocrx_word' id='word_1_647' title='bbox 3779 1985 3860 2037; x_wconf 80' lang='grc' dir='ltr'>με-</span> 
     </span>
    </p>
   </div>
   <div class='ocr_carea' id='block_1_89' title="bbox 2295 2045 3860 2123">
    <p class='ocr_par' dir='ltr' id='par_1_89' title="bbox 2295 2045 3860 2123">
     <span class='ocr_line' id='line_1_89' title="bbox 2295 2045 3860 2123; baseline 0.006 -25"><span class='ocrx_word' id='word_1_648' title='bbox 2295 2046 2365 2098; x_wconf 88' lang='grc' dir='ltr'>τά</span> <span class='ocrx_word' id='word_1_649' title='bbox 2390 2045 2501 2101; x_wconf 86' lang='grc' dir='ltr'>τῶν</span> <span class='ocrx_word' id='word_1_650' title='bbox 2520 2047 2703 2103; x_wconf 85' lang='grc' dir='ltr'>ὅπλων</span> <span class='ocrx_word' id='word_1_651' title='bbox 2734 2050 2987 2107; x_wconf 85' lang='grc' dir='ltr'>ὲκείνων·,</span> <span class='ocrx_word' id='word_1_652' title='bbox 3016 2046 3105 2122; x_wconf 87' lang='grc' dir='ltr'>ἆρ’</span> <span class='ocrx_word' id='word_1_653' title='bbox 3141 2051 3243 2105; x_wconf 83' lang='grc' dir='ltr'>οὐκ</span> <span class='ocrx_word' id='word_1_654' title='bbox 3270 2050 3358 2114; x_wconf 82' lang='grc' dir='ltr'>ἂν,</span> <span class='ocrx_word' id='word_1_655' title='bbox 3380 2052 3434 2106; x_wconf 86' lang='grc' dir='ltr'>εἴ</span> <span class='ocrx_word' id='word_1_656' title='bbox 3457 2067 3525 2120; x_wconf 89' lang='grc' dir='ltr'>γε</span> <span class='ocrx_word' id='word_1_657' title='bbox 3550 2050 3697 2123; x_wconf 74' lang='grc' dir='ltr'>ἐξῆν,</span> <span class='ocrx_word' id='word_1_658' title='bbox 3721 2052 3860 2123; x_wconf 87' lang='grc' dir='ltr'>μέσον</span> 
     </span>
    </p>
   </div>
   <div class='ocr_carea' id='block_1_90' title="bbox 2299 2128 3859 2206">
    <p class='ocr_par' dir='ltr' id='par_1_90' title="bbox 2299 2128 3859 2206">
     <span class='ocr_line' id='line_1_90' title="bbox 2299 2128 3859 2206; baseline 0.004 -25"><span class='ocrx_word' id='word_1_659' title='bbox 2299 2128 2366 2181; x_wconf 76' lang='grc' dir='ltr'>τὸ</span> <span class='ocrx_word' id='word_1_660' title='bbox 2398 2129 2550 2199; x_wconf 82' lang='grc' dir='ltr'>ξίφος</span> <span class='ocrx_word' id='word_1_661' title='bbox 2596 2130 2880 2205; x_wconf 88' lang='grc' dir='ltr'>διήλασας,</span> <span class='ocrx_word' id='word_1_662' title='bbox 2918 2135 3055 2206; x_wconf 83' lang='grc' dir='ltr'>μηδὲ</span> <span class='ocrx_word' id='word_1_663' title='bbox 3099 2133 3257 2203; x_wconf 87' lang='grc' dir='ltr'>λόγου</span> <span class='ocrx_word' id='word_1_664' title='bbox 3290 2134 3590 2206; x_wconf 83' lang='grc' dir='ltr'>μεταδούς;</span> <span class='ocrx_word' id='word_1_665' title='bbox 3640 2135 3701 2188; x_wconf 84' lang='grc' dir='ltr'>Εί</span> <span class='ocrx_word' id='word_1_666' title='bbox 3730 2135 3782 2187; x_wconf 77' lang='grc' dir='ltr'>δὲ</span> <span class='ocrx_word' id='word_1_667' title='bbox 3807 2136 3859 2188; x_wconf 67' lang='grc' dir='ltr'>σὺ</span> 
     </span>
    </p>
   </div>
   <div class='ocr_carea' id='block_1_91' title="bbox 2295 2214 3862 2290">
    <p class='ocr_par' dir='ltr' id='par_1_91' title="bbox 2295 2214 3862 2290">
     <span class='ocr_line' id='line_1_91' title="bbox 2295 2214 3862 2290; baseline 0.006 -26"><span class='ocrx_word' id='word_1_668' title='bbox 2295 2214 2566 2287; x_wconf 87' lang='grc' dir='ltr'>τοσαύσης</span> <span class='ocrx_word' id='word_1_669' title='bbox 2608 2214 2675 2270; x_wconf 83' lang='grc' dir='ltr'>ἂν</span> <span class='ocrx_word' id='word_1_670' title='bbox 2720 2217 2999 2290; x_wconf 84' lang='grc' dir='ltr'>ἐπλήσθης</span> <span class='ocrx_word' id='word_1_671' title='bbox 3055 2219 3247 2290; x_wconf 83' lang='grc' dir='ltr'>ὀργῆς,</span> <span class='ocrx_word' id='word_1_672' title='bbox 3293 2218 3411 2283; x_wconf 82' lang='grc' dir='ltr'>πῶς</span> <span class='ocrx_word' id='word_1_673' title='bbox 3459 2220 3563 2273; x_wconf 81' lang='grc' dir='ltr'>οῖει</span> <span class='ocrx_word' id='word_1_674' title='bbox 3620 2220 3706 2273; x_wconf 74' lang='grc' dir='ltr'>τὸν</span> <span class='ocrx_word' id='word_1_675' title='bbox 3751 2219 3862 2273; x_wconf 79' lang='grc' dir='ltr'>Θεὸν</span> 
     </span>
    </p>
   </div>
   <div class='ocr_carea' id='block_1_92' title="bbox 2296 2297 3861 2375">
    <p class='ocr_par' dir='ltr' id='par_1_92' title="bbox 2296 2297 3861 2375">
     <span class='ocr_line' id='line_1_92' title="bbox 2296 2297 3861 2375; baseline 0.004 -26"><span class='ocrx_word' id='word_1_676' title='bbox 2296 2297 2390 2351; x_wconf 81' lang='grc' dir='ltr'>ἐπὶ</span> <span class='ocrx_word' id='word_1_677' title='bbox 2419 2302 2534 2363; x_wconf 91' lang='grc' dir='ltr'>τοῖς</span> <span class='ocrx_word' id='word_1_678' title='bbox 2571 2299 2705 2354; x_wconf 84' lang='grc' dir='ltr'>πολὺ</span> <span class='ocrx_word' id='word_1_679' title='bbox 2743 2302 2950 2357; x_wconf 86' lang='grc' dir='ltr'>τούτων</span> <span class='ocrx_word' id='word_1_680' title='bbox 2981 2303 3352 2375; x_wconf 82' lang='grc' dir='ltr'>ἀτοπωτέροις</span> <span class='ocrx_word' id='word_1_681' title='bbox 3399 2301 3734 2369; x_wconf 76' lang='grc' dir='ltr'>διακεῖσθαι;</span> <span class='ocrx_word' id='word_1_682' title='bbox 3774 2303 3861 2356; x_wconf 84' lang='grc' dir='ltr'>Το-</span> 
     </span>
    </p>
   </div>
   <div class='ocr_carea' id='block_1_93' title="bbox 2297 2382 3860 2459">
    <p class='ocr_par' dir='ltr' id='par_1_93' title="bbox 2297 2382 3860 2459">
     <span class='ocr_line' id='line_1_93' title="bbox 2297 2382 3860 2459; baseline 0.004 -26"><span class='ocrx_word' id='word_1_683' title='bbox 2297 2382 2473 2453; x_wconf 84' lang='grc' dir='ltr'>σούτῳ</span> <span class='ocrx_word' id='word_1_684' title='bbox 2520 2383 2629 2455; x_wconf 91' lang='grc' dir='ltr'>γάρ</span> <span class='ocrx_word' id='word_1_685' title='bbox 2674 2387 3004 2459; x_wconf 85' lang='grc' dir='ltr'>αίσχρότερα</span> <span class='ocrx_word' id='word_1_686' title='bbox 3051 2387 3226 2442; x_wconf 87' lang='grc' dir='ltr'>ταῦτα</span> <span class='ocrx_word' id='word_1_687' title='bbox 3268 2388 3499 2441; x_wconf 82' lang='grc' dir='ltr'>ἐκείνων</span> <span class='ocrx_word' id='word_1_688' title='bbox 3535 2388 3623 2441; x_wconf 69' lang='grc' dir='ltr'>καὶ</span> <span class='ocrx_word' id='word_1_689' title='bbox 3670 2386 3860 2441; x_wconf 83' lang='grc' dir='ltr'>ἀτοπώ-</span> 
     </span>
    </p>
   </div>
   <div class='ocr_carea' id='block_1_94' title="bbox 2294 2468 3862 2544">
    <p class='ocr_par' dir='ltr' id='par_1_94' title="bbox 2294 2468 3862 2544">
     <span class='ocr_line' id='line_1_94' title="bbox 2294 2468 3862 2544; baseline 0.003 -25"><span class='ocrx_word' id='word_1_690' title='bbox 2294 2483 2451 2539; x_wconf 88' lang='grc' dir='ltr'>τερα,</span> <span class='ocrx_word' id='word_1_691' title='bbox 2490 2468 2601 2540; x_wconf 86' lang='grc' dir='ltr'>ὅσῳ</span> <span class='ocrx_word' id='word_1_692' title='bbox 2644 2471 2743 2524; x_wconf 65' lang='lat' dir='ltr'><strong><em>zeal</em></strong></span> <span class='ocrx_word' id='word_1_693' title='bbox 2768 2472 2797 2524; x_wconf 88' lang='grc' dir='ltr'>ὁ</span> <span class='ocrx_word' id='word_1_694' title='bbox 2831 2472 3069 2542; x_wconf 71' lang='grc' dir='ltr'>πόλεμος</span> <span class='ocrx_word' id='word_1_695' title='bbox 3101 2471 3505 2544; x_wconf 83' lang='grc' dir='ltr'>χαλεπώτερος,</span> <span class='ocrx_word' id='word_1_696' title='bbox 3559 2470 3651 2525; x_wconf 73' lang='grc' dir='ltr'>καὶ</span> <span class='ocrx_word' id='word_1_697' title='bbox 3693 2471 3739 2525; x_wconf 85' lang='grc' dir='ltr'>οί</span> <span class='ocrx_word' id='word_1_698' title='bbox 3778 2487 3862 2524; x_wconf 83' lang='grc' dir='ltr'>πο-</span> 
     </span>
    </p>
   </div>
   <div class='ocr_carea' id='block_1_95' title="bbox 2294 2547 3863 2627">
    <p class='ocr_par' dir='ltr' id='par_1_95' title="bbox 2294 2547 3863 2627">
     <span class='ocr_line' id='line_1_95' title="bbox 2294 2547 3863 2627; baseline 0.004 -25"><span class='ocrx_word' id='word_1_699' title='bbox 2294 2547 2473 2621; x_wconf 88' lang='grc' dir='ltr'>λέμιοι</span> <span class='ocrx_word' id='word_1_700' title='bbox 2501 2553 2873 2627; x_wconf 86' lang='grc' dir='ltr'>σφοδρότεροι,</span> <span class='ocrx_word' id='word_1_701' title='bbox 2903 2556 2998 2610; x_wconf 78' lang='grc' dir='ltr'>καὶ</span> <span class='ocrx_word' id='word_1_702' title='bbox 3017 2556 3087 2610; x_wconf 90' lang='grc' dir='ltr'>τά</span> <span class='ocrx_word' id='word_1_703' title='bbox 3114 2555 3327 2611; x_wconf 73' lang='grc' dir='ltr'>ἔπαθλα</span> <span class='ocrx_word' id='word_1_704' title='bbox 3353 2557 3485 2627; x_wconf 71' lang='grc' dir='ltr'>περὶ</span> <span class='ocrx_word' id='word_1_705' title='bbox 3504 2550 3580 2609; x_wconf 83' lang='grc' dir='ltr'>ὧν</span> <span class='ocrx_word' id='word_1_706' title='bbox 3607 2556 3635 2608; x_wconf 87' lang='grc' dir='ltr'>ὁ</span> <span class='ocrx_word' id='word_1_707' title='bbox 3661 2555 3863 2625; x_wconf 83' lang='grc' dir='ltr'>πόλεμος</span> 
     </span>
    </p>
   </div>
   <div class='ocr_carea' id='block_1_96' title="bbox 2299 2636 3862 2711">
    <p class='ocr_par' dir='ltr' id='par_1_96' title="bbox 2299 2636 3862 2711">
     <span class='ocr_line' id='line_1_96' title="bbox 2299 2636 3862 2711; baseline 0 -22"><span class='ocrx_word' id='word_1_708' title='bbox 2299 2636 2492 2705; x_wconf 77' lang='grc' dir='ltr'>μείζω,</span> <span class='ocrx_word' id='word_1_709' title='bbox 2536 2638 2631 2691; x_wconf 82' lang='grc' dir='ltr'>καὶ</span> <span class='ocrx_word' id='word_1_710' title='bbox 2661 2639 2840 2692; x_wconf 89' lang='grc' dir='ltr'>πάντα</span> <span class='ocrx_word' id='word_1_711' title='bbox 2875 2639 3063 2703; x_wconf 85' lang='grc' dir='ltr'>ἅπλῶς</span> <span class='ocrx_word' id='word_1_712' title='bbox 3091 2641 3347 2694; x_wconf 86' lang='grc' dir='ltr'>τοσοῦτον</span> <span class='ocrx_word' id='word_1_713' title='bbox 3386 2639 3726 2711; x_wconf 81' lang='grc' dir='ltr'>ἐξήλλακται,</span> <span class='ocrx_word' id='word_1_714' title='bbox 3759 2640 3862 2692; x_wconf 75' lang='grc' dir='ltr'>ὅσον</span> 
     </span>
    </p>
   </div>
   <div class='ocr_carea' id='block_1_97' title="bbox 2295 2718 3863 2797">
    <p class='ocr_par' dir='ltr' id='par_1_97' title="bbox 2295 2718 3863 2797">
     <span class='ocr_line' id='line_1_97' title="bbox 2295 2718 3863 2797; baseline -0.008 -10"><span class='ocrx_word' id='word_1_715' title='bbox 2295 2718 2554 2792; x_wconf 77' lang='grc' dir='ltr'>ἀληθείας</span> <span class='ocrx_word' id='word_1_716' title='bbox 2575 2723 2670 2776; x_wconf 79' lang='grc' dir='ltr'>καὶ</span> <span class='ocrx_word' id='word_1_717' title='bbox 2686 2724 2845 2786; x_wconf 76' lang='grc' dir='ltr'>σκιᾶς</span> <span class='ocrx_word' id='word_1_718' title='bbox 2865 2724 2927 2777; x_wconf 85' lang='grc' dir='ltr'>τὸ</span> <span class='ocrx_word' id='word_1_719' title='bbox 2959 2724 3144 2791; x_wconf 91' lang='grc' dir='ltr'>μέσον.</span> <span class='ocrx_word' id='word_1_720' title='bbox 3172 2726 3262 2796; x_wconf 81' lang='grc' dir='ltr'>Μὴ</span> <span class='ocrx_word' id='word_1_721' title='bbox 3287 2725 3350 2797; x_wconf 82' lang='grc' dir='ltr'>δὴ</span> <span class='ocrx_word' id='word_1_722' title='bbox 3384 2724 3863 2796; x_wconf 78' lang='grc' dir='ltr'>καταμαλάττωμεν</span> 
     </span>
    </p>
   </div>
   <div class='ocr_carea' id='block_1_98' title="bbox 2295 2802 3863 2879">
    <p class='ocr_par' dir='ltr' id='par_1_98' title="bbox 2295 2802 3863 2879">
     <span class='ocr_line' id='line_1_98' title="bbox 2295 2802 3863 2879; baseline 0.002 -24"><span class='ocrx_word' id='word_1_723' title='bbox 2295 2802 2453 2873; x_wconf 79' lang='grc' dir='ltr'>ἡμῶν</span> <span class='ocrx_word' id='word_1_724' title='bbox 2502 2803 2600 2876; x_wconf 82' lang='grc' dir='ltr'>τὴν</span> <span class='ocrx_word' id='word_1_725' title='bbox 2657 2806 2833 2876; x_wconf 79' lang='grc' dir='ltr'>ἰσχὺν,</span> <span class='ocrx_word' id='word_1_726' title='bbox 2895 2808 3030 2878; x_wconf 84' lang='grc' dir='ltr'>μηδέ</span> <span class='ocrx_word' id='word_1_727' title='bbox 3065 2808 3425 2879; x_wconf 84' lang='grc' dir='ltr'>ἐκκόπτωμεν</span> <span class='ocrx_word' id='word_1_728' title='bbox 3469 2808 3542 2862; x_wconf 83' lang='grc' dir='ltr'>τά</span> <span class='ocrx_word' id='word_1_729' title='bbox 3579 2808 3736 2879; x_wconf 85' lang='grc' dir='ltr'>νεῦρα</span> <span class='ocrx_word' id='word_1_730' title='bbox 3764 2809 3863 2869; x_wconf 76' lang='grc' dir='ltr'>ταῖς</span> 
     </span>
    </p>
   </div>
   <div class='ocr_carea' id='block_1_99' title="bbox 2294 2887 3862 2965">
    <p class='ocr_par' dir='ltr' id='par_1_99' title="bbox 2294 2887 3862 2965">
     <span class='ocr_line' id='line_1_99' title="bbox 2294 2887 3862 2965; baseline 0.001 -23"><span class='ocrx_word' id='word_1_731' title='bbox 2294 2887 2535 2959; x_wconf 82' lang='grc' dir='ltr'>ὁμιλίαις</span> <span class='ocrx_word' id='word_1_732' title='bbox 2585 2889 2846 2952; x_wconf 88' lang='grc' dir='ltr'>ταύταις·</span> <span class='ocrx_word' id='word_1_733' title='bbox 2901 2893 2996 2946; x_wconf 78' lang='grc' dir='ltr'>καὶ</span> <span class='ocrx_word' id='word_1_734' title='bbox 3042 2892 3151 2965; x_wconf 85' lang='grc' dir='ltr'>γὰρ</span> <span class='ocrx_word' id='word_1_735' title='bbox 3185 2892 3394 2962; x_wconf 85' lang='grc' dir='ltr'>ἀφατος</span> <span class='ocrx_word' id='word_1_736' title='bbox 3428 2893 3528 2946; x_wconf 78' lang='grc' dir='ltr'>καὶ</span> <span class='ocrx_word' id='word_1_737' title='bbox 3576 2892 3736 2964; x_wconf 80' lang='grc' dir='ltr'>πολλὴ</span> <span class='ocrx_word' id='word_1_738' title='bbox 3761 2893 3862 2953; x_wconf 84' lang='grc' dir='ltr'>ταῖς</span> 
     </span>
    </p>
   </div>
   <div class='ocr_carea' id='block_1_100' title="bbox 2294 2970 3863 3048">
    <p class='ocr_par' dir='ltr' id='par_1_100' title="bbox 2294 2970 3863 3048">
     <span class='ocr_line' id='line_1_100' title="bbox 2294 2970 3863 3048; baseline 0.001 -24"><span class='ocrx_word' id='word_1_739' title='bbox 2294 2971 2497 3042; x_wconf 72' lang='grc' dir='ltr'>ψυχαῖς</span> <span class='ocrx_word' id='word_1_740' title='bbox 2522 2970 2680 3043; x_wconf 78' lang='grc' dir='ltr'>ἡμῶν</span> <span class='ocrx_word' id='word_1_741' title='bbox 2712 2974 2969 3029; x_wconf 80' lang='grc' dir='ltr'>ἐντεῦθεν</span> <span class='ocrx_word' id='word_1_742' title='bbox 3024 2978 3198 3048; x_wconf 86' lang='grc' dir='ltr'>είσρεῖ</span> <span class='ocrx_word' id='word_1_743' title='bbox 3225 2975 3412 3030; x_wconf 89' lang='grc' dir='ltr'>κακία.</span> <span class='ocrx_word' id='word_1_744' title='bbox 3442 2976 3510 3028; x_wconf 88' lang='grc' dir='ltr'>Τί</span> <span class='ocrx_word' id='word_1_745' title='bbox 3552 2975 3677 3048; x_wconf 84' lang='grc' dir='ltr'>γάρ,</span> <span class='ocrx_word' id='word_1_746' title='bbox 3718 2976 3763 3028; x_wconf 85' lang='grc' dir='ltr'>εί</span> <span class='ocrx_word' id='word_1_747' title='bbox 3785 2975 3863 3028; x_wconf 69' lang='grc' dir='ltr'>καὶ</span> 
     </span>
    </p>
   </div>
   <div class='ocr_carea' id='block_1_101' title="bbox 2299 3054 3864 3133">
    <p class='ocr_par' dir='ltr' id='par_1_101' title="bbox 2299 3054 3864 3133">
     <span class='ocr_line' id='line_1_101' title="bbox 2299 3054 3864 3133; baseline 0.002 -25"><span class='ocrx_word' id='word_1_748' title='bbox 2299 3057 2375 3127; x_wconf 84' lang='grc' dir='ltr'>μὴ</span> <span class='ocrx_word' id='word_1_749' title='bbox 2398 3054 2784 3127; x_wconf 78' lang='grc' dir='ltr'>αἰσθανώμεθα</span> <span class='ocrx_word' id='word_1_750' title='bbox 2818 3061 2885 3130; x_wconf 85' lang='grc' dir='ltr'>τῇ</span> <span class='ocrx_word' id='word_1_751' title='bbox 2911 3059 3063 3132; x_wconf 72' lang='grc' dir='ltr'>φιλία</span> <span class='ocrx_word' id='word_1_752' title='bbox 3099 3060 3385 3130; x_wconf 80' lang='grc' dir='ltr'>μεθύοντες</span> <span class='ocrx_word' id='word_1_753' title='bbox 3412 3076 3427 3127; x_wconf 88' lang='grc'><strong>;</strong></span> <span class='ocrx_word' id='word_1_754' title='bbox 3453 3061 3617 3115; x_wconf 88' lang='grc' dir='ltr'>τοῦτο</span> <span class='ocrx_word' id='word_1_755' title='bbox 3640 3060 3738 3133; x_wconf 74' lang='grc' dir='ltr'>γὰρ</span> <span class='ocrx_word' id='word_1_756' title='bbox 3753 3057 3864 3113; x_wconf 70' lang='grc' dir='ltr'>αὐτὸ</span> 
     </span>
    </p>
   </div>
   <div class='ocr_carea' id='block_1_102' title="bbox 2298 3139 3862 3216">
    <p class='ocr_par' dir='ltr' id='par_1_102' title="bbox 2298 3139 3862 3216">
     <span class='ocr_line' id='line_1_102' title="bbox 2298 3139 3862 3216; baseline 0.001 -21"><span class='ocrx_word' id='word_1_757' title='bbox 2298 3139 2519 3195; x_wconf 88' lang='grc' dir='ltr'>πάντων</span> <span class='ocrx_word' id='word_1_758' title='bbox 2547 3141 2666 3194; x_wconf 72' lang='grc' dir='ltr'>ἐστὶ</span> <span class='ocrx_word' id='word_1_759' title='bbox 2691 3141 3019 3206; x_wconf 89' lang='grc' dir='ltr'>δεινότατον,</span> <span class='ocrx_word' id='word_1_760' title='bbox 3051 3145 3133 3198; x_wconf 82' lang='grc' dir='ltr'>ὅτι</span> <span class='ocrx_word' id='word_1_761' title='bbox 3158 3145 3282 3198; x_wconf 74' lang='grc' dir='ltr'>οὐδὲ</span> <span class='ocrx_word' id='word_1_762' title='bbox 3324 3144 3484 3216; x_wconf 73' lang='grc' dir='ltr'>ἴσμεν</span> <span class='ocrx_word' id='word_1_763' title='bbox 3531 3146 3677 3209; x_wconf 82' lang='grc' dir='ltr'>ὅπως</span> <span class='ocrx_word' id='word_1_764' title='bbox 3699 3147 3862 3199; x_wconf 84' lang='grc' dir='ltr'>ἐκνευ-</span> 
     </span>
    </p>
   </div>
   <div class='ocr_carea' id='block_1_103' title="bbox 2298 3222 3858 3301">
    <p class='ocr_par' dir='ltr' id='par_1_103' title="bbox 2298 3222 3858 3301">
     <span class='ocr_line' id='line_1_103' title="bbox 2298 3222 3858 3301; baseline 0.004 -24"><span class='ocrx_word' id='word_1_765' title='bbox 2298 3222 2598 3296; x_wconf 77' lang='grc' dir='ltr'>ριζώμεθα,</span> <span class='ocrx_word' id='word_1_766' title='bbox 2635 3227 2729 3280; x_wconf 75' lang='grc' dir='ltr'>καὶ</span> <span class='ocrx_word' id='word_1_767' title='bbox 2751 3226 2923 3299; x_wconf 84' lang='grc' dir='ltr'>κηροῦ</span> <span class='ocrx_word' id='word_1_768' title='bbox 2949 3228 3150 3291; x_wconf 80' lang='grc' dir='ltr'>παντὸς</span> <span class='ocrx_word' id='word_1_769' title='bbox 3176 3227 3457 3299; x_wconf 82' lang='grc' dir='ltr'>γινώμεθα</span> <span class='ocrx_word' id='word_1_770' title='bbox 3488 3228 3858 3301; x_wconf 80' lang='grc' dir='ltr'>μαλακώτεροι.</span> 
     </span>
    </p>
   </div>
   <div class='ocr_carea' id='block_1_104' title="bbox 2296 3307 3862 3387">
    <p class='ocr_par' dir='ltr' id='par_1_104' title="bbox 2296 3307 3862 3387">
     <span class='ocr_line' id='line_1_104' title="bbox 2296 3307 3862 3387; baseline 0.001 -26"><span class='ocrx_word' id='word_1_771' title='bbox 2296 3307 2565 3382; x_wconf 78' lang='grc' dir='ltr'>Καθάπερ</span> <span class='ocrx_word' id='word_1_772' title='bbox 2594 3310 2702 3382; x_wconf 83' lang='grc' dir='ltr'>γάρ</span> <span class='ocrx_word' id='word_1_773' title='bbox 2732 3328 2815 3374; x_wconf 88' lang='grc' dir='ltr'>τις</span> <span class='ocrx_word' id='word_1_774' title='bbox 2837 3310 3027 3365; x_wconf 87' lang='grc' dir='ltr'>λέοντα</span> <span class='ocrx_word' id='word_1_775' title='bbox 3050 3312 3257 3384; x_wconf 81' lang='grc' dir='ltr'>γαῦρον</span> <span class='ocrx_word' id='word_1_776' title='bbox 3279 3313 3374 3366; x_wconf 84' lang='grc' dir='ltr'>καὶ</span> <span class='ocrx_word' id='word_1_777' title='bbox 3392 3312 3652 3387; x_wconf 65' lang='grc' dir='ltr'>βλοσυρδν</span> <span class='ocrx_word' id='word_1_778' title='bbox 3668 3313 3862 3384; x_wconf 82' lang='grc' dir='ltr'>βλέπον-</span> 
     </span>
    </p>
   </div>
   <div class='ocr_carea' id='block_1_105' title="bbox 2295 3389 3864 3468">
    <p class='ocr_par' dir='ltr' id='par_1_105' title="bbox 2295 3389 3864 3468">
     <span class='ocr_line' id='line_1_105' title="bbox 2295 3389 3864 3468; baseline 0.001 -22"><span class='ocrx_word' id='word_1_779' title='bbox 2295 3410 2364 3446; x_wconf 92' lang='grc' dir='ltr'>τα</span> <span class='ocrx_word' id='word_1_780' title='bbox 2386 3392 2589 3460; x_wconf 80' lang='grc' dir='ltr'>λαϐὼν,</span> <span class='ocrx_word' id='word_1_781' title='bbox 2621 3389 2741 3448; x_wconf 78' lang='grc' dir='ltr'>εἶτα</span> <span class='ocrx_word' id='word_1_782' title='bbox 2780 3395 3082 3467; x_wconf 82' lang='grc' dir='ltr'>ἀποκείρας</span> <span class='ocrx_word' id='word_1_783' title='bbox 3121 3395 3221 3466; x_wconf 81' lang='grc' dir='ltr'>μὲν</span> <span class='ocrx_word' id='word_1_784' title='bbox 3251 3396 3351 3466; x_wconf 86' lang='grc' dir='ltr'>τὴν</span> <span class='ocrx_word' id='word_1_785' title='bbox 3374 3397 3579 3468; x_wconf 91' lang='grc' dir='ltr'>κόμην,</span> <span class='ocrx_word' id='word_1_786' title='bbox 3611 3394 3797 3452; x_wconf 81' lang='grc' dir='ltr'>ἀνελὼν</span> <span class='ocrx_word' id='word_1_787' title='bbox 3817 3394 3864 3448; x_wconf 84' lang='grc' dir='ltr'>δέ</span> 
     </span>
    </p>
   </div>
   <div class='ocr_carea' id='block_1_106' title="bbox 2295 3475 3865 3554">
    <p class='ocr_par' dir='ltr' id='par_1_106' title="bbox 2295 3475 3865 3554">
     <span class='ocr_line' id='line_1_106' title="bbox 2295 3475 3865 3554; baseline 0.003 -26"><span class='ocrx_word' id='word_1_788' title='bbox 2295 3475 2421 3539; x_wconf 74' lang='grc' dir='ltr'>τοὺς</span> <span class='ocrx_word' id='word_1_789' title='bbox 2441 3476 2661 3541; x_wconf 80' lang='grc' dir='ltr'>ὀδόντας</span> <span class='ocrx_word' id='word_1_790' title='bbox 2677 3478 2772 3531; x_wconf 59' lang='grc' dir='ltr'>καί⁵</span> <span class='ocrx_word' id='word_1_791' title='bbox 2799 3496 2869 3531; x_wconf 85' lang='grc' dir='ltr'>πε</span> <span class='ocrx_word' id='word_1_792' title='bbox 2882 3478 3077 3550; x_wconf 84' lang='grc' dir='ltr'>ριελὼν</span> <span class='ocrx_word' id='word_1_793' title='bbox 3108 3480 3234 3542; x_wconf 82' lang='grc' dir='ltr'>τοὺς</span> <span class='ocrx_word' id='word_1_794' title='bbox 3250 3479 3469 3551; x_wconf 72' lang='grc' dir='ltr'>ὄνυχας,</span> <span class='ocrx_word' id='word_1_795' title='bbox 3498 3481 3719 3554; x_wconf 75' lang='grc' dir='ltr'>αἰσχρὸν</span> <span class='ocrx_word' id='word_1_796' title='bbox 3743 3480 3865 3535; x_wconf 80' lang='grc' dir='ltr'>ποιεῖ</span> 
     </span>
    </p>
   </div>
   <div class='ocr_carea' id='block_1_107' title="bbox 2297 3558 3865 3634">
    <p class='ocr_par' dir='ltr' id='par_1_107' title="bbox 2297 3558 3865 3634">
     <span class='ocr_line' id='line_1_107' title="bbox 2297 3558 3865 3634; baseline 0.003 -22"><span class='ocrx_word' id='word_1_797' title='bbox 2297 3558 2392 3612; x_wconf 72' lang='grc' dir='ltr'>καὶ</span> <span class='ocrx_word' id='word_1_798' title='bbox 2429 3561 2839 3630; x_wconf 88' lang='grc' dir='ltr'>καταγέλαστον</span> <span class='ocrx_word' id='word_1_799' title='bbox 2873 3562 2969 3616; x_wconf 72' lang='grc' dir='ltr'>καὶ</span> <span class='ocrx_word' id='word_1_800' title='bbox 3026 3562 3259 3627; x_wconf 89' lang='grc' dir='ltr'>παιδίοις</span> <span class='ocrx_word' id='word_1_801' title='bbox 3307 3563 3766 3634; x_wconf 76' lang='grc' dir='ltr'>εὐκαταγώνιστον</span> <span class='ocrx_word' id='word_1_802' title='bbox 3788 3562 3865 3616; x_wconf 79' lang='grc' dir='ltr'>τὸν</span> 
     </span>
    </p>
   </div>
   <div class='ocr_carea' id='block_1_108' title="bbox 2298 3642 3862 3719">
    <p class='ocr_par' dir='ltr' id='par_1_108' title="bbox 2298 3642 3862 3719">
     <span class='ocr_line' id='line_1_108' title="bbox 2298 3642 3862 3719; baseline 0.008 -26"><span class='ocrx_word' id='word_1_803' title='bbox 2298 3642 2528 3714; x_wconf 74' lang='grc' dir='ltr'>φοϐερὸν</span> <span class='ocrx_word' id='word_1_804' title='bbox 2560 3646 2654 3698; x_wconf 75' lang='grc' dir='ltr'>καὶ</span> <span class='ocrx_word' id='word_1_805' title='bbox 2697 3645 2994 3718; x_wconf 86' lang='grc' dir='ltr'>ἀφόρητον,</span> <span class='ocrx_word' id='word_1_806' title='bbox 3046 3647 3295 3701; x_wconf 75' lang='grc' dir='ltr'>καὶ.ἀπὸ</span> <span class='ocrx_word' id='word_1_807' title='bbox 3348 3647 3517 3718; x_wconf 91' lang='grc' dir='ltr'>μόνου</span> <span class='ocrx_word' id='word_1_808' title='bbox 3550 3647 3642 3703; x_wconf 88' lang='grc' dir='ltr'>τοῦ</span> <span class='ocrx_word' id='word_1_809' title='bbox 3686 3648 3862 3719; x_wconf 75' lang='grc' dir='ltr'>βρυχήο</span> 
     </span>
    </p>
   </div>
   <div class='ocr_carea' id='block_1_109' title="bbox 2300 3722 3866 3802">
    <p class='ocr_par' dir='ltr' id='par_1_109' title="bbox 2300 3722 3866 3802">
     <span class='ocr_line' id='line_1_109' title="bbox 2300 3722 3866 3802; baseline 0.001 -22"><span class='ocrx_word' id='word_1_810' title='bbox 2300 3744 2472 3797; x_wconf 87' lang='grc' dir='ltr'>ματος</span> <span class='ocrx_word' id='word_1_811' title='bbox 2525 3731 2703 3784; x_wconf 88' lang='grc' dir='ltr'>πάντα</span> <span class='ocrx_word' id='word_1_812' title='bbox 2756 3730 3001 3784; x_wconf 86' lang='grc' dir='ltr'>σείοντα·</span> <span class='ocrx_word' id='word_1_813' title='bbox 3036 3730 3180 3784; x_wconf 88' lang='grc' dir='ltr'>οῦτω</span> <span class='ocrx_word' id='word_1_814' title='bbox 3346 3733 3442 3786; x_wconf 78' lang='grc' dir='ltr'>καὶ</span> <span class='ocrx_word' id='word_1_815' title='bbox 3498 3728 3656 3788; x_wconf 76' lang='grc' dir='ltr'>αὗται</span> <span class='ocrx_word' id='word_1_816' title='bbox 3682 3732 3866 3794; x_wconf 84' lang='grc' dir='ltr'>πάντας</span> 
     </span>
    </p>
   </div>
   <div class='ocr_carea' id='block_1_110' title="bbox 2295 3812 3862 3888">
    <p class='ocr_par' dir='ltr' id='par_1_110' title="bbox 2295 3812 3862 3888">
     <span class='ocr_line' id='line_1_110' title="bbox 2295 3812 3862 3888; baseline -0.001 -21"><span class='ocrx_word' id='word_1_817' title='bbox 2295 3812 2453 3876; x_wconf 79' lang='grc' dir='ltr'>ὅσους</span> <span class='ocrx_word' id='word_1_818' title='bbox 2480 3813 2577 3867; x_wconf 84' lang='grc' dir='ltr'>ὲάν</span> <span class='ocrx_word' id='word_1_819' title='bbox 2614 3814 2854 3869; x_wconf 88' lang='grc' dir='ltr'>λάϐωσιν</span> <span class='ocrx_word' id='word_1_820' title='bbox 2878 3815 3240 3887; x_wconf 83' lang='grc' dir='ltr'>εὐχειρώτους</span> <span class='ocrx_word' id='word_1_821' title='bbox 3276 3815 3353 3887; x_wconf 81' lang='grc' dir='ltr'>τῷ</span> <span class='ocrx_word' id='word_1_822' title='bbox 3381 3816 3619 3888; x_wconf 86' lang='grc' dir='ltr'>διαϐόλῳ</span> <span class='ocrx_word' id='word_1_823' title='bbox 3654 3814 3862 3877; x_wconf 86' lang='grc' dir='ltr'>ποιοῦσι,</span> 
     </span>
    </p>
   </div>
   <div class='ocr_carea' id='block_1_111' title="bbox 2300 3894 3864 3971">
    <p class='ocr_par' dir='ltr' id='par_1_111' title="bbox 2300 3894 3864 3971">
     <span class='ocr_line' id='line_1_111' title="bbox 2300 3894 3864 3971; baseline 0.004 -23"><span class='ocrx_word' id='word_1_824' title='bbox 2300 3894 2746 3969; x_wconf 87' lang='grc' dir='ltr'>μαλακωτέρους,</span> <span class='ocrx_word' id='word_1_825' title='bbox 2806 3896 3195 3971; x_wconf 88' lang='grc' dir='ltr'>θερμοτέρους,</span> <span class='ocrx_word' id='word_1_826' title='bbox 3257 3899 3671 3971; x_wconf 84' lang='grc' dir='ltr'>ἀναισχύντους,</span> <span class='ocrx_word' id='word_1_827' title='bbox 3725 3900 3864 3968; x_wconf 84' lang='grc' dir='ltr'>ἀνοή-</span> 
     </span>
    </p>
   </div>
   <div class='ocr_carea' id='block_1_112' title="bbox 2296 3980 3863 4054">
    <p class='ocr_par' dir='ltr' id='par_1_112' title="bbox 2296 3980 3863 4054">
     <span class='ocr_line' id='line_1_112' title="bbox 2296 3980 3863 4054; baseline 0.003 -24"><span class='ocrx_word' id='word_1_828' title='bbox 2296 3996 2456 4046; x_wconf 84' lang='grc' dir='ltr'>τους,</span> <span class='ocrx_word' id='word_1_829' title='bbox 2509 3980 2863 4052; x_wconf 86' lang='grc' dir='ltr'>ἀκροχόλους,</span> <span class='ocrx_word' id='word_1_830' title='bbox 2923 3980 3167 4053; x_wconf 86' lang='grc' dir='ltr'>θρασεῖς,</span> <span class='ocrx_word' id='word_1_831' title='bbox 3231 3980 3530 4054; x_wconf 87' lang='grc' dir='ltr'>ἀκαίρους,</span> <span class='ocrx_word' id='word_1_832' title='bbox 3581 3982 3863 4045; x_wconf 74' lang='grc' dir='ltr'>ταπεινοὺς,</span> 
     </span>
    </p>
   </div>
   <div class='ocr_carea' id='block_1_113' title="bbox 2298 4064 3864 4140">
    <p class='ocr_par' dir='ltr' id='par_1_113' title="bbox 2298 4064 3864 4140">
     <span class='ocr_line' id='line_1_113' title="bbox 2298 4064 3864 4140; baseline 0.001 -23"><span class='ocrx_word' id='word_1_833' title='bbox 2298 4064 2565 4132; x_wconf 88' lang='grc' dir='ltr'>ἀγεννεῖς,</span> <span class='ocrx_word' id='word_1_834' title='bbox 2593 4065 2847 4138; x_wconf 88' lang='grc' dir='ltr'>ἀπηνεῖς,</span> <span class='ocrx_word' id='word_1_835' title='bbox 2880 4066 3294 4139; x_wconf 85' lang='grc' dir='ltr'>δουλοπρεπεῖς,</span> <span class='ocrx_word' id='word_1_836' title='bbox 3331 4067 3738 4140; x_wconf 81' lang='grc' dir='ltr'>ἀνελευθέρους,</span> <span class='ocrx_word' id='word_1_837' title='bbox 3770 4068 3864 4119; x_wconf 80' lang='grc' dir='ltr'>ἰτα-</span> 
     </span>
    </p>
   </div>
   <div class='ocr_carea' id='block_1_114' title="bbox 2300 4147 3862 4221">
    <p class='ocr_par' dir='ltr' id='par_1_114' title="bbox 2300 4147 3862 4221">
     <span class='ocr_line' id='line_1_114' title="bbox 2300 4147 3862 4221; baseline -0.001 -19"><span class='ocrx_word' id='word_1_838' title='bbox 2300 4149 2456 4217; x_wconf 82' lang='grc' dir='ltr'>μοὺς,</span> <span class='ocrx_word' id='word_1_839' title='bbox 2485 4147 2778 4220; x_wconf 88' lang='grc' dir='ltr'>φλυάρους,</span> <span class='ocrx_word' id='word_1_840' title='bbox 2821 4150 2913 4204; x_wconf 79' lang='grc' dir='ltr'>καὶ</span> <span class='ocrx_word' id='word_1_841' title='bbox 2939 4149 3127 4214; x_wconf 84' lang='grc' dir='ltr'>ἀπλῶς</span> <span class='ocrx_word' id='word_1_842' title='bbox 3163 4150 3343 4204; x_wconf 87' lang='grc' dir='ltr'>πάντα</span> <span class='ocrx_word' id='word_1_843' title='bbox 3371 4150 3440 4204; x_wconf 84' lang='grc' dir='ltr'>τά</span> <span class='ocrx_word' id='word_1_844' title='bbox 3465 4155 3750 4220; x_wconf 81' lang='grc' dir='ltr'>γυναικεῖα</span> <span class='ocrx_word' id='word_1_845' title='bbox 3770 4148 3862 4221; x_wconf 67' lang='grc' dir='ltr'>ἢθη</span> 
     </span>
    </p>
   </div>
   <div class='ocr_carea' id='block_1_115' title="bbox 2296 4230 3865 4305">
    <p class='ocr_par' dir='ltr' id='par_1_115' title="bbox 2296 4230 3865 4305">
     <span class='ocr_line' id='line_1_115' title="bbox 2296 4230 3865 4305; baseline 0.001 -21"><span class='ocrx_word' id='word_1_846' title='bbox 2296 4230 2368 4284; x_wconf 82' lang='grc' dir='ltr'>τά</span> <span class='ocrx_word' id='word_1_847' title='bbox 2395 4231 2767 4305; x_wconf 88' lang='grc' dir='ltr'>διεφθαρμένα</span> <span class='ocrx_word' id='word_1_848' title='bbox 2789 4232 3054 4305; x_wconf 84' lang='grc' dir='ltr'>φέρουσαι</span> <span class='ocrx_word' id='word_1_849' title='bbox 3084 4236 3165 4299; x_wconf 84' lang='grc' dir='ltr'>είς</span> <span class='ocrx_word' id='word_1_850' title='bbox 3192 4234 3293 4299; x_wconf 74' lang='grc' dir='ltr'>τὰς</span> <span class='ocrx_word' id='word_1_851' title='bbox 3329 4235 3537 4290; x_wconf 74' lang='grc' dir='ltr'>τούτων</span> <span class='ocrx_word' id='word_1_852' title='bbox 3581 4233 3865 4305; x_wconf 72' lang='grc' dir='ltr'>ἐναπομάτ-</span> 
     </span>
    </p>
   </div>
   <div class='ocr_carea' id='block_1_116' title="bbox 2298 4315 2712 4388">
    <p class='ocr_par' dir='ltr' id='par_1_116' title="bbox 2298 4315 2712 4388">
     <span class='ocr_line' id='line_1_116' title="bbox 2298 4315 2712 4388; baseline 0.002 -19"><span class='ocrx_word' id='word_1_853' title='bbox 2298 4333 2479 4370; x_wconf 88' lang='grc' dir='ltr'>τονται</span> <span class='ocrx_word' id='word_1_854' title='bbox 2510 4315 2712 4388; x_wconf 72' lang='grc' dir='ltr'>ψυχάς.</span> 
     </span>
    </p>
   </div>
   <div class='ocr_carea' id='block_1_117' title="bbox 2374 4400 3867 4475">
    <p class='ocr_par' dir='ltr' id='par_1_117' title="bbox 2374 4400 3867 4475">
     <span class='ocr_line' id='line_1_117' title="bbox 2374 4400 3867 4475; baseline -0.001 -21"><span class='ocrx_word' id='word_1_855' title='bbox 2374 4405 2461 4457; x_wconf 88' lang='grc' dir='ltr'>ια’.</span> <span class='ocrx_word' id='word_1_856' title='bbox 2491 4401 2606 4454; x_wconf 81' lang='lat' dir='ltr'>Kal</span> <span class='ocrx_word' id='word_1_857' title='bbox 2624 4401 2734 4473; x_wconf 89' lang='grc' dir='ltr'>γάρ</span> <span class='ocrx_word' id='word_1_858' title='bbox 2751 4402 3032 4475; x_wconf 86' lang='grc' dir='ltr'>ἀμήχανον</span> <span class='ocrx_word' id='word_1_859' title='bbox 3050 4402 3140 4457; x_wconf 77' lang='grc' dir='ltr'>τὸν</span> <span class='ocrx_word' id='word_1_860' title='bbox 3151 4403 3366 4472; x_wconf 76' lang='grc' dir='ltr'>γυναιξὶ</span> <span class='ocrx_word' id='word_1_861' title='bbox 3386 4404 3727 4460; x_wconf 78' lang='grc' dir='ltr'>συνοικοῦντα</span> <span class='ocrx_word' id='word_1_862' title='bbox 3746 4400 3867 4474; x_wconf 79' lang='grc' dir='ltr'>μετά</span> 
     </span>
    </p>
   </div>
   <div class='ocr_carea' id='block_1_118' title="bbox 2302 4483 3865 4559">
    <p class='ocr_par' dir='ltr' id='par_1_118' title="bbox 2302 4483 3865 4559">
     <span class='ocr_line' id='line_1_118' title="bbox 2302 4483 3865 4559; baseline 0.001 -22"><span class='ocrx_word' id='word_1_863' title='bbox 2302 4483 2651 4554; x_wconf 86' lang='grc' dir='ltr'>συμπαθείας</span> <span class='ocrx_word' id='word_1_864' title='bbox 2674 4485 2967 4557; x_wconf 86' lang='grc' dir='ltr'>τοσαύτης,</span> <span class='ocrx_word' id='word_1_865' title='bbox 3000 4488 3093 4540; x_wconf 74' lang='grc' dir='ltr'>καὶ</span> <span class='ocrx_word' id='word_1_866' title='bbox 3131 4488 3253 4551; x_wconf 87' lang='grc' dir='ltr'>ταῖς</span> <span class='ocrx_word' id='word_1_867' title='bbox 3274 4488 3499 4541; x_wconf 82' lang='grc' dir='ltr'>ἐκείνων</span> <span class='ocrx_word' id='word_1_868' title='bbox 3532 4487 3865 4559; x_wconf 80' lang='grc' dir='ltr'>ἐνστρεφόμεο</span> 
     </span>
    </p>
   </div>
   <div class='ocr_carea' id='block_1_119' title="bbox 2299 4567 3864 4645">
    <p class='ocr_par' dir='ltr' id='par_1_119' title="bbox 2299 4567 3864 4645">
     <span class='ocr_line' id='line_1_119' title="bbox 2299 4567 3864 4645; baseline -0.001 -23"><span class='ocrx_word' id='word_1_869' title='bbox 2299 4586 2388 4622; x_wconf 85' lang='grc' dir='ltr'>νον</span> <span class='ocrx_word' id='word_1_870' title='bbox 2415 4568 2675 4639; x_wconf 89' lang='grc' dir='ltr'>ὁμιλίαις,</span> <span class='ocrx_word' id='word_1_871' title='bbox 2702 4568 2779 4640; x_wconf 81' lang='grc' dir='ltr'>μὴ</span> <span class='ocrx_word' id='word_1_872' title='bbox 2806 4569 3056 4642; x_wconf 87' lang='grc' dir='ltr'>ἀγύρτην</span> <span class='ocrx_word' id='word_1_873' title='bbox 3085 4571 3208 4625; x_wconf 82' lang='grc' dir='ltr'>τινὰ</span> <span class='ocrx_word' id='word_1_874' title='bbox 3237 4569 3379 4624; x_wconf 77' lang='grc' dir='ltr'>εἶναι</span> <span class='ocrx_word' id='word_1_875' title='bbox 3406 4572 3501 4626; x_wconf 74' lang='grc' dir='ltr'>καὶ</span> <span class='ocrx_word' id='word_1_876' title='bbox 3529 4567 3864 4645; x_wconf 78' lang='grc' dir='ltr'>ἀγοραῖονκαὶ</span> 
     </span>
    </p>
   </div>
   <div class='ocr_carea' id='block_1_120' title="bbox 2301 4651 3863 4725">
    <p class='ocr_par' dir='ltr' id='par_1_120' title="bbox 2301 4651 3863 4725">
     <span class='ocr_line' id='line_1_120' title="bbox 2301 4651 3863 4725; baseline -0.001 -21"><span class='ocrx_word' id='word_1_877' title='bbox 2301 4651 2638 4723; x_wconf 87' lang='grc' dir='ltr'>συρφετώδη.</span> <span class='ocrx_word' id='word_1_878' title='bbox 2672 4651 2790 4706; x_wconf 85' lang='grc' dir='ltr'>Κᾶν</span> <span class='ocrx_word' id='word_1_879' title='bbox 2818 4654 2926 4722; x_wconf 79' lang='grc' dir='ltr'>γὰρ</span> <span class='ocrx_word' id='word_1_880' title='bbox 2971 4654 3278 4725; x_wconf 86' lang='grc' dir='ltr'>φθέγγηταί</span> <span class='ocrx_word' id='word_1_881' title='bbox 3322 4672 3396 4718; x_wconf 91' lang='grc' dir='ltr'>τι,</span> <span class='ocrx_word' id='word_1_882' title='bbox 3438 4655 3618 4710; x_wconf 86' lang='grc' dir='ltr'>πάντα</span> <span class='ocrx_word' id='word_1_883' title='bbox 3643 4655 3743 4710; x_wconf 83' lang='grc' dir='ltr'>ἀπὸ</span> <span class='ocrx_word' id='word_1_884' title='bbox 3771 4652 3863 4705; x_wconf 86' lang='grc' dir='ltr'>τῶν</span> 
     </span>
    </p>
   </div>
   <div class='ocr_carea' id='block_1_121' title="bbox 2303 4733 3864 4810">
    <p class='ocr_par' dir='ltr' id='par_1_121' title="bbox 2303 4733 3864 4810">
     <span class='ocr_line' id='line_1_121' title="bbox 2303 4733 3864 4810; baseline -0.001 -22"><span class='ocrx_word' id='word_1_885' title='bbox 2303 4736 2464 4789; x_wconf 86' lang='grc' dir='ltr'>ἱστῶν</span> <span class='ocrx_word' id='word_1_886' title='bbox 2503 4737 2598 4789; x_wconf 77' lang='grc' dir='ltr'>καὶ</span> <span class='ocrx_word' id='word_1_887' title='bbox 2631 4736 2740 4788; x_wconf 88' lang='grc' dir='ltr'>τῶν</span> <span class='ocrx_word' id='word_1_888' title='bbox 2774 4738 2938 4807; x_wconf 76' lang='grc' dir='ltr'>ἐρίων</span> <span class='ocrx_word' id='word_1_889' title='bbox 2979 4737 3297 4806; x_wconf 84' lang='grc' dir='ltr'>φθέγγεται,</span> <span class='ocrx_word' id='word_1_890' title='bbox 3332 4739 3432 4808; x_wconf 78' lang='grc' dir='ltr'>τῆς</span> <span class='ocrx_word' id='word_1_891' title='bbox 3453 4740 3695 4810; x_wconf 83' lang='grc' dir='ltr'>γλώττης</span> <span class='ocrx_word' id='word_1_892' title='bbox 3717 4733 3864 4791; x_wconf 84' lang='grc' dir='ltr'>αὐτοῦ</span> 
     </span>
    </p>
   </div>
   <div class='ocr_carea' id='block_1_122' title="bbox 2298 4819 3861 4895">
    <p class='ocr_par' dir='ltr' id='par_1_122' title="bbox 2298 4819 3861 4895">
     <span class='ocr_line' id='line_1_122' title="bbox 2298 4819 3861 4895; baseline 0.001 -24"><span class='ocrx_word' id='word_1_893' title='bbox 2298 4822 2363 4890; x_wconf 83' lang='grc' dir='ltr'>τῇ</span> <span class='ocrx_word' id='word_1_894' title='bbox 2383 4820 2627 4890; x_wconf 83' lang='grc' dir='ltr'>ποιότητι</span> <span class='ocrx_word' id='word_1_895' title='bbox 2649 4819 2755 4873; x_wconf 89' lang='grc' dir='ltr'>τῶν</span> <span class='ocrx_word' id='word_1_896' title='bbox 2786 4820 3112 4887; x_wconf 87' lang='grc' dir='ltr'>γυναικείων</span> <span class='ocrx_word' id='word_1_897' title='bbox 3144 4822 3589 4894; x_wconf 87' lang='grc' dir='ltr'>ἀναχρωσθείσης</span> <span class='ocrx_word' id='word_1_898' title='bbox 3612 4821 3861 4895; x_wconf 61' lang='grc' dir='ltr'>ῥημάτων</span> 
     </span>
    </p>
   </div>
   <div class='ocr_carea' id='block_1_123' title="bbox 2299 4902 3865 4978">
    <p class='ocr_par' dir='ltr' id='par_1_123' title="bbox 2299 4902 3865 4978">
     <span class='ocr_line' id='line_1_123' title="bbox 2299 4902 3865 4978; baseline 0.001 -23"><span class='ocrx_word' id='word_1_899' title='bbox 2299 4903 2404 4957; x_wconf 65' lang='grc' dir='ltr'>κᾶν</span> <span class='ocrx_word' id='word_1_900' title='bbox 2439 4905 2568 4973; x_wconf 87' lang='grc' dir='ltr'>ποιῇ</span> <span class='ocrx_word' id='word_1_901' title='bbox 2592 4920 2665 4966; x_wconf 90' lang='grc' dir='ltr'>τι,</span> <span class='ocrx_word' id='word_1_902' title='bbox 2697 4902 2837 4974; x_wconf 87' lang='grc' dir='ltr'>μετά</span> <span class='ocrx_word' id='word_1_903' title='bbox 2866 4904 3067 4976; x_wconf 85' lang='grc' dir='ltr'>πολλῆς</span> <span class='ocrx_word' id='word_1_904' title='bbox 3090 4904 3250 4960; x_wconf 85' lang='grc' dir='ltr'>τοῦτο</span> <span class='ocrx_word' id='word_1_905' title='bbox 3277 4906 3573 4978; x_wconf 82' lang='grc' dir='ltr'>ἐργάσεται</span> <span class='ocrx_word' id='word_1_906' title='bbox 3599 4906 3865 4975; x_wconf 79' lang='grc' dir='ltr'>δουλοπρε-</span> 
     </span>
    </p>
   </div>
   <div class='ocr_carea' id='block_1_124' title="bbox 2300 4987 3863 5063">
    <p class='ocr_par' dir='ltr' id='par_1_124' title="bbox 2300 4987 3863 5063">
     <span class='ocr_line' id='line_1_124' title="bbox 2300 4987 3863 5063; baseline 0.005 -24"><span class='ocrx_word' id='word_1_907' title='bbox 2300 4988 2481 5053; x_wconf 85' lang='grc' dir='ltr'>πείας,</span> <span class='ocrx_word' id='word_1_908' title='bbox 2512 4988 2706 5059; x_wconf 73' lang='grc' dir='ltr'>πόρρω</span> <span class='ocrx_word' id='word_1_909' title='bbox 2722 4987 2823 5058; x_wconf 80' lang='grc' dir='ltr'>τῆς</span> <span class='ocrx_word' id='word_1_910' title='bbox 2854 4989 3203 5061; x_wconf 81' lang='grc' dir='ltr'>Χριστιανοῖς</span> <span class='ocrx_word' id='word_1_911' title='bbox 3232 4990 3554 5063; x_wconf 82' lang='grc' dir='ltr'>πρεπούσης</span> <span class='ocrx_word' id='word_1_912' title='bbox 3581 4988 3863 5060; x_wconf 78' lang='grc' dir='ltr'>ἐλευθερίας</span> 
     </span>
    </p>
   </div>
   <div class='ocr_carea' id='block_1_125' title="bbox 2301 5071 3864 5146">
    <p class='ocr_par' dir='ltr' id='par_1_125' title="bbox 2301 5071 3864 5146">
     <span class='ocr_line' id='line_1_125' title="bbox 2301 5071 3864 5146; baseline -0.001 -22"><span class='ocrx_word' id='word_1_913' title='bbox 2301 5071 2492 5126; x_wconf 81' lang='grc' dir='ltr'>ἐαυτὸν</span> <span class='ocrx_word' id='word_1_914' title='bbox 2520 5072 2836 5136; x_wconf 83' lang='grc' dir='ltr'>ἀποικίσας,</span> <span class='ocrx_word' id='word_1_915' title='bbox 2867 5073 2962 5126; x_wconf 77' lang='grc' dir='ltr'>καὶ</span> <span class='ocrx_word' id='word_1_916' title='bbox 2989 5073 3125 5143; x_wconf 78' lang='grc' dir='ltr'>πρὸς</span> <span class='ocrx_word' id='word_1_917' title='bbox 3145 5073 3300 5128; x_wconf 75' lang='grc' dir='ltr'>οὐδὲν</span> <span class='ocrx_word' id='word_1_918' title='bbox 3328 5075 3436 5130; x_wconf 88' lang='grc' dir='ltr'>τῶν</span> <span class='ocrx_word' id='word_1_919' title='bbox 3470 5076 3713 5146; x_wconf 90' lang='grc' dir='ltr'>μεγάλων</span> <span class='ocrx_word' id='word_1_920' title='bbox 3748 5087 3864 5126; x_wconf 83' lang='grc' dir='ltr'>κατ-</span> 
     </span>
    </p>
   </div>
   <div class='ocr_carea' id='block_1_126' title="bbox 2307 5154 3884 5231">
    <p class='ocr_par' dir='ltr' id='par_1_126' title="bbox 2307 5154 3884 5231">
     <span class='ocr_line' id='line_1_126' title="bbox 2307 5154 3884 5231; baseline 0.006 -23"><span class='ocrx_word' id='word_1_921' title='bbox 2307 5155 2649 5226; x_wconf 70' lang='grc' dir='ltr'>ορ¹ὶωμάτων</span> <span class='ocrx_word' id='word_1_922' title='bbox 2681 5156 2970 5227; x_wconf 79' lang='grc' dir='ltr'>γενόμενος</span> <span class='ocrx_word' id='word_1_923' title='bbox 3020 5159 3316 5229; x_wconf 84' lang='grc' dir='ltr'>χρήσιμος.</span> <span class='ocrx_word' id='word_1_924' title='bbox 3345 5160 3457 5212; x_wconf 72' lang='grc' dir='ltr'>Καὶ</span> <span class='ocrx_word' id='word_1_925' title='bbox 3490 5161 3619 5231; x_wconf 78' lang='grc' dir='ltr'>γὰρ,</span> <span class='ocrx_word' id='word_1_926' title='bbox 3658 5160 3703 5211; x_wconf 86' lang='grc' dir='ltr'>εί</span> <span class='ocrx_word' id='word_1_927' title='bbox 3746 5154 3884 5227; x_wconf 68' lang='grc' dir='ltr'>πρὸς²</span> 
     </span>
    </p>
   </div>
   <div class='ocr_carea' id='block_1_127' title="bbox 2299 5236 3861 5316">
    <p class='ocr_par' dir='ltr' id='par_1_127' title="bbox 2299 5236 3861 5316">
     <span class='ocr_line' id='line_1_127' title="bbox 2299 5236 3861 5316; baseline -0.001 -25"><span class='ocrx_word' id='word_1_928' title='bbox 2299 5238 2367 5291; x_wconf 79' lang='grc' dir='ltr'>τὰ</span> <span class='ocrx_word' id='word_1_929' title='bbox 2395 5239 2626 5309; x_wconf 73' lang='grc' dir='ltr'>βιωτικὰ</span> <span class='ocrx_word' id='word_1_930' title='bbox 2650 5240 2746 5293; x_wconf 76' lang='grc' dir='ltr'>καὶ</span> <span class='ocrx_word' id='word_1_931' title='bbox 2776 5239 3027 5293; x_wconf 77' lang='grc' dir='ltr'>πολιτικὰ</span> <span class='ocrx_word' id='word_1_932' title='bbox 3044 5243 3345 5313; x_wconf 86' lang='grc' dir='ltr'>πράγματα</span> <span class='ocrx_word' id='word_1_933' title='bbox 3361 5244 3631 5316; x_wconf 73' lang='grc' dir='ltr'>ἄχρηστος</span> <span class='ocrx_word' id='word_1_934' title='bbox 3657 5243 3683 5294; x_wconf 82' lang='grc' dir='ltr'>ὁ</span> <span class='ocrx_word' id='word_1_935' title='bbox 3706 5236 3861 5293; x_wconf 64' lang='lat'><strong>70:05-</strong></span> 
     </span>
    </p>
   </div>
   <div class='ocr_carea' id='block_1_128' title="bbox 2299 5323 3861 5399">
    <p class='ocr_par' dir='ltr' id='par_1_128' title="bbox 2299 5323 3861 5399">
     <span class='ocr_line' id='line_1_128' title="bbox 2299 5323 3861 5399; baseline -0.001 -22"><span class='ocrx_word' id='word_1_936' title='bbox 2299 5341 2412 5386; x_wconf 80' lang='grc' dir='ltr'>τος,</span> <span class='ocrx_word' id='word_1_937' title='bbox 2468 5323 2648 5394; x_wconf 83' lang='grc' dir='ltr'>πολλῷ</span> <span class='ocrx_word' id='word_1_938' title='bbox 2702 5324 2904 5394; x_wconf 81' lang='grc' dir='ltr'>μᾶλλον</span> <span class='ocrx_word' id='word_1_939' title='bbox 2928 5325 3063 5395; x_wconf 77' lang='grc' dir='ltr'>πρὸς</span> <span class='ocrx_word' id='word_1_940' title='bbox 3095 5328 3156 5380; x_wconf 73' lang='grc' dir='ltr'>το</span> <span class='ocrx_word' id='word_1_941' title='bbox 3182 5326 3293 5380; x_wconf 87' lang='grc' dir='ltr'>τῶν</span> <span class='ocrx_word' id='word_1_942' title='bbox 3317 5325 3701 5399; x_wconf 88' lang='grc' dir='ltr'>πνευματικῶν</span> <span class='ocrx_word' id='word_1_943' title='bbox 3721 5323 3861 5395; x_wconf 82' lang='grc' dir='ltr'>μέγε-</span> 
     </span>
    </p>
   </div>
   <div class='ocr_carea' id='block_1_129' title="bbox 2300 5404 3861 5483">
    <p class='ocr_par' dir='ltr' id='par_1_129' title="bbox 2300 5404 3861 5483">
     <span class='ocr_line' id='line_1_129' title="bbox 2300 5404 3861 5483; baseline 0.004 -23"><span class='ocrx_word' id='word_1_944' title='bbox 2300 5407 2411 5472; x_wconf 89' lang='grc' dir='ltr'>θος,</span> <span class='ocrx_word' id='word_1_945' title='bbox 2466 5407 2502 5461; x_wconf 82' lang='grc' dir='ltr'>ἃ</span> <span class='ocrx_word' id='word_1_946' title='bbox 2552 5408 2792 5480; x_wconf 85' lang='grc' dir='ltr'>τοσούτῳ</span> <span class='ocrx_word' id='word_1_947' title='bbox 2831 5409 3002 5462; x_wconf 88' lang='grc' dir='ltr'>δεῖται</span> <span class='ocrx_word' id='word_1_948' title='bbox 3033 5421 3059 5449; x_wconf 73' lang='grc' dir='ltr'><strong>α</strong></span> <span class='ocrx_word' id='word_1_949' title='bbox 3093 5411 3484 5483; x_wconf 86' lang='grc' dir='ltr'>γενναιοτέρων</span> <span class='ocrx_word' id='word_1_950' title='bbox 3531 5410 3747 5481; x_wconf 88' lang='grc' dir='ltr'>ἀνδρῶν,</span> <span class='ocrx_word' id='word_1_951' title='bbox 3797 5404 3861 5467; x_wconf 59' lang='lat'>1&#39;&quot;;</span> 
     </span>
    </p>
   </div>
   <div class='ocr_carea' id='block_1_130' title="bbox 2303 5485 3860 5567">
    <p class='ocr_par' dir='ltr' id='par_1_130' title="bbox 2303 5485 3860 5567">
     <span class='ocr_line' id='line_1_130' title="bbox 2303 5485 3860 5567; baseline -0.001 -22"><span class='ocrx_word' id='word_1_952' title='bbox 2303 5492 2439 5562; x_wconf 77' lang='grc' dir='ltr'>μηδὲ</span> <span class='ocrx_word' id='word_1_953' title='bbox 2468 5491 2739 5546; x_wconf 77' lang='grc' dir='ltr'>ἅπτεσθαι</span> <span class='ocrx_word' id='word_1_954' title='bbox 2768 5494 2950 5547; x_wconf 84' lang='grc' dir='ltr'>αὐτῶν</span> <span class='ocrx_word' id='word_1_955' title='bbox 2977 5494 3239 5549; x_wconf 85' lang='grc' dir='ltr'>δύνασθαι</span> <span class='ocrx_word' id='word_1_956' title='bbox 3271 5496 3399 5559; x_wconf 82' lang='grc' dir='ltr'>τοὺς</span> <span class='ocrx_word' id='word_1_957' title='bbox 3431 5485 3860 5567; x_wconf 76' lang='grc' dir='ltr'>μέλλοντας.αὺτᾶ</span> 
     </span>
    </p>
   </div>
   <div class='ocr_carea' id='block_1_131' title="bbox 2303 5573 3850 5650">
    <p class='ocr_par' dir='ltr' id='par_1_131' title="bbox 2303 5573 3850 5650">
     <span class='ocr_line' id='line_1_131' title="bbox 2303 5573 3850 5650; baseline -0.001 -22"><span class='ocrx_word' id='word_1_958' title='bbox 2303 5574 2568 5646; x_wconf 87' lang='grc' dir='ltr'>μετιέναι,</span> <span class='ocrx_word' id='word_1_959' title='bbox 2603 5579 2652 5630; x_wconf 83' lang='grc' dir='ltr'>εί</span> <span class='ocrx_word' id='word_1_960' title='bbox 2685 5577 2761 5649; x_wconf 86' lang='grc' dir='ltr'>μὴ</span> <span class='ocrx_word' id='word_1_961' title='bbox 2791 5577 3013 5647; x_wconf 78' lang='grc' dir='ltr'>ἄγγελοι</span> <span class='ocrx_word' id='word_1_962' title='bbox 3044 5579 3286 5646; x_wconf 87' lang='grc' dir='ltr'>γένοιντο</span> <span class='ocrx_word' id='word_1_963' title='bbox 3316 5578 3377 5643; x_wconf 80' lang='grc' dir='ltr'>ἐξ</span> <span class='ocrx_word' id='word_1_964' title='bbox 3404 5577 3715 5650; x_wconf 83' lang='grc' dir='ltr'>ἀνθρώπων.</span> <span class='ocrx_word' id='word_1_965' title='bbox 3750 5573 3850 5626; x_wconf 73' lang='grc' dir='ltr'>Οὐκ</span> 
     </span>
    </p>
   </div>
   <div class='ocr_carea' id='block_1_132' title="bbox 2297 5652 3860 5734">
    <p class='ocr_par' dir='ltr' id='par_1_132' title="bbox 2297 5652 3860 5734">
     <span class='ocr_line' id='line_1_132' title="bbox 2297 5652 3860 5734; baseline -0.005 -19"><span class='ocrx_word' id='word_1_966' title='bbox 2297 5660 2451 5715; x_wconf 71' lang='grc' dir='ltr'>αὐτοὶ</span> <span class='ocrx_word' id='word_1_967' title='bbox 2467 5659 2525 5713; x_wconf 77' lang='grc' dir='ltr'>δὲ</span> <span class='ocrx_word' id='word_1_968' title='bbox 2554 5660 2714 5732; x_wconf 83' lang='grc' dir='ltr'>μόνον</span> <span class='ocrx_word' id='word_1_969' title='bbox 2742 5663 2941 5716; x_wconf 82' lang='grc' dir='ltr'>κακίαν</span> <span class='ocrx_word' id='word_1_970' title='bbox 2967 5661 3316 5734; x_wconf 80' lang='grc' dir='ltr'>ὑποδέχονται</span> <span class='ocrx_word' id='word_1_971' title='bbox 3332 5662 3615 5733; x_wconf 87' lang='grc' dir='ltr'>τοσαύτην,</span> <span class='ocrx_word' id='word_1_972' title='bbox 3628 5658 3752 5714; x_wconf 64' lang='grc' dir='ltr'>ἀλλὰ</span> <span class='ocrx_word' id='word_1_973' title='bbox 3777 5652 3860 5708; x_wconf 70' lang='grc' dir='ltr'>καὶ</span> 
     </span>
    </p>
   </div>
   <div class='ocr_carea' id='block_1_133' title="bbox 2299 5737 3858 5819">
    <p class='ocr_par' dir='ltr' id='par_1_133' title="bbox 2299 5737 3858 5819">
     <span class='ocr_line' id='line_1_133' title="bbox 2299 5737 3858 5819; baseline -0.001 -22"><span class='ocrx_word' id='word_1_974' title='bbox 2299 5744 2536 5808; x_wconf 84' lang='grc' dir='ltr'>ἐκείναις</span> <span class='ocrx_word' id='word_1_975' title='bbox 2583 5744 2730 5816; x_wconf 74' lang='grc' dir='ltr'>ἠθῶν</span> <span class='ocrx_word' id='word_1_976' title='bbox 2755 5746 3165 5819; x_wconf 81' lang='grc' dir='ltr'>διεφθαρμένων</span> <span class='ocrx_word' id='word_1_977' title='bbox 3210 5747 3373 5800; x_wconf 77' lang='grc' dir='ltr'>αἴτιοι</span> <span class='ocrx_word' id='word_1_978' title='bbox 3405 5746 3658 5816; x_wconf 79' lang='grc' dir='ltr'>γίνονται.</span> <span class='ocrx_word' id='word_1_979' title='bbox 3695 5737 3858 5796; x_wconf 78' lang='grc' dir='ltr'>Καθά-</span> 
     </span>
    </p>
   </div>
   <div class='ocr_carea' id='block_1_134' title="bbox 2304 5822 3855 5902">
    <p class='ocr_par' dir='ltr' id='par_1_134' title="bbox 2304 5822 3855 5902">
     <span class='ocr_line' id='line_1_134' title="bbox 2304 5822 3855 5902; baseline -0.002 -21"><span class='ocrx_word' id='word_1_980' title='bbox 2304 5844 2409 5897; x_wconf 84' lang='grc' dir='ltr'>περ</span> <span class='ocrx_word' id='word_1_981' title='bbox 2455 5827 2562 5901; x_wconf 76' lang='grc' dir='ltr'>γὶιρ</span> <span class='ocrx_word' id='word_1_982' title='bbox 2609 5822 2754 5882; x_wconf 75' lang='grc' dir='ltr'>οῦτοι</span> <span class='ocrx_word' id='word_1_983' title='bbox 2791 5831 2993 5901; x_wconf 81' lang='grc' dir='ltr'>σφόδρα</span> <span class='ocrx_word' id='word_1_984' title='bbox 3039 5831 3232 5894; x_wconf 80' lang='grc' dir='ltr'>αὐταῖς</span> <span class='ocrx_word' id='word_1_985' title='bbox 3278 5830 3536 5902; x_wconf 80' lang='grc' dir='ltr'>ἀρέσκειν</span> <span class='ocrx_word' id='word_1_986' title='bbox 3571 5825 3855 5900; x_wconf 81' lang='grc' dir='ltr'>βουλόμενοι</span> 
     </span>
    </p>
   </div>
   <div class='ocr_carea' id='block_1_135' title="bbox 2301 5905 3853 5986">
    <p class='ocr_par' dir='ltr' id='par_1_135' title="bbox 2301 5905 3853 5986">
     <span class='ocr_line' id='line_1_135' title="bbox 2301 5905 3853 5986; baseline -0.003 -19"><span class='ocrx_word' id='word_1_987' title='bbox 2301 5912 2396 5983; x_wconf 72' lang='grc' dir='ltr'>τῆς</span> <span class='ocrx_word' id='word_1_988' title='bbox 2423 5913 2799 5986; x_wconf 81' lang='grc' dir='ltr'>ἁρμοττούσης</span> <span class='ocrx_word' id='word_1_989' title='bbox 2834 5916 3109 5981; x_wconf 81' lang='grc' dir='ltr'>πολιτείας</span> <span class='ocrx_word' id='word_1_990' title='bbox 3160 5915 3539 5973; x_wconf 74' lang='grc' dir='ltr'>ἐκϐαίνουσιν·</span> <span class='ocrx_word' id='word_1_991' title='bbox 3594 5911 3729 5968; x_wconf 77' lang='grc' dir='ltr'>οὕτω</span> <span class='ocrx_word' id='word_1_992' title='bbox 3776 5905 3853 5965; x_wconf 69' lang='grc' dir='ltr'>καὶ</span> 
     </span>
    </p>
   </div>
   <div class='ocr_carea' id='block_1_136' title="bbox 2362 6015 3055 6082">
    <p class='ocr_par' dir='ltr' id='par_1_136' title="bbox 2362 6015 3055 6082">
     <span class='ocr_line' id='line_1_136' title="bbox 2362 6015 3055 6082; baseline 0.006 -15"><span class='ocrx_word' id='word_1_993' title='bbox 2362 6016 2388 6045; x_wconf 76' lang='grc'><strong>⁸</strong></span> <span class='ocrx_word' id='word_1_994' title='bbox 2413 6015 2563 6068; x_wconf 73' lang='lat' dir='ltr'>Savil.</span> <span class='ocrx_word' id='word_1_995' title='bbox 2578 6017 2745 6082; x_wconf 80' lang='grc' dir='ltr'>δεῖται,</span> <span class='ocrx_word' id='word_1_996' title='bbox 2768 6017 2939 6070; x_wconf 79' lang='lat' dir='ltr'>Morel.</span> <span class='ocrx_word' id='word_1_997' title='bbox 2967 6017 3055 6071; x_wconf 76' lang='grc' dir='ltr'>δεῖ.</span> 
     </span>
    </p>
   </div>
  </div>
