4138 6424
638 402 735 455 5H

639 510 851 566 Etenim
878 526 938 566 se
962 521 1156 565 ornant
1182 511 1468 575 curiosius,
1498 510 1863 565 delicatiorum
1900 510 2128 567 vestium
2172 518 2227 563 et

636 602 880 656 incessus
904 603 1122 656 multam
1146 617 1331 657 curam
1363 602 1578 667 habent,
1623 610 1678 656 et
1702 617 1822 672 quae
1850 617 1957 656 non
1992 601 2115 656 licet
2146 610 2227 655 to-

632 700 685 745 ta
734 692 822 746 die
849 702 1150 762 nugzmtur:
1184 690 1470 762 nam‘quia
1506 692 1688 747 vident
1732 691 1816 746 bis
1862 692 2228 761 incompositis

636 783 877 847 moribus
897 792 950 837 et
970 783 1148 837 verbis
1170 782 1445 849 oblectari,
1478 784 1656 838 omnia
1676 784 1912 838 studiose
1931 792 2220 847 sectantur,

637 889 733 942 per
761 889 878 943 quae
907 875 1050 944 ipsos
1080 875 1131 927 in
1160 876 1418 929 servitute
1446 874 1773 929 contineant.
1804 872 1919 928 Jam
1965 874 2009 929 si
2040 873 2223 928 volue-

635 967 803 1018 rimus
825 967 1101 1035 paulisper
1122 966 1459 1035 resipiscere,
1493 974 1548 1020 et
1589 965 1756 1019 nostri
1801 966 2036 1034 ipsorum
2078 979 2218 1032 esse,

631 1065 687 1109 et
717 1057 835 1110 illas
864 1056 1188 1111 lucrabimur
1208 1099 1222 1122 ,
1268 1066 1322 1111 et
1365 1072 1462 1111 nos
1501 1057 1644 1126 ipsos
1665 1066 1719 1111 et
1742 1055 1878 1110 alios
1906 1071 2094 1113 omnes
2121 1074 2134 1111 :
2167 1067 2221 1112 et

632 1147 774 1200 sicut
806 1162 947 1201 nunc
972 1147 1283 1216 perditionis
1308 1146 1599 1202 ‘multorum
1628 1147 1707 1201 rei
1737 1146 1858 1202 facti
1895 1161 2076 1201 sumus
2098 1187 2116 1214 ,
2143 1146 2220 1202 sic

628 1244 687 1291 et
714 1251 742 1289 a
773 1237 1058 1291 multorum
1090 1238 1260 1292 salute
1297 1249 1420 1292 tunc
1448 1237 1748 1292 mercedem
1780 1238 2136 1307 accipiemus;
2167 1246 2222 1293 et

631 1329 823 1397 quibus
854 1344 995 1383 nunc
1017 1331 1250 1398 [Nitimur
1278 1330 1539 1399 turpiter,
1594 1330 1698 1384 illis
1742 1330 1983 1385 fruemur
2026 1345 2220 1400 magno

635 1435 756 1475 cum
787 1422 1008 1476 honore.
1032 1424 1141 1477 Cur
1165 1424 1307 1477 enim
1333 1424 1410 1476 vis
1439 1422 1689 1478 honorari
1717 1439 1746 1476 a
1777 1423 2109 1488 mulieribus,
2132 1422 2221 1478 dic

610 1510 763 1565 mihi
785 1513 807 1565 ἲ
833 1513 1059 1567 Maxime
1085 1513 1358 1582 indignum
1386 1513 1488 1567 hoc
1507 1525 1589 1568 est
1608 1515 1723 1568 viro
1738 1514 2018 1583 spirituali,
2038 1530 2218 1570 amare

630 1604 792 1657 talem
821 1603 1081 1660 honorem
1107 1622 1122 1673 ;
1156 1617 1521 1661 verumtamen
1553 1616 1608 1662 et
1639 1618 1765 1663 tunc
1791 1608 1982 1674 aderit,
2004 1608 2216 1678 quando

629 1709 734 1748 non
763 1711 1064 1765 quaeremus
1120 1698 1311 1767 ipsum.
1357 1698 1503 1754 Solet
1549 1699 1691 1754 enim
1737 1699 1899 1754 homo
1941 1699 2218 1769 despicere

624 1801 722 1839 eos
738 1788 825 1857 qui
848 1805 906 1842 se
927 1789 1127 1855 colunt,
1151 1799 1204 1844 ct
1223 1791 1272 1843 in
1292 1790 1642 1845 admiratione
1668 1789 1865 1845 habere
1889 1805 1985 1846 eos
2001 1792 2088 1861 qui
2112 1806 2216 1845 non

628 1879 950 1934 adulantur:
984 1883 1067 1936 cui
1097 1883 1175 1937 rei
1204 1883 1479 1937 muliebris
1526 1892 1711 1937 natura
1767 1885 1936 1952 magis
1984 1884 2214 1938 obnoxia

629 1983 732 2026 est.
762 1972 893 2026 Nam
918 1975 961 2026 si
994 1975 1100 2028 illis
1125 1975 1243 2045 quis
1273 1975 1541 2039 aduietur,
1576 1974 1927 2029 intolerabilis
1953 1984 2066 2041 est;
2121 1976 2217 2029 ad—

628 2064 854 2117 miratur
891 2073 1067 2118 antem
1096 2066 1337 2119 omnium
1373 2067 1603 2121 maxime
1646 2082 1760 2133 eos,
1785 2068 1875 2136 qui
1900 2067 2091 2122 cedere
2122 2083 2217 2121 ne-

628 2157 807 2209 sciunt
835 2172 932 2211 nec
961 2158 1317 2212 succumbunt
1368 2159 1757 2229 intempestivis
1803 2160 1913 2214 suis
1956 2162 2212 2229 concupi-

624 2249 882 2301 scentiis:
915 2259 962 2303 et
990 2248 1145 2317 hujus
1172 2264 1267 2303 vos
1296 2249 1425 2303 mihi
1455 2259 1620 2305 testes
1664 2251 1835 2306 eritis.
1879 2252 2027 2306 Nunc
2069 2254 2210 2307 enim

625 2354 731 2393 non
762 2340 934 2394 solum
966 2341 1194 2405 externi,
1214 2341 1307 2395 sed
1336 2349 1390 2396 et
1411 2342 1539 2411 ipsa:
1561 2357 1773 2412 quoque
1799 2343 2213 2399 contubernales

621 2447 721 2486 vos
748 2433 988 2497 irrident,
1022 2434 1121 2488 etsi
1145 2449 1250 2488 non
1289 2434 1593 2499 manifeste,
1622 2447 1768 2491 certe
1808 2445 1982 2491 tamen
2009 2438 2212 2491 incon-

618 2524 842 2577 scicntia
871 2564 885 2587 ,
939 2526 1334 2595 glorianturque
1380 2526 1478 2581 hac
1521 2526 1652 2581 dura
1704 2528 2029 2600 tyrannide;
2087 2539 2213 2583 tunc

621 2622 798 2668 autem
814 2619 1030 2669 omnino
1048 2630 1141 2670 vos
1165 2617 1587 2685 admirabuntur,
1620 2629 1921 2675 ctvesuam
1953 2621 2210 2691 obstupe-

616 2713 775 2760 scent
795 2706 1113 2762 libertatem.
1131 2706 1284 2776 Quod
1306 2709 1352 2763 si
1378 2710 1575 2765 nostris
1597 2713 1936 2767 sermonibus
1967 2727 2070 2766 non
2094 2728 2211 2767 cre-

617 2795 767 2861 ditis,
793 2797 912 2850 illas
936 2798 1077 2867 ipsas
1104 2799 1450 2870 interrogate,
1474 2811 1626 2855 utros
1672 2803 1842 2871 magis
1892 2803 2106 2858 laudent
2155 2812 2211 2859 et

619 2886 941 2955 approbent,
964 2903 1035 2942 an
1064 2904 1158 2943 eos
1188 2891 1276 2960 qui
1308 2890 1569 2953 serviunt,
1601 2907 1668 2946 au
1699 2895 1788 2963 qui
1812 2893 2157 2949 dominantur
2188 2910 2207 2951 :

617 2978 910 3047 subjectos,
943 2988 997 3035 et
1025 2981 1112 3052 qui
1149 2982 1325 3038 omnia
1352 2981 1555 3038 faciunt
1584 2994 1637 3041 et
1662 2987 1937 3056 patiuntur
1961 2988 2012 3042 in
2066 2989 2208 3059 ipsa-

622 3085 741 3126 rum
785 3075 1030 3143 gratiam,
1061 3075 1142 3129 vel
1174 3077 1262 3144 qui
1296 3077 1425 3131 nihil
1457 3076 1646 3132 horum
1680 3079 1870 3145 ferunt,
1926 3092 1981 3135 et
2032 3082 2208 3150 pravis

614 3180 801 3218 earum
829 3182 1017 3235 parere
1045 3167 1310 3224 mandatis
1336 3169 1677 3225 erubescunt.
1728 3168 1797 3225 Et
1838 3172 1885 3226 si
1911 3171 2091 3228 volent
2126 3172 2208 3228 di-

612 3269 739 3311 cere
768 3272 971 3325 verum,
1000 3260 1221 3314 omnino
1248 3259 1388 3326 illos,
1419 3259 1826 3331 respondebunt
1851 3279 1865 3316 :
1896 3263 2005 3317 imo
2032 3277 2206 3335 neque

614 3361 877 3417 responso
903 3363 1058 3418 Opus,
1107 3351 1271 3406 rebus
1320 3352 1458 3407 istuc
1503 3348 1687 3423 ipsum’
1705 3353 2081 3410 clamantibus.
2137 3356 2208 3410 At

614 3440 902 3510 voluptatis
927 3444 1097 3513 gratia
1128 3444 1218 3514 qui
1246 3445 1520 3502 cohabitat
1538 3448 1728 3517 opibus
1760 3447 1963 3515 inhiat,
2014 3449 2200 3505 oculos

617 3546 842 3600 pasci-ns
868 3535 1133 3604 virginum
1171 3538 1495 3606 aspectibus.
1537 3539 1685 3594 Licet
1728 3541 1961 3596 maxime
1991 3541 2206 3612 quidem

613 3624 718 3679 hoc
743 3626 813 3680 ita
853 3630 915 3680 se
935 3626 1175 3696 haberet,
1225 3638 1404 3686 tamen
1434 3642 1650 3703 propter
1677 3631 1781 3689 hoc
1819 3634 1991 3704 ipsum
2024 3636 2206 3707 fugere

611 3719 939 3787 oportebat:
979 3736 1120 3776 nunc
1170 3732 1349 3778 autem
1399 3724 1553 3780 vobis
1598 3727 1730 3782 satis
1776 3727 2203 3784 demonstratum

614 3820 699 3865 est
725 3812 866 3881 quod
897 3827 1061 3868 suave
1091 3812 1194 3869 hoc
1221 3830 1328 3869 non
1356 3817 1464 3883 sit,
1523 3817 1619 3872 sed
1652 3818 1807 3887 plane
1848 3820 2201 3889 contrarium,

612 3900 657 3954 si
684 3903 805 3971 quis
831 3903 932 3958 hac
956 3906 1409 3975 contemplatione
1453 3922 1558 3961 non
1608 3909 1851 3966 fmatur:
1897 3920 1953 3967 et
1996 3922 2054 3968 tu
2098 3912 2204 3969 illis

610 3992 832 4062 adjicito
859 3993 1014 4049 bona:
1044 3998 1389 4052 conscientia:
1412 3997 1674 4054 laetitiam.

686 4083 838 4139 Nihil
851 4086 924 4140 sic
951 4088 1203 4142 exhilarat
1224 4100 1279 4142 ut
1300 4091 1605 4145 conscientia
1630 4091 1778 4147 bona.
1803 4122 1877 4134 —
1895 4094 2038 4151 Nihil
2058 4096 2202 4152 enim

610 4192 710 4232 nos
736 4178 814 4233 sic
844 4179 1145 4238 exhilarare
1174 4183 1331 4250 Solet,
1367 4194 1424 4240 ut
1448 4188 1775 4244 conscientia
1815 4206 1947 4260 pura
1979 4200 2033 4247 et
2062 4192 2203 4249 bona

613 4281 760 4337 epes.
790 4269 895 4325 Sed
918 4271 1112 4341 quietis
1159 4275 1325 4344 gratia
1354 4275 1459 4333 hoc
1503 4277 1770 4349 inquiris?
1811 4279 1930 4336 Jam
1973 4282 2197 4339 demon-

611 4368 840 4414 stratum
856 4371 941 4416 est
961 4361 1106 4432 quod
1132 4362 1235 4419 hoc
1260 4364 1468 4422 facilius
1492 4377 1657 4435 esset,
1676 4369 1719 4425 si
1740 4369 1906 4426 frater
1923 4372 2200 4430 cohabita-

613 4461 739 4506 ret:
773 4468 835 4509 ac
883 4469 1027 4511 nunc
1077 4456 1210 4512 nihil
1263 4474 1294 4512 a
1338 4473 1495 4516 servo
1522 4461 1726 4530 diﬂ'ers,
1757 4472 1812 4519 et
1839 4481 2086 4535 quaerens
2111 4483 2201 4523 re-

607 4545 814 4613 quiem,
844 4549 1157 4603 servitutem
1188 4551 1436 4607 invenisti
1472 4555 1845 4624 gravissimam
1876 4576 1889 4611 :
1922 4573 2044 4613 ettm
2071 4574 2202 4615 vero

611 4635 867 4691 immunis
894 4637 962 4692 ab
992 4638 1095 4695 hoc
1117 4642 1417 4700 ministerio
1446 4644 1628 4713 fueris,
1664 4657 1773 4702 tum
1805 4650 1912 4705 eris
1942 4650 2082 4706 inter
2105 4667 2200 4708 eos

610 4729 702 4796 qui
730 4728 1014 4797 imperant,
1048 4746 1152 4787 non
1184 4734 1377 4805 quibus
1408 4739 1719 4807 imperatur.
1745 4739 1908 4811 Igitur
1928 4743 1971 4796 si
2002 4742 2074 4798 ibi
2102 4758 2200 4815 pro

611 4818 886 4889 voluptate
925 4837 1144 4891 maeror,
1177 4834 1232 4881 et
1267 4842 1363 4897 pro
1410 4829 1575 4900 gloria
1610 4831 1882 4897 confusio,
1910 4845 1965 4890 et
2007 4852 2103 4906 pro
2133 4841 2199 4895 li-

608 4911 817 4969 bertate
851 4917 1110 4984 servitus,
1154 4927 1208 4973 et
1234 4934 1330 4989 pro
1355 4924 1537 4994 requie
1563 4923 1730 4991 labor,
1758 4935 1814 4982 et
1841 4929 2102 4985 accedunt
2130 4931 2197 4987 ad

609 5000 727 5059 haec
751 5005 892 5075 quod
915 5016 969 5062 et
998 5007 1137 5063 Deus
1160 5009 1579 5083 hlaSphematur,
1632 5026 1685 5071 et
1714 5026 1856 5072 tanta
1880 5021 2109 5088 perditio
2135 5038 2199 5077 ac

609 5094 879 5163 scandala,
912 5106 965 5152 et
987 5098 1302 5155 immortalis
1332 5116 1510 5171 poena,
1543 5114 1597 5160 et
1642 5107 1987 5174 plurimorum
2031 5111 2198 5166 hono-

604 5199 723 5241 rum
765 5188 1021 5255 amissio;
1080 5190 1168 5245 hic
1209 5204 1386 5249 autem
1438 5199 1706 5254 contraria
1751 5201 1953 5267 omnia,
2004 5203 2195 5273 gloria,

606 5277 813 5344 honor,
856 5281 1124 5351 voluptas,
1163 5283 1377 5351 ﬁducia,
1428 5286 1668 5353 libertas,
1701 5292 1844 5346 salus
1874 5294 2193 5360 animarum,

605 5371 752 5441 regni
775 5370 1063 5436 hereditas,
1084 5389 1256 5445 paena:
1279 5375 1529 5444 eﬁugium
1557 5397 1570 5434 :
1607 5381 1757 5452 cujus
1786 5385 1862 5439 rei
1893 5386 2059 5455 gratia
2091 5402 2197 5442 non

605 5458 729 5516 haec
754 5463 861 5518 illis
888 5467 1387 5523 commutabimus?
1419 5469 1530 5540 Ego
1552 5483 1697 5529 certe
1717 5474 1919 5541 nescio,
1950 5476 2047 5531 nisi
2073 5479 2193 5548 quis

603 5553 837 5622 seipsum
863 5557 1090 5625 perdere
1112 5557 1412 5628 desideret;
1441 5563 1545 5618 ulla
1573 5564 1832 5635 siquidem
1861 5569 2014 5622 nobis
2041 5579 2194 5639 post-

603 5640 704 5697 hac
730 5643 973 5701 defensio
1001 5649 1107 5704 erit
1135 5664 1234 5706 nec
1261 5653 1439 5708 venia.
1466 5652 1523 5711 Si
1548 5656 1713 5719 enim.
1768 5659 2012 5726 quamvis
2056 5659 2190 5716 nihil

603 5733 794 5789 horum
847 5747 1029 5806 esset,
1084 5744 1262 5800 omnia
1306 5753 1483 5802 tamen
1536 5762 1632 5818 pro
1684 5748 1852 5818 gloria
1906 5751 2000 5806 Dei
2052 5753 2193 5809 ferre

550 5866 556 5871 .
601 5827 903 5898 oportebat,
921 5844 1044 5888 cum
1072 5843 1127 5892 ct
1153 5840 1436 5905 prtesentia
1456 5839 1751 5910 percipere,
1771 5850 1823 5898 et
1852 5842 2026 5900 futura
2043 5859 2189 5903 asse-

1379 397 1437 452 S.
1478 395 1760 453 JOANNIS
1795 392 2275 452 CHRYSOSTOMI
2314 391 2635 450 ARCHiEP.
2678 388 3212 451 CONSTANTINOP.
3761 403 3845 465 διε

2332 506 2422 577 qui
2470 507 2609 563 bona
2654 505 2845 574 liceat;
2889 526 2987 564 nos
3016 518 3191 563 autem
3239 518 3586 582 praeterquam
3630 517 3756 585 quod
3784 518 3858 578 Del

2331 598 2500 667 gloria
2527 597 2948 668 blasphematur,
2976 614 3074 654 nos
3092 601 3239 669 ipsos
3261 602 3419 655 etiam
3443 603 3737 672 perdimus:
3762 610 3859 679 quis

2332 703 2430 742 nos
2455 688 2645 757 eripiet
2672 702 2723 744 et
2753 689 3000 744 liberabit
3023 704 3055 745 a
3098 688 3360 761 supplicio
3401 701 3613 765 propter
3648 695 3740 753 hoc
3774 698 3859 755 ita-

2331 778 2609 834 minente?
2635 779 2823 834 Nullus
2843 795 2995 834 sane.

2401 868 2491 923 12.
2514 869 2702 924 Omnia
2744 870 2905 939 igitur
2937 870 3051 925 hrcc
3079 871 3353 926 nobiscum
3375 875 3763 944 perpendentes,
3792 880 3861 934 vel

2328 974 2451 1015 sero
2481 960 2693 1015 tandem
2724 975 3033 1031 reparemus
3060 964 3355 1017 animarum
3386 966 3625 1021 salutem.
3655 968 3790 1036 Quod
3825 971 3862 1025 si

2327 1052 2453 1121 quid
2482 1051 2807 1109 difﬁcultatis
2853 1052 3015 1109 habet
3038 1054 3216 1109 divelli
3242 1071 3271 1110 a
3303 1054 3455 1126 longa
3493 1061 3857 1129 consuetudine,

2326 1145 2380 1199 vi
2408 1146 2669 1200 ratiocinii
2697 1162 2799 1201 una
2823 1161 2943 1202 cum
2976 1147 3066 1201 Dei
3096 1148 3264 1217 gratia
3291 1148 3392 1203 hoc
3432 1159 3591 1204 totum
3623 1153 3859 1221 permitta-

2326 1253 2466 1303 mus,
2492 1249 2545 1294 et
2581 1238 2711 1295 illud
2734 1239 2887 1295 nobis
2914 1240 3346 1310 persuadeamus,
3402 1243 3482 1297 vel
3510 1243 3555 1299 si
3584 1244 3859 1315 principium

2322 1329 2497 1385 solum
2524 1331 2863 1400 imponamus
2890 1333 3059 1401 operi,
3090 1347 3195 1386 non
3226 1333 3362 1387 ultra
3391 1335 3594 1388 visuros
3616 1350 3705 1389 nos
3738 1336 3860 1390 diii-

2322 1423 2577 1478 cultatem
2604 1442 2617 1477 :
2647 1424 2726 1479 sic
2743 1423 3000 1479 adversus
3015 1426 3455 1479 consuetudinem
3479 1416 3858 1495 praevalebimus.

2323 1515 2456 1571 Nam
2482 1517 2526 1571 si
2548 1516 2733 1572 decem
2758 1518 2874 1573 dies
2901 1525 2954 1573 te
2978 1518 3324 1582 abstraxeris,
3375 1517 3581 1573 facilius
3626 1518 3750 1575 feres
3791 1522 3855 1574 vi-

2320 1608 2476 1676 ginti,
2510 1620 2565 1662 et
2610 1608 2802 1663 iterum
2856 1608 2938 1664 bis
2964 1618 3172 1673 tantos;
3222 1609 3522 1680 deindeque
3549 1612 3731 1664 sensim
3759 1622 3858 1679 pro-

2322 1699 2570 1770 grediens
2617 1715 2791 1771 neque
2813 1702 3014 1755 senties
3048 1701 3414 1756 difﬁcultatem
3466 1716 3620 1771 quam
3664 1701 3858 1756 habuisti

2323 1791 2496 1854 initio,
2530 1792 2842 1861 videbisque
2871 1791 3181 1847 facillimum
3206 1791 3371 1857 factu,
3413 1792 3552 1862 quod
3579 1802 3650 1846 tot
3692 1806 3857 1862 agones

2322 1883 2469 1951 prius
2500 1882 2845 1952 exposcebat,
2876 1891 2933 1937 et
2961 1883 3014 1937 in
3044 1884 3202 1936 aliam
3254 1893 3305 1937 te
3334 1883 3617 1937 transferes
3663 1896 3854 1937 consue-

2324 1974 2583 2036 tudinem,
2643 1974 2924 2029 inveniens
2949 1973 3087 2028 haud
3110 1975 3179 2027 ita
3201 1988 3419 2043 gravem
3448 1973 3815 2028 translationem
3841 1986 3855 2027 :

2323 2078 2499 2133 neque
2528 2063 2579 2117 id
2601 2078 2696 2132 per
2723 2044 3162 2118 consuetudinem
3179 2064 3371 2128 solum,
3404 2063 3500 2119 sed
3514 2072 3566 2117 et
3592 2079 3678 2133 per
3695 2063 3855 2117 bonan

2318 2170 2470 2225 spem
2515 2156 2805 2224 continget.
2851 2155 2941 2210 Sic
2968 2165 3019 2209 te
3050 2156 3153 2209 illa:
3189 2156 3355 2225 magis
3386 2155 3794 2221 admirabuntur,
3816 2163 3858 2209 et

2320 2245 2465 2300 Deus
2492 2261 2599 2314 pra:
2627 2246 2748 2301 aliis
2767 2255 3045 2316 acceptum
3076 2246 3327 2309 habebit,
3386 2256 3445 2301 et
3487 2247 3715 2301 homines
3738 2261 3859 2300 coro-

2320 2337 2545 2403 nabunt,
2577 2338 2833 2407 viresque
2864 2338 3033 2393 libere
3052 2347 3108 2393 et
3152 2336 3405 2407 iucunde.
3434 2338 3567 2404 Quid
3606 2337 3737 2392 enim
3762 2336 3857 2390 iue-

2316 2430 2391 2484 rit
2410 2430 2648 2496 suavius,
2676 2446 2833 2500 quam
2859 2446 2891 2484 a
2919 2431 3055 2484 mala
3082 2431 3409 2486 conscientia
3444 2430 3668 2495 liberari,
3689 2437 3739 2483 et
3760 2442 3860 2497 per-

2318 2536 2537 2596 petuum
2569 2528 3018 2597 concupiscentia:
3062 2526 3259 2581 bellum
3286 2526 3541 2580 dirimere
3565 2567 3579 2591 ,
3623 2534 3675 2579 et
3722 2524 3857 2578 multa

2319 2619 2572 2673 facilitate
2597 2619 2858 2690 insignem
2887 2619 3233 2674 continentur:
3259 2633 3517 2674 coronam
3561 2619 3788 2689 plectere,
3816 2623 3860 2669 et

2315 2710 2498 2766 liberis
2546 2711 2716 2766 oculis
2766 2712 2817 2765 in
2870 2712 3060 2765 cadum
3107 2712 3397 2780 respicere,
3436 2714 3860 2780 puraquevoceet

2310 2802 2478 2858 corde
2493 2802 2773 2857 Dominum
2792 2803 3160 2858 universorum
3179 2804 3463 2857 invocare?
3476 2801 3653 2856 Nullus
3669 2798 3856 2860 catenis,

2313 2896 2560 2966 squalore
2613 2905 2670 2951 et
2692 2895 2812 2950 aliis
2864 2911 3144 2951 carcerum
3196 2895 3552 2950 incommodis
3595 2902 3855 2961 exemptus,

2315 2988 2423 3043 imo
2449 2989 2627 3044 nullus
2654 2989 2745 3059 qui
2774 3003 2949 3043 caecus
2975 2998 3092 3044 crat
3117 2989 3321 3058 apertis
3348 2989 3542 3054 oculis,
3567 2997 3615 3042 et
3644 2988 3746 3039 visa
3780 2983 3859 3037 hac

2310 3079 2455 3135 dulci
2481 3079 2600 3134 luce
2624 3082 2700 3135 sic
2721 3081 2949 3146 exsulat,
2978 3081 3138 3150 gestit
3155 3089 3212 3135 et
3255 3079 3547 3150 tripudiat,
3590 3089 3645 3133 ut
3684 3078 3761 3147 qui
3804 3074 3858 3129 ab

2315 3171 2416 3226 hac
2434 3171 2690 3227 servitute
2717 3172 2929 3225 liberari
2953 3172 3144 3241 potuit.
3169 3170 3351 3241 Longe
3371 3172 3517 3226 enim
3544 3169 3735 3225 dulcior
3774 3166 3856 3221 hac

2314 3263 2434 3318 luce
2459 3272 2541 3317 est
2561 3263 2805 3317 libentia
2835 3263 2902 3317 ab
2931 3264 3029 3317 hac
3058 3264 3358 3334 tyrannide,
3415 3273 3470 3318 et
3497 3263 3641 3319 omni
3667 3260 3859 3330 caligine

2310 3358 2527 3426 gravior
2550 3356 2823 3413 servitutis
2849 3356 2986 3411 illius
3010 3366 3066 3411 et
3089 3356 3421 3412 vinculorum
3443 3357 3668 3412 miseria.
3693 3355 3857 3410 Verum

2311 3448 2440 3518 quid
2467 3461 2602 3518 opus
2628 3458 2712 3503 est
2756 3448 3019 3518 [lI'QHXiUS
3059 3447 3337 3518 utriusque
3384 3448 3512 3503 vita:
3539 3446 3858 3503 conditionem

2313 3540 2583 3610 persequi,
2611 3554 2734 3594 cum
2786 3538 2875 3593 illa
2920 3538 3134 3609 quidem
3183 3538 3575 3610 indignitatem,
3606 3538 3855 3599 tristitiam,

2311 3631 2564 3686 damnum
2590 3640 2647 3686 et
2670 3632 3069 3702 corruptionem
3100 3645 3382 3700 magnam;
3437 3632 3551 3688 hazc
3578 3646 3698 3686 vero
3721 3628 3859 3683 liber-

2311 3730 2497 3787 tatem,
2526 3723 2874 3793 voluptatem,
2915 3722 3195 3777 utilitatem
3218 3730 3273 3777 et
3297 3724 3520 3778 multam
3562 3720 3858 3793 prudentiam

2309 3829 2423 3886 prae
2450 3829 2510 3871 se
2529 3813 2697 3870 ferat?
2726 3814 2913 3870 Nullus
2933 3815 3076 3870 enim
3098 3830 3159 3870 ea
3183 3828 3360 3869 sermo
3377 3825 3553 3886 potest
3574 3814 3858 3884 exprimere,

2310 3906 2404 3963 sed
2429 3908 2543 3962 sola
2568 3921 2751 3962 rerum
2781 3907 3136 3976 experientia.
3179 3906 3245 3963 Et
3277 3916 3404 3962 tunc
3437 3909 3600 3979 probe
3641 3905 3799 3962 scietis
3835 3915 3859 3955 a

2310 4000 2503 4071 quibus
2529 4001 2686 4056 malis
2708 4001 2921 4057 liberati
2967 4001 3119 4069 sitis,
3169 4017 3327 4072 quam
3373 4003 3643 4073 assequuti
3688 3997 3861 4054 fueritis

2309 4093 2497 4160 vitam,
2526 4108 2648 4149 cmn
2676 4096 2852 4163 reipsa
2877 4093 3032 4149 nobis
3059 4092 3437 4164 obtemperare
3461 4093 3740 4148 volueritis.
3769 4088 3860 4142 0b-

2311 4185 2680 4255 temperabitis
2702 4185 2861 4255 igitur
2886 4200 3008 4239 cum
3036 4200 3200 4255 opere
3256 4186 3370 4255 ipso
3421 4202 3542 4257 quae
3586 4184 3714 4240 dicta
3758 4184 3862 4234 sunt

2308 4277 2620 4334 didiceritis.
2674 4277 2827 4345 Quod
2858 4279 2904 4333 si
2934 4278 3106 4334 adhuc
3134 4280 3387 4349 respuitis
3407 4322 3423 4345 ,
3466 4289 3518 4335 et
3550 4278 3731 4334 nostris
3766 4284 3863 4328 ser-

2309 4369 2560 4424 monibus
2599 4386 2706 4425 non
2746 4369 2985 4436 creditis,
3019 4369 3345 4441 interrogate
3387 4370 3593 4440 aliquos
3630 4367 3713 4437 qui
3747 4365 3863 4418 hanc

2307 4461 2626 4517 servitutem
2649 4461 2869 4517 tulerint
2903 4462 3209 4533 aliquando,
3260 4471 3313 4517 et
3332 4463 3526 4517 deinde
3572 4457 3764 4516 liberati
3803 4452 3860 4507 ad

2310 4553 2614 4610 libertatem
2642 4554 2836 4610 bonam
2863 4556 3210 4623 recurrerint,
3243 4565 3295 4611 et
3314 4557 3496 4612 scietis
3517 4548 3861 4611 admonitionis

2309 4644 2468 4715 hujus
2498 4645 2724 4700 lucrum.
2781 4644 2989 4700 Etenim
3013 4654 3068 4701 et
3095 4645 3344 4700 Salomon
3390 4661 3511 4700 cum
3559 4641 3860 4699 saecularium

2307 4752 2488 4793 rerum
2508 4737 2934 4808 concupiscentia
2955 4746 3248 4805 teneretur,
3277 4750 3497 4807 magnas
3522 4750 3611 4792 cas
3637 4744 3687 4791 et
3710 4729 3859 4788 admi-

2307 4829 2503 4883 randas
2520 4828 2756 4898 putabat,
2784 4828 3116 4899 multumque
3141 4830 3195 4883 in
3222 4830 3299 4883 eis
3330 4830 3527 4883 laboris
3552 4836 3605 4883 et
3632 4825 3859 4881 sollicitu-

2307 4920 2447 4975 dinis
2489 4921 2789 4975 insumebat
2818 4921 3126 4991 magniﬁcas
3169 4921 3480 4975 aediﬁcando
3507 4921 3689 4975 domos
3710 4960 3724 4982 ,
3778 4917 3861 4967 im-

2306 5025 2549 5065 mensum
2579 5012 2944 5066 coacervando
2966 5025 3175 5076 aurum,
3200 5011 3571 5082 congregando
3613 5016 3858 5063 cantorum

2305 5102 2531 5168 choros,
2566 5105 2713 5158 varia
2764 5118 2961 5175 genera
2993 5103 3357 5157 ministrorum
3402 5090 3599 5158 mens:°c
3642 5108 3691 5154 et
3732 5095 3863 5166 popi-

2306 5210 2408 5261 nae,
2435 5196 2726 5265 quzerendo
2753 5196 2946 5250 animae
2974 5210 3084 5251 sure
3127 5196 3456 5266 voluptatem
3495 5194 3563 5250 ab
3611 5194 3858 5247 hortorum

2304 5295 2361 5341 et
2385 5302 2671 5356 corporum
2693 5286 3052 5341 formosorum
3083 5287 3273 5359 gratia,
3330 5297 3385 5343 ct
3430 5300 3666 5349 omnem,
3709 5289 3759 5334 ut
3799 5280 3857 5332 ita

2304 5378 2500 5444 dicam,
2534 5379 2907 5434 oblectationis
2929 5389 2984 5433 ct
3012 5380 3275 5449 refrigerii
3326 5380 3461 5434 viam
3492 5374 3753 5433 sectando.
3802 5371 3859 5423 At

2304 5471 2393 5525 ubi
2420 5472 2542 5525 inde
2562 5471 2629 5525 ad
2650 5485 2709 5525 se
2728 5486 2975 5526 reversus
2999 5483 3053 5527 et
3071 5472 3221 5542 quasi
3248 5487 3315 5527 ex
3344 5472 3625 5542 caliginosa
3654 5462 3855 5537 quadam

2303 5564 2499 5636 abysso
2516 5565 2582 5620 ad
2608 5565 2785 5619 lumen
2809 5580 2951 5619 verte
2973 5565 3248 5635 sapientiae
3270 5566 3536 5634 respicere
3553 5560 3728 5623 valuit,
3751 5564 3856 5607 tunc

2303 5658 2588 5714 sublimem
2617 5657 2761 5712 illam
2789 5668 2843 5712 et
2867 5658 3014 5714 caelis
3040 5658 3252 5728 dignam
3281 5658 3456 5714 emisit
3475 5668 3658 5711 vocem
3684 5670 3697 5704 :
3726 5644 3858 5701 ιάηἱ·

2304 5761 2381 5806 tas
2405 5751 2704 5820 oanitatum,
2737 5752 2945 5818 dicens,
2977 5762 3027 5806 et
3053 5753 3223 5806 omnia
3241 5755 3459 5807 vanitas.

2373 5845 2460 5901 15.
2497 5841 2703 5914 Majora
2728 5845 3018 5915 praestanda
3047 5845 3100 5899 in
3131 5862 3258 5901 nova
3287 5847 3393 5918 lege
3414 5888 3427 5915 ,
3456 5860 3605 5915 quam
3634 5842 3681 5895 in
3709 5832 3851 5893 remi.
