4138 6424
553 334 662 391 515

551 450 670 507 ὁδὸν
736 446 1096 518 ψυχαγωγίας
1172 448 1269 501 καὶ
1328 449 1576 522 τέρψεως
1642 448 1825 521 ἐαυτῷ
1886 449 2140 521 τέμνων·

552 531 740 600 ἐπειδὴ
770 531 829 584 δὲ
859 530 1055 601 μικρὸν
1090 530 1301 584 ἐκεῖθεν
1331 534 1625 603 ἀνήνεγκε,
1667 534 1763 588 καὶ
1802 532 2058 605 καθάπερ
2089 532 2147 599 ἐξ

550 613 791 668 ἀϐύσσου
828 615 975 678 τινὸς
1009 613 1245 685 ζοφερᾶς
1278 616 1581 687 ἀναϐλέψαι
1627 616 1764 689 πρὸς
1802 617 1864 671 τὸ
1906 619 2007 688 τῆς
2056 636 2146 688 φι-

551 697 809 765 λοσοφίας
839 697 1028 767 ἴσχυσε
1061 697 1198 768 φῶς,
1229 699 1533 771 τηνικαῦτα
1558 702 1655 771 τὴν
1685 701 1899 772 ὑῂλὴν
1928 701 2148 771 ἐκείνην

551 783 647 836 καὶ
696 781 797 852 τὴν
844 782 954 834 τῶν
1008 782 1255 854 οὐρανῶν
1319 783 1477 850 ἀξίαν
1538 786 1718 855 ἀφῆκε
1767 787 1985 857 φωνήνο
2023 789 2149 840 Μα-

550 866 1235 935 ταιότηςθματαιοτήτων,
1255 867 1451 935 λέγων,
1487 868 1557 921 τὰ
1572 867 1772 922 πάντα
1791 870 2145 938 ματαιότης.

624 945 841 1019 Ταύτην
877 949 974 1003 καὶ
1030 949 1223 1019 ὑμεῖς,
1278 951 1377 1004 καὶ
1408 951 1616 1022 ταύτης
1676 951 2036 1024 ὑψηλοτέραν,
2081 952 2149 1005 ἂν

552 1028 868 1101 ἐθελήσητε,
910 1031 1093 1103 ψῆφον
1147 1032 1331 1086 οἴσετε
1365 1034 1496 1106 περὶ
1537 1034 1643 1104 τῆς
1669 1033 1905 1106 ἀκαίρου
1943 1033 2151 1105 ταύτης

551 1114 766 1186 ἡδονῆς,
798 1115 896 1169 ὲάν
945 1117 1141 1187 μικρὸν
1185 1118 1416 1182 ἑαυτοὺς
1442 1104 1555 1188 τῆς
1607 1104 1849 1189 πονηρᾶς
1904 1104 2149 1187 ἀποστή⁶

553 1215 681 1269 σητε
733 1199 1042 1268 συνηθείας.
1082 1200 1280 1253 Καίτοι
1321 1217 1386 1269 γε
1414 1201 1444 1253 ό
1474 1199 1729 1270 Σολομὼν
1774 1202 1832 1253 ἐν
1874 1203 1988 1263 τοῖς
2039 1200 2151 1254 ἄνω

550 1282 844 1352 γενόμενος
872 1283 1088 1354 χρόνοις
1124 1284 1245 1337 οὐδέ
1289 1283 1493 1355 πολλὴν
1527 1284 1791 1357 ἀπῃτεῖτο
1831 1284 2153 1354 φιλοσοφίας

551 1364 867 1435 ἀκρίϐειαν·
911 1365 1036 1419 οὔτε
1082 1367 1193 1439 γὰρ
1239 1369 1452 1439 τρυφᾷν
1481 1369 1510 1421 ό
1542 1366 1768 1429 παλαιὸς
1811 1365 2018 1420 ἐκώλυε
2065 1367 2154 1421 νό-

556 1465 690 1518 μος,
741 1448 865 1501 οῦτε
910 1449 1019 1503 τῶν
1073 1451 1250 1508 ἀλλων
1299 1450 1657 1504 ἀπολαύσεων
1711 1450 2007 1504 ἀπολαύειν
2055 1467 2154 1503 πε-

556 1531 739 1602 ριττὸν
793 1532 995 1604 ἔφησεν
1046 1528 1185 1587 εἶναι
1234 1534 1331 1587 καὶ
1389 1535 1651 1605 μάταιον·
1693 1533 1807 1588 ἀλλ’
1849 1536 2001 1605 ὅμως
2057 1535 2154 1588 καὶ

552 1612 696 1668 οὕτω
736 1615 845 1669 τῶν
897 1617 1241 1689 πραγμάτων
1277 1617 1509 1689 ἐχόντων
1536 1617 1777 1690 ἠδυνήθη
1817 1618 2049 1671 συνιδεῖν
2091 1619 2154 1673 τὸ

552 1699 612 1752 ἐν
651 1698 834 1763 αὐτοῖς
866 1701 1149 1770 ἀνόνητον,
1194 1702 1290 1755 καὶ
1334 1700 1538 1774 πολλὴν
1584 1701 1767 1755 αὐτῶν
1805 1701 2153 1771 καταγνῶναι

557 1782 917 1855 ματαιότητα.
956 1784 1149 1856 Ἡμεῖς
1198 1785 1258 1838 δὲ
1302 1785 1397 1838 ἐπὶ
1434 1786 1656 1855 μείζονα
1708 1785 2026 1857 καλούμεθα
2054 1803 2155 1838 πο-

551 1865 781 1929 λιτείαν,
832 1868 929 1921 καὶ
986 1868 1124 1940 πρὸς
1172 1867 1514 1940 ὑψηλοτέραν
1573 1869 1940 1941 ἀναϐαίνομεν
1990 1886 2156 1941 κορυ-

552 1950 681 2020 φὴν,
712 1950 806 2004 καὶ
833 1950 970 2020 πρὸς
1003 1951 1228 2021 μείζονα
1260 1950 1657 2023 ἀπεδυσάμεθα
1688 1953 2016 2024 σκάμματα.
2046 1952 2157 2006 Kal

550 2032 606 2084 τί
645 2033 754 2104 γὰρ
784 2033 972 2105 ἕτερον
1003 2035 1119 2089 ἀλλ’
1163 2036 1197 2107 ἢ
1252 2036 1392 2089 κατά
1443 2035 1539 2100 τάς
1587 2037 1702 2091 ἄνω
1751 2036 2012 2106 δυνάμεις
2057 2034 2157 2098 τάς

551 2116 748 2186 νοερὰς
795 2117 889 2170 καὶ
941 2117 1275 2189 ἀσωμάτους
1339 2118 1555 2181 ὲκείνας
1617 2117 1999 2173 πολιτεύεσθαι
2059 2134 2155 2171 κεο

553 2196 859 2268 λευόμεθα;
896 2200 1021 2263 Πῶς
1071 2197 1166 2254 οὖν
1205 2202 1308 2255 οὐκ
1340 2201 1568 2273 αἰσχρὸν
1622 2202 1719 2256 καὶ
1771 2201 1976 2273 πολλῆς
2005 2200 2156 2266 ἀξιον

553 2281 831 2347 κολάσεως
880 2284 1141 2349 ἐλάττους
1176 2287 1389 2339 ἐκείνου
1437 2286 1673 2355 φανῆναι
1710 2285 1910 2356 πολλῷ,
1942 2286 2039 2340 καὶ
2080 2285 2156 2357 μὴ

557 2363 720 2435 μόνον
753 2367 862 2420 τῶν
908 2369 1428 2441 συγκεχωρημένων
1484 2368 1562 2441 μὴ
1595 2368 1846 2438 γίνεσθαι
1894 2368 2157 2440 ὑψηλοτέο

557 2466 716 2521 ρους..
742 2450 997 2525 καθάπερ
1029 2453 1258 2517 ἐκεῖνος,
1307 2453 1445 2507 ἀλλά
1476 2453 1571 2507 καὶ
1602 2453 1712 2507 τῶν
1758 2452 2155 2523 κεκωλυμένων

553 2535 648 2587 καὶ
675 2536 948 2605 τιμωρίαν
996 2537 1231 2607 ἐχόντων
1281 2537 1558 2609 ἀφόρητον
1587 2536 1896 2599 ἀπτεσθαις
1942 2537 2016 2590 Τὸ
2045 2536 2156 2607 γὰρ

552 2617 732 2687 ἔρωτα
763 2620 821 2670 ἐν
849 2622 915 2690 τῇ
946 2619 1092 2690 ψυχῇ
1131 2621 1367 2692 πονηρὸν
1397 2622 1641 2692 τρέφειν,
1679 2622 1772 2675 καί
1801 2619 1938 2691 πρὸς
1968 2619 2158 2674 ἐπιθυ-

555 2702 687 2774 μίαν
722 2703 856 2776 όρᾷν
878 2706 1134 2772 γυναῖκα,
1164 2706 1258 2758 καὶ
1289 2704 1732 2776 καταμανθάνειν
1771 2705 1966 2769 κάλλος
1999 2704 2158 2758 ἀλλό-

551 2801 725 2856 τριον,
778 2788 872 2841 καὶ
929 2788 1316 2857 καταισχύνειν
1374 2788 1477 2859 μὲν
1526 2788 1743 2854 ἐαυτὸν,
1797 2788 2064 2858 βλάπτειν
2097 2788 2157 2842 δὲ

551 2869 681 2932 τοὺς
710 2870 1165 2943 ἀσθενεστέρους,
1210 2872 1307 2925 καὶ
1357 2870 1562 2936 πολλάς
1612 2871 1712 2944 μὲν
1746 2873 1976 2943 Ἕλλησι
2010 2889 2156 2943 παρ-

554 2952 700 3021 ἐχειν
742 2952 946 3018 λαϐάς,
991 2954 1191 3017 πολλάς
1219 2954 1276 3008 δὲ
1314 2954 1619 3021 Ἰουδαίοις,
1661 2956 1756 3008 καὶ
1803 2955 1931 3019 τούς
1966 2972 2028 3008 τε
2074 2957 2154 3008 οἰ-

555 3034 738 3099 κείους
774 3038 902 3101 τούς
932 3055 993 3091 τε
1023 3038 1340 3110 ἀλλοτρίους
1371 3037 1777 3104 ὑποσκελίζειν,
1821 3040 1915 3094 καὶ
1949 3039 2152 3111 πολλὴν

551 3118 655 3189 τῆς
686 3119 781 3173 τοῦ
813 3120 949 3174 Θεοῦ
984 3121 1143 3192 δόξης
1182 3120 1623 3187 κατασκευάζειν
1649 3123 2020 3196 βλασφημίαν,
2059 3126 2153 3177 καὶ

551 3204 943 3277 δουλοπρεπεῖς
982 3206 1342 3278 ἀναδέχεσθαι
1395 3207 1703 3276 διακονίας,
1750 3209 1846 3263 καὶ
1881 3209 2016 3281 πρὸς
2059 3208 2152 3262 τὸν

551 3286 662 3340 τῶν
695 3287 962 3358 βιωτικῶν
991 3293 1336 3362 πραγμάτων
1367 3291 1594 3363 θόρυϐον
1618 3293 1848 3356 ἑαυτοὺς
1878 3291 2147 3356 εἰσωθεῖν,

556 3372 649 3425 καὶ
694 3372 794 3444 τὴν
839 3373 1183 3446 δωρηθεῖσαν
1216 3377 1349 3447 ἡμῖν
1400 3376 1716 3443 ἐλευθερίαν
1759 3376 2046 3447 προπίνειν
2075 3376 2152 3448 τῷ

552 3456 809 3528 διαϐόλῳ,
860 3459 958 3513 καὶ
1003 3459 1211 3531 ταύτης
1258 3460 1655 3531 χαλεπωτάτην
1718 3460 2150 3515 ἀντικαταλλάτ-

554 3540 743 3594 τεσθαι
797 3542 1125 3613 τυραννίδα,
1179 3544 1275 3597 καλ⁸
1330 3544 1733 3614 καταγέλαστον
1790 3547 1889 3616 μὲν
1936 3546 2108 3614 φίλοις
2133 3584 2149 3609 ,

555 3624 921 3679 ἐπονείδιστον
954 3626 1010 3680 δὲ
1046 3626 1263 3699 ἐχθροῖς
1302 3624 1467 3695 εἶναι,
1511 3631 1605 3683 καὶ
1641 3630 1887 3702 πονηρὰν
1934 3631 2033 3701 μὲν
2072 3630 2152 3701 τῷ

554 3709 723 3781 κοινῷ
748 3710 850 3783 τῆς
885 3711 1219 3783 Ἐκκλησίας
1262 3713 1690 3785 προστρίϐεσθαι
1735 3715 1916 3781 δόξαν,
1961 3732 2153 3768 καται-

557 3793 776 3863 σχύνειν
822 3794 879 3847 δὲ
927 3794 989 3848 τὸ
1028 3796 1228 3868 σεμνὸν
1259 3797 1361 3867 τῆς
1415 3797 1716 3865 παρθενίας
1770 3797 2008 3869 ἀξίωμα,
2056 3800 2152 3852 καὶ

555 3879 670 3941 τοῖς
703 3878 1045 3946 ἀσελγαίνειν
1086 3879 1432 3950 βουλομένοις
1468 3880 1670 3944 πολλάς
1710 3881 1970 3952 παρέχειν
2014 3899 2150 3954 προ-

556 3958 774 4028 φάσεις,
821 3960 918 4014 καί
967 3961 1134 4033 ἔτερα
1174 3962 1397 4016 πλείονα
1457 3963 1665 4017 τούτων
1714 3967 2150 4031 κατασκευάζειν

554 4042 705 4096 δεινά
749 4043 990 4113 (ἅπαντα
1032 4045 1141 4116 γάρ
1183 4045 1307 4100 οὔτε
1340 4048 1593 4113 συνιδεῖν,
1622 4047 1747 4102 οὔτε
1777 4048 1921 4121 λόγῳ
1973 4068 2148 4122 παρα-

557 4129 755 4198 στῆσαι
803 4129 1050 4194 δυνατὸν,
1100 4132 1200 4185 ὅσα
1256 4131 1345 4185 διὰ
1402 4132 1511 4186 τῶν
1570 4132 1917 4205 πραγμάτων
1971 4135 2150 4189 αὐτῶν

555 4211 931 4283 ὑπομένουσι),
980 4216 1077 4269 καὶ
1121 4216 1233 4270 τῶν
1291 4216 1497 4288 σφόδρα
1551 4218 1951 4288 κεκωλυμένων
1999 4219 2146 4280 ἐστὶ,

554 4296 650 4348 καὶ
691 4296 800 4350 τῶν
855 4297 1074 4352 κόλασιν
1130 4299 1368 4369 ἐχόντων
1419 4300 1719 4371 ἀφόρητον.
1755 4301 1919 4355 Ὥστε
1971 4304 2020 4355 εί
2057 4302 2152 4357 καὶ

562 4381 737 4451 μικρά
783 4381 870 4445 τίς
918 4384 1068 4436 ἐστιν
1121 4384 1321 4456 ἡδονὴ,
1377 4385 1553 4439 ταῦτα
1606 4387 1785 4440 πάντα
1840 4387 2152 4451 ἀντιθέντες

571 4513 803 4527 υ.-

1216 329 1277 385 S.
1316 327 1605 386 JOANNIS
1643 329 2142 388 CHRYSOSTO.\H
2182 328 2511 386 ARCIIIEP.
2552 325 3112 385 CONSTANTINOP.

3726 330 3823 393 ειι

2250 448 2458 522 ἐκείνῃ,
2489 448 2581 501 τὸν
2614 446 2851 516 γέλωτα.
2898 445 2997 517 τὴν
3041 442 3329 515 αἰσχύνην,
3362 441 3597 514 τὴντῶν
3628 443 3829 499 πολλῶν

2251 532 2508 602 ὑποψίαν,
2537 531 2636 596 τάς
2672 530 3037 602 κατηγορίας,
3070 528 3139 584 τά
3174 527 3507 598 σκώμματα,
3548 526 3614 581 τὰ
3640 527 3826 600 ὀνείδη,

2249 615 2341 669 τὸν
2364 614 2622 686 σκώληκα
2645 614 2736 668 τὸν
2757 614 3137 683 ἀτελεύτητον,
3159 612 3222 665 τὸ
3246 612 3438 675 σκότος
3462 611 3528 663 τὸ
3551 608 3713 677 ὲξώτε
3722 628 3825 682 ρον,

2250 699 2311 753 τὸ
2339 699 2452 771 πῦρ
2479 700 2541 753 τὸ
2568 699 2849 761 ἄσϐεστον,
2879 698 2979 769 τὴν
3005 696 3204 766 θλίψιν,
3234 695 3334 767 τὴν
3365 694 3743 767 στενοχωρίαν,
3774 698 3831 749 τὸ

2253 784 2474 857 βρύγμα
2494 784 2603 838 τῶν
2626 783 2876 844 ὀδόντων,
2893 782 2961 836 τά
2980 781 3156 851 δεσμά
3177 779 3248 835 τά
3270 779 3463 857 ἄλυτα,
3478 781 3570 833 καὶ
3588 778 3831 850 καθάπερ

2251 856 2309 921 ἐν
2329 868 2626 936 πλάστιγγι
2639 865 2974 928 καταθέντες
2990 864 3085 919 καὶ
3105 856 3549 934 ἀντιστήσαντες.
3567 862 3833 933 ἀποπηδή-

2253 969 2434 1023 σωμεν
2456 951 2554 1021 ὀψὲ
2586 949 2716 1019 γοῦν
2751 965 2881 1001 ποτε
2904 948 3005 1018 τῆς
3041 947 3441 1019 χαλεπωτάτης
3466 946 3568 1000 καὶ
3593 945 3832 1020 ὀλεθρίας

2250 1037 2429 1100 νόσου,
2476 1036 2565 1088 ἵνα
2616 1033 2756 1104 μετὰ
2787 1030 3059 1102 λαμπρῶν
3112 1030 3440 1102 ἀπέλθωμεν
3484 1031 3601 1083 ἐκεῖ
3642 1029 3832 1098 στεφά-

2251 1138 2378 1180 νων.
2415 1120 2511 1173 καὶ
2547 1116 2870 1187 δυνηθῶμεν
2925 1113 3235 1185 ἐλευθέροις
3283 1113 3517 1183 στόμασι
3566 1111 3703 1181 πρὸς
3749 1110 3833 1164 τὸν

2252 1202 2487 1275 Χριστὸν
2512 1202 2710 1265 εἰπεῖν,
2744 1201 2826 1254 ὅτι
2849 1198 2949 1252 Διά
2985 1198 3045 1252 σὲ
3079 1199 3175 1251 καὶ
3198 1195 3296 1268 τὴν
3326 1196 3483 1262 δόξαν
3508 1194 3605 1266 τὴν
3630 1194 3726 1266 σὴν
3745 1193 3832 1247 καὶ

2254 1284 2544 1356 συνηθείας
2565 1284 3081 1354 κατεφρονήσαμεν,
3103 1279 3255 1352 [248]
3281 1278 3376 1333 καὶ
3390 1277 3584 1348 ἡδονῆς
3606 1278 3832 1348 ἐκρατή-

2255 1386 2449 1439 σαμεν,
2484 1367 2578 1421 καὶ
2610 1367 2708 1437 τὴν
2747 1366 2927 1436 ψυχὴν
2955 1364 3256 1435 ἐθλίψαμεν
3283 1362 3383 1434 τὴν
3415 1362 3712 1433 ἡμετέραν,
3745 1359 3835 1413 καὶ

2254 1454 2435 1507 πᾶσαν
2474 1451 2659 1520 φιλίαν
2701 1449 3027 1514 ἐκϐαλόντες
3073 1448 3169 1501 καὶ
3201 1445 3495 1519 πρόληψιν,
3528 1445 3590 1499 σὲ
3620 1446 3713 1498 καὶ
3750 1442 3835 1497 τὸν

2254 1537 2334 1600 είς
2366 1540 2425 1590 σὲ
2463 1534 2628 1589 πόθον
2658 1534 2916 1588 ἁπάντων
2948 1532 3440 1604 προτετιμήκαμεν
3480 1528 3832 1601 πραγμάτων.

2255 1619 2413 1674 Οὑτω
2456 1617 2567 1689 γάρ
2604 1616 2971 1689 κερδανοῦμεν
3022 1616 3170 1685 ἡμᾶς
3220 1614 3440 1677 αὐτοὺς,
3482 1609 3835 1682 κερδανοῦμεν

2256 1704 2316 1758 δέ
2347 1703 2447 1766 τὰς
2467 1702 2658 1765 ἀθλίας
2678 1701 2915 1764 ὲκείνας,
2939 1697 3309 1771 κερδανοῦμεν
3332 1696 3389 1750 δὲ
3410 1696 3538 1759 τοὺς
3569 1692 3837 1748 σκανδαλι-

2258 1785 2543 1857 ζομένους,
2568 1785 2668 1839 καὶ
2699 1785 2830 1856 παρ’
2845 1782 3047 1846 αὐτοὺς
3066 1780 3381 1853 στησόμεθα
3395 1780 3523 1844 τοὺς
3541 1779 3834 1851 μάρτυρας.

2258 1874 2353 1926 καὶ
2394 1871 2494 1945 τὴν
2520 1869 2746 1942 πρώτην
2779 1865 3066 1937 ληψόμεθα
3090 1864 3265 1930 τάξιν.
3290 1864 3411 1918 Τῶν
3434 1863 3543 1935 γὰρ
3568 1862 3667 1933 τὴν
3697 1859 3838 1945 μεγί-

2258 1973 2395 2026 στην
2409 1953 2761 2026 ἀθλησάντων
2777 1951 3003 2020 ἄθλησιν
3023 1949 3369 2020 ἐκείνην,καὶ
3390 1947 3489 2012 τάς
3513 1944 3836 2018 καρτερικάς

2257 2038 2590 2107 ἐνεγκόντων
2616 2036 2831 2099 ὀδύνας,
2862 2035 2963 2089 οὐκ
3024 2033 3287 2089 ἐλάττονα
3313 2031 3533 2102 τίθεμαι
3567 2030 3839 2100 ἄνθρωπον

2257 2122 2350 2176 τὸν
2380 2120 2651 2192 ἐπιθυμίᾳ
2680 2119 3050 2190 κατεχόμενον
3077 2117 3306 2188 παλαιᾷ,
3325 2117 3420 2170 καὶ
3444 2118 3502 2170 ἐν
3529 2115 3721 2187 ἡδίστη
3740 2114 3838 2168 τινὶ

2258 2207 2353 2261 καλ⁸
2380 2206 2587 2278 ἀρχαίᾳ
2615 2201 3167 2276 προκατειλημμένον
3197 2198 3478 2271 συνηθείᾳ,
3502 2194 3624 2252 εἶτα
3644 2198 3729 2252 διὰ
3756 2198 3838 2252 τὸν

2257 2289 2351 2344 τοῦ
2368 2289 2505 2343 Θεοῦ
2530 2287 2697 2358 φόϐον
2714 2287 3081 2341 διακόπτοντα
3104 2284 3172 2338 τά
3199 2283 3396 2355 δεσμά,
3414 2284 3509 2337 καὶ
3538 2282 3679 2356 πρὸς
3696 2282 3753 2336 τὸ
3770 2279 3838 2351 τῷ

2257 2373 2377 2445 Θεῷ
2398 2371 2589 2427 δοκοῦν
2609 2370 2999 2442 ἀνατρέχοντα.
3015 2368 3128 2424 Καὶ
3143 2366 3253 2439 γὰρ
3267 2366 3375 2421 τῶν
3398 2366 3610 2438 σφόδρα
3632 2365 3743 2419 ἐστὶ
3758 2382 3841 2435 χαι

2257 2456 2612 2521 λεπωτάτων,
2634 2453 2980 2525 συμπάθειάν
3000 2468 3060 2505 τε
3078 2453 3173 2506 καὶ¹
3189 2450 3581 2521 φιλοστοργίαν
3607 2449 3840 2503 ἐκϐαλεῖν

2257 2543 2400 2614 ἀρχα
2409 2541 2494 2594 ίαν
2503 2581 2515 2604 ,
2532 2541 2628 2594 καὶ
2638 2539 2738 2602 τάς
2751 2535 3126 2598 πολυπλόκους
3138 2533 3396 2604 διακόψαι
3412 2534 3613 2598 λαϐάς,
3625 2535 3716 2588 καὶ
3728 2550 3842 2587 πτε-

2262 2626 2555 2699 ροφυῆσαι,
2570 2625 2665 2678 καὶ
2685 2622 2822 2694 πρὸς
2849 2621 2949 2685 τὰς
2974 2620 3265 2692 οὐρανίους
3280 2619 3474 2690 ἀψῖδας
3498 2620 3839 2692 ἀναδραμεῖν.

2259 2709 2371 2762 Kal
2388 2707 2644 2780 καθάπερ
2663 2707 2893 2769 ἐκείνοις
2908 2704 3107 2776 δριμὺς
3123 2704 3152 2755 ό
3170 2702 3354 2767 πόνος,
3373 2702 3518 2756 οὕτω
3533 2705 3636 2756 καὶ
3648 2703 3840 2765 τούτοις

2261 2793 2590 2865 μακροτέρα
2617 2794 2649 2864 ἡ
2680 2791 2862 2862 ὀδύνη.
2897 2788 2989 2842 Διὸ
3022 2788 3119 2842 καὶ
3151 2789 3200 2841 οί
3242 2788 3501 2857 στέφανοι
3532 2788 3698 2842 πάλιν
3726 2788 3839 2848 ἴσοι,

2259 2877 2447 2947 ἐπειδὴ
2477 2875 2574 2930 καὶ
2598 2876 2665 2929 τά
2694 2873 3055 2944 παλαίσματα
3082 2873 3267 2936 αὐτοῖς
3301 2871 3632 2944 παράλληλα
3659 2872 3840 2926 κεῖται.

2259 2962 2323 3015 Εἰ
2357 2960 2467 3031 γὰρ
2495 2961 2524 3012 ό
2562 2956 2848 3027 ἐξαγαγὼν
2876 2957 3057 3028 τίμιον
3086 2955 3148 3021 ἐξ
3187 2955 3410 3020 ἀναξίου
3442 2956 3519 3019 ὡς
3564 2956 3734 3026 στόμα
3756 2951 3840 3007 τοῦ

2259 3039 2394 3095 Θεοῦ
2442 3040 2613 3104 ἔσται,
2650 3041 2678 3092 ὁ
2711 3038 2807 3091 καὶ
2836 3037 3029 3090 ἑαυτὸν
3058 3034 3453 3109 ἐλευθερώσας,
3482 3036 3585 3090 καὶ
3632 3034 3842 3107 μυρίους

2259 3124 2452 3188 ἀλλους
2498 3121 2814 3188 ἀπαλλάξας
2871 3120 3238 3192 κατηγορίας,
3281 3119 3536 3190 ἐννόησον
3588 3120 3708 3173 ὅσον
3755 3118 3840 3188 λὴ·
3892 3123 3897 3129 ’

2257 3208 2418 3278 ψεται
2445 3206 2535 3260 τὸν
2577 3204 2791 3277 μισθὸν,
2829 3204 2922 3257 καὶ
2961 3206 3028 3276 τῇ
3079 3203 3189 3256 τῶν
3234 3202 3487 3257 ἐπάθλων
3516 3202 3702 3257 ἐλπίδι
3728 3217 3842 3256 κουο

2260 3290 2549 3363 φιζόμενος
2609 3288 3026 3361 καταφρόνησον
3098 3287 3387 3359 συνηθείας
3441 3290 3720 3359 πονηρᾶς,
3765 3286 3841 3339 ἵνα

2259 3377 2403 3433 κατά
2440 3377 2500 3429 τὸ
2545 3374 2625 3446 τῷ
2671 3373 2791 3444 Θεῷ
2847 3371 3039 3427 δοκοῦν
3088 3370 3405 3446 διαδραμὼν
3454 3372 3549 3426 τὸν
3615 3369 3842 3443 παρόντα

2259 3463 2395 3534 βίον,
2431 3459 2570 3532 μετὰ
2603 3457 2846 3530 καθαροῦ
2878 3456 3186 3521 συνειδότος
3222 3457 3396 3527 αὐτὴν
3440 3456 3561 3528 ἴδῃς
3597 3458 3728 3522 ἐκεῖ,
3756 3454 3841 3510 καὶ

2256 3548 2358 3619 τῆς
2399 3544 2713 3615 ἁγιωτάτης
2751 3541 2923 3613 αὐτῆς
2965 3540 3285 3612 ἀπολαύσῃς
3320 3539 3565 3612 ὁμιλίας.
3604 3539 3719 3594 Τῶν
3743 3539 3840 3609 γὰρ

2260 3628 2590 3701 σωματικῶν
2642 3626 2916 3681 λυθέντων
2956 3625 3167 3691 παθῶν,
3221 3629 3317 3680 καὶ.
3365 3625 3463 3695 τῆς
3517 3626 3837 3697 τυραννικῆς

2259 3714 2582 3783 σϐεσθείσης
2623 3711 2944 3782 ἐπιθυμίας,
2992 3710 3146 3764 οὐδὲν
3192 3710 3254 3764 τὸ
3302 3709 3510 3764 κωλύον
3561 3710 3754 3780 ἄνδρας
3785 3724 3839 3761 τε

2256 3797 2392 3870 ὁμοῦ
2440 3799 2535 3851 καὶ
2563 3798 2831 3865 γυναῖκας
2880 3790 3021 3848 εἷναι
3069 3796 3206 3859 ἐκεῖ,
3238 3794 3421 3865 πάσης
3456 3794 3558 3865 μὲν
3612 3790 3839 3848 ἐκποδὼν

2258 3883 2501 3955 πονηρᾶς
2528 3879 2697 3951 οὔσης
2744 3879 3003 3950 ὑποψίας,
3047 3879 3146 3949 τὴν
3173 3879 3231 3931 δέ
3263 3877 3371 3932 τῶν
3404 3878 3657 3948 ἀγγέλων
3700 3877 3838 3930 πολι-

2256 3967 2429 4032 τείαν,
2460 3965 2552 4019 καὶ
2591 3964 2698 4018 τῶν
2725 3964 2931 4037 νοερῶν
2958 3963 3240 4035 δυνάμεων
3275 3963 3500 4017 ἐκείνων
3541 3960 3837 4034 δυναμένων

2255 4049 2562 4115 διασώζειν,
2589 4047 2697 4102 τῶν
2732 4049 2813 4112 είς
2846 4050 2947 4119 τὴν
2981 4047 3261 4117 βασιλείαν
3303 4044 3413 4100 τῶν
3442 4046 3692 4117 οὐρανῶν
3737 4047 3838 4097 εἰσ-

2255 4135 2543 4207 αγομένων
2608 4134 2887 4197 ἁπάντων,
2940 4132 3123 4204 χάριτι
3174 4132 3269 4186 καὶ
3325 4130 3705 4203 φιλανθρωπία
3748 4126 3834 4182 τοῦ

2256 4217 2460 4289 Κυρίου
2505 4216 2663 4289 ἡμῶν
2703 4216 2883 4287 Ἰησοῦ
2936 4212 3209 4287 Χριστοῦ,
3249 4215 3368 4285 μεθ’
3403 4207 3463 4267 οὗ
3510 4214 3593 4285 τῷ
3642 4212 3833 4284 nam,

2259 4302 2376 4372 ἅμα
2408 4300 2488 4374 τῷ
2520 4301 2661 4372 ἀγίῳ
2693 4300 2996 4371 Πνεύματι,
3025 4300 3176 4366 δόξα,
3198 4299 3355 4371 τιμὴ,
3387 4299 3592 4372 κράτος
3618 4300 3696 4362 είς
3720 4297 3834 4360 τοὺς

2261 4386 2467 4451 αἰῶνας
2499 4386 2609 4440 τῶν
2639 4385 2872 4441 αἰώνων.
2911 4386 3105 4457 Ἀμήν.

1225 4597 1388 4651 ΠΕΡΙ
1419 4596 1561 4654 ΤΟΥ
1594 4597 1727 4650 TA):
1758 4598 2167 4652 ΚΑΝΟΝῙΚΑΣ
2195 4597 2303 4653 ΜΗ
2330 4596 2712 4652 ΣΥΝΟῘΚΕΙΝ
2740 4595 3088 4650 ΑΝΔΡΔΣΙΝ
3112 4607 3165 4651 ι.

625 4715 695 4764 α’.
730 4708 922 4779 Οἶμοι,
942 4707 1122 4781 ψυχήί
1162 4710 1304 4783 μετά
1325 4711 1434 4784 γάρ
1458 4710 1555 4767 τοῦ
1587 4714 1865 4787 προφήτου
1899 4714 1995 4767 καὶ
2022 4714 2145 4786 ἐμοὶ⁵

552 4792 650 4848 νῦν
689 4790 948 4864 εὐκαιρον
982 4788 1139 4850 τοῦτο
1188 4798 1383 4864 εἰπεῖν,
1432 4798 1529 4852 καὶ
1570 4798 1719 4865 ἅπαξ
1774 4798 1870 4852 καὶ
1920 4798 2003 4863 δὶς
2049 4799 2145 4852 καὶ

554 4877 833 4941 πολλάκις,
867 4876 1056 4949 Οῖμοι,
1102 4879 1281 4954 ψυχήι
1328 4883 1560 4954 πρᾶγμα
1609 4882 1815 4955 ἡλίκον,
1866 4884 1962 4937 καὶ
2011 4885 2145 4954 ὅσης

551 4961 722 5033 γέμον
765 4960 1126 5032 φιλοσοφίαςί
1166 4965 1231 5018 Ἠ
1287 4965 1559 5038 παρθενία
1606 4965 1999 5039 καθύϐρισται,
2050 4970 2144 5021 καὶ

548 5046 612 5099 τὸ
661 5046 899 5119 διεῖργον
956 5048 1129 5119 αὐτὴν
1193 5049 1303 5104 ἀπὸ
1349 5051 1445 5105 τοῦ
1498 5051 1684 5122 γάμου
1740 5052 2145 5123 καταπέτασμα

549 5128 852 5201 ἀνῄρηται,
886 5130 992 5184 ὑπὸ
1042 5132 1419 5203 ἀναισχύντων
1472 5134 1863 5189 κατασπασθὲν
1917 5134 2140 5207 χειρῶν,

551 5214 645 5266 καὶ
671 5212 740 5266 τά
769 5212 900 5281 ἂγια
941 5214 1051 5269 τῶν
1088 5216 1261 5286 ἀγίων
1289 5218 1623 5287 πεπάτηται,
1641 5218 1734 5273 καὶ
1756 5219 1825 5272 τά
1854 5219 2029 5289 σεμνά
2050 5219 2144 5273 καὶ

512 5360 515 5363 ν
550 5297 755 5368 φρίκης
784 5298 1024 5369 γέμοντα
1064 5300 1256 5369 γέγονε
1289 5300 1492 5372 βέϐηλα
1526 5303 1621 5357 καὶ
1655 5304 1791 5356 πᾶσι
1841 5302 2003 5372 βατά,
2048 5308 2143 5356 καὶ

548 5382 582 5451 ἡ
614 5381 707 5435 τοῦ
741 5381 921 5453 γάμου
976 5384 1284 5457 σεμνοτέρα
1324 5384 1581 5440 τοσοῦτον
1630 5385 1998 5454 καθειλκύσθη
2049 5387 2143 5441 καὶ

547 5466 857 5538 κατηνέχθη
886 5468 1057 5536 κάτω,
1083 5469 1159 5533 ὡς
1188 5470 1288 5534 τὰς
1311 5470 1707 5542 γεγαμημένας
1741 5473 2142 5545 μακαρίζεσθαι

552 5547 777 5616 μᾶλλον.
813 5550 925 5605 Ἀεὶ
971 5552 1073 5623 μὲν
1110 5553 1221 5626 γὰρ
1263 5557 1297 5625 ἡ
1330 5555 1598 5627 παρθενία
1644 5557 1785 5626 μετά
1834 5558 1929 5611 τοῦ
1961 5559 2140 5629 γάμου

548 5634 852 5705 ταττομένη
885 5635 953 5689 τά
981 5641 1225 5707 πρωτεῖα
1253 5634 1390 5709 εἶχε,
1422 5638 1573 5712 [249]
1605 5641 1698 5693 καὶ
1723 5639 1824 5712 τὴν
1847 5641 2141 5714 προεδρίαν

552 5714 801 5795 ἀπασαν·
838 5720 957 5770 νυνὶ
988 5720 1045 5773 δὲ
1071 5722 1192 5774 οὐδὲ
1233 5722 1292 5774 ἐν
1316 5726 1382 5794 τῇ
1409 5724 1639 5795 δευτέρᾳ
1666 5724 1819 5790 τάξει
1849 5725 2031 5794 μένειν
2058 5727 2144 5780 δε-

547 5794 803 5866 δύνηται,
852 5801 989 5854 ἀλλά
1038 5805 1229 5875 πόρρω
1267 5823 1371 5860 που
1429 5808 1524 5862 καὶ
1572 5794 1713 5880 πρὸς
1755 5807 1854 5879 τὴν
1904 5810 2141 5882 ἐσχάτην

609 5928 993 6011 ἶΪ.ί.“¹ί.ίΞῖ³.ῐῖ¹3⁶
1019 5935 1170 6011 ἱεέϊῗι·
1199 5938 1353 6000 κηρὸς
1394 5940 1477 6010 τὰς
1516 5939 1737 6011 ἐκθύσεις-
1759 5940 2139 6011 ἄνβραεςυνιισ-

544 5987 738 6064 ἐκτίσας.
764 5991 858 6064 )pc
876 5987 1247 6064 gsltﬁdyersas
1276 5987 1367 6064 ἐπὶ
1389 5987 1477 6064 qm"
1498 5987 1653 6051 ιίῧοῖ
1668 5987 2026 6056 ἰῆιτὸᾱεὶἕήιῧόέ
2042 5987 2134 6054 iid-

546 6048 671 6102 θεῖα.
704 6048 854 6101 Initio
876 6048 1339 6123 δαέίιωῖμοῳμηςὴ,
1361 6048 1513 6125 οἶμοι,

2247 4712 2581 4786 ἀπελήλαται
2608 4711 2761 4778 τάξιν
2780 4728 2796 4742 ο
2830 4713 2926 4767 καὶ
2955 4711 3015 4767 τὸ
3048 4711 3115 4784 δὴ
3150 4711 3181 4753 ιδ
3223 4710 3624 4784 χαλεπώτερον,
3657 4710 3733 4764 ὅτι
3772 4707 3825 4760 οὐ

2246 4798 2495 4871 πολέμιοί
2527 4814 2672 4861 τινες
2697 4796 2818 4851 οὐδὲ
2841 4796 3049 4869 ἐχθροὶ,
3078 4796 3195 4850 ἀλλ’
3226 4797 3288 4849 αἱ
3313 4793 3571 4850 δοκοῦσαι
3611 4793 3828 4866 μάλιστα

2247 4880 2572 4954 θεραπεύειν
2595 4880 2768 4948 αὐτὴν
2788 4879 2962 4946 οὕτως
2987 4879 3160 4952 αὐτὴν
3178 4880 3458 4949 διέθηκαν.
3478 4879 3573 4933 καὶ
3599 4880 3654 4931 αί
3681 4873 3830 4945 παρέ-

2244 4984 2438 5038 χουσαι
2461 4965 2697 5034 μάλιστα
2721 4965 2941 5020 πάντων
2967 4964 3099 5037 ἡμῖν
3116 4964 3251 5035 πρὸς
3267 4966 3393 5028 τούς
3427 4963 3684 5026 ἀπίστους
3697 4960 3827 5013 ἐλευ-

2247 5051 2616 5122 θεροστομεῖν,
2640 5043 2800 5104 αὗται
2828 5050 3062 5119 μάλιστα
3087 5051 3304 5102 πάντων
3321 5047 3375 5121 [ἡ
3386 5044 3825 5120 μῖν]’ἀπέρῤαψαν

2246 5135 2403 5206 ἡμῶν
2417 5135 2487 5189 τά
2502 5136 2767 5207 στόματα,
2782 5134 2880 5189 καὶ
2899 5132 3103 5205 πολλὴν
3133 5132 3538 5186 κατεσκέδασαν
3552 5128 3818 5201 αίσχύνην.
3854 5192 3859 5197 ι

2315 5220 2632 5291 Χρημάτων
2692 5219 2790 5289 μὲν
2851 5219 3039 5272 ἕνεκεν
3068 5228 3091 5257 ε
3138 5216 3357 5283 ὀλίγους
3415 5215 3533 5287 μὲν,
3589 5210 3728 5284 εἶχον
3771 5209 3821 5263 δέ

2244 5303 2394 5374 ὅμως
2423 5303 2593 5367 δεῖξαί
2647 5319 2800 5367 τινας
2824 5301 3092 5373 Ἕλληνες
3138 5302 3269 5372 παρ’
3314 5301 3497 5364 αὐτοῖς
3545 5296 3821 5369 φιλοσοφήο

2246 5403 2466 5450 σαντας,
2497 5387 2592 5441 καὶ
2617 5387 2789 5458 ὀργῆς
2812 5386 2870 5440 δέ
2901 5402 3050 5449 τινες
3076 5387 3134 5438 ἐν
3161 5384 3393 5449 ἐκείνοις
3429 5382 3816 5454 περιεγένοντο·

2245 5471 2547 5543 παρθενίας
2589 5472 2644 5526 δὲ
2694 5471 2855 5536 ἄνθος
2898 5468 3137 5542 οὐδαμοῦ
3184 5469 3316 5540 παρ’
3350 5470 3556 5533 αὐτοῖς,
3605 5463 3715 5520 ἀλλ’
3740 5461 3817 5516 ἀεὶ

2245 5554 2602 5629 παρεχώρουν
2654 5555 2888 5611 ἐνταῦθα
2937 5554 3045 5609 τῶν
3104 5554 3390 5625 πρωτείων
3436 5554 3585 5624 ἡμῖν,
3636 5547 3811 5619 ὁμολο-

2243 5639 2471 5709 γοῦντες
2510 5640 2769 5712 ἀνωτέρω
2814 5639 2916 5710 τῆς
2951 5637 3169 5709 φύσεως
3198 5633 3341 5691 εἶναι
3373 5637 3434 5690 τὸ
3478 5633 3810 5706 κατόρθωμα.

2244 5723 2340 5777 καὶ
2367 5724 2469 5778 οὐκ
2503 5724 2866 5797 ἀνθρώπινον.
2894 5723 2996 5777 Διά
3020 5723 3180 5777 τοῦτο
3208 5722 3416 5795 σφόδρα
3443 5717 3594 5791 ἡμῶν
3628 5716 3686 5769 τὸ
3717 5716 3813 5768 πᾶν

2245 5806 2399 5871 ἔθνος
2438 5808 2781 5880 ἐθαύμαζονο
2834 5807 2970 5862 ἀλλά
3013 5807 3109 5862 νῦν
3147 5806 3370 5871 οὐκέτι,
3416 5804 3546 5861 ἀλλὰ
3591 5812 3811 5867 καταγε-

2244 5889 2379 5945 λῶσι
2418 5892 2514 5946 καὶ
2551 5891 2896 5964 κωμῳδοῦσι.
2925 5891 3024 5947 Διά
3061 5890 3220 5945 τοῦτο
3264 5892 3359 5945 καὶ
3403 5892 3432 5945 ό
3459 5885 3694 5951 διάϐολος
3732 5897 3809 5937 το-

2306 6003 2336 6044 ι)
2361 6004 2512 6054 Savil.
2533 6005 2613 6053 καὶ
2632 6005 2687 6054 τὸ
2710 6005 2778 6055 δέ.

2305 6067 2327 6097 ⁸
2365 6067 2515 6117 δικ-ιι.
2541 6068 2624 6132 μὲν
2640 6068 2731 6133 ,γὰρ
2756 6069 2929 6119 ἕνεκεν.
2952 6066 3080 6118 Infra
3102 6064 3231 6119 idem
3251 6067 3504 6127 ’Ἑὶὶηναα
