4138 6414
461 373 566 434 Elii

452 518 525 535 -—-
551 491 699 547 llauc
721 502 776 547 et
804 506 896 547 vos
920 500 974 546 et
1008 492 1107 545 hac
1142 487 1537 551 sublimiorem,
1563 487 1608 540 si
1638 485 1942 552 volueritis,
1969 487 2050 538 ef-

453 568 639 641 feretls
667 584 986 641 sententiam
1019 581 1087 636 de
1128 579 1499 649 intempestiva
1536 577 1639 632 hac
1666 576 1937 647 voluptate
1957 616 1970 640 ,
2001 576 2048 631 si

453 677 838 748 aliquantisper
878 691 909 730 a
949 675 1090 730 mala
1132 670 1521 728 consuetudine
1550 683 1646 724 vos
1683 668 2044 738 scjunxeritis.

454 769 709 837 Quamvis
734 778 909 824 autem
935 782 964 821 a
993 766 1283 823 Salomone
1310 763 1523 819 saeculis
1552 760 1917 831 superioribus
1940 774 2049 814 non

456 870 563 915 tam
617 861 783 915 multa
836 859 1110 931 sapientiae
1158 857 1471 928 exigebatur
1514 854 1821 926 diligentia;
1874 847 2050 923 neque

451 952 595 1005 enim
631 952 851 1007 delicias
890 951 979 1006 lex
1023 960 1175 1006 vetus
1209 948 1562 1020 prohibebat,
1593 962 1768 1017 neque
1797 946 1916 1001 aliis
1945 944 2048 1000 frui

452 1042 797 1111 supervacuis
835 1041 1047 1097 dicebat
1082 1056 1205 1098 esse
1244 1054 1475 1103 vanum;
1515 1047 1752 1093 attamen
1792 1046 1850 1094 et
1883 1038 1962 1094 sic
1988 1052 2049 1093 se

457 1130 774 1187 habentibus
812 1132 973 1191 rebus
1011 1133 1063 1187 in
1091 1132 1220 1202 ipsis
1244 1130 1491 1186 contueri
1529 1129 1699 1199 potuit
1726 1143 1883 1199 quam
1912 1128 2049 1185 viles

453 1232 507 1276 et
534 1222 751 1276 vanitati
776 1222 1019 1277 obnoxiae
1052 1237 1141 1277 res
1174 1230 1373 1277 essent.
1404 1220 1511 1275 Nos
1534 1235 1664 1275 vero
1688 1218 1755 1274 ad
1789 1218 2045 1287 majorem

455 1317 630 1370 vocati
651 1318 834 1383 vitam,
858 1326 914 1371 et
936 1316 1002 1371 ad
1027 1315 1375 1373 excellentius
1395 1314 1660 1385 fastigium
1682 1312 2043 1376 ascendimus,

452 1416 508 1460 et
535 1407 589 1460 in
633 1408 923 1477 majoribus
952 1404 1265 1463 exercemur
1304 1405 1586 1476 palmstris.
1614 1404 1684 1460 Et
1710 1403 1836 1475 quid
1863 1402 2007 1458 aliud
2025 1442 2045 1470 ,

451 1514 610 1567 quam
638 1500 777 1569 quod
821 1500 960 1554 sicut
999 1514 1245 1569 supernae
1274 1498 1506 1553 Virtutes
1530 1538 1545 1562 ,
1583 1496 1967 1551 intellectuales
1992 1503 2047 1550 et

451 1588 781 1658 incorporea:
808 1590 914 1645 illae
938 1591 1076 1645 viam
1104 1589 1382 1645 instituere
1404 1588 1693 1657 iubemur?
1716 1589 1795 1644 An
1816 1602 1922 1642 nou
1949 1588 2044 1658 igi-

450 1689 540 1737 tur
557 1692 640 1737 est
660 1672 831 1751 turpe,
855 1693 1201 1752 extremoque
1221 1679 1483 1751 supplicio
1503 1679 1742 1750 dignum,
1767 1678 1858 1733 illo
1876 1677 2045 1733 multo

450 1773 687 1827 minores
722 1787 1016 1842 apparere;
1044 1781 1101 1828 et
1144 1786 1249 1827 non
1293 1770 1465 1826 Solum
1495 1768 1764 1825 concessis
1792 1782 1897 1825 non
1928 1766 2044 1822 fieri

449 1864 809 1930 sublimiores,
844 1874 902 1918 ut
927 1864 1037 1928 ille,
1070 1862 1165 1918 sed
1203 1870 1257 1917 et
1286 1863 1444 1917 vetita
1483 1860 1722 1932 aggredi,
1752 1876 1870 1931 quae
1900 1860 2042 1915 into-

450 1955 721 2010 lerabilem
745 1970 956 2024 poenam
976 1953 1232 2009 afferant?
1252 1953 1383 2008 Nam
1409 1953 1458 2008 in
1481 1954 1659 2007 anima
1681 1952 1875 2006 malum
1894 1966 2044 2006 amo-

448 2060 563 2104 rem
601 2061 852 2117 pascere,
879 2063 944 2102 ex
975 2045 1404 2116 concupiscentia
1445 2053 1688 2115 Spectare
1726 2043 2039 2109 mulierem,

445 2139 708 2210 Speculari
726 2140 953 2193 alienam
977 2138 1383 2203 formositatem,
1407 2136 1763 2191 dehonestare
1783 2134 2039 2205 seipsum,

447 2247 643 2287 nocere
682 2231 1083 2295 inﬁrmioribus,
1113 2229 1306 2284 multas
1331 2228 1614 2299 gentilibus
1640 2238 1694 2283 et
1718 2227 1918 2283 Judaeis
1945 2244 2042 2282 an-

446 2337 533 2377 sas
566 2323 822 2392 prrebere,
852 2322 1178 2377 domesticos
1203 2333 1259 2376 et
1282 2321 1486 2376 alienos
1512 2320 1877 2391 supplantare,
1905 2321 2040 2375 mul-

447 2421 659 2482 tamque
684 2422 872 2467 contra
910 2411 1005 2468 Dei
1042 2411 1266 2482 gloriam
1295 2425 1586 2480 procurare
1611 2410 1994 2479 blasphemiam
2019 2446 2036 2476 ,

443 2503 626 2559 servili
675 2504 971 2559 ministerio
1016 2503 1347 2573 mancipatos
1390 2515 1545 2568 esse,
1591 2500 1658 2555 ad
1704 2501 2036 2555 saecularium

444 2595 776 2664 negotiorum
804 2595 1015 2651 turbam
1046 2606 1144 2648 nos
1174 2593 1318 2663 ipsos
1342 2591 1635 2657 intrudere,
1667 2590 1916 2645 donatam
1944 2608 2038 2645 no-

443 2687 526 2741 bis
546 2686 844 2741 libertatem
866 2685 1079 2743 diabolo
1100 2685 1406 2756 propinare,
1436 2695 1629 2740 etcum
1654 2683 2036 2739 immanissima

443 2781 724 2851 tyrannide
747 2788 1112 2844 commutare;
1137 2777 1417 2832 ridiculum
1440 2775 1656 2847 quidem
1682 2776 1887 2842 amicis,
1917 2792 2038 2846 pro-

441 2872 657 2928 brosum
685 2888 813 2928 vero
838 2872 1063 2935 inimicis
1088 2885 1226 2936 esse,
1257 2870 1448 2924 malam
1475 2869 1618 2923 omni
1647 2868 1900 2924 Ecclesia:
1924 2870 2037 2939 opi.

438 2966 653 3020 nionem
676 2964 950 3029 invehere,
974 2962 1301 3018 confundere
1320 2962 1598 3017 honestam
1622 2962 1936 3032 virginitatis
1958 2962 2036 3015 di-

436 3059 712 3128 gnitatem,
740 3065 794 3111 et
815 3057 1206 3111 luxuriantibus
1228 3056 1421 3110 multas
1441 3055 1685 3126 praebere
1704 3054 2033 3121 occasiones,

434 3149 645 3218 aliaque
681 3147 763 3201 his
803 3148 952 3216 plura
994 3146 1172 3202 facere
1212 3145 1433 3216 gravia;
1476 3159 1650 3215 neque
1688 3145 1829 3199 enim
1858 3146 2036 3200 omnia

438 3240 579 3295 scire
621 3239 779 3303 licet,
828 3247 919 3291 aut
963 3236 1140 3291 verbis
1175 3236 1508 3305 exprimere,
1549 3250 1900 3305 quaecumque
1942 3250 2038 3304 per

440 3331 743 3401 hujusmodi
788 3345 949 3400 opera
992 3328 1257 3384 sustinent
1287 3347 1302 3383 :
1332 3328 1448 3382 haec
1483 3335 1539 3382 et
1575 3326 1730 3382 valde
1773 3326 2036 3395 prohibita

437 3434 587 3490 sunt,
617 3433 670 3478 et
701 3424 993 3478 cruciatum
1022 3422 1413 3477 intolerabilem
1440 3436 1620 3477 secum
1650 3419 1900 3476 afferunt.
1933 3420 2035 3476 lta-

435 3531 545 3586 que
576 3516 697 3571 licet
726 3530 885 3585 parva
914 3514 1073 3569 etiam
1116 3512 1358 3582 voluptas
1385 3513 1486 3576 sit,
1517 3521 1855 3581 opponantur
1879 3512 1929 3566 ei
1957 3510 2034 3566 ri-

437 3622 554 3672 sus,
579 3606 840 3671 confusio,
868 3605 1157 3659 multorum
1185 3602 1535 3672 suspiciones,
1566 3600 2030 3672 reprehensiones,

437 3699 715 3763 convicia,
747 3697 1187 3767 exprobrationes
1211 3737 1225 3761 ,
1263 3694 1460 3750 vermis
1503 3694 1592 3763 qui
1638 3708 1745 3747 non
1784 3691 2030 3759 moritur,

437 3790 675 3846 tenebras
703 3789 1016 3854 exteriores,
1053 3788 1192 3858 ignis
1228 3783 1693 3855 inexstinguibilis,
1726 3783 2027 3848 tribulatio,

434 3883 680 3953 angustia
706 3924 721 3950 ,
756 3882 957 3938 stridor
989 3879 1231 3935 dentium
1259 3920 1273 3946 ,
1304 3878 1511 3932 vincula
1549 3875 1886 3941 insolubilis;
1918 3874 2033 3930 haec

989 372 1171 449 QUOD
1212 376 1627 433 REGULARES
1668 362 1951 431 rsum
1997 363 2169 429 vmts
2204 363 2647 430 consumas
2686 374 2823 430 NON
2865 374 3201 431 causam.

3643 380 3754 433 5U-

2160 489 2300 540 slcut
2336 487 2389 539 in
2423 494 2621 542 statera
2646 487 3012 556 appendamus
3033 528 3048 553 ,
3078 487 3484 557 resiliamusque
3512 490 3597 544 vel
3628 503 3751 544 sero

2156 590 2189 631 a
2229 577 2529 647 pernicioso
2560 578 2981 649 gravissimoque
3011 579 3114 634 hoc
3150 578 3374 646 morbo,
3403 587 3464 633 ut
3490 595 3613 635 cum
3644 579 3750 634 ful-

2155 669 2404 739 gentibus
2439 670 2654 726 coronis
2690 669 2817 725 illuc
2849 672 3175 741 migremus,
3207 680 3263 726 et
3289 673 3556 742 possimus
3580 673 3751 729 libero

2156 776 2252 818 ore
2275 762 2341 817 ad
2360 760 2629 818 Christum
2651 762 2829 818 dicere
2855 781 2867 816 :
2890 764 3117 833 Propter
3134 772 3189 819 te
3212 772 3266 819 et
3290 773 3505 835 propter
3522 766 3748 836 gloriam

2157 863 2301 909 tuam
2330 864 2384 910 et
2412 855 2796 911 familiaritates
2818 858 3256 927 contempsimus,
3283 867 3338 913 et
3361 859 3616 929 voluptati
3645 859 3750 913 im-

2156 945 2479 1016 peravimus,
2511 954 2568 1002 et
2590 946 2822 1002 animam
2852 957 3088 1004 nostram
3109 947 3418 1017 afﬂiximus,
3444 949 3750 1020 rejectaque

2160 1038 2307 1093 omni
2341 1038 2572 1094 amicitia
2603 1048 2658 1094 et
2684 1040 3028 1110 praejudicata
3052 1039 3303 1109 opinione
3329 1050 3380 1095 te
3403 1055 3749 1110 amoremque

2154 1130 2233 1185 tui
2258 1131 2419 1186 rebus
2442 1131 2692 1188 omnibus
2715 1133 3123 1202 praeposuimus.
3152 1132 3243 1188 Sic
3261 1133 3401 1188 enim
3424 1133 3749 1188 lucrabimur

2154 1235 2254 1277 nos
2282 1222 2464 1291 ipsos,
2491 1222 2820 1278 lucrabimur
2855 1222 3082 1279 miseras
3119 1223 3269 1290 illas,
3306 1223 3630 1279 lucrabimur
3652 1238 3748 1279 eos

2152 1313 2245 1383 qui
2270 1312 2735 1380 scandalizentur;
2766 1322 2821 1369 et
2846 1328 2969 1370 cum
2996 1314 3321 1386 martyribus
3344 1313 3743 1377 collocahimur,

2153 1404 2433 1474 primoque
2457 1405 2513 1459 in
2538 1405 2727 1463 ordine
2753 1406 2974 1462 erimus.
3001 1405 3134 1460 Nam
3161 1406 3247 1474 iis,
3274 1407 3364 1477 qui
3394 1408 3493 1462 hoc
3514 1407 3747 1461 maximo
3840 1400 3843 1403 ’

2151 1495 2447 1551 certamine
2471 1496 2731 1564 vicerunt,
2759 1508 2813 1552 et
2840 1497 3051 1553 fortiter
3071 1499 3339 1553 cruciatus
3361 1501 3614 1563 tulerunt,
3638 1514 3744 1553 non

2151 1585 2416 1642 minorem
2444 1602 2584 1657 pono
2613 1587 2884 1645 hominem
2911 1591 3343 1661 concupiscentia
3369 1591 3533 1646 veteri
3558 1590 3745 1647 deten-

2153 1684 2265 1731 tum
2289 1687 2345 1732 et
2370 1677 2422 1732 in
2448 1679 2764 1735 suavissima
2789 1691 2844 1735 et
2876 1682 3093 1752 antiqua
3121 1683 3508 1738 consuetudine
3538 1697 3742 1752 praeoc-

2148 1778 2398 1838 cupatum
2421 1808 2437 1836 ,
2465 1777 2521 1824 et
2551 1768 2744 1825 deinde
2783 1786 2879 1840 per
2920 1772 3167 1827 timorem
3194 1772 3288 1827 Dei
3320 1772 3742 1842 disrumpentcm

2149 1859 2379 1927 vincula,
2402 1868 2457 1916 et
2475 1860 2541 1916 ad
2564 1860 2617 1916 id
2636 1862 2778 1932 quod
2811 1863 2917 1918 Deo
2949 1863 3204 1933 probatur
3229 1872 3614 1920 recurrentem.
3648 1865 3745 1919 Est

2147 1951 2292 2006 enim
2317 1961 2372 2007 et
2399 1950 2503 2007 hoc
2527 1953 2694 2007 multo
2717 1953 2991 2009 difficilius
3010 1995 3025 2017 ,
3050 1954 3298 2011 aﬂ'ectum
3324 1966 3379 2010 et
3404 1954 3742 2010 dilectionem

2149 2045 2500 2101 inveteratam
2538 2046 2763 2117 ejicere,
2797 2056 2853 2101 et
2893 2048 3218 2117 multiplices
3256 2048 3568 2102 occasiones
3600 2047 3742 2102 avel-

2147 2135 2292 2200 lere;
2323 2145 2377 2193 et
2402 2138 2689 2207 assumptis
2714 2137 2813 2191 alis
2838 2136 2905 2192 ad
2933 2137 3178 2193 caelestes
3206 2137 3417 2207 apsides
3445 2153 3741 2192 recurrere.

2148 2226 2216 2282 Et
2235 2227 2375 2283 sicut
2398 2238 2691 2299 martyrum
2715 2228 2869 2284 velox
2898 2228 3069 2295 labor,
3095 2229 3170 2283 ita
3188 2236 3245 2283 et
3269 2228 3459 2284 horum
3486 2228 3745 2300 prolixior

2144 2317 2320 2375 dolor.
2351 2320 2687 2389 Quapropter
2712 2328 2769 2375 et
2797 2334 2954 2389 pares
2983 2334 3200 2375 coronae
3218 2360 3232 2385 ,
3262 2320 3514 2390 quoniam
3543 2328 3597 2374 et
3622 2334 3741 2374 cer-

2148 2412 2344 2466 tamina
2376 2413 2514 2467 inter
2537 2427 2597 2468 sc
2621 2420 2746 2468 sunt
2778 2411 2993 2467 similia.
3022 2411 3156 2466 Nam
3184 2412 3231 2467 si
3256 2412 3345 2483 qui
3372 2411 3550 2468 educit
3572 2422 3627 2467 et
3650 2427 3742 2466 sc-

2145 2512 2298 2574 parat
2322 2504 2611 2572 pretiosum
2647 2517 2677 2557 a
2702 2502 2796 2559 vili
2821 2501 2954 2575 (Jer.
2979 2502 3072 2558 15.
3104 2500 3215 2573 l9),
3243 2502 3379 2558 sicut
3405 2516 3465 2557 os
3496 2502 3591 2558 Dei
3617 2503 3738 2569 erit,

2144 2594 2234 2666 qui
2261 2607 2315 2650 et
2350 2596 2585 2666 seipsum
2622 2596 2964 2664 liberaverit,
2999 2604 3055 2651 et
3084 2596 3280 2650 multos
3320 2595 3453 2651 alios
3492 2595 3740 2650 crimina-

2146 2687 2290 2742 tione
2328 2688 2621 2753 exemerit,
2648 2688 2818 2758 cogita
2860 2696 3113 2757 quantam
3146 2686 3373 2757 accipiet
3394 2685 3735 2751 mercedem,

2144 2786 2195 2832 et
2227 2778 2566 2847 praemiorum
2597 2792 2692 2847 spe
2718 2778 2851 2833 levis
2875 2790 2930 2833 et
2963 2778 3185 2846 alacris,
3220 2786 3504 2833 contemne
3540 2777 3736 2832 malam

2143 2870 2603 2932 consuetudinem,
2634 2880 2692 2924 ut
2713 2869 2864 2940 juxta
2893 2869 2989 2924 Dei
3016 2868 3344 2925 voluntatem
3379 2868 3604 2925 decursa
3629 2869 3737 2923 vita

2124 2960 2265 3027 .hac,
2283 2974 2404 3015 cum
2419 2976 2549 3030 pura
2565 2961 2710 3015 illam
2726 2961 3054 3016 conscientia
3067 2961 3119 3015 in
3132 2960 3279 3016 caelis
3292 2961 3493 3024 videas,
3509 2961 3707 3015 sanctis
3718 2989 3737 3000 ο

2143 3054 2386 3123 simaque
2414 3054 2556 3108 illius
2583 3054 2993 3108 conversatione
3020 3053 3236 3108 fruaris.
3277 3052 3411 3107 Nam
3436 3053 3523 3108 ubi
3544 3068 3738 3123 corpo-

2143 3145 2285 3199 rales
2308 3143 2620 3199 affectiones
2644 3144 2831 3200 solutae
2857 3143 3075 3212 fuerint,
3105 3153 3161 3199 et
3183 3144 3447 3199 exstincta
3475 3144 3632 3200 fuerit
3657 3153 3738 3215 ty-

2143 3237 2359 3291 rannica
2384 3237 2841 3306 concupiscentia,
2867 3236 3069 3291 nullum
3095 3238 3197 3291 erit
3221 3236 3554 3291 obstaculum
3578 3237 3738 3292 simul

2143 3327 2214 3382 ibi
2239 3342 2360 3383 esse
2388 3328 2666 3383 mulierem
2695 3336 2750 3383 et
2776 3328 2968 3395 virum,
2991 3343 3023 3383 e
3045 3327 3223 3383 medio
3247 3327 3470 3381 sublatis
3490 3329 3739 3382 onmibus

2141 3418 2536 3487 suspicionibus
2572 3419 2724 3473 malis
2749 3461 2765 3484 ,
2800 3427 2856 3473 et
2893 3434 3053 3490 agere
3091 3427 3147 3473 et
3185 3433 3401 3479 servare
3427 3433 3548 3472 cum
3581 3418 3740 3474 liccat

2140 3509 2411 3577 omnibus,
2442 3510 2531 3581 qui
2569 3509 2623 3565 iu
2654 3525 2877 3581 regnum
2908 3510 3165 3565 caelorum
3197 3509 3623 3575 introducuntur,
3653 3510 3736 3562 vi-

2140 3610 2272 3664 tam,
2288 3616 2447 3671 quam
2472 3608 2637 3671 agunt
2659 3600 2857 3671 angeli,
2871 3609 2927 3656 et
2945 3600 3337 3656 intellectuales
3359 3600 3461 3655 illas
3476 3600 3732 3661 Virtutes,

2140 3691 2308 3763 gratia
2334 3698 2389 3746 et
2416 3690 2743 3760 benignitate
2769 3690 2979 3746 Domini
3005 3690 3175 3747 nostri
3203 3690 3330 3747 Jesu
3367 3688 3584 3755 Christi,
3613 3704 3735 3745 cum

2140 3800 2245 3856 quo
2285 3785 2429 3840 Patri
2475 3800 2577 3840 una
2622 3801 2746 3840 cum
2785 3783 2987 3856 Spiritu
3026 3792 3213 3841 sancto
3250 3784 3448 3854 gloria,
3480 3784 3650 3838 honor
3684 3793 3739 3836 et

2142 3874 2423 3944 imperium
2451 3875 2502 3930 in
2528 3875 2723 3931 szecula
2754 3875 3097 3931 saeculorum.
3127 3875 3319 3930 Amen.

771 4089 986 4165 QUOD
1029 4085 1501 4150 REGULABES
1544 4082 1875 4144 FEMINJE
1920 4083 2134 4144 VIRIS
2178 4082 2698 4144 COHABITABE
2740 4085 2906 4147 NON
2946 4084 3323 4173 DEBEAN'I
3371 4079 3413 4140 ⁸.

513 4266 563 4322 l.
594 4262 710 4320 ileu
741 4276 858 4317 me.
889 4274 924 4313 ο
962 4255 1170 4311 anima!
1208 4255 1288 4310 sic
1327 4253 1469 4308 enim
1509 4265 1607 4320 ego
1643 4263 1853 4320 quoque
1893 4263 2034 4303 nunc

435 4374 561 4417 cum
589 4355 846 4427 propheta
876 4350 1185 4420 tempestive
1209 4347 1353 4411 dico,
1384 4355 1439 4402 et
1463 4343 1632 4400 semel
1658 4352 1713 4398 et
1750 4343 1944 4398 iterum
1969 4356 2034 4397 ac

436 4450 657 4523 sapius,
691 4446 802 4502 Heu
831 4458 937 4504 me.
967 4456 1001 4496 ο
1024 4442 1226 4504 anima,
1253 4437 1411 4509 quale
1440 4433 1733 4507 negotium,
1757 4442 1811 4489 et
1835 4442 2031 4503 quanta

438 4540 684 4610 indigens
726 4532 1092 4607 philosOphia!
1137 4529 1426 4600 Virginitas
1466 4525 1659 4597 injuria
1693 4533 1777 4580 est
1803 4523 2028 4588 aﬂ'ecta;

437 4630 617 4686 velum
649 4627 792 4698 quod
830 4640 948 4680 eam
982 4639 1012 4677 a
1051 4621 1250 4691 nuptiis
1276 4619 1594 4690 separabat,
1620 4616 1885 4672 sublatum
1912 4624 2030 4681 est,

364 4744 374 4752 ε
434 4736 494 4782 et
526 4724 593 4779 ab
634 4717 1110 4791 impudentissimis
1144 4714 1393 4768 manibus
1429 4711 1776 4767 dilaceratum
1805 4725 1818 4762 :
1846 4715 2030 4764 sancta

435 4826 747 4874 sanctorum
792 4808 1099 4866 conculcata
1147 4814 1312 4871 sunt,
1358 4805 1581 4858 honesta
1622 4812 1676 4857 et
1718 4798 2033 4855 reverentia:

436 4911 597 4982 plena
644 4904 923 4976 profanata
959 4888 1015 4955 et
1054 4897 1303 4952 omnibus
1341 4895 1542 4964 pervia.
1583 4894 1713 4960 Quae
1757 4888 2034 4946 honestior

438 4999 620 5070 nuptis
651 5004 785 5061 erat,
816 4993 953 5047 adeo
971 4991 1225 5059 depressa
1252 4993 1335 5041 est
1358 4993 1415 5039 et
1440 4983 1735 5049 humiliata,
1761 4991 1939 5053 utrm]
1954 4989 2032 5036 tas

437 5092 608 5161 magis
632 5089 812 5143 dicere
837 5084 1022 5138 beatas
1047 5081 1225 5134 liceat.
1253 5079 1478 5146 Semper
1507 5073 1722 5146 quidem
1756 5074 2032 5142 virginitas

437 5198 558 5239 rum
588 5176 836 5248 conjuglo
862 5181 1169 5241 comparata
1200 5169 1399 5240 primas
1427 5174 1607 5237 partes
1636 5163 1804 5217 tenuit
1833 5174 1887 5217 ct
1912 5178 2031 5218 om-

438 5289 562 5331 nem
600 5274 910 5342 dignitatem
943 5284 955 5319 :
986 5279 1129 5319 nunc
1164 5271 1342 5317 autem
1385 5274 1555 5330 neque
1590 5259 1644 5312 in
1684 5257 1921 5312 secundo
1945 5272 2033 5311 or-

436 5368 564 5423 dine
592 5375 810 5420 manere
836 5358 1031 5431 potuit,
1057 5354 1151 5411 sed
1180 5353 1337 5409 valde
1363 5350 1547 5421 procul
1573 5357 1628 5404 et
1654 5348 1808 5419 plane
1832 5351 1886 5401 in
1911 5346 2033 5401 ulti-

438 5472 589 5513 mum
630 5451 899 5510 concessit
927 5448 1201 5511 ordinem;
1225 5454 1280 5500 ct
1308 5443 1447 5512 quod
1474 5442 1641 5497 multo
1665 5441 1899 5510 gravius,
1925 5454 2033 5493 non

440 5550 652 5614 hostes,
671 5557 846 5614 neque
870 5539 1093 5606 inimici,
1115 5536 1209 5593 sed
1236 5536 1364 5606 ipsa
1387 5534 1724 5604 potissimum
1745 5546 1864 5601 qua:
1888 5529 2034 5584 illam

492 5678 528 5712 ἰ
563 5677 749 5728 Titulus
771 5673 898 5738 apud
920 5669 1100 5738 savil.,_
1116 5669 1349 5738 adversus
1359 5679 1455 5738 cas
1478 5661 1561 5738 qui
1592 5661 1717 5738 riuos
1731 5656 2035 5738 _introc'luct_i:

443 5740 532 5795 tios
766 5724 858 5786 sed
880 5736 931 5784 in
953 5724 1170 5793 margine
1195 5730 1336 5780 Saril.
1358 5724 1497 5777 idem
1511 5725 1617 5775 fere
1638 5725 1805 5795 titulus
1827 5724 2035 5795 habetur

550 5785 893 5852 mamma
917 5785 1167 5867 ωίιίρῖξεν,
1183 5786 1869 5867 «sees!!¢_9§':9€13?3‘3¥'.9
1890 5785 2034 5834 ειυιί·

444 5848 809 5923 ὦῖεῖῡῐότῳιθ
833 5869 951 5905 vero
973 5848 1173 5916 quadrat
1195 5848 1253 5902 ad
1278 5848 1617 5913 argumenttuu
1635 5848 1875 5912 Opusculi.

777 5953 1050 6015 Parnm.
1096 5950 1217 6013 Ca.
1257 5947 1508 6013 XLVII.

2141 4249 2317 4304 colere
2360 4248 2678 4304 videbantur
2715 4264 2834 4305 eam
2870 4252 2950 4305 sic
2991 4250 3322 4313 affecerunt,
3356 4258 3408 4304 et
3434 4264 3512 4304 em
3539 4248 3734 4319 quibus

2138 4338 2255 4394 fulti
2283 4339 2540 4415 adversus
2568 4339 2814 4395 infideles
2854 4340 3111 4395 hactenus
3154 4340 3323 4394 libere
3360 4339 3729 4409 loquebamur,

2139 4434 2245 4489 illm
2269 4435 2398 4504 ipsae
2422 4450 2516 4489 ora
2542 4443 2725 4489 nostra
2753 4433 2985 4489 maxime
3010 4435 3279 4499 obturant,
3308 4441 3363 4487 et
3395 4433 3561 4487 multa
3586 4431 3734 4501 igno-
3762 4479 3775 4493 ,

2137 4528 2303 4582 minia
2329 4526 2659 4584 sull‘undunt.

2210 4623 2365 4694 Apud
2385 4620 2590 4678 (ἔναξεοε
2609 4638 2702 4677 seu
2723 4621 2931 4692 gentiles
2950 4619 3168 4690 uirgines
3186 4634 3286 4673 non
3310 4625 3475 4672 erant.
3497 4646 3569 4657 --
3592 4616 3734 4672 Inter

2139 4715 2356 4773 Grazcos
2386 4716 2404 4748 ⁸
2443 4724 2575 4770 sane
2630 4712 2849 4783 quidam
2880 4712 3007 4767 licet
3062 4713 3217 4780 pauci
3255 4709 3327 4764 ita
3369 4707 3729 4778 philosOphati

2138 4809 2370 4870 fuerunt,
2398 4816 2455 4861 ut
2479 4820 2640 4877 opum
2670 4812 2853 4859 essent
2871 4810 3288 4871 contemptores,
3312 4809 3365 4855 et
3389 4802 3518 4854 iram
3546 4799 3731 4853 vince-

2138 4908 2293 4966 rent;
2315 4898 2631 4969 virginitatis
2656 4904 2803 4951 ccrtc
2827 4894 2927 4950 ﬂos
2951 4893 3101 4948 nullo
3127 4892 3288 4947 modo
3309 4892 3449 4961 apud
3474 4891 3590 4944 illos
3613 4888 3727 4953 fuit,

2140 4995 2192 5050 in
2214 5010 2316 5065 qua
2343 5006 2556 5061 semper
2574 4996 2957 5045 concesserunt
2975 4987 3132 5042 nobis
3152 4986 3378 5058 primam
3400 4983 3728 5052 dignitatem,

2139 5091 2367 5146 fatentes
2404 5103 2517 5143 rem
2547 5101 2706 5155 supra
2743 5094 2986 5138 naturam
3025 5098 3146 5139 esse
3175 5090 3230 5139 et
3269 5095 3376 5135 non
3418 5077 3728 5131 humanam.

2140 5184 2264 5239 ldeo
2292 5183 2397 5238 illis
2435 5179 2683 5234 omnibus
2725 5192 2950 5231 summa:
2993 5172 3331 5231 admirationi
3369 5170 3603 5234 fuimus;
3636 5170 3730 5223 sed

2139 5289 2282 5331 nunc
2309 5290 2413 5327 nou
2441 5272 2599 5336 item,
2631 5270 2757 5340 quin
2800 5268 2974 5339 potius
3005 5265 3252 5322 derideant
3269 5261 3376 5318 'nos
3402 5272 3456 5317 et
3488 5263 3539 5315 in
3575 5260 3729 5314 fabu-

2140 5368 2246 5423 lam
2284 5372 2515 5421 vertunt.
2547 5362 2671 5418 Ideo
2703 5360 2948 5416 diabolus
2993 5359 3063 5412 ita
3100 5364 3287 5411 contra
3332 5353 3477 5408 hunc
3514 5366 3729 5423 gregem

2137 5457 2391 5529 spiravit,
2422 5455 2676 5526 quoniam
2701 5452 2834 5508 vidit
2873 5452 2925 5505 in
2962 5451 3062 5503 hac
3098 5446 3436 5517 potissimum
3467 5443 3731 5515 phalange

2140 5549 2398 5621 fulgidum
2436 5547 2633 5603 Christi
2675 5544 2967 5601 exercitum
3011 5557 3024 5594 :
3064 5540 3249 5609 sicque
3291 5538 3514 5592 tentavit
3558 5542 3730 5604 ipsam

2138 5640 2486 5708 confundere,
2511 5648 2572 5694 ut
2594 5636 2815 5708 posthac
2836 5633 3028 5688 melius
3049 5631 3136 5698 sit,
3164 5644 3232 5685 ne
3258 5628 3490 5700 virgines
3514 5626 3730 5698 quidem

2204 5778 2221 5811 ³
2257 5784 2324 5827 De
2340 5775 2618 5830 virginitate
2641 5781 2668 5819 a
2685 5763 2949 5830 gentilibus
2966 5766 3013 5810 tu
3038 5753 3230 5830 minore
3246 5762 3426 5811 habita.
3450 5762 3560 5807 vute
3588 5760 3729 5801 Atua-

2142 5822 2326 5891 nasi-im
2350 5822 2402 5889 in
2417 5822 2519 5886 line
2541 5822 2777 5894 Apologia;
2795 5822 2854 5874 ad
2870 5825 3194 5874 Constantium
3217 5827 3337 5881 Imp.

3340 5912 3419 5973 30
