4138 6430
499 377 603 431 515

497 505 644 554 case,
678 504 796 557 qua:
835 487 907 541 in.
945 503 1057 542 rem
1104 489 1239 543 lianc
1269 490 1580 558 suscipiant.
1611 488 1783 544 Causa
1820 489 2084 547 malorum

496 580 734 635 omnium
762 622 776 645 ,
803 579 942 649 quod
971 580 1187 634 nomine
1222 588 1375 634 tenus
1404 580 1576 634 solum
1606 593 1694 635 res
1720 582 2008 648 consistat,
2035 590 2090 636 et

497 675 769 743 negotium
790 682 955 729 totum
984 674 1037 727 in
1064 689 1159 728 ore
1174 673 1639 743 circumscriptum
1658 674 1749 741 sit,
1772 674 1915 745 quod
1943 675 2088 729 scili-

495 777 584 822 cet
610 767 829 822 minima
859 765 1175 837 virginitatis
1203 780 1329 836 pars
1357 775 1476 832 est;
1505 781 1625 835 quae
1649 774 1824 821 autem
1850 766 1972 838 plus
1995 782 2091 822 nec

495 860 754 925 cessaris,
783 868 836 915 ct
863 860 1032 928 ipsam
1063 860 1234 930 magis
1264 859 1661 926 demonstrant,
1690 860 1928 930 neglecta
1959 860 2086 924 sint,

496 961 551 1009 et
595 952 737 1008 nulla
780 952 918 1007 ratio
970 952 1230 1008 habeatur
1270 953 1536 1016 vestium,
1578 966 1699 1022 quae
1729 953 2088 1022 virginitatem

496 1045 729 1112 decent,
758 1044 841 1099 vel
879 1043 1113 1110 silentii,
1144 1043 1227 1099 vel
1260 1041 1687 1114 compunctionis
1706 1085 1721 1109 ,
1748 1044 1832 1097 vel
1863 1043 2091 1113 alicujus

499 1135 550 1189 id
574 1151 764 1206 genus.
793 1134 933 1202 Quin
963 1142 1170 1190 temere
1200 1144 1467 1204 nugantur
1494 1135 1693 1200 omnia,
1722 1143 1774 1190 et
1805 1134 1981 1190 ﬁdem
2010 1137 2092 1190 in-

499 1228 857 1301 tempestive,
886 1236 940 1281 et
970 1227 1361 1282 tumultuantur
1380 1268 1394 1292 ,
1422 1234 1477 1280 et
1503 1226 1555 1280 in
1582 1225 1787 1282 deliciis
1815 1226 1982 1296 magis
2009 1227 2088 1281 vi-

497 1329 628 1374 vunt
653 1361 668 1386 ,
700 1334 857 1389 quam
891 1318 1141 1373 mulieres
1167 1332 1289 1388 qua:
1322 1316 1375 1371 in
1408 1315 1611 1371 fornice
1651 1326 1934 1386 prostant,
1961 1315 2087 1370 dum

496 1420 825 1481 spectatores
853 1409 1059 1465 technis
1084 1408 1195 1463 suis
1224 1407 1456 1479 undique
1486 1405 1776 1477 pelliciuut,
1810 1416 1864 1461 et
1893 1406 1945 1460 in
1978 1421 2090 1461 me-

497 1502 749 1557 retricum
802 1498 1181 1570 turpitudinem
1226 1513 1286 1553 se
1321 1497 1590 1568 conjicere
1627 1505 1924 1562 conantur,
1954 1510 2017 1551 ac
2044 1495 2089 1549 si

498 1609 620 1648 cum
658 1592 762 1647 illis
791 1598 1134 1655 concertent,
1166 1590 1340 1661 deque
1387 1588 1726 1659 turpitudinis
1765 1587 1934 1658 gloria
1965 1600 2094 1642 con-

500 1682 736 1739 tendant.
765 1682 918 1739 Unde
936 1682 1100 1747 euim,
1123 1680 1211 1736 dic
1230 1680 1380 1747 milii,
1407 1679 1701 1749 poterimus
1726 1687 1908 1748 postea
1932 1677 2091 1731 talem

496 1777 757 1847 virginem
785 1776 973 1831 ordine
1001 1775 1210 1830 illarum
1238 1783 1292 1829 et
1317 1773 1574 1829 societate
1598 1772 1852 1836 eximere,
1880 1769 2094 1841 quando

497 1880 552 1925 et
579 1870 691 1938 ipsa
723 1868 862 1923 idem
896 1866 1054 1933 facit,
1086 1865 1227 1937 quod
1258 1865 1361 1920 illae
1386 1881 1401 1929 ;
1428 1862 1642 1935 quando
1668 1862 1871 1917 scilicet
1907 1861 2094 1917 adole-

498 1971 741 2023 scentum
768 1960 928 2015 corda
957 1959 1009 2013 in
1040 1957 1277 2014 fraudem
1310 1957 1477 2021 illicit,
1511 1955 1724 2026 quando
1750 1954 1988 2024 petulans
2012 1961 2095 2008 est

500 2066 553 2107 et
591 2055 985 2122 intemperans,
1012 2048 1226 2119 quando
1256 2049 1442 2105 eadem
1481 2061 1681 2103 venena
1716 2046 1973 2117 porrigit,
2003 2060 2095 2101 ea-

501 2146 620 2201 dem
656 2145 844 2215 pocula
886 2145 1107 2210 miscet,
1139 2142 1488 2209 eamdemque
1517 2150 1667 2210 parat
1693 2138 1959 2194 cicutam?
1987 2137 2094 2192 Sed

502 2254 607 2292 non
634 2236 763 2291 dicit
786 2254 801 2291 :
842 2234 985 2301 Veni,
1009 2251 1182 2288 amore
1206 2233 1519 2287 involvantur
1544 2246 1562 2288 :
1594 2246 1693 2286 nec
1717 2230 1863 2296 dicit,
1892 2230 2097 2301 Ασρεηί

501 2330 661 2384 cubile
689 2344 853 2381 meum
877 2341 1022 2380 croco
1061 2335 1108 2380 et
1145 2325 1326 2379 lectum
1369 2339 1532 2377 meum
1557 2323 1874 2377 ciunanromo
1899 2320 2093 2393 (Prov.

502 2421 553 2475 7.
588 2422 674 2474 17.
720 2418 843 2486 i8).
883 2416 1096 2473 Utinam
1135 2412 1309 2470 cubile
1352 2421 1404 2468 et
1448 2413 1673 2479 lectum,
1704 2426 1811 2466 non
1840 2419 2018 2466 vestes
2043 2420 2098 2465 et

503 2513 728 2581 Corpus!
768 2509 879 2565 illa:
907 2510 1049 2565 enim
1091 2506 1239 2564 domi
1276 2520 1454 2563 escam
1491 2506 1790 2572 occultant,
1818 2513 1873 2560 tu
1903 2504 2098 2574 ubique

504 2608 749 2676 laqueum
778 2601 1123 2668 circumfers,
1153 2610 1208 2657 et
1232 2599 1490 2671 expandis
1522 2599 1811 2669 voluptatis
1846 2597 1959 2653 alas
1997 2597 2093 2653 ob-

504 2695 784 2750 ambulans
823 2694 875 2748 in
914 2692 1054 2748 foro.
1090 2690 1199 2748 Sed
1230 2707 1338 2747 non
1373 2690 1589 2760 dixisti,
1620 2705 1793 2761 neque
1827 2688 2096 2745 contulisti

504 2788 662 2843 verba
704 2788 795 2842 illa
840 2785 1142 2842 meretricia
1163 2826 1178 2852 ,
1217 2784 1377 2850 Veni,
1412 2800 1585 2839 more
1618 2783 1951 2837 involvam.
1981 2780 2097 2837 Non

503 2882 683 2935 dixisti
712 2880 908 2949 lingua,
937 2877 1030 2933 sed
1054 2877 1235 2933 dixisti
1262 2875 1442 2930 habitu
1472 2891 1486 2928 :
1519 2889 1625 2929 non
1651 2874 1866 2945 loquuta
1892 2887 1953 2928 es
1979 2886 2095 2939 ore,

504 2972 599 3027 sed
626 2970 843 3041 loquuta
870 2984 929 3024 es
958 2982 1143 3040 gressu
1176 2984 1190 3021 :
1225 2982 1331 3023 non
1368 2966 1603 3021 iuvitasti
1634 2979 1795 3033 voce,
1825 2964 1919 3020 sed
1959 2962 2097 3019 invi-

506 3063 627 3118 tasti
651 3062 819 3117 oculis
849 3063 1047 3118 clarius
1073 3076 1231 3132 quam
1260 3074 1411 3115 voce.
1452 3061 1519 3115 At
1559 3068 1838 3130 postquam
1871 3072 2097 3113 vocave-

504 3170 627 3221 ras,
657 3168 761 3207 non
795 3162 847 3209 te
883 3152 1137 3209 obtulisti.
1177 3158 1362 3222 Neque
1387 3151 1464 3206 sic
1497 3164 1527 3204 a
1558 3158 1775 3221 peccato
1811 3148 2052 3205 liberaris
2080 3167 2097 3204 :

504 3258 584 3301 est
610 3247 751 3300 enim
773 3256 827 3300 et
855 3245 971 3300 ha-c
996 3244 1097 3299 alia
1124 3243 1490 3299 fornicationis
1516 3242 1745 3312 Species.
1777 3240 1915 3296 Pura
1942 3254 2097 3295 man-

505 3339 620 3394 sisti
645 3338 713 3391 ah
741 3337 932 3408 injuria
959 3335 1201 3407 corporis
1237 3334 1449 3405 quidem
1469 3373 1488 3401 ,
1516 3332 1610 3389 sed
1637 3347 1746 3387 non
1784 3331 2008 3395 animae,
2043 3339 2098 3385 et

503 3429 825 3500 completum
855 3437 939 3485 est
967 3444 995 3482 a
1027 3435 1082 3484 te
1111 3436 1385 3498 peccatum
1407 3466 1421 3493 ,
1461 3426 1667 3482 etiamsi
1712 3438 1821 3480 non
1861 3438 1955 3494 per
1981 3421 2095 3479 coi-

507 3531 639 3585 tum,
668 3520 762 3575 sed
792 3535 888 3590 per
915 3526 1208 3588 aspectum.

584 3610 842 3682 Virginem
863 3626 963 3663 non
984 3610 1157 3663 decent
1177 3608 1342 3663 cultus
1361 3606 1593 3676 corporis
1618 3612 1664 3659 et
1685 3605 1835 3660 vestis
1855 3604 2092 3675 pretiosa.

503 3701 749 3772 ——€ujus
769 3701 910 3756 enim
925 3699 1094 3771 gratia
1112 3712 1270 3755 vocas
1288 3697 1709 3768 praetereuntes?
1737 3710 1833 3751 cur
1846 3694 2099 3750 accendis

505 3795 721 3865 ignem?
740 3792 1010 3865 quomodo
1044 3801 1199 3862 putas
1235 3780 1290 3847 te
1320 3803 1509 3860 puram
1538 3804 1570 3842 a
1598 3797 1837 3857 peccato,
1860 3801 1984 3842 cum
2013 3796 2096 3840 to-

506 3897 618 3941 tum
650 3888 823 3955 ipsum
850 3899 987 3954 opus
1008 3892 1229 3953 operata
1255 3882 1374 3937 sis?
1405 3881 1617 3937 Etenim
1642 3895 1764 3934 cum
1793 3879 2097 3937 adulterum

507 3976 702 4033 feceris
729 3974 1027 4045 perfectum
1050 3989 1195 4040 eum,
1218 3988 1378 4043 quem
1409 3982 1503 4028 tuo
1530 3972 1634 4028 isto
1664 3971 1844 4027 habitu
1871 3971 2062 4041 cepisti
2079 4011 2095 4038 ,

505 4066 776 4138 quomodo
790 4075 940 4137 potes
954 4080 1060 4121 non
1083 4080 1206 4123 esse
1215 4064 1475 4134 adultera,
1491 4079 1615 4120 cum
1629 4078 1766 4136 opus
1783 4073 1929 4119 tuum
1947 4062 2100 4119 adul-

507 4160 700 4214 terium
735 4173 856 4214 esse
888 4156 1352 4229 deprehendatur?
1383 4154 1529 4212 Illius
1554 4156 1761 4211 insania
1786 4164 1931 4210 tuum
1959 4169 2097 4224 opus

507 4263 586 4309 est
597 4291 612 4307 .
626 4250 873 4307 Profecto
886 4259 938 4307 te
949 4266 1066 4321 qua:
1075 4250 1348 4307 adulteros
1364 4249 1695 4320 praeparasti,
1707 4246 1954 4304 adulterii
1965 4262 2098 4316 sup-

511 4345 724 4416 plicium
749 4343 969 4399 minime
992 4358 1151 4413 posse
1174 4342 1428 4413 effugere,
1448 4341 1577 4396 nulli
1596 4358 1702 4395 non
1731 4340 2095 4396 manifestum.

498 4440 592 4494 .Tn
616 4440 847 4509 gladium
880 4438 1068 4493 acuisti
1088 4477 1104 4503 ,
1132 4447 1190 4491 tu
1210 4435 1455 4491 dextram
1483 4434 1704 4489 armasti
1721 4474 1738 4499 ,
1762 4442 1817 4488 tu
1837 4441 2097 4488 armatam

509 4532 749 4587 dextram
769 4530 821 4584 in
844 4530 1093 4586 miseram
1121 4529 1349 4583 animam
1383 4526 1636 4595 impulisti
1668 4525 1971 4595 :quomodo
2001 4525 2111 4595 igi--

511 4634 598 4678 tur
630 4623 830 4691 poteris
858 4622 924 4677 ab
953 4620 1224 4674 homicidii
1246 4618 1509 4689 supplicio
1526 4616 1785 4672 liberari?
1814 4617 1905 4671 Dic
1929 4617 2094 4681 enim,

508 4728 770 4782 quosnam
820 4710 1081 4767 habemus
1127 4708 1251 4765 odio
1276 4718 1327 4765 et
1372 4694 1876 4778 aversatnur‘lqnos
1918 4717 2096 4764 autem

511 4805 738 4872 puniunt
767 4803 1099 4873 legislatorcs
1138 4812 1191 4857 et
1223 4801 1472 4871 indices?
1502 4816 1630 4857 num
1657 4815 1751 4857 eos
1776 4802 1868 4872 qui
1911 4801 2101 4858 bibunt

509 4897 783 4949 mortifera
827 4909 1050 4959 venena,
1081 4908 1147 4949 an
1189 4895 1478 4949 miscentes
1524 4894 1765 4959 calicem,
1793 4904 1848 4949 et
1893 4909 2098 4965 praepa-

508 4997 689 5042 rantes
732 5003 816 5053 ea,
845 4998 1070 5056 arteque
1119 5000 1216 5041 sua
1259 4985 1544 5056 perdentes
1596 4986 1761 5042 alios?
1792 5001 1970 5043 nonne
2016 4986 2100 5042 bi-

510 5077 698 5133 bentes
728 5078 941 5148 quidem
971 5086 1155 5147 utpote
1182 5077 1368 5146 injuria
1395 5076 1613 5133 allectos
1636 5077 1974 5144 miser-amur,
2002 5094 2098 5133 ve-

512 5171 713 5224 neficos
740 5178 917 5224 autem
962 5168 1213 5224 omnibus
1236 5168 1455 5223 calculis
1496 5166 1949 5223 condemnamus?
1989 5167 2100 5223 Nec

508 5259 706 5313 sufficit
744 5260 823 5315 eis
874 5259 941 5314 ad
985 5260 1383 5315 excusationem
1429 5259 1629 5325 dicere,
1677 5259 1790 5313 Non
1835 5260 2097 5330 ineipsnm

511 5352 644 5416 laesi,
674 5350 767 5407 sed
803 5350 966 5405 alium
997 5351 1244 5421 perdidi;
1274 5349 1371 5406 sed
1403 5360 1620 5420 pr0pter
1654 5349 1757 5407 lucc
1798 5360 1943 5406 tanto
1972 5367 2098 5423 gra-

509 5443 710 5496 viorem
737 5442 891 5497 luunt
908 5457 1141 5511 ptenam.
1174 5441 1253 5497 Tu
1282 5450 1459 5497 autem
1491 5442 1686 5497 misera
1711 5452 1765 5499 et
1789 5443 2098 5501 calamitosa

510 5534 769 5588 miscuisti
798 5535 1020 5591 calicem
1050 5532 1196 5590 hunc
1235 5534 1619 5604 perniciosum,
1661 5544 1717 5591 et
1744 5538 2013 5606 pra-buisti
2046 5548 2102 5593 et

508 5621 700 5675 dedisti
744 5623 1090 5691 pliarmactnn
1137 5642 1150 5679 :
1199 5635 1256 5681 et
1289 5636 1570 5696 postquam
1601 5626 1736 5682 bibit
1776 5638 1830 5682 et
1860 5630 2099 5698 perditus

512 5728 616 5776 est,
641 5715 914 5770 defensam
949 5728 1000 5773 te
1029 5726 1203 5787 putas,
1234 5721 1356 5789 quia
1384 5734 1489 5775 non
1518 5720 1628 5790 ipsa
1655 5720 1874 5786 biberis,
1899 5722 1990 5774 sed
2017 5721 2100 5775 al-

513 5804 611 5857 teri
640 5803 931 5870 prxbueris
968 5809 1209 5864 venena?
1235 5809 1564 5880 Quamquam
1592 5822 1645 5867 et
1677 5826 1770 5865 vos
1798 5817 1946 5866 tanto
1973 5827 2092 5883 gra-

1221 372 1279 431 S.
1319 373 1595 429 JOANNlS
1632 372 2105 432 CllRYSOSTOMl
2145 377 2460 436 ARClllEP.
2503 375 3043 441 CONSTANTINOP.
3669 393 3763 455 516

2192 493 2395 551 viorem
2449 495 2606 553 luetis
2659 513 2908 568 pinnam,
2960 516 3117 571 quam
3175 503 3602 579 pharmacopolae
3655 512 3761 580 llll,

2190 595 2392 655 quanto
2419 596 2474 642 ct
2495 604 2638 644 mors
2665 593 2899 660 gravior.
2927 592 3042 648 Non
3069 596 3211 649 enim
3242 611 3435 668 corpus
3460 600 3656 670 solum,
3676 603 3766 660 sed

2192 684 2246 730 et
2270 678 2503 732 animam
2525 680 2847 737 interimitis.
2873 683 2939 737 Et
2961 684 3035 738 illi
3060 685 3277 755 quidem
3303 702 3444 758 smpe
3462 690 3548 746 vel
3573 692 3762 758 furore,

2193 768 2277 822 vel
2304 769 2381 823 ira
2409 767 2514 824 hoc
2555 769 2778 840 faciunt,
2802 773 2883 829 vel
2909 775 3082 844 inopia
3109 793 3124 840 ;
3155 791 3251 831 vos
3275 787 3451 833 autem
3475 780 3543 835 ad
3574 782 3766 838 nullum

2194 857 2355 912 talem
2381 859 2672 931 confugere
2695 872 3007 931 praetextum
3039 867 3281 933 potestis.
3306 866 3486 939 Neque
3505 871 3649 925 enim
3675 872 3767 927 hoc

2192 945 2368 1002 facitis
2406 947 2656 1016 inimicis,
2706 952 2789 1007 vel
2833 952 2915 1008 eis
2955 955 3045 1023 qui
3088 968 3416 1025 nocuerunt,
3443 961 3523 1015 vel
3557 961 3627 1017 ob
3653 962 3766 1017 ino-

2194 1037 2365 1107 piam,
2392 1039 2489 1095 sed
2527 1041 2598 1095 ob
2630 1042 2799 1097 solam
2826 1059 3013 1098 vanam
3050 1046 3277 1116 gloriam
3308 1049 3361 1103 in
3387 1044 3575 1108 alienis
3596 1053 3768 1109 luditis

2192 1131 2501 1196 animabus,
2532 1143 2587 1189 et
2606 1150 2670 1190 ex
2692 1136 2921 1191 aliorum
2951 1149 3124 1195 morte
3152 1142 3479 1212 voluptatem
3507 1147 3766 1217 propriam

2194 1224 2535 1279 constituitis.

2265 1313 2319 1367 3.
2356 1313 2462 1369 Sed
2498 1317 2678 1371 nescio
2706 1317 2868 1384 unde,
2898 1329 2956 1375 ut
2982 1319 3097 1376 haec
3122 1322 3377 1391 dicerem,
3406 1325 3509 1381 huc
3537 1341 3650 1382 sum
3677 1344 3767 1399 ap-

2195 1405 2412 1473 pulsus;
2443 1415 2664 1477 propter
2682 1409 2823 1478 quod
2844 1410 3177 1467 redeundum
3200 1413 3266 1468 ad
3288 1414 3341 1469 id
3358 1414 3498 1471 unde
3511 1416 3769 1487 digressus

2194 1510 2334 1550 sum.
2364 1497 2495 1551 Nam
2520 1500 2669 1569 quasi
2701 1515 2806 1555 non
2824 1501 3134 1558 sufﬁcerent
3156 1504 3276 1561 hwc
3295 1507 3346 1560 in
3379 1508 3538 1563 totius
3567 1510 3768 1565 feminei

2194 1590 2409 1659 generis
2435 1589 2834 1661 confusionem,
2878 1604 2934 1649 et
2966 1595 3108 1651 aliud
3138 1597 3391 1666 quiddam
3422 1600 3592 1671 majus
3620 1616 3769 1657 exco-

2195 1682 2516 1751 gitaverunt.
2549 1684 2657 1740 Sed
2684 1700 2847 1741 nemo
2888 1686 3002 1743 haec
3032 1688 3100 1744 de
3140 1691 3391 1746 omnibus
3417 1691 3558 1746 dicta
3588 1702 3761 1762 putet:

2197 1787 2303 1828 non
2345 1776 2488 1830 enim
2521 1784 2627 1831 tam
2659 1777 2821 1833 miser
2872 1791 3009 1845 sum,
3054 1789 3111 1834 ut
3149 1781 3307 1835 simul
3346 1784 3526 1837 omnia
3563 1785 3771 1839 commi-

2197 1878 2373 1920 sceam
2403 1874 2458 1921 et
2481 1867 2821 1923 confundam.
2840 1869 2973 1924 Nam
3006 1870 3076 1927 de
3097 1871 3179 1926 liis
3205 1887 3325 1941 quae
3344 1873 3515 1943 culpis
3542 1874 3771 1930 obnoxiae

2198 1968 2252 2012 ct
2299 1957 2414 2013 haec
2452 1958 2596 2013 dicta
2630 1969 2789 2022 sunt,
2826 1970 2880 2016 et
2921 1977 3040 2032 qua:
3085 1972 3271 2033 postca
3317 1962 3584 2019 dicentur.
3622 1966 3771 2034 Quasi

2200 2050 2360 2120 igitur
2382 2066 2486 2105 non
2518 2052 2647 2106 satis
2674 2052 2931 2108 damnosa
2977 2065 3160 2109 essent
3199 2054 3336 2123 lucc,
3373 2056 3519 2111 viros
3554 2057 3651 2111 sibi
3678 2057 3770 2111 nii-

2200 2142 2344 2195 uime
2395 2152 2651 2212 cognatos
2692 2157 2873 2198 secum
2918 2144 3216 2211 includunt,
3264 2154 3319 2200 et
3363 2147 3511 2202 omni
3549 2156 3772 2217 tempore

2200 2234 2607 2289 contubernales
2656 2234 2874 2302 faciunt,
2922 2235 3073 2306 quasi
3123 2235 3569 2292 demonstratum
3605 2249 3653 2292 et
3689 2253 3773 2307 per

2199 2341 2262 2381 ea
2295 2341 2415 2396 quae
2442 2326 2582 2381 dicta
2612 2337 2755 2393 sunt,
2785 2327 2924 2398 quod
2955 2328 3131 2383 invita:
3152 2327 3218 2384 ad
3243 2331 3598 2399 virginitatem
3620 2340 3773 2398 rapta:

2201 2419 2329 2485 sint,
2355 2430 2410 2473 et
2448 2429 2742 2474 extremam
2781 2421 2886 2474 vim
2930 2420 3313 2487 sustinuerint,
3361 2430 3415 2475 ct
3441 2420 3545 2475 hac
3581 2422 3772 2475 ratione

2201 2510 2549 2565 Consoletttur
2578 2512 2685 2566 vim
2719 2522 2771 2567 et
2794 2513 3192 2567 necessitatem.
3219 2511 3357 2579 Quid
3383 2512 3584 2582 igitur?
3609 2528 3772 2567 annoo

2204 2598 2287 2655 bis
2311 2600 2599 2668 deteriora,
2629 2616 2750 2656 cum
2779 2603 2893 2657 haec
2912 2603 3209 2671 contigunt,
3238 2602 3488 2658 dicuntur
3512 2604 3580 2659 ab
3603 2603 3774 2658 amicis

2203 2702 2255 2746 et
2295 2691 2689 2772 familiaribus?‘
2721 2693 3174 2751 Permittendaene
3211 2705 3339 2751 sunt
3386 2696 3492 2750 illa:
3520 2697 3693 2752 vivere
3727 2705 3773 2750 et

2202 2786 2488 2854 respirare,
2520 2797 2572 2840 et
2601 2800 2705 2841 non
2740 2786 2915 2856 potius
2941 2786 3271 2842 dissecandae
3299 2786 3515 2855 mediae,
3543 2788 3624 2842 vel
3652 2788 3774 2842 viva!

2201 2893 2324 2934 cum
2375 2879 2479 2934 illis
2530 2880 2656 2948 ipsis
2704 2880 3065 2935 tumulande
3110 2880 3317 2935 Etenim
3357 2888 3414 2935 ct
3454 2879 3572 2935 haec
3611 2889 3664 2936 et
3700 2880 3774 2934 bis

2204 2971 2373 3027 multo
2402 2972 2551 3041 plura
2587 2985 2777 3027 omnes
2815 2971 3016 3027 dicunt.
3043 2972 3311 3027 Caeterum
3354 2981 3409 3029 et
3436 2972 3683 3042 frequens
3727 2981 3775 3025 ct

2202 3063 2542 3132 quotidianus
2581 3071 2661 3117 est
2687 3076 2876 3118 cursus
2911 3062 3254 3118 obstetricum
3292 3063 3359 3118 ad
3398 3062 3660 3134 virginum
3685 3061 3773 3115 do-

2204 3170 2345 3225 mus,
2376 3156 2526 3226 quasi
2556 3155 2621 3211 ad
2650 3156 2935 3227 parientes,
2963 3170 3067 3211 non
3086 3155 3226 3225 quod
3256 3156 3670 3211 obstetricrnlur
3687 3170 3774 3225 pa-

2202 3246 2380 3313 rienti,
2412 3246 2655 3316 quamvis
2692 3247 2913 3316 contigit
2952 3247 3004 3301 in
3042 3245 3306 3317 aliquibus
3334 3247 3495 3301 etiam
3531 3245 3661 3313 hoc,
3690 3244 3772 3300 sed

2202 3341 2345 3412 quod
2375 3341 2665 3411 probentur
2688 3350 2743 3394 et
2777 3339 3081 3411 iudicentur
3127 3341 3266 3393 sicut
3309 3347 3508 3408 emptae
3550 3338 3771 3402 ancillm,

2201 3448 2447 3504 quaenam
2492 3442 2775 3502 corrupto,
2823 3431 2907 3486 vel
2952 3446 3071 3502 qum
3100 3430 3345 3494 intactae;
3370 3440 3427 3486 et
3456 3431 3550 3486 illa
3575 3430 3773 3499 quidem

2203 3522 2361 3579 facile
2406 3524 2609 3579 obediit
2654 3522 2990 3602 probationi,
3032 3522 3145 3577 hmc
3182 3536 3313 3577 vero
3349 3522 3699 3587 contradixit,
3727 3529 3777 3573 ct

2204 3614 2306 3671 hoc
2334 3616 2448 3685 ipso
2489 3614 2707 3671 confusa
2747 3615 2895 3679 abiit,
2926 3614 3133 3670 etiamsi
3164 3628 3271 3668 non
3308 3623 3563 3683 corrupta
3588 3613 3687 3678 sit;
3726 3621 3777 3664 et

2204 3707 2318 3763 haec
2355 3706 2568 3778 quidem
2610 3706 2940 3776 deprehensa
2967 3714 3082 3770 est,
3111 3706 3201 3760 illa
3230 3720 3356 3761 vero
3385 3720 3526 3771 non;
3557 3703 3647 3760 sed
3672 3703 3776 3757 hac

2204 3814 2311 3854 non
2352 3798 2529 3853 minus
2566 3813 2726 3868 quam
2767 3797 2855 3851 illa
2896 3794 3279 3860 confunditur,
3305 3809 3429 3850 cum
3473 3811 3579 3850 non
3620 3795 3777 3865 possit

2203 3888 2360 3959 digna
2392 3887 2497 3943 fide
2525 3903 2594 3943 ex
2638 3887 2875 3942 moribus
2896 3886 3255 3956 connprobari,
3283 3884 3378 3941 sed
3420 3900 3559 3956 opus
3598 3885 3779 3940 habeat

2202 3989 2427 4036 externo
2463 3980 2724 4035 examinis
2756 3978 3081 4034 testimonio.
3125 3977 3348 4046 Quantis
3386 3978 3635 4049 lacrymis
3672 3975 3777 4031 hare

2204 4087 2310 4129 non
2337 4082 2463 4127 sunt
2501 4072 2678 4143 digna,
2723 4072 2936 4141 quantis
2977 4085 3082 4125 non
3127 4069 3284 4140 digna
3325 4069 3621 4124 mortibus?
3658 4067 3778 4135 Quis

2203 4172 2381 4218 autem
2408 4162 2486 4216 sic
2520 4161 2759 4232 lapideus
2792 4169 2847 4214 et
2882 4160 3067 4224 durus,
3098 4167 3156 4213 ut
3182 4173 3287 4214 non
3318 4158 3634 4214 accendatur
3666 4155 3775 4210 zelo

2205 4254 2341 4309 sicut
2369 4253 2639 4308 Pliinees?
2669 4251 2735 4306 Et
2775 4251 2866 4306 ille
2900 4249 3115 4321 quidem
3156 4250 3201 4304 si
3243 4264 3341 4305 suo
3379 4258 3619 4321 tempore
3654 4247 3777 4301 hanc

2205 4342 2586 4414 turpitudinem
2626 4342 2867 4409 vidisset,
2896 4358 3003 4397 non
3038 4342 3170 4412 ipsis
3204 4343 3560 4413 pepercisset,
3595 4338 3686 4396 sed
3710 4340 3779 4392 fe-

2202 4435 2366 4491 cisset
2412 4434 2553 4490 idem
2593 4434 2736 4505 quod
2784 4435 2837 4489 in
2884 4432 3225 4490 Madianitide
3271 4432 3397 4488 olim
3444 4433 3570 4489 fecit
3601 4429 3775 4501 (Nam.

2204 4526 2294 4582 25.
2342 4526 2473 4597 ii):
2507 4540 2602 4581 nos
2650 4536 2826 4580 autem
2870 4539 2991 4581 cum
3036 4523 3189 4581 nobis
3229 4539 3335 4578 non
3363 4524 3432 4578 sit
3470 4522 3777 4593 permissum

2203 4617 2441 4687 arripere
2489 4616 2754 4687 gladium,
2804 4631 2976 4686 neque
3014 4616 3197 4670 lancea
3231 4614 3521 4671 confodere
3569 4626 3663 4670 eos
3696 4610 3779 4681 qui

2203 4709 2306 4765 ista
2331 4718 2662 4781 perpetrant,
2687 4708 2863 4765 affecti
2887 4718 3036 4765 certe
3050 4724 3234 4765 sumus
3263 4709 3401 4764 sicut
3426 4718 3639 4762 sancws
3664 4704 3777 4767 ille,
3858 4738 3863 4744 -

2203 4817 2312 4856 non
2338 4801 2564 4857 facimus
2591 4810 2767 4857 autem
2795 4800 3016 4867 eadem,
3059 4800 3153 4856 sed
3183 4800 3356 4856 dolori
3394 4800 3553 4856 aliter
3576 4812 3779 4855 succur-

2204 4894 2393 4959 rimus,
2433 4893 2726 4964 ploratibus
2766 4892 2974 4948 scilicet
2996 4907 3061 4948 ac
3100 4892 3371 4947 lamentis.
3417 4891 3602 4948 Venite
3625 4901 3776 4959 ergo,

2203 4983 2453 5040 dolorum
2480 4999 2545 5039 ac
2585 4984 2878 5054 gemituum
2915 4983 3076 5038 socia:
3100 4990 3276 5039 estote
3311 4990 3571 5054 quotquot
3596 4981 3662 5036 ab
3688 4979 3777 5033 hac

2205 5075 2558 5131 obscoenitate
2583 5076 2715 5132 estis
2739 5075 2962 5139 alienis;
2991 5089 3112 5129 nam
3140 5073 3468 5129 calamitosa:
3497 5082 3551 5128 et
3580 5073 3775 5126 misera:

2205 5168 2310 5224 illae
2359 5168 2497 5224 forte
2542 5169 2595 5223 in
2640 5177 2785 5223 tanta
2828 5175 2951 5227 sunt
2997 5166 3243 5235 miseria,
3291 5177 3349 5221 ut
3385 5166 3510 5221 mali
3550 5163 3776 5221 dolorem

2205 5261 2372 5316 ullum
2398 5276 2502 5316 non
2530 5260 2781 5316 sentiant.
2817 5259 2921 5314 Sed
2945 5274 3038 5314 vos
3062 5273 3180 5328 qua:
3209 5257 3349 5314 hanc
3371 5255 3676 5326 suscepistis
3704 5251 3775 5304 vi-

2208 5366 2334 5419 tam,
2365 5353 2541 5425 dignae
2568 5352 2720 5408 facta:
2747 5352 2982 5407 thalamo
3007 5360 3064 5407 et
3080 5366 3300 5421 sponsu,
3321 5350 3589 5421 lampades
3617 5346 3772 5402 claras

2205 5448 2455 5519 gestatis,
2494 5454 2551 5501 et
2588 5445 2814 5501 honesto
2857 5444 3174 5515 virginitatis
3216 5453 3360 5499 serto
3390 5441 3556 5512 magis
3588 5445 3775 5495 ornata:

2205 5555 2363 5611 quam
2385 5554 2586 5594 corona
2629 5538 2774 5607 regia
2797 5578 2811 5604 ,
2842 5536 3106 5609 lacrymas
3144 5534 3351 5591 fundite
3397 5535 3663 5589 nobiscum
3683 5570 3697 5594 ,
3724 5535 3772 5580 ct

2207 5645 2387 5684 amare
2416 5629 2575 5685 simul
2624 5627 2855 5698 ejulate;
2903 5643 3024 5681 nant
3054 5626 3156 5681 hoc
3190 5643 3297 5680 non
3347 5641 3566 5696 parvum
3596 5634 3675 5677 est
3697 5635 3773 5674 re-

2206 5720 2444 5777 medium
2478 5730 2531 5775 et
2556 5719 2624 5775 ad
2670 5717 2940 5774 curandos
2979 5730 3073 5773 eos
3105 5718 3189 5789 qui
3230 5717 3585 5773 incurabiliter
3614 5728 3764 5783 mgro-

2212 5823 2347 5883 tant,
2375 5825 2429 5871 et
2457 5814 2523 5869 ad
2554 5813 2976 5871 consolationem
3010 5812 3320 5877 lugentium.
3354 5812 3465 5868 lloc
3491 5812 3655 5882 ipsum
3683 5806 3761 5859 ali-
