4138 6424
371 386 480 452 M5

368 511 558 564 σοῦτον
579 515 718 570 κατὰ
739 506 942 579 ταύτης
975 508 1266 561 ἐνέπνευσε
1285 507 1386 576 τῆς
1406 503 1628 576 ἀγέλης,
1652 499 1839 570 ἐπειδὴ
1862 500 2044 570 μάλισ-

1003 387 1192 461 QUOD
1233 386 1646 448 REGULARES
1686 383 1968 442 FEMINAS
2005 381 2186 441 VIRIS
2221 381 2667 440 COIIABITARE
2704 381 2842 436 NON
2879 378 3217 434 DEBEANT.

3705 385 3824 442 ‘3316

2146 496 2242 550 καὶ⁵
2263 495 2498 568 ὁρέξασα
2523 498 2620 551 καὶ
2647 497 2812 552 δοῦσα
2845 497 2906 548 τὸ
2932 496 3246 566 φάρμακον,
3278 495 3416 566 μετὰ
3439 494 3500 548 τὸ
3524 497 3668 550 πιεῖν
3692 496 3828 553 ἐκεῖ·

366 609 438 645 τα
460 590 570 646 ἀπὸ
590 590 792 660 ταύτης
815 575 962 660 ἐώρα
982 589 1081 658 τῆς
1105 575 1382 658 φάλαγγος
1404 575 1656 658 λαμπρὸν
1683 583 1776 638 τοῦ
1807 581 2044 655 Χριστοῦ
2141 595 2232 630 νον
2275 579 2372 632 καὶ
2395 579 2690 632 ἀπολέσθαι
2716 577 3012 645 ἀπολογίαν
3044 579 3216 647 σαυτῇ
3235 575 3480 646 νομίζεις
3513 576 3826 660 ὑπολελεῖφ-

261 681 266 686 “
365 674 429 727 τὸ
463 673 853 744 στρατόπεδον,
878 673 973 726 καὶ
1003 672 1177 736 οὕτως
1209 673 1377 741 αὐτὴν
1403 671 1728 742 ἐπεχείρησε
1752 665 2048 735 καταισχῦ-

369 772 478 820 ναι,
517 757 592 820 ὡς
622 756 825 826 βέλτιον
855 751 994 810 εἶναι
1039 749 1224 810 λοιπὸν
1261 755 1395 826 μηδὲ
1439 753 1741 826 παρθένους
1768 745 1908 804 εἷναι
1954 750 2046 812 τὰς

367 839 512 894 οῦτω
538 840 602 893 τὸ
624 843 855 912 πρᾶγμα
885 837 1124 910 μετιέναι
1143 838 1544 910 ἐπιχειρούσας.
1565 837 1639 890 Τὸ
1658 835 1716 888 δὲ
1743 836 1914 888 αῐτιον
1939 833 2046 886 τῶν

369 922 560 976 κακῶν
587 923 863 985 ἁπάντων,
895 923 975 975 ὅτι
1008 921 1170 993 μέχρι
1212 920 1583 994 προσηγορίας
1603 919 1663 972 τὸ
1695 920 1928 990 πρᾶγμα
1955 915 2049 968 ἐσ-

368 1006 640 1076 τηκε.κα“ι
655 1005 712 1058 ἐν
733 1006 808 1076 τῷ
825 1005 1051 1075 στόματι
1095 1017 1120 1046 ο
1158 1005 1220 1058 τὸ
1262 1005 1368 1058 πᾶν
1401 1001 1860 1076 περιγέγραπται,
1911 1000 2048 1070 ὅπερ

370 1087 654 1158 ἐλάχιστον
674 1089 836 1159 μέρος
859 1087 1156 1160 παρθενίας
1184 1087 1320 1140 ἐστί·
1351 1085 1417 1141 τά
1442 1086 1499 1140 δὲ
1525 1084 1927 1155 ἀναγκαιότερα
1953 1083 2048 1136 καὶ

374 1171 610 1242 μάλιστα
657 1171 828 1242 αὐτὴν
870 1171 1155 1225 δεικνύντα
1207 1170 1500 1242 ἠμέληται,
1555 1169 1650 1222 καὶ
1697 1167 1821 1222 οὔτε
1854 1165 2050 1236 στολῆς

370 1255 606 1325 κοσμίας
618 1255 772 1324 λόγος
789 1255 999 1322 αὑταῖς,
1023 1255 1123 1326 οὑχ
1137 1254 1369 1326 ἡσυχίας
1398 1251 1686 1324 παρθένοις
1705 1251 2046 1323 πρεπούσης,

369 1339 432 1392 οὑ
463 1339 830 1408 κατανύξεως,
864 1341 964 1394 οὐκ
997 1339 1160 1395 ἄλλου
1193 1338 1304 1392 τῶν
1351 1336 1615 1393 τοιούτων,
1651 1335 1886 1400 οὐδενός·
1913 1332 2050 1389 ἀλλὰ

370 1422 468 1476 καὶ
495 1423 820 1493 φθέγγονται
843 1423 1082 1488 εὐκόλως
1106 1421 1323 1476 ἅπαντα
1343 1463 1360 1488 ,
1393 1420 1490 1476 καὶ
1520 1420 1752 1490 γελῶσιν
1782 1419 2046 1490 ἀκαίρως.

370 1506 468 1559 καὶ
495 1507 878 1562 κατακλῶνται
900 1507 996 1561 καὶ
1027 1505 1361 1578 θρύπτονται
1387 1503 1588 1574 μᾶλλον
1605 1501 1714 1556 τῶν
1738 1501 1832 1554 ἐπ)⁸
1855 1501 1948 1554 τοῦ
1963 1500 2052 1554 τέ-

369 1605 500 1658 γους
537 1590 985 1662 μαλακιζομένων
1032 1587 1334 1658 γυναικῶν,
1366 1585 1631 1641 πάντοθεν
1683 1584 2051 1656 μηχανήματα

367 1675 482 1736 τοῖς
509 1673 710 1743 ὁρῶσιν
757 1673 984 1726 ἐνιεῖσαι
1025 1672 1074 1735 ι),
1107 1672 1203 1725 καὶ
1247 1671 1326 1733 είς
1349 1669 1446 1740 τὴν
1479 1667 1590 1721 τῶν
1636 1665 2050 1738 πορνευομένων

369 1753 649 1824 γυναικῶν
669 1753 1058 1825 ἀσχημοσύνην
1079 1752 1328 1807 εἰσωθεῖν
1353 1750 1554 1814 ἐαυτάς
1575 1747 2053 1820 βιάζονται,καθά-

371 1855 478 1908 περ
495 1835 872 1909 ἁμιλλώμεναι
893 1833 1031 1907 πρὸς
1048 1835 1266 1900 ἐκείνας
1287 1834 1382 1889 καὶ
1399 1833 1798 1905 φιλονεικοῦσαι
1813 1831 1882 1886 τά
1902 1848 2052 1902 πρω-

369 1923 489 1974 τεῖα
515 1921 597 1984 είς
621 1918 884 1990 αἰσχύνης
905 1918 1064 1986 δόξαν
1093 1917 1300 1972 λαϐεῖν.
1327 1916 1497 1972 Πόθεν
1524 1917 1650 1988 γάρ,
1674 1915 1794 1970 εἰπέ
1825 1932 1936 1985 μοι,
1949 1913 2052 1966 λοιο

372 2004 474 2057 πδν
496 2002 840 2074 δυνησόμεθα
864 2001 962 2072 τὴν
983 2000 1240 2070 τοιαύτην
1273 2000 1544 2072 παρθένον
1576 2000 1678 2070 τῆς
1713 1997 1917 2063 τάξεως
1945 1996 2052 2061 ἐξε-

371 2084 560 2138 λέσθαι
593 2083 696 2152 τῆς
729 2083 954 2137 ἐκείνων
977 2083 1071 2137 καὶ
1095 2081 1196 2154 τῆς
1227 2081 1536 2146 κοινωνίας,
1554 2081 1683 2134 ὅταν
1703 2082 1799 2134 καὶ
1826 2079 1965 2149 αὑτὴ
1991 2077 2051 2130 τὸ

371 2167 505 2220 αὐτὸ
553 2169 680 2236 ποιῇ
727 2160 998 2230 ἐκείναις,
1037 2165 1173 2220 νέων
1208 2163 1536 2229 ἐξαπατῶσα
1574 2163 1803 2235 καρδίας
1833 2173 1882 2228 ο,
1922 2161 2050 2215 ὅταν

369 2248 796 2320 ἀνεπτερωμένη
931 2248 1025 2302 καὶ⁹
1061 2246 1292 2314 ἄσωτος,
1331 2248 1460 2302 ὅταν
1505 2247 1575 2301 τά
1608 2245 1746 2301 αὑτά
1781 2247 2050 2316 φάρμακα

369 2333 555 2404 τρίϐῃ,
589 2333 683 2386 καὶ
719 2331 788 2385 τὰ
815 2333 957 2386 αύτά
984 2331 1260 2404 κεραννύῃ
1281 2333 1539 2402 ποτήρια,
1567 2328 1743 2384 καὶτὸ
1770 2327 1903 2382 αὐτό
1951 2345 2045 2381 και

373 2415 682 2487 τασκευάζῃ
740 2415 1004 2479 κώνειον;
1039 2413 1178 2466 Ἀλλ’
1217 2416 1278 2467 οὺ
1312 2414 1480 2482 λέγει·
1513 2413 1696 2482 Δεῦρο
1738 2412 1836 2466 καὶ
1877 2412 2051 2481 ἐγκυ-

377 2499 678 2568 λισθῶμεν
691 2499 880 2564 ἔρωτι,
892 2497 1345 2568 ούδέ,”Ερῤαγκα
1356 2495 1472 2566 τὴν
1485 2497 1694 2562 κοίτην
1703 2512 1822 2565 μου
1837 2495 2048 2562 κρόκῳ,

372 2581 603 2647 καὶτὴν
651 2582 874 2649 κλίνην
903 2598 1024 2650 μου
1057 2579 1430 2651 κινναμώμῳ·
1459 2579 1572 2632 εῐθε
1606 2579 1706 2650 τὴν
1740 2577 1928 2647 κοίτην
1959 2580 2053 2630 καὶ

370 2667 472 2736 τὴν
501 2665 710 2734 κλίνην,
731 2665 824 2717 καὶ
850 2665 924 2734 μὴ
944 2663 1013 2718 τὰ
1045 2664 1236 2735 ίμάτια
1257 2668 1353 2722 καὶ
1389 2661 1452 2717 τὸ
1479 2663 1659 2735 σῶμα.
1691 2661 1929 2714 Ἐκεῖναι
1954 2662 2051 2732 μὲν

370 2746 480 2819 γὰρ
515 2747 654 2798 οίκοι
692 2745 752 2798 τὸ
797 2745 992 2816 δέλεαρ
1038 2744 1520 2816 κατακρύπτουσι,
1556 2743 1622 2798 σὺ
1676 2743 1732 2796 δὲ
1776 2743 2050 2813 πανταχοῦ

373 2827 689 2900 περιφέρεις
718 2827 815 2900 τὴν
839 2828 1065 2898 παγίδα,
1099 2829 1192 2883 καί¹
1221 2827 1616 2891 ἀναπετάσασα
1648 2827 1745 2898 τῆς
1769 2827 1963 2898 ἡδονῆς
1986 2827 2051 2878 τὰ

372 2914 552 2986 πτερά
571 2913 854 2983 περιάγεις
874 2913 966 2965 ἐπὶ
986 2915 1088 2984 τῆς
1113 2913 1340 2984 ἀγορᾶς.
1372 2911 1512 2964 Ἀλλ’
1531 2913 1592 2965 οὑ
1609 2909 1913 2982 διελέχθης.
1931 2909 2052 2963 ούδέ

370 2991 528 3059 εἶπες
543 2997 725 3049 ἐκεῖνα
742 2995 810 3048 τά
833 2995 1068 3067 πορνικά
1093 2997 1336 3068 ῥήματα,
1350 2995 1554 3064 Δεῦρο,
1569 2993 1664 3048 καί
1689 2993 2054 3064 ἐγκυλισθῶ-

368 3097 487 3150 μεν
499 3080 688 3148 ἔρωτι·
707 3081 806 3132 οὑκ
823 3076 972 3143 εἶπες
987 3077 1013 3118 ά
1031 3082 1096 3152 τῇ
1113 3079 1351 3154 γλώττῃ,
1365 3078 1480 3133 ἀλλ’
1495 3073 1650 3140 εἶπες
1678 3069 1756 3148 τῷ
1788 3075 2048 3146 σχήματι·

368 3162 474 3216 οὐκ
517 3158 770 3230 ἐφθέγξω
802 3159 880 3230 τῷ
913 3159 1168 3232 στόματι,
1199 3159 1314 3214 ἀλλ’
1345 3157 1596 3230 ἐφθέγξω
1630 3157 1706 3228 τῷ
1739 3155 2050 3227 βαδίσματι·

369 3242 475 3295 (ιὺκ
500 3241 840 3310 ἐκάλεσαςτῇ
859 3242 1032 3310 φωνῇ,
1050 3239 1442 3302 ἀλλ’ἐκάλεσας
1467 3237 1650 3308 φωνῆς
1671 3235 2053 3307 λαμπρότερον

369 3325 463 3378 διὰ
481 3325 588 3378 τῶν
607 3323 920 3394 ὀφθαλμῶν.
955 3323 1118 3376 Ἀλλά
1140 3322 1421 3376 καλέσασα
1447 3323 1546 3375 οὑκ
1564 3321 1771 3384 ἔδωκας
1799 3323 2050 3390 σεαυτήν.

370 3407 513 3462 (ὶύδέ
541 3407 711 3470 οὕτως
744 3405 1051 3477 ἀπήλλαξαι
1082 3405 1180 3476 τῆς
1211 3405 1508 3477 ἁμαρτίας.
1529 3404 1637 3457 Καὶ
1663 3403 1772 3475 γὰρ
1790 3401 1943 3475 [250]
1961 3403 2053 3458 καὶ

370 3489 536 3544 τοῦτο
557 3491 640 3544 ἐτε
651 3509 742 3562 ρον
758 3485 897 3553 εἶδος
925 3487 1200 3560 πορνείας·
1220 3488 1437 3560 καθαρά
1460 3489 1558 3560 τῆς
1581 3487 1792 3558 ὕϐρεως
1809 3487 2052 3558 ἔμεινας,

371 3575 514 3629 ἑλλά
539 3576 638 3646 τῆς
670 3573 1084 3646 σωματικῆς,οὐ
1102 3573 1198 3644 τῆς
1223 3572 1479 3644 ψυχικῆς·
1500 3571 1593 3626 καὶ
1609 3570 1945 3642 ἀπήρτισταί
1973 3587 2054 3622 σοι

370 3659 446 3712 τὰ
470 3657 569 3728 τῆς
601 3659 876 3730 ἁμαρτίας
897 3656 1161 3718 πάντα,εί
1189 3657 1280 3710 καὶ
1311 3657 1385 3727 μὴ
1414 3655 1500 3709 διὰ
1531 3657 1630 3726 τῆς
1661 3653 1881 3725 μίξεως,
1922 3653 2055 3707 ἀλλά

369 3739 465 3792 διὰ
495 3739 592 3808 τῆς
618 3738 813 3808 ὅψεως.

449 3825 604 3889 Τίνος
640 3827 747 3896 γὰρ
777 3825 984 3887 ἕνεκεν,
1003 3821 1126 3876 εἰπέ
1156 3821 1468 3893 μοι,καλεῖς
1498 3822 1622 3885 τοὺς
1661 3819 1974 3889 παριόντας;
2005 3820 2056 3874 τί

369 3913 433 3968 δὲ
495 3915 746 3979 ἐξάπτεις
777 3915 839 3967 τὸ
870 3913 1001 3984 πῦρ;
1034 3913 1152 3978 πῶς
1178 3913 1236 3966 δὲ
1265 3911 1507 3984 νομίζεις
1545 3904 1686 3965 εἶναι
1715 3910 1932 3982 καθαρά
1958 3911 2056 3979 τῆς

371 3999 675 4068 ἁμαρτίας.
711 3999 890 4050 πᾶσαν
937 3997 1106 4068 αὐτὴν
1154 3995 1540 4068 ἐργασαμένη;
1568 3994 1677 4046 Καὶ
1722 3993 1830 4064 γὰρ
1856 3993 2057 4046 τέλειον

373 4080 622 4148 εἰργάσω
665 4076 849 4145 μοιχὸν
873 4075 962 4128 τὸν
990 4075 1184 4128 ἁλόντα
1217 4091 1312 4129 σου
1334 4073 1414 4144 τῷ
1445 4074 1681 4143 σχήματι
1708 4069 1902 4140 τούτῳ·
1942 4073 2057 4136 πῶς

369 4156 471 4213 οὖν
493 4159 718 4212 δύνασαι
743 4157 816 4229 μὴ
833 4151 972 4208 εἶναι
988 4154 1255 4226 μοιχαλὶς,
1273 4155 1401 4208 ὅταν
1416 4154 1476 4206 τὸ
1507 4153 1666 4222 ἔργον
1696 4168 1786 4204 σου
1813 4153 2060 4220 μοιχείας

373 4244 742 4314 ἁλίσκηται;ὴ
778 4241 885 4310 γάρ
917 4237 1125 4292 ἐκείνου
1159 4237 1322 4308 μανία
1355 4234 1625 4306 σὸνέργον
1651 4233 1928 4286 ἐστί.⁶Ότι
1950 4233 2059 4304 γὰρ

375 4327 417 4395 ή
449 4321 931 4384 κατασκευάζουσα
958 4319 1178 4390 μοιχοὺς
1207 4317 1451 4389 μοιχείας
1471 4316 1759 4383 διαφυγεῖν
1791 4315 2058 4384 τιμωρίαν

373 4409 482 4462 οῦκ
506 4409 570 4461 ἂν
603 4405 856 4478 δυνηθείη
887 4403 1032 4469 ποτὲ,
1055 4401 1218 4457 παντί
1243 4419 1346 4455 που
1366 4399 1524 4472 δῆλόν
1553 4403 1693 4452 ἐστι.
1723 4397 1886 4478 Σὺξτδ
1911 4397 2059 4467 ξίφος

376 4487 684 4558 ἠκόνησας,
717 4476 780 4537 σὺ
813 4485 910 4555 τὴν
959 4482 1138 4550 δεξιὰν
1168 4481 1448 4544 ὥπλισας,
1486 4481 1551 4534 σὺ
1584 4479 1682 4550 τὴν
1711 4476 2058 4558 ύιπλισμένην

375 4556 562 4635 δεξιὰν
593 4570 731 4622 κατᾶ
762 4569 859 4638 τῆς
882 4567 1070 4631 ἀθλίας
1091 4564 1310 4637 ώθησας
1333 4563 1532 4635 ψυχῆς·
1565 4561 1682 4626 πῶς
1709 4556 1803 4614 οὖν
1833 4559 2060 4613 δύνασαι

378 4651 485 4720 τῆς
519 4651 610 4703 ἐπὶ
640 4648 715 4718 τῷ
751 4648 895 4718 φόνῳ
923 4647 1098 4718 τούτῳ
1119 4647 1390 4718 τιμωρίας
1413 4640 1891 4704 ἀπαλλάττεσθαις
1923 4639 2058 4693 Εἰπὲ

377 4733 494 4802 γάρ
521 4748 630 4800 μοι,
655 4731 808 4793 τίνας
831 4728 1097 4800 μισοῦμεν
1121 4730 1218 4784 καὶ
1237 4727 1693 4800 ἀποστρεφόμεθα
1712 4726 1892 4796 ἡμεῖς
1911 4723 2060 4788 τίνας

377 4810 442 4862 δὲ
465 4811 514 4863 οἱ
545 4808 830 4880 νομοθέται
851 4807 945 4860 καὶ
963 4807 1213 4860 δικασταὶ
1235 4807 1542 4872 κολάζουσι;
1566 4807 1690 4870 τοὺς
1709 4805 1962 4867 πίνοντας
1993 4803 2060 4856 τά

379 4893 688 4964 δηλητήρια
717 4891 1052 4964 φάρμακα,ἢ
1069 4891 1194 4954 τοὺς
1219 4891 1582 4962 κεραννύντας
1600 4891 1696 4961 τὴν
1727 4888 1946 4952 κύλικα,
1966 4887 2061 4941 καὶ

381 4979 895 5042 κατασκευάζοντας
924 4976 1064 5031 αύτά
1082 5018 1094 5041 ,
1123 4975 1218 5028 καὶ
1255 4973 1344 5027 διά
1373 4973 1472 5042 τῆς
1501 4973 1693 5042 τέχνης
1721 4973 2061 5036 ἀπολλύντας

379 5063 485 5131 τῆς
514 5060 727 5127 αὑτῶν;
761 5060 882 5132 οὐχὶ
923 5061 1046 5122 τοὺς
1084 5059 1339 5120 πίνοντας
1371 5057 1468 5127 μέν
1519 5055 1613 5108 καὶ
1663 5054 1920 5126 ἐλεοῦμεν
1965 5056 2059 5108 ἅτε

383 5144 770 5214 ἠδικημένους,
796 5143 1038 5205 ἐκείνους
1063 5141 1121 5194 δὲ
1158 5139 1358 5203 πάσαις
1381 5137 1817 5208 καταδικάζομεν
1840 5138 2058 5208 ψήφοιςς

385 5227 498 5282 Καὶ
523 5228 623 5281 οὑκ
645 5229 806 5298 ἀρκεῖ
831 5227 968 5298 πρὸς
994 5223 1286 5292 ἀπολογίαν
1317 5224 1498 5287 αὑτοῖς
1525 5221 1586 5276 τὸ
1607 5222 1808 5288 λέγειν,
1832 5222 1914 5274 ὅτι
1947 5222 2060 5275 Ούκ

386 5311 626 5382 ἐμαυτὸν
647 5311 878 5382 ἔϐλαψα,
901 5309 1016 5364 ἀλλ’
1043 5310 1226 5380 ἓτερον
1251 5307 1529 5378 ἀπώλεσα·
1552 5305 1688 5360 ἀλλά
1711 5307 1802 5359 καὶ
1833 5306 1898 5358 δι’
1931 5306 2060 5360 αύτδ

391 5393 490 5462 μὲν
513 5391 672 5444 τοῦτο
699 5389 1085 5461 χαλεπωτέραν
1115 5387 1317 5442 διδόασι
1342 5385 1516 5457 δίκην.
1554 5386 1626 5437 Σὺ
1651 5384 1736 5446 δὲ,
1769 5384 1930 5438 ἀθλία
1967 5385 2060 5439 καὶ

387 5475 722 5546 ταλαίπωρε,
755 5473 1036 5545 κεράσασα
1083 5471 1181 5544 τὴν
1213 5470 1409 5526 κύλικα
1434 5469 1531 5541 τὴν
1556 5468 1803 5540 ὀλεθρίαν
1832 5469 2057 5540 ταύτην,

451 5632 479 5662 ⁸
501 5631 652 5681 Savil.
682 5633 764 5682 καὶ
783 5634 832 5682 ἐν
851 5633 922 5695 τῷ
947 5632 1154 5695 σώματι,
1172 5633 1350 5695 plcre].
1375 5636 1540 5681 autem
1566 5629 1648 5678 καὶ
1678 5629 1726 5678 έν
1743 5629 1813 5692 τῷ
1837 5629 2059 5689 στόματι,

384 5707 532 5759 ιιιιιιιη
561 5697 823 5759 lectionem
842 5693 1046 5759 εειόιιιυε
1067 5703 1140 5759 εει
1169 5693 1435 5759 intelprgs.

451 5756 482 5796 ι’
501 5756 650 5803 Sam.
686 5756 912 5818 πάντοθεν
941 5757 1274 5818 μηχανώμεναι
1304 5749 1410 5810 ’τοῖς
1451 5755 1626 5818 ὁρῶσιν
1650 5752 1853 5818 ἐγγίσαι.
1881 5749 2055 5800 MOrM.

378 5818 612 5892 πάντρθεν
634 5814 953 5880 μηχανήματα
971 5814 1070 5872 τοῖς
1109 5814 1285 5876 ὁρῶσιν
1322 5814 1535 5865 ἐνιεῐσαι..
1558 5815 1668 5888 Mog!
1689 5814 1856 5864 'Savil.
1878 5827 2030 5871 πεπορ

449 5943 476 6001 °_
500 5939 648 5986 Savil.
675 5938 792 5986 νέων
812 5938 1084 6001 ἐξίπτεσθαι
1104 5939 1315 6001 καρδίας,
1342 5940 1484 5986 male.

449 5999 477 6040 ἀ
501 6001 646 6051 δανίι.
685 6001 817 6056 εἶπας
836 5997 926 6050 bis.

2145 661 2255 725 θαι,
2274 661 2334 714 τὸ
2353 663 2428 731 μὴ
2455 661 2592 730 αὑτὴ
2620 664 2784 724 πιεῖν,
2820 661 2935 714 ἀλλ’
2969 661 3142 730 ἑτέρῳ
3168 661 3472 730 παρασχεῖν
3502 658 3564 712 τὸ
3591 659 3826 730 δηλητή-

2147 764 2282 817 ριον;
2303 746 2494 800 Καίτοι
2517 763 2578 814 γε
2605 746 2763 816 ὑμεῖς
2779 745 2886 798 τῶν
2915 743 3376 816 φαρμακοπωλῶν
3397 743 3620 797 ἐκείνων
3639 745 3826 796 τοσούο

2145 844 2223 896 τῳ
2254 824 2643 896 χαλεπωτέραν
2669 823 2868 878 δώσετε
2901 825 3079 893 δίκην,
3111 823 3223 893 ὅσῳ
3245 823 3338 876 καὶ
3363 823 3391 874 ὀ
3409 821 3636 886 θάνατος
3665 821 3825 893 χαλε-

2147 907 2410 981 πώτερος.
2435 909 2509 962 Οὐ
2533 907 2642 980 γὰρ
2666 906 2826 978 σῶμα
2854 905 3034 974 μόνον,
3057 906 3193 961 ἀλλὰ
3209 907 3304 960 καὶ
3325 906 3502 978 ψυχὴν
3529 908 3822 978 ἀναιρεῖτε·

2147 991 2388 1044 κάκεῖνοι
2411 991 2509 1062 μὲν
2539 989 2845 1060 πολλάκιςῆ
2865 988 3087 1060 θυμῷ,ἧ
3118 989 3254 1062 ὀργῇ
3283 989 3444 1043 τοῦτο
3469 989 3824 1061 πράττουσιν,

2147 1075 2180 1145 ἢ
2212 1074 2512 1145 χρημάτων
2545 1073 2812 1143 δεόμενοι·
2866 1071 3024 1142 ὑμεῖς
3063 1071 3118 1124 δὲ
3153 1071 3274 1124 οὐδὲ
3304 1073 3382 1136 εἰς
3432 1071 3639 1144 ταύτην
3672 1073 3828 1145 ἔχετε

2147 1159 2482 1226 καταφυγεῖν
2513 1156 2611 1228 τὴν
2642 1155 2932 1227 πρόφασιν.
2953 1152 3090 1208 Οὔτε
3125 1154 3234 1226 γάρ
3261 1155 3487 1226 ἐχθροὺς
3511 1155 3829 1222 δντας,οΰτε

2147 1241 2494 1312 ἠδικηκότας,
2527 1237 2650 1293 οὗτε
2681 1239 2980 1312 χρημάτων
2999 1237 3252 1308 δεόμεναι
3279 1239 3438 1292 τοῦτο
3470 1241 3828 1304 ποιεῖτε,ἀλλ“

2150 1323 2291 1395 ὑπὲρ
2315 1321 2617 1388 κενοδοξίας
2645 1323 2813 1394 μόνης
2842 1324 2923 1386 είς
2953 1321 3051 1385 τάς
3067 1321 3358 1393 ἀλλοτρίας
3384 1323 3603 1388 παίζετε
3631 1323 3827 1396 ψυχάς,

2148 1407 2336 1479 τέρψιν
2365 1407 2573 1460 οἰκείαν
2599 1407 2690 1460 τὸν
2723 1405 2926 1476 ἐτέρων
2958 1403 3281 1475 ποιούμεναι
3317 1405 3569 1460 θάνατον.

2221 1489 2288 1560 β’.
2335 1488 2498 1542 Ἀλλά
2538 1488 2647 1558 γὰρ
2680 1489 2780 1542 οὐκ
2801 1483 2919 1542 οἶδα
2968 1487 3087 1550 πῶς
3119 1487 3416 1558 ἐξηνέχθην
3449 1488 3622 1542 ταῦτα
3659 1485 3832 1542 εἰπεῖν

2149 1573 2385 1646 ἑτέρωσε
2413 1572 2620 1644 ὁρμῶν·
2653 1572 2844 1643 διόπερ
2877 1571 3190 1634 ἐπανιτέον,
3218 1571 3340 1624 ὃθεν
3370 1572 3586 1642 ἐξέϐην.
3623 1573 3834 1644 ’Ὠσπερ

2149 1653 2258 1724 γάρ
2295 1652 2394 1706 οὐκ
2423 1651 2734 1724 ἀρκούντων
2789 1650 2994 1706 τούτων
3042 1649 3404 1721 καταισχῦναι
3431 1650 3492 1704 τὸ
3521 1653 3630 1704 πᾶν
3659 1651 3832 1714 ἔθνος,

2151 1729 2244 1784 καὶ
2272 1731 2400 1786 ἀλλο
2427 1750 2478 1786 τι
2521 1729 2680 1785 πλέον
2712 1731 3032 1796 ἐπενόησαν.
3059 1729 3215 1787 Ἀλλά
3263 1729 3452 1802 μηδεὶς
3483 1731 3612 1800 περὶ
3644 1731 3836 1785 πασῶν

2149 1814 2320 1870 ταῦτα
2345 1816 2597 1888 εἰρῆσθαι
2643 1815 2931 1888 νομιζέτω·
2957 1815 3018 1868 ού
3045 1813 3155 1886 γάρ
3183 1813 3356 1880 οὕτως
3379 1814 3565 1880 ἄθλιός
3592 1815 3730 1886 εἰμι,
3761 1815 3836 1878 ὼς

2149 1899 2284 1970 ὀμοῦ
2311 1901 2486 1954 πάντα
2513 1899 2704 1972 φύρειν
2725 1898 2818 1954 καλ.
2843 1902 3083 1970 συγχεῖν.
3101 1899 3238 1970 Περὶ
3253 1899 3362 1971 γὰρ
3379 1897 3492 1955 ’τῶν
3520 1899 3834 1954 ὑπευθύνων

2150 1983 2245 2036 καὶ
2269 1983 2440 2037 ταῦτα
2467 1983 2813 2055 εἶρηται,καὶ
2837 1984 2904 2036 τά
2937 1983 3076 2053 μετὰ
3097 1982 3269 2037 ταῦτα
3291 1983 3592 2054 εἰρήσεται.
3623 1985 3835 2056 Ὥσπερ

2149 2065 2258 2137 γὰρ
2278 2066 2376 2118 οὐκ
2403 2065 2717 2136 ἀρκούντων
2740 2065 2946 2119 τούτων
2971 2067 3052 2130 είς
3083 2065 3309 2136 βλάϐην,
3329 2067 3533 2138 ἄνδρας
3563 2067 3716 2130 τινὰς
3741 2069 3835 2120 οὺ-

2149 2145 2381 2216 δαμόθεν
2413 2148 2606 2212 αὑταῖς
2634 2149 3012 2219 προσήκοντας
3033 2147 3296 2202 λαϐοῦσαι
3321 2149 3834 2218 συγκατακλείουσι,

2150 2229 2246 2284 καὶ
2269 2229 2360 2284 τὸν
2385 2232 2564 2285 πάντα
2588 2230 2954 2296 συνοικίζουσι
2984 2230 3198 2301 χρόνον,
3217 2231 3467 2304 καθάπερ
3493 2232 3734 2286 ἐνδεικνύ
3745 2249 3837 2302 με-

2153 2329 2238 2366 ναι
2261 2315 2356 2366 καὶ
2392 2313 2480 2367 διὰ
2499 2313 2706 2367 τούτων
2739 2314 2834 2368 καὶ
2867 2314 2956 2368 διὰ
2985 2313 3093 2368 τῶν
3134 2316 3464 2386 εἰρημένων,
3497 2317 3578 2369 ὅτι
3605 2318 3836 2371 ἄκουσαι

2150 2395 2349 2467 ἐπὶτὴν
2361 2395 2660 2467 παρθενίαν
2679 2395 3042 2466 είλκύσθησαν
3060 2396 3151 2450 καὶ
3179 2397 3298 2467 βίαν
3353 2399 3712 2470 ὑπομείνασαι
3737 2401 3836 2469 τὴν

2150 2478 2408 2550 ἐσχάτην·
2423 2481 2518 2532 καὶ
2539 2479 2714 2553 ταύτῃ
2727 2478 3179 2552 παραμυθοῦνται
3195 2481 3293 2553 τὴν
3318 2480 3438 2551 βίαν
3453 2481 3654 2554 καὶτὴν
3670 2484 3837 2550 ἀνάγ-

2125 2560 2356 2632 .κην.Τί
2387 2561 2653 2632 γάρ;ούχι
2685 2561 2890 2616 τούτων
2919 2561 3089 2632 χείρω
3107 2562 3262 2635 παρά
3281 2563 3520 2628 πάντων,
3551 2564 3681 2618 ὅταν
3706 2563 3836 2618 ταῦ·

2149 2661 2218 2697 τα
2240 2642 2478 2714 γίνηται,
2498 2643 2714 2712 λέγεται
2751 2645 2845 2698 καὶ
2879 2644 3028 2716 παρά
3052 2645 3223 2714 φίλων
3246 2646 3339 2699 καὶ
3361 2646 3598 2712 οἰκείων;
3621 2647 3836 2710 Ταύτας

2150 2724 2206 2778 δέ
2224 2725 2322 2798 ζῇν
2351 2727 2384 2798 ἢ
2419 2727 2676 2807 ἀναπνεῖν
2709 2727 2846 2789 ὅλως
2870 2726 2998 2794 ἔδει,
3034 2727 3170 2781 ἀλλὰ
3199 2741 3222 2768 ε
3255 2731 3330 2800 μὴ
3355 2728 3702 2800 διαπρίεσθαι
3743 2730 3837 2800 μέ·-

2153 2825 2272 2873 σας,
2316 2809 2349 2878 ἢ
2381 2808 2807 2881 κατορύττεσθαι
2841 2807 3022 2874 ζώσας
3056 2811 3175 2881 μετ’
3204 2811 3429 2864 ἐκείνων
3469 2811 3686 2878 αύτῶνς
3727 2812 3832 2865 Καὶ

2150 2890 2260 2960 γὰρ
2285 2891 2377 2944 καὶ
2405 2890 2580 2944 ταῦτα
2617 2892 2712 2946 καὶ
2742 2891 2950 2946 τούτων
3006 2892 3186 2964 πολλῷ
3242 2894 3462 2948 πλείονα
3485 2893 3721 2958 ἀπαντες
3749 2893 3826 2946 λέ-

2151 2986 2326 3040 γουσι·
2353 2974 2448 3028 καὶ
2479 2973 2843 3048 [251]δρόμος
2872 2974 3060 3029 λοιπὸν
3091 2977 3213 3038 ταῖς
3247 2977 3434 3048 μαίαις
3455 2976 3575 3030 καθ’
3600 2978 3835 3048 ἑκάστην

2151 3062 2366 3134 ἡμέραν
2393 3063 2486 3116 ἐπὶ
2504 3065 2601 3128 τὰς
2628 3063 2737 3116 τῶν
2765 3063 3052 3136 παρθένων
3081 3065 3278 3131 οίκίας,
3309 3065 3560 3137 καθάπερ
3588 3067 3724 3138 πρὸς
3737 3066 3835 3128 τὰς

2151 3145 2466 3214 ὼδινούσας,
2483 3148 2582 3219 οὐχ
2603 3146 2743 3200 ὥστε
2772 3147 3024 3218 λοχεῦσαι
3049 3147 3340 3201 τίκτουσαν
3368 3149 3579 3217 (γέγονε
3606 3149 3705 3218 μὲν
3728 3149 3837 3219 γάρ

2153 3228 2248 3282 καὶ
2278 3230 2369 3283 ἐπί
2403 3247 2566 3285 τινων
2590 3231 2686 3283 καὶ
2713 3227 2917 3299 τοῦτο),
2948 3229 3062 3284 ἀλλ’
3095 3230 3238 3283 ὥστε
3269 3229 3562 3299 διαγνῶναι
3587 3231 3836 3303 καθάπερ

2152 3309 2375 3366 ἐπὶτῶν
2394 3313 2716 3383 ὠνουμένων
2741 3312 3157 3383 θεραπαινίδων,
3173 3313 3256 3376 τίς
3281 3313 3834 3385 μὲνὴδιεφθαρμένη,

2152 3396 2237 3459 τίς
2269 3395 2326 3450 δὲ
2356 3399 2388 3468 ή
2416 3396 2712 3466 ἀνέπαφος·
2741 3397 2836 3450 καί⁹
2865 3400 2896 3468 ἡ
2933 3396 3032 3468 μὲν
3059 3397 3338 3468 ὑπήκουσε
3371 3399 3570 3468 ῥᾳδίως
3598 3401 3663 3468 τῇ
3690 3401 3837 3452 δοκι-

2157 3478 2350 3551 μασίᾳ,
2388 3481 2420 3550 ἡ
2450 3480 2507 3534 δέ
2555 3483 2774 3534 ἀντεῖπε
2797 3519 2810 3538 ,
2853 3479 2947 3532 καὶ
2977 3479 3126 3552 αὑτῷ
3153 3479 3330 3552 τούτῳ
3381 3482 3840 3552 καταισχυνθεῐσα

2154 3560 2420 3632 ἀπῆλθεν,
2452 3565 2500 3617 εί
2528 3564 2622 3617 καὶ
2655 3564 2730 3635 μὴ
2759 3563 3068 3635 διέφθαρτο·
3098 3565 3192 3618 καὶ
3217 3567 3250 3635 ὴ
3280 3565 3378 3636 μὲν
3407 3565 3626 3635 ἐάλω,ή
3657 3565 3712 3618 δὲ
3742 3567 3840 3634 ούχ

2154 3651 2315 3718 ἐάλω,
2345 3654 2440 3706 καὶ
2481 3650 2621 3722 αὑτὴ
2653 3649 2711 3704 δὲ
2751 3652 2914 3706 πάλιν
2946 3651 3046 3722 οὐχ
3076 3647 3239 3724 ἧττον
3261 3653 3479 3724 ἐκείνης
3502 3653 3838 3722 αἰσχύνεται,

2157 3740 2233 3812 μὴ
2259 3740 2547 3810 δυνηθεῖσα
2570 3739 2880 3804 ἀξιόπιστος
2915 3739 3022 3792 ἀπὸ
3050 3737 3146 3792 τοῦ
3172 3741 3376 3812 τρόπου
3407 3743 3664 3811 φανῆναι,
3704 3741 3840 3795 ἀλλὰ

2160 3825 2465 3896 μαρτυρίας
2495 3824 2594 3892 τῆς
2621 3822 2728 3874 ἀπὺ
2756 3823 2856 3894 τῆς
2886 3824 3189 3890 ἐξετάσεως
3221 3823 3492 3894 δεηθεῖσα.
3523 3824 3710 3876 Πόσων
3741 3823 3842 3877 οὐκ

2158 3907 2283 3973 ἄξια
2303 3907 2476 3960 ταῦτα
2507 3905 2796 3978 δακρύων;
2836 3907 3020 3962 πόσων
3049 3907 3149 3961 οὑκ
3176 3906 3303 3972 ἄξια
3343 3907 3623 3972 θανάτων;
3665 3908 3760 3972 Τίς
3783 3909 3838 3961 δὲ

2157 3992 2298 4046 οὕτω
2333 3991 2533 4054 λίθινος
2561 3991 2655 4044 καὶ
2689 3989 3050 4061 ἀσυμπαθὴς,
3083 3992 3158 4054 ώς
3189 3993 3264 4062 μὴ
3298 3992 3615 4062 πυρωθῆναι
3650 3993 3741 4044 καὶ
3772 3994 3842 4046 τὰ

2156 4077 2250 4129 τοῦ
2282 4075 2466 4133 Φινεὲς
2489 4073 2703 4137 παθεῖν;
2735 4069 2876 4125 Ἀλλ’
2902 4073 3110 4136 ἐκεῖνος
3145 4075 3264 4143 μὲν,
3293 4077 3340 4127 εί
3368 4074 3508 4128 κατὰ
3533 4075 3623 4128 τὸν
3653 4075 3843 4144 καιρὸν

2158 4161 2364 4212 ἐκεῖνον
2385 4156 2589 4222 ταύτην
2615 4151 2720 4208 οἶδε
2759 4155 3051 4225 γινομένην
3077 4156 3178 4226 τὴν
3211 4157 3624 4227 ἀσχημοσύνην,
3647 4160 3746 4212 οὑκ
3776 4160 3843 4213 ἂν

2158 4239 2336 4294 αὑτῶν
2365 4237 2639 4306 ἐφείσατο,
2685 4235 2800 4290 ἀλλ’
2830 4237 3087 4307 ἐποίησεν
3128 4239 3194 4292 ἂν
3243 4239 3428 4302 ταυτὸ,
3469 4240 3604 4310 ὅπερ
3629 4243 3720 4294 καὶ
3749 4245 3841 4296 ἐπὶ

2158 4321 2255 4389 τῆς
2282 4316 2662 4378 Μαδιανίτιδος
2690 4316 2813 4369 τότε
2839 4317 3156 4386 εἰργάσατο·
3179 4319 3338 4388 ἡμεῖς
3363 4318 3421 4372 δὲ
3453 4318 3534 4388 (οὑ
3565 4319 3674 4392 γάρ
3697 4323 3843 4390 ἐφεῖ-

2157 4419 2246 4456 ται
2269 4400 2515 4471 ἁρπάσαι
2545 4401 2841 4470 μάχαιραν,
2872 4398 2992 4452 οὐδὲ
3017 4399 3276 4472 κεντῆσαι
3301 4399 3381 4470 τῷ
3416 4403 3754 4474 σειρομέωτῃ
3781 4407 3839 4457 1:“;

2159 4484 2226 4537 τὰ
2257 4481 2482 4536 τοιαῦτα
2511 4480 2990 4552 πλημμελοῦντας)
3023 4482 3307 4554 πάσχομεν
3341 4484 3440 4553 μὲν
3468 4485 3664 4547 ταυτά,
3699 4486 3842 4556 ειπερ

2159 4568 2366 4631 ἐκεῖνος
2387 4565 2586 4620 ἔπαθεν
2606 4569 2634 4620 ὀ
2654 4565 2830 4634 ἀγιος,
2857 4566 2918 4618 οὐ
2945 4565 3160 4640 δρῶμεν
3189 4566 3245 4620 δὲ
3273 4565 3467 4629 ταυτά,
3495 4567 3608 4620 ἀλλ’
3639 4568 3842 4638 ἑτέρως

2161 4644 2634 4722 παραμυθούμεθα
2688 4645 2786 4716 τὴν
2815 4645 3009 4714 ὀδύνην
3029 4685 3044 4709 ,
3068 4646 3136 4698 δι’
3165 4645 3420 4716 ὀδυρμῶν
3461 4647 3554 4700 καὶ
3607 4645 3836 4718 θρήνων.

2161 4724 2330 4794 Δεῦρο
2343 4723 2456 4791 οὖν,
2474 4723 2842 4795 συναλγήσατέ
2867 4741 2958 4791 μοι
2983 4727 3076 4777 καὶ
3107 4724 3622 4789 συστενάξατε,ὅσαι
3640 4725 3841 4797 ταύτης

2162 4809 2318 4872 ἐκτός
2344 4809 2466 4861 ἐστε
2489 4806 2588 4877 τῆς
2612 4805 2896 4878 αἰσχύνης·
2931 4806 2988 4858 αί
3022 4805 3130 4877 γάρ
3166 4805 3347 4859 ἄθλιαι
3382 4807 3476 4860 καὶ
3503 4807 3840 4877 ταλαίπωροι

2163 4891 2367 4946 ἐκεῖναι
2400 4891 2491 4944 καὶ
2535 4888 2872 4959 ἀναλγησίαν
2913 4887 3044 4952 ἴσως
3077 4888 3218 4958 μετὰ
3261 4889 3370 4943 τῶν
3407 4889 3582 4944 ἄλλων
3623 4891 3840 4946 νοσοῦσι

2161 4975 2372 5029 κακῶν.
2401 4973 2539 5027 Ἀλλ’
2571 4973 2816 5043 ὑμεῖς,αί
2834 4970 3023 5026 τοῦτον
3052 4971 3450 5044 ἀναδεξάμεναι
3478 4973 3566 5027 τὸν
3596 4974 3857 5044 βίον,καὶι

2160 5056 2255 5110 τοῦ
2283 5057 2569 5128 νυμφῶνος
2599 5054 3022 5125 καταξιούμεναι
3067 5056 3162 5110 καὶ
3185 5057 3280 5110 τοῦ
3310 5056 3565 5126 νυμφίου,
3589 5057 3684 5110 καὶ
3712 5075 3840 5127 φαι-

2160 5140 2292 5213 δράς
2324 5141 2544 5211 ἔχουσαι
2569 5139 2668 5203 τὰς
2688 5138 2997 5210 λαμπάδας,
3016 5141 3112 5192 καὶ
3137 5139 3216 5210 τῷ
3230 5139 3394 5211 τιμίῳ
3419 5141 3519 5210 τῆς
3539 5141 3838 5211 παρθενίας

2162 5223 2360 5288 παντὸς
2385 5223 2716 5294 διαδήματος
2756 5221 3038 5293 βασιλικοῦ
3099 5221 3298 5292 μᾶλλον
3321 5222 3690 5293 κοσμούμεναι
3713 5240 3852 5276 ατε--

2161 5308 2334 5378 φάνῳ,
2362 5307 2670 5379 δακρύσατε
2698 5307 2795 5361 σὺν
2819 5308 2971 5378 ἡμῖν,
3004 5307 3100 5360 καὶ
3136 5305 3347 5375 πικρῶς
3386 5305 3746 5377 ἀνοιμώξατε·
3775 5309 3837 5362 ού

2164 5392 2357 5464 μικρὸν
2382 5391 2539 5444 τοῦτό
2564 5391 2682 5444 ἐστι
2711 5392 3004 5463 φάρμακον
3058 5389 3148 5444 καὶ
3194 5391 3274 5452 είς
3311 5389 3596 5460 διόρθωσιν
3627 5391 3734 5444 τῶν
3773 5394 3840 5446 τά

2159 5479 2352 5532 ἀνίατα
2381 5477 2704 5542 νοσούντων,
2735 5478 2830 5532 καὶ
2869 5479 2950 5542 εἰς
2977 5475 3335 5548 παραμυθίαν
3366 5477 3474 5530 τῶν
3509 5475 3579 5530 τὰ
3616 5478 3839 5533 ἐκείνων

2157 5561 2520 5634 ὀδυρομένων·
2560 5561 2720 5615 τοῦτο
2751 5562 2844 5615 καὶ
2863 5562 2898 5634 ὁ,
2949 5560 3183 5632 νυμφίος
3212 5562 3242 5614 ὁ
3269 5560 3533 5633 ὑμέτερος
3572 5561 3837 5634 πεποίηκέ

2159 5667 2311 5706 ποτε.
2374 5649 2489 5720 Τὴν
2535 5649 2648 5720 γάρ
2679 5645 3037 5722 Ἰερουσαλὴμ
3073 5646 3212 5719 πρὸς
3269 5645 3497 5718 ἔσχατον
3567 5646 3836 5710 ἀπωλείας

2158 5732 2574 5802 κατενεχθεῖσαν
2641 5729 2797 5797 ἰδὼν,
2856 5731 2948 5784 καὶ
3019 5731 3204 5784 οὐκέτι
3275 5729 3582 5801 δυναμένην
3617 5731 3836 5796 ἀνενεγ-

2161 5818 2276 5870 κεῖν
2325 5815 2433 5868 ἀπὸ
2487 5815 2586 5885 τῆς
2655 5813 3005 5886 ἀρρωστίας,
3071 5815 3338 5886 ἐδάκρυσε
3369 5829 3384 5844 °
3438 5814 3534 5866 καὶ
3589 5815 3683 5865 ἐπὶ
3738 5813 3838 5882 τῆς

2230 5931 2435 5996 οδω-η,
2459 5933 2787 5996 λέγεταιηκαῖ
2825 5932 3014 5982 οἰκείων
3057 5933 3138 5980 καὶ
3188 5932 3350 5996 φίλων.
3395 5929 3580 5986 Ταύτας
3611 5925 3684 5980 δεῖ
3725 5928 3834 5990 Civ;

2162 5994 2378 6043 ἀναπνεῖν
2402 5995 2446 6040 ὃ)
2459 6009 2548 6049 ωςζ
2573 5993 2710 6041 ἀλλά.
