4138 6424
559 445 661 499 517

554 557 766 629 quando
795 564 850 612 et
875 571 1103 627 sponsus
1128 565 1307 611 vester
1330 553 1476 610 feeit.
1504 554 1636 609 Nam
1662 569 1785 610 cum
1813 553 2022 609 videret
2045 551 2139 608 Je-

559 649 791 703 rusalem
845 647 898 702 in
951 656 1249 703 extremam
1279 646 1632 716 perditionem
1659 646 1950 712 inductam,
1978 645 2048 700 ita
2089 654 2144 700 ut

559 751 664 791 non
690 748 868 807 posset
889 738 998 807 jam
1027 737 1093 792 ab
1125 735 1433 790 infirmitate
1454 735 1670 801 reduci,
1701 736 1964 806 lacrymas
2009 734 2141 789 fudit

557 825 711 898 (Luc.
757 827 843 882 19.
866 827 961 899 41)
993 869 1006 892 ,
1037 837 1091 883 et
1122 828 1172 881 in
1209 827 1495 881 Bethsaida
1536 826 1900 882 admonitione
1925 825 2136 895 quidem

559 932 665 973 non
692 927 776 972 est
804 933 931 972 usus
961 933 1131 988 neque
1158 919 1324 988 signis
1343 960 1358 984 ,
1388 918 1649 973 miserans
1685 927 1862 972 autem
1902 916 2142 972 civitates

561 1008 755 1073 solum,
789 1007 878 1062 Va:
906 1008 1132 1063 subinde
1167 1009 1498 1076 inclamavit,
1527 1009 1665 1064 sicut
1687 1017 1742 1063 et
1781 1023 1877 1062 nos
1921 1007 2142 1062 facimus

560 1102 612 1156 in
641 1102 706 1155 iis
751 1101 839 1170 qui
884 1102 1114 1155 animam
1151 1101 1262 1171 jam
1293 1101 1496 1156 efﬂant.
1541 1101 1671 1156 item
1715 1101 1905 1155 beatus
1945 1100 2142 1154 Paulus

558 1192 805 1262 exemplo
833 1192 1068 1263 Magistri
1108 1193 1190 1247 sui
1220 1207 1326 1268 non
1351 1194 1582 1248 cessavit
1614 1208 1709 1264 per
1736 1207 1948 1248 omnem
1977 1193 2137 1247 vitam

558 1297 708 1337 suam
739 1298 853 1349 eos,
883 1286 972 1353 qui
993 1283 1326 1347 exciderant,
1359 1293 1411 1338 et
1431 1285 1521 1354 qui
1551 1285 1606 1338 in
1632 1285 1782 1339 ruina
1811 1299 1904 1339 sua
1931 1299 2143 1340 manse-

558 1383 701 1439 rant,
729 1385 783 1428 et
827 1389 1104 1444 resurgere
1141 1386 1322 1444 pOStea
1368 1375 1668 1442 noluerant,
1712 1375 1992 1446 deplorare
2033 1384 2140 1429 tam

559 1481 764 1532 amare,
793 1478 853 1521 ut
892 1469 990 1521 hac
1034 1467 1206 1522 valida
1238 1467 1682 1524 determinatione
1725 1469 2050 1539 signiﬁcaret
2090 1478 2145 1524 et

561 1558 818 1613 scriberet
838 1558 1094 1614 Romanis
1119 1559 1304 1614 dicens
1329 1578 1340 1612 :
1371 1560 1598 1614 Tristitia
1622 1560 1746 1614 mihi
1771 1570 1842 1615 est
1869 1577 2072 1630 magna,
2096 1571 2143 1614 et

559 1651 826 1705 continuus
864 1651 1011 1705 dolor
1050 1653 1191 1705 cordi
1235 1669 1365 1706 meo.
1421 1652 1674 1722 Optabam
1722 1655 1857 1707 enim
1899 1671 1989 1725 ego
2036 1655 2145 1724 ipse

559 1743 834 1796 anathema
879 1759 986 1796 esse
1011 1759 1044 1796 a
1069 1742 1270 1797 Christo
1317 1760 1406 1814 pro
1456 1745 1696 1815 fratribus
1736 1746 1873 1809 meis,
1919 1747 2003 1813 qui
2030 1754 2144 1800 sunt

560 1833 765 1900 cognati
788 1833 885 1886 mei
908 1835 1182 1887 secundant
1205 1851 1429 1902 carnem,
1449 1835 1535 1906 qui
1556 1844 1669 1889 sunt
1689 1834 1946 1889 Israelita:
1963 1835 2140 1909 (Rom.

560 1924 615 1978 9.
628 1923 767 1994 2-4).
788 1923 948 1978 Vides
960 1935 1210 1994 quautam
1229 1925 1458 1981 habeant
1478 1928 1636 1982 verba
1655 1928 1969 1998 emphasim,
1986 1945 2144 1999 quau-

563 2023 670 2067 tam
700 2016 1022 2070 anxietatem
1051 2018 1228 2071 cordis
1259 2032 1367 2087 prae
1393 2033 1452 2072 se
1479 2017 1692 2073 ferant?
1720 2018 1938 2088 Insuper
1959 2019 2145 2074 fideles

561 2106 922 2162 claudicantes
947 2119 1001 2162 et
1040 2111 1442 2179 tempestatibus
1469 2111 1754 2180 depressos
1781 2111 1860 2166 sic
1880 2111 2141 2182 deplorat,

563 2197 715 2265 quasi
743 2197 856 2267 ipse
884 2199 1073 2253 eadem
1119 2199 1256 2254 mala
1283 2202 1636 2270 experiretur.
1669 2200 1794 2267 Quis
1832 2202 1973 2257 enim
1993 2243 2009 2264 ,
2039 2204 2142 2269 ait,

559 2287 866 2358 inﬁrmatur,
893 2299 939 2344 et
966 2307 1056 2361 ego
1085 2309 1185 2345 non
1221 2293 1493 2361 inﬁrmor?
1519 2294 1630 2362 quis
1662 2294 2067 2360 scandalizatur,
2100 2304 2146 2348 et

561 2394 651 2452 ego
677 2396 778 2433 non
805 2397 927 2433 uror
959 2381 1031 2451 (Ξ.
1065 2381 1184 2436 Cor.
1219 2384 1306 2436 11.
1342 2381 1474 2456 29)?
1499 2383 1568 2437 Et
1601 2400 1705 2438 non
1747 2385 1893 2452 dicit,
1925 2386 2109 2440 lristor
2129 2426 2142 2451 ,

561 2471 679 2538 sed,
712 2489 851 2539 uror,
884 2473 1268 2530 intolerabilem
1291 2485 1347 2531 et
1377 2477 1746 2533 incredibilem
1777 2479 2016 2534 dolorem
2046 2494 2145 2551 per

562 2561 862 2617 incendium
913 2565 1189 2620 enuntiare
1227 2566 1430 2622 volens.
1473 2567 1748 2623 Imitemur
1797 2569 1956 2640 igitur
1983 2572 2143 2626 etiam

564 2667 662 2706 nos
699 2663 754 2709 et
784 2655 1066 2710 Dominum
1105 2665 1345 2712 nostrum
1375 2668 1427 2714 et
1451 2675 1788 2716 conservum.
1829 2661 1960 2716 Nam
1990 2663 2145 2719 nobis

561 2743 755 2800 horum
778 2748 1072 2816 gemitnum
1098 2766 1202 2805 non
1224 2767 1381 2822 parva
1404 2754 1507 2809 erit
1530 2770 1736 2811 merces
1758 2773 1772 2820 ;
1804 2756 1941 2811 sicut
1969 2772 2145 2828 neque

560 2836 848 2906 vulgariter
877 2840 1340 2908 reprehenduntur
1366 2858 1395 2896 a
1427 2845 1536 2899 Deo
1562 2845 1654 2914 qui
1690 2846 1891 2917 absque
1919 2848 2148 2902 commi-

557 2928 829 2983 seratione
864 2943 1080 2985 suorum
1124 2934 1484 2990 membrorum
1529 2936 1666 2991 mala
1707 2946 2141 3007 praetercurrunt.

559 3018 626 3073 Et
666 3019 796 3074 illud
839 3022 1050 3091 quidem
1101 3025 1240 3094 apud
1289 3027 1731 3096 patientissimum
1783 3030 2141 3101 Ezechielem,

559 3112 663 3170 hoc
685 3131 812 3170 vero
831 3118 968 3186 apud
997 3119 1207 3176 beatum
1232 3121 1506 3179 Michaeam
1529 3125 1707 3181 videre
1725 3127 1866 3182 licet.
1892 3127 1984 3182 Ille
1997 3128 2140 3184 enim

557 3206 705 3273 dicit,
735 3223 857 3264 cum
879 3209 1050 3266 Judaei
1083 3215 1132 3268 in
1165 3227 1461 3269 extremum
1484 3218 1746 3272 malorum
1773 3221 2065 3287 venissent,
2089 3230 2143 3276 et

557 3309 748 3370 Sponte
773 3301 1032 3356 idolorum
1073 3304 1219 3358 cultu
1259 3321 1318 3360 se
1359 3307 1821 3378 coinquinassent,
1851 3311 2142 3382 imperasse

560 3392 724 3446 Deum
749 3393 865 3448 dari
905 3396 1113 3466 signum
1140 3413 1303 3468 super
1348 3399 1509 3456 facies
1540 3402 1773 3468 virorum
1811 3407 2138 3476 gementium

557 3490 612 3535 ct
630 3482 924 3539 dolentium
954 3502 1115 3556 super
1142 3489 1207 3542 iis
1236 3505 1354 3559 qua:
1383 3491 1599 3546 fiebant.
1625 3493 1808 3564 Neque
1834 3496 1973 3551 enim
2005 3497 2135 3552 sim-

559 3573 764 3643 pliciter
788 3592 1002 3646 gemcre
1023 3589 1253 3650 Oportet,
1289 3583 1382 3638 sed
1408 3595 1463 3639 et
1491 3585 1702 3652 dolere;
1733 3590 1976 3658 quamvis
2007 3591 2139 3646 nihil

557 3679 804 3734 umquam
845 3668 1080 3724 dixerint
1125 3672 1222 3726 vel-
1258 3672 1480 3728 fecerint
1526 3676 1601 3729 illi
1641 3677 1707 3731 ad
1753 3681 2138 3735 correctionem

556 3773 738 3812 eorum
771 3777 890 3829 qua:
921 3762 1147 3828 ﬁebant;
1181 3765 1273 3820 sed
1302 3767 1548 3836 quoniam
1591 3784 1682 3823 sua
1726 3771 2014 3827 intulerant
2048 3789 2139 3827 so-

557 3849 685 3915 lum,
721 3859 924 3906 tantum
951 3853 1127 3923 adepti
1156 3866 1279 3911 sunt
1308 3857 1562 3914 honorem
1587 3875 1617 3914 a
1641 3861 1972 3917 misericordi
2009 3864 2137 3931 Deo,

555 3949 681 3994 utet
722 3945 1060 4000 securitatem
1091 3956 1146 4001 et
1189 3949 1414 4018 gloriam
1448 3951 1664 4006 multam
1707 3966 2136 4026 assequerentur.

554 4032 801 4088 Michacas
841 4046 1020 4090 autem
1062 4053 1182 4092 cum
1213 4041 1331 4094 aliis
1361 4042 1898 4113 reprehensionibus,
1927 4062 2138 4103 comes-

553 4124 774 4177 sationis
820 4134 874 4179 et
927 4127 1202 4182 ebrietatis
1241 4139 1296 4184 et
1338 4131 1661 4187 inunctionis
1708 4124 2136 4204 unguentorum,

549 4214 692 4267 aliud
723 4215 904 4285 adjicit
933 4218 1156 4284 crimen,
1189 4234 1382 4289 nempe
1406 4221 1670 4277 defectum
1709 4227 2136 4282 commiseratio-

551 4307 668 4373 nis,
702 4308 780 4362 sic
821 4309 1005 4364 dicens
1034 4328 1046 4362 :
1075 4310 1254 4381 Neque
1296 4315 1728 4385 compatiebantur
1758 4335 1911 4389 super
1946 4321 2135 4373 contri-

549 4401 684 4452 tione
708 4399 901 4470 Joseph
927 4402 1102 4472 (Amos
1123 4404 1175 4457 6.
1207 4403 1284 4474 6).
1316 4404 1385 4460 Et
1426 4420 1520 4461 eos
1549 4407 1636 4477 qui
1663 4407 1970 4465 habitabant
2007 4411 2139 4466 civi-

550 4501 709 4547 tatem
753 4493 930 4548 Enan
961 4497 977 4527 ⁸
1010 4505 1228 4566 pr0pter
1272 4497 1373 4554 hoc
1419 4499 1786 4570 reprehendit,
1834 4504 2023 4559 iterum
2051 4505 2134 4559 di-

547 4599 712 4637 cens:
749 4585 912 4651 Quadi
929 4605 1029 4641 non
1071 4590 1220 4643 exivit
1262 4599 1318 4644 ut
1346 4591 1569 4662 ploraret
1599 4592 1806 4648 domum
1845 4596 2136 4666 contiguam

554 4675 742 4743 (Mich.
777 4679 827 4730 1.
869 4679 981 4749 11).
1025 4680 1088 4736 Si.
1112 4693 1290 4738 autem
1318 4684 1407 4739 ubi
1450 4685 1589 4741 Deus
1629 4687 1904 4754 irascitur,
1951 4706 2133 4761 repre-

547 4763 734 4820 hendit
759 4782 882 4822 eum
923 4771 1014 4840 qui
1034 4787 1147 4827 non
1178 4777 1497 4844 compatitur
1536 4777 1584 4832 ei
1627 4779 1716 4848 qui
1764 4781 1996 4850 punitur,
2029 4797 2133 4853 qua

547 4856 700 4911 venia
740 4857 930 4928 dignus
979 4861 1091 4915 erit.
1115 4863 1203 4932 qui
1233 4879 1339 4919 non
1378 4867 1627 4924 condolet
1666 4886 1786 4926 cum
1813 4887 1908 4938 eo,
1935 4876 2024 4944 qui
2078 4873 2131 4930 in

548 4959 822 5018 peccatum
863 4953 1141 5024 prolapsus
1165 4957 1497 5029 estisNeque
1541 4963 1773 5031 mireris,
1804 4965 1848 5020 si
1888 4977 2134 5037 Oporteat

546 5058 646 5098 nos
691 5045 853 5100 simul
897 5046 1084 5103 dolere
1123 5065 1242 5106 cum
1292 5051 1356 5106 iis
1398 5053 1490 5124 qui
1531 5057 1839 5124 puniuntur,
1887 5063 2132 5130 quamvis

548 5135 688 5191 Deus
727 5137 946 5206 puniat;
973 5154 1148 5210 neque
1187 5143 1328 5196 enim
1362 5143 1503 5200 Deus
1546 5147 1661 5216 ipse
1687 5150 1779 5218 qui
1824 5153 1976 5220 punit
2017 5155 2131 5210 vult

546 5224 647 5315 hoc
689 5227 905 5315 facere:
939 5228 1061 5315 Non
1100 5233 1232 5286 enim
1267 5236 1526 5291 voluntate
1557 5240 1671 5293 volo
1709 5253 1919 5298 mortem
1953 5263 2132 5315 pecca-

527 5311 667 5374 toris
692 5311 902 5381 (Ezech.
931 5314 1018 5370 18.
1061 5315 1178 5386 25),
1212 5317 1400 5388 inquit.
1445 5320 1501 5376 Si
1539 5322 1698 5394 igitur
1722 5326 1811 5395 qui
1839 5311 2126 5386 vindictam

542 5401 724 5466 sumit,
757 5421 860 5457 non
885 5407 995 5460 vult
1036 5407 1326 5463 vindictam
1356 5425 1600 5480 sumere,
1627 5417 1794 5472 multo
1824 5420 1992 5490 magis
2027 5436 2128 5478 nos

540 5495 828 5550 condolere
848 5510 1056 5566 oportet
1084 5502 1148 5557 iis
1171 5504 1261 5572 qui
1281 5506 1600 5573 puniuntur;
1632 5507 1768 5565 forte
1785 5511 1883 5567 hac
1901 5515 1982 5566 via
2003 5514 2121 5571 illos

541 5586 850 5652 enpiemus,
885 5588 1020 5644 forte
1051 5595 1500 5661 recuperabimus.
1534 5599 1664 5655 Nam
1695 5601 1820 5658 licet
1843 5605 2118 5673 perierint,

544 5681 718 5729 annon
746 5695 928 5733 curam
955 5698 1072 5750 quze
1111 5686 1314 5756 reliqua
1342 5698 1420 5742 est
1447 5704 1722 5758 geramus,
1767 5695 2124 5766 lacrymetnur

607 5815 628 5894 ξ.
656 5813 833 5894 sarit,
857 5814 1013 5894 Vir-lati.
1043 5820 1266 5894 ttaecduo
1291 5823 1392 5894 loca
1416 5828 1777 5894 quasina-hate
1825 5833 2122 5894 adferuntur,

543 5875 781 5936 sui)ng
810 5886 882 5926 est
914 5891 1047 5928 annos
1067 5883 1114 5936 6.
1140 5884 1185 5938 6,
1211 5875 1454 5936 secundus
1471 5875 1844 5951 ﬁdelitate—iiii.

1088 437 1271 506 QUOD
1312 431 1727 494 REGULABES
1775 428 2051 492 FEMINE
2085 428 2258 490 VIRIS
2299 431 2738 492 COHABITARE
2781 437 2913 494 NON
2955 437 3289 493 DEBEANT.

3719 434 3821 494 518

2252 560 2306 605 et
2337 552 2636 622 ploremus,
2667 570 2770 608 non
2812 554 3094 610 mulierum
3133 554 3325 611 choros
3369 553 3702 621 indueetttes,
3732 553 3826 609 sed

2249 647 2614 717 unusquisque
2660 647 2906 717 privatim
2943 648 3083 719 apud
3131 649 3512 719 semetipsum,
3544 664 3649 702 non
3692 663 3826 718 prai-

2248 737 2486 793 sentibus
2519 738 2644 792 illis.
2689 737 2745 792 Si
2771 749 2946 793 autem
2975 739 3156 807 vultis,
3186 739 3301 809 ipse
3345 739 3592 808 incipiam
3621 739 3827 792 luctuo-

2247 843 2364 882 sum
2418 827 2519 883 hoc
2560 829 2827 883 canticum
2878 846 2892 881 :
2948 845 3119 899 neque
3170 830 3312 884 enim
3365 830 3526 898 pudet
3573 844 3657 884 me
3705 844 3825 882 cuzn

2245 918 2476 973 .lcremia
2512 919 2612 974 hoc
2635 919 2808 974 facere
2833 930 2886 973 et
2917 919 3049 974 lsaia
3069 930 3124 975 ct
3148 920 3332 986 Paulo,
3356 930 3410 974 et
3433 921 3482 973 in
3505 920 3689 989 primis
3707 935 3825 972 cum

2251 1009 2474 1063 Domino
2517 1020 2718 1064 nostro.
2753 1008 3074 1080 incipiamus
3121 1011 3278 1080 igitur
3315 1011 3450 1065 sicut
3475 1009 3718 1064 Christus
3745 1011 3826 1062 in-

2245 1099 2385 1168 cepit
2413 1099 2664 1169 primum,
2693 1107 2746 1154 et
2770 1098 3010 1154 dicamus
3036 1115 3050 1151 :
3085 1098 3176 1154 Va:
3203 1100 3317 1166 tibi,
3341 1100 3550 1153 anima!
3583 1099 3648 1152 ad
3671 1113 3826 1166 quam

2246 1199 2432 1246 vocata
2462 1191 2768 1261 dignitatem
2793 1206 2888 1260 per
2913 1191 3294 1262 benignitatem
3325 1200 3378 1245 et
3409 1191 3824 1245 misericordiam

2251 1283 2367 1351 Dei,
2397 1283 2610 1353 qualem
2649 1283 2880 1352 accipies
2907 1282 3084 1337 locum
3122 1291 3338 1352 propter
3370 1282 3629 1356 ignaviam
3655 1282 3828 1334 tuam?

2251 1373 2341 1430 Vm
2371 1375 2484 1440 tibi,
2531 1374 2657 1444 quia
2699 1375 2811 1443 ipse
2848 1385 2898 1429 te
2922 1373 2985 1427 ad
3018 1373 3280 1427 thalamos
3321 1374 3479 1427 traxit
3506 1372 3826 1441 spirituales,

2249 1479 2303 1521 tu
2333 1478 2510 1522 autem
2543 1467 2762 1537 leipSam
2793 1467 2860 1520 ab
2881 1466 2981 1520 hac
3010 1465 3176 1536 gloria
3214 1465 3491 1534 abrupisti,
3521 1475 3576 1518 et
3620 1463 3828 1518 inducta

2247 1573 2306 1612 es
2369 1557 2420 1611 in
2469 1556 2666 1612 diaboli
2714 1557 2918 1626 ignem,
2968 1566 3022 1610 et
3074 1555 3141 1609 ad
3193 1555 3503 1625 gravissima
3573 1554 3828 1624 supplicia

2249 1650 2334 1704 ubi
2382 1647 2537 1704 ﬂetus
2584 1658 2636 1703 et
2665 1647 2863 1704 stridor
2919 1647 3178 1711 dentium,
3231 1647 3320 1703 ubi
3368 1648 3542 1702 nullus
3590 1645 3831 1701 consola-

2251 1751 2402 1796 turus
2446 1750 2559 1806 est,
2611 1755 2710 1795 nec
2755 1755 2969 1794 manum
3031 1751 3405 1809 porrecturus,
3451 1738 3545 1794 sed
3599 1739 3830 1793 tenebrae

2249 1836 2446 1900 omnia,
2471 1843 2524 1889 et
2543 1833 2881 1903 perplexitas,
2919 1842 2973 1886 et
3001 1833 3250 1898 turbatio,
3271 1841 3325 1886 et
3343 1832 3476 1885 mala
3501 1846 3672 1900 neque
3697 1845 3828 1884 con-

2251 1925 2568 1981 solationem
2613 1939 2788 1994 neque
2827 1925 2987 1978 ﬁnem
3031 1922 3298 1977 habentia.
3348 1923 3472 1977 Haec
3516 1922 3607 1976 tibi
3656 1925 3830 1976 omnia

2249 2015 2432 2070 mundi
2471 2030 2622 2070 amor
2646 2016 2886 2085 peperit,
2913 2013 3036 2084 quia
3065 2013 3342 2083 praatulisti
3365 2014 3495 2066 caelo
3534 2020 3753 2077 terram,
3781 2021 3834 2066 et

2251 2107 2472 2162 noluisti
2501 2107 2690 2163 audire
2712 2121 2900 2162 vocem
2925 2106 3108 2176 sponsi
3143 2105 3357 2161 assidue
3375 2105 3743 2168 admonentis,
3780 2114 3835 2156 ttt

2252 2200 2387 2255 nihil
2417 2200 2572 2257 nobis
2622 2209 2768 2256 esset
2795 2214 2917 2254 cum
2953 2197 3232 2268 praesentis
3271 2197 3452 2252 saeculi
3502 2196 3666 2252 rebus
3684 2211 3833 2251 com-

2252 2281 2433 2348 mune.
2462 2292 2592 2359 Quis
2615 2301 2666 2348 te
2695 2293 2947 2348 miseram
2979 2299 3033 2346 et
3056 2290 3422 2346 calamitosam
3464 2290 3705 2344 miserari
3745 2305 3832 2358 pu-

2253 2395 2358 2442 test
2376 2386 2597 2458 postea?
2627 2385 2758 2440 Nam
2789 2385 2888 2439 etsi
2912 2385 3087 2454 ipsum
3118 2382 3299 2437 videas
3325 2381 3459 2447 Noe,
3491 2382 3580 2450 qui
3616 2381 3668 2434 in
3689 2396 3833 2435 οοιιι-

2250 2480 2397 2535 muni
2422 2479 2582 2534 totius
2611 2479 2758 2534 orbis
2786 2478 2988 2533 diluvio
3023 2484 3186 2530 totam
3232 2475 3447 2530 domum
3485 2475 3744 2540 salvavit,
3783 2475 3834 2528 in

2251 2577 2352 2632 hac
2383 2575 2457 2629 ira
2485 2575 2933 2644 patrocinantem,
2959 2572 3059 2626 etsi
3089 2570 3210 2636 Job,
3241 2569 3343 2624 etsi
3374 2569 3666 2638 Danielcm,
3688 2586 3835 2626 cum-

2249 2685 2352 2739 que
2399 2667 2506 2722 illis
2557 2667 2756 2723 Mosem
2809 2677 2863 2722 et
2903 2666 3207 2724 Samueiem
3238 2709 3253 2735 ,
3310 2662 3411 2722 etsi
3481 2663 3834 2736 patriarcham

2251 2760 2525 2815 Abraham
2549 2802 2563 2827 ,
2594 2761 2767 2815 nullus
2795 2761 2888 2816 tibi
2935 2776 3151 2815 manum
3181 2761 3456 2831 porriget;
3494 2760 3700 2814 etiamsi
3741 2773 3835 2828 ge-

2253 2866 2384 2907 nere
2411 2850 2558 2906 illum
2602 2851 2851 2922 attingas,
2882 2851 3094 2906 etiamsi
3143 2850 3252 2905 ﬁlia
3289 2851 3382 2916 sis,
3411 2850 3621 2906 etiamsi
3657 2864 3834 2914 soror,

2250 2943 2461 2999 etiamsi
2511 2943 2779 3012 supplices
2819 2944 3080 3011 multum,
3125 2944 3265 2999 sicut
3301 2942 3451 2998 dives
3503 2942 3609 3007 ille,
3656 2942 3835 2996 om’nia

2251 3032 2598 3091 frustra-etin
2621 3049 2812 3090 vanum
2841 3034 3022 3091 facies.
3045 3034 3327 3100 Quomodo
3349 3033 3650 3088 excidistie
3679 3033 3832 3098 creto,

2249 3146 2368 3202 quae
2394 3146 2499 3185 non
2532 3130 2720 3185 lucifer
2745 3146 2802 3185 es
2828 3128 2978 3198 (Isai.
3003 3130 3020 3184 l
3041 3136 3082 3186 i.
3110 3130 3222 3199 12),
3251 3142 3423 3198 neque
3450 3142 3606 3182 mane
3632 3126 3834 3194 oriens,

2249 3222 2343 3277 sed
2375 3223 2502 3292 ipsis
2541 3223 2670 3276 solis
2694 3222 2857 3276 radiis
2891 3222 3007 3290 plus
3047 3221 3330 3290 Splendere
3370 3213 3674 3290 potuisseS?
3703 3234 3835 3287 quo-

2250 3313 2412 3369 modo
2451 3313 2608 3368 sedes
2643 3313 2897 3369 deserta?
2928 3313 3101 3382 Atque
3127 3311 3263 3367 adeo
3304 3311 3444 3372 haud
3465 3312 3586 3381 quis
3615 3311 3834 3364 aberra-

2247 3407 2338 3473 rit,
2365 3407 2411 3462 si
2438 3408 2490 3461 in
2519 3407 2654 3462 hanc
2681 3406 2870 3476 majori
2896 3405 3182 3476 captivitati
3210 3405 3456 3460 traditam
3495 3405 3722 3458 animam
3754 3405 3834 3458 la-

2251 3509 2574 3566 mentorum,
2602 3513 2719 3568 qure
2757 3499 2812 3553 in
2853 3499 3120 3552 civitatem
3163 3497 3306 3551 illam
3351 3495 3489 3551 dicta
3521 3504 3663 3560 sunt,
3721 3510 3834 3549 ma-

2243 3593 2417 3662 jorem
2446 3602 2650 3662 partem
2677 3590 2982 3646 transferat.

2318 3685 2371 3740 5.
2411 3684 2515 3740 Sed
2561 3683 2697 3739 forte
2723 3684 3073 3739 lamentorum
3101 3683 3250 3749 satis,
3283 3683 3432 3748 satis,
3485 3683 3721 3752 inquam,
3771 3691 3829 3734 ut

2247 3776 2506 3845 scriptura
2553 3775 2862 3845 libellusque
2905 3774 3046 3830 ferre
3080 3783 3257 3844 potest
3291 3791 3302 3825 :
3335 3774 3566 3844 alioquin
3598 3772 3664 3826 ad
3701 3787 3836 3827 con-

2250 3865 2466 3938 dignam
2490 3867 2679 3923 animae
2705 3875 2781 3922 tot
2803 3866 2954 3922 malis
2981 3881 3252 3936 oppressae
3278 3864 3698 3935 deplorationem
3737 3879 3833 3918 ne-

2248 3972 2354 4028 que
2379 3973 2539 4014 omne
2563 3966 2772 4028 tempus
2797 3957 2954 4012 nobis
2971 3957 3257 4013 sufficeret.
3285 3956 3421 4023 Quid
3442 3957 3583 4012 enim
3605 3956 3723 4025 quis
3743 3956 3828 4010 de-

2249 4048 2485 4118 ploraret
2525 4048 2794 4116 primum?
2818 4064 2886 4102 an
2914 4048 3054 4117 quod
3086 4047 3391 4102 venerabile
3431 4056 3483 4102 et
3508 4058 3749 4102 sanctum
3781 4055 3838 4102 ct

2251 4153 2498 4208 magnum
2537 4151 2732 4192 nomen
2761 4138 2853 4191 Dei
2882 4153 2977 4206 per
3017 4153 3110 4192 vos
3149 4138 3548 4207 blasphematur
3577 4139 3626 4191 in
3658 4139 3834 4207 genti-

2247 4231 2367 4298 bus,
2398 4240 2452 4286 et
2477 4231 2836 4302 ipsiusgloria
2884 4233 3230 4301 profanatur?
3257 4247 3325 4284 an
3347 4231 3488 4300 quod
3530 4240 3634 4284 tam
3668 4246 3832 4285 vene-

2247 4323 2430 4379 rabilis
2459 4333 2514 4381 et
2541 4339 2730 4395 magna
2758 4339 2845 4380 res
2874 4325 2929 4379 in
2955 4324 3203 4379 invidiam
3245 4323 3560 4378 adducitur?
3589 4339 3654 4377 an
3692 4324 3834 4392 quod

2247 4416 2428 4471 multa:
2474 4416 2664 4471 animae
2709 4431 2804 4486 per
2845 4431 2942 4471 vos
2970 4424 3046 4470 tot
3085 4415 3350 4470 scandalis
3388 4414 3720 4485 perduntur?
3749 4429 3834 4468 -an

2245 4507 2388 4578 quod
2415 4522 2541 4562 sana
2571 4521 2694 4576 pars
2719 4508 2878 4562 chori
2905 4517 3096 4562 vestra:
3125 4507 3309 4576 gloriae
3335 4506 3540 4561 macula
3562 4505 3833 4561 foedatur?

2244 4615 2310 4654 an
2364 4599 2506 4670 quod
2537 4599 3019 4669 inexstiuguibilem
3057 4607 3111 4654 et
3138 4594 3286 4654 vobis
3331 4606 3385 4654 et
3410 4598 3835 4653 collabi-tantibus

2245 4693 2395 4748 vobis
2423 4692 2715 4748 accenditis
2738 4692 3036 4763 ignem?-Et
3055 4691 3324 4763 quomodo
3346 4693 3705 4745 necessarium
3727 4700 3829 4754 est,

2244 4792 2304 4838 ut
2328 4784 2441 4839 haec
2467 4783 2614 4849 ﬁant,
2661 4784 2852 4854 inquit,
2886 4797 3005 4838 cum
3035 4783 3301 4852 possimus
3327 4781 3612 4836 ostendere
3640 4797 3834 4851 corpus

2244 4886 2485 4930 nostrum
2507 4891 2613 4930 non
2639 4885 2968 4946 corruptum,
2996 4889 3170 4945 neque
3188 4874 3426 4930 vitiatum
3449 4874 3482 4928 ἳ-
3503 4874 3695 4928 Verum
3719 4873 3834 4929 hzcc

2243 4967 2781 5024 demonstratio.non
2811 4981 2973 5033 nunc,
3005 4966 3100 5022 sed
3135 4966 3191 5021 in
3216 4965 3304 5022 die
3334 4966 3426 5021 illo
3454 4966 3555 5020 erit
3575 4992 3577 4994 -
3601 4963 3828 5020 manife-

2245 5069 2346 5114 sta.
2373 5058 2688 5116 Obstetricis
2715 5059 2857 5115 enim
2895 5072 2984 5113 ars
3009 5065 3066 5113 et
3103 5058 3361 5128 sapientia
3392 5057 3492 5110 hoc
3533 5055 3705 5110 solum
3738 5071 3834 5125 pn-

2244 5162 2348 5207 test
2389 5152 2592 5217 videre,
2633 5166 2701 5205 an
2750 5165 3097 5220 congressum
3137 5149 3236 5203 viri
3276 5162 3468 5216 corpus
3501 5146 3716 5201 tulerit:
3765 5161 3830 5200 au

2242 5260 2372 5300 vero
2402 5254 2597 5300 tactum
2625 5244 2986 5309 inhonestum,
3022 5254 3077 5299 et
3101 5242 3422 5298 adulterium
3448 5257 3516 5297 ex
3540 5241 3736 5296 osculis
3779 5251 3834 5297 et

2241 5337 2572 5408 amplexibus
2600 5336 2870 5409 effugerit,
2896 5347 2951 5394 et
2973 5337 3388 5407 corruptionem,
3420 5336 3536 5390 dies
3574 5335 3661 5390 illa
3708 5342 3832 5389 tunc

2240 5431 2555 5498 declarabit,
2583 5431 2798 5503 quando
2823 5433 2976 5486 vivus
3014 5430 3110 5484 Dei
3136 5443 3333 5495 sermo,
3366 5429 3454 5498 qui
3486 5428 3692 5483 occulta
3725 5428 3826 5481 ho-

2241 5523 2397 5577 minis
2436 5523 2488 5577 in
2537 5523 2767 5578 medium
2795 5523 3028 5584 adducit,
3085 5530 3140 5577 et
3169 5535 3405 5590 praasens
3435 5536 3575 5574 nunc
3603 5518 3684 5575 his
3712 5535 3830 5590 qua:

2237 5615 2375 5668 clam
2399 5615 2550 5681 ﬁunt,
2574 5616 2752 5669 omnia
2782 5614 2922 5669 nuda
2948 5622 3002 5667 et
3027 5621 3209 5683 aperta
3233 5624 3356 5668 ante
3382 5615 3618 5669 omnium
3645 5615 3826 5669 oculos

2239 5715 2402 5775 ponet
2429 5724 2443 5761 :
2477 5716 2601 5760 tunc
2630 5707 2862 5760 sciemus
2883 5705 3020 5759 bene
3049 5720 3116 5759 an
3139 5705 3205 5759 ab
3232 5703 3314 5758 his
3340 5706 3410 5760 sit
3440 5721 3628 5774 purum
3653 5715 3706 5760 et
3728 5719 3823 5759 un-

2235 5801 2512 5871 dcquaqne
2540 5802 2902 5870 incorruptum
2924 5814 3119 5871 corpus
3143 5807 3312 5853 tuum.
3335 5798 3494 5868 Atqui
3520 5799 3586 5853 de
3616 5799 3693 5852 liis
3717 5813 3821 5851 non

2235 5903 2342 5948 tam
2394 5902 2584 5948 exacte
2615 5894 2911 5958 loquemur,
2942 5907 3116 5964 neque
3143 5889 3526 5948 contendemus
3555 5907 3567 5943 :
3597 5888 3691 5944 sed
3723 5904 3821 5958 po—
3909 5936 3913 5941 .
