4138 6432
495 413 599 468 5ὶῖ

497 542 677 594 natur,
711 528 977 599 superatis
1022 525 1269 589 omnibus
1301 523 1501 581 retibus
1527 538 1648 580 esse
1677 536 1871 593 corpus
1915 520 2081 575 unde-

494 639 702 693 qttaque
722 637 912 695 purum
938 619 1007 677 ab
1026 620 1278 689 omnique
1301 619 1500 675 damno
1524 618 1772 682 liberum,
1797 624 1851 672 et
1876 622 2089 670 maneat

497 715 641 782 virgo
665 729 785 784 qua:
806 713 988 783 virgo:
1018 710 1145 781 quid
1168 710 1270 766 hoc
1290 708 1357 765 ad
1380 724 1444 765 ea
1472 721 1592 778 qua:
1618 706 1760 762 dicta
1788 717 1911 761 sunt
1938 720 1969 761 a
1993 719 2084 760 no-

495 806 610 863 bis?
643 803 851 860 Etenim
886 804 985 861 hoc
1026 802 1266 859 omnium
1294 800 1670 872 gravissimum
1714 807 1820 868 est,
1848 808 1901 855 et
1925 798 2087 868 pluri-

494 899 596 954 mis
622 896 840 967 dignum
862 894 1132 968 lacrymis,
1156 893 1299 965 quod
1330 901 1535 948 tantum
1557 890 1907 962 undequaque
1928 891 2087 947 susti-

496 988 673 1044 nuerit
692 987 951 1052 laborem,
982 985 1270 1056 diligenter
1303 983 1602 1041 observarit
1624 997 1840 1053 corpus,
1872 990 1928 1038 et
1966 997 2084 1037 om-

495 1096 620 1143 nem
672 1081 909 1147 laborem
962 1078 1303 1136 evacuaverit
1323 1117 1340 1145 ,
1399 1084 1455 1135 et
1501 1075 1752 1133 sudorem
1808 1074 2084 1142 effuderit,

498 1180 717 1244 propter
746 1170 1134 1242 blasphemiam
1166 1170 1219 1224 in
1247 1168 1536 1236 Christum,
1565 1181 1793 1238 cumque
1829 1181 2084 1237 peperce-

496 1264 569 1321 rit
593 1262 761 1329 carni,
796 1278 905 1319 non
935 1262 1173 1333 pepercit
1200 1260 1386 1331 gloriae
1431 1259 1547 1328 Dei,
1586 1260 1683 1316 sed
1731 1268 1788 1315 ut
1828 1259 2085 1332 intactum

500 1356 601 1426 ipsi
628 1336 871 1410 maneret
900 1366 1095 1423 corpus
1131 1353 1310 1408 omnia
1355 1349 1523 1419 fecit;
1553 1358 1614 1407 ut
1640 1358 1819 1409 autem
1859 1350 1950 1409 ille
1981 1365 2086 1404 non

498 1446 808 1504 afficeretur
832 1444 1175 1517 contumelia,
1206 1458 1306 1502 nec
1325 1443 1771 1501 dehonestaretur
1789 1442 1929 1514 apud
1949 1443 2086 1499 mul-

498 1549 604 1606 tos,
637 1554 706 1595 ne
734 1539 895 1595 ullam
916 1537 1133 1609 quidem
1163 1551 1347 1594 curam
1373 1536 1575 1593 habuit.
1598 1535 1812 1593 Utinam
1839 1551 1948 1592 non
1968 1551 2087 1591 om-

497 1632 589 1687 nia
634 1630 874 1696 fecisset,
909 1645 1008 1687 nec
1045 1644 1266 1700 operam
1294 1627 1554 1698 dedisset,
1600 1639 1659 1685 ut
1683 1628 1849 1699 gloria
1882 1627 1977 1685 Dei
2003 1629 2086 1683 in-

496 1723 813 1780 fnmaretur.
841 1723 909 1779 Et
928 1722 1199 1795 quomodo
1225 1723 1328 1779 hoc
1350 1720 1527 1781 facio?
1554 1721 1745 1792 inquit.
1773 1722 1907 1791 Quia
1946 1722 2091 1778 viros

496 1827 675 1885 tecum
702 1817 755 1871 in
785 1816 948 1872 domo
968 1816 1206 1873 inclusos
1231 1830 1445 1889 semper
1465 1815 1559 1873 tibi
1581 1816 1879 1873 assidentes
1901 1816 2087 1874 habes.

496 1908 631 1964 Nam
660 1909 705 1964 si
734 1908 882 1964 viros
903 1908 1109 1966 habere
1134 1909 1532 1965 cohabitatores
1575 1909 1933 1980 concupiscis,
1982 1925 2090 1966 non

496 2001 779 2073 oportebat
814 2001 1171 2072 virginitatem
1197 2000 1412 2071 eligere,
1442 2000 1539 2057 sed
1564 2001 1631 2057 ad
1660 2002 1870 2072 nuptias
1919 2011 2091 2061 trans-

498 2094 735 2150 eundum
760 2102 875 2148 erat
903 2110 916 2145 :
950 2093 1118 2148 multo
1143 2094 1288 2149 enim
1317 2092 1510 2149 melius
1535 2094 1615 2149 sic
1640 2094 1911 2165 nupsisse,
1930 2109 2090 2166 quam

498 2184 593 2243 illo
619 2183 782 2239 modo
810 2183 1068 2254 virginem
1098 2182 1337 2253 profiteri
1366 2184 1569 2240 fuisset.

571 2273 783 2345 Nuptiae
802 2275 1131 2345 prmfereudw
1153 2274 1429 2346 virginitati
1452 2276 1584 2331 mata
1601 2278 2092 2335 custodian—Nam

497 2366 621 2421 illas
648 2364 857 2435 nuptias
899 2378 1074 2436 neque
1101 2365 1242 2421 Deus
1268 2366 1609 2436 condemnat,
1634 2382 1807 2441 neque
1846 2370 2093 2428 homines

499 2456 899 2529 reprehendunt
923 2475 937 2514 :
967 2457 1196 2515 honesta
1219 2460 1361 2515 enim
1388 2474 1476 2516 res
1497 2470 1600 2529 est,
1622 2463 1896 2521 neminem
1919 2464 2092 2521 offen-

497 2549 653 2619 dens,
703 2550 972 2607 neminem
1025 2550 1225 2615 lmdens
1268 2570 1282 2607 :
1316 2552 1590 2624 virginitas
1618 2564 1796 2617 autem
1839 2556 1927 2615 illa
1968 2572 2090 2615 cum

498 2642 629 2711 viris
649 2642 769 2713 plus
795 2642 864 2698 ab
884 2641 1138 2699 omnibus
1164 2644 1427 2714 arguitur,
1457 2661 1618 2715 quam
1647 2645 1931 2705 fornicatio
1952 2650 2088 2719 ipsa.

499 2733 744 2805 Namque
770 2750 927 2791 suum
957 2735 1132 2808 perdit
1154 2736 1423 2805 ordinem,
1443 2739 1576 2795 etin
1599 2740 1913 2810 profundius
1932 2758 2091 2813 quam

499 2827 572 2889 sit
600 2826 971 2883 fornicationis
998 2827 1313 2885 barathrum
1342 2830 1510 2899 ejecta
1539 2841 1644 2886 est.
1674 2831 1794 2887 Non
1822 2832 1966 2889 enim
1992 2834 2094 2889 ali-

499 2919 620 2990 quis
664 2917 803 2975 feret
840 2933 965 2977 cum
1015 2918 1308 2988 virginibus
1344 2923 1615 2979 numerari
1663 2939 1783 2979 eam
1830 2940 1951 2995 quae
1984 2940 2092 2981 non

500 3019 655 3078 curat
679 3026 800 3084 qua:
842 3019 970 3066 sunt
992 3010 1224 3078 Domini,
1266 3019 1324 3075 et
1350 3015 1549 3071 multos
1575 3014 1753 3072 reddit
1795 3016 2089 3086 adulteros,

501 3122 675 3178 neque
702 3122 824 3162 eum
867 3112 1064 3180 nuptis.
1099 3112 1192 3170 Illa
1220 3112 1366 3169 enim
1390 3125 1574 3167 curam
1603 3110 1783 3179 habet,
1822 3111 2094 3183 quomodo

503 3199 711 3268 placeat
735 3201 851 3258 viro
893 3203 1023 3261 uni:
1053 3214 1110 3260 tu
1151 3213 1326 3261 autem
1358 3211 1419 3259 ut
1457 3204 1773 3271 innumeris,
1817 3214 1871 3259 et
1914 3205 1979 3261 iis
2002 3205 2091 3275 qui

500 3304 608 3353 non
634 3291 750 3362 lege
772 3293 1006 3365 conjugii
1031 3288 1285 3362 noti,'sed
1307 3295 1417 3359 alio
1442 3296 1671 3366 quodam
1697 3295 1861 3353 modo
1879 3294 1951 3352 ab
1977 3311 2091 3357 out-

502 3383 658 3440 nibus
678 3385 1036 3443 condemnato
1061 3398 1114 3444 et
1137 3389 1371 3461 rejecto:
1394 3389 1538 3447 unde
1559 3404 1749 3447 vereor
1769 3404 1837 3446 ne
1858 3390 1927 3446 ab
1948 3400 2093 3451 utro-

416 3476 419 3479 ’
499 3489 606 3545 que
628 3475 747 3532 loco
767 3477 1020 3535 excideris
1040 3479 1093 3535 in
1116 3479 1401 3537 mulierum
1421 3480 1826 3543 inhonestarum
1848 3480 2092 3539 ordinem

454 3596 459 3601 -
503 3560 716 3625 redacta
745 3566 996 3622 videaris.
1041 3568 1250 3624 Etenim
1281 3569 1349 3625 ab
1373 3570 1731 3641 appellatione
1757 3571 1871 3641 ipsa
1901 3572 1946 3628 si
1973 3570 2094 3643 quis

501 3671 614 3717 rem
635 3657 927 3729 dijudicare
948 3661 1093 3728 velit,
1125 3661 1227 3732 ipsi
1256 3663 1625 3721 contradicere
1651 3662 1781 3720 nihil
1803 3650 2091 3735 possimus.

501 3748 634 3811 Nam
656 3751 701 3806 si
731 3752 945 3821 quando
966 3754 1019 3809 in
1048 3754 1222 3810 forum
1244 3770 1305 3811 se
1329 3756 1629 3825 conferant,
1650 3755 1738 3813 vel
1758 3756 1894 3815 alias
1913 3773 2095 3814 sermo

501 3839 648 3897 domi
675 3841 743 3898 de
768 3842 901 3913 ipsis
929 3844 1001 3899 sit
1027 3844 1189 3915 apud.
1209 3860 1328 3913 eos,
1354 3843 1445 3917 qui
1470 3846 1744 3918 disputant
1769 3847 1838 3903 de
1862 3848 2091 3904 absurda

500 3932 810 4002 hujusmodi
855 3936 1236 4005 copulatione,
1282 3938 1585 4007 significare
1631 3938 1874 3995 volentes
1922 3939 2087 4007 illam,

502 4022 664 4095 hujus
687 4032 901 4093 vocant,
935 4041 1041 4080 non
1074 4037 1325 4096 matrem,
1373 4043 1552 4100 neque
1576 4030 1720 4085 enim
1748 4030 1896 4086 illum
1925 4046 2090 4102 pepe-

500 4116 610 4183 rit;
644 4131 818 4188 neque
844 4132 1110 4185 sororem,
1144 4134 1251 4175 non
1279 4120 1420 4175 enim
1447 4135 1517 4178 ex
1554 4121 1745 4178 eodem
1773 4130 1926 4178 utero
1968 4138 2093 4193 pro-

498 4218 660 4288 gnata
685 4216 804 4277 est;
856 4226 1033 4282 neque
1059 4212 1365 4284 conjugem,
1406 4228 1516 4270 non
1541 4215 1686 4270 enim
1715 4215 1832 4287 lege
1859 4217 2094 4290 eonjugii

499 4299 843 4375 cohabitant;
874 4317 1048 4374 neque
1076 4302 1182 4358 alio
1208 4305 1461 4376 quopiam
1487 4308 1821 4377 cognationis
1851 4311 2089 4381 nomine,

500 4389 645 4460 quod
679 4404 999 4467 concessum
1039 4392 1123 4447 vel
1151 4393 1271 4465 lege
1311 4395 1633 4464 permissum
1679 4396 1768 4461 sit,
1816 4398 1915 4454 sed
1952 4401 2092 4471 turpi

501 4481 731 4553 quodam
775 4498 839 4539 ac
879 4483 1125 4541 ridiculo.
1171 4484 1290 4540 Non
1316 4485 1460 4543 enim
1488 4501 1589 4557 ego
1614 4487 1830 4557 quidem
1880 4491 2093 4548 tulerim

503 4573 678 4646 ipsum
705 4575 1025 4632 nominare:
1054 4577 1134 4632 sic
1168 4590 1386 4633 exosatn
1413 4577 1587 4635 habeo
1614 4590 1673 4637 et
1696 4596 1920 4639 aversor
1954 4583 2095 4642 hanc

501 4665 936 4737 appellationem,
983 4676 1039 4722 et
1079 4668 1361 4723 molestum
1411 4668 1540 4724 mihi
1569 4679 1654 4727 est
1691 4672 1853 4729 etiam
1896 4689 2093 4734 nomen

503 4757 865 4833 contubernii.
898 4757 1004 4821 Sed
1044 4772 1151 4816 non
1177 4760 1461 4832 peperisti,
1491 4776 1593 4818 nec
1635 4762 1871 4820 tolerastt
1914 4776 2097 4837 partus

505 4848 742 4905 dolores.
795 4849 861 4905 Et
886 4850 1015 4922 quid
1046 4850 1146 4913 hac
1171 4849 1483 4908 defensione
1513 4850 1752 4911 fmdius?
1796 4857 1923 4927 quid
1968 4859 2093 4916 item

504 4942 755 4999 miserius
791 4958 952 5015 quam
980 4944 1124 5015 quod
1168 4945 1237 5009 ab
1280 4946 1345 5002 iis
1387 4945 1498 5001 vult
1526 4961 1789 5022 apparere
1816 4949 1987 5022 virgo,
2026 4951 2094 5006 ad

502 5051 622 5105 qua:
668 5045 722 5093 ct
771 5038 954 5093 multae
997 5048 1052 5093 et
1095 5036 1465 5099 foruicatrices
1508 5042 1763 5098 mulieres
1805 5042 2095 5114 confugere

503 5130 768 5197 possunt?
797 5128 903 5186 Sed
940 5130 1065 5197 illae,
1114 5130 1305 5202 inquit,
1354 5134 1570 5192 aliunde
1612 5142 1909 5205 arguuntur
1951 5134 2095 5206 quod

505 5223 711 5280 libiditti
747 5234 957 5280 vacent.
990 5223 1146 5289 Unde
1172 5226 1387 5282 aliunde
1416 5227 1503 5286 die
1530 5228 1699 5283 mihi?
1740 5230 1784 5282 A
1813 5228 2031 5294 vestitu,
2062 5243 2093 5282 a

503 5318 639 5381 visu,
686 5333 719 5373 a
766 5333 975 5389 gressu,
1027 5319 1095 5374 ab
1138 5319 1470 5379 amatoribus
1503 5335 1639 5389 quos
1664 5319 1902 5390 capiunt.
1948 5320 2096 5376 Bene

502 5412 717 5479 quidem
744 5412 897 5468 nobis
922 5411 1211 5483 depinxisti
1236 5413 1400 5469 scorti
1421 5412 1830 5480 characterem;
1859 5411 1953 5471 sed
1974 5412 2097 5479 vide

506 5517 574 5555 ne
621 5503 705 5560 his
756 5504 1081 5573 coniecturis
1125 5513 1182 5560 et
1225 5504 1576 5576 argumentis,
1621 5513 1909 5574 antequam
1954 5504 2089 5570 illas,

506 5593 731 5663 teipsam
760 5596 962 5665 capias.
990 5597 1195 5652 Etenim
1226 5608 1281 5651 et
1303 5605 1356 5650 tu
1387 5595 1482 5652 tibi
1510 5596 1608 5665 ipsi
1636 5596 1771 5657 tales
1798 5610 1943 5664 smpe
1969 5611 2097 5665 pne-

506 5700 664 5752 paras
689 5696 979 5751 amatores,
1008 5697 1167 5757 atque
1196 5701 1289 5757 per
1313 5686 1500 5742 cadent
1528 5687 1683 5741 retia.
1712 5684 1870 5755 Quod
1903 5686 1950 5739 si
1991 5702 2094 5739 non

508 5791 667 5831 viteas
695 5777 746 5829 in
764 5776 1090 5832 domicilium
1115 5786 1520 5848 prmtercuntcs,
1540 5786 1597 5833 et
1622 5776 1787 5832 habes
1808 5775 1943 5829 intra
1968 5790 2097 5831 con-

510 5869 688 5929 clusas
719 5882 952 5936 semper,
982 5867 1125 5937 quod
1151 5870 1316 5923 multo
1354 5868 1588 5940 gravius,
1619 5868 1688 5924 ob
1716 5866 1847 5923 nihil
1875 5866 2087 5939 quidem

1201 405 1259 461 ε.
1298 404 1578 463 JOANNIS
1615 402 2091 459 CliRYSOS'l‘OMl
2131 401 2447 460 ARCHIEP.
2489 403 3024 468 CONSTANTINOP.
3662 416 3757 477 630

2200 516 2363 585 aliud,
2395 535 2555 592 quam
2595 531 2652 575 ut
2679 520 2965 578 absurdam
2991 524 3322 595 voluptatem
3354 525 3592 598 iuipleas,
3619 540 3672 588 et
3693 532 3752 588 ξιτ

2198 609 2299 664 lius
2325 618 2381 666 et
2405 621 2571 679 tuam,
2602 628 2709 667 non
2735 628 3082 685 congressum
3113 616 3349 688 inquam.
3377 617 3481 677 Sed
3505 620 3625 690 quid
3644 622 3756 678 inde

2179 701 2353 769 .lucri,
2397 703 2833 774 quandoquidem
2862 710 3059 765 mutuis
3082 709 3390 780 aspectibus
3417 712 3555 768 istud
3596 714 3755 784 ipsum

2194 794 2489 865 contingit?
2515 796 2730 867 Alioqui
2761 798 2805 854 si
2836 797 2941 855 hoc
2967 814 3074 856 non
3114 808 3216 868 est,
3249 816 3425 872 neque
3462 802 3757 865 adulterium

2194 884 2336 942 istud
2366 887 2720 957 committitis,
2767 904 2934 960 quare
2970 890 3145 959 ipsum
3188 890 3357 947 habes
3393 891 3572 949 domi?
3615 911 3759 964 quant

2194 992 2414 1035 causam
2460 978 2661 1050 justam
2708 992 2765 1037 et
2792 982 3165 1040 rationabilem
3210 984 3367 1040 nobis
3396 984 3577 1043 dices?
3602 987 3759 1057 Nupta

2193 1071 2339 1129 enim
2379 1073 2593 1143 nuptias
2636 1072 2812 1143 dicet,
2862 1084 3100 1132 scortum
3140 1076 3453 1146 libidinem;
3497 1089 3552 1136 tu
3598 1091 3760 1137 autem

2195 1164 2345 1236 virgo
2388 1165 2603 1236 qualem
2648 1167 2808 1226 nobis
2846 1183 3062 1231 causam
3107 1170 3356 1228 narrabis
3396 1171 3609 1243 dinam
3654 1191 3762 1245 qua:

2196 1257 2502 1327 proferatur
2521 1267 2578 1314 et
2593 1257 2838 1329 justam?

2266 1353 2321 1409 4.
2364 1355 2433 1408 At
2459 1368 2558 1410 cur
2575 1355 2790 1411 curiose
2818 1354 3044 1427 inquiris
3064 1398 3080 1425 ,
3106 1357 3313 1426 inquit,
3344 1374 3465 1415 cum
3497 1375 3599 1415 non
3620 1361 3764 1417 simul

2194 1446 2502 1513 dormiant,
2553 1462 2728 1519 neque
2776 1448 3055 1506 nobiscum
3099 1451 3533 1521 congrediantur,
3583 1462 3639 1508 ut
3672 1454 3764 1509 illis

2196 1537 2514 1597 mulieribus
2568 1539 2679 1597 illi?
2709 1538 2819 1595 bno
2848 1539 2953 1596 hoc
2992 1542 3327 1611 potissimum
3357 1543 3592 1613 plerique
3635 1542 3767 1600 affir-

2199 1641 2366 1687 mant.
2401 1631 2599 1689 Verum
2652 1633 2782 1702 quid
2820 1632 2962 1690 hoc?
3016 1633 3221 1703 inquit:
3272 1644 3462 1693 contra
3504 1651 3655 1693 suum
3699 1637 3768 1702 illi

2197 1733 2377 1795 caput.
2403 1726 2484 1779 An
2511 1739 2641 1781 vero
2670 1735 2858 1782 contra
2907 1739 3063 1783 suum
3113 1734 3320 1782 tantum
3364 1736 3525 1798 caput
3573 1728 3769 1805 dicant,

2196 1825 2380 1885 postea
2403 1816 2755 1887 inquirentus.
2786 1817 2854 1873 Et
2875 1817 2986 1888 jam
3019 1818 3237 1888 quidem
3262 1818 3546 1876 manifeste
3563 1820 3770 1876 demon-

2197 1914 2423 1963 stratum
2469 1916 2587 1986 est,
2641 1923 2765 1966 cum
2812 1909 2881 1967 de
2927 1911 3057 1968 vlt-is
3093 1910 3393 1968 diceremus
3414 1953 3431 1979 ,
3479 1912 3621 1983 quod
3673 1927 3771 1976 non

2198 1998 2374 2055 solum
2400 2000 2491 2071 qui
2535 2000 2896 2068 maledicunt,
2924 2001 3020 2058 sed
3039 2011 3095 2060 et
3109 2004 3201 2073 qui
3223 2004 3536 2060 occasiones
3587 2015 3774 2060 temere

2199 2092 2442 2162 prtebent
2485 2091 2538 2147 in
2590 2107 2750 2149 causa
2794 2108 2916 2163 qua:
2968 2094 3158 2165 agitur,
3206 2096 3283 2150 rei
3327 2104 3452 2151 sunt
3499 2097 3769 2166 supplicii:

2200 2192 2567 2239 verumtamen
2608 2183 2710 2257 hoc
2734 2184 2908 2256 ipsum
2938 2185 3114 2243 denuo
3138 2186 3645 2243 demonstrabimus.
3667 2188 3777 2245 lant

2197 2286 2375 2331 autem
2403 2275 2447 2332 si
2470 2283 2522 2331 te
2551 2291 2810 2347 rogavero
2828 2290 3042 2334 causam
3069 2276 3228 2349 hujus
3256 2279 3627 2344 contubernii,
3658 2295 3773 2333 nam

2198 2365 2431 2435 aliquam
2454 2364 2638 2422 dicere
2669 2366 2858 2436 potes?
2884 2366 3098 2425 lnilrma
3123 2383 3240 2425 sum
3262 2408 3279 2434 ,
3325 2368 3537 2438 inquit,
3577 2369 3774 2434 mulier,

2199 2471 2372 2526 neque
2396 2457 2509 2512 sola
2529 2457 2682 2513 valeo
2706 2472 2828 2514 meo
2876 2458 2995 2514 usui
3020 2457 3285 2515 sufficere.
3333 2459 3622 2516 Enimvero
3664 2475 3780 2529 cum,

2199 2550 2317 2605 hac
2338 2548 2793 2606 cohabitatoribus
2820 2551 3013 2607 vestris
3034 2551 3314 2622 objicimus
3331 2593 3348 2619 ,
3377 2553 3444 2608 ab
3464 2552 3546 2608 eis
3572 2561 3776 2608 contra-

2199 2642 2275 2696 ria
2306 2641 2554 2698 audimus
2577 2682 2595 2710 ,
2621 2658 2815 2713 nempe
2832 2643 2977 2714 quod
3005 2652 3225 2715 propter
3245 2658 3399 2700 suum
3432 2644 3779 2701 ministerium.

2201 2747 2297 2788 vos
2325 2742 2559 2789 teneant.
2582 2735 2860 2802 Quomodo
2880 2735 3039 2806 igitur
3065 2751 3186 2807 qua:
3230 2751 3296 2792 ex
3319 2735 3614 2793 abundanti
3661 2737 3779 2792 viris

2198 2826 2361 2880 etiam
2385 2825 2578 2881 solatio
2605 2840 2727 2883 esse
2765 2828 3023 2897 potestis,
3052 2827 3203 2889 vobis
3254 2828 3569 2884 mulieribus
3614 2828 3777 2884 subsi-

2199 2914 2290 2971 dio
2326 2930 2448 2972 esse
2488 2930 2597 2971 non
2621 2917 2875 2987 potestis,
2896 2918 2994 2973 sed
3022 2918 3140 2973 aliis
3166 2917 3451 2989 indigetis?
3471 2918 3607 2974 Nam
3653 2920 3782 2976 sicut

2201 3008 2282 3063 vir
2301 3007 2415 3062 viro
2434 3049 2450 3076 ,
2470 3007 2543 3063 ita
2571 3008 2761 3064 mulier
2783 3009 2995 3066 mulieri
3018 3010 3355 3068 commodius
3382 3018 3437 3067 et
3462 3012 3663 3068 rectius
3688 3010 3781 3065 uti-

2199 3113 2305 3171 que
2320 3098 2641 3155 cohabitarit
2659 3118 2675 3155 :
2694 3101 2907 3171 quando
2924 3110 3104 3158 autem
3121 3110 3177 3157 et
3199 3102 3324 3158 viris
3341 3101 3410 3158 ad
3435 3103 3783 3159 ministerium

2200 3191 2595 3247 commodiores
2630 3193 2761 3248 estis
2784 3195 2952 3249 multo
2982 3196 3152 3264 magis
3179 3194 3330 3250 vobis
3372 3195 3526 3265 ipsis.
3559 3196 3637 3250 Ad
3663 3194 3781 3264 quid

2199 3283 2342 3338 enim
2362 3325 2377 3351 ,
2409 3297 2592 3354 quaeso
2610 3324 2628 3352 ,
2658 3286 2959 3342 necessaria
3005 3296 3061 3342 et
3089 3286 3235 3341 utilis
3257 3287 3358 3341 viri
3405 3288 3673 3345 societas?
3697 3297 3782 3344 aut

2199 3378 2358 3448 quale
2406 3377 2496 3433 ille
2524 3379 2737 3434 mulieri
2766 3379 3036 3435 exhibebit
3063 3379 3418 3436 ministerium
3440 3423 3457 3448 ,
3485 3381 3631 3452 quod
3681 3395 3783 3445 non

2199 3469 2366 3541 possit
2386 3469 2595 3525 mulieri
2614 3470 2838 3527 mulier?
2854 3487 2979 3527 num
3007 3471 3164 3528 telam
3188 3481 3361 3528 tecum
3386 3483 3570 3530 texere
3585 3474 3665 3530 vel
3685 3482 3783 3529 tra-

2201 3574 2343 3615 mam
2365 3575 2492 3618 nere
2506 3577 2626 3617 cum
2647 3564 2878 3620 stamine
2894 3564 2982 3620 ille
3000 3564 3169 3636 magis
3188 3565 3382 3636 poterit
3398 3582 3558 3637 quam
3578 3567 3783 3623 mulier?

2199 3666 2268 3706 an
2297 3666 2402 3707 non
2428 3661 2615 3708 contra
2638 3668 2700 3709 se
2724 3669 2812 3711 res
2840 3654 3039 3711 habet?
3063 3654 3159 3711 llle
3184 3657 3328 3712 enim
3354 3659 3569 3713 etiamsi
3596 3658 3778 3723 vellet,

2200 3760 2311 3801 non
2339 3747 2521 3818 utique
2548 3748 2743 3814 sciret,
2773 3748 2874 3803 nisi
2899 3747 3036 3805 forte
3065 3748 3277 3805 nuncid
3300 3749 3446 3820 ipsos
3464 3750 3783 3808 docueritis:

2200 3838 2396 3910 quippe
2424 3839 2664 3893 mulieris
2705 3839 2875 3895 solius
2923 3838 3027 3896 hoc
3059 3855 3196 3911 opus
3216 3849 3318 3897 est.
3340 3841 3446 3899 Sed
3474 3854 3678 3899 vestem
3707 3842 3780 3897 la-

2201 3946 2358 3999 vare,
2391 3932 2566 4003 ignem
2595 3932 2889 3989 accendere
2908 3973 2928 4000 ,
2956 3942 3013 3990 et
3032 3934 3193 3990 ollam
3211 3932 3584 3990 fervefacere?
3612 3934 3778 3990 Etiam

2200 4022 2319 4078 haec
2344 4037 2451 4078 non
2491 4022 2667 4077 minus
2685 4063 2703 4091 ,
2730 4022 2827 4079 sed
2859 4024 3048 4080 melius
3077 4040 3235 4096 quam
3256 4025 3338 4081 vir
3362 4025 3558 4082 mulier
3575 4025 3786 4082 efficere

2201 4121 2396 4185 potest.
2444 4113 2727 4183 Quomodo
2773 4115 2932 4186 igitur
2974 4115 3120 4170 utilis
3163 4117 3267 4182 vir,
3312 4114 3402 4171 dic
3447 4119 3675 4187 qumso?
3717 4131 3787 4184 an

2200 4205 2414 4279 quando
2446 4206 2681 4265 vendere
2719 4215 2811 4262 aut
2838 4222 3020 4265 emere
3049 4209 3298 4280 oportet?
3326 4208 3434 4271 Sed
3484 4225 3660 4281 neque
3704 4208 3789 4262 hic

2200 4297 2391 4353 mulier
2431 4297 2573 4354 valet
2618 4298 2795 4353 minus
2843 4314 3002 4370 quam
3049 4300 3153 4368 vir,
3201 4308 3255 4356 et
3301 4301 3587 4356 testabitur
3610 4302 3787 4370 utique

2200 4389 2375 4447 forum
2392 4433 2409 4460 ,
2438 4399 2491 4446 et
2508 4405 2696 4446 omnes
2723 4398 2988 4464 quotquot
3023 4396 3339 4448 vestimenta
3365 4408 3547 4450 emere
3573 4394 3783 4459 volunt,

2201 4497 2231 4536 a
2255 4482 2566 4539 mulieribus
2595 4483 2909 4555 plerumque
2934 4494 3135 4543 emunt.
3153 4484 3305 4552 Quod
3327 4485 3371 4540 si
3396 4494 3551 4556 turpe
3574 4484 3787 4555 virgini-

2202 4574 2302 4630 bus
2331 4576 2382 4630 in
2413 4574 2529 4631 foro
2551 4585 2695 4631 stare
2726 4575 2778 4631 iu
2808 4576 3146 4632 commerciis
3166 4616 3182 4643 ,
3214 4577 3352 4633 sicut
3391 4586 3447 4633 et
3487 4588 3642 4646 turpe
3669 4584 3784 4638 est,

2200 4676 2399 4738 quanto
2428 4666 2597 4739 magis
2633 4667 2941 4723 cohabitare
2984 4668 3102 4723 viro
3133 4667 3379 4739 turpius?
3414 4668 3785 4725 Verumtamen

2188 4766 2256 4835 et
2280 4757 2381 4813 hoc
2406 4758 2582 4813 minus
2607 4773 2765 4828 quam
2798 4759 2925 4815 illud
2940 4758 3177 4830 effugere
3199 4769 3395 4831 potest.
3421 4758 3556 4817 Nam
3575 4759 3692 4815 hate
3711 4758 3789 4814 vel

2202 4849 2394 4920 puellae
2418 4864 2538 4921 quae
2562 4850 2848 4919 ministrat,
2868 4850 2953 4905 vel
2982 4851 3175 4907 vetulis
3198 4866 3321 4921 qua:
3345 4851 3412 4906 ad
3438 4851 3556 4906 haec
3582 4851 3786 4906 idonea:

2201 4947 2344 5006 sunt,
2368 4939 2561 4994 rectius
2577 4940 2954 4996 commiserim:
2973 4942 3111 4997 unde
3131 4942 3302 5012 palam
3321 4951 3406 4998 est
3418 4941 3534 4998 hinc
3558 4952 3789 5012 praetex-

2201 5038 2287 5085 tus
2307 5039 2360 5085 et
2379 5029 2569 5101 effugia
2588 5044 2707 5086 esse
2733 5044 2798 5087 ac
2827 5040 3128 5102 tegumenta
3156 5032 3498 5090 infirmitatis.
3516 5033 3698 5101 Qualis
3715 5032 3790 5085 in-

2201 5118 2470 5177 firmitatis
2506 5122 2847 5178 velamenta?
2878 5122 3067 5193 inquit.
3094 5122 3226 5179 Nam
3270 5124 3318 5179 si
3359 5124 3789 5192 concupiscerent

2201 5213 2375 5268 virum
2407 5223 2463 5270 et
2487 5215 2695 5285 nuptias
2744 5222 2799 5270 et
2842 5215 2893 5269 id
2928 5230 3097 5287 genus
3123 5214 3243 5270 vita:
3266 5256 3280 5280 ,
3302 5215 3423 5285 quis
3449 5212 3791 5287 prohiberet?

2201 5322 2378 5362 annon
2423 5306 2636 5363 adesset
2686 5306 2906 5364 libertas
2948 5315 3005 5362 ut
3047 5307 3149 5362 hoc
3175 5306 3574 5375 facerem,quo
3622 5317 3791 5374 neque

2204 5400 2565 5458 offenderetur
2607 5400 2780 5466 Deus,
2810 5413 2986 5469 neque
3024 5398 3140 5468 ipsa
3166 5401 3237 5461 ab
3256 5398 3563 5459 hominibus
3607 5397 3790 5453 redar-

2203 5495 2433 5567 guerer?
2460 5493 2674 5549 Etenim
2723 5500 2779 5548 et
2816 5508 2916 5564 ego
2964 5492 3066 5548 hoc
3109 5492 3261 5556 dico,
3307 5501 3362 5548 et
3400 5506 3503 5547 non
3554 5498 3664 5545 tam
3707 5498 3794 5556 tua

2204 5601 2365 5657 quam
2418 5600 2537 5640 mea
2585 5595 2713 5639 sunt
2756 5583 2938 5639 verba.
2964 5584 3034 5638 At
3075 5597 3297 5641 necesse
3322 5583 3535 5644 dicere,
3566 5580 3656 5636 ubi
3699 5579 3791 5639 tibi

2207 5680 2303 5733 viri
2333 5693 2462 5733 usus
2494 5686 2770 5747 tant0pere
2808 5676 3176 5740 necessarius;
3204 5675 3289 5730 vel
3327 5691 3449 5730 cum
3493 5682 3795 5728 monstrare

2206 5787 2310 5826 non
2356 5770 2529 5841 possis
2549 5812 2565 5835 ,
2592 5769 2835 5838 ejiciatur
2861 5768 2905 5822 is
2938 5767 3028 5837 qui
3060 5766 3199 5822 male
3240 5765 3535 5820 cohabitat:
3566 5778 3689 5817 nam
3727 5761 3791 5811 ah

2210 5863 2307 5919 hac
2338 5861 2654 5920 contumelia
2693 5860 2896 5916 absolvi
2932 5859 3086 5915 aliter
3114 5874 3217 5914 tton
3262 5866 3430 5929 potes.
3470 5855 3595 5911 ΙΙςερ
3649 5853 3794 5917 enini
