4138 6420
481 394 584 448 819

479 507 706 579 κοῦμεν,
729 503 1088 562 ἀλλάκείσθω
1109 503 1248 565 τέως
1271 501 1404 555 αὐτὸ
1433 499 1654 554 πάντων
1680 496 1888 552 τούτων
1911 499 2076 569 ὑπερ-

479 589 770 662 ινηνέχθαι
801 586 912 642 τῶν
943 585 1204 649 δικτύων,
1247 585 1343 638 καὶ
1389 581 1477 654 εἴη
1514 580 1780 636 πάντοθεν
1811 580 2076 652 1:000900,

483 676 577 728 καὶ
607 673 792 742 πάσης
820 668 1218 741 ἠλευθερώσθω
1249 665 1476 738 βλάϐης,
1507 664 1603 718 καὶ
1635 663 1845 734 μενέτω
1873 662 2076 716 ποιηθέ-

483 775 573 822 vo;
587 759 620 827 ἡ
648 753 938 827 παρθένος·
959 754 1011 808 τί
1029 751 1188 806 τοῦτο
1208 751 1346 824 πρὸς
1367 749 1436 804 τὰ
1451 749 1720 820 εἰρημένα
1741 747 1869 821 παρ’
1889 749 2074 818 ἡμῶνς

484 845 594 897 K01
624 845 734 914 γὰρ
759 840 822 894 τὸ
848 837 1154 893 δεινότατον
1185 835 1344 889 τοῦτὸ
1369 837 1510 898 ἐστι,
1543 833 1637 888 καὶ
1665 831 1874 904 μυρίων
1907 831 2081 899 γέρον

481 925 762 998 δακρύων,
799 924 883 978 ὅτι
919 921 1176 978 τοσοῦτον
1221 918 1487 990 ὑπέμεινε
1537 917 1691 971 πόνον
1720 914 1986 970 πάντοθεν
2018 914 2079 967 :0

487 1009 648 1081 σῶμα
693 1007 1032 1078 διατηροῦσα
1082 1003 1365 1076 ἀκριϐῶς,
1416 1001 1512 1056 καὶ
1549 999 1730 1055 πάντα
1775 1001 1867 1054 τὸν
1917 999 2079 1052 πόνον

485 1091 806 1160 ἐξεκένωσε,
828 1092 922 1144 καὶ
945 1089 1038 1144 τὸν
1072 1087 1272 1159 μόχθον
1295 1085 1477 1156 ἐξέχεε
1498 1083 1587 1138 διά
1607 1083 1710 1153 τῆς
1735 1083 1816 1146 εἰς
1846 1081 2080 1155 Χριστὸν

487 1177 856 1248 βλασφημίας,
901 1175 999 1230 1:01
1035 1173 1136 1245 τῆς
1183 1171 1389 1244 σαρκὸς
1431 1167 1738 1240 φεισαμένη
1783 1167 1885 1238 τῆς
1922 1165 2079 1238 δόξης

485 1261 588 1314 061:
637 1259 896 1330 ἐφείσατο
939 1255 1037 1310 τοῦ
1081 1253 1240 1319 θεοῦ,
1293 1252 1431 1308 ἀλλά
1474 1253 1624 1316 ὅπως
1669 1251 1769 1324 μὲν
1803 1249 2081 1320 ἀνέπαφον

483 1345 625 1416 αὐτῇ
653 1343 814 1416 μείνῃ
843 1341 905 1413 :0
941 1339 1122 1410 σῶμα,
1155 1339 1336 1396 πάντα
1369 1337 1650 1408 ἐποίησεν,
1679 1336 1828 1400 ὅπως
1855 1334 1911 1388 δὲ
1937 1336 2078 1388 ἐκεῖ·

485 1445 576 1492 νος
599 1427 676 1499 μὴ
703 1425 978 1498 ὑϐρίζοιτο
1021 1423 1156 1494 μηδὲ
1184 1420 1610 1492 καταισχύνοιτο
1633 1419 1787 1492 παρά
1811 1423 1922 1484 τοῖς
1949 1419 2078 1474 πολ-

486 1511 620 1574 λοῖς,
657 1509 782 1563 οὐδὲ
820 1507 977 1576 λόγον
1005 1505 1131 1577 ἔσχε
1171 1505 1313 1560 τινά.
1353 1503 1478 1558 Εἴθε
1523 1505 1620 1575 μὲν
1662 1500 1757 1556 οὖν
1795 1502 1870 1575 μὴ
1905 1503 2082 1558 πάντα

486 1595 725 1666 ἔπραττε
757 1591 853 1646 1:01
885 1589 1232 1661 ἐπετήδευεν,
1269 1589 1328 1654 ἐξ
1361 1581 1436 1642 ὧν
1461 1589 1496 1658 ή
1528 1587 1622 1640 τοῦ
1642 1587 1777 1642 Θεοῦ
1800 1586 2081 1641 διαϐάλλε-

483 1691 626 1732 ταιει
657 1676 816 1743 δόξαί
861 1674 972 1729 Καὶ
1019 1674 1136 1736 πῶς
1177 1672 1338 1726 τοῦτο
1387 1671 1557 1736 ποιῶ;
1603 1671 1788 1740 φησίν.
1847 1672 2083 1743 Ἀνδρας

487 1761 856 1820 ἀποκλείουσα
897 1757 1034 1828 μετά
1083 1757 1286 1826 σαυτῆς
1335 1755 1426 1808 ἐπὶ
1459 1755 1562 1826 τῆς
1603 1757 1800 1818 οἰκίας,
1845 1755 1938 1808 καὶ
1966 1757 2083 1810 δια-

488 1843 689 1907 παντός
723 1860 807 1896 σοι
837 1838 1311 1912 παρακαθίζουσα.
1347 1839 1410 1892 El
1433 1837 1544 1910 γὰρ
1569 1837 1771 1910 ἄνδρας
1795 1838 2082 1910 ἐπιθυμεῖς

489 1928 642 2002 I254]
663 1927 810 1997 ἔχειν
833 1923 1240 1987 συνοικοῦντας,
1267 1923 1368 1976 οὐκ
1389 1921 1497 1976 ἔδει
1524 1921 1824 1993 παρθενίαν
1845 1921 2080 1984 ἑλέσθαι,

487 2011 606 2074 ἀλλ’
631 2012 726 2065 ἐπὶ
754 2009 844 2063 τὸν
867 2009 1045 2078 γάμον
1077 2005 1272 2060 ἐλθεῖνο
1298 2005 1480 2076 πολλῷ
1511 2005 1620 2078 γὰρ
1649 2005 1858 2085 βέλτιον
1881 2007 2083 2077 γαμεῖν

487 2095 738 2156 ἐκείνως,
779 2093 813 2164 ἢ
841 2089 1202 2164 παρθενεύειν
1228 2087 1424 2153 οὔτως.

561 2177 666 2230 Τὸν
695 2177 792 2247 μὲι
815 2174 925 2248 γὰρ
950 2173 1193 2228 τοιοῦτον
1222 2172 1400 2244 γάμον
1427 2170 1550 2226 οὔτε
1580 2173 1610 2224 ὁ
1631 2170 1764 2234 Θεὸς
1789 2169 2084 2225 καταδικάο

488 2261 594 2327 ζει,
641 2259 768 2313 οὔτε
815 2258 1094 2331 ἄνθρωποι
1124 2256 1492 2311 διαϐάλλουσι·
1527 2254 1708 2326 τίμιον
1739 2255 1848 2326 γάρ
1875 2255 1992 2307 ἐστι
2026 2253 2085 2308 :0

490 2345 747 2414 πρᾶγμα,
778 2341 972 2398 ούδένα
1000 2339 1242 2406 ἀδικοῦν,
1279 2339 1403 2393 οὐδὲ
1435 2339 1695 2410 πλῆττονσ
1723 2341 1758 2410 ἡ
1791 2339 1850 2392 δὲ
1878 2338 2083 2406 παρθε-

491 2430 580 2486 via:
605 2427 746 2498 αῦτη
777 2428 810 2498 ἡ
844 2425 984 2496 μετὰ
1006 2424 1219 2497 ἀνδρῶν
1247 2425 1504 2496 πορνείας
1530 2422 1908 2495 χαλεπώτερον
1933 2421 2085 2494 παρὰ

494 2515 626 2566 πᾶσι
660 2509 1034 2580 διαϐέϐληται”
1068 2509 1162 2562 καὶ
1192 2507 1292 2578 τὴν
1321 2506 1530 2562 οἰκείαν
1560 2506 1877 2560 ἀπολέσασα
1907 2505 2081 2570 τάξιν,

490 2596 644 2650 κάτω
670 2611 773 2647 που
803 2593 898 2646 καὶ
928 2592 1060 2663 παρ’
1085 2590 1221 2645 06:0
1253 2591 1352 2660 τῆς
1379 2590 1636 2662 πορνείας
1675 2588 1994 2661 ἐξεκυλίσθη
2022 2591 2086 2643 :0

491 2677 789 2750 βάραθρον.
839 2674 978 2729 υῦτε
1023 2675 1132 2746 γὰρ
1177 2673 1318 2746 μετά
1345 2673 1454 2726 τῶν
1483 2673 1770 2746 παρθένων
1797 2675 2084 2744 ὰνάσχοιτό

489 2779 575 2826 τις
600 2761 665 2815 ἀν
689 2760 994 2832 ἀριθμῆσαι
1015 2758 1114 2828 τὴν
1140 2761 1215 2831 μὴ
1248 2758 1317 2812 τά
1341 2757 1436 2812 τοῦ
1468 2759 1674 2830 Κυρίου
1705 2758 2082 2832 μεριμνῶσαν,

491 2845 630 2900 ἀλλὰ
661 2844 888 2916 μυρίους
931 2841 1310 2915 ἐργαζομένην
1350 2843 1595 2914 μοιχοὺς,
1637 2842 1763 2897 οὔτε
1807 2843 1943 2913 μετά
1973 2843 2086 2897 τῶν

491 2929 918 3000 γεγαμημένων.
959 2927 1174 2999 Ἐκείνη
1207 2927 1306 2998 μὲν
1329 2925 1440 2998 γὰρ
1467 2925 1766 2997 φροντίζει,
1791 2927 1940 2990 ὅπως
1959 2925 2088 2997 ἀρέ-

493 3031 580 3067 σει
602 3013 686 3066 ἐνὶ
716 3011 892 3084 ἀνδρί·
923 3011 989 3065 σὺ
1018 3011 1076 3066 δὲ
1106 3011 1340 3084 μυρίοις,
1365 3011 1461 3064 1:01
1487 3009 1700 3072 τούτοις
1727 3009 1790 3062 06
1812 3011 1962 3080 νόμῳ
1981 3009 2085 3078 γά-

493 3113 599 3168 μου
626 3095 948 3168 γνωρίμοις,
983 3093 1100 3150 ἀλλ’
1135 3095 1309 3166 ἑτέρῳ
1337 3094 1446 3146 τινὶ
1469 3093 1656 3165 τρόπῳ
1673 3092 2087 3164 διαϐεϐλημένῳ

493 3182 593 3244 καὶ
621 3179 1062 3251 κατεγνωσμένῳ
1091 3179 1246 3250 παρὰ
1275 3178 1516 3232 πάντων.
1560 3176 1725 3231 Ὅθεν
1759 3177 1974 3231 δέδοικα
2009 3177 2084 3249 μὴ

499 3265 599 3335 τῆς
621 3262 805 3336 χώρας
833 3263 1104 3335 ἑκατέρας
1137 3261 1466 3334 ἐκϐληθεῖσα
1503 3259 1642 3331 μετά
1673 3259 1784 3313 τῶν
1813 3259 2090 3332 ἠτιμωμέι

493 3365 603 3404 νων
622 3345 900 3418 γυναικῶν
923 3348 1100 3417 φανῇς
1122 3345 1453 3416 ταττομένη.
1481 3345 1591 3398 K01
1609 3345 1722 3416 γὰρ
1741 3343 1836 3398 καὶ
1859 3343 1968 3398 ἀπὸ
1989 3345 2086 3416 τῆς

495 3429 868 3504 προσηγορίας
893 3428 1085 3500 αὐτῆς,
1102 3427 1157 3481 εἴ
1169 3445 1254 3492 τις
1271 3427 1445 3482 ταῦτα
1461 3427 1804 3498 ψηφίσασθαι
1825 3425 2085 3495 βούλοιτο,

495 3513 618 3568 οἷ)δέ
654 3512 890 3568 ἐνταῦθα
927 3512 1088 3566 πάλιν
1121 3512 1399 3566 ἀντειπεῖν
1433 3527 1486 3564 τι
1513 3509 1878 3582 δυνησόμεθα.
1917 3511 2089 3564 Ὅταν

494 3597 606 3670 γὰρ
635 3598 670 3668 ἢ
705 3599 786 3660 είς
817 3594 1025 3667 ἀγορὰν
1055 3593 1389 3668 ἐμϐάλωσιν,
1425 3592 1459 3666 ἢ
1491 3593 1648 3662 λόγος
1677 3611 1762 3657 τις
1789 3593 1932 3647 οἴκοι
1960 3593 2090 3666 περὶ

496 3680 678 3740 αὐτῶν
715 3679 953 3750 γίνηται,
994 3679 1042 3732 οἱ
1073 3677 1448 3748 διαλεγόμενοι
1479 3677 1730 3749 περὶτῆς
1756 3677 1959 3730 ἀτόπου
1996 3693 2088 3730 06-

497 3762 689 3834 ζυγίας
715 3762 942 3834 ταύτης,
964 3761 1203 3833 δηλῶσαι
1229 3756 1671 3832 βουλόμενοι“τὴν
1689 3762 1786 3814 τοῦ
1811 3761 2006 3825 δεῖνος,
2025 3761 2088 3816 06

495 3849 596 3921 τὴν
636 3846 857 3919 μητέρα
897 3844 1178 3912 καλοῦσιν,
1227 3845 1350 3900 οὐδὲ
1387 3846 1496 3920 γὰρ
1532 3846 1698 3901 αὐτὸν
1728 3843 1936 3910 ἔτεκεν,
1967 3845 2090 3899 ούδέ

493 3933 594 4004 τὴν
616 3930 874 4002 ἀδελφὴν,
911 3929 1036 3990 οὐδὲ
1065 3929 1174 4001 γὰρ
1196 3929 1296 3994 τὰς
1317 3929 1489 3994 αὑτὰς
1516 3929 1702 3984 ἔλυσεν
1727 3929 1942 3997 ὠδῖνας,
1967 3928 2090 3983 οὐδὲ

491 4014 593 4085 τὴν
620 4015 896 4084 γαμετήν,
929 4013 1054 4070 οὐδὲ
1075 4013 1187 4083 γὰρ
1213 4013 1365 4082 νόμῳ
1389 4013 1570 4083 γάμου
1605 4009 1944 4084 συνῴκησεν,
1966 4012 2090 4065 οὐδὲ

493 4097 626 4152 ἄλλο
653 4115 705 4149 τι
747 4095 1068 4172 συγγενείας
1105 4095 1279 4166 ὄνομα
1311 4095 1420 4148 τῶν
1456 4095 1968 4166 συγκεχωρημένων
1998 4095 2092 4149 καὶ

495 4179 638 4244 κατά
669 4179 836 4249 νόμον
869 4176 1166 4248 κειμένων,
1201 4176 1338 4230 ἀλλά
1365 4175 1428 4229 :0
1461 4177 1687 4248 αἰσχρὸν
1721 4178 1818 4230 1:01
1855 4177 2090 4246 καταγέ-
2125 4189 2134 4196 ·

493 4262 716 4318 λαστον.
754 4261 893 4318 Ούδέ
935 4259 1044 4332 γὰρ
1081 4260 1153 4323 ἂν.
1185 4259 1363 4330 έγωγε
1395 4259 1699 4330 ἀνεχοίμην
1730 4260 1864 4314 06:0
1893 4261 2086 4314 εἰπεῖν·

495 4347 640 4402 οὕτω
673 4346 820 4420 μισῶ
842 4347 938 4410 καὶ
961 4345 1062 4417 τὴν
1090 4344 1471 4417 προσηγορίαν
1499 4343 1671 4416 αὐτὴν
1697 4345 1792 4398 1:01
1817 4343 2090 4417 ἀποστρέ-

497 4447 694 4502 φομαι,
717 4431 814 4484 καὶ
841 4428 1204 4501 προσίσταταί
1233 4445 1326 4499 μοι
1353 4427 1446 4482 καὶ
1471 4429 1504 4498 ή
1527 4428 1816 4500 ἐπωνυμία
1839 4427 1940 4496 τῆς
1967 4444 2092 4481 συν-

495 4516 782 4586 οικήσεως.
841 4513 980 4568 Ἀλλ’
1015 4513 1118 4568 061:
1159 4512 1368 4578 ἔτεκες,
1411 4511 1532 4566 οὐδὲ
1559 4510 1852 4582 ὠδίνησας.
1895 4511 2007 4568 K01
2035 4512 2090 4566 τί

493 4598 701 4670 ταύτης
733 4598 832 4670 τῆς
881 4597 1182 4668 ἀπολογίας
1227 4596 1609 4668 αίσχρότερον;
1645 4595 1700 4648 τί
1731 4595 1789 4649 δὲ
1827 4595 2092 4652 ἀθλιώτε-

499 4699 614 4754 ρον,
644 4683 774 4736 ὅταν
809 4682 920 4736 ἀπὸ
945 4681 1160 4736 τούτων
1199 4679 1462 4752 βούληται
1500 4679 1794 4750 φαίνεσθαι
1821 4681 2092 4754 παρθένος

494 4757 855 4838 ἡπαρθένος,
902 4767 986 4830 εἰς
1031 4764 1068 4819 ἀ
1123 4764 1220 4818 καί
1270 4763 1380 4818 τῶν
1431 4763 1848 4836 πορνευομένων
1899 4763 2092 4818 πολλαὶ

494 4852 754 4918 γυναῖκες
791 4847 979 4920 ἔχουσι.
1035 4851 1413 4916 καταφυγεῑν;
1455 4847 1597 4900 ’Δλλ’
1647 4849 1855 4902 ἐκεῖναι
1894 4848 2092 4919 ἐτέρω-

495 4933 589 4987 θεν
617 4931 954 5003 ἐλέγχονται,
984 4931 1174 5003 φησὶν,
1211 4929 1656 4998 ἀσελγαίνουσαι.
1693 4931 1864 4986 Πόθεν
1890 4931 2091 5004 ἐτέρω-

495 5017 608 5080 θεν,
637 5016 760 5070 εἰπέ
795 5033 922 5087 μοι;
975 5015 1110 5070 ’Λπὺ
1141 5011 1238 5068 τοῦ
1291 5014 1592 5085 σχήματος,
1641 5013 1752 5067 ἀπὸ
1789 5013 1884 5068 τοῦ
1922 5013 2090 5086 βλέμ-

497 5118 698 5174 ματος,
723 5099 833 5155 ἀπδ
865 5099 962 5154 τοῦ
1011 5099 1368 5172 βαδίσματος,
1399 5095 1510 5152 ἀπὸ
1543 5097 1650 5150 τῶν
1689 5097 1940 5168 ἐραστῶν
1981 5097 2094 5154 τῶν

495 5185 870 5258 ἁλισκομένων
903 5185 1152 5250 ταύταις.
1194 5181 1395 5246 Καλῶς
1442 5181 1542 5252 μὲν
1589 5182 1724 5252 ήμῖν
1766 5181 2092 5253 ὑπέγραψας

491 5267 588 5323 τὴν
627 5269 954 5341 χαρακτῆρα
989 5267 1090 5339 τῆς
1129 5265 1336 5337 πόρνης
1377 5263 1660 5334 γυναικόςο
1697 5263 1814 5318 ἀλλ’
1852 5265 1976 5334 ὅρα,
2015 5265 2091 5338 μὴ

496 5353 702 5423 σαυτήν
734 5351 838 5424 πρὸ
869 5352 1090 5423 ἐκείνης
1110 5349 1244 5424 ἕλῃς
1271 5347 1487 5412 τούτοις
1513 5350 1628 5412 τοῖς
1649 5349 1974 5420 τεκμηρίοις
2000 5349 2094 5403 1:01
2145 5344 2152 5353 ’

492 5439 606 5499 τοῖς
647 5435 914 5506 ἐλέγχοιςο
947 5437 1044 5490 καὶ
1077 5433 1186 5506 γάρ
1219 5433 1282 5486 σὺ
1321 5431 1601 5506 τοιούτους
1643 5433 1816 5502 σαυτῇ
1863 5430 2092 5497 πολλοῦς

495 5517 928 5583 κατασκευάζεις
955 5517 1214 5590 ἐραστάς,
1248 5517 1342 5570 καὶ
1369 5499 1458 5570 διὰ
1485 5513 1596 5568 τῶν
1631 5515 1812 5569 αὐτῶν
1834 5515 2086 5569 δικτύων.

499 5601 560 5665 Εἰ
590 5601 648 5655 δὲ
690 5601 766 5673 μὴ
801 5601 1024 5656 ἵσταται
1065 5602 1161 5655 ἐπὶ
1196 5599 1294 5673 τοῦ
1342 5599 1647 5671 οἰκήματος
1692 5597 1932 5652 καλοῦσα
1964 5599 2092 5662 τοὺς

493 5671 810 5756 παριόντας,
855 5685 970 5739 ἀλλ’
1011 5683 1160 5756 ἔχεις
1203 5671 1354 5738 ἔνδον
1397 5680 1929 5752 συγκεκλεισμένους
1971 5681 2090 5735 δια-

494 5767 695 5833 παντὸς
719 5768 853 5822 πολὺ
879 5765 1258 5840 χαλεπώτερον
1280 5768 1331 5828 ι’,
1357 5766 1426 5820 δι’
1455 5767 1642 5836 ἕτερον
1675 5765 1772 5834 μὲν
1797 5765 1970 5830 οὐδὲν,
2003 5766 2088 5818 ἵνα

556 5887 582 5944 ἒ
611 5887 780 5935 Morel.
806 5887 1126 5944 διαϐάλλεται,
1147 5885 1296 5933 Savil.
1325 5884 1617 5932 διεϐάλλετο.

556 5943 585 5985 δ
612 5948 742 6057 ξλεαρ
769 5958 820 6000 cl
845 5948 1095 6012 dislinguc
1118 5943 1190 5996 εἰς
1324 5947 1592 6000 διαπαντὸς,
1617 5945 1642 5992 ὃ
1663 5946 1784 5994 πολὺ
1809 5947 1894 6009 χαλ
1907 5948 2086 5996 51:03::-

556 6027 590 6057 ν.
631 6023 746 6057 ινιτ.
1661 6054 1666 6057 .

487 6025 590 6073 μον.
617 6023 746 6065 κυεῖ.

1015 387 1206 460 QUOD
1245 384 1666 442 REGULARES
1699 383 1983 440 FEMINrE
2025 385 2087 438 Vl

2187 385 2206 442 5
2243 385 2690 444 CHHABlTARE
2722 387 2862 444 NON
2904 385 3247 446 DEBEANT.

3665 387 3767 446 520

2179 501 2236 553 δὲ
2265 501 2458 574 ἡδονὴν
2491 501 2790 575 πληρώσης
2807 501 3011 558 ἄτοπον
3039 500 3138 572 τὴν
3170 496 3380 555 ἐκείνου
3402 501 3496 554 καὶ
3517 499 3620 572 τὴν
3639 518 3774 557 σαυ-

2177 583 2297 652 τῆς,
2324 585 2386 636 o6
2414 585 2513 654 τὴν
2533 585 2623 638 διὰ
2640 585 2742 655 τῆς
2764 584 2966 657 μίξεως
2997 583 3162 652 λέγω.
3200 583 3359 636 Ἀλλά
3387 583 3438 636 τί
3469 582 3529 636 :0
3553 583 3614 636 κέ
3624 585 3766 653 960;.

2175 666 2308 720 ὅταν
2331 667 2426 721 καὶ
2457 670 2490 738 ἡ
2518 669 2608 722 διὰ
2631 667 2740 722 τῶν
2761 667 3062 739 ὀφθαλμῶν
3091 667 3350 720 συνουσία
3369 665 3431 718 :0
3455 665 3588 718 06:0
3611 665 3770 719 :06:0

2177 749 2518 821 ἐργάζηταις
2553 753 2676 806 ἐπεὶ
2699 754 2749 805 εἰ
2782 753 2857 823 μὴ
2887 751 3045 806 τοῦτό
3078 751 3220 815 ἐστι,
3249 751 3384 821 μηδὲ
3415 751 3623 822 ταύτην
3649 767 3770 820 μοι-

2179 834 2368 904 χεύετε
2398 834 2498 906 τὴν
2531 837 2802 906 μοιχείαν,
2837 835 2984 900 τίνος
3017 835 3205 890 ἕνεκεν
3233 835 3396 888 αὑτὸν
3423 835 3569 906 ἔχεις
3597 833 3769 896 οἴκοι;

2181 917 2340 972 ποίαν
2375 919 2556 974 αἰτίαν
2578 918 2798 974 δικαίαν
2830 919 2926 972 1:01
2953 919 3176 990 εὔλογον
3204 920 3340 990 ἡμῖν
3366 921 3548 989 ὲρεῖς;
3583 918 3647 970 Ἠ
3672 917 3774 988 μὲν

2181 1000 2288 1073 γὰρ
2317 1002 2680 1076 γεγαμημένη
2708 1003 2800 1057 τὸν
2822 1002 3001 1075 γάμον
3029 1005 3147 1073 ἐρεῖ
3173 1015 3220 1068 ε,
3251 1005 3284 1074 ή
3310 1002 3367 1056 δὲ
3397 1002 3773 1074 πορνευομένη

2180 1087 2279 1164 τὴν
2295 1087 2603 1156 ἀσέλγειαν
2629 1089 2697 1142 σὺ
2717 1087 2802 1151 δὲ,
2829 1089 2862 1160 ή
2887 1087 3176 1160 παρθένος,
3197 1087 3356 1140 ποίαν
3371 1087 3502 1158 ἡμῖν
3523 1085 3770 1157 προϐαλῇ

2183 1171 2460 1244 πρόφασιν
2487 1171 2848 1242 εὐπρόσωπον
2879 1173 2974 1226 1:01
3001 1172 3248 1236 δικαίανς

2249 1254 2315 1310 6'.
2360 1255 2426 1308 Τί
2469 1255 2578 1324 γὰρ
2601 1255 2760 1310 τοῦτο
2781 1247 3147 1329 περιεργὰζῃ,
3167 1255 3352 1327 φησὶν,
3371 1255 3498 1308 ὅταν
3536 1255 3612 1326 μή
3643 1273 3742 1324 συγ
3759 1287 3775 1296 -

2183 1337 2505 1403 καθεύδωσι,
2545 1339 2681 1410 μηδέ
2718 1339 3090 1409 συγγένωνται
3127 1340 3264 1410 ἡμῖν
3293 1338 3343 1392 οἰ
3377 1338 3776 1403 συνοικοῦντες.

2184 1422 2437 1495 καθάπερ
2477 1423 2716 1486 ἐκείναις
2757 1424 2987 1488 ἐκεῖνοι;
3031 1421 3290 1477 Μάλιστα
3337 1421 3437 1493 μὲν
3479 1422 3576 1476 καὶ
3620 1423 3777 1478 τοῦτ’,

2185 1507 2370 1562 πολλοὶ
2391 1506 2633 1576 λέγουσι.
2665 1508 2778 1562 Καὶ
2803 1507 2856 1561 τί
2880 1506 3070 1571 τοῦτο;
3098 1505 3256 1578 φησί·
3285 1505 3430 1560 κατά
3451 1506 3550 1576 τῆς
3567 1507 3778 1561 ἑαυτὸν)
3807 1571 3811 1576 λ

2185 1590 2342 1664 [255]
2376 1589 2644 1662 κεφαλῆς.
2691 1590 2758 1644 Εἰ
2801 1589 2902 1662 μὲν
2947 1589 3090 1644 κατά
3137 1589 3238 1660 τῆς
3282 1587 3495 1642 ἐαυτῶν
3535 1589 3778 1658 κεφαλῆς

2187 1674 2372 1751 μόνον,
2404 1673 2631 1746 ὕστερον
2675 1672 2836 1729 τοῦτο
2869 1673 3194 1746 ζητήσομεν.
3235 1671 3345 1726 Καὶ
3385 1672 3486 1744 ἤδη
3526 1672 3626 1742 μὲν
3669 1673 3778 1744 γὰρ

2187 1757 2375 1826 σαφῶς
2400 1757 2802 1820 ἀποδέδεικται,
2831 1757 2998 1830 ἡνίκα
3020 1759 3136 1822 τοῖς
3151 1754 3378 1826 ἀνδράσι
3396 1755 3772 1826 διελεγόμεθα,

2183 1841 2267 1896 ὅτι
2313 1840 2414 1912 οὐχ
2454 1841 2506 1894 οἰ
2546 1839 2734 1906 κακῶς
2766 1840 3017 1910 λέγοντες
3066 1837 3247 1910 μόνον,
3295 1837 3433 1894 ἀλλὰ
3467 1840 3562 1892 1:01
3598 1840 3649 1892 οἱ
3679 1839 3776 1902 τὰς

2183 1924 2366 1988 αἰτίας
2398 1923 2732 1995 παρέχοντες
2757 1924 2908 1995 εἰκῆ,
2946 1925 3046 1993 τῆς
3074 1922 3170 1975 ἐπὶ
3205 1923 3272 1993 τῇ
3311 1921 3620 1993 κατηγορίᾳ
3659 1939 3774 1974 κει-

2189 2007 2356 2077 μένης
2394 2006 2534 2060 εἰσὶν
2575 2005 2869 2061 ὑπεύθυνοι
2911 2005 3202 2077 τιμωρίαςο
3257 2003 3397 2075 πλὴν
3441 2003 3578 2058 ἁλλά
3619 2004 3778 2056 τοῦτο

2188 2091 2288 2162 μὲν
2318 2091 2413 2145 1:01
2435 2086 2594 2148 αὖθις
2613 2089 2972 2161 ἀποδείξομεν
2997 2087 3181 2142 πάλιν·
3208 2088 3346 2152 τέως
3365 2088 3412 2142 δ’
3436 2083 3528 2142 οὖν
3560 2105 3617 2140 σε
3643 2089 3778 2159 ἐρω-

2189 2192 2286 2246 μαι
2323 2173 2424 2246 τῆς
2452 2174 2787 2246 ὁμοσκηνίας
2826 2174 2926 2244 τὴν
2973 2173 3251 2244 πρόφασιν
3293 2171 3519 2244 ταύτης,
3560 2173 3681 2226 τίνα
3710 2171 3778 2226 ἂν

2185 2259 2328 2332 ἔχοις
2355 2261 2549 2313 εἰπεῖν.
2601 2257 2858 2329 Ἀσθενής
2891 2259 3028 2327 εἰμι,
3059 2257 3214 2328 φησὶ,
3253 2256 3348 2310 1:01
3380 2255 3538 2327 γυνὴ,
3565 2255 3662 2310 καὶ
3681 2256 3778 2328 οὐχ

2189 2342 2347 2414 ἱκανὴ
2375 2341 2512 2413 μόνη
2539 2343 2658 2404 ταῖς
2687 2341 2900 2412 χρείαις
2937 2339 3169 2412 ἀρκέσαι
3197 2343 3318 2403 ταῖς
3353 2341 3622 2411 ἐμαυτῆς.
3667 2332 3776 2396 Κάὶ

2190 2426 2328 2498 μὴν,
2350 2426 2440 2479 ὅτε
2469 2427 2582 2489 τοῖς
2618 2423 2962 2479 συνοικοῦσιν
2989 2422 3118 2494 ὑμῖν
3149 2421 3542 2494 ἐνεκαλοῦμεν,
3578 2425 3778 2478 τάναν-

2183 2507 2277 2562 τία
2305 2507 2577 2576 λεγόντων
2607 2506 2902 2578 ἠκούομεν,
2940 2506 3022 2560 ὄτι
3051 2505 3142 2562 διά
3166 2506 3266 2577 τὴν
3294 2507 3475 2562 αὐτῶν
3495 2507 3778 2562 διακονίαν

2187 2592 2332 2662 ὑμᾶς
2364 2591 2678 2662 κατέχουσι.
2712 2589 2839 2654 Πῶς
2865 2584 2958 2644 οῦν
2992 2589 3050 2643 αἱ
3085 2589 3182 2642 καὶ
3225 2589 3352 2653 τοὺς
3397 2589 3598 2661 ἄνδρας
3643 2592 3778 2645 ἀνα-

2187 2677 2396 2730 παῦσαι
2442 2673 2739 2745 δυνάμεναι
2784 2676 2852 2728 ἐκ
2889 2673 3232 2744 περιουσίας,
3269 2674 3495 2738 ἑαυταῖς
3526 2675 3780 2744 γυναιξὶν

2185 2757 2376 2822 οὔσαις
2401 2757 2466 2811 06
2503 2757 2800 2836 δυνήσεσθε
2835 2756 3074 2828 βοηθεῖν,
3099 2756 3217 2812 ἀλλ’
3247 2758 3452 2831 ἐτέρων
3482 2757 3777 2831 δεήσεσθε;

2187 2841 2460 2914 Καθάπερ
2504 2839 2614 2910 γὰρ
2657 2839 2816 2912 ἀνδρὶ
2857 2841 3018 2912 ἀνὴρ,
3066 2839 3212 2898 οὕτω
3257 2841 3353 2896 καὶ
3385 2843 3609 2911 γυναικὶ
3641 2844 3780 2913 γυνὴ

2193 2926 2326 2998 ῥᾷον
2363 2925 2460 2980 1:01
2500 2921 2870 2996 εὐκολώτερον
2912 2925 3288 2997 συνοικήσειεν
3323 2925 3410 2980 ἄν’
3447 2927 3577 2982 ὅταν
3601 2927 3658 2980 δὲ
3689 2929 3782 2981 1:01

2188 3010 2448 3081 ἀνδράσιν
2503 3007 2938 3080 ἐπιτηδειότεραι
2989 3007 3129 3080 πρὸς
3171 3009 3482 3080 ὑπηρεσίαν
3532 3011 3781 3082 γίνησθε,

2189 3091 2372 3162 πολλῷ
2400 3090 2602 3163 μᾶλλον
2635 3091 2764 3160 ύμῖν
2789 3091 3002 3156 αὐταῖς.
3041 3091 3152 3145 Ποῦ
3177 3093 3310 3163 γάρ,
3347 3093 3470 3146 εἰπέ
3507 3111 3617 3164 μοι,
3649 3099 3784 3167 χρή-

2191 3193 2349 3249 σιμος
2375 3177 2470 3231 1:01
2494 3174 2768 3243 ἀναγκαία
2789 3174 2985 3242 γένοιτ’
3011 3173 3077 3228 ἂν
3099 3176 3132 3244 ή
3155 3175 3248 3229 τοῦ
3275 3175 3468 3247 ἀνδρὸς
3487 3179 3780 3246 κοινωνίας

2189 3261 2349 3315 ποίαν
2373 3259 2430 3315 δὲ
2461 3253 2617 3322 06:0;
2647 3258 2776 3328 ὑμῖν
2810 3255 3033 3330 παρέξει
3063 3255 3428 3330 λειτουργίαν,
3460 3261 3528 3331 ἣν
3549 3265 3782 3330 γυναῖκα

2188 3345 2248 3399 06
2269 3341 2496 3398 δυνατὸν
2515 3343 2737 3410 γυναικὶ
2757 3343 3086 3414 παρασχεῖνς
3121 3341 3268 3394 ἰστὸν
3295 3344 3497 3413 ύφᾶναι
3522 3346 3662 3416 μετά
3685 3347 3780 3402 σοῦ

2190 3429 2284 3483 καὶ
2313 3429 2476 3499 νῆσαι
2506 3424 2716 3498 κρόκην
2755 3425 2850 3478 καὶ
2888 3425 3156 3496 στήμονα,
3203 3419 3360 3489 οὗτος
3391 3426 3491 3498 τῆς
3526 3429 3784 3496 γυναικὸς

2189 3511 2480 3583 δυνήσεται
2507 3507 2738 3579 μᾶλλονς
2771 3507 2883 3560 K01
2915 3507 3021 3577 μὴν
3047 3509 3360 3562 τούναντίον
3390 3509 3558 3566 ἐστίν.
3597 3511 3656 3565 '0
3683 3511 3783 3583 μὲν

2191 3596 2320 3668 γάρ,
2360 3593 2468 3648 οὐδ’
2508 3593 2576 3648 ἀν
2616 3592 2797 3664 ἐθέλῃ,
2835 3593 3214 3662 μεταχειρίσαι
3250 3611 3305 3648 τι
3334 3593 3542 3650 τούτων
3578 3596 3688 3649 οὐδ’
3716 3595 3784 3650 ἂν

2189 3679 2420 3745 εἴσεται,
2455 3678 2596 3749 πλὴν
2624 3677 2676 3730 εἰ
2711 3677 2785 3748 μὴ
2819 3675 2915 3730 νῦν
2941 3677 3036 3730 καὶ
3061 3676 3220 3732 τοῦτο
3247 3678 3446 3743 αὐτοὺς
3480 3679 3782 3748 ἐδιδάξατε,

2189 3763 2327 3819 ἀλλά
2352 3763 2453 3833 τῆς
2479 3760 2740 3832 γυναικὸς
2775 3761 2946 3831 μόνης
2981 3761 3045 3814 τὸ
3074 3760 3236 3832 ἔργον
3273 3761 3444 3817 ἐστίν.
3487 3763 3625 3817 Ἀλλ’
3657 3767 3785 3837 ίμά.

2189 3865 2306 3902 τιον
2335 3847 2554 3909 πλῦναι,
2587 3847 2682 3901 1:01
2713 3845 2824 3918 1:69
2857 3844 3188 3912 ἀνακαῦσαι,
3236 3848 3332 3900 καὶ
3363 3847 3571 3920 χύτραν
3599 3849 3782 3920 ἐψεῖν;

2191 3931 2303 3986 K01
2335 3930 2443 4002 μὴν
2469 3929 2644 3986 ταῦτα
2673 3929 2776 3984 ούκ
2797 3929 3042 3995 ἔλαττον,
3069 3929 3207 3985 ἀλλά
3230 3931 3326 3986 1:01
3357 3931 3567 4002 βέλτιον
3592 3933 3786 4007 ἀνδρὸς

2191 4017 2328 4088 γυνὴ
2363 4013 2844 4086 μεταχειρίζεσθαι
2871 4014 3119 4068 δύναται.
3150 4013 3263 4069 Ποῦ
3287 4013 3382 4070 οὖν
3409 4034 3492 4070 σοι
3515 4019 3786 4090 χρήσιμος

2190 4102 2220 4154 ὁ
2239 4097 2402 4169 ἀνὴρ,
2427 4097 2552 4152 εἰπέ
2578 4115 2668 4167 μοι
2688 4113 2704 4162 ;
2725 4097 2854 4152 ὅταν
2875 4097 3174 4152 ἀποδόσθαι
3203 4115 3258 4150 τι
3278 4098 3371 4170 δέῃ
3396 4102 3492 4154 καὶ
3519 4103 3786 4172 πρίασθαι

2192 4182 2446 4244 πάντως;
2488 4178 2631 4232 Ἀλλ’
2654 4179 2775 4232 οὐδὲ
2805 4179 3043 4234 ἐνταῦθα
3068 4178 3293 4257 ἔλαττον
3319 4181 3430 4252 ἔχει
3461 4182 3555 4236 τοῦ
3591 4185 3786 4256 ἀνδρὸς

2190 4267 2226 4336 ὴ
2251 4263 2411 4335 γυνή’
2439 4263 2536 4317 καὶ
2563 4262 2973 4334 μαρτυρήσειεν
3003 4263 3069 4318 ἃν
3093 4265 3126 4334 ὴ
3153 4262 3351 4336 ἀγορὰ,
3383 4265 3477 4318 καὶ
3502 4267 3704 4332 πάντες
3727 4269 3784 4322 δὲ

2189 4349 2304 4403 ὅσοι
2343 4345 2536 4418 ἰμάτια
2575 4344 2835 4400 ὠνεῖσθαι
2877 4345 3181 4414 βούλονται,
3231 4347 3380 4421 παρά
3409 4350 3690 4418 γυναικῶν
3717 4352 3787 4408 τὰ

2193 4433 2366 4488 πλείω
2391 4429 2601 4486 τούτοιν
2630 4430 2954 4503 ὠνούμενοι.
2979 4431 3044 4486 Εἰ
3069 4431 3126 4486 δὲ
3149 4432 3378 4504 αἰσχρὸν
3403 4433 3677 4506 παρθένον
3699 4439 3784 4491 ἐπ’

2191 4518 2398 4588 ἀγορᾶς
2428 4517 2652 4571 ἑστάναι
2678 4515 2774 4572 ἐπὶ
2803 4514 3217 4588 συναλλάγμασι
3261 4517 3548 4584 τοιούτοις,
3596 4519 3787 4597 ὥσπερ

2189 4597 2287 4655 οῦν
2315 4599 2412 4654 1:01
2441 4599 2688 4673 αἰσχρὸν,
2723 4601 2878 4672 πόσῳ
2923 4600 3124 4671 μᾶλλον
3167 4599 3267 4672 μὲν
3293 4601 3354 4654 :0
3388 4606 3659 4659 συνοικεῖν
3686 4607 3784 4660 ἀν-

2189 4684 2384 4757 δράσιν
2418 4684 2810 4756 αίσχρότερον;
2838 4683 2989 4757 Πλὴν
3010 4683 3148 4739 ἀλλά
3173 4685 3270 4739 καὶ
3293 4685 3455 4741 τοῦτο
3478 4688 3540 4742 :0
3563 4689 3786 4744 ἔλαττον

2193 4767 2405 4824 ἐκείνου
2435 4767 2721 4838 διαφυγεῖν
2751 4767 2998 4822 δυνατόν’
3027 4769 3062 4841 ἢ
3093 4767 3206 4842 γὰρ
3237 4769 3374 4844 κόρῃ
3411 4774 3477 4844 τῇ
3507 4772 3786 4828 διακονου-

2195 4851 2355 4923 μένῃ,
2379 4851 2414 4922 ἦ
2445 4851 2712 4922 γραῖδίοις
2737 4853 2853 4916 τοῖς
2881 4853 3018 4924 πρὸς
3040 4852 3215 4907 ταῦτα
3237 4855 3568 4926 ἐπιτηδείοις
3593 4858 3654 4911 :0
3676 4860 3786 4913 πᾶν

2193 4935 2556 5008 ἐπιτρέψαιμι
2585 4936 2674 4992 ἄν’
2705 4935 2830 4990 ὅθεν
2855 4935 3040 5007 δῆλον,
3069 4937 3152 4992 ὅτι
3183 4939 3462 5011 πρόφασις
3485 4941 3660 4995 ταῦτα
3690 4943 3786 4996 1:01

2194 5019 2396 5091 σκῆψίς
2417 5021 2528 5074 τίσι
2546 5021 2640 5074 καὶ
2660 5019 3104 5094 προκαλύμματα
3123 5022 3432 5086 ἀσθενείας.
3461 5023 3626 5090 Ποίας
3649 5042 3784 5098 προ-

2191 5103 2528 5177 καλύμματα
2562 5103 2850 5168 ἀσθενείας
2870 5123 2885 5171 ;
2909 5105 3098 5178 φησίν.
3130 5108 3194 5161 Εἰ
3221 5107 3329 5178 γὰρ
3351 5105 3658 5179 ἐπεθύμουν
3686 5113 3782 5164 ἀν-

2191 5187 2317 5260 δρὸς
2341 5187 2438 5242 καὶ
2460 5187 2643 5259 γάμου
2669 5187 2764 5242 1:01
2784 5189 2884 5260 τῆς
2909 5189 3169 5261 τοιαύτης
3191 5190 3490 5262 διαγωγῆς,
3519 5190 3599 5255 τίς
3625 5195 3654 5247 ὀ
3675 5211 3784 5249 1:01-

2191 5269 2338 5325 λύων
2367 5266 2468 5342 ἦνς
2501 5271 2603 5325 061:
2628 5271 2894 5342 ἐφικτδνά
2929 5275 3068 5344 μετά
3099 5273 3413 5344 παρρησίας
3434 5274 3596 5328 τοῦτο
3619 5277 3783 5348 ἐργά-

2195 5358 2416 5422 σασθαι,
2457 5352 2552 5410 καὶ
2583 5360 2722 5426 μήτε
2753 5357 3130 5430 προσκροῦσαι
3153 5355 3289 5428 Θεῷ.
3329 5359 3464 5428 μήτε
3505 5360 3656 5430 παρά
3690 5362 3784 5416 ἀν-

2194 5438 2430 5511 θρώπων
2460 5442 2889 5512 κατηγορεῖσθαι
2933 5443 3029 5494 καί
3071 5440 3485 5509 διαϐάλλεσθσι;
3526 5445 3634 5498 Καὶ
3677 5447 3784 5518 γὰρ

2191 5522 2288 5576 1:01
2320 5521 2434 5590 ἐγὼ
2470 5521 2633 5576 τοῦτό
2661 5541 2828 5596 φημι,
2863 5525 2958 5578 1:01
2989 5525 3050 5578 οὐ
3077 5525 3144 5578 03:
3178 5523 3436 5597 μᾶλλονῆ
3473 5528 3582 5598 ἐμὰ
3609 5529 3786 5585 ταῦτά

2191 5607 2309 5662 ἐστι
2357 5607 2426 5662 τὰ
2472 5610 2714 5681 ῥήματα.
2759 5609 2825 5663 Ἤ
2867 5609 2976 5680 γὰρ
3027 5609 3240 5678 ἀνάγκη
3291 5613 3488 5671 εἰπεῖν,
3545 5614 3649 5667 ποῦ
3703 5632 3780 5668 00:

2191 5689 2419 5762 τάνδρὸς
2447 5694 2480 5764 ἡ
2517 5694 2676 5767 χρεία
2709 5691 2906 5761 γένοιτ’
2937 5693 3004 5746 ἂν
3039 5693 3333 5762 ἀναγκαία,
3367 5693 3400 5765 ἢ
3433 5695 3593 5749 τοῦτο
3615 5697 3782 5763 δεῖξαι

2197 5774 2272 5844 μή
2317 5773 2624 5848 δυναμένην
2647 5821 2658 5837 ,
2705 5777 3012 5848 ἐκπέμπειν
3051 5777 3142 5832 τὸν
3165 5769 3534 5833 ’συνοικοῦντα
3573 5778 3778 5842 κακῶς·

2261 5955 2280 6014 ‘f
2305 5949 2456 6000 Savil.
2481 5951 2562 6014 τον
2586 5949 2733 6012 γάμον
2759 5952 2860 6013 ἐςᾶ,
2888 5965 3171 6014 perperam.

2256 6010 2284 6051 ἀ
2311 6015 2461 6061 εωιι.
2489 6012 2574 6060 οὐκ
2598 6010 2770 6074 ἑςῑῖτο.
