4138 6424
521 392 621 451 εει

523 509 725 578 ἑτέρως
754 503 863 574 γάρ
889 518 948 554 σε
987 500 1367 571 ἀπαλλαγῆναι
1394 501 1496 570 τῆς
1526 497 1739 569 ὕϐρεως
1776 492 1984 578 ταύτης
2016 494 2116 578 οὑκ

525 577 626 647 Eva;
668 586 844 643 ταῦτα
888 585 1020 654 7&9,
1061 583 1207 654 ἀπερ
1238 582 1400 655 ἔφης,
1434 582 1557 653 οὐχὶ
1592 580 1663 634 σά
1699 579 1901 651 μᾶλλον
1941 577 1975 649 ἡ
2008 577 2117 631 τῶν

525 674 667 742 ὑπὲρ
694 671 795 741 τῆς
826 669 927 740 σῆς
965 666 1357 740 ἀσχημοσύνης
1396 666 1709 734 ἀλγούντων
1755 663 1927 715 ἐστίν.
1968 659 2117 741 Ἔδει

533 738 787 830 μὲν-οὗν,
835 738 1011 808 εί-καὶ
1043 738 1315 824 μυριάκις
1359 753 1633 824 χρήσιμος
1671 745 1740 821 ἦν
1792 751 1823 820 ἡ
1874 738 2120 803 διακονία

526 841 774 914 τάνδρὸς,
833 840 956 913 μηδ’
996 838 1170 902 οὓτως
1216 839 1389 909 αὐτὴν
1447 835 1587 908 μετά
1630 835 1903 904 τοσαύτης
1950 850 2122 905 προσ·

532 925 711 982 ίεσθαι
759 926 859 996 τῆς
902 922 1189 995 λοιδορίαςο
1252 923 1381 974 ὅταν
1435 919 1544 992 γὰρ
1593 922 1627 992 ἡ
1661 919 1757 973 τοῦ
1793 917 1930 972 Θεοῦ
1966 916 2123 987 ὑϐρί-

529 1013 693 1084 ζηται
741 1009 890 1076 δόξα,
950 1006 1193 1078 μηδεμία
1240 1004 1414 1069 οὑτως
1460 1004 1603 1058 ἔστω
1642 1002 1919 1077 πρόφασις
1951 1003 2123 1070 ἀναγο

529 1097 684 1160 καία,
728 1094 804 1158 ὡς
846 1094 1034 1146 πεῖσαι
1063 1088 1318 1144 τοσοῦτον
1347 1091 1517 1145 κακὸν
1553 1090 1826 1162 παριδεῖν.
1869 1089 1982 1142 Kal
2013 1087 2122 1160 7&9

531 1182 580 1233 εί
624 1178 885 1252 μυριάκις
919 1174 1211 1228 ἀποθανεῖν
1244 1175 1342 1246 τῆς
1370 1174 1586 1247 ἡμέρας
1627 1173 1768 1245 ὑπὲρ
1801 1172 1896 1226 τοῦ
1929 1173 2003 1246 μὴ
2030 1189 2125 1240 γε·-

530 1264 720 1319 νέσθαι
748 1262 907 1316 τοῦτο
936 1257 1249 1332 προῦκειτο,
1286 1258 1426 1330 μετά
1458 1257 1662 1328 πολλῆς
1695 1255 1847 1329 [256]
1889 1254 1996 1310 ἔδει
2025 1254 2126 1326 τῆς

529 1349 727 1423 ἡδονῆς
751 1347 1043 1416 ὑπομεῖναι
1068 1342 1247 1423 τοῦτο,
1282 1344 1414 1415 μήτι
1447 1359 1512 1411 γε
1547 1339 1912 1404 ἀναπαύσεως
1938 1339 2126 1393 ἕνεκεν

530 1419 628 1488 καὶ
665 1419 940 1499 κοσμικῆς
984 1419 1175 1500 χρείας
1212 1426 1466 1480 τοσοῦτον
1510 1424 1892 1497 παραδραμεῖν
1932 1422 2124 1479 κακόν.

535 1521 803 1572 Ἄκουσον
833 1512 966 1584 γοῦν
997 1510 1117 1576 πῶς
1148 1511 1281 1566 αὑτὸ
1303 1510 1541 1565 δέδοικεν
1571 1511 1601 1562 ό
1636 1507 1850 1573 Παῦλος
1878 1509 1974 1561 καὶ
2004 1507 2132 1579 τρέ-

535 1618 649 1673 μει,
679 1599 777 1654 καὶ
809 1598 869 1664 ἐξ
904 1597 1039 1669 ὅσης
1079 1598 1179 1666 τῆς
1213 1594 1557 1667 περιουσίας.
1607 1590 1814 1648 Καλὸν
1859 1592 1969 1663 γάρ
2000 1607 2126 1661 μοι,

531 1685 717 1756 φησιν,
740 1678 1090 1741 ἀποθανεῖν,
1109 1680 1151 1747 ἣ
1172 1679 1238 1732 τὸ
1260 1676 1543 1747 καύχημά
1562 1693 1684 1745 μου
1713 1675 1816 1728 ἵνα
1837 1691 1929 1756 τις
1959 1674 2134 1756 κενώ-

530 1755 635 1837 σῄ.
667 1761 802 1820 Εἶτα
835 1765 1041 1827 ἐκεῖνος
1072 1762 1192 1834 μὲν,
1224 1762 1313 1816 ἵνα
1357 1759 1433 1832 μὴ
1462 1757 1676 1829 κενωθῇ
1707 1755 1873 1811 αὑτοῦ
1903 1756 1965 1809 τὸ
1993 1755 2130 1809 καύο

531 1867 706 1923 χημα,
744 1847 1038 1902 ἀποθανεῖν
1069 1845 1273 1899 εῖλετφ
1308 1845 1473 1916 ἡμεῖς
1510 1842 1569 1897 δέ
1617 1841 1705 1895 ίνα
1738 1839 2012 1895 σκάνδαλα
2038 1840 2133 1894 ἀν-

531 1934 763 2005 έλωμεν,
792 1929 915 1985 οὑδὲ
974 1929 1175 2001 μικρᾶς
1220 1924 1677 2000 καταφρονοῦμεν
1727 1923 2004 1989 ἀνέσεως;
2039 1923 2134 1978 καὶ

527 2017 652 2081 πῶς
705 2013 1051 2087 δυνησόμεθα
1109 2010 1349 2083 σωθῆναί
1401 2025 1564 2075 ποτε;
1624 2009 1821 2062 Καίτοι
1870 2008 1971 2062 οὑκ
2020 2006 2134 2062 ἴσον

532 2101 704 2162 ἐστὶν,
732 2099 854 2153 οὐδὲ
882 2098 1031 2152 κατά
1060 2095 1256 2167 μικρὸν
1284 2094 1476 2164 ἐγγὺς,
1502 2091 1781 2164 ἐγκωμίου
1814 2108 1875 2144 τε
1904 2091 2137 2145 ἀποστε-

534 2184 770 2256 ρηθῆναι
800 2180 893 2234 καὶ
915 2178 1224 2249 κατηγορίᾳ
1254 2178 1594 2247 περιπεσεῖν.
1613 2175 1853 2238 Ἐκεῖνος
1880 2174 1978 2247 μὲν
2002 2173 2134 2246 γάρ,

534 2271 584 2321 εἰ
632 2269 729 2321 καὶ
761 2265 920 2319 τοῦτο
945 2263 1185 2332 ἐγένετο,
1215 2261 1316 2313 οὑκ
1350 2260 1417 2314 ἂν
1462 2258 1840 2332 προσέκρουσε
1874 2257 1954 2329 τῷ
1978 2256 2099 2329 Θεῷ
2121 2274 2134 2287 ·

534 2351 699 2415 αὐτὸς
733 2347 1018 2423 γὰροαὺτῷ
1053 2344 1389 2417 προσέταξεν
1411 2345 1477 2397 ἐκ
1508 2342 1603 2396 τοῦ
1633 2340 1969 2410 Εύαγγελίου
2000 2342 2132 2414 ζῇν·

533 2436 649 2490 ἀλλ’
675 2436 827 2506 ὅμως
858 2435 1048 2505 ᾑρεῖτο
1084 2430 1286 2500 μᾶλλον
1316 2428 1610 2483 ἀποθανεῖν
1644 2427 1678 2497 ἢ
1714 2426 1774 2480 τὸ
1803 2426 2140 2499 κατόρθωμα

535 2519 830 2593 προδοῦναι
853 2535 867 2550 ·
919 2518 1084 2588 ἡμεῖς
1133 2513 1192 2568 δέ
1237 2512 1308 2566 τά
1353 2510 1811 2584 προστεταγμένα
1856 2511 2139 2582 πανταχοῦ

534 2602 916 2676 ταράττοντες,
968 2599 1063 2653 καὶ
1103 2597 1308 2660 ειδότες
1334 2596 1418 2649 ὅτι
1454 2594 1721 2667 μεγίστην
1762 2595 1903 2667 ὑπὲρ
1931 2594 2140 2649 τούτων

533 2687 761 2759 τίσομεν
787 2686 968 2756 δίκην,
1000 2682 1122 2736 ούδέ
1159 2679 1453 2752 συνηθείας
1489 2680 1723 2752 ἀκαίρου
1781 2681 1877 2735 καὶ
1923 2679 2141 2751 ψυχρᾶς

536 2769 812 2840 ὑπεριδεῖν
845 2764 1186 2838 ἀνεχόμεθα;
1222 2765 1318 2817 καὶ
1347 2764 1431 2827 τίς
1453 2764 1588 2834 ἡμῖν
1614 2762 1771 2816 ἐσται
1804 2761 2138 2833 συγγνώμη;

540 2853 692 2917 Ἔδει
724 2853 822 2922 μὲν
852 2845 969 2913 οὖν,
1002 2849 1143 2920 ὅπερ
1177 2846 1352 2917 ἔφθην
1381 2842 1578 2911 είπὼν,
1614 2848 1664 2900 εί
1694 2846 1791 2900 καὶ
1820 2845 1992 2917 ἀνδρα
2040 2846 2139 2917 μό-

537 2956 628 2992 νον
653 2938 708 2989 αἱ
736 2934 934 2989 πολλαὶ
957 2932 1067 2987 τῶν
1093 2931 1297 3004 χρειῶν
1322 2928 1645 3001 ἐπεζήτουν,
1670 2929 1908 3002 τοσαύτη
1942 2929 1999 2982 δέ
2032 2929 2141 2982 ἀπὸ

536 3020 635 3074 τοῦ
666 3019 991 3091 πράγματος
1024 3016 1271 3070 ἐτίκτετο
1298 3012 1478 3087 ὕϐρις,
1512 3013 1731 3068 ἑλέσθαι
1765 3012 1971 3085 μᾶλλον
2004 3013 2141 3066 ἀπο-

538 3108 742 3170 θανεῖν,
771 3102 805 3174 ἡ
831 3101 989 3155 τοῦτο
1025 3099 1319 3170 γενόμενον
1362 3097 1624 3169 περιιδεῖν
1645 3112 1660 3126 ⁸
1686 3097 1817 3151 ὅταν
1844 3097 1901 3150 δὲ
1929 3096 2026 3150 καὶ
2053 3095 2143 3150 διὰ

537 3187 800 3261 γυναικὸς
825 3183 1191 3255 εὐκολώτερον
1280 3182 1376 3235 καὶ
1404 3183 1603 3252 ῥᾷστον
1631 3183 1808 3237 πάντα
1831 3180 2036 3246 ἀνύειν,
2059 3179 2143 3242 τίς

538 3275 672 3346 ὑμῖν
698 3271 850 3325 ἔσται
872 3267 1174 3339 συγγνώμη
1198 3265 1604 3336 θρυπτομέναις
1634 3264 1799 3327 οὕτω,
1823 3265 1919 3317 καὶ
1944 3266 2026 3328 είς
2045 3263 2144 3335 τὴν

538 3355 814 3427 ὑμετέραν
846 3350 1260 3424 ἐνυϐριζούσαις
1289 3347 1600 3421 σωτηρίαν;
1630 3347 1768 3402 Εἰπὲ
1791 3348 1856 3419 δή
1887 3364 1998 3418 μοι,
2015 3347 2146 3400 ὅταν

541 3458 626 3493 σοι
677 3438 853 3492 ταῦτα
900 3438 1107 3498 ἐκεῖνος
1144 3433 1380 3508 παρέχῃ,
1440 3432 1500 3486 οὑ
1547 3432 1850 3503 πιιρέξειςιι
1879 3431 2002 3485 τινά
2052 3432 2148 3485 καὶ

540 3523 683 3596 αὑτὴ
725 3521 1004 3576 διακονίαν
1050 3516 1235 3588 αὑτῷ;
1272 3516 1444 3571 Παντί
1477 3533 1587 3570 που
1616 3515 1798 3586 δῆλον.
1838 3515 1951 3569 Kal
1994 3515 2149 3585 πόσῳ

544 3604 755 3678 βέλτιον
783 3607 922 3676 μήτε
943 3602 1270 3659 ἀντιδιδόναι
1293 3602 1364 3655 τὰ
1387 3600 1632 3664 τοιαῦτα,
1654 3602 1790 3672 μήτε
1813 3599 2150 3670 ἀντιλαμϐά-

542 3708 676 3753 νειν,
706 3688 844 3744 ἀλλά
870 3688 963 3742 τὸν
988 3686 1181 3758 καιρὸν
1202 3684 1313 3740 τῶν
1341 3684 1541 3747 πόνων,
1569 3685 1628 3738 ὃν
1658 3685 1740 3748 εἰς
1767 3682 1865 3755 τὴν
1899 3683 2150 3738 ἀνάπαυ-

547 3792 637 3827 σιν
667 3772 984 3836 ἀναλίσκεις
1018 3770 1253 3834 ἐκείνου,
1280 3769 1471 3822 τοῦτον
1499 3769 1579 3830 είς
1602 3768 1702 3837 τὴν
1733 3767 1938 3837 σαῦτῆς
1970 3767 2149 3820 δαπα-

546 3860 667 3929 νᾷν,
698 3857 732 3926 ἢ
756 3854 1119 3928 χαλεπώτερα
1155 3852 1500 3923 πονουμένην
1528 3852 1607 3904 ἐτι
1640 3852 1737 3905 καὶ
1764 3850 2151 3922 καταισχύνειν

544 3941 746 4011 ἑαυτῆς
773 3937 873 4010 τὴν
912 3937 1218 4007 ὑπόληψιν;
1261 3936 1402 3988 Ἀλλ’
1424 3935 1684 4006 οὐδεμίαν
1713 3933 1865 4005 αὑτῷ
1888 3935 2150 4006 παρέχεις

546 4022 845 4082 διακονίαν.
921 4019 1135 4074 Οὐκοῦν
1198 4019 1363 4073 αὑτὸν
1417 4018 1567 4090 αὑτῷ
1620 4019 1799 4073 πάντα
1857 4020 2150 4091 ὑπηρετεῖν

545 4107 785 4179 ἀνάγκη,
800 4106 896 4160 καὶ
920 4104 1278 4178 στρωννύναι,
1299 4104 1394 4158 καὶ
1413 4103 1583 4173 ἐψεῖν,
1603 4103 1827 4175 καὶπῦρ
1846 4090 2150 4167 ἀνακαίέιν,

550 4193 644 4245 καί
671 4190 740 4245 τά
768 4190 905 4245 ἄλλα
933 4190 998 4261 δὴ
1022 4188 1094 4243 τὰ
1128 4188 1358 4243 τοιαῦτα
1394 4190 1590 4242 ποιεῖν.
1625 4186 1815 4241 Ταῦτα
1848 4187 1907 4243 δέ
1948 4187 2059 4241 οὐδ’
2085 4187 2181 4240 ἂν·

549 4261 770 4347 οἰκέτης
800 4275 1091 4346 ἀνάσχοιτο
1124 4273 1292 4343 μηδὲν
1326 4271 1480 4343 παρά
1500 4269 1595 4325 τοῦ
1616 4270 1879 4325 δεσπότου
1909 4269 2155 4342 καρπού-

552 4377 716 4430 μενος
768 4360 1083 4429 ὑπηρετεῖν.
1103 4356 1243 4410 Ἀλλ’
1275 4347 1432 4419 οὗτος
1470 4354 1725 4426 ἀνέχεται
1764 4354 1966 4417 πάντα,
1994 4353 2150 4425 φησι,

549 4444 639 4501 διὰ
673 4445 764 4496 τὸν
802 4441 896 4495 τοῦ
931 4439 1070 4495 Θεοῦ
1123 4440 1309 4509 φόϐον,
1344 4440 1439 4493 καὶ
1480 4439 1574 4491 τὸν
1615 4438 1978 4508 ἀποκείμενον
2012 4436 2153 4508 ὑπὲρ

549 4530 649 4598 τῆς
681 4526 955 4590 διακονίας
986 4524 1193 4595 ταύτης
1219 4523 1430 4596 μισθὸν,
1460 4523 1556 4576 καὶ
1577 4521 1736 4595 χάριν
1760 4520 1968 4575 εἴσεται
1985 4521 2014 4562 1)
2035 4522 2154 4573 ἐπι-

555 4596 913 4681 ταττόμενος,
948 4607 1085 4679 πρὸς
1119 4608 1180 4671 τὸ
1211 4607 1378 4679 μηδὲν
1409 4604 1756 4676 καρποῦσθαι
1804 4596 1936 4676 παρ’
1969 4603 2150 4675 ἡμῶν.

556 4693 729 4752 Πόθεν
774 4690 870 4747 οὖν
912 4691 1101 4746 λοιπὸν
1141 4690 1498 4763 ἐμφράξομεν
1524 4689 1594 4743 τὰ
1626 4688 1735 4744 τῶν
1779 4689 2156 4760 ἀναισχύντων

559 4779 841 4849 στόματα;
883 4778 948 4836 El
990 4776 1099 4848 7&9
1142 4775 1418 4848 τοσαύτην
1462 4773 1614 4845 αὐτῷ
1656 4775 1953 4845 μαρτυρεῖς
1999 4766 2158 4826 εὐλά-

561 4865 734 4928 ϐειαν,
758 4862 853 4915 καὶ
877 4860 1022 4916 οὕτω
1047 4861 1240 4933 τρέμει
1267 4861 1363 4915 καὶ
1383 4859 1592 4914 δέδοικε
1610 4856 1704 4911 τοῦ
1728 4857 1863 4911 Θεοῦ
1886 4856 1958 4910 τὰ
1985 4873 2157 4930 προσο

559 4947 835 5018 τάγματα,
852 4945 930 5009 ὡς
957 4944 1292 5014 ἀνδραπόδου
1323 4943 1527 5014 παντὸς
1558 4940 1937 5011 εὐτελέστερον
1965 4940 2157 4994 ἑαυτὸν

556 5030 816 5102 καθορᾷν,
844 5030 939 5084 καὶ
972 5028 1151 5083 πάντα
1177 5027 1507 5099 ὑφίστασθαι
1561 5025 1729 5098 μηδὲν
1774 5022 2158 5096 καρπούμενον

558 5112 713 5185 παρά
739 5112 855 5179 σοῦ,
881 5113 991 5186 πρὸ
1018 5111 1239 5168 πάντων
1280 5111 1488 5167 τούτων
1534 5110 1635 5181 τῆς
1683 5108 1844 5178 δόξης
1872 5107 2034 5161 αὑτὸν
2066 5107 2160 5160 καὶ

558 5199 658 5269 τῆς
699 5198 977 5270 εὐφημίας
1020 5196 1128 5251 ἔδει
1163 5195 1449 5268 φροντίσαι
1476 5193 1572 5248 τοῦ
1600 5191 1737 5246 Θεοῦ
1762 5210 1775 5223 ’
1819 5191 1917 5245 νῦν
1962 5190 2020 5244 δὲ
2057 5192 2161 5245 οὐκ

559 5281 643 5335 ἔτι
688 5281 790 5352 τῆς
832 5283 1005 5353 αὐτῆς
1030 5281 1212 5353 ψυχῆς
1245 5278 1379 5351 ὁμοῦ
1414 5272 1521 5333 καῖ’
1544 5276 1687 5332 κατά
1715 5276 1808 5330 τὸν
1836 5276 2001 5329 αὑτὸν
2033 5274 2161 5347 χρό⁴

557 5382 647 5418 νον
682 5365 950 5436 τοσαύτην
982 5365 1157 5419 πειθώ
1190 5381 1251 5418 τε
1282 5363 1379 5417 καὶ
1417 5361 1724 5432 ὑπεροψίαν
1750 5359 2160 5413 ἐπιδείκνυσθαι

560 5449 691 5520 περὶ
739 5449 808 5503 τά
855 5449 1257 5521 προστάγματα
1299 5446 1395 5501 τοῦ
1431 5445 1593 5508 Θεοῦ,
1634 5444 1731 5499 καὶ
1761 5443 1857 5498 νῦν
1890 5444 1990 5515 μὲν
2019 5442 2163 5498 αὐτὰ

558 5533 804 5603 τρέμειν,
826 5531 922 5586 νῦν
947 5532 1004 5585 δέ
1032 5532 1241 5604 μηδένα
1260 5531 1421 5601 λόγον.
1443 5526 1713 5582 ποιεῖσθαι
1736 5526 1908 5582 αὐτοῦ
1922 5527 2018 5580 τοῦ
2042 5527 2163 5580 θέν-

560 5629 653 5677 τος
680 5616 807 5678 τοὺς
838 5616 1036 5685 νόμους
1072 5615 1452 5686 ὑϐριζομένου.
1478 5613 1552 5666 Τὸ
1587 5612 1687 5683 μὲν
1708 5610 1817 5682 γάρ
1846 5610 2043 5682 ἡδονῆς
2064 5628 2163 5665 κα-

563 5696 886 5769 θαρεύοντα,
908 5700 1004 5752 καὶ
1038 5699 1205 5769 μηδὲν
1233 5698 1373 5762 ὅλως
1402 5695 1747 5768 ἀνθρώπινον,
1766 5695 2044 5766 πάσχοντα
2066 5694 2161 5748 κό-

570 5883 837 5995 ςοιῖιὲεῗῖὲ’
861 5883 1090 5945 mw"
1113 5883 1296 5948 τίδείιυθ
1321 5886 1587 5948 Malim":
1612 5884 1687 5946 οὐ,
1717 5884 1804 5935 sed
1831 5883 2006 5934 eodem
2031 5882 2159 5934 redit

862 6001 997 6067 χάριν
1014 6003 1260 6064 ἡγήσεται.

1127 382 1186 441 S.
1224 378 1513 440 JOANNIS
1545 375 2041 437 CIIRYSOSTOMI
2082 375 2402 434 ARCHIEP.
2445 375 2994 434 CONS'I‘A‘NTINOP.
3703 379 3822 447 532.

2224 491 2477 560 πτεσθαι,
2505 495 2601 547 καὶ
2621 493 3113 565 ταλαιπωρεῖσθαι,
3143 491 3237 545 καὶ
3271 491 3560 546 ταπεινοῦν
3593 492 3800 564 ἑαυτὸν,

2223 576 2318 631 καὶ
2344 579 2458 640 τοῖς
2483 577 2706 640 οἰκείοις
2724 575 2948 648 μόχθοις
2968 576 3177 647 ἑτέροις
3206 574 3648 646 παρασκευάζειν
3679 578 3802 633 ἀνά-

2223 677 2445 725 παυσιν,
2482 661 2773 730 φιλοσόφου
2803 659 3008 731 σφόδρα
3025 659 3203 730 ψυχῆς
3244 660 3340 712 καὶ
3386 660 3800 732 ἐπτερωμὲνης·

2220 744 2283 798 τὸ
2314 745 2371 798 δέ
2398 744 2473 816 μὴ
2504 745 2746 816 ὑϐρίζειν
2770 746 2852 809 είς
2876 745 2977 815 τὴν
2999 743 3092 798 τοῦ
3115 744 3250 797 Θεοῦ
3281 743 3458 810 δόξαν,
3485 743 3616 815 μηδὲ
3639 744 3804 800 ταῦτα

2223 830 2420 893 ποιεῖν,
2461 826 2529 881 δι’
2559 823 2635 882 ὧν
2672 828 2740 882 ἂν
2763 826 3371 900 βλασφημηθείη.[257]
3401 827 3550 898 παρά
3577 827 3801 890 πολλῶν,

2223 912 2318 965 καὶ
2358 911 2468 965 τῶν
2512 913 2573 966 ού
2606 912 2812 984 σφόδρα
2860 911 3113 984 μεγάλων
3159 910 3348 965 πολλοὶ
3395 908 3801 983 κατωρθώκασι.

2224 994 2349 1059 Πῶς
2381 992 2475 1049 οὖν
2510 1012 2594 1049 σοι
2633 996 3016 1068 πιστεύσομεν,
3039 996 3123 1050 δτι
3144 994 3305 1049 τοῦτο
3330 994 3422 1049 διά
3450 995 3540 1048 τὸν
3563 995 3698 1048 Θεὸν
3719 996 3808 1047 καὶ

2223 1079 2317 1134 τὸν
2354 1081 2456 1151 τῆς
2488 1081 2779 1152 ἀσκήσεως
2806 1080 2958 1136 τόνον
2995 1083 3189 1144 ποιεῖς,
3219 1079 3248 1133 δ
3284 1079 3527 1150 μεγάλης
3559 1080 3655 1132 καὶ
3686 1095 3805 1133 νεα-

2226 1163 2385 1234 νικῆς
2411 1164 2582 1219 δεῖται
2610 1164 2968 1236 ψυχῆς,’δταν
2997 1165 3196 1229 ἐκεῖνο,
3227 1163 3367 1234 ὅπερ
3399 1162 3676 1225 ἐλάττονός
3700 1163 3804 1214 ἐστι

2227 1248 2324 1303 καὶ
2369 1248 2472 1319 τῆς
2513 1249 2805 1320 τυχούσης,
2835 1248 3117 1321 ὑπερορᾷν
3155 1246 3259 1301 οὑκ
3288 1246 3495 1319 ἀνέχῃ;
3533 1245 3653 1299 Οὐδ’
3682 1246 3811 1298 ἀπο-

2229 1335 2422 1405 στῆναι
2466 1331 2671 1387 τούτων
2716 1332 2944 1396 ἐθέλεις,
2973 1331 3034 1396 ἐξ
3066 1325 3142 1385 ὧν
3176 1333 3206 1385 ὁ
3228 1330 3362 1393 Θεὸς
3395 1329 3693 1402 ὑϐρίζεται,
3723 1330 3812 1381 καὶ

2226 1418 2291 1471 τὸ
2323 1415 2485 1488 σῶμα
2517 1417 2611 1470 καὶ
2642 1417 2821 1471 πάντα
2853 1414 3121 1487 προδίδως
3153 1414 3294 1485 ὑπὲρ
3328 1412 3434 1466 τῶν
3478 1412 3552 1485 μὴ
3604 1411 3813 1465 δοκούν-

2228 1519 2339 1556 των
2358 1513 2380 1542 ε
2417 1500 2601 1572 αὐτῷ;
2630 1502 2741 1554 Kal
2765 1501 2851 1564 τίς
2886 1499 2954 1553 ἂν
2979 1498 3153 1553 ταῦτα
3181 1496 3467 1569 πεισθῆναι
3494 1496 3811 1563 ἀνάσχοιτο;

2244 1585 2405 1639 Ἀλλά
2427 1586 2536 1659 γὰρ
2561 1588 2662 1640 οὐκ
2688 1580 2808 1640 οῖδα
2829 1583 2948 1646 πῶς
2965 1582 3073 1636 ἀπὸ
3097 1582 3206 1636 τῶν
3236 1580 3525 1653 παρθένων
3543 1580 3680 1652 πρὸς
3695 1580 3814 1641 τοὺς

2232 1670 2617 1734 συνοικοῦντας
2649 1669 2840 1733 αὐταῖς
2866 1666 3061 1736 ἐξέϐην
3079 1684 3092 1696 ·
3129 1665 3210 1719 διὸ
3228 1664 3293 1740 δὴ
3318 1663 3480 1718 πάλιν
3502 1665 3637 1734 πρὸς
3657 1661 3814 1727 αὑτὰς

2234 1754 2518 1808 ἐπανιτέον
2548 1755 2701 1826 ἡμῖν.

2303 1930 2364 1977 ε’.
2402 1921 2573 1977 Πόθεν
2591 1917 2685 1977 οὖν
2713 1923 2839 1988 τοὺς
2858 1922 3030 1976 ταῦτα
3059 1919 3498 1993 κατηγοροῦντας
3522 1919 3619 1972 καὶ
3644 1916 3816 1972 συλλοη

2233 2005 2555 2078 γιζομένους
2581 2008 2744 2078 ἡμεῖς
2769 2005 3115 2077 δυνησόμεθα
3144 2008 3329 2060 πεῖσαι
3355 2020 3370 2070 ;
3416 2005 3527 2058 Kal
3551 2003 3625 2074 μὴ
3646 2002 3818 2055 πειθέ-

2238 2088 2476 2152 σθωσαν,
2508 2089 2662 2161 φησι.
2698 2091 2809 2144 Kal
2832 2089 2938 2143 ποῦ
2961 2088 3122 2143 τοῦτο
3157 2088 3339 2159 ψυχῆς
3381 2086 3679 2151 εὑλαϐοῦς;
3708 2084 3819 2138 Τῶν

2236 2172 2347 2245 γὰρ
2395 2172 2582 2237 κακῶς
2633 2172 2907 2242 λεγόντων
2951 2173 3074 2227 τότε
3123 2172 3230 2243 χρὴ
3279 2173 3665 2243 καταφρονεῖν,
3703 2170 3820 2223 ὅταν

2238 2258 2401 2328 ἡμεῖς
2426 2258 2610 2321 αὑτοῖς
2645 2258 2719 2329 μὴ
2750 2258 3081 2330 παρέχωμεν
3109 2255 3283 2319 λαϐάς
3306 2272 3318 2284 ·
3357 2254 3561 2325 μᾶλλον
3611 2253 3668 2307 δέ
3709 2252 3820 2305 οὐδὲ

2237 2341 2380 2405 τότε,
2416 2340 2637 2394 ἐπειδὰν
2679 2339 2968 2412 δυνώμεθα
3018 2339 3393 2411 ἐπιστομίζειν
3428 2337 3630 2401 αὑτούς
3653 2353 3666 2367 ο
3703 2336 3822 2388 ὅταν

2236 2425 2296 2480 δὲ
2327 2425 2387 2491 ἐξ
2415 2425 2574 2497 ἡμῶν
2602 2425 2822 2497 γίνηται
2854 2425 2917 2478 τὸ
2945 2425 3073 2491 πᾶν,
3103 2424 3197 2478 ἐπὶ
3233 2423 3334 2495 τὴν
3371 2422 3651 2494 ἡμετέραν
3681 2420 3823 2490 στρέ·

2241 2526 2403 2579 φεται
2429 2508 2674 2581 κεφαλήν
2702 2509 2849 2563 ἅπαν
2876 2508 2937 2561 τὸ
2977 2506 3108 2579 πῦρ.
3139 2507 3304 2560 Οὕτω
3327 2507 3434 2575 γὰρ
3467 2503 3826 2575 ἁμαρτάνοι·-

2241 2611 2362 2661 τες,
2387 2594 2575 2666 φησὶν,
2609 2597 2699 2659 είς
2727 2593 2870 2659 τοὺς
2898 2590 3223 2661 ἀδελφοὺς,
3256 2590 3356 2647 καὶ
3383 2591 3713 2654 τύπτοντες
3730 2590 3828 2642 αὺ-

2239 2677 2362 2732 τῶν
2409 2677 2525 2746 τὴν
2567 2677 2938 2744 συνείδησιν
2975 2673 3385 2739 ἀσθενοῦσαν,
3439 2675 3528 2741 είς
3586 2672 3830 2742 Χριστίν

2239 2760 2627 2831 ἁμαρτάνετε.
2659 2759 2814 2831 ᾟδει
2840 2759 2970 2832 γὰρ,
3002 2759 3119 2830 ᾔδει
3170 2758 3379 2829 σαφῶς,
3412 2758 3495 2811 ὅτι
3543 2758 3651 2813 οὑκ
3682 2759 3831 2828 ἀρκεῖ

2242 2845 2380 2918 πρὸς
2413 2844 2712 2912 ἀπολογίαν
2745 2845 2877 2916 ἡμῖν
2926 2844 2983 2915 ἡ“
3003 2842 3112 2897 τῶν
3142 2842 3534 2915 πληττομένων
3558 2842 3829 2903 ἀσθένεια,

2240 2929 2356 2982 ἀλλ’
2387 2929 2520 2983 αὑτὸ
2555 2928 2654 2999 μέν
2687 2923 2780 2982 οὖν
2806 2926 2965 2982 τοῦτο
2989 2928 3085 2981 καὶ
3122 2927 3360 2999 μάλιστά
3386 2928 3504 2981 ἐστι
3533 2927 3601 2980 τὸ
3626 2926 3831 2981 καταδι-

2242 3010 2409 3077 κάζον
2435 3012 2763 3083 ἡμᾶς.“οσῳ
2782 3011 2892 3084 γὰρ
2920 3010 2987 3066 ἂν
3015 3009 3415 3083 καθαρεύωμεν
3441 3011 3541 3082 τῆς
3578 3008 3833 3081 πληττού-

2244 3115 2344 3169 σης
2375 3098 2577 3162 αἰτίας,
2608 3095 2848 3168 τοσούτῳ
2879 3096 3074 3150 δίκαιοι
3117 3096 3315 3168 μᾶλλον
3349 3095 3415 3150 ἂν
3440 3095 3640 3166 εἴημεν
3668 3094 3833 3165 φείδε-

2245 3182 2369 3236 σθαι
2395 3182 2494 3253 τῆς
2522 3179 2808 3245 ἀσθενείας
2840 3181 3020 3236 αὐτῶν
3039 3180 3087 3235 δ.
3118 3181 3226 3234 Kal
3262 3180 3417 3235 οὔπω
3444 3180 3617 3249 λέγω,
3646 3180 3727 3233 ὅτι
3753 3182 3832 3232 ἐν·-

2243 3264 2421 3319 ταῦθα
2449 3264 2570 3319 ούδέ
2600 3265 2908 3329 ἀπεικότως
2937 3264 3288 3337 πλήττονται,
3313 3263 3451 3319 ἀλλά
3481 3262 3692 3318 κείσθω
3715 3263 3832 3317 ἀλό-

2243 3366 2357 3418 γως
2383 3349 2584 3413 αὐτοὺς
2614 3349 2907 3419 ὑπομένειν
2941 3348 3129 3404 τοῦτο·
3167 3348 3290 3402 οὑδέ
3319 3347 3430 3420 γὰρ
3457 3346 3638 3412 οὓτως
3668 3347 3834 3400 αὐτῶν

2246 3433 2508 3504 περιιδεῖν
2566 3434 2698 3505 χρή.
2739 3433 2851 3485 Kal
2895 3432 3079 3487 ταῦτα.
3110 3433 3406 3505 Ῥωμαίοις
3452 3430 3786 3486 ἐπιστέλλων
3810 3431 3837 3483 ὁ

2246 3515 2459 3580 Παῦλος
2508 3518 2658 3589 ἡμᾶς
2707 3515 3051 3583 ἐπαίδευσεν,
3081 3515 3225 3570 οὕτω
3255 3516 3464 3586 λέγων’
3498 3517 3600 3585 Μὴ
3638 3516 3836 3570 ἕνεκεν

2242 3598 2560 3671 ,βρώματος
2591 3600 2857 3655 κατάλυε
2882 3601 2950 3653 τὸ
2980 3589 3160 3671 ἔργον
3192 3601 3301 3656 τοῦ
3339 3599 3507 3655 Θεοῦ.
3544 3600 3743 3654 Καίτοι
3776 3614 3837 3668 γε

2247 3685 2443 3756 ἄλογος
2472 3680 2540 3757 ἧν
2586 3687 2619 3755 ἡ
2659 3684 2863 3756 πληγὴ,
2899 3683 3013 3738 ἀλλ’
3040 3686 3189 3755 ὅμως
3233 3686 3297 3738 ού
3340 3684 3419 3756 τῷ
3464 3683 3835 3757 πληττομένῳ,

2249 3769 2388 3824 ἀλλὰ
2416 3770 2494 3841 τῷ
2518 3771 2618 3842 τὴν
2648 3768 2865 3839 πληγὴν
2894 3769 3156 3838 ἐπάγοντι
3180 3769 3384 3840 ταύτην
3410 3769 3837 3841 ἐπιτιμᾷ.”υπερ

2250 3854 2358 3925 γὰρ
2382 3853 2520 3925 ἔφην
2551 3854 2674 3925 ἡδη,
2704 3853 2865 3907 τοῦτο
2892 3854 2987 3908 καὶ
3019 3854 3114 3907 νῦν
3141 3854 3250 3926 ἐρῶ
3269 3871 3283 3885 ο
3312 3853 3442 3907 ὅταν
3473 3855 3575 3926 μὲν
3600 3853 3709 3923 γὰρ
3749 3853 3838 3924 μέμ

2252 3954 2323 4006 γα
2362 3955 2414 3991 τι
2458 3937 2687 4008 γένηται
2738 3937 2950 4009 κέρδος,
2976 3939 3073 3991 καὶ
3120 3939 3216 4008 τῆς
3267 3936 3487 4009 πληγῆς
3527 3939 3732 4009 μεῖζον,
3764 3937 3838 3989 δεῖ

2248 4022 2358 4075 τῶν
2406 4021 2911 4092 σκανδαλιζομένων
2957 4022 3261 4093 ὑπερορᾷνο
3310 4023 3441 4075 ὃταν
3493 4022 3551 4076 δέ
3600 4022 3760 4094 μηδὲν

2250 4107 2436 4172 πλέον,
2466 4105 2499 4177 ἡ
2538 4107 2664 4170 τοὺς
2692 4106 2939 4171 ἀσθενεῖς
2966 4105 3420 4166 καταϐάλλεσθαι,
3453 4107 3549 4160 καὶ
3586 4105 3840 4177 μυριάκις

2253 4190 2314 4256 ἐξ
2345 4192 2572 4260 ἀλογίας
2599 4189 2760 4246 τοῦτο
2803 4192 3094 4262 πάσχωσιν
3135 4192 3356 4257 ἐκεῖνοι,
3392 4189 3671 4260 φείδεσθαι
3702 4191 3834 4261 χρή·

2254 4276 2376 4330 ἐπεὶ
2419 4276 2516 4330 καὶ
2544 4277 2572 4329 ὁ
2599 4275 2732 4340 Θεὸς
2776 4278 2902 4340 τοὺς
2948 4275 3225 4339 ὠθοῦντας
3268 4277 3365 4328 καὶ
3409 4274 3839 4334 καταϐάλλοντας

2256 4360 2363 4412 ὑπὸ
2396 4360 2498 4430 τὴν
2529 4361 2806 4430 ἀπόφασιν
2835 4360 2959 4428 ἀγει
2982 4359 3083 4429 τῆς
3114 4358 3407 4430 τιμωρίας.
3438 4357 3512 4411 Τὸ
3532 4359 3643 4431 γάρ
3681 4356 3840 4429 μηδὲν

2256 4442 2606 4514 κερδαίνοντα
2636 4443 2822 4515 ἕτερον
2852 4444 3134 4515 πλήττειν,
3165 4444 3263 4515 τῆς
3303 4443 3543 4514 ἐσχάτης
3583 4441 3843 4513 πονηρίας

2258 4527 2394 4580 ἐστί.
2424 4526 2534 4579 Kal
2563 4529 2727 4598 ἡμεῖς
2752 4528 2811 4581 δέ
2834 4528 2964 4582 ὅταν
2995 4526 3192 4599 ἴδωμέν
3232 4544 3354 4581 τινα
3382 4526 3712 4599 δυσάρεστον
3741 4524 3842 4594 ἀπὸ

2261 4613 2481 4683 μακρᾶς
2531 4611 2846 4683 ἀρρωστίας
2895 4611 3225 4683 γενόμενον,
3268 4611 3398 4675 τοὺς
3443 4609 3842 4683 παροξύνοντας

2258 4695 2421 4749 αὑτὸν
2455 4695 2700 4766 ἀκαίρως
2725 4695 2823 4767 τῆς
2845 4695 3026 4759 οἰκίας
3056 4694 3565 4766 ἀπελαύνομεν,καὶ
3579 4695 3682 4747 οὑκ
3701 4695 3842 4764 ἀκρι-

2259 4778 2655 4850 ϐολογούμεθα,
2689 4780 2800 4832 εἴτε
2825 4779 3070 4844 δικαίως,
3100 4779 3211 4833 εῐτε
3243 4778 3446 4842 ἀδίκως
3467 4779 3667 4831 ἐκεῖνοι
3694 4776 3844 4843 τοῦτο

2259 4863 2526 4926 ποιοῦσιν,
2554 4862 2692 4916 ἀλλά
2735 4863 2918 4937 πάσης
2947 4862 3144 4927 αὐτοὺς
3175 4860 3474 4931 ἀπολογίας
3506 4861 3840 4921 ἐκϐαλόντες,

2259 4949 2356 5001 καὶ
2399 4945 2601 5017 πολλὴν
2631 4945 2809 5018 τούτῳ
2857 4947 3040 5011 δόντες
3073 4945 3405 5018 συγγνώμην
3432 4945 3522 5001 διά
3550 4945 3652 5018 τὴν
3686 4941 3838 4997 ἀσθέ-

2258 5048 2430 5106 νειαν,
2460 5030 2563 5085 κᾶν
2587 5031 2788 5105 ἀδίκως
2811 5031 3204 5104 παροξύνηται,
3219 5030 3500 5102 ἐλεοῦμεν.
3519 5030 3583 5083 El
3603 5029 3664 5083 δὲ
3691 5027 3844 5099 ἡμεῖς

2257 5116 2497 5189 τοσαύτῃ
2527 5115 2621 5190 καὶ
2649 5116 2778 5188 περὶ
2804 5115 2930 5189 τοὺς
2957 5114 3174 5178 οἰκέτας
3212 5116 3307 5169 καὶ¹
3334 5116 3464 5187 περὶ
3494 5114 3622 5177 τοὺς
3655 5111 3844 5171 παῖδας

2262 5199 2498 5272 προνοίᾳ
2514 5199 2857 5271 κεχρήμεθα,
2885 5200 2980 5252 καὶ
2998 5200 3112 5252 υἱὸν
3136 5197 3400 5262 πολλάκις
3423 5197 3649 5251 τοιαῦτα
3673 5193 3845 5265 πλημ-

2264 5283 2534 5354 μελοῦντα
2569 5282 2963 5359 μαστιγοῦμεν,
2990 5280 3173 5352 πολλῷ
3203 5281 3406 5353 μᾶλλον
3428 5285 3458 5336 ό
3491 5279 3699 5350 ἀγαθὸς
3719 5276 3845 5341 Θεὸς

2261 5368 2357 5421 καὶ
2389 5367 2628 5439 χρηστὸς
2674 5367 2768 5421 καὶ
2812 5366 3061 5439 ἐπιεικὴς
3098 5365 3257 5419 τοῦτο
3300 5367 3611 5438 ἐργάσεται.
3653 5364 3719 5417 Τί
3759 5360 3841 5414 λέ-

2262 5469 2413 5522 γεις;
2449 5451 2685 5523 ἀσθενής
2712 5451 2859 5524 ἐστιν
2893 5452 2925 5513 ό
2946 5450 3346 5521 πληττόμενοςς
3382 5449 3589 5504 Οὐκοῦν
3612 5446 3840 5518 φειδοῦς,

2261 5537 2323 5590 οὺ
2354 5535 2574 5608 πληγῆς
2606 5537 2755 5588 ἐστιν
2789 5534 2959 5609 ἄξιος.
2991 5535 3297 5605 Τραύματα
3344 5534 3489 5606 ἐχει;
3538 5532 3629 5603 Μὴ
3672 5530 3843 5583 τοίνυν

2262 5619 2669 5690 ἐπιτρίψωμεν,
2724 5618 2840 5671 ἀλλ’
2884 5617 3183 5689 ίασώμεθα.
3214 5617 3540 5690 Ὑποπτεύει
3600 5610 3842 5681 πονηρῶς

2264 5703 2359 5779 καὶ
2396 5688 2729 5779 ἀλογίστως;
2761 5701 2971 5777 Οὐκοῦν
3014 5688 3302 5772 ἀνέλωμεν
3338 5700 3439 5773 τὴν
3477 5697 3731 5767 ὑποψίαν,
3772 5692 3844 5765 μὴ

2336 5938 2358 6000 °_
2388 5938 2537 6000 Savil.
2558 5937 2676 6000 ὑπὲρ
2692 5938 2788 6000 τῷν
2808 5936 3092 6000 δοκούντων,
3118 5934 3303 6000 apsque
3338 5934 3421 6000 μήἶ

2334 5996 2362 6037 ἀ
2385 5992 2532 6051 Savﬂ.
2568 5990 2807 6054 ἀσθενείας
2832 5990 2988 6061 ἡμῶν,
3010 6006 3061 6047 οι
3082 5990 3205 6048 infra
3224 5990 3381 6048 αὐτῶν
3396 5990 3605 6061 ἀφειδεῖν
3623 6000 3738 6063 χρή.
