4138 6468
473 451 563 508 521
993 452 1173 521 QUOD
1213 454 1618 511 REGULABES
1659 453 1931 509 ΕἚΜΙΝΑΞ
1974 451 2035 507 Vl

2185 451 2617 508 COHABITARE
2656 453 2786 509 NON
2830 454 3164 510 DEBEANT.

2151 580 2224 622 te.
2243 579 2294 622 et
2309 570 2434 622 nihil
2455 568 2666 623 humani
2684 586 2866 640 agerc,
2888 572 3118 641 seipsum
3141 572 3438 638 humiliare,
3469 571 3727 640 afﬂigere,

2150 671 2203 713 et
2230 662 2479 714 :erumnis
2504 661 2783 729 subjicere,
2813 662 3029 731 suisque
3052 663 3320 717 laboribus
3339 663 3457 717 aliis
3479 664 3712 732 quietem

474 586 592 638 qua:
613 571 858 634 dicebas,
893 587 996 626 non
1027 583 1114 626 tua
1159 574 1325 642 magis
1350 582 1506 637 sunt,
1537 589 1692 642 quam
1744 587 1927 626 eorum
1959 571 2046 640 qui

477 662 852 730 turpitudinem
896 672 1036 716 tuam
1084 663 1282 718 dolent.
1337 664 1622 733 Oportebat
1663 662 1912 731 quidem,
1968 672 2046 714 ta-

475 751 629 806 metsi
675 751 959 822 plurimum
1007 754 1131 807 utile
1182 764 1357 816 esset,
1392 753 1486 806 viri
1542 753 1888 806 ministerium
1929 767 2048 804 cum

480 850 626 895 tanto
654 843 893 896 convicio
922 858 1027 896 non
1050 841 1360 898 admittere:
1385 859 1505 896 nam
1535 843 1746 912 quando
1770 841 1859 894 Dei
1883 840 2048 910 gloria

473 929 738 986 dedecore
763 932 1010 994 afficitur,
1049 933 1226 986 nullus
1266 941 1369 986 tam
1399 932 1727 987 necessarius
1747 946 1866 984 esse
1903 938 2051 998 pote-

477 1022 546 1074 rit
571 1030 856 1089 praetextus
879 1062 894 1086 ,
917 1031 974 1076 ut
999 1024 1380 1093 persuadeatur
1403 1023 1670 1077 contemni
1711 1030 1911 1075 tantum
1935 1036 2052 1074 ma-

480 1109 608 1162 lum.
644 1110 942 1177 Quinetiam
972 1114 1016 1167 si
1059 1114 1247 1168 millies
1290 1113 1342 1166 in
1370 1113 1456 1167 die
1483 1114 1553 1166 sit
1595 1111 1962 1175 moriendum,
1987 1125 2050 1165 ne

480 1200 580 1257 hoc
610 1203 732 1268 fiat,
763 1219 885 1259 cum
933 1206 1096 1260 multa
1118 1206 1389 1274 voluptate
1433 1205 1534 1259 hoc
1574 1204 1844 1258 sustinere
1893 1215 2056 1271 opor-

479 1294 619 1347 tebat
640 1334 656 1355 ,
687 1295 854 1349 multo
880 1297 1053 1350 minus
1077 1297 1298 1365 quietis,
1329 1297 1411 1350 vel
1441 1295 1691 1349 mundani
1713 1309 1841 1349 usus
1859 1294 2048 1363 gratia,

478 1391 846 1459 negligendum
871 1401 985 1446 erat
1011 1394 1229 1446 malum.
1258 1391 1394 1446 Audi
1422 1392 1580 1461 igitur
1610 1389 1876 1459 quomodo
1919 1389 2052 1456 idip—

476 1497 593 1536 sum
614 1485 785 1538 timuit
803 1485 995 1539 Paulus
1009 1494 1062 1539 et
1079 1485 1308 1548 tremuit,
1329 1493 1546 1553 etquam
1572 1483 1932 1536 vehementer.
1951 1479 2051 1534 Bo-

485 1591 598 1628 num
625 1576 768 1630 enim
807 1578 930 1630 mihi
959 1587 1029 1630 est
1055 1577 1184 1630 mori
1204 1616 1221 1642 ,
1250 1578 1356 1642 ait,
1390 1593 1542 1644 quam
1570 1575 1783 1646 gloriam
1810 1589 1970 1626 meam
1999 1581 2052 1625 ut

478 1668 590 1736 quis
620 1679 816 1722 eoacuet
835 1668 908 1740 (1.
930 1668 1046 1722 Cor.
1075 1668 1128 1722 9.
1170 1667 1277 1738 15).
1307 1667 1446 1722 Sane
1474 1667 1578 1729 ille,
1604 1677 1745 1720 utne
1768 1674 2048 1718 evacuaret

477 1772 625 1808 suam
662 1757 882 1826 gloriam
905 1797 920 1822 ,
953 1758 1084 1810 mori
1125 1757 1315 1827 elegit:
1350 1771 1447 1810 nos
1483 1767 1658 1809 autem
1708 1765 1763 1807 ut
1805 1751 2050 1806 scandala

479 1846 726 1899 tollamus
747 1887 761 1908 ,
796 1863 969 1916 neque
997 1862 1216 1916 parvum
1247 1847 1584 1900 commodum
1623 1842 2049 1898 contemnimus?

477 1946 530 1988 et
549 1936 816 2003 quomodo
846 1938 1132 2005 poterimus
1162 1951 1406 2006 umquam
1440 1937 1659 2001 salvari,
1683 1951 1801 1988 cum
1834 1951 1937 1987 non
1983 1935 2051 1986 sit

478 2039 592 2092 par,
625 2040 795 2093 neque
834 2025 1046 2080 accedat
1087 2041 1283 2094 prope,
1310 2025 1462 2079 laude
1507 2025 1732 2093 privari,
1761 2033 1815 2098 et
1854 2023 1904 2076 in
1941 2023 2046 2076 cri-

479 2131 597 2166 men
625 2115 891 2170 incidere?
919 2116 1013 2170 llle
1038 2117 1178 2170 enim
1206 2117 1304 2169 etsi
1335 2115 1434 2169 hoc
1460 2115 1703 2180 fecisset,
1735 2129 1836 2166 non
1877 2112 2049 2166 ofl'en-

477 2207 641 2259 ilisst-t
671 2207 869 2260 Deum:
903 2208 1015 2275 ipse
1045 2224 1270 2276 namque
1291 2208 1338 2261 ei
1365 2210 1708 2262 constituerat
1733 2222 1796 2260 ex
1824 2221 2052 2275 evange-

479 2299 548 2352 lio
570 2299 777 2352 vivere:
806 2308 1034 2354 attamen
1065 2300 1292 2354 malebat
1317 2299 1478 2364 mori,
1510 2315 1667 2368 quam
1710 2307 1815 2352 tam
1853 2298 2048 2352 bonum

475 2406 608 2459 opus
629 2391 923 2459 relinquere
952 2409 964 2444 :
995 2407 1090 2445 nos
1120 2402 1296 2446 autem
1326 2392 1597 2446 turbantes
1623 2407 1686 2445 ea
1711 2406 1825 2459 qua:
1855 2391 2049 2458 ubique

475 2491 598 2533 sunt
623 2481 888 2544 ordinata,
929 2483 1050 2536 licet
1075 2484 1302 2536 sciamus
1322 2482 1463 2553 quod
1491 2482 1769 2536 maximam
1803 2493 2046 2552 propter-

486 2586 547 2626 ea
598 2570 773 2624 Iuituri
840 2573 1004 2625 simus
1065 2588 1308 2642 poenam,
1382 2588 1552 2642 neque
1614 2573 2046 2626 consuetudinem

477 2659 718 2732 frigidam
761 2673 813 2717 et
855 2664 1274 2734 intempestivam
1312 2665 1510 2734 deSpici
1549 2665 1806 2734 patimur?
1833 2673 1886 2717 et
1931 2680 2048 2732 qua:

477 2755 686 2809 tandem
735 2755 887 2809 nobis
925 2757 1023 2810 erit
1053 2757 1240 2811 venia?
1269 2757 1556 2826 Oportebat
1604 2757 1778 2826 igitur,
1825 2757 1922 2810 etsi
1973 2757 2048 2809 vi-

476 2861 592 2898 rum
645 2861 806 2898 unum
862 2847 1009 2899 inulti
1060 2862 1200 2900 usus.
1231 2847 1681 2916 requirerent,ut
1715 2855 1868 2898 antea
1907 2844 2048 2899 dice-

479 2935 596 2989 bam
619 2976 632 2998 ,
659 2944 800 2988 tanta
829 2951 956 2989 vero
986 2936 1108 2990 inde
1139 2945 1446 2991 nasceretur
1472 2935 1789 2990 contumelia
1815 2977 1829 2999 ,
1853 2935 2046 3006 eligere

475 3038 697 3081 mortem
729 3029 902 3097 potius
923 3069 936 3093 ,
971 3045 1126 3098 quam
1160 3029 1261 3084 hoc
1300 3040 1678 3085 contemnere:
1705 3045 1824 3084 cum
1868 3040 2044 3084 autem

475 3133 569 3185 per
599 3119 874 3172 mulierem
902 3119 1232 3174 commodius
1254 3130 1308 3174 et
1338 3119 1544 3175 facilius
1573 3120 1687 3175 haec
1711 3120 1886 3174 omnia
1918 3137 2041 3189 per—

475 3211 554 3262 lici
579 3211 809 3278 possint,
837 3227 954 3280 qua:
984 3212 1132 3265 vobis
1165 3213 1265 3266 erit
1300 3213 1452 3267 venia
1481 3212 1558 3267 sic
1583 3200 1810 3268 delicate
1843 3214 2045 3282 agenti-

474 3299 571 3352 bus
596 3342 610 3366 ,
638 3310 689 3354 et
712 3309 892 3353 contra
922 3302 1145 3356 salutem
1166 3311 1394 3356 vestram
1417 3318 1513 3358 vos
1554 3303 1913 3358 fmdatttibus?
1945 3304 2036 3358 Dic

475 3391 598 3444 item
647 3391 1027 3459 mihi,quauto
1077 3392 1168 3446 tibi
1211 3392 1323 3446 hmc
1376 3393 1466 3447 ille
1508 3393 1754 3457 exhibet,
1794 3408 1970 3448 annon
2026 3395 2042 3426 ¹

471 3480 745 3534 exhibebis
795 3481 953 3535 etiam
995 3480 1068 3534 illi
1109 3481 1339 3536 vicissim
1392 3481 1603 3552 aliquod
1652 3483 2044 3538 ministerium?

469 3569 604 3624 Nulli
655 3586 760 3624 non
802 3572 1156 3626 manifestum.
1191 3571 1258 3625 Et
1296 3581 1492 3641 quanto
1516 3573 1711 3626 melius
1754 3590 1856 3627 non
1887 3575 2043 3628 retri-

471 3662 633 3717 buere
685 3664 840 3728 talia,
895 3679 1065 3733 neque
1107 3663 1339 3718 vicissim
1373 3665 1645 3733 accipere,
1692 3666 1785 3718 sed
1838 3675 2044 3736 tempus

470 3756 745 3823 laborum,
774 3755 912 3825 quod
963 3757 1014 3810 iu
1047 3757 1184 3811 illius
1229 3758 1460 3826 quietem
1517 3757 1779 3829 impendis
1803 3800 1818 3826 ,
1853 3758 1956 3815 hoc
1989 3760 2040 3813 in

471 3855 611 3899 tuam
667 3847 968 3910 insumere,
1017 3863 1175 3917 quam
1223 3849 1454 3917 graviter
1512 3848 1837 3907 laborantem
1900 3859 2042 3904 tuam

468 3923 912 3992 existimationem
943 3939 1305 3994 confundere?
1344 3939 1448 3995 Sed
1472 3941 1673 3994 nullum
1704 3941 1801 4010 ipsi
1823 3941 2044 3996 exhibes

470 4027 848 4082 ministerium.
892 4027 1031 4098 Ergo
1075 4030 1246 4098 ipsum
1275 4029 1374 4084 sibi
1403 4029 1502 4098 ipsi
1529 4030 1704 4083 omnia
1741 4031 2043 4096 ministrare

471 4119 865 4182 necessarium,
921 4128 973 4174 et
1040 4128 1282 4173 Sternere
1329 4119 1525 4184 lectos,
1576 4126 1631 4172 et
1675 4134 1934 4188 coquere,
1989 4129 2043 4174 et

469 4209 644 4277 ignem
667 4209 992 4274 accendere,
1023 4219 1075 4263 et
1097 4210 1199 4262 alia
1230 4208 1279 4261 id
1302 4224 1466 4278 genus
1491 4209 1684 4263 facere.
1715 4209 1840 4263 llaec
1873 4225 2042 4278 neque

471 4298 696 4354 famulus
745 4299 904 4353 ferret
949 4300 1016 4353 ita
1067 4301 1408 4364 ministrans,
1438 4309 1492 4354 et
1530 4299 1663 4353 nihil
1705 4300 1970 4354 commodi
2010 4317 2041 4355 a

473 4391 694 4447 domino
723 4392 1010 4460 accipiens.
1037 4391 1140 4447 Sed
1176 4391 1260 4445 hic
1287 4390 1389 4444 fert
1439 4391 1645 4456 omnia,
1693 4391 1889 4459 inquit,
1922 4405 2042 4460 pro-

468 4491 586 4551 pter
600 4482 840 4536 timorem
863 4482 1068 4536 Domini
1097 4493 1149 4536 et
1173 4482 1457 4552 repositam
1483 4481 1568 4537 hic
1587 4482 1880 4538 ministerio
1898 4500 2040 4540 mer-

465 4572 682 4633 cedem,
713 4581 766 4625 et
789 4573 1010 4641 gratiam
1042 4572 1254 4626 habebit
1282 4574 1368 4641 qui
1410 4571 1634 4640 imperio
1675 4573 1889 4638 subest,
1920 4589 2038 4628 cum

469 4665 598 4727 nihil
648 4665 718 4720 illi
773 4665 842 4717 sit
887 4664 1128 4718 utilitatis
1165 4681 1228 4719 ex
1269 4664 1440 4718 nobis.
1483 4663 1633 4718 Unde
1667 4665 1825 4734 igitur
1857 4676 2038 4734 postea

467 4755 850 4827 impudentium
895 4757 1261 4810 obturabimus
1314 4755 1446 4810 ora?
1486 4757 1694 4812 Etenim
1749 4758 1793 4811 si
1841 4767 2038 4812 tantam

467 4847 593 4915 ipsa-
607 4847 722 4916 ejus
750 4849 960 4900 testaris
1007 4847 1253 4914 pietatem
1275 4889 1290 4913 ,
1329 4858 1384 4902 et
1418 4847 1497 4901 sic
1525 4849 1704 4903 tremit
1736 4857 1791 4903 et
1827 4861 2042 4904 veretur

467 4937 560 5000 Dei
592 4937 837 4992 mandata
856 4977 872 5003 ,
905 4945 959 4990 ut
987 4937 1218 5005 seipsum
1233 4936 1352 5008 plus
1372 4952 1529 5006 quam
1550 4938 1865 4993 vilissimum
1887 4953 2040 4993 mau-

463 5027 660 5096 cipium
706 5027 990 5097 despiciat,
1027 5026 1314 5096 omniaque
1365 5027 1460 5082 tibi
1504 5028 1787 5096 exhibeat,
1837 5031 2038 5085 nullum

463 5119 584 5185 inde
612 5119 828 5187 capiens
867 5118 1130 5184 fructum,
1171 5127 1294 5182 ante
1331 5120 1511 5174 omnia
1554 5123 1830 5190 oportebat
1865 5125 2037 5194 ipsum

473 5213 732 5269 rationem
772 5211 968 5277 habere
993 5211 1178 5280 gloria:
1205 5221 1259 5268 et
1287 5211 1504 5268 honoris
1525 5212 1618 5268 Dei
1648 5231 1662 5267 :
1693 5229 1832 5269 nunc
1861 5225 2038 5270 autem

463 5311 665 5364 nonest
691 5303 931 5371 ejusdem
953 5302 1142 5360 anima:
1166 5302 1322 5357 simul
1343 5311 1396 5358 et
1410 5317 1508 5372 per
1527 5303 1666 5358 idem
1698 5314 1904 5375 tempus
1924 5315 2041 5360 tan-

463 5400 568 5446 tam
595 5390 991 5460 obsequentiam
1019 5390 1174 5446 simul
1197 5401 1249 5446 et
1269 5391 1577 5460 despectum
1596 5394 1879 5456 ostendere
1899 5396 2036 5451 circa

463 5481 707 5540 mandata
733 5482 847 5547 Dei,
874 5491 927 5536 et
949 5498 1089 5537 nunc
1105 5483 1316 5553 quidem
1335 5483 1445 5552 ipsa
1471 5491 1724 5548 tremere,
1750 5500 1889 5548 nunc
1904 5502 2028 5539 vero

462 5574 654 5633 ntillam
669 5573 924 5642 rationem
946 5573 1141 5630 habere
1168 5575 1282 5644 ejus
1303 5576 1395 5645 qui
1417 5576 1559 5646 leges
1578 5576 1742 5643 dedit,
1765 5577 1890 5632 dum
1912 5593 2038 5634 con-

463 5663 673 5728 tumelia
691 5663 936 5720 afficitur.
959 5665 1164 5721 Etenim
1187 5668 1230 5720 si
1247 5683 1305 5722 se
1321 5682 1506 5737 purum
1526 5683 1780 5736 scrvarea
1795 5670 2035 5740 volupta-

527 5861 536 5912 ξ
576 5859 732 5920 savii,
760 5859 1036 5929 erliibcbis;
1067 5862 1154 5924 sed
1183 5864 1356 5927 eodem
1386 5865 1512 5914 redit
1544 5866 1803 5930 sententia.

3626 455 3731 511 521

2155 767 2340 819 parere
2359 792 2374 816 ,
2403 767 2526 805 vere
2553 752 2702 806 valde
2729 753 2981 822 sapientis
3009 755 3199 808 animae
3225 764 3305 810 est
3347 764 3401 808 et
3441 756 3685 810 sublimis
3710 799 3726 820 ,

2154 858 2282 898 sane
2322 843 2544 912 gloriam
2606 843 2700 898 Dei
2745 847 3064 900 contumelia
3108 861 3212 900 non
3260 847 3506 903 afficere.
3553 863 3724 916 neque

2157 933 2270 987 haec
2299 934 2470 988 facere
2490 975 2503 997 ,
2540 943 2751 1002 propter
2770 950 2886 1004 qua:
2908 934 3304 1004 blasphematur
3330 951 3359 990 a
3381 937 3561 990 multis
3581 977 3597 1002 ,
3629 936 3728 990 hoc

2154 1023 2306 1079 multi
2342 1040 2439 1078 nec
2462 1024 2614 1080 valde
2643 1026 2818 1093 magni
2848 1025 2983 1079 bene
3017 1035 3072 1080 et
3107 1041 3226 1080 cum
3277 1026 3731 1096 laudeprmstite-

2158 1124 2300 1169 runt.
2343 1115 2622 1182 Quomodo
2665 1115 2823 1184 igitur
2853 1115 2943 1169 tibi
2966 1116 3246 1173 credemus
3274 1117 3413 1187 quod
3469 1119 3570 1172 hoc
3606 1134 3731 1187 pro-

2154 1213 2272 1274 pter
2301 1205 2465 1259 Deum
2491 1213 2545 1258 et
2571 1220 2818 1260 asceseos
2844 1205 3074 1260 studium
3101 1206 3282 1274 facias,
3313 1208 3452 1278 quod
3479 1223 3726 1279 magnam

2153 1304 2206 1348 et
2231 1308 2542 1363 generosam
2568 1295 2799 1348 animam
2844 1297 3100 1365 requirit,
3131 1297 3345 1366 quando
3393 1298 3519 1353 illud
3542 1341 3557 1365 ,
3587 1299 3728 1367 quod

2153 1387 2358 1442 scilicet
2400 1389 2576 1443 minus
2604 1395 2685 1440 est
2710 1396 2764 1441 et
2789 1388 3036 1457 vulgare,
3065 1388 3340 1458 despicere
3388 1405 3492 1443 non
3543 1391 3734 1459 potes?

2155 1475 2333 1546 Neque
2374 1477 2631 1531 absistere
2683 1476 2761 1530 vis
2797 1477 2866 1532 ab
2912 1477 3009 1543 iis,
3068 1492 3098 1530 a
3129 1477 3320 1546 quibus
3366 1479 3474 1533 Deo
3515 1478 3737 1532 infertur

2156 1567 2378 1636 injuria,
2436 1576 2490 1621 et
2532 1581 2725 1636 corpus
2775 1575 2830 1620 et
2883 1567 3062 1621 omnia
3111 1567 3293 1636 prodis
3347 1583 3443 1636 pro
3497 1568 3560 1622 iis
3613 1584 3732 1640 qua:

2155 1672 2262 1710 non
2307 1657 2406 1726 ipsi
2443 1657 2775 1726 placent?Et
2809 1657 2892 1711 cui
2946 1656 3059 1711 btec
3103 1656 3406 1726 persuaderi
3453 1660 3737 1728 poterunt?

2154 1745 2257 1800 Sed
2286 1747 2468 1799 nescio
2493 1745 2758 1814 quomodo
2787 1761 2817 1799 a
2846 1745 3138 1816 virginibus
3165 1746 3228 1800 ad
3253 1762 3434 1800 earum
3457 1748 3732 1802 cohabita-

2154 1848 2296 1894 tores
2312 1839 2467 1893 simul
2497 1839 2830 1893 transiverim
2851 1853 2865 1904 ;
2888 1849 3171 1908 propterea
3195 1839 3376 1909 utique
3409 1839 3475 1892 ad
3517 1855 3611 1894 eas
3635 1857 3733 1894 no—

2153 1931 2236 1985 bis
2257 1930 2605 1984 redcuudum.
2714 1991 2720 1995 _

2224 2022 2276 2075 5.
2321 2018 2377 2073 Is
2404 2022 2492 2092 qui
2532 2021 2646 2074 aliis
2673 2018 2977 2086 offendicula
3018 2028 3112 2081 est.
3145 2020 3238 2074 hoc
3274 2021 3385 2090 ipso
3413 2030 3581 2090 pereat
3602 2062 3618 2085 ,
3646 2024 3735 2073 etsi

2153 2129 2254 2166 non
2284 2113 2415 2165 atate
2438 2121 2575 2181 agat.
2603 2142 2673 2151 —-
2698 2111 2850 2167 Unde
2881 2112 3036 2181 igitur
3068 2113 3191 2177 illis,
3219 2112 3306 2180 qui
3339 2112 3406 2163 ita
3445 2127 3536 2166 eas
3575 2127 3730 2164 accu—

2154 2213 2274 2258 sant
2315 2212 2367 2257 et
2405 2210 2862 2272 argumentantur,
2906 2217 3002 2256 nos
3041 2202 3337 2277 poterimus
3378 2202 3734 2269 persuadere?

2153 2293 2267 2348 Non
2297 2292 2733 2361 persuadeautur,
2762 2293 2852 2345 ait.
2888 2293 2968 2345 An
2998 2306 3124 2345 vero
3155 2293 3252 2360 pia:
3278 2291 3467 2344 animm
3491 2295 3589 2345 hoc
3621 2290 3732 2346 fue—

2153 2384 2261 2436 rit?
2289 2383 2437 2436 Tunc
2481 2382 2623 2435 cnim
2661 2381 2903 2435 maledici
2932 2380 3258 2450 despiciendi
3301 2389 3444 2446 sunt,
3488 2396 3607 2434 cum
3640 2395 3738 2436 nos

2153 2475 2255 2528 illis
2293 2487 2448 2526 ansas
2484 2487 2587 2525 non
2617 2473 3034 2540 praibuerimus;
3063 2473 3170 2525 imo
3196 2487 3366 2540 neque
3407 2481 3548 2535 tunc,
3578 2487 3738 2542 quan-

2152 2564 2436 2634 doquidem
2482 2564 2714 2632 ipsorum
2757 2563 3012 2618 obturare
3042 2578 3136 2617 ora
3179 2578 3495 2632 possumus;
3526 2565 3736 2634 quando

2152 2670 2327 2712 autem
2358 2666 2621 2730 totumex
2647 2655 2798 2709 nobis
2829 2664 2928 2720 est,
2963 2655 3017 2709 in
3059 2665 3298 2709 nostrum
3326 2657 3547 2710 vertitur
3576 2667 3734 2724 caput

2153 2757 2292 2802 totus
2336 2747 2488 2816 ignis.
2523 2746 2612 2800 Sic
2651 2746 2804 2809 enim,
2836 2745 2930 2810 ait,
2960 2753 3222 2814 peccantes
3261 2746 3312 2798 in
3339 2746 3540 2813 fratres,
3581 2756 3626 2799 et
3654 2747 3732 2798 in-

2152 2843 2352 2911 ﬁrmam
2380 2843 2604 2910 ipsorum
2643 2839 2996 2894 conscientiam
3025 2839 3372 2908 percuticntes,
3393 2839 3442 2891 in
3476 2838 3733 2892 Christum

2151 2939 2368 3007 peccatis
2397 2937 2472 3010 (1.
2505 2936 2622 2990 Cor.
2662 2935 2717 2990 8.
2747 2934 2860 3005 ‘12).
2890 2932 3104 2988 Sciebat
3142 2932 3306 2998 enim,
3337 2931 3537 2986 sciebat
3562 2931 3733 2984 mani-

2152 3029 2304 3094 feste,
2332 3028 2470 3097 quod
2516 3041 2622 3080 non
2665 3024 2934 3080 sufficeret
2970 3023 3037 3078 ad
3065 3023 3430 3078 defensionem
3474 3031 3728 3088 nostrain,

2150 3135 2334 3175 eorum
2363 3118 2450 3189 qui
2481 3117 2819 3172 offenduntur
2852 3115 3150 3180 infirmitas,
3185 3116 3277 3170 sed
3305 3116 3405 3170 hoc
3429 3117 3598 3187 ipsum
3632 3131 3729 3186 po-

2151 3213 2412 3268 tissimum
2462 3219 2544 3266 est
2590 3209 2729 3277 quod
2783 3207 3104 3264 condemnat
3152 3223 3270 3262 nos.
3326 3207 3535 3273 Quanto
3587 3209 3729 3262 enim

2153 3307 2394 3374 puriores
2433 3317 2616 3356 sumus
2660 3316 2690 3355 a
2731 3315 2888 3356 causa
2932 3316 3051 3369 qua:
3096 3300 3404 3366 intentatur,
3449 3309 3595 3355 tanto
3633 3316 3728 3355 nos

2151 3396 2352 3465 atquius
2377 3393 2765 3463 praestabimus,
2803 3391 2849 3445 si
2895 3389 3189 3462 infirmitati
3220 3404 3403 3444 eorum
3433 3405 3728 3459 parcamus.

2150 3485 2218 3540 Et
2239 3485 2470 3539 nondum
2502 3483 2621 3538 dico
2653 3481 2795 3552 quod
2825 3482 2910 3535 hic
2939 3480 3204 3536 immerito
3231 3480 3566 3535 effundantur
3591 3497 3604 3544 ;
3634 3482 3727 3535 sed

2148 3587 2377 3650 penatur
2402 3575 2542 3646 quod
2569 3575 2768 3644 absque
2794 3575 2996 3628 ratione
3024 3572 3125 3627 hoc
3151 3572 3417 3641 patiantur
3448 3591 3460 3626 :
3491 3589 3611 3626 nam
3635 3588 3732 3627 nec

2148 3669 2226 3724 sic
2271 3667 2598 3737 despiciendi
2647 3676 2792 3721 sunt.
2842 3665 2970 3732 Qua:
3022 3663 3277 3718 Romanis
3322 3679 3415 3733 per
3453 3665 3731 3732 episzolam

2148 3761 2388 3818 scribens
2417 3761 2612 3815 Paulus
2652 3759 2832 3813 docuit
2863 3773 2958 3812 nos
2998 3758 3073 3811 sic
3115 3757 3296 3811 dicens
3325 3773 3338 3809 :
3371 3754 3496 3808 Noli
3527 3766 3731 3825 propter

2147 3871 2312 3910 escam
2357 3853 2614 3907 destruere
2659 3867 2786 3921 opus
2829 3849 2924 3902 Dei
2967 3848 3142 3919 (fiant.
3193 3848 3280 3902 M.
3320 3846 3434 3916 ΞΟ).
3481 3847 3732 3912 Quamvis

2149 3947 2219 4001 illi
2262 3945 2553 4014 improvide
2595 3952 2745 3998 erant
2781 3941 2990 4006 offensi,
3031 3949 3263 3994 attamen
3314 3953 3418 3993 non
3468 3953 3587 3991 eum
3636 3938 3727 4007 qui

2147 4038 2452 4103 offenditur,
2486 4036 2578 4091 sed
2609 4035 2962 4091 olfeudcutem
2996 4034 3252 4103 increpat.
3286 4031 3414 4085 Nam
3452 4029 3589 4100 quod
3616 4030 3725 4099 jam

2148 4131 2394 4185 videlicet
2436 4128 2675 4182 dicebam
2723 4138 2777 4180 et
2820 4140 2962 4180 nunc
3006 4125 3126 4178 dico
3160 4142 3174 4178 :
3207 4123 3430 4190 Quando
3479 4137 3730 4191 magnum

2148 4219 2361 4289 aliquod
2389 4219 2589 4270 lucrum
2629 4216 2904 4268 obvenerit
2944 4221 2998 4268 et
3021 4214 3169 4281 plaga
3215 4213 3327 4280 ipsa
3370 4211 3556 4280 majus,
3596 4227 3728 4265 con-

2151 4310 2418 4365 temnemli
2446 4317 2568 4362 sunt
2596 4307 2682 4377 qui
2711 4305 3017 4361 scandalum
3049 4293 3315 4372 patiunttir
3345 4320 3357 4355 :
3385 4302 3594 4370 quando
3631 4318 3729 4355 au-

2147 4410 2252 4456 tem
2294 4401 2494 4454 nullum
2525 4391 2694 4452 fucrit‘
2722 4395 2970 4464 amplius,
3013 4409 3168 4463 quam
3196 4391 3336 4462 quod
3367 4390 3558 4445 infirmi
3597 4389 3728 4460 dn-ji-

2145 4495 2374 4558 ciantur,
2405 4490 2612 4546 etiamsi
2640 4489 2830 4543 millies
2861 4503 2922 4541 ex
2950 4484 3302 4554 imprudentia
3334 4483 3434 4536 hoc
3465 4483 3727 4551 patiantur

2147 4585 2242 4649 illi,
2280 4582 2602 4654 parcendum
2647 4583 2725 4636 eis
2761 4579 2900 4644 erit;
2929 4577 3177 4647 quoniam
3209 4585 3263 4630 et
3303 4575 3442 4629 Dens
3484 4589 3599 4642 eos,
3639 4576 3725 4643 qui

2147 4677 2427 4746 impellunt
2455 4675 2506 4729 in
2544 4675 2750 4744 lapsum
2787 4681 2840 4727 et
2866 4671 3137 4740 dejiciunt,
3175 4669 3280 4723 lata
3311 4667 3573 4721 sententia
3603 4681 3724 4732 sup~

2146 4769 2287 4838 plicii
2335 4767 2534 4837 puniet.
2578 4765 2710 4819 Nam
2756 4762 2888 4817 nihil
2927 4762 3195 4816 lucrautes
3232 4757 3391 4812 alium
3431 4756 3724 4817 offendere,

2145 4865 2398 4912 extrema:
2436 4855 2653 4910 malitia:
2697 4861 2798 4908 est.
2849 4851 2958 4905 Nos
3008 4858 3187 4904 autem
3234 4851 3446 4918 quando
3486 4846 3724 4900 videmus

2145 4948 2374 5018 aliquem
2421 4947 2714 5017 inquietum
2755 4943 2825 4997 ob
2866 4941 3169 4996 diuturnam
3214 4937 3590 5000 valetudinem,
3635 4951 3727 4988 eos

2145 5040 2235 5110 qui
2263 5040 2408 5093 illum
2436 5038 2775 5102 exacerbant,
2805 5034 2966 5088 domo
2995 5033 3274 5104 abigimus,
3304 5045 3474 5100 neque
3501 5029 3722 5082 multum

2145 5130 2494 5200 disputamus,
2524 5143 2590 5181 an
2617 5126 2759 5197 juste
2785 5126 2869 5179 vel
2907 5123 3102 5194 injuste
3141 5122 3216 5176 illi
3247 5122 3348 5175 hoc
3378 5117 3592 5183 faciant,
3621 5118 3713 5170 scd

2147 5229 2336 5292 negata
2365 5220 2474 5274 illis
2499 5219 2645 5273 omni
2672 5217 3002 5279 defensione,
3028 5223 3082 5268 et
3108 5213 3230 5266 huic
3253 5211 3373 5263 data
3404 5208 3472 5262 ob
3497 5207 3719 5261 infirmi-

2145 5321 2306 5368 tatem
2337 5310 2514 5376 venia,
2537 5308 2778 5379 quamvis
2809 5307 3003 5377 injuste
3029 5302 3394 5364 exacerbetur,
3421 5298 3535 5368 ejus
3561 5297 3722 5351 mise-

2146 5419 2344 5458 remur.
2374 5400 2523 5468 Quod
2550 5399 2594 5454 si
2622 5413 2718 5454 nos
2744 5398 2844 5452 hac
2876 5411 3000 5451 cura
3022 5395 3159 5448 circa
3189 5390 3413 5445 famulos
3441 5397 3495 5443 et
3522 5401 3719 5456 pueros

2143 5495 2364 5559 utimur,
2415 5500 2470 5546 et
2508 5505 2650 5560 smpe
2699 5489 2863 5543 lilium
2909 5487 2978 5540 ita
3020 5492 3326 5555 peccantem
3371 5479 3721 5550 flagellamus,

2145 5585 2312 5640 multo
2351 5584 2517 5653 magis
2546 5584 2713 5637 bonus
2761 5581 2900 5633 Deus
2943 5587 2996 5633 et
3045 5577 3281 5631 clemens
3323 5581 3376 5628 et
3414 5587 3595 5642 mquus
3625 5571 3726 5624 hoc

2144 5677 2321 5731 faciet.
2350 5675 2484 5744 Quid
2509 5672 2681 5729 dicis?
2706 5670 2944 5725 infirmus
2984 5677 3062 5723 est
3094 5667 3184 5736 qui
3208 5663 3532 5720 offenditur?
3563 5663 3724 5731 Igitur

2144 5765 2336 5836 dignus
2381 5775 2462 5819 est
2507 5763 2590 5818 cui
2638 5767 2906 5830 parcatur,
2955 5773 3060 5812 non
3096 5764 3154 5811 ut
3200 5755 3445 5809 laedatur.
3489 5751 3720 5805 Vulnera

2149 5857 2341 5927 habet?
2363 5857 2436 5912 Ne
2475 5855 2632 5926 igitur
2657 5859 2967 5920 atteramus,
2999 5848 3092 5905 sed
3116 5861 3386 5903 curemus.
3411 5843 3722 5912 Suspicatnr
