4138 6442
521 415 627 470 ξίειδ

518 533 658 583 male
695 539 743 583 et
776 529 1174 600 imprudenter?
1202 532 1365 603 igitur
1390 535 1694 590 auferamus
1721 537 2098 605 suspicionem,

524 635 632 674 non
654 610 941 689 augeamus
973 641 985 677 :
1018 624 1070 677 in
1097 621 1365 679 Christum
1398 627 1540 680 enim
1569 637 1752 696 peccat
1778 642 1896 696 quas
1924 626 1991 680 dc
2022 625 2104 680 ltts
2144 665 2151 671 -

521 713 813 769 contendit.
873 716 955 770 An
1012 733 1117 770 non
1170 717 1321 772 audis
1373 718 1425 772 itt
1476 718 1656 773 Vt-tcri
1710 719 1907 773 Mosem
1960 733 2103 789 saepe

518 802 811 870 dicentem,
842 803 978 859 Deus
1005 808 1190 861 zelotes
1215 817 1287 861 est
1315 806 1506 877 (Exod.
1556 807 1647 862 20.
1699 808 1790 881 5)?
1832 817 1885 861 et
1912 807 2102 862 iterum

516 896 694 950 Zelaui
727 894 1010 951 Jerusalem
1049 896 1233 970 (Zoch.
1267 900 1319 952 l.
1368 898 1493 969 l4):
1527 900 1577 953 in
1619 898 1769 953 Novo
1797 913 1924 953 vero
1967 899 2105 953 Pau-

520 987 627 1040 lum
673 989 1015 1054 clamantem,
1066 989 1482 1045 xEmulor‘enim
1530 1008 1616 1046 vos
1644 990 1742 1045 Dei
1788 992 2109 1046 ammtetione

524 1077 599 1144 (2.
637 1076 757 1133 Cor.
787 1080 874 1133 ll.
897 1079 975 1150 2).
1011 1080 1139 1141 line.
1174 1082 1220 1136 si
1246 1082 1376 1135 nihil
1396 1081 1558 1146 aliud,
1592 1080 1839 1137 sufﬁcere
1854 1082 2103 1149 debebat,

518 1185 585 1224 ne
627 1171 1027 1228 subverteretur
1062 1173 1256 1238 anima,
1288 1173 1448 1227 etiam
1488 1188 1595 1227 non
1624 1173 1775 1228 valde
1809 1172 2018 1228 infirma
2053 1181 2109 1229 et

522 1277 690 1332 aegra.
715 1260 847 1317 Cum
873 1263 1014 1319 enim
1051 1278 1137 1320 res
1175 1265 1311 1320 adeo
1345 1264 1414 1319 sit
1439 1265 1710 1333 terribilis,
1740 1265 1912 1321 dulcis
1940 1265 2108 1337 magis

522 1361 625 1420 est,
657 1368 815 1424 quam
846 1361 940 1414 tet.
967 1356 1117 1410 .tu'iis.
1160 1354 1461 1426 Numquam
1499 1357 1643 1411 enim
1678 1356 1828 1412 zelus
1866 1366 1968 1424 est,
1999 1371 2109 1413 non

522 1453 797 1515 praeeunte
820 1446 1039 1500 caritate
1061 1447 1234 1518 aliqua
1256 1447 1427 1505 calida
1449 1456 1506 1503 et
1534 1447 1792 1515 fervente,
1828 1447 1895 1503 ita
1926 1457 1983 1502 ut
2007 1447 2110 1503 hoc

522 1538 592 1594 sit
625 1547 992 1609 argumentum
1019 1539 1349 1596 vehementis
1382 1540 1725 1613 ardentisque
1751 1542 1845 1597 Dei
1871 1542 2109 1598 caritatis

521 1638 577 1686 et
601 1630 866 1686 amicitiae.
897 1629 1010 1686 Non
1047 1633 1190 1687 enim
1224 1632 1436 1689 affectio
1471 1642 1554 1689 est
1584 1634 1730 1689 zelus
1760 1634 1810 1688 in
1839 1635 1968 1701 Deo,
2013 1632 2108 1688 sed

523 1721 714 1776 volens
757 1721 1076 1778 immensum
1120 1739 1357 1779 amorem
1395 1739 1549 1780 suum
1599 1724 1959 1795 interpretari,
2006 1725 2110 1779 hoc

522 1824 667 1881 smpe
688 1826 818 1867 usus
843 1822 925 1869 est
955 1813 1190 1869 nomine.
1221 1814 1469 1870 Attamen
1502 1828 1600 1870 nos
1621 1814 1710 1885 qui
1731 1813 1885 1871 valde
1924 1813 2108 1868 insen—

519 1903 620 1958 sati
655 1904 721 1957 ad
752 1903 1010 1958 humanas
1039 1904 1336 1960 decidimus
1361 1903 1689 1967 affectiones,
1731 1920 1853 1961 eum
1879 1905 1970 1975 qui
2011 1918 2109 1959 nos

519 2006 725 2052 tantum
771 2008 914 2052 amat
954 1997 1277 2054 contumelia
1320 1998 1600 2065 allicimus,
1652 2013 1746 2053 eos
1789 2006 1964 2052 autem
2011 1997 2104 2068 qui

520 2087 653 2143 nihil
681 2089 834 2144 nobis
859 2090 1113 2159 prodesse
1133 2098 1358 2160 possunt
1385 2089 1633 2144 omnibus
1659 2088 1834 2143 modis
1859 2087 2103 2142 colimus.

518 2180 660 2248 Quid
692 2182 836 2235 enim
884 2182 998 2249 tibi,
1040 2198 1074 2235 o
1118 2182 1336 2248 misera,
1390 2188 1595 2235 tantum
1641 2180 1897 2250 prodesse
1937 2187 2108 2249 potest

517 2272 707 2343 frigida
740 2273 856 2330 hmo
896 2275 1240 2343 cohabitatio,
1281 2291 1402 2331 cum
1435 2284 1580 2330 tanto
1629 2273 1882 2334 thesauro
1921 2283 1972 2329 te
2003 2273 2109 2343 pri-

523 2367 653 2422 vet?
688 2367 842 2432 Vide,
888 2382 1070 2438 quaeso
1095 2385 1107 2422 :
1134 2367 1352 2423 deducit
1387 2375 1438 2423 te
1479 2382 1510 2423 e
1556 2366 1725 2432 caelis,
1770 2365 2011 2421 excludit
2054 2377 2109 2420 te

517 2456 785 2525 spirituali
812 2458 1065 2526 thalamo,
1087 2458 1321 2529 seiungit
1349 2466 1402 2514 te
1426 2472 1456 2512 a
1476 2457 1679 2513 caelesti
1708 2471 1927 2528 sponso,
1954 2466 2109 2527 parat

517 2548 616 2604 tibi
670 2549 985 2605 immortalia
1037 2551 1297 2620 supplicia
1352 2559 1408 2606 et
1457 2559 1722 2606 tormenta
1772 2550 1934 2604 finem
1999 2563 2106 2604 non

518 2640 789 2697 habentia.
830 2642 932 2696 Pro
963 2642 1045 2697 his
1080 2644 1125 2698 si
1154 2645 1347 2699 talenta
1379 2644 1659 2699 innumera
1684 2641 1950 2714 prazberet
1972 2656 2105 2700 con-

518 2734 812 2789 tubernalis
841 2743 987 2803 tuus,
1026 2735 1070 2790 si
1097 2737 1394 2805 promptior
1420 2744 1565 2792 esset
1602 2734 1880 2803 mancipiis
1908 2734 2109 2788 venali-

518 2827 627 2895 tiis,
657 2828 701 2882 si
733 2837 784 2883 te
825 2828 878 2883 in
904 2828 1093 2899 majori
1134 2828 1339 2884 honore
1367 2837 1422 2883 et
1449 2829 1707 2900 dignitate
1733 2828 2104 2893 constitueret,

515 2933 674 2987 quant
714 2919 783 2973 sit
806 2920 986 2989 regina
1011 2934 1025 2973 :
1057 2934 1123 2974 an
1149 2933 1256 2974 non
1281 2930 1340 2974 ut
1368 2919 1686 2974 damnosum
1713 2927 1768 2973 et
1805 2918 2102 2982 inimicum,

430 3074 431 3077 η
515 3018 571 3063 et
616 3010 764 3077 plura
810 3008 1139 3064 auferentem
1179 3024 1339 3081 quam
1373 3009 1608 3075 dantem,
1647 3009 1726 3063 sic
1773 3008 2009 3064 aversari
2053 3017 2109 3063 et

516 3099 641 3154 odio
671 3099 866 3156 habere
894 3102 1206 3170 oporteret?
1238 3100 1558 3171 Proponitur
1588 3100 1681 3156 tibi
1708 3115 1833 3156 cura
1860 3099 1928 3154 de
1952 3100 2108 3155 bonis

515 3193 839 3258 caelestibus,
881 3192 951 3248 de
990 3208 1157 3264 regno
1199 3193 1395 3259 futuro,
1441 3192 1509 3249 de
1550 3193 1659 3247 vita
1705 3191 2011 3257 immortali,
2037 3191 2107 3246 de

515 3284 770 3340 ineffabili
810 3286 1012 3355 gloria;
1043 3294 1097 3340 tu
1131 3300 1259 3340 vero
1288 3284 1497 3356 negotia
1543 3292 1749 3340 terrena
1779 3297 2108 3339 commemo-

515 3391 624 3442 ras,
661 3385 716 3431 et
741 3376 883 3432 hunc
912 3377 977 3432 ad
1024 3378 1111 3432 illa
1142 3378 1330 3433 utilem
1359 3378 1528 3432 risum
1568 3377 1700 3433 colis
1730 3376 1882 3446 quasi
1928 3375 2106 3434 domi-

518 3482 669 3535 num,
696 3475 753 3522 et
778 3483 882 3522 non
915 3478 967 3523 te
1005 3468 1259 3533 occultas,
1296 3481 1469 3538 neque
1506 3481 1628 3521 oras
1654 3477 1712 3522 ut
1745 3476 1797 3521 te
1833 3474 1975 3521 terra
2005 3467 2103 3522 ab-

515 3558 751 3623 sorbeat,
784 3559 944 3613 utsic
970 3559 1091 3615 inde
1118 3559 1348 3630 migras?
1372 3558 1478 3613 Sed
1519 3557 1885 3614 infirmitatem
1911 3558 2104 3617 mulie-

514 3648 627 3704 bris
675 3658 880 3704 natura:
920 3650 1050 3705 mihi
1100 3650 1366 3720 prmtexis,
1410 3660 1462 3705 et
1510 3650 1866 3706 humanorum
1910 3663 2103 3705 usuum

515 3739 988 3811 dispensationem,
1037 3750 1091 3797 et
1122 3743 1356 3811 quietem
1386 3740 1753 3808 domesticam,
1804 3741 2009 3812 fingens
2050 3748 2106 3797 et

513 3846 841 3901 componens
868 3842 1154 3903 praetorius
1183 3834 1274 3904 qui
1304 3850 1409 3888 non
1436 3835 1594 3889 sunt?
1624 3835 1693 3889 At
1718 3848 1891 3903 neque
1911 3834 1990 3889 sic
2008 3846 2105 3888 eos

514 3921 606 3989 qui
632 3935 728 3975 cor
753 3921 951 3976 habent
978 3923 1146 3977 falles.
1188 3922 1304 3976 Non
1349 3932 1435 3978 est
1476 3925 1639 3988 enim,
1684 3939 1791 3977 non
1819 3931 1904 3979 est
1927 3924 2101 3994 quies,

515 4029 635 4076 quae
677 4013 742 4068 ad
774 4023 972 4068 tantam
1006 4015 1383 4084 turpitudinem
1427 4024 1602 4086 cogat.
1641 4015 1831 4071 Mulier
1868 4018 2008 4071 enim
2055 4018 2101 4073 si

514 4103 762 4172 voluerit,
811 4119 916 4161 non
960 4106 1059 4161 sibi
1099 4106 1198 4176 ipsi
1240 4106 1438 4176 solum,
1483 4106 1579 4163 scd
1617 4117 1672 4163 et
1713 4109 1832 4164 aliis
1865 4109 2102 4178 pluribus

514 4193 744 4252 sufficiet
768 4195 833 4251 ad
869 4197 1224 4252 ministerium
1253 4215 1268 4253 :
1300 4199 1552 4269 quoniam
1591 4214 1713 4255 cum
1738 4199 1807 4255 ab
1845 4200 1995 4257 initio
2019 4202 2103 4257 vir

516 4295 688 4351 civilia
718 4286 927 4366 negotia
961 4296 1275 4369 susceperit,
1306 4289 1502 4354 mulier
1522 4290 1707 4353 sortita
1731 4298 1815 4344 est
1837 4290 2100 4345 domesti-

515 4399 635 4440 cam
678 4385 1191 4443 administrationem
1235 4398 1289 4445 et
1330 4404 1533 4445 curam.
1578 4388 1695 4445 Non
1726 4388 1885 4462 igitur
1909 4389 2103 4460 quietis

516 4476 709 4547 indiga;
736 4477 878 4532 intus
906 4480 1091 4549 rapitis
1114 4479 1279 4535 viros.
1307 4479 1389 4534 Ad
1418 4479 1546 4549 quid
1577 4480 1741 4551 ergo?
1773 4481 1944 4550 stupri
1982 4494 2104 4550 gra-

517 4566 590 4620 tia
623 4574 678 4623 et
704 4568 979 4623 libidinis?
1004 4568 1117 4639 Ego
1145 4569 1361 4641 quidem
1394 4584 1501 4624 non
1540 4571 1619 4625 sic
1655 4570 1903 4639 dixerim,
1941 4570 2098 4635 absit,

518 4657 628 4712 imo
653 4671 761 4712 non
785 4657 974 4712 desino
1007 4658 1291 4730 obiurgare
1317 4672 1412 4714 eos
1442 4660 1531 4730 qui
1557 4660 1636 4715 sic
1660 4658 1876 4715 dicunt:
1901 4661 2101 4716 utinam

515 4757 692 4802 autem
715 4746 967 4819 possibile
992 4758 1137 4806 esset
1175 4749 1225 4805 id
1252 4750 1610 4821 persuadere!
1638 4750 1768 4819 Quis
1805 4766 1933 4822 ergo
1961 4766 2100 4823 pra»

517 4847 717 4908 textus,
758 4854 877 4911 quae
911 4855 1069 4897 causa
1112 4840 1277 4898 efficit
1315 4849 1376 4897 ut
1426 4858 1539 4897 rem
1581 4843 1727 4898 illam
1765 4851 2098 4914 expetamus,

519 4931 730 5003 inquit?
758 4929 934 4987 inanis
964 4932 1154 5006 gloriae
1187 4948 1358 4991 amor.
1396 4933 1465 4990 Et
1501 4933 1950 5005 quemadmodum
1973 4935 2103 4990 viris

518 5022 766 5094 voluptas
794 5021 979 5079 frivola
1011 5034 1065 5077 et
1100 5025 1326 5093 misera,
1366 5025 1446 5082 sic
1473 5025 1578 5082 illis
1605 5024 1825 5082 honoris
1852 5026 2102 5097 concupi-

517 5117 721 5173 scentia
751 5116 853 5172 hoc
880 5119 1285 5175 contubernium
1317 5119 1587 5175 conciliat.

588 5208 834 5265 Mulieres
871 5225 1014 5266 vane
1038 5205 1215 5275 gloria:
1244 5213 1458 5283 cupidae.
1490 5242 1563 5254 —
1582 5211 1712 5268 Nam
1741 5226 1889 5267 vanae
1916 5213 2100 5282 gloriae

514 5303 765 5374 cupidum
810 5319 959 5374 paene
1002 5320 1161 5360 omne
1197 5304 1472 5360 hominum
1512 5319 1681 5375 genus
1721 5312 1826 5370 est,
1870 5306 2100 5360 maxime

517 5405 691 5451 autem
720 5396 999 5452 muliebre.
1022 5396 1150 5453 Nam
1172 5412 1293 5452 cum
1312 5411 1485 5467 neque
1499 5411 1632 5466 opus
1655 5395 1884 5452 habeant
1901 5396 2096 5467 quiete,

517 5488 659 5542 sicut
685 5488 1011 5543 declaratum
1037 5497 1137 5552 est,
1183 5504 1355 5558 neque
1383 5503 1504 5543 cum
1540 5489 1668 5558 ipsis
1702 5503 1815 5542 rem
1847 5488 2095 5555 habeant,

520 5580 857 5635 manifestum
880 5580 1020 5651 quod
1047 5582 1149 5635 hoc
1182 5581 1354 5635 solum
1402 5579 1662 5649 reliquum
1695 5587 1779 5634 est
1817 5579 2094 5649 suSpicari.

588 5671 642 5727 6.
683 5672 943 5737 Quoniam
984 5672 1140 5741 igitur
1165 5673 1301 5727 hanc
1343 5672 1466 5726 mali
1496 5671 1729 5727 radicem
1776 5671 2094 5740 invenimus,

517 5777 615 5832 age
638 5772 830 5817 caetera
853 5778 960 5818 non
983 5765 1438 5836 reprehendamus
1461 5780 1477 5831 ;
1505 5764 1886 5820 admoneamus
1914 5775 2097 5821 autem

522 5862 572 5907 et
597 5854 1033 5923 persuadeamus,
1071 5852 1210 5924 quod
1255 5855 1392 5910 sicut
1431 5855 1531 5911 Viri
1558 5857 1647 5927 qui
1681 5856 1987 5913 cobabitant
2013 5859 2093 5914 vi-

1228 417 1595 476 5.10.531le
1634 420 2107 511 CllRYSOSTOTvlJ
2149 396 2464 479 AllCllllCP.
2507 423 3041 483 CONSTANTINOP.

3689 433 3788 488 εει

2212 535 2404 591 dentur
2424 537 2636 607 quidem
2665 537 2937 606 voluptate
2960 536 3084 604 frui,
3109 538 3296 609 majori
3321 549 3494 595 autem
3524 552 3791 599 tormento

2212 628 2511 684 subdantur
2539 629 2759 701 (etenim
2787 631 2898 685 sola
2926 645 3053 701 pura
3085 639 3138 685 et
3176 630 3347 686 solida
3378 633 3646 701 voluptas,
3674 650 3791 704 quae

2213 734 2308 789 per
2333 720 2808 790 sequestrationem
2828 720 2932 792 est)
2961 738 2974 775 :
3005 721 3082 775 sic
3109 722 3290 791 utique
3314 732 3367 777 et
3393 738 3549 778 causa
3576 725 3791 783 illarum

2213 811 2391 867 habet.
2437 812 2658 869 Videtur
2709 815 2945 884 quidem,
2998 822 3055 869 ut
3096 815 3225 885 ipsa:
3274 817 3580 885 opinantur,
3626 818 3793 887 gloria

2212 904 2386 975 aliqua
2416 904 2541 959 hinc
2565 912 2621 960 et
2647 905 2862 960 claritas
2888 908 3071 970 nasci;
3100 909 3144 962 si
3171 916 3350 961 autem
3375 906 3656 977 diligenter
3681 909 3794 978 quis

2213 996 2544 1067 exquisierit,
2593 997 2749 1069 plena
2807 1006 2860 1053 et
2907 997 3104 1052 referta
3155 1007 3239 1052 est
3281 999 3412 1064 risu,
3459 998 3791 1057 confusione.

2213 1085 2519 1156 opprobriis
2545 1094 2600 1142 et
2616 1096 2857 1142 extrema
2884 1087 3194 1158 ignominia.
3223 1088 3288 1143 Et
3312 1088 3379 1144 de
3402 1088 3486 1143 his
3504 1090 3653 1145 dicta
3676 1102 3797 1151 sunt

2214 1177 2267 1231 in
2296 1176 2555 1247 principio
2578 1192 2769 1248 pauca,
2796 1177 3040 1234 dicentur
3068 1188 3244 1235 autem
3290 1188 3345 1237 et
3390 1196 3546 1236 nunc.
3581 1182 3666 1237 Sit
3703 1183 3796 1251 Egi.

2212 1277 2302 1321 tur
2320 1267 2410 1337 qui
2436 1267 2728 1334 eoltabitat,
2756 1269 2801 1323 si
2829 1268 2981 1334 velis,
3011 1283 3119 1324 non
3145 1270 3339 1340 aliquis
3367 1271 3483 1324 vilis
3508 1284 3684 1341 neque
3707 1272 3798 1325 ab-

2214 1358 2513 1428 jectus,sed
2532 1359 2626 1430 qui
2656 1359 2875 1413 multam
2900 1360 2952 1414 in
2972 1360 3211 1414 Ecclesia
3235 1359 3545 1431 dignitatem
3575 1360 3792 1427 habent,

2215 1458 2270 1504 et
2310 1450 2380 1505 ob
2412 1451 2624 1521 generis
2662 1450 3057 1516 claritudinem,
3113 1460 3171 1506 et
3223 1452 3295 1507 ob
3340 1451 3699 1521 eloquentiam
3747 1463 3800 1507 et

2213 1543 2467 1614 pietatem
2495 1543 2825 1599 admirabilis
2851 1545 2922 1599 sit
2946 1543 3217 1608 omnibus,
3249 1543 3424 1613 sitque
3450 1543 3799 1615 undequaque

2213 1633 2419 1701 clarus;
2452 1647 2624 1704 neque
2669 1634 2751 1688 vel
2792 1634 2870 1688 sic
2896 1633 3092 1703 poterit
3120 1632 3265 1693 illam
3293 1632 3469 1688 facere
3497 1633 3701 1689 claram
3741 1650 3798 1689 ac

2215 1725 2511 1796 probatam.
2536 1724 2770 1781 Gloriam
2792 1723 2933 1789 enim
2956 1723 3232 1780 habiturus
3250 1723 3511 1794 quispiam
3531 1738 3598 1779 ex
3625 1724 3796 1779 amici-

2215 1816 2285 1871 tia
2313 1832 2438 1887 erga
2464 1817 2718 1887 aliquem,
2743 1816 2885 1872 illius
2910 1816 3132 1888 gloriam
3160 1816 3310 1887 prius
3325 1815 3599 1875 custodire
3621 1816 3797 1882 debet,

2211 1908 2302 1978 qui
2318 1907 2518 1976 prabet
2534 1916 2590 1962 ut
2602 1906 2957 1978 glorificatur;
2973 1922 3093 1962 nam
3108 1907 3151 1961 si
3165 1907 3303 1963 illius
3316 1907 3484 1979 gloria
3494 1907 3795 1973 olfenditur,

2215 1998 2561 2069 multomagis
2579 2013 2728 2052 suam
2744 1998 3140 2071 ipsiusgloriam
3152 1997 3349 2068 dejicit.
3362 1998 3495 2055 Nam
3510 2001 3650 2054 sicut
3661 1999 3803 2055 finite

2213 2098 2483 2158 corrupto,
2511 2099 2565 2144 et
2584 2105 2704 2160 qua:
2724 2090 2846 2145 inde
2862 2099 3079 2144 manant
3096 2089 3291 2144 fluenta
3312 2090 3645 2158 corruptioni
3660 2107 3800 2146 com-

2160 2199 2167 2207 '
2212 2182 2505 2248 municant,
2533 2189 2587 2235 et
2611 2180 2790 2236 radice
2809 2190 3055 2251 corrupta
3076 2180 3247 2237 multo
3267 2182 3434 2252 magis
3458 2182 3664 2236 fructus
3682 2198 3800 2236 cor-

2210 2281 2526 2343 rumpantur
2542 2289 2556 2325 :
2576 2272 2656 2327 sic
2669 2281 2724 2328 et
2741 2287 2903 2338 nunc,
2924 2273 2970 2327 si
2988 2273 3032 2327 is
3047 2273 3138 2342 qui
3150 2273 3407 2343 virginem
3424 2272 3627 2329 claram
3651 2273 3800 2327 factu-

2214 2380 2302 2419 rus
2327 2375 2410 2418 est
2435 2363 2525 2419 fiat
2552 2364 2807 2421 ridiculus
2839 2365 2910 2420 ob
2950 2364 3420 2431 cohabitationem,
3448 2364 3567 2434 ipsa
3594 2379 3799 2435 quoque

2211 2465 2337 2509 ante
2368 2454 2515 2515 illum
2544 2464 2599 2510 et
2625 2470 2745 2511 eum
2776 2454 2869 2510 illo
2902 2454 3165 2511 ridebitur
3188 2471 3203 2521 ;
3229 2463 3285 2511 et
3318 2457 3365 2512 si
3400 2457 3613 2510 mulieri
3643 2466 3793 2511 antea

2208 2548 2493 2619 contigerit
2517 2548 2685 2618 gloria
2714 2548 2851 2604 bona
2871 2548 3010 2619 apud
3035 2549 3250 2614 multos,
3274 2564 3392 2604 eam
3418 2546 3601 2603 tamen
3626 2550 3801 2611 statim

2212 2639 2481 2710 ingressus
2520 2640 2611 2695 illa
2653 2639 2814 2695 domo
2859 2640 3065 2711 ejiciet;
3106 2649 3310 2695 tantum
3350 2640 3502 2696 abest
3544 2650 3607 2695 ιιι
3646 2640 3797 2695 aliam

2208 2744 2392 2784 secum
2417 2729 2607 2787 afferat
2635 2748 2648 2785 :
2680 2745 2743 2786 ac
2770 2730 2895 2787 licet
2921 2730 3081 2786 etiam
3119 2731 3233 2800 ipse
3263 2731 3456 2785 habeat
3481 2731 3648 2786 talem
3674 2732 3793 2787 cxi-

2210 2822 2594 2888 stimationem,
2627 2822 2768 2879 idem
2809 2823 2886 2878 illi
2928 2824 3220 2894 continget.
3261 2822 3377 2878 Non
3408 2824 3572 2894 igitur
3608 2823 3796 2882 famam

2210 2915 2362 2969 vobis
2387 2914 2580 2970 bonam
2609 2916 2823 2972 adducit
2848 2917 2964 2972 haec
2987 2916 3340 2983 consuetudo,
3363 2916 3455 2971 sed
3477 2931 3602 2971 eam
3627 2915 3798 2970 aufert

2208 3021 2371 3077 quam
2402 3007 2696 3073 habebatis,
2724 3016 2781 3063 et
2807 3008 3000 3062 malam
3033 3008 3253 3078 insuper
3279 3006 3475 3061 conﬁat
3502 3022 3666 3077 quam
3696 3022 3797 3061 non

2212 3099 2508 3155 habebatis.
2547 3101 2613 3154 Et
2640 3098 2783 3170 quod
2809 3099 2876 3154 de
2902 3098 3104 3156 Iudaeis
3129 3097 3387 3168 propheta
3421 3097 3574 3161 dicit,
3603 3113 3792 3168 appor-

2210 3199 2396 3247 tunum
2439 3200 2525 3246 est
2560 3192 2720 3246 etiam
2767 3205 2911 3246 nunc
2955 3190 3157 3246 dicere.
3198 3188 3261 3245 Si
3303 3189 3515 3243 mutabit
3553 3187 3794 3257 λΕιΙιὶορε

2212 3283 2391 3351 pellem
2433 3298 2600 3349 suam,
2639 3291 2685 3336 et
2729 3282 2920 3351 pardus
2955 3280 3182 3336 maculas
3215 3296 3335 3337 sum
3374 3278 3503 3351 (let.
3550 3280 3643 3334 15.
3682 3279 3791 3361 25).

2209 3374 2369 3430 etiam
2396 3375 2486 3444 qui
2513 3375 2705 3429 talibus
2723 3373 3049 3439 cohabitant,
3073 3370 3333 3426 maculam
3353 3369 3491 3425 hanc
3509 3369 3793 3441 aliquando

2209 3465 2479 3535 deponent
2525 3482 2539 3517 :
2590 3467 2668 3519 sic
2715 3462 3163 3534 quemadmodum
3215 3462 3428 3531 corpori
3476 3460 3793 3529 cauterium,

2209 3557 2486 3614 amborum
2537 3556 2920 3610 existimationi
2975 3554 3225 3619 inor-itur,
3269 3561 3324 3607 et
3376 3552 3514 3606 bona
3562 3551 3791 3621 ipsormn

2207 3648 2385 3703 omnia
2421 3646 2666 3701 offuscat.
2692 3645 2798 3705 Sed
2838 3644 2972 3700 forte
2998 3643 3222 3715 gloriam
3250 3651 3440 3714 putant
3467 3642 3574 3698 hoc
3602 3643 3788 3714 ipsum,

2209 3738 2475 3808 imperare
2516 3737 2665 3793 viris.
2711 3737 2782 3791 At
2815 3735 2919 3791 hoc
2955 3741 3039 3789 est.
3081 3734 3215 3790 mire
3252 3733 3554 3799 ridiculum,
3599 3743 3652 3786 et
3692 3747 3795 3800 quo

2209 3831 2438 3885 maxime
2464 3829 2760 3900 gloriantur
2786 3829 2916 3884 solm
2946 3828 3273 3883 meretrices.
3307 3826 3589 3883 Mulierum
3617 3825 3797 3895 utique

2206 3917 2496 3979 liberarum
2525 3930 2582 3978 et
2617 3932 2883 3977 castarum
2921 3920 3025 3976 hoc
3051 3910 3155 3976 non
3183 3918 3361 3986 fuerit,
3390 3919 3444 3974 in
3471 3918 3668 3974 talibus
3705 3932 3788 3971 re-

2210 4015 2350 4071 tibus
2378 4014 2641 4071 deliciarl.
2677 4014 2942 4082 Quoniam
2984 4022 3040 4070 et
3072 4012 3200 4070 hinc
3240 4013 3437 4069 iterum
3475 4013 3619 4069 aliud
3648 4014 3788 4083 igua.-

2208 4109 2386 4165 minia:
2413 4115 2808 4180 argumentum,
2840 4115 2897 4162 et
2922 4114 3124 4178 quanto
3149 4107 3321 4176 magis
3352 4107 3620 4178 imperant
3646 4105 3793 4173 viris,

2207 4207 2261 4255 et
2284 4200 2527 4271 graviora
2554 4200 2857 4270 iniungunt,
2881 4206 3030 4253 tanto
3055 4198 3223 4268 magis
3243 4197 3446 4266 seipsas
3464 4195 3791 4251 confundunt

2207 4309 2328 4348 cum
2357 4294 2506 4370 ipsis.
2537 4293 2652 4352 Non
2678 4293 2823 4348 enim
2856 4308 2974 4368 qua
3013 4305 3216 4352 servus
3246 4290 3367 4351 facit
3406 4290 3549 4350 viros
3585 4294 3786 4358 ﬁmiicr,

2207 4394 2300 4449 sed
2329 4410 2446 4463 qua:
2469 4404 2762 4457 reveretur,
2788 4393 3035 4447 omnibus
3059 4399 3140 4446 est
3161 4388 3450 4445 reverenda
3468 4398 3522 4442 et
3540 4387 3795 4457 gloriosa;

2207 4487 2259 4541 Si
2291 4496 2466 4541 autem
2500 4502 2603 4540 non
2634 4485 2987 4543 sustinuerint
3019 4483 3133 4538 haec
3162 4492 3344 4537 nostra
3371 4481 3552 4544 verba,
3586 4481 3677 4533 Dei
3706 4478 3783 4532 lex

2207 4578 2493 4633 oreluderc
2527 4592 2621 4633 ora
2659 4592 2841 4633 earum
2891 4584 3085 4647 potest,
3132 4574 3210 4629 sic
3248 4573 3435 4629 dicens
3465 4590 3479 4626 :
3510 4571 3591 4625 Ad
3632 4572 3788 4624 virum

2207 4677 2347 4722 tuum
2363 4669 2617 4722 conversio
2646 4676 2750 4732 tua,
2788 4676 2834 4720 et
2852 4666 2962 4736 ipse
2986 4665 3062 4721 tui
3087 4663 3446 4719 dominabitur.
3474 4659 3638 4732 Caput
3663 4661 3788 4714 enim

2206 4758 2431 4813 mulieris
2459 4758 2536 4812 vir
2559 4754 2709 4829 (Gen.
2734 4756 2785 4813 5.
2818 4756 2906 4811 16.
2940 4757 2989 4811 l.
3020 4754 3140 4811 Cor.
3172 4755 3259 4810 il.
3301 4754 3381 4825 3).
3411 4754 3480 4809 Et
3526 4750 3735 4807 aliunde
3756 4762 3789 4804 ο

2206 4849 2387 4904 multis
2423 4849 2557 4905 locis
2582 4845 2702 4919 quis
2730 4846 2833 4903 hoc
2857 4847 3094 4903 inveniet
3130 4846 3210 4902 sic
3237 4845 3442 4915 legibus
3474 4854 3708 4907 cautum,
3737 4849 3788 4893 et

2207 4939 2349 4994 hunc
2395 4939 2524 4994 olim
2561 4942 2743 4995 datum
2784 4953 2905 4994 esse
2946 4937 3214 4994 ordinem.
3261 4936 3445 5007 itaque
3482 4948 3672 5004 magna
3709 4939 3788 4987 est

2207 5029 2440 5099 fteditas,
2468 5030 2513 5086 si
2552 5032 2828 5102 superiora
2868 5032 2997 5085 ﬁant
3034 5028 3289 5084 inferiora
3310 5067 3326 5095 ,
3356 5034 3517 5096 caput
3542 5026 3783 5081 deorsum

2206 5133 2261 5181 et
2280 5137 2475 5195 corpus
2499 5138 2730 5179 sursum.
2752 5121 2907 5190 Quod
2933 5116 3059 5178 siin
3081 5120 3282 5192 nuptiis
3302 5120 3406 5176 hoc
3424 5130 3594 5188 turpe,
3627 5115 3786 5170 multo

2206 5215 2376 5285 magis
2400 5215 2456 5269 in
2478 5213 2582 5270 hoc
2602 5214 2896 5280 consortio,
2927 5208 3019 5268 ubi
3047 5227 3152 5267 non
3174 5211 3281 5267 hoc
3305 5210 3475 5266 solum
3502 5222 3662 5281 grave
3684 5212 3782 5269 est,

2204 5305 2345 5378 quod
2367 5306 2435 5360 sit
2455 5305 2811 5375 transgressio
2827 5303 3024 5359 divina:
3042 5304 3192 5373 legis,
3223 5301 3318 5357 sed
3339 5300 3481 5372 quod
3509 5298 3783 5370 mimant

2205 5409 2260 5456 et
2287 5400 2495 5455 mulieri
2524 5409 2579 5456 et
2603 5400 2676 5454 illi
2705 5398 2893 5454 aderat
2919 5397 3132 5453 famam.
3158 5395 3290 5451 Nam
3318 5396 3364 5452 si
3385 5394 3689 5451 cohabitare
3708 5396 3789 5441 est

2207 5500 2381 5560 turpe,
2410 5490 2579 5545 multo
2608 5491 2776 5560 magis
2797 5488 3191 5546 cohabitantem
3219 5488 3335 5542 viro
3362 5482 3642 5540 dominari.
3672 5478 3781 5535 Non

2205 5584 2345 5638 enim
2377 5584 2727 5654 undequaquc
2766 5584 3030 5652 imperare
3074 5579 3286 5636 laudem
3324 5577 3502 5640 habet,
3544 5572 3634 5630 sed
3675 5568 3780 5623 fieri

2205 5685 2379 5747 potest
2414 5685 2475 5731 ut
2509 5676 2599 5746 qui
2639 5676 2933 5747 imperatur
2969 5672 3325 5739 laudabiliter,
3354 5678 3408 5725 et
3444 5668 3533 5739 qui
3564 5668 3787 5732 imperat

2206 5770 2431 5837 turpiter
2455 5776 2595 5839 agat.
2623 5767 2805 5838 itaque
2841 5767 2886 5821 si
2925 5766 3002 5821 vis
3036 5766 3088 5820 in
3116 5764 3470 5819 admiratione
3508 5774 3624 5816 esse
3650 5752 3781 5824 apud

2208 5860 2372 5928 viros,
2406 5859 2536 5915 nihil
2570 5860 2660 5916 tibi
2687 5871 2970 5918 commune
2998 5857 3208 5912 sitcum
3230 5854 3378 5924 ipsis,
3407 5852 3636 5924 procula
3661 5859 3778 5900 mna
