4138 6436
401 521 795 590 ἐπιτείνωμεν·
831 523 909 584 είς
941 522 1050 594 γὰρ
1079 521 1312 594 Χριστὸν
1345 520 1507 574 αὑτὸν
1558 517 1709 591 [258]
1736 517 1986 588 ἁμαρτά-

404 624 518 669 νεις
563 604 789 658 τοιαῦτα
827 605 1306 674 φιλονεικοῦσα.“Η
1338 605 1438 658 οὐκ
1485 601 1702 664 ἀκούεις
1751 599 1988 668 συνεχῶς

407 689 466 742 ὲν
499 688 597 758 μὲν
635 689 701 758 τῇ
743 687 956 757 Παλαιᾷ
985 687 1078 740 τοῦ
1111 687 1390 750 Μωῦσέως
1429 686 1677 754 λέγοντος
1713 685 1817 745 ὅτι,
1846 681 1990 748 Θεός

404 773 540 826 ἐστι
577 769 876 840 ζηλωτήςς
915 771 1082 824 αὑτοῦ
1111 771 1169 824 δὲ
1197 773 1301 836 ὅτι,
1319 768 1612 839 Ὲζήλωκα
1641 768 1754 836 τὴν
1783 767 2020 833 Ἱερου-·

407 853 650 922 animi;
685 856 742 908 έν
772 854 828 908 δὲ
855 859 922 926 τῇ
949 856 1123 927 Καινῇ
1156 854 1252 908 τοῦ
1280 853 1494 908 Παύλου
1523 851 1750 922 βοῶντος
1771 867 1785 880 ο
1813 845 1991 918 Ζηλᾶ)

407 937 520 1007 γὰρ
550 937 710 1006 ὑμᾶς
748 938 894 992 Θεοῦ
925 938 1102 1006 ζήλῳ.
1138 937 1328 1001 Τοῦτο,
1369 939 1418 990 εί
1462 938 1558 992 καὶ
1595 936 1760 1006 μηδὲν
1807 933 1990 1003 ἕτερον

407 1020 558 1085 ἀλλο,
593 1020 774 1076 ἱκανὸν
803 1017 872 1094 ἦν
903 1022 1003 1094 τὴν
1037 1022 1112 1094 μὴ
1151 1022 1358 1093 σφόδρα
1385 1019 1648 1074 νοσοῦσαν
1688 1017 1782 1071 καὶ
1813 1013 1990 1086 ἀπηλ-

407 1106 654 1177 γημένην
702 1106 1028 1177 ἐπιστρέψαι
1075 1107 1284 1178 ψυχήν·
1329 1104 1474 1158 οὑτω
1503 1104 1612 1173 γὰρ
1652 1099 1879 1172 φοϐερὸν
1909 1098 1988 1160 ὃν,

407 1191 508 1262 ήδὺ
545 1189 745 1260 μᾶλλόν
785 1191 954 1254 ἐστιν,
981 1191 1014 1262 ἢ
1050 1190 1300 1263 φοϐερόν.
1329 1191 1405 1244 Οὐ
1435 1187 1545 1259 γὰρ
1567 1188 1634 1242 ἂν
1666 1185 1826 1256 ξῆλός
1861 1199 1990 1237 ποτε

405 1273 640 1345 γένοιτο,
669 1272 743 1343 μὴ
775 1272 982 1344 θερμῆς
1010 1291 1155 1337 τινος
1193 1275 1288 1327 καὶ
1324 1273 1554 1342 ζεούσης
1585 1267 1993 1342 προϋποκειμέ-

406 1372 506 1428 νης
531 1355 786 1426 ἀγάπηςο
818 1355 957 1411 ὥστε
989 1356 1224 1426 σφοδρᾶς
1267 1356 1365 1410 καὶ
1411 1351 1814 1426 πεπυρωμένης
1849 1350 1985 1420 ἀγά-

408 1455 520 1510 πης
550 1439 644 1492 τοῦ
673 1439 808 1492 Θεοῦ
838 1439 930 1494 καὶ
961 1439 1142 1508 φιλίας
1176 1439 1476 1510 τεκμήριον
1509 1435 1668 1490 τοῦτό
1705 1437 1871 1488 ἐστιν.
1897 1433 1994 1487 Οὑ-

405 1521 464 1574 δὲ
495 1522 605 1592 γὰρ
635 1521 803 1586 πάθος
833 1523 979 1575 ἐστὶν
1002 1525 1032 1574 6
1054 1521 1216 1592 ζῆλος
1246 1522 1339 1576 ἐπὶ
1363 1521 1520 1582 Θεοῦ,
1562 1517 1700 1572 ἀλλὰ
1725 1519 1825 1581 τὴν
1848 1517 1991 1586 ἄφα-

404 1621 498 1658 τον
519 1603 684 1658 αὑτοῦ
709 1605 1087 1676 φιλοστοργίαν
1105 1603 1440 1676 ἑρμηνεῦσαι
1465 1602 1806 1673 βουλόμενος,
1819 1599 1995 1671 τούτῳ

408 1686 669 1751 πολλάκις
707 1689 1084 1759 ἀποκέχρηται
1126 1687 1206 1758 τῷ
1232 1687 1476 1758 ὀνόματι.
1496 1685 1634 1738 Ἀλλ’
1658 1685 1807 1756 ὅμως
1832 1685 1993 1754 ἡμεῖς

405 1769 457 1822 οί
484 1770 690 1842 σφόδρα
715 1769 1031 1840 ἀναίσθητοι
1060 1770 1196 1842 πρὸς
1238 1769 1336 1834 τὰς
1367 1769 1714 1840 ἀνθρωπίνας
1757 1763 1993 1820 καταπί-

409 1870 618 1922 πτομεν
668 1853 1033 1924 συμπαθείας,
1059 1853 1156 1906 καὶ
1183 1853 1274 1906 τὸν
1324 1853 1421 1924 μὲν
1457 1850 1632 1914 οὕτως
1662 1849 1822 1922 ἡμῶν
1863 1867 1997 1920 σφο-

405 1935 554 2008 δρῶς
573 1935 784 2007 ἐρῶντα
809 1936 1232 2008 καθυϐρίξομεν,
1259 1937 1387 2000 τοὺς
1406 1935 1464 1988 δὲ
1489 1935 1640 1988 οὐδὲν
1663 1935 1994 2004 δυναμένους

406 2020 690 2090 ὠφελῆσαι
723 2022 884 2075 παντὶ
915 2021 1104 2092 τρόπῳ
1137 2019 1538 2092 θεραπεύομεν.
1575 2019 1640 2072 Τί
1677 2017 1786 2091 γάρ
1829 2035 1908 2083 σε,
1947 2011 1996 2070 ὦ

406 2105 742 2176 ταλαίπωρε,
764 2105 1019 2159 τοσοῦτον
1050 2106 1242 2176 όνῆσαι
1267 2105 1558 2175 δυνήσεται
1583 2105 1616 2174 ἡ
1644 2102 1828 2174 ψυχρὰ
1853 2102 1991 2173 αὕτη

411 2189 740 2258 συνοίκησις,
763 2189 904 2244 ὅσων
935 2189 1188 2244 ἐκϐάλλει
1221 2206 1280 2242 σε
1316 2186 1640 2259 θησαυρῶν;
1673 2188 1874 2241 Σκόπει
1901 2186 1992 2240 δέ’

407 2270 655 2339 Κατάγει
687 2287 747 2323 σε
781 2273 846 2325 ἐκ
877 2272 988 2324 τῶν
1013 2271 1278 2344 οὐρανῶν,
1311 2269 1405 2324 τοῦ
1437 2270 1723 2342 νυμφῶνος
1752 2269 2004 2324 ἀπελαύι

407 2371 489 2406 νει
531 2353 626 2406 τοῦ
678 2354 1072 2424 πνευματικοῦ,
1105 2351 1453 2423 διαξεύγνυσί
1498 2369 1558 2404 σε
1603 2351 1698 2404 τοῦ
1739 2351 1990 2424 οὐρανίου

407 2439 669 2508 νυμφίου,
705 2437 958 2509 προξενεῖ
979 2439 1074 2510 τὴν
1101 2439 1370 2494 ἀθάνατον
1399 2439 1640 2504 κόλασιν,
1663 2437 1733 2490 τι).
1772 2436 1992 2506 βασανι-

409 2522 610 2592 στήρια
636 2519 704 2574 τὰ
726 2521 880 2584 τέλος
903 2521 1004 2574 οὐκ
1037 2521 1248 2592 έχοντα.
1290 2523 1435 2576 ’Λντὶ
1458 2521 1684 2586 τούτων,
1713 2522 1762 2574 εἰ
1803 2519 1870 2572 τὰ
1905 2519 1994 2589 μέ-

407 2603 578 2659 ταλλα
624 2604 850 2676 χρυσίου
900 2607 1158 2676 παρεῖχεν
1200 2605 1230 2656 6
1279 2606 1544 2659 συνοικῶν
1586 2603 1776 2674 μυρία,
1810 2600 1992 2656 εἰτῶν

407 2689 816 2760 ἀργυρωνήτων
867 2705 946 2742 σοι
1001 2688 1200 2760 μᾶλλον
1245 2689 1502 2744 ὑπέκειτο
1535 2687 1905 2759 ἀνδραπόδων,
1942 2686 1992 2738 εἰ

404 2774 508 2842 τῆς
540 2771 806 2842 βασιλίδος
831 2772 1000 2842 αὐτῆς
1032 2773 1090 2826 ἐν
1116 2773 1321 2828 πλείονί
1355 2791 1413 2827 σε
1445 2775 1539 2828 καὶ
1571 2775 1702 2844 τιμῇ
1729 2773 1823 2826 καὶ
1865 2773 1995 2825 ἀνα-

409 2855 611 2910 παύσει
642 2856 896 2927 καθίστη,
929 2853 1038 2928 ἆρα
1063 2857 1162 2927 οὑχ
1191 2857 1266 2920 ὠς
1295 2857 1552 2929 λυμεῶνα
1572 2859 1666 2912 καὶ
1687 2857 1880 2929 ἐχθρὸν
1901 2856 1995 2910 καὶ

411 2941 636 3012 μείζονα
684 2941 1086 3014 ἀφαιρούμενον
1135 2941 1169 3012 ἦ
1216 2941 1448 3004 διδόντα,
1492 2941 1636 2996 οὕτω
1684 2943 1861 3012 μισεῖν
1903 2940 1996 2994 καὶ

407 3027 849 3100 ἀποστρέφεσθαι
877 3027 984 3080 ἔδει
1007 3043 1022 3092 ;
1055 3027 1191 3098 Περὶ
1218 3028 1330 3081 τῶν
1358 3030 1415 3081 ὲν
1444 3029 1558 3090 τοῖς
1589 3027 1838 3096 οὐρανοῖς
1857 3027 1994 3092 ἀγα-

409 3110 520 3165 θῶν
555 3112 586 3164 ὁ
615 3111 772 3180 λόγος
813 3129 894 3164 σοι
924 3112 1233 3184 πρόκειται,
1263 3111 1392 3182 περὶ
1416 3111 1513 3182 τῆς
1540 3111 1656 3164 ἐκεῖ
1693 3107 1990 3178 βασιλείας,

409 3197 540 3266 περὶ
573 3200 670 3266 τῆς
695 3195 968 3250 ἀθανάτου
1000 3194 1167 3264 ζωῆς,
1197 3195 1324 3264 περὶ
1347 3194 1446 3265 τῆς
1474 3193 1788 3264 ἀπορρήτου
1811 3191 1990 3258 δόξης·

409 3279 476 3346 σὺ
524 3277 582 3330 δὲ
625 3280 829 3348 γηΐνων
865 3277 1229 3348 μνημονεύεις
1260 3276 1625 3347 πραγμάτων,
1651 3275 1747 3329 καὶ
1795 3275 1886 3328 τὸν
1937 3276 1996 3327 ὲν

405 3361 638 3424 ἐκείνοις
685 3363 953 3433 χρήσιμον
997 3355 1136 3415 εἶναι
1162 3359 1424 3414 δοκοῦντα
1455 3358 1779 3431 θεραπεύεις
1807 3358 1996 3430 ὥσπερ

405 3445 692 3516 δεσπότην,
723 3445 818 3498 καὶ
859 3444 924 3498 οὑ
956 3445 1220 3515 καταδύῃ,
1250 3443 1373 3498 οὐδὲ
1411 3441 1548 3514 εὔχῃ
1594 3441 1878 3514 διαστῆναί
1913 3458 1996 3494 σοι

405 3529 506 3598 τὴν
545 3529 670 3599 γῆν,
707 3529 802 3581 καὶ
843 3525 1018 3592 οὑτως
1064 3527 1278 3582 ἐνθένδε
1317 3527 1607 3594 ἀπελθεῖνς
1663 3526 1804 3580 Ἀλλ’
1831 3525 1994 3580 ἀσθέ-

406 3613 559 3666 νειάν
600 3629 692 3682 μοι
735 3610 1014 3683 προϐάλλῃ
1049 3611 1368 3680 γυναικείας
1397 3611 1634 3682 φύσεως,
1669 3610 1764 3664 καὶ
1798 3609 1995 3682 χρειῶν

405 3693 767 3765 ἀνθρωπίνων
791 3694 1126 3764 οίκονομίαν,
1149 3695 1244 3748 καὶ
1266 3694 1574 3747 ἀνάπαυσιν
1600 3693 1699 3764 τὴν
1727 3693 1870 3747 κατά
1895 3692 1996 3763 τὴν

403 3778 604 3840 οἰκίαν,
639 3777 946 3830 πλάττουσα
973 3782 1066 3831 καὶ
1089 3779 1400 3832 συντιθεῖσα
1421 3776 1520 3840 τὰς
1545 3777 1646 3831 οὑκ
1670 3775 1838 3841 οὔσας
1862 3795 1994 3847 προ-

406 3861 620 3930 φάσεις.
640 3861 776 3914 Ἀλλ’
801 3860 910 3914 οὐδ’
938 3860 1112 3926 οὕτως
1142 3863 1328 3935 λήσεις
1351 3867 1477 3930 τοὺς
1503 3865 1628 3920 νοῦν
1659 3865 1900 3935 ἔχοντας.
1918 3863 1992 3916 Οὐ

407 3945 517 4018 γάρ
550 3948 721 4012 ἐστιν,
748 3946 848 4000 οὐκ
875 3945 1022 4000 ἐστιν
1063 3947 1374 4014 ἀνάπαυσις
1422 3953 1456 4021 ή
1502 3945 1996 4017 καταναγκάζουσα

406 4029 646 4085 τοσαῦτα
691 4031 1042 4098 ἀσχημονεῖν.
1093 4031 1238 4102 Γυνὴ
1291 4032 1420 4102 γὰρ,
1455 4034 1505 4086 εί
1557 4031 1868 4102 βουληθείη,
1893 4030 1993 4100 οὐχ

408 4114 575 4182 ἑαυτῇ
612 4110 794 4181 μόνον,
821 4110 958 4164 ἀλλά
1007 4113 1104 4166 καὶ
1151 4113 1363 4184 ἑτέροις
1395 4114 1617 4184 ἀρκέσει
1649 4114 1888 4166 πλείοσιν
1914 4115 1992 4176 εἰς

404 4195 436 4254 δ
459 4195 683 4250 ακονίαν
704 4210 717 4224 ·
749 4193 871 4246 ἐπεὶ
897 4194 994 4248 καὶ
1016 4191 1078 4257 ἐξ
1095 4195 1275 4264 ἀρχῆς
1297 4195 1394 4248 τοῦ
1425 4195 1616 4266 ἀνδρὸς
1644 4195 1712 4247 τὰ
1743 4195 1993 4247 πολιτικὰ

408 4279 712 4349 πράγματα
745 4276 1021 4348 λαχόντος,
1052 4276 1112 4330 τὸ
1156 4279 1426 4350 οἰκουρεῖν
1469 4278 1606 4350 αὐτὴ
1649 4279 1744 4332 καὶ⁹
1789 4281 1995 4330 οἰκονο-

411 4364 532 4432 μεῖν
549 4364 619 4414 τά
643 4360 788 4420 ένδον
808 4360 1024 4414 ἅπαντα
1046 4361 1176 4429 ὲκλη
1185 4360 1418 4432 ρώσατο.
1439 4363 1513 4416 Οὐ
1543 4351 1722 4416 τοίνυν
1749 4362 1996 4416 ἀναπαύ-

410 4461 549 4507 σεως
595 4445 848 4514 δεόμεναι
899 4441 1091 4496 ἕλκετε
1137 4445 1266 4508 τοὺς
1310 4445 1510 4516 ἀνδρας
1542 4445 1709 4500 ἔνδον.
1729 4445 1890 4501 Ἀλλά
1919 4445 1996 4518 τίς

408 4527 577 4598 φησί’
616 4527 872 4600 πορνείας
897 4526 1083 4581 ἕνεκεν
1112 4528 1207 4582 καὶ
1243 4529 1562 4598 ἀσελγείας;
1603 4530 1746 4598 Ἐγὼ
1779 4530 1876 4600 μὲν
1897 4530 1998 4582 οὐκ

405 4609 476 4680 ᾆν
498 4609 710 4680 εἴποιμι
741 4609 924 4674 τοῦτο,
961 4611 1036 4682 μὴ
1063 4611 1296 4680 γένοιτοί
1323 4612 1459 4666 ἀλλά
1486 4613 1580 4666 καὶ
1607 4616 1720 4676 τοῖς
1747 4612 1996 4680 λέγουσιν

408 4693 679 4794 ἐπιτιμῶν
699 4694 758 4748 οὐ
785 4692 1034 4764 παύομαι
1053 4711 1068 4724 ·
1096 4694 1210 4748 εἰθε
1235 4695 1291 4748 δὲ
1314 4697 1408 4749 καὶ
1439 4699 1624 4749 τεῖσαι
1651 4696 1876 4750 δυνατὸν
1904 4691 1991 4765 ἦν.

411 4773 857 4794 ..ηςηηιηηνι
989 4775 1006 4794 ρ
1212 4779 1224 4794 .
1332 4777 1357 4794 ι.
1449 4779 1462 4794 .
1543 4781 1634 4794 ...
1719 4777 1732 4794 .
1857 4781 1878 4794 .

411 4773 508 4839 Τίς
533 4773 627 4830 οὖν
645 4777 805 4833 ’ἐστιν
833 4777 868 4846 ή
900 4775 1174 4846 πρόφασις
1201 4779 1236 4847 ή
1257 4777 1505 4832 ποθεινὸν
1533 4781 1663 4850 ἡμῖν
1684 4777 1744 4832 τὸ
1767 4781 1998 4848 πρᾶγμα

411 4856 672 4924 mucida;
708 4857 864 4929 φησι.
897 4858 1217 4924 Κενοδοξίας
1261 4859 1423 4930 ἔρως.
1459 4863 1569 4922 Καὶ
1607 4861 1862 4931 καθάπερ
1903 4861 2000 4913 ἀν·-

408 4940 600 5013 δράσιν
630 4942 791 5014 ήδονὴ
821 4941 1008 5014 ψυχρὰ
1046 4944 1142 4997 καὶ
1180 4941 1548 5014 ταλαίπωρος,
1578 4945 1720 4998 οὕτω
1747 4945 1840 4998 καὶ
1868 4943 2001 4996 ταύ-

409 5045 534 5090 ταις
555 5026 870 5097 φιλοτιμίας
893 5025 1161 5098 ἐπιθυμία
1193 5024 1294 5097 τὴν
1315 5028 1652 5098 ὀμοσκηνίαν
1677 5028 1886 5098 ταύτην
1910 5028 2002 5098 έρ-

411 5109 662 5181 γάζεται.

485 5212 774 5280 Κενόδοξον
813 5214 910 5284 μὲν
951 5213 1120 5274 ἅπαν,
1151 5215 1227 5277 ὡς
1250 5215 1445 5278 εἰπεῖν,
1475 5212 1538 5268 τὸ
1567 5212 1678 5267 τῶν
1698 5213 1794 5267 ἀνθ
1803 5213 2001 5284 ρώπων

416 5295 588 5363 γένος,
623 5297 857 5366 μάλιστα
883 5297 940 5350 δὲ
967 5297 1029 5350 τὸ
1059 5299 1391 5366 γυναικεῖον*
1411 5298 1540 5352 ὅταν
1563 5299 1671 5370 γάρ
1699 5299 1835 5368 μήτε
1871 5297 2002 5349 ἀνα-

414 5379 665 5444 παύσεως
715 5381 962 5444 δέωνται,
994 5380 1245 5453 καθάπερ
1286 5381 1684 5446 ἀποδέδεικται,
1719 5381 1856 5451 μήτε
1882 5381 1995 5434 δια-

416 5461 744 5536 φθείρωνται
791 5466 907 5532 μετ*
937 5464 1140 5528 αὐτῶν,
1173 5463 1393 5543 εὑδηλον
1435 5465 1517 5518 ὅτι
1551 5464 1708 5518 τοῦτο
1753 5463 1999 5518 λείπεται

417 5545 746 5600 ὑποπτεύειν
775 5545 956 5616 μόνον.

489 5680 566 5738 ς’.
601 5672 754 5726 Ἐπεὶ
767 5668 860 5728 οὖν
875 5673 1045 5748 αὐτὴν
1061 5675 1154 5729 τοῦ
1183 5674 1353 5729 κακοῦ
1379 5676 1478 5747 τὴν
1493 5677 1650 5746 ῥίζαν
1661 5677 2000 5750 εὑρήκαμεν,

416 5755 552 5828 φέρε
583 5757 770 5810 λοιπὸν
813 5759 874 5812 τὸ
917 5759 1176 5828 ἐγκαλεῖν
1218 5758 1468 5830 ἀφέντες,
1500 5761 1858 5833 παραινῶμεν
1910 5761 2003 5812 καί

417 5837 568 5911 ι259]
605 5840 902 5913 πείθωμεν,
933 5843 1016 5896 ὅτι
1053 5843 1303 5913 καθάπερ
1331 5843 1439 5897 τῶν
1479 5844 1688 5917 ἀνδρῶν
1733 5847 1782 5897 οἱ
1825 5861 2000 5898 συνοι-

417 5921 637 5987 κοῦντες
694 5925 885 5989 αὐταῖς
952 5924 1168 5978 δοκοῦσι
1225 5927 1320 5996 μέν
1373 5927 1560 5998 ἡδονὴν
1614 5928 1993 6000 καρποῦσθαι,

417 6003 622 6071 πλείονι
647 6008 700 6062 δὲ
728 6007 1139 6080 περιϐάλλονται
1168 6009 1384 6079 βασάνῳ
1417 6009 1526 6064 (καί
1559 6009 1666 6082 γὰρ
1687 6013 1870 6082 ἐκείνη
1903 6014 1989 6084 {tr}

933 409 1119 477 QUOD
1155 405 1571 463 REGULARES
1605 403 1884 460 FEMIM‘.
1925 403 2109 459 wms
2145 401 2586 460 commune:
2622 403 2762 461 NON
2803 405 3136 462 0153mm.

3567 407 3673 465 524
3710 461 3721 472 ,

2091 533 2156 584 νη
2191 515 2408 586 καθαρὰ
2447 517 2643 586 γένοιτ’
2673 517 2740 572 ἂν
2769 519 2935 592 ἡδονὴ
2979 520 3074 576 καὶ
3112 521 3358 590 μόνιμος,
3389 521 3538 592 ἡτοῦ
3569 541 3675 594 χω-

2091 598 2288 670 ρισμοῦ
2307 607 2348 668 ),
2375 599 2517 654 οὕτω
2557 601 2621 673 δὴ
2663 602 2756 656 καὶ
2781 603 3029 666 ταύταις.
3061 605 3220 656 Δοκεῖ
3257 603 3376 674 μὲν,
3402 604 3478 668 ὡς
3508 600 3672 671 αὗται

2091 681 2386 752 νομίζουσι,
2418 680 2544 747 δόξα
2573 701 2656 747 τις
2683 684 2932 738 ἐντεῦθεν
2980 685 3074 740 κού⁸
3125 687 3452 758 περιφάνεια
3491 690 3672 744 τίκτε-
3702 741 3708 748 .

2092 765 2246 819 σθαι·
2283 767 2412 820 είδὲ
2436 767 2677 838 ἀκριϐῶς
2715 785 2800 832 τις
2843 769 3137 836 ἐξετάσειε,
3167 771 3400 840 γέλωτος
3442 772 3538 824 καὶ
3584 776 3668 828 αί-

2093 849 2292 920 σχύνης
2313 850 2410 903 καὶ
2437 849 2655 905 ὀνειδῶν
2684 851 2780 904 καὶ
2803 851 2902 923 τῆς
2929 854 3162 924 ἐσχάτης
3191 856 3528 925 ἐμπίπλαται
3553 857 3672 912 ἀδο-

2091 932 2230 998 ξίας.
2265 935 2375 987 Καὶ
2404 933 2547 1006 ὑπὲρ
2581 934 2788 989 τούτων
2819 935 3032 1006 εἴρηται
3071 939 3168 1008 μὲν
3197 940 3328 1009 ἡμῖν
3366 942 3461 993 καὶ
3493 942 3552 994 ὲν
3581 943 3678 1013 ἀρ-

2091 1018 2160 1087 χῇ
2188 1015 2416 1087 βραχέα,
2443 1017 2722 1088 εἰρήσεται
2751 1017 2810 1070 δὲ
2845 1017 2940 1071 καὶ
2969 1018 3064 1072 νῦν
3095 1021 3276 1073 Ἔστω
3306 1023 3415 1094 γὰρ
3439 1025 3468 1076 ὁ
3499 1041 3676 1094 τευ-θοι-

2091 1100 2226 1165 κῶν,
2254 1103 2303 1154 εί
2343 1099 2544 1172 βούλει,
2577 1100 2652 1172 μὴ
2681 1101 2788 1154 τῶν
2821 1101 3054 1156 εὐτελῶν
3079 1120 3180 1168 τις,
3215 1105 3350 1176 μηδὲ
3369 1091 3477 1160 τῶν
3499 1091 3676 1182 ἀπερ-

2094 1185 2396 1256 ριμμένων,
2423 1185 2560 1264 ἀλλά
2601 1184 2710 1238 τῶν
2764 1185 2965 1256 πολλὴν
3008 1187 3066 1239 ἐν
3111 1187 3404 1260 Ἐκκλησία
3449 1190 3676 1262 δύναμιν

2091 1268 2345 1339 ἐχόντων,
2381 1269 2603 1323 καὶεὲπὶ
2632 1269 2821 1338 γένους
2848 1269 2906 1322 δὲ
2935 1270 3300 1342 λαμπρότητι,
3332 1275 3425 1326 καὶ¹
3463 1275 3554 1328 ἐπὶ
3591 1275 3678 1329 λόο

2091 1369 2204 1421 γων
2243 1351 2492 1424 δυνάμει,
2529 1353 2623 1406 καὶ
2656 1351 2916 1424 εὐλαϐείᾳ.
2943 1353 3308 1424 θαυμαζέσθω
3340 1356 3492 1426 παρά
3521 1361 3675 1425 πᾶσι,

2093 1439 2189 1490 καὶ
2221 1437 2560 1506 πανταχόθεν
2585 1436 2724 1491 ἔστω
2757 1437 3006 1509 λαμπρός
3027 1456 3041 1469 ·
3075 1439 3197 1492 οὐδὲ
3225 1438 3368 1492 οὑτω
3391 1440 3678 1512 δυνήσεται

2092 1519 2297 1590 ταύτην
2330 1519 2558 1589 ποιῆσαι
2604 1520 2879 1590 περιφανῆ
2929 1520 3024 1574 καὶ
3073 1521 3380 1592 εὑδίκιμον.
3418 1525 3520 1578 Τὸν
3571 1525 3678 1596 γὰρ

2097 1601 2360 1672 μέλλοντα
2382 1601 2724 1674 καρποῦσθαι
2749 1601 2904 1668 δόξαν
2935 1605 3000 1658 ὲκ
3033 1607 3132 1676 τῆς
3159 1607 3294 1676 πρός
3325 1624 3446 1661 τινα
3475 1609 3680 1677 φιῖιίεις,

2093 1685 2190 1757 τὴν
2223 1686 2433 1740 ἐκείνου
2467 1686 2624 1752 δόξαν
2669 1687 2939 1758 πρότερον
2965 1687 3254 1757 φυλάττειν
3288 1690 3371 1744 δεῖ
3399 1692 3492 1744 τοῦ
3541 1709 3682 1762 παρ-

2093 1769 2310 1842 έχοντος
2351 1771 2416 1824 τὸ
2463 1770 2812 1836 δοξάζεσθαι·
2847 1770 2926 1831 ὡς
2973 1771 3088 1840 εἴγε
3131 1771 3302 1844 ταύτῃ
3355 1774 3678 1844 λυμήναιτο,

2094 1854 2274 1925 πολλῷ
2303 1855 2504 1926 μᾶλλον
2537 1855 2603 1910 ἂν
2632 1855 2730 1925 τὴν
2759 1853 2954 1908 ἑαυτοῦ
2987 1855 3302 1912 καταϐάλοι.
3325 1858 3536 1932 Ὥσπερ
3572 1859 3680 1931 γὰρ

2094 1939 2278 2010 πηγῆς
2304 1938 2757 2010 διαφθειρομένης
2803 1937 2899 1992 καὶ⁴
2939 1938 3009 1992 τά
3051 1941 3394 2012 προχεόμενα
3435 1947 3684 1997 κοινωνεῖ

2094 2021 2312 2090 νάματα
2347 2021 2444 2074 τοῦ
2487 2019 2786 2092 μολυσμοῦ,
2827 2021 2923 2074 καὶ
2957 2020 3114 2094 ῥίζης
3146 2024 3460 2095 σηπομένης
3501 2027 3683 2096 πολλῷ

2097 2103 2300 2174 μᾶλλον
2339 2106 2368 2157 6
2407 2105 2618 2174 καρπὸς
2645 2102 2805 2157 τοῦτο
2831 2105 3081 2157 πείσεται
3101 2118 3116 2133 ·
3147 2103 3290 2158 οὑτω
3313 2107 3406 2160 καὶ
3436 2107 3548 2162 νῦν,
3588 2108 3683 2161 τοῦ

2099 2185 2383 2257 μέλλοντος
2410 2185 2509 2257 τὴν
2537 2185 2806 2258 παρθένον
2845 2185 3120 2240 δεικνύναι
3150 2185 3430 2258 λαμπρὰν,
3457 2191 3686 2260 γενομέ-

2094 2287 2188 2324 νου
2238 2267 2645 2338 καταγελάστου
2693 2268 2780 2323 διά
2829 2269 2930 2340 τῆς
2977 2272 3362 2340 συνοικήσεως,
3398 2273 3537 2342 αὐτὴ
3581 2274 3689 2344 πρὸ

2094 2354 2306 2406 ἐκείνου
2331 2351 2447 2422 μετ’
2463 2353 2673 2406 ἐκείνου
2698 2353 3016 2422 κοινωνήσει
3039 2352 3134 2406 τοῦ
3151 2352 3408 2421 γέλωτος
3428 2355 3530 2408 κᾶν
3547 2357 3684 2428 τύχῃ

2093 2453 2175 2499 τις
2200 2439 2266 2506 τῇ
2298 2437 2520 2503 γυναικὶ
2563 2434 2774 2506 χρηστὴ
2808 2435 2960 2506 παρά
3012 2437 3226 2500 πολλοῖς
3256 2439 3685 2510 προϋπάρχουσα

2093 2517 2240 2584 δόξα,
2256 2519 2352 2571 καὶ
2368 2517 2574 2588 ταύτην
2591 2517 2849 2571 εἰσελθὼν
2865 2520 3073 2584 ἐκεῖνος
3088 2519 3348 2572 ἀπελάσει
3372 2522 3464 2590 τῆς
3485 2523 3682 2588 οἰκίας,

2094 2601 2348 2656 τοσοῦτον
2398 2601 2592 2672 ἀπέχει
2645 2601 2739 2656 καὶ
2800 2602 2993 2673 ἑτέραν
3027 2601 3343 2674 προσθεῖναι
3384 2607 3544 2676 αὐτῇ·
3581 2607 3688 2660 κᾶν

2094 2684 2258 2748 αὐτὸς
2283 2684 2382 2758 ἔχῃ
2405 2685 2565 2740 πάλιν
2587 2684 2844 2756 τοιαύτην
2877 2685 3165 2756 ὑπόληψιν,
3200 2685 3358 2739 τοῦτο
3393 2689 3486 2741 καὶ
3523 2690 3685 2754 αὐτὸς

2095 2768 2363 2820 πείσεται.
2397 2769 2512 2822 Οὐκ
2545 2767 2654 2839 ἄρα
2685 2768 2842 2835 δόξαν
2886 2769 3012 2838 ὑμῖν
3057 2769 3300 2840 χρηστὴν
3333 2771 3685 2843 προστίθησιν

2094 2851 2232 2922 αὕτη
2269 2853 2302 2924 ἡ
2338 2853 2593 2906 κοινωνία
2618 2852 2721 2922 τῆς
2753 2853 3136 2923 συνοικήσεως,
3171 2852 3308 2906 ἀλλά
3344 2855 3433 2908 καὶ
3464 2856 3560 2926 τὴν
3593 2853 3686 2911 οὗ-

2079 2951 2196 2990 -σαν
2229 2937 2462 3006 ἀναιρεῖ,
2498 2937 2592 2992 καὶ
2617 2937 2715 3008 τὴν
2741 2935 2840 2990 οὑκ
2867 2930 3036 2990 οὖσαν
3079 2937 3275 3006 ἐπάγει
3317 2937 3416 3009 τὴν
3444 2941 3688 3010 πονηρὰν

2095 3021 2446 3090 ἀμφοτέροις.
2497 3021 2608 3074 Καὶ
2649 3019 2678 3072 ὃ
2725 3020 2855 3091 περὶ
2885 3018 2996 3072 τῶν
3037 3019 3307 3075 Ἰουδαίων
3341 3025 3370 3076 6
3403 3026 3688 3094 προφήτης

2094 3099 2266 3167 εἶπεν,
2299 3101 2556 3173 εὐκαιρον
2596 3101 2692 3155 νῦν
2736 3103 2933 3154 εἰπεῖν·
2977 3103 3048 3155 Et
3091 3101 3422 3167 ἀλλάξεται
3469 3109 3690 3174 Αἰθίοψ

2095 3187 2160 3238 τὸ
2194 3183 2380 3253 δέρμα
2401 3185 2611 3249 αὐτοῦ,
2639 3183 2738 3239 καί
2765 3181 3062 3250 πάρδαλις
3090 3183 3165 3237 τὰ
3195 3187 3558 3253 ποικίλματα
3583 3192 3688 3242 αὺ-

2094 3267 2227 3336 τῆς.
2264 3267 2359 3320 καὶ
2383 3269 2432 3320 οί
2460 3267 2686 3330 ταύταις
2724 3264 3096 3330 συνοικοῦντες
3121 3265 3220 3337 τὴν
3257 3268 3446 3338 κηλῖδα
3479 3270 3686 3342 ἀποθή--

2098 3349 2280 3404 σονταί
2310 3369 2440 3405 ποτε
2471 3350 2694 3422 ταύτην·
2721 3348 2882 3412 οὕτω,
2921 3349 3174 3420 καθάπερ
3207 3368 3290 3414 τις
3334 3353 3546 3426 καυτὴρ
3579 3355 3687 3408 σὼ-

2099 3451 2248 3504 ματι,
2275 3435 2395 3497 ταῖς
2422 3433 2747 3504 ἀμφοτέρων
2773 3433 3105 3504 ὑπολήψεσιν
3149 3434 3428 3501 ἐγκαίεται
3471 3437 3688 3490 ἐπισκοο

2093 3516 2262 3572 τοῦσα
2312 3519 2478 3572 πᾶσιν
2533 3516 2712 3572 αὐτῶν
2754 3519 2868 3580 τοῖς
2913 3517 3120 3580 καλοῖς.
3179 3518 3316 3571 Ἀλλ’
3352 3519 3481 3584 ἴσως
3529 3521 3686 3587 δόξαν

2094 3599 2354 3670 ἡγοῦνται
2389 3601 2520 3654 αὐτὸ
2557 3599 2716 3654 τοῦτο
2763 3601 2823 3653 τὸ
2867 3601 3272 3672 κεκρατηκέναι
3313 3602 3419 3654 τῶν
3453 3603 3682 3675 ἀνδρῶν.

2107 3680 2246 3734 Ἀλλ’
2275 3675 2432 3744 οὗτός
2459 3683 2608 3736 ἐστιν
2647 3683 2676 3735 6
2715 3681 2881 3745 πολὺς
2913 3682 3108 3751 γέλως,
3138 3684 3234 3736 καὶ
3277 3677 3322 3751 ᾧ
3355 3685 3589 3753 μάλιστα
3628 3690 3688 3738 αἱ

2093 3763 2496 3836 ἑταιριζόμεναι
2524 3763 3024 3833 ἐγκαλλωπίζονται
3055 3766 3236 3836 μόναι.
3268 3767 3402 3820 Οὐδὲ
3439 3767 3549 3836 γὰρ
3583 3785 3686 3835 γυ-

2094 3847 2297 3902 ναικῶν
2330 3847 2632 3919 ἐλευθέρων
2648 3848 2771 3902 οὐδὲ
2803 3849 3096 3918 σωφρόνων
3124 3848 3186 3902 τὸ
3210 3847 3420 3912 τούτοις
3452 3850 3688 3922 ἐναϐρύ-

2095 3930 2283 3983 νεσθαι
2326 3933 2441 3994 τοῖς
2481 3931 2740 3994 δικτύοις.
2795 3931 2950 3985 Ἐπεὶ
3003 3931 3100 3988 καὶ
3146 3929 3284 4002 αὕτη
3323 3931 3484 3986 πάλιν
3526 3933 3688 4004 ἑτέρα

2095 4013 2322 4084 ἀτιμίας
2369 4014 2646 4078 ὑπόθεσις,
2688 4015 2782 4069 καὶ
2813 4016 3034 4087 ὅσῳπερ
3071 4015 3136 4069 ἂν
3164 4016 3408 4088 κρατῶσι
3441 4013 3556 4070 θῶν
3596 4020 3689 4071 άν-

2093 4095 2256 4167 δρῶν,
2287 4096 2380 4149 καὶ
2409 4096 2767 4167 χαλεπώτερα
2809 4099 3166 4162 ὲπιτάττωσι,
3211 4098 3451 4169 τοσούτῳ
3487 4099 3689 4168 μᾶλλον

2093 4179 2296 4240 ἑαυτὰς
2317 4179 2740 4249 καταισχύνουσι
2771 4179 2889 4248 μετ’
2924 4180 3170 4236 ἐκείνων.
3203 4180 3338 4234 Οὐδὲ
3363 4181 3470 4252 γὰρ
3505 4185 3538 4254 ή
3566 4184 3688 4236 δου-

2094 4260 2328 4332 λουμένη
2369 4263 2497 4324 τοὺς
2543 4261 2740 4332 ἀνδρας
2773 4261 2934 4334 γυνὴ,
2983 4261 3152 4332 ἀλλ’ἢ
3187 4262 3498 4334 αἰδουμένη,
3543 4265 3684 4336 αὕτη

2096 4343 2262 4397 πᾶσίν
2289 4345 2436 4396 ἐστιν
2462 4343 2739 4414 αἰδέσιμός
2771 4361 2832 4398 τε
2858 4346 2952 4398 καὶ
2973 4343 3235 4409 ἐπίδοξος.
3275 4345 3335 4398 El
3367 4343 3425 4398 δὲ
3457 4347 3555 4398 οὐκ
3591 4348 3687 4399 άν-

2096 4427 2304 4496 έχοιντο
2337 4426 2444 4479 τῶν
2485 4427 2748 4498 ῥημάτων
2772 4426 2881 4481 τῶν
2908 4427 3215 4498 ἡμετέρων,
3248 4428 3276 4480 ὁ
3317 4425 3411 4479 τοῦ
3436 4427 3570 4480 Θεοῦ
3601 4429 3687 4481 νό-

2099 4527 2198 4580 μος
2249 4511 2420 4574 αὐτὰς
2468 4511 2819 4583 ἐπιστομίσαι
2879 4511 3188 4584 δυνήσεται,
3250 4511 3423 4580 λέγων
3474 4511 3680 4578 οὕτως·

2096 4591 2254 4660 Πρὸς
2277 4595 2383 4647 τὸν
2409 4593 2600 4663 ἄνδρα
2631 4609 2748 4649 σου
2779 4595 2818 4664 ἡ
2839 4593 3355 4664 ἀποστροφή-σου,
3377 4596 3475 4649 καί
3503 4599 3687 4663 αὑτός

2097 4691 2214 4729 σου
2243 4677 2566 4744 κυριεύων
2597 4677 2832 4748 κεφαλὴ
2854 4678 2966 4748 γὰρ
2989 4676 3276 4748 γυναικὸς
3309 4681 3342 4732 ὁ
3373 4679 3547 4747 ἀνήρ.
3575 4679 3687 4734 Καὶ

2099 4760 2362 4834 ἑτέρωθεν
2394 4760 2452 4814 δὲ
2491 4759 2641 4832 εὑροι
2667 4775 2753 4825 τις
2779 4761 2846 4815 ἀν
2874 4761 3206 4832 πολλαχόθεν
3235 4761 3394 4816 τοῦτο
3430 4763 3576 4817 οὕτω
3601 4781 3686 4816 νε-

2099 4844 2444 4916 νομισμένον,
2504 4845 2603 4898 καὶ
2645 4844 2850 4916 ταύτην
2899 4845 3106 4900 ἀνωθεν
3143 4842 3311 4901 οὖσαν
3363 4847 3466 4916 τὴν
3509 4846 3680 4912 τάξιν.

2103 4929 2264 4981 Ὥστε
2295 4926 2649 4999 ἀσχημοσύνη
2687 4927 2920 4998 μεγάλη,
2947 4928 3076 4982 ὅταν
3110 4928 3180 4982 τὰ
3202 4930 3316 4984 ἄνω
3344 4930 3492 4983 κάτω
3519 4929 3684 4999 γένηο

2099 5029 2211 5074 ται,
2240 5010 2392 5064 κάτω
2426 5010 2526 5080 μὲν
2551 5013 2584 5080 ή
2615 5009 2847 5080 κεφαλὴ,
2878 5010 2939 5064 τὸ
2968 5010 3026 5064 δὲ
3056 5011 3215 5083 σῶμα
3241 5015 3372 5067 ἀνω.
3406 5013 3469 5064 El
3499 5012 3557 5065 δὲ
3591 5011 3683 5064 ἐπὶ

2100 5094 2278 5165 γάμου
2305 5093 2462 5148 τοῦτο
2498 5093 2744 5166 αἰσχρὸν,
2783 5092 2964 5165 πολλῷ
2993 5096 3192 5166 μᾶλλον
3228 5093 3548 5164 ἐπὶ-ταύτης
3583 5095 3684 5162 τῆς

2103 5174 2385 5245 συζυγίας,
2409 5176 2540 5230 ἔνθα
2565 5177 2626 5228 οὐ
2650 5175 2810 5230 τοῦτο
2838 5176 3002 5247 μόνον
3035 5179 3152 5231 ἐστὶ
3173 5177 3234 5230 τὸ
3260 5177 3452 5240 δεινὸν,
3485 5177 3569 5230 ὅτι
3598 5178 3684 5231 νό-

2105 5278 2206 5332 μου
2231 5260 2543 5332 παράϐασις
2574 5262 2690 5314 ἐστι
2717 5259 2778 5314 τὸ
2798 5260 3090 5332 ,γινόμενον
3117 5260 3282 5324 θείου,
3313 5259 3428 5314 ἀλλ’
3470 5260 3552 5314 ὅτι
3585 5275 3685 5312 πο-

2102 5326 2401 5417 νηροτέραν
2427 5344 2522 5398 καὶ
2543 5344 2722 5415 ἐαυτῷ
2931 5326 3033 5398 *καὶ
3058 5347 3122 5414 τῇ
3153 5345 3371 5412 γυναικὶ
3401 5342 3685 5415 περιτίθη-

2105 5446 2156 5482 σι
2183 5427 2358 5494 δόξαν.
2389 5429 2452 5480 EE
2487 5427 2596 5498 γάρ
2618 5427 2678 5481 τὸ
2703 5430 2970 5481 συνοικεῖν
2999 5425 3244 5496 αἰσχρὸν,
3281 5426 3460 5495 πολλῴ
3485 5425 3686 5496 μᾶλλον

2101 5513 2160 5566 τὸ
2209 5510 2556 5564 συνοικοῦσαν
2593 5509 2930 5565 δουλοῦσθαν
2979 5509 3101 5562 οὐδὲ
3146 5509 3253 5578 γὰρ
3304 5509 3580 5581 πανταχοῦ
3625 5509 3687 5564 τὸ

2105 5596 2323 5664 κρατεῖν
2381 5594 2604 5646 ἔπαινον
2639 5593 2816 5664 φέρει,
2855 5591 2970 5646 ἀλλ’
2997 5591 3112 5647 ἔστι
3141 5594 3236 5646 καὶ
3273 5593 3349 5664 μὴ
3381 5593 3686 5664 κρατοῦντα

2102 5677 2428 5748 εὐδοκιμεῖν,
2500 5678 2594 5732 καὶ
2644 5675 2953 5747 κρατοῦντα
3011 5677 3361 5748 ἀσχημονεῖν.
3407 5677 3592 5740 Ὥστε,
3633 5679 3684 5730 εί

2105 5761 2284 5831 βούλει
2307 5759 2678 5831 θαυμάζεσθαι
2718 5759 2866 5830 παρά
2904 5759 3156 5832 ἀνδράσι,
3191 5760 3358 5831 μηδέν
3385 5753 3467 5814 σοι
3509 5761 3684 5814 κοινὸν

2107 5844 2247 5898 ἔστω
2272 5843 2408 5914 πρὶς
2431 5840 2646 5906 αὐτούς·
2681 5841 2872 5913 πόρρω
2900 5842 2994 5896 καὶ
3031 5843 3334 5908 συνουσίας,
3369 5844 3463 5898 καὶ
3490 5843 3689 5912 ὅψεως,

2104 5929 2197 5982 καὶ
2228 5926 2591 5995 συνοικήσεως
2625 5926 2776 5993 γίνου
2805 5925 2900 5994 τῆς
2935 5927 3175 5981 ἐκείνων,
3203 5928 3337 5980 Τότε
3365 5944 3423 5978 σε
3457 5927 3551 5978 καὶ
3591 5943 3691 5992 γυα

2104 6015 2286 6076 ναῖκες
2320 6008 2776 6078 ἐκπλαγήσονται,
2803 6013 2894 6064 καῖ
2923 6010 3111 6083 ἄνδρες
3146 6011 3516 6080 θανμάτονται
3555 6011 3689 6063 πάν-
