4138 6460
589 412 697 472 59.5

580 546 675 594 τις
703 526 839 599 ὁμοῦ
877 527 970 581 ἀτε
1006 529 1267 599 παρθένον
1291 523 1475 595 οὖσαν,
1514 528 1608 581 ml
1640 527 1718 599 τῷ
1753 526 1971 598 νυμφίῳ
1993 544 2161 600 προσ-

582 611 910 684 εδρεύουσαν
938 611 1385 681 ἀπερισπάστως
1418 612 1539 664 τότε
1570 628 1629 664 σε
1654 612 1755 682 οὐχ
1779 612 1827 663 οί
1851 613 2039 664 οἰκεῖοι
2073 611 2169 681 μός

581 713 692 759 νον,
724 695 861 748 ἀλλὰ
905 695 998 748 καὶ
1030 694 1310 763 Ἕλληνες,
1359 695 1455 747 καὶ
1506 694 1772 757 Ἰουδαῖοι,
1818 694 1912 747 καὶ
1954 697 2061 747 πᾶν
2110 695 2171 747 τὸ

581 778 691 831 τῶν
725 776 1030 849 ἀνθρώπων
1066 778 1386 844 ἀποδέξεται
1414 778 1589 847 γένος.
1616 779 1777 831 ’Ὥστε
1807 774 1855 831 εί
1883 778 2040 843 δόξαν
2072 779 2171 846 ζη-

587 860 721 924 λοῖς,
757 860 961 931 ταύτην
1001 861 1152 913 ὅδευε
1185 861 1285 932 τὴν
1321 861 1459 926 ὁδὸν,
1501 862 1574 931 μὴ
1607 861 1705 932 τὴν
1743 860 2009 914 ἐναντίαν·
2049 861 2171 914 τότε

583 960 645 997 σε
675 945 856 997 ούκὲτι
887 944 987 1013 τὴν
1034 942 1128 996 τοῦ
1168 945 1339 1016 δεῖνος
1377 944 1665 997 καλέσουσι
1715 944 1812 998 ml
1856 943 1949 997 τοῦ
1981 943 2170 1008 δεῖνος,

578 1026 718 1080 ἀλλά
758 1026 855 1098 τὴν
882 1026 972 1079 τοῦ
998 1026 1256 1096 Χριστοῦο
1294 1025 1487 1079 τούτου
1518 1027 1575 1079 δὲ
1604 1027 1808 1097 κόσμος
1844 1027 2031 1099 ἕτερος
2062 1028 2175 1090 ῖσος

579 1112 682 1164 οὐκ
713 1113 777 1165 ἄν
813 1110 895 1180 σοί
922 1128 1051 1163 ποτε
1080 1111 1303 1181 γένηται
1332 1110 1459 1180 παρ’
1483 1110 1716 1173 οὐδενός.
1746 1106 1822 1162 Ἦ
1856 1111 2027 1181 μικρά
2052 1111 2175 1163 ταῦ-

579 1211 666 1247 τα.
698 1194 820 1246 εἰπέ
867 1211 977 1261 μοι,
1014 1193 1136 1247 καθ’
1170 1195 1416 1265 ἑκάστην
1458 1194 1696 1264 ᾁδόμενά
1721 1211 1781 1246 τε
1817 1195 1911 1247 καὶ
1946 1211 2175 1265 περιφε-

583 1278 788 1348 ρόμενα
821 1277 919 1349 τὴν
950 1278 1183 1349 ἡμέραν,
1229 1278 1323 1331 καὶ
1373 1279 1432 1329 ὲν
1481 1278 1678 1349 ἀγορᾷ,
1710 1278 1806 1331 καὶ
1850 1280 1908 1330 ἐν
1946 1279 2170 1344 οἰκίαις,

582 1362 680 1412 καί
703 1362 762 1412 ἐν
785 1360 1003 1431 ἑτέραις
1022 1360 1259 1424 πόλεσιν,
1291 1361 1352 1413 Ἡ
1368 1360 1538 1423 δεῖνα,
1569 1361 1705 1431 κόρη
1722 1378 1781 1414 τε
1804 1356 1942 1414 οὖσα
1966 1362 2059 1414 ml
2078 1361 2174 1414 νέα

581 1442 780 1514 κομιδῇ
800 1444 901 1496 ικαὶ
936 1444 1139 1515 σφόδρα
1170 1443 1548 1515 εὐπρόσωπος,
1578 1444 1828 1508 πολλοὺς,
1859 1443 1914 1497 εί
1953 1459 2017 1514 γε
2046 1443 2174 1515 ῆθεο

582 1525 693 1589 λεν,
742 1527 1151 1580 ἐπισπάσασθαι
1208 1527 1481 1598 δυναμένη
1527 1527 1864 1597 προστάτας,
1909 1529 2009 1581 οὐκ
2046 1527 2175 1599 ⁴ἠθέ-

581 1608 766 1678 λησεν,
800 1609 913 1663 ἀλλ’
939 1610 1110 1663 εἵλετο
1135 1612 1244 1663 πᾶν
1272 1609 1447 1663 ὁτιοῦν
1471 1610 1762 1680 ὑπομεῖναι
1783 1612 1878 1675 καὶ
1902 1611 2111 1675 παθεῖν,
2137 1610 2170 1682 ἢ

579 1692 679 1762 τὴν
701 1692 794 1745 τοῦ
824 1693 1059 1764 Χριστοῦ
1089 1694 1376 1767 προδοῦναι
1404 1693 1608 1764 φιλίαν,
1637 1694 1732 1748 καὶ
1752 1695 1812 1748 τὸ
1839 1695 1940 1766 τῆς
1969 1712 2174 1765 σωφρο-

581 1776 748 1847 σύνης
770 1776 930 1842 ἄνθος
951 1778 1213 1848 ἀφανίσαι
1240 1795 1254 1842 ;
1278 1778 1540 1849 Μακαρία
1569 1773 1639 1839 εἷ,
1667 1780 1763 1833 ml
1782 1780 1884 1843 δὶς,
1913 1781 2006 1832 καί
2029 1781 2169 1850 τρὶς,

580 1859 677 1911 καὶ
706 1859 989 1923 πολλάκις·
1029 1862 1170 1914 ὅσων
1204 1860 1572 1916 ἀπολαύσεται
1602 1861 1843 1930 ἀγαθῶν,
1878 1860 1991 1915 οἷον
2028 1861 2174 1926 δέξε-

579 1957 670 1994 ται
714 1943 996 2012 στέφανον,
1033 1946 1156 1999 ὅσον
1195 1944 1551 2013 καρπώσεται
1589 1944 1800 2016 μισθὸν,
1837 1945 1974 2014 πρὸς
2002 1945 2173 2008 αὐτάς

578 2025 932 2098 ἁμιλλωμένη
968 2028 1066 2091 τὰς
1096 2029 1421 2099 ἀσωμάτους
1450 2027 1709 2099 δυνάμεις
1730 2030 1743 2083 2
1768 2029 1951 2082 Ταῦτα
1984 2031 2078 2082 καὶ
2104 2029 2174 2081 τά

579 2108 805 2162 τοιαῦτα
855 2111 984 2180 περί
1041 2111 1214 2180 αὐτῆς
1266 2112 1466 2175 πάντες
1518 2110 1724 2181 ἐροῦσι,
1763 2112 1856 2164 καὶ
1894 2112 1974 2174 εἰς
2012 2109 2173 2182 ζῆλον

577 2194 700 2255 ταῖς
746 2193 957 2245 ἑαυτῶν
1009 2192 1309 2265 θυγατράσι
1362 2193 1717 2265 προθήσουσι·
1783 2195 1886 2249 κᾶν
1933 2195 2176 2265 κοσμίως

583 2273 809 2344 βιοῦσάν
843 2292 925 2339 τις
958 2276 1313 2348 προτρέψαιι,
1344 2278 1438 2329 καὶ
1466 2276 1873 2349 διεφθαρμένην
1910 2278 2175 2348 σωφρονί-

580 2375 674 2411 σαι
706 2358 1015 2430 βουληθείη,
1049 2359 1116 2412 τά
1145 2359 1348 2431 ταύτης
1371 2359 1627 2430 ἐγκώμια
1650 2361 1810 2415 πάλιν
1835 2362 2071 2423 ἀπαντες
2094 2362 2174 2424 εἰς

583 2441 747 2509 μέσον
801 2442 1063 2494 οἴσουσιν·
1115 2443 1218 2495 οὐκ
1268 2442 1503 2497 ἐνταῦθα
1553 2443 1611 2496 δὲ
1661 2443 1840 2515 μόνον,
1886 2443 2024 2498 ἀλλὰ
2072 2444 2173 2497 κᾶν

579 2523 767 2587 ἁπλῶς
801 2525 931 2595 περὶ
957 2524 1256 2598 παρθενίας
1283 2526 1500 2597 γίνηται
1529 2525 1707 2595 λόγος,
1737 2527 1832 2580 καί
1864 2526 2036 2591 οὕτως
2078 2527 2175 2582 αύ-

578 2608 680 2678 τὴν
716 2609 955 2674 ἅπαντες
1003 2611 1401 2675 ἐπαινέσονται,
1442 2611 1541 2681 οὐχ
1578 2612 1628 2664 οἱ
1680 2611 1920 2682 κοσμίως
1973 2609 2176 2675 ζῶντες

582 2691 765 2761 μόνον,
799 2691 936 2746 ἀλλά
968 2695 1064 2746 καὶ
1092 2696 1289 2747 ἐκεῖνοι
1318 2696 1366 2747 οἱ
1400 2695 1820 2760 σπουδάσαντες,
1861 2696 1954 2749 καὶ
1996 2695 2174 2748 πάντα

579 2774 909 2845 πράξαντες,
939 2776 1079 2830 ὥστε
1108 2777 1275 2848 αὐτὴν
1296 2778 1433 2831 ἐλεῖν
1448 2779 1497 2841 ι’,
1519 2773 1637 2831 εἶτα
1671 2766 2175 2850 καταφρονηθέντες

580 2859 678 2912 καὶ
707 2860 1127 2932 ὑπεροφθέντες.
1154 2863 1265 2914 Καὶ
1296 2861 1435 2933 αὕτη
1470 2863 1567 2933 μὲν
1597 2862 1893 2933 τοσαύτης.
1923 2865 2017 2917 καὶ
2048 2864 2175 2918 πολ-

579 2940 658 3011 λῷ
690 2943 935 3006 πλείονος
979 2944 1079 3014 τῆς
1105 2943 1405 3015 εἰρημένης
1436 2944 1803 2999 ἀπολαύσεται
1838 2946 2016 3018 δόξης·
2051 2950 2084 3020 ἡ
2116 2948 2175 3002 δὲ

578 3023 781 3094 ἔχουσα
816 3027 945 3090 τοὺς
988 3027 1404 3095 συνοικοῦντας,
1444 3028 1553 3081 τῶν
1602 3031 1860 3083 ἐναντίων
1896 3033 2171 3087 ἁπάντων.
2205 3087 2212 3093 ,

581 3109 692 3161 Kal
736 3108 952 3177 πρῶτον
1005 3111 1125 3181 μὲν,
1176 3111 1304 3165 ὅταν
1345 3113 1724 3184 κατηγορῆται
1758 3114 1912 3185 παρά
1937 3132 2098 3170 τινων
2139 3117 2173 3187 ή

581 3189 850 3261 παρθενία
881 3193 1118 3265 μιαρῶν,
1146 3194 1336 3265 ἥξουσι
1367 3195 1465 3266 μὲν
1503 3198 1585 3260 εἰς
1616 3198 1837 3269 μνήμην
1866 3199 2174 3271 ἀμφότεραι

477 3325 484 3332 _
578 3274 640 3325 ἐν
665 3276 777 3338 τοῖς
808 3275 1071 3340 τοιούτοις
1109 3276 1411 3346 συλλόγοις,
1450 3279 1566 3332 ἀλλ’
1596 3282 1629 3351 ἡ
1665 3282 1764 3351 μὲν
1793 3282 1863 3334 τὰ
1900 3284 2009 3337 τῶν
2042 3284 2176 3338 ἀπο-

578 3356 947 3428 λογουμένων,
986 3362 1019 3430 ἡ
1060 3360 1117 3413 δὲ
1152 3360 1223 3413 τά
1254 3361 1363 3414 τῶν
1395 3364 1848 3435 κατηγορούντων
1885 3366 2176 3437 ἀνοίγουσα

581 3441 845 3511 στόματα.
906 3443 1158 3505 Ἔπειτα,
1219 3444 1347 3497 ὅταν
1406 3446 1841 3518 σωφρονισθῆναί
1898 3467 2022 3504 τινα
2079 3452 2175 3505 ml

579 3524 945 3596 ρυθμισθῆναι
982 3526 1097 3598 δέῃ,
1129 3526 1266 3597 αῦτη
1312 3528 1410 3598 μὲν
1441 3528 1691 3599 καθάπερ
1726 3531 2017 3602 φάρμακον
2055 3535 2176 3589 ἐπι-

581 3606 801 3676 στύφον,
830 3608 924 3660 καί
947 3609 1216 3678 σηπεδόνα
1241 3610 1590 3664 ἀναστέλλειν
1616 3614 1936 3685 δυνάμενον,
1973 3620 2054 3681 εἰς
2084 3617 2174 3689 μέ-

579 3706 672 3741 σον
705 3690 917 3758 ἄγεται,
973 3693 1066 3744 καί
1118 3692 1176 3745 τ’)
1233 3694 1326 3746 τοῦ
1375 3694 1696 3750 διδασκάλου
1739 3698 1912 3769 στόμα
1955 3705 2168 3772 κοσμεῖ·

578 3774 765 3844 ἐκείνη
794 3774 851 3827 δὲ
880 3776 1017 3845 μετά
1042 3776 1137 3847 τῆς
1165 3780 1653 3853 καταισχυνθείσης
1686 3781 1907 3853 ἕστηκε,
1943 3786 2049 3840 κᾶν
2099 3785 2173 3858 μὴ

582 3859 754 3940 παρῇ,
788 3858 1127 3929 κολαζομένη
1152 3861 1245 3913 ml
1270 3864 1762 3934 καταισχυνομένη.
1800 3866 2036 3937 Ἀνάγκη
2064 3869 2174 3940 γάρ

581 3938 707 3993 καθ’
734 3940 971 4011 ἑκάστην
1001 3942 1479 4012 διαμαρτάνουσαν
1507 3947 1931 4017 κατηγορεῖσθαι
1968 3938 2173 4022 ταύτην

580 4023 677 4076 καὶ
710 4022 1171 4093 κοωαισχῡνεσθαι
1210 4024 1391 4078 πάλιν.
1424 4026 1532 4079 Kal
1560 4027 1805 4102 ὅπουπερ
1832 4030 1897 4083 ἂν
1924 4033 2053 4104 περὶ
2077 4033 2170 4087 τοῦ

581 4104 908 4188 πράγματος
935 4104 1125 4158 τούτου
1168 4107 1386 4177 γίνηται
1419 4108 1594 4179 λόγος,
1626 4110 1815 4185 ὥσπερ
1849 4115 2030 4187 ἐκείνη
2066 4134 2171 4188 μα-

581 4188 768 4261 καρία,
794 4187 968 4252 οὕτως
1002 4189 1162 4269 ἀθλία
1191 4190 1328 4263 αὕτη
1362 4193 1457 4247 καὶ
1485 4194 1852 4269 ταλαίπωρος,
1873 4199 1968 4253 καὶ
1996 4187 2172 4255 πάντα

578 4272 647 4326 τά
673 4272 900 4327 τοιαῦτα
929 4265 1245 4328 ἀκούσέταν
1283 4277 1377 4329 ml
1399 4277 1589 4351 ῶσπερ
1615 4265 1829 4352 ἐκείνην
1850 4282 1947 4352 οὐχ
1966 4284 2013 4335 οί
2036 4283 2171 4338 είδόο

577 4371 670 4419 τες
709 4359 890 4426 μόνον,
922 4356 1062 4410 ἀλλά
1095 4359 1190 4411 καὶ
1231 4361 1281 4412 οἱ
1313 4360 1655 4428 ἀγνοοῦντες,
1690 4366 1782 4416 ml
1819 4364 1984 4436 μηδὲν
2017 4367 2171 4439 εὐερ-

578 4438 901 4509 γετηθέντες
930 4440 1114 4512 ᾄδουσι
1133 4442 1226 4495 καὶ
1242 4442 1593 4513 ἀνυμνοῦσιν,
1611 4445 1752 4501 οὕτω
1769 4449 1860 4501 ml
1885 4450 2091 4523 ταύτην
2118 4438 2175 4504 οἵ

576 4538 639 4575 τε
655 4522 874 4586 εἰδότες,
899 4524 1033 4576 οἵτε
1061 4524 1405 4593 ἀγνοοῦντες,
1430 4528 1483 4580 οἵ
1506 4543 1565 4580 τε
1594 4529 1759 4600 μηδὲν
1782 4531 2045 4597 παθόντες
2072 4552 2171 4589 κα-

577 4603 695 4689 κὸνέ
714 4604 998 4670 κακίζουσι
1032 4609 1127 4661 καὶ
1167 4607 1566 4664 διαϐάλλουσιν.
1611 4614 1675 4665 Οί
1719 4613 1818 4684 μὲν
1856 4614 1964 4687 γὰρ
1992 4617 2170 4689 ὀρθῶς
2207 4660 2217 4669 .

578 4685 842 4755 βιοῦντες,
869 4689 930 4740 οὐ
970 4689 1122 4761 παρὰ
1162 4689 1273 4744 τῶν
1306 4693 1599 4764 γνωρίμων
1654 4697 1835 4766 μόνον,
1878 4685 2040 4754 ἀλλά
2071 4702 2168 4756 καὶ

575 4767 731 4854 παρὰ
753 4768 861 4854 τῶν
882 4770 1202 4854 ἀγνώστων,
1231 4774 1324 4827 καὶ
1357 4776 1486 4845 παρ’
1513 4776 1693 4832 αὐτῶν
1724 4778 1781 4833 δὲ
1812 4780 2166 4854 τῶν.ἐχθρῶν

574 4851 941 4938 ἐπαινοῦνται
958 4853 1110 4929 [261]
1140 4858 1234 4911 καὶ
1254 4857 1647 4929 θαυμάζονται·
1671 4862 1721 4914 οἰ
1746 4862 1804 4916 δὲ
1829 4851 2164 4938 διεφθαρμέ-

572 4951 655 5015 νοι
695 4936 791 4989 ml
820 4936 1013 5005 φαῦλοι
1052 4941 1148 4994 ml
1173 4943 1325 5015 παρά
1351 4942 1461 4996 τῶν
1488 4943 1659 5013 φίλων
1685 4936 2035 5012 κακίζονται,
2055 4936 2165 5004 Kal

573 5014 732 5072 τοῦτο
763 5019 821 5074 δὲ
846 5020 950 5092 τῆς
974 5021 1068 5077 τοῦ
1097 5023 1236 5079 Θεοῦ
1258 5014 1593 5097 κηδεμονίας
1626 5027 1788 5101 ἔργον
1816 5031 1954 5093 ἐστὶ,
1990 5032 2052 5084 τὸ
2075 5049 2163 5087 το-

575 5102 782 5174 σαύτην
832 5106 962 5177 περί
1005 5105 1105 5179 τὴν
1157 5108 1359 5182 ἀρετὴν
1392 5111 1701 5185 οἰκειότητα
1739 5114 1870 5185 ἡμῖν
1903 5114 2157 5182 ἐνθεῖναι,

571 5186 842 5273 τοσαύτην
865 5188 923 5242 δὲ
946 5191 1090 5273 -περί
1112 5190 1212 5262 τὴν
1233 5193 1431 5247 κακίαν
1462 5194 1839 5268 ἀλλοτρίωσιν,
1873 5197 1951 5262 ὡς
1976 5199 2161 5273 ἐκείνῃ

576 5268 675 5339 μὲν
694 5270 906 5355 πάντας
928 5270 1281 5345 ψηφίζεσθαι,
1303 5278 1396 5331 καὶ
1418 5280 1546 5343 τοὺς
1570 5281 1646 5351 μὴ
1668 5281 1967 5351 μετιόντας,
1991 5280 2090 5355 τὴν
2103 5268 2160 5337 δέ

573 5352 773 5407 κακίαν
801 5356 1186 5423 καταδικάζειν
1225 5360 1321 5414 καί
1356 5361 1484 5425 τοὺς
1525 5352 2163 5435 ἀποστρεφομένουςταύ-

572 5436 691 5521 τὴν,
729 5438 823 5492 καὶ
851 5440 979 5503 τοῦς
1006 5440 1318 5507 διώκοντας.
1363 5443 1525 5497 Ὅθεν
1551 5444 1728 5518 δῆλον,
1773 5449 1855 5500 ὄτι
1883 5448 1982 5513 τὰς
2023 5451 2160 5521 ἡμε-

572 5519 811 5591 λημένας
852 5523 1057 5587 ταύτας
1092 5526 1191 5597 οὐχ
1242 5528 1290 5579 οἱ
1332 5526 1533 5590 εἰδότες
1571 5530 1750 5600 μόνον,
1799 5530 1938 5586 ἀλλά
1977 5519 2075 5587 καί
2107 5536 2159 5588 οί

571 5603 893 5671 ἀγνοοῦντες
915 5609 1373 5681 ἀποστρέφονται,
1407 5611 1502 5664 καὶ
1538 5611 1774 5683 μάλιστα
1808 5613 2027 5670 πάντων
2061 5618 2160 5672 αὐ-

571 5689 655 5771 τοί
693 5689 743 5741 οί
775 5690 1165 5755 συνοικοῦντες.
1198 5691 1316 5746 Κάν
1344 5693 1455 5764 γάρ
1497 5695 1703 5767 σφόδρα
1740 5696 1971 5765 λέγωσιν
2014 5701 2158 5771 ὑμᾶς

576 5769 753 5855 φιλεῖν
776 5773 869 5855 καί
898 5773 1219 5843 θαυμάζειν,
1249 5775 1361 5855 κᾶν
1370 5776 1530 5849 χάριν
1554 5777 1750 5849 ἔχωσιν
1777 5780 1920 5852 ὑπὲρ
1952 5769 2158 5855 ταύτης

571 5851 671 5922 τῆς
697 5852 912 5922 ἡδονῆς,
941 5855 1081 5926 ὑπὲρ
1112 5856 1290 5911 αὐτῶν
1323 5851 1400 5914 ὧν
1432 5861 1746 5935 χαρίζεσθε,
1780 5851 1941 5918 πάλιν
1980 5851 2154 5937 μισεί-

1422 5970 1434 5996 9

634 5940 664 6004 ᾗ
688 5939 837 6004 ξιινῇι.
861 5944 1195 6004 προτρέψηται.

636 6000 667 6041 b
688 6000 836 6049 Savil.
861 6000 1037 6051 ἀνελεῖν
1049 6000 1202 6055 'male.

1231 408 1289 465 s.
1329 406 1617 465 JOANNIS
1655 406 2154 467 cumsosmm
2195 384 2516 469 Ancum.
2557 374 3110 491 CONSTTSNTINOP.

3744 402 3849 468 εει

2282 530 2378 584 σθε
2418 531 2562 586 κατά
2606 528 2668 583 τὸ
2708 527 2945 591 συνειδὸς
2973 526 3034 581 τὸ
3066 524 3313 589 ἐκείνων,
3346 524 3474 578 ὅταν
3513 525 3640 578 ποτὲ
3673 526 3861 597 μικρόν

2279 614 2661 684 ἀνενεγκόντες
2693 612 2989 680 ἐννοησωσι
3024 610 3121 680 τὴν
3161 608 3384 677 παγίδα,
3423 609 3510 677 ἐφ’
3540 604 3605 681 ἦς
3633 607 3861 681 ἐστὴκα⁸

2278 714 2353 750 σι.
2396 696 2663 752 Τοσοῦτόν
2711 697 2858 748 ἐστιν
2904 694 2937 763 ἡ
2982 693 3149 747 κακία
3190 692 3377 745 κακὸνο
3420 692 3514 746 καὶ
3541 691 3589 746 οἱ
3632 691 3860 764 μάλιστα

2279 780 2497 834 πάντων
2552 777 2977 847 θεραπευόμενοι
3034 777 3162 845 παρ’
3206 776 3380 845 ὑμῶν,
3432 771 3575 830 οὗτοι
3634 776 3863 847 μάλιστα

2281 862 2498 916 πάντων
2541 862 2679 914 εἰσὶν
2722 862 2770 913 οί
2816 857 3341 926 καταγινώσκοντες
3390 860 3574 930 ἐπειδὴ
3622 860 3717 913 καὶ
3765 861 3864 931 μά..

2279 945 2436 998 λιστα
2470 944 2687 998 πάντων
2727 941 2795 996 τά
2829 942 3072 1013 ὑμέτερα
3116 941 3316 1002 ίσασιν,
3379 943 3459 1004 εἰς
3509 941 3575 994 τά
3612 943 3862 999 ἐνδότατα

2281 1029 2647 1100 εἰσαχθέντες,
2690 1026 2783 1081 ml
2826 1026 2895 1078 τά
2928 1025 3217 1097 ἀπόρρητα
3253 1025 3409 1095 ὑμῶν
3438 1026 3651 1079 ἅπαντα
3670 1025 3861 1097 διακωσ

2280 1111 2624 1174 δωνίσαντες.
2660 1110 2769 1163 Kal
2801 1109 2884 1162 ὃτι
2917 1106 3132 1177 μισοῦσι
3155 1106 3315 1177 δῆλον
3337 1108 3565 1161 ἐκεῖθεν·
3593 1108 3861 1179 Μυριάκις

2283 1196 2349 1248 ἂν
2374 1194 2580 1248 είλοντο
2607 1191 2709 1263 τῆς
2743 1191 2936 1263 ψώρας
2962 1190 3345 1261 ἀπαλλαγῆναι
3377 1190 3599 1261 ταύτης,
3641 1192 3736 1244 καὶ
3770 1194 3861 1261 τῆς
3958 1230 3970 1242 .

2282 1277 2441 1331 νόσου
2469 1277 2570 1348 τῆς
2602 1275 2870 1348 χαλεπῆς,
2915 1273 2978 1327 τὸ
3013 1274 3071 1327 δὲ
3101 1274 3310 1327 κωλῦον
3337 1275 3371 1344 ἡ
3400 1273 3677 1346 συνήθεια,
3710 1274 3802 1326 καί
3827 1276 3857 1344 ἡ

2279 1360 2513 1415 δοκοῦσά
2537 1377 2622 1424 τις
2651 1356 2790 1413 εἶναι
2825 1358 3009 1429 ἡδονήο
3056 1358 3179 1410 ἐπεὶ
3212 1357 3306 1411 καὶ
3336 1358 3545 1411 ἐκείνου
3578 1356 3677 1411 τοῦ
3713 1358 3861 1427 νοσή-

2284 1461 2454 1515 ματος
2486 1443 2736 1513 εῦχονται
2770 1442 2867 1513 μὲν
2893 1440 3297 1510 ἀπαλλαγῆναι,
3334 1441 3444 1494 καί
3464 1440 3713 1512 μισοῦσιν
3744 1441 3862 1493 αὐτὸ

2281 1527 2481 1590 πάντες
2523 1528 2573 1580 οἱ
2608 1525 2845 1595 ἔχοντες,
2896 1524 3114 1594 ἥδονται
3155 1523 3213 1576 δὲ
3254 1523 3408 1588 ὄντες
3438 1526 3494 1576 ἐν
3520 1524 3671 1595 αὐτῷ
3700 1523 3861 1577 καθά-

2280 1628 2387 1680 περ
2429 1612 2487 1663 ἐν
2526 1608 2720 1679 τούτῳ.
2745 1608 2867 1661 Κάν
2894 1606 3003 1678 γὰρ
3030 1606 3151 1660 λίαν
3180 1606 3361 1671 ἄθλιός
3387 1604 3526 1682 τιςῇ
3563 1610 3659 1661 καὶ
3692 1607 3861 1660 ταλαίσ

2280 1711 2483 1765 πωρος,
2519 1694 2619 1745 οὐκ
2644 1692 2793 1744 ἐστιν
2820 1688 2966 1743 οῦτω
2996 1687 3104 1743 τῶν
3138 1690 3579 1762 ἀπεγνωσμένων
3605 1692 3700 1744 καὶ
3743 1690 3862 1757 σφό-

2279 1776 2379 1848 δρα
2417 1777 2517 1847 τὴν
2550 1775 2762 1828 ἑαυτῶν
2808 1772 3195 1843 καταισχύνειν
3238 1773 3649 1843 ἐπιθυμούντων
3694 1773 3866 1838 δόξαν,

2280 1860 2355 1923 ὡς
2382 1859 2636 1929 ἐθελῆσαι
2661 1860 2717 1910 ἐν
2740 1856 3094 1927 ἀσχημοσύνῃ
3131 1856 3251 1928 ζῇν,
3279 1857 3373 1910 καὶ
3407 1858 3465 1910 ἐν
3485 1859 3596 1920 τοῖς
3621 1857 3862 1910 ἁπάντων

2280 1938 2419 1996 εἶναι
2451 1942 2732 2011 στόμασιν,
2771 1940 2864 1994 ἐπὶ
2898 1940 3209 2011 κακηγορίᾳ
3243 1940 3336 1993 καὶ
3368 1940 3567 2009 γέλωτι
3617 1941 3710 1994 καὶ
3733 1941 3863 1997 ὀνεί-

2279 2025 2438 2091 δεσι,-
2465 2025 2561 2078 καὶ
2606 2025 2831 2095 θέατρον
2877 2023 3055 2077 κοινὸν
3090 2020 3183 2078 ἐπὶ
3220 2023 3320 2093 τῆς
3361 2024 3566 2094 ἀγορᾶς
3609 2023 3859 2092 γίνεσθαι,

2282 2109 2501 2162 πάντων
2529 2108 2694 2161 αὑτὸν
2726 2108 2844 2178 ἀμα
2884 2106 2961 2177 τῷ
2990 2107 3222 2177 φανῆναι
3255 2108 3366 2170 τοῖς
3398 2107 3627 2178 πλησίον
3672 2107 3859 2160 δακτυι

2280 2190 2699 2245 λοδεικτούντων
2741 2191 2835 2244 ἐπὶ
2874 2193 2989 2253 τοῖς
3017 2190 3335 2259 αἰσχίστοις.
3366 2192 3476 2244 Kal
3503 2190 3613 2263 γάρ
3648 2190 3764 2244 οὐδὲ
3790 2209 3863 2261 μι-

2283 2275 2392 2347 κρά
2417 2292 2500 2352 τις
2526 2274 2635 2327 ἀπὸ
2663 2274 2765 2343 τῆς
2797 2272 3032 2343 ὑποψίας
3057 2272 3263 2344 ταύτης
3295 2273 3458 2345 ἀηδία
3477 2274 3722 2327 τίκτεται
3750 2273 3861 2327 τού·

2280 2375 2415 2421 τοις,
2442 2358 2535 2411 καὶ
2567 2357 2775 2428 ἐνοχλεῖ
2807 2356 2885 2428 τῷ
2916 2357 3178 2411 συνειδότι
3205 2357 3471 2426 διηνεκῶς
3496 2356 3859 2429 ἐγκαθημινη,

2284 2443 2381 2496 καὶ
2430 2439 2712 2512 σκώληκος
2756 2440 2956 2503 παντὸς
2998 2439 3365 2511 μονιμώτερον
3402 2441 3735 2513 διατιτρῶσα
3773 2441 3862 2495 αύ-

2280 2524 2390 2578 τῶν
2418 2524 2516 2595 τὴν
2549 2524 2810 2578 διάνοιαν.
2848 2524 2911 2576 Εἰ
2948 2523 3007 2576 δὲ
3044 2522 3174 2576 ἔνθα
3219 2524 3370 2596 παρά
3412 2524 3717 2596 ἀνθρώπων
3748 2524 3862 2577 ἒπε-

2281 2626 2371 2662 ται
2405 2609 2660 2680 αἰσχύνη,
2695 2606 2949 2678 φανερῶς
2994 2608 3094 2677 μὲν
3121 2607 3273 2661 οὐδὲν
3318 2608 3611 2676 λεγόντων,
3643 2610 3773 2662 οἶκοι
3813 2608 3871 2669 δὲ.

2282 2692 2376 2746 καὶ
2407 2692 2529 2745 καθ’
2570 2691 2799 2753 ἑαυτοὺς
2827 2689 3225 2758 ἐγκαλούντων,
3253 2691 3490 2761 τοσαύτη
3511 2692 3721 2760 γίνεται
3752 2690 3859 2744 ὀδύ-

2281 2793 2369 2846 νη,
2394 2777 2522 2828 ὅταν
2548 2777 2685 2847 πρὸς
2716 2774 2879 2827 αὐτὸν
2899 2772 3225 2845 ἀπέλθωμεν
3250 2774 3342 2827 τὸν
3365 2775 3694 2847 ὑϐρισμένον
3724 2777 3843 2844 Νυμη

2282 2859 2422 2929 φίον,
2456 2859 2585 2912 ὅταν
2614 2858 2711 2912 καὶ
2739 2858 2811 2911 τά
2838 2855 3008 2928 ἄδηλα
3037 2859 3118 2922 εἰς
3155 2858 3317 2928 μέσον
3356 2859 3581 2930 ἄγηται,
3622 2861 3746 2913 ὅταν
3780 2860 3861 2912 καί

2283 2942 2501 3013 καρδίαι
2553 2940 3010 2996 ἀναπτύσσωνται
3064 2943 3159 2994 καὶ
3214 2942 3365 3013 ῥῆμα
3405 2944 3499 2996 καὶ
3540 2946 3731 3015 σχῆμα
3781 2946 3861 2997 καὶ

2283 3025 2504 3097 βλέμμα
2531 3026 2622 3079 ml
2644 3025 2821 3078 ἔννοια
2845 3035 2868 3062 ο
2895 3023 2982 3091 (τά
3013 3024 3123 3096 γὰρ
3150 3025 3357 3078 τούτων
3385 3026 3716 3098 αἰσχρότερα
3745 3043 3860 3097 παρ·

2285 3108 2452 3179 ίημι)·
2498 3108 2625 3162 ὅταν
2661 3104 2754 3161 οῦν
2806 3108 2985 3162 πάντα
3036 3108 3222 3171 ἁπλῶς
3267 3109 3361 3161 ἐπὶ
3402 3109 3505 3179 τῆς
3552 3109 3860 3179 οἰκουμένης

2279 3192 2500 3264 ἀπάσης
2525 3191 2710 3262 γυμνά
2741 3192 3001 3262 φαίνηται
3035 3192 3129 3246 ml
3165 3192 3666 3265 τετραχηλισμένα,
3703 3193 3859 3260 πόσην

2280 3275 2704 3346 ὑποστησόμεθα
2740 3275 3127 3349 ἀσχημοσύνην
3180 3277 3274 3330 ml
3317 3277 3537 3331 κόλασιν
3574 3277 3671 3331 καὶ
3702 3294 3858 3346 τιμω-

2282 3361 2444 3434 ρίανί
2496 3359 2632 3413 Τότε
2670 3358 2799 3431 γάρ,
2834 3358 2900 3414 ἂν
2945 3359 3020 3430 μὴ
3071 3363 3324 3432 παραστῇ
3372 3359 3666 3431 λάμπουσα
3704 3358 3859 3421 οὕτως

2280 3442 2437 3515 ἡμῶν
2478 3443 2513 3514 ἡ
2545 3442 2713 3514 ψυχὴν
2749 3442 2825 3505 ὡς
2854 3442 3000 3506 εἰκὸς
3043 3442 3143 3513 τὴν
3174 3443 3542 3514 ἁρμοσθεῖσαν
3578 3444 3769 3515 ἐκείνῳ
3790 3441 3861 3512 τῷ

2279 3526 2520 3599 νυμφίῳ,
2551 3528 2616 3580 ἂν
2646 3526 2722 3599 μὴ
2759 3526 2941 3598 πάσης
2969 3526 3185 3598 κηλῖδος
3219 3527 3314 3580 ml
3344 3526 3516 3600 ῥύπου
3538 3528 3636 3581 καὶ
3665 3526 3859 3598 ρυτίδος

2282 3606 2316 3686 ᾗ
2345 3609 2585 3681 καθαρὰ,
2611 3610 2916 3676 ἀπολεῖται,
2948 3610 3045 3663 καί
3080 3609 3151 3663 τά
3175 3609 3380 3681 ἔσχατα
3423 3610 3673 3664 πείσεται
3703 3608 3854 3661 δεινά.

2283 3694 2346 3748 Εἰ
2370 3694 2479 3765 γὰρ
2504 3697 2532 3748 ὁ
2560 3693 2736 3765 τυχὼν
2776 3693 2967 3766 μῶμος
2999 3693 3181 3758 ἱκανὸς
3210 3693 3379 3765 αὐτὴν
3400 3694 3672 3758 ἐκϐαλεῖν,
3702 3693 3853 3747 ὅταν11

2282 3777 2451 3842 πολὺς
2481 3779 2510 3830 ὀ
2545 3777 2717 3849 ῥύπος
2738 3775 2795 3849 ᾗ,
2828 3778 2925 3832 καὶ
2954 3776 3192 3847 τοσαύτη
3227 3779 3260 3848 ἡ
3294 3777 3546 3843 δυσωδία,
3582 3779 3673 3832 καὶ
3707 3776 3857 3847 μυρία

2280 3860 2545 3915 πάντοθεν
2573 3860 2728 3931 ἕλκη,
2756 3860 2841 3924 τίς
2881 3859 3051 3932 αὐτὴν
3082 3860 3434 3932 ἐξαιρήσεται
3472 3862 3573 3933 τῆς
3603 3861 3854 3921 κολάσεως

2279 3943 2373 3996 καὶ
2391 3944 2491 4014 τῆς
2522 3942 2793 4015 τιμωρίας
2812 3943 3065 4014 ἐκείνης;
3089 3944 3154 3997 Εἰ
3178 3943 3287 4015 γὰρ
3308 3943 3543 3997 ἐνταῦθα
3569 3943 3709 3997 οὕτω
3735 3942 3853 4011 00'3-

2278 4025 2370 4081 λον
2403 4026 2514 4090 ὄζει
2556 4026 2708 4097 παρά
2747 4027 2883 4080 πᾶσι
2930 4027 3027 4081 ml
3067 4026 3232 4097 ἀηδὲς
3257 4027 3361 4098 τῆς
3391 4026 3648 4097 τοιαύτης
3677 4026 3705 4081 0
3731 4027 3848 4098 βίος,

2279 4109 2356 4174 ὼς
2408 4109 2619 4173 πάντας
2665 4109 2838 4181 αὐτὴν
2879 4110 3333 4184 ἀποστρέφεσθαι
3382 4113 3478 4165 ml
3532 4111 3720 4179 φίλους
3771 4106 3855 4162 καὶ

2279 4193 2526 4265 ἐχθροὺς,
2591 4192 2712 4257 πῶς
2760 4193 2873 4247 τῶν
2922 4192 3218 4264 βασιλικῶν
3280 4193 3532 4265 ἐπιϐῆναι
3583 4195 3851 4266 δυνήσεται

2279 4275 2568 4347 προθύρων
2615 4276 3080 4348 ἀνακεχρωσμένη
3129 4275 3372 4348 βορϐόρῳ
3420 4276 3688 4348 τοσούτῳ;
3749 4275 3861 4352 Οὑχέ

2279 4361 2434 4432 ὁρᾷς,
2476 4360 2559 4415 ὅτι
2596 4359 2717 4413 οὐδὲ
2750 4361 2811 4415 ὲν
2842 4359 2992 4428 οἰκίᾳ
3025 4359 3218 4430 ἀνδρὸς
3251 4359 3459 4414 ἰδιώτου
3489 4361 3586 4414 ml
3616 4357 3858 4422 εὐτελοῦς

2276 4442 2564 4514 ἀνάσχοιτό
2586 4460 2670 4507 τις
2702 4443 2769 4500 ἂν
2793 4436 2857 4497 ὗν
2880 4441 3033 4515 [262]
3072 4441 3461 4510 ἐγκυλισθέντα
3489 4443 3729 4517 βορϐόρῳ
3755 4459 3843 4495 πσ-

2279 4525 2604 4596 ραδέξασθαι
2654 4525 2823 4587 ἔνδον,
2876 4525 2991 4579 ἀλλ’
3022 4525 3385 4580 ἀπελαύνουσι
3442 4529 3538 4581 καὶ
3580 4528 3844 4583 διώκουσιν

2276 4608 2536 4675 ἅπαντες,
2570 4610 2665 4663 καὶ
2705 4610 2803 4672 τάς
2851 4608 3023 4681 θύρας
3059 4609 3427 4678 ἀποκλείουσι,
3463 4612 3557 4665 καὶ
3604 4612 3844 4682 φεύγουσι

2275 4694 2500 4765 πόρρω;
2547 4695 2610 4747 Et
2651 4693 2711 4746 δὲ
2756 4692 2949 4761 ἄλογον
2984 4692 3144 4758 ζῶον,
3186 4694 3281 4746 ml
3315 4693 3490 4749 ταῦτα
3529 4697 3589 4749 ἐν
3619 4693 3856 4766 βορϐόρῳ

2273 4776 2626 4849 τρεφόμενον,
2648 4777 2746 4846 οὐχ
2768 4775 3134 4846 ὑπομένουσιν
3157 4775 3436 4849 ἄνθρωποι
3457 4775 3840 4851 παραδέξασθαι

2273 4862 2412 4915 οἴκοι
2452 4859 2591 4931 μετά
2632 4858 2873 4932 κηλῖδος,
2914 4858 3033 4923 πῶς
3069 4861 3148 4923 εἰς
3175 4859 3279 4925 τάς
3307 4862 3593 4934 οὐρανίους
3631 4857 3837 4929 σκηνὰς,

2273 4944 2402 4999 ἔνθα
2433 4943 2672 5015 τοσαύτη
2718 4942 3061 5015 λαμπρότης,
3107 4944 3237 4999 ἔνθα
3267 4946 3447 5009 ma
3484 4945 3698 5017 φαιδρὰ.
3724 4941 3839 4997 ἔνθα

2273 5027 2389 5096 φῶς
2432 5027 2745 5098 ἀπρόσιτον,
2788 5026 2918 5080 ἔνθα
2950 5028 3240 5100 ἀστραπῆς
3273 5029 3835 5102 πάσης,λαμπρότερον

2272 5109 2555 5165 ἀπαντῶσι
2585 5110 2899 5165 στίλϐουσαι
2924 5112 2981 5165 αί
3013 5111 3295 5183 παρθένοι,
3331 5113 3450 5178 πῶς
3470 5110 3744 5186 δυνήσεταί
3763 5124 3837 5171 τις

2270 5193 2415 5249 οὕτω
2482 5194 2671 5265 ῥυπῶν
2740 5194 3036 5262 εἰσελθεῖν;
3099 5196 3168 5250 At
3243 5197 3318 5268 μὴ
3387 5198 3607 5273 ἔχουσαι
3675 5194 3847 5249 ἐλαιονι
3898 5207 3903 5213 ’

2269 5277 2708 5350 ἀπεκλείσθησαν
2750 5274 2845 5334 τοῦ
2879 5277 3189 5350 νυμφῶνος,
3219 5280 3314 5344 καὶ
3345 5281 3465 5345 π‹’,ἶ›ς¹
3502 5282 3656 5352 ὑμεῖς
3682 5292 3833 5350 προσ-

2268 5362 2462 5418 δοκᾶτε
2514 5360 2874 5433 ἐπιϐήσεσθαι
2915 5362 3024 5415 τῶν
3064 5362 3273 5423 ἀδύτων
3310 5364 3566 5425 ἐκείνων,;
3600 5363 3704 5417 Kal
3736 5358 3831 5429 γὰρ

2269 5446 2448 5518 πολλῷ
2476 5445 2635 5500 τοῦτο
2662 5444 2874 5500 ἐκείνου
2900 5445 3293 5519 χαλεπώτερον,
3315 5450 3377 5502 τὸ
3408 5450 3722 5522 ἁμάρτημα.
3764 5443 3829 5497 Οὐ

2267 5532 2378 5604 γάρ
2401 5534 2567 5595 ἐστιν,
2600 5528 2701 5582 οὐκ
2744 5526 2891 5581 ἐστιν
2932 5529 3046 5584 ίσον
3070 5533 3394 5604 σωματικῆς
3425 5534 3498 5605 μὴ
3531 5527 3829 5605 μεταδοῦναι

2266 5615 2494 5686 τροφῆς,
2524 5613 2618 5667 ml
2662 5610 2840 5682 ψυχὰς
2890 5612 3155 5666 ἀπολέσαι
3202 5615 3423 5681 πολλάς.
3470 5619 3695 5677 Ἐκείναι

2263 5698 2375 5769 γὰρ
2402 5698 2530 5761 τοὺς
2558 5695 2888 5767 πενομένους
2923 5695 3188 5768 ἠδίκησαν
3219 5700 3390 5754 οὐδέν·
3424 5700 3606 5772 ἐπειδὴ
3645 5698 3699 5761 δὲ
3731 5694 3829 5751 τῶν

2267 5780 2475 5836 ἑαυτῶν
2521 5780 2707 5842 αὐτοῖς
2761 5778 2824 5832 οὐ
2879 5780 3215 5849 μετέδωκαν,
3249 5783 3371 5838 οὐδὲ
3397 5774 3700 5856 ἀπήλλαξαν
3742 5793 3831 5832 πες

2266 5866 2406 5928 νίας,
2442 5862 2619 5917 ταῦτα
2651 5861 2873 5917 ἔπαθον·
2906 5863 2972 5915 σὺ
3014 5862 3071 5916 δὲ
3113 5865 3208 5919 'ml
3241 5865 3506 5939 ἠδίκησας
3547 5867 3635 5922 καὶ
3672 5858 3835 5924 ὦσας..
3950 5874 3957 5881 ’

2332 5963 2354 6020 ’ξ
2378 5957 2528 6020 Ξεινὶί.
2554 5957 2634 6005 καὶ
2656 5956 2945 6020 ῥήματακαὶ
2971 5956 3217 6020 βλέμματα
3240 5960 3320 6008 καί
3346 5960 3515 6010 ἔννοια.

2330 6019 2359 6061 δ
2382 6016 2535 6070 Savll.
2561 6016 2725 6081 μῶμος
2749 6017 2988 6080 ἐκϐάλλει,
3011 6016 3139 6070 ὅταν.
