4138 6480
402 401 509 457 525

399 534 587 589 gressu
613 526 666 572 et
694 524 910 586 aspectu
938 523 991 569 et
1019 511 1411 568 cohabitatione
1439 510 1646 564 illorum
1672 517 1790 563 esto
1818 526 1832 562 :
1859 516 1984 563 tunc

402 619 455 664 te
483 618 537 663 et
562 609 812 663 mulieres
840 604 1241 674 obstupescent,
1279 611 1333 657 et
1356 601 1456 655 viri
1483 613 1670 655 onmes
1703 598 1863 653 simul
1887 596 1985 652 ad-

402 700 759 765 mirabuntur,
797 705 982 768 utpote
1019 683 1279 765 virginem
1319 706 1517 764 sponso
1555 690 1816 747 iudivulse
1850 689 1986 744 assi-

400 793 615 850 dentem
653 790 729 863 (l.
759 782 879 846 Cor.
918 790 973 845 7.
1004 786 1097 861 35)
1129 806 1142 840 :
1175 794 1301 842 tunc
1340 799 1446 840 non
1475 782 1751 840 domestici
1789 781 1986 849 solum,

401 883 498 940 sed
534 893 589 940 et
611 882 839 955 gentiles
862 889 916 937 et
940 880 1131 945 Judaai,
1162 887 1219 935 et
1245 892 1407 935 omne
1434 877 1710 932 hominum
1743 873 1990 945 probabit

399 992 570 1047 genus
602 985 799 1046 :‘atque
824 974 959 1030 adeo
978 973 1024 1029 si
1047 973 1270 1044 gloriam
1300 986 1469 1038 amas,
1501 969 1638 1024 hanc
1664 967 1801 1023 vade
1822 967 1984 1032 viam,

400 1084 507 1123 non
527 1064 725 1125 aliam:
758 1075 884 1121 tunc
911 1073 961 1121 te
986 1079 1095 1120 non
1115 1065 1226 1135 jam
1258 1063 1398 1119 illius
1427 1062 1511 1117 vel
1533 1060 1677 1115 illius
1700 1058 1985 1123 vocabunt,

400 1160 495 1215 se‘d
537 1157 733 1215 Christi
763 1173 779 1212 :
812 1156 936 1212 huic
979 1165 1158 1212 autem
1196 1164 1418 1211 ornatus
1459 1153 1596 1209 alius
1631 1167 1729 1223 par
1764 1165 1794 1204 a
1840 1148 1988 1205 nullo

399 1251 497 1306 tibi
530 1251 651 1306 erit.
681 1251 762 1305 Au
791 1264 920 1305 vero
948 1249 1137 1321 exigua
1176 1257 1320 1315 sunt,
1351 1261 1554 1317 quaeso,
1601 1259 1721 1315 qum
1755 1241 1988 1314 quotidie

399 1351 663 1397 canuntur
694 1349 750 1397 et
785 1341 837 1396 in
866 1341 1004 1409 foro,
1037 1349 1092 1396 et
1119 1341 1170 1395 in
1209 1338 1478 1403 domibus,
1507 1345 1561 1391 ct
1589 1337 1640 1390 in
1667 1335 1785 1390 aliis
1806 1335 1989 1389 civita-

399 1433 578 1488 tibus?
610 1433 791 1488 Puella
815 1431 1003 1487 isthazc
1032 1430 1264 1486 formosa
1290 1429 1445 1483 valde
1482 1437 1538 1483 et
1577 1426 1909 1492 adolescens,
1941 1426 1986 1480 si

399 1524 675 1589 voluisset,
706 1523 905 1579 multos
945 1531 1201 1593 patronos
1243 1520 1347 1576 sibi
1375 1518 1664 1575 conciliare
1700 1516 1983 1587 potuisset,

398 1616 495 1672 sed
539 1616 709 1671 noluit
758 1633 773 1670 :
819 1617 929 1671 imo
973 1615 1162 1671 maluit
1205 1613 1404 1683 quaevis
1453 1610 1719 1666 sustinere
1755 1623 1817 1664 ac
1854 1608 1984 1679 pati,

330 1726 340 1740 ν
397 1723 558 1778 quam
581 1706 781 1763 Christi
809 1722 1052 1762 amorem
1082 1705 1406 1775 relinquere,
1435 1711 1488 1758 et
1517 1701 1776 1757 castitatis
1799 1699 1985 1755 liorem

396 1800 709 1857 obscurare.
756 1797 916 1854 Beata
963 1804 1018 1852 et
1065 1795 1148 1850 bis
1187 1804 1240 1851 et
1281 1803 1360 1849 ter
1403 1803 1459 1849 et
1498 1793 1713 1863 smpius.
1764 1791 1986 1857 Quantis

396 1891 606 1947 fruetur
629 1888 803 1955 bonis,
826 1887 1037 1960 qualem
1064 1887 1288 1958 accipiet
1316 1900 1594 1953 coronam,
1623 1893 1823 1954 quanta
1845 1898 1987 1937 mer-

396 1981 532 2037 cede
581 1980 887 2047 donabitur,
933 1994 1053 2051 quae
1099 1993 1220 2034 cum
1271 1978 1400 2048 ipsis
1444 1976 1771 2046 iucorporeis
1818 1982 1988 2030 certat

397 2070 728 2127 Virtutibus?
755 2070 878 2125 Hzec
906 2078 961 2125 et
999 2069 1126 2123 talia
1153 2068 1221 2124 de
1250 2068 1352 2123 hac
1381 2081 1569 2122 omnes
1597 2065 1808 2132 dicent,
1840 2074 1893 2118 et
1919 2064 1984 2118 ad

396 2162 789 2219 aemulationem
842 2160 953 2215 suis
1009 2159 1220 2214 filiabus
1275 2164 1611 2228 preponent;
1668 2165 1722 2211 et
1766 2152 1813 2209 si
1865 2153 1986 2224 quis

396 2255 686 2310 admonere
714 2253 937 2308 honeste
961 2252 1257 2318 viventem;
1288 2258 1342 2305 et
1369 2250 1416 2306 si
1445 2251 1563 2319 quis
1591 2257 1896 2318 corruptam
1918 2246 1984 2302 ad

397 2344 713 2399 modestiam
739 2341 1001 2398 reducere
1027 2341 1271 2405 voluerit,
1306 2339 1422 2394 haec
1457 2339 1530 2394 illi
1576 2340 1767 2393 iterum
1798 2351 1985 2392 omnes

395 2433 639 2490 encomia
677 2433 729 2487 iu
770 2432 1006 2488 medium
1052 2430 1223 2486 ferent
1254 2449 1269 2485 :
1298 2446 1404 2484 non
1441 2428 1529 2483 hic
1565 2438 1744 2483 autem
1781 2428 1980 2495 solum,

395 2527 491 2582 sed
519 2533 574 2580 et
600 2527 808 2596 quoties
828 2522 896 2578 de
922 2522 1224 2593 virginitate
1243 2520 1335 2575 fiat
1363 2534 1541 2576 sermo
1570 2538 1583 2574 :
1608 2528 1662 2575 et
1690 2520 1766 2574 sic
1794 2533 1984 2573 omnes

396 2616 711 2683 laudabunt,
741 2630 848 2671 non
878 2616 1050 2671 solum
1075 2613 1164 2685 qui
1192 2621 1339 2668 caste
1358 2612 1561 2676 vivunt,
1590 2609 1685 2666 sed
1715 2618 1768 2664 et
1794 2609 1869 2664 illi
1893 2609 1983 2680 qui

393 2710 651 2768 studuere
681 2718 737 2764 et
771 2708 946 2763 omnia
992 2706 1231 2762 fecerunt
1263 2714 1321 2760 ut
1349 2706 1516 2775 ipsam
1552 2704 1888 2769 obtinerent,
1917 2717 1981 2756 ac

392 2801 589 2857 deinde
615 2800 905 2870 contempti
934 2808 988 2855 et
1015 2798 1251 2869 despecti
1281 2796 1514 2851 fuerunt.
1544 2795 1716 2865 Atque
1736 2795 1835 2861 ista
1864 2796 1982 2866 qui-

392 2892 516 2948 deni
548 2900 713 2960 tanta,
735 2900 789 2947 et
814 2891 983 2945 multo
1008 2889 1211 2960 majore
1238 2903 1398 2960 quam
1424 2886 1625 2942 dictum
1648 2898 1751 2953 est,
1781 2886 1985 2942 fruetur

390 2987 559 3057 gloria
589 3003 602 3038 :
632 3001 753 3056 quae
795 2999 924 3040 vero
961 2983 1331 3039 cohabitantes
1378 2981 1563 3049 habet,
1602 2981 1781 3035 Omnia
1823 2994 1981 3035 secus

392 3077 611 3146 reperit.
653 3077 721 3132 Et
754 3076 929 3146 primo
962 3074 1176 3146 quidem
1216 3074 1430 3145 quando
1470 3073 1539 3127 ab
1576 3071 1841 3141 aliquibus
1883 3073 1983 3127 im-

392 3168 537 3237 puris
577 3176 857 3224 accusatur
886 3167 1184 3237 virginitas,
1215 3165 1285 3222 de
1324 3167 1563 3236 utrisque
1604 3165 1983 3223 habetur-me-

390 3259 560 3312 moria
589 3260 639 3312 iu
673 3258 866 3314 talibus
895 3257 1279 3323 conventibus;
1316 3256 1410 3311 sed
1446 3257 1534 3311 illa
1560 3256 1774 3326 quidem
1811 3257 1983 3326 aperit

388 3364 482 3404 ora
529 3348 940 3412 defensantium,
992 3349 1091 3403 ista
1140 3356 1319 3403 autem
1359 3347 1746 3403 accusantium.
1789 3347 1980 3403 Postea

387 3438 601 3509 quando
640 3439 833 3509 corrigi
874 3439 1106 3508 aliquam
1137 3449 1192 3493 et
1232 3439 1581 3507 compositam
1614 3437 1764 3492 reddi
1801 3438 1975 3506 decet,

389 3530 506 3584 lucc
529 3529 739 3599 quidem
769 3538 826 3582 nt
846 3528 1189 3598 pharmacqu
1212 3528 1532 3598 astringens,
1555 3538 1607 3581 et
1633 3526 1774 3597 quod
1802 3537 1980 3597 putre-

386 3620 570 3676 dinem
612 3619 874 3690 repellere
914 3627 1089 3689 potest
1128 3620 1181 3673 in
1208 3618 1446 3673 medium
1472 3615 1715 3682 affertur,
1745 3627 1798 3672 et
1839 3632 1978 3688 pra:-

384 3713 622 3782 ceptoris
659 3728 720 3767 os
760 3721 918 3767 ornat
946 3730 961 3767 :
992 3712 1082 3767 illa
1108 3719 1288 3766 autem
1326 3725 1447 3765 cum
1477 3708 1699 3765 confusa
1725 3718 1850 3779 stat,
1895 3721 1978 3766 ta-

386 3805 545 3860 metsi
588 3819 695 3859 non
738 3804 901 3872 adsit,
947 3804 1274 3860 erubescens
1314 3812 1370 3858 et
1411 3801 1709 3873 pudefacta.
1749 3801 1979 3858 Necesse

384 3899 529 3954 enim
554 3907 637 3953 est
664 3906 720 3952 ut
744 3898 1028 3954 occasione
1056 3897 1315 3968 cujusque
1344 3897 1508 3968 lapsae
1534 3897 1649 3952 hare
1677 3906 1977 3965 accusetur,

383 3998 442 4044 et
483 3988 674 4043 iterum
713 3988 1099 4056 confundatur;
1135 3998 1190 4045 et
1226 3988 1316 4045 ubi
1356 3990 1425 4045 de
1461 4004 1522 4046 re
1552 3988 1651 4046 hac
1678 4005 1858 4046 sermo
1897 3988 1975 4059 fit,

384 4082 521 4135 sicut
543 4080 631 4134 iila
657 4079 835 4146 beata,
863 4081 934 4134 ita
959 4081 1058 4134 ista
1089 4081 1283 4137 misera
1311 4090 1366 4137 et
1385 4082 1714 4151 calamitosa,
1742 4092 1796 4139 et
1821 4083 1978 4154 quid-

384 4174 470 4227 vls
513 4174 688 4228 simile
732 4172 999 4229 audietur.
1040 4173 1108 4229 Et
1146 4177 1282 4230 sicut
1324 4176 1466 4230 illam
1510 4190 1614 4230 non
1663 4179 1753 4246 qui
1796 4178 1978 4234 vident

383 4264 583 4330 solum,
612 4263 707 4318 sed
735 4271 790 4319 et
818 4263 907 4334 qui
938 4264 1203 4334 ignorant,
1229 4275 1285 4320 et
1313 4265 1458 4319 nullo
1485 4264 1747 4321 beneflcio
1776 4267 1973 4338 affecti,

382 4357 658 4411 celebrant
683 4365 733 4411 et
767 4355 984 4412 laudant
1018 4374 1031 4412 :
1061 4357 1133 4411 ita
1158 4366 1213 4412 et
1241 4357 1379 4412 hanc
1408 4368 1669 4433 quotquot
1692 4360 1777 4416 vel
1803 4361 1977 4418 sciunt

383 4447 466 4501 vel
496 4448 741 4517 ignorant
767 4447 954 4518 ipsam,
985 4455 1041 4503 et
1064 4448 1153 4518 qui
1183 4448 1316 4503 nihil
1338 4449 1463 4504 mali
1485 4450 1553 4505 ab
1577 4464 1641 4506 ea
1660 4460 1785 4507 sunt
1806 4454 1970 4523 passi,

381 4538 624 4609 affligunt
645 4549 699 4594 et
726 4541 1093 4594 criminantur.
1120 4540 1253 4595 Nam
1285 4541 1317 4595 ii
1345 4541 1433 4612 qui
1462 4551 1608 4597 recte
1634 4543 1837 4609 vivunt,
1867 4559 1975 4599 non

381 4645 411 4683 a
446 4630 584 4683 uotis
624 4630 819 4696 solum,
862 4629 957 4686 sed
990 4641 1045 4685 et
1081 4632 1150 4686 ab
1188 4631 1401 4702 ignotis,
1446 4632 1555 4686 imo
1597 4632 1664 4687 ab
1706 4633 1835 4701 ipsis
1876 4634 1977 4688 ini-

383 4719 536 4772 micis
565 4718 846 4773 laudantur
875 4729 929 4774 et
966 4718 1304 4776 admirationi
1330 4729 1491 4776 sunt:
1516 4722 1604 4792 qui
1645 4731 1821 4778 autem
1851 4738 1975 4779 cor-

382 4810 524 4879 rupti
564 4819 619 4864 et
663 4807 911 4879 improbi,
944 4819 1001 4865 et
1037 4810 1105 4866 ab
1145 4811 1333 4867 amicis
1372 4810 1697 4884 affliguntur.
1738 4812 1808 4868 Et
1843 4828 1974 4870 vero

381 4905 579 4957 divin-.e
620 4903 721 4958 hoc
745 4902 1094 4974 providentia:
1120 4918 1256 4973 opus
1281 4912 1384 4972 est,
1406 4905 1549 4975 quod
1588 4913 1784 4960 tantam
1820 4906 1973 4962 nobis

381 4986 506 5049 cum
566 4996 840 5050 virtutibus
894 4996 1263 5066 cognationem
1291 5036 1309 5063 ,
1364 5004 1419 5051 et
1471 5005 1669 5052 tantam
1719 4998 1968 5054 vitiorum

383 5086 830 5142 abominationem
869 5086 1088 5154 indidit;
1124 5094 1182 5141 ut
1220 5086 1308 5143 illa
1336 5086 1550 5157 quidem
1584 5089 1821 5143 omnium
1856 5089 1969 5146 cal-

383 5179 505 5234 culo
530 5179 801 5250 probetur,
838 5182 1001 5235 etiam
1031 5194 1236 5246 eorum,
1273 5179 1363 5249 qui
1398 5179 1541 5233 illam
1587 5193 1690 5234 non
1735 5180 1970 5247 adeunt;

384 5272 587 5327 malitia
651 5287 780 5328 vero
846 5272 1232 5327 condemnetur
1292 5282 1347 5328 et
1415 5272 1484 5327 ab
1545 5271 1610 5327 iis
1671 5272 1761 5341 qui
1827 5272 1973 5327 illam

389 5375 728 5434 aversantur,
769 5375 823 5422 et
866 5365 934 5421 ab
964 5365 1027 5420 iis
1066 5366 1158 5434 qui
1196 5365 1340 5419 illam
1384 5374 1783 5420 consectantur.
1824 5363 1974 5420 Unde

385 5460 611 5526 clarum,
651 5458 793 5528 quod
838 5459 1056 5529 ignavas
1101 5457 1220 5514 illas
1261 5472 1370 5514 non
1411 5459 1525 5514 noti
1562 5458 1758 5527 solum,
1794 5457 1889 5514 sed
1922 5468 1977 5514 et

387 5553 549 5621 ignoti
577 5561 911 5620 aversantur,
943 5562 998 5609 et
1033 5553 1272 5608 maxime
1301 5553 1540 5608 omnium
1570 5553 1605 5608 ii
1634 5554 1724 5625 qui
1750 5554 1974 5609 cohabi-

388 5653 521 5698 tant.
554 5643 686 5699 Nam
724 5645 824 5698 etsi
855 5658 915 5699 se
950 5643 1132 5700 dicant
1162 5643 1319 5702 valde
1341 5660 1437 5700 vos
1463 5646 1687 5717 diligere
1711 5654 1767 5701 et
1798 5646 1973 5701 admi-

389 5734 517 5799 rari,
561 5734 663 5790 etsi
697 5735 920 5806 gratiam
965 5733 1196 5792 habeant
1227 5753 1322 5808 pro
1360 5737 1459 5794 hac
1488 5739 1760 5808 voluptate
1795 5745 1849 5794 et
1877 5752 1975 5807 pro

391 5823 544 5882 donis
571 5826 781 5897 vestris,
812 5833 1046 5883 attamen
1074 5826 1199 5884 odio
1229 5828 1420 5885 iterum
1451 5830 1601 5886 eritis
1626 5830 1970 5887 conscientiis

941 395 1124 464 QUOD
1164 392 1575 451 REGULARES
1614 391 1895 448 FEMINAZ
1938 390 2114 445 VIRIS
2151 390 2590 449 COIIABITARE
2627 393 2763 450 NON
2807 392 3141 451 DEBEANT.

2093 522 2299 571 eorum,
2340 509 2424 561 ubi
2457 524 2637 577 parum
2675 510 3017 581 resipuerint,
3055 521 3109 566 et
3154 510 3528 579 intellexerint,
3568 530 3675 583 quo

2091 598 2282 670 laqueo
2321 599 2516 656 fuerint
2553 602 2715 671 capti.
2741 601 2968 656 Tantum
2998 612 3080 657 est
3108 602 3342 673 nequitia
3372 603 3590 670 malum,
3618 615 3674 659 ut

2091 688 2147 754 ii,
2203 704 2338 760 quos
2381 690 2611 746 maxime
2660 692 2899 746 omnium
2947 691 3144 759 colitis,
3196 706 3289 748 vos
3340 693 3675 763 potissimum

2088 780 2490 836 condcmnaturi
2512 781 2641 848 sint,
2659 783 2909 851 quoniam
2924 791 2980 838 et
2994 782 3224 838 maxime
3244 784 3479 853 omnium
3499 794 3675 841 vestra

2089 872 2265 926 sciunt
2291 871 2342 926 iu
2373 873 2702 942 penitissima
2725 873 2964 942 admissi,
2989 883 3044 929 et
3066 883 3271 931 secreta
3297 887 3473 932 vestra
3498 879 3675 934 omnia

2090 960 2386 1016 diﬂ'atnant.
2438 961 2505 1016 Et
2549 962 2691 1032 quod
2738 962 2952 1019 oderint
2996 964 3119 1020 hinc
3160 966 3497 1022 manifestum
3535 979 3619 1023 est
3660 986 3676 1024 :

2090 1052 2287 1120 saepius
2314 1053 2602 1108 voluerunt
2638 1053 2706 1109 ab
2734 1052 2834 1109 hac
2872 1055 3053 1110 scabie
3077 1065 3133 1111 et
3171 1056 3274 1111 hoc
3309 1057 3501 1114 morbo
3526 1062 3675 1129 gravi

2092 1141 2328 1208 liberari,
2357 1143 2579 1213 impedit
2608 1159 2738 1199 vero
2771 1145 3123 1214 consuetudo,
3161 1157 3217 1203 et
3244 1148 3487 1219 voluptas
3525 1165 3676 1220 qua:-

2091 1231 2212 1286 dam
2241 1249 2359 1303 qua:
2391 1235 2565 1290 inesse
2595 1234 2833 1303 videtur;
2859 1238 3295 1310 quandoquidem
3331 1251 3384 1296 et
3423 1242 3511 1296 illa
3542 1242 3675 1297 libe-

2090 1329 2196 1378 rari
2222 1325 2536 1396 aegritudine
2555 1336 2741 1398 optant
2763 1329 2999 1400 quidem,
3022 1347 3249 1402 eamque
3268 1348 3456 1389 omnes
3476 1336 3566 1405 qui
3590 1334 3676 1389 illa

2090 1416 2335 1471 laborant
2358 1417 2608 1485 oderunt;
2637 1428 2693 1474 at
2716 1419 3051 1475 delectantur
3078 1431 3253 1477 tamen
3280 1423 3406 1478 dum
3437 1440 3499 1479 ea
3526 1425 3676 1480 labo-

2091 1517 2231 1572 rant,
2274 1517 2330 1562 ut
2359 1509 2410 1564 in
2454 1510 2557 1565 hoc
2590 1524 2718 1565 casu
2752 1512 3035 1582 contingit.
3065 1512 3199 1572 Nam
3227 1514 3354 1569 licet
3378 1517 3498 1586 quis
3525 1517 3681 1572 Valde

2093 1599 2259 1656 miser
2282 1611 2335 1656 et
2359 1602 2703 1658 calamitosus
2737 1603 2827 1669 sit,
2857 1620 2961 1659 non
3000 1616 3081 1661 est
3113 1615 3289 1662 tamen
3320 1607 3391 1662 ita
3420 1608 3678 1678 despera-

2093 1699 2197 1755 tus,
2228 1707 2325 1746 nec
2357 1693 2425 1746 ita
2453 1708 2604 1749 suam
2629 1694 2778 1764 cupit
2805 1695 3068 1767 inquinari
3093 1697 3347 1767 gloriam,
3382 1708 3437 1753 ut
3467 1701 3590 1755 velit
3619 1701 3676 1755 in

2092 1783 2419 1853 turpitudine
2444 1789 2644 1853 vivere,
2675 1796 2729 1842 et
2766 1788 2820 1842 in
2858 1802 2954 1844 ore
2981 1790 3221 1845 omnium
3254 1792 3476 1857 versari,
3507 1794 3673 1848 male-

2089 1871 2247 1928 dictis
2275 1874 2492 1942 incessi,
2511 1876 2696 1943 rideri,
2729 1878 3033 1949 opprobriis
3056 1882 3291 1947 onerari,
3315 1891 3372 1937 et
3397 1894 3678 1953 spectacu-

2091 1964 2199 2019 lum
2228 1979 2347 2021 esse
2377 1967 2429 2022 in
2458 1968 2578 2023 foro
2603 1984 2911 2035 commune,
2941 1972 3289 2042 omniumque
3319 1974 3498 2043 digitis
3528 1990 3678 2030 mon-
3738 2043 3742 2047 ,

2088 2059 2248 2113 strari
2307 2074 2403 2128 per
2457 2061 2820 2131 ignominiam.
2877 2062 3167 2119 Enimvero
3218 2080 3326 2121 non
3380 2083 3542 2136 parva
3597 2067 3679 2122 his

2090 2149 2379 2205 insuavitas
2433 2152 2502 2207 ab
2553 2153 2857 2223 hujusmodi
2906 2156 3213 2225 suspicione
3256 2158 3509 2227 nascitur,
3559 2175 3681 2230 qum

2087 2245 2467 2300 conscientiam
2507 2247 2719 2303 assidue
2745 2248 3001 2318 exagitat,
3039 2244 3093 2304 et
3131 2251 3276 2305 omni
3304 2267 3488 2306 verme
3525 2262 3677 2308 tena-

2087 2332 2205 2386 cius
2254 2346 2486 2389 mentem
2532 2335 2675 2391 intus
2724 2336 3054 2408 depascitur.
3101 2338 3158 2395 Si
3205 2350 3382 2396 autem
3428 2343 3515 2398 ubi
3566 2343 3680 2398 haec

2086 2425 2227 2494 apud
2251 2427 2492 2493 homines
2518 2430 2760 2498 sequitur
2787 2428 3024 2497 infamia,
3048 2431 3173 2486 licet
3195 2433 3327 2487 nihil
3354 2434 3524 2503 palam
3553 2450 3680 2505 pro-

2089 2514 2280 2583 ferant,
2312 2515 2405 2571 sed
2434 2517 2573 2571 intra
2604 2533 2663 2573 se
2703 2519 2873 2574 solum
2913 2519 3249 2590 improbent,
3289 2531 3464 2579 tantus
3507 2527 3680 2580 oritur

2087 2605 2243 2661 dolor
2277 2623 2441 2663 :cutn
2470 2607 2538 2663 ad
2574 2608 2765 2679 injuria
2791 2609 3040 2665 affectum
3078 2626 3334 2681 sponsum
3370 2614 3665 2683 proﬁcisce-

2088 2712 2229 2764 mur,
2255 2713 2377 2753 cum
2400 2698 2608 2753 occulta
2639 2700 2692 2754 iu
2721 2700 2956 2755 medium
2984 2700 3338 2768 adducentur,
3371 2705 3584 2774 quando
3614 2717 3669 2760 et

2086 2790 2246 2845 corda
2275 2791 2672 2859 revelabuntur,
2704 2802 2760 2848 et
2788 2807 2987 2859 sermo,
3014 2804 3070 2849 et
3108 2795 3297 2864 figura,
3326 2806 3384 2850 et
3420 2797 3589 2863 visus,
3620 2810 3675 2854 et

2086 2882 2345 2953 cogitatio
2382 2882 2627 2953 (transeo
2670 2885 2814 2939 enim
2860 2900 2981 2956 qua:
3012 2884 3095 2941 his
3126 2872 3382 2959 turpiora)
3414 2905 3429 2943 :
3463 2890 3679 2959 quando

2087 2975 2247 3045 igitur
2275 2977 2455 3031 omnia
2474 2978 2789 3048 simpliciter
2813 2978 2868 3034 in
2890 2979 3021 3035 orbe
3050 2989 3162 3034 toto
3186 2980 3322 3035 nuda
3345 2981 3677 3051 apparebunt

2085 3076 2140 3121 et
2165 3076 2369 3137 aperta.
2393 3078 2645 3138 quantam
2666 3070 3049 3126 sustinebimus
3076 3071 3447 3141 ignominiam,
3476 3083 3530 3130 et
3549 3090 3678 3145 sup-

2084 3158 2323 3229 plieium,
2364 3169 2419 3212 et
2458 3158 2783 3215 vindictam?
2816 3159 2971 3216 Tunc
3009 3161 3152 3215 enim
3194 3161 3238 3215 si
3274 3177 3380 3217 non
3424 3178 3485 3219 se
3521 3165 3678 3220 sistat

2085 3246 2289 3319 fulgens
2316 3249 2596 3306 virtutibus
2617 3250 2816 3315 anima,
2841 3260 2898 3306 ut
2923 3250 3079 3307 decet
3107 3251 3411 3322 hujusmodi
3434 3254 3673 3323 junctam

2083 3353 2301 3408 sponso;
2325 3340 2368 3394 si
2393 3356 2497 3395 non
2527 3341 2671 3396 omni
2695 3341 2831 3409 labe,
2858 3344 3061 3399 macula
3075 3353 3129 3399 et
3144 3360 3271 3416 ruga
3294 3347 3364 3401 sit
3385 3363 3532 3417 pura,
3554 3364 3676 3418 per-

2084 3432 2179 3487 ibit
2218 3440 2274 3488 et
2320 3443 2558 3490 extrema
2600 3433 2755 3490 feret.
2813 3435 2966 3504 Quod
3005 3438 3050 3492 si
3094 3439 3426 3508 quantalibet
3467 3443 3673 3498 macula

2083 3524 2280 3593 ejicere
2323 3525 2463 3580 illam
2509 3535 2703 3596 potest,
2736 3528 2950 3598 quando
2979 3530 3159 3585 multa:
3204 3531 3392 3587 sordes
3429 3516 3575 3601 sun’t,
3620 3544 3676 3591 ct

2085 3626 2262 3673 tantus
2301 3618 2482 3686 fmtor,
2530 3628 2583 3675 et
2625 3620 2854 3691 plurima
2902 3620 3101 3693 ubique
3150 3623 3349 3689 ulcera,
3393 3626 3513 3695 quis
3554 3641 3672 3681 eam

2081 3718 2229 3764 eruet
2251 3723 2282 3764 e
2307 3711 2569 3781 supplicio
2594 3722 2649 3768 et
2669 3713 2754 3768 illa
2782 3714 3129 3784 poena7Nam
3150 3716 3195 3771 si
3218 3716 3304 3772 hic
3326 3717 3396 3772 ita
3421 3717 3673 3789 despecta

2083 3809 2137 3856 et
2167 3802 2398 3857 insuavis
2423 3804 2539 3873 ejus
2560 3813 2643 3861 est
2668 3806 2794 3873 vita,
2822 3814 2883 3861 ut
2902 3822 3092 3864 omnes
3117 3823 3235 3864 eam
3258 3820 3591 3878 aversentur,
3619 3822 3675 3867 et

2082 3896 2237 3951 amici
2268 3905 2324 3951 et
2348 3898 2571 3966 inimici,
2603 3898 2874 3971 quomodo
2905 3901 3101 3970 poterit
3129 3900 3195 3955 ad
3226 3901 3372 3972 regia
3401 3909 3672 3958 transcen-

2082 3987 2210 4043 dere
2238 3990 2518 4057 vcstibula,
2559 3999 2708 4047 tanta
2737 3991 2833 4047 luti
2866 3991 3107 4049 fmditate
3135 3993 3337 4050 oblita?
3363 3994 3478 4050 Non
3520 3995 3672 4052 vides

2082 4078 2226 4149 quod
2266 4080 2319 4133 in
2358 4080 2522 4136 domo
2550 4082 2651 4137 viri
2688 4084 2881 4153 privati
2925 4093 2979 4140 et
3007 4084 3130 4141 vilis
3172 4102 3332 4142 nemo
3360 4086 3523 4143 ferret
3549 4103 3673 4159 por-

2082 4184 2201 4223 cum
2229 4169 2340 4223 luto
2368 4170 2662 4226 volutatum
2704 4172 2845 4226 intus
2875 4173 3104 4240 admitti,
3138 4175 3233 4229 sed
3275 4176 3422 4230 illum
3453 4177 3676 4248 abigunt

2082 4269 2137 4315 et
2163 4270 2552 4330 persequuntur
2575 4276 2784 4328 omnes,
2813 4272 2864 4318 et
2882 4262 3076 4333 januas
3101 4263 3379 4333 claudunt,
3408 4275 3462 4321 et
3488 4266 3675 4337 fugant

2084 4353 2302 4422 procul?
2329 4353 2384 4409 Si
2414 4364 2593 4408 autem
2621 4353 2837 4409 brutum
2870 4355 3100 4420 animal,
3132 4357 3185 4411 in
3216 4357 3332 4413 luto
3360 4358 3667 4427 educatum,

2082 4461 2187 4500 non
2234 4443 2411 4500 ferunt
2461 4446 2705 4503 homines
2747 4448 2888 4503 intus
2925 4449 3102 4520 excipi
3145 4464 3267 4505 cum
3308 4450 3398 4505 tali
3438 4453 3699 4520 macula,-

2081 4537 2351 4609 quomodo
2381 4537 2433 4592 in
2460 4537 2695 4594 caelestia
2717 4539 3091 4607 tabernacula,
3118 4540 3208 4596 ubi
3248 4549 3394 4597 tanta
3434 4542 3668 4609 claritas,

2083 4631 2171 4687 ubi
2220 4632 2400 4686 omnia
2446 4630 2664 4702 fulgida,
2708 4632 2797 4688 ubi
2846 4631 2938 4687 qu
2991 4632 3287 4702 inaccessa,
3331 4635 3421 4690 ubi
3466 4635 3673 4707 fulgure

2081 4726 2227 4780 omni
2257 4724 2566 4795 fulgidieres
2596 4733 2882 4799 occurrent
2907 4725 3162 4797 virgines,
3205 4727 3403 4798 poterit
3437 4730 3556 4799 quis
3593 4730 3672 4785 sic

2080 4816 2452 4887 coinquinatus
2495 4815 2736 4887 ingredi?
2762 4818 2893 4882 Quae
2934 4832 3039 4872 non
3084 4816 3355 4874 habebant
3392 4821 3592 4887 oleum,
3638 4836 3666 4873 a

2082 4906 2319 4963 thalamo
2345 4907 2575 4962 exclusae
2606 4915 2751 4976 sunt,
2778 4915 2833 4961 et
2859 4907 3131 4977 quomodo
3154 4922 3251 4963 vos
3285 4910 3441 4980 adyta
3473 4910 3559 4964 illa
3592 4911 3673 4963 in-

2079 4999 2228 5069 gredi
2284 4998 2650 5069 exspectatis?
2696 4998 2908 5053 Etenim
2957 5000 3124 5056 multo
3170 5000 3273 5057 hoc
3318 5002 3408 5057 illo
3454 5003 3666 5071 gravius

2082 5099 2356 5163 peccatum
2386 5099 2489 5147 est.
2527 5090 2643 5145 Non
2672 5091 2816 5145 enim
2845 5098 2929 5146 est
2959 5106 3075 5162 par,
3113 5093 3448 5163 corporalem
3489 5094 3666 5148 cibum

2081 5200 2187 5239 non
2221 5183 2513 5252 impertire,
2537 5172 2803 5238 et'multas
2827 5182 3054 5252 perdere
3074 5184 3296 5238 animas.
3326 5182 3435 5238 Illa:
3453 5183 3671 5254 quidem

2084 5291 2343 5348 pauperes
2384 5275 2527 5331 nulla
2559 5275 2611 5330 in
2640 5290 2700 5331 re
2728 5275 3023 5334 affecerant
3058 5277 3270 5347 injuria,
3302 5277 3394 5332 sed
3426 5278 3546 5347 quia
3575 5294 3671 5332 sua

2086 5371 2192 5425 illis
2215 5385 2319 5424 non
2351 5370 2636 5440 impartitae
2665 5379 2811 5439 sunt,
2840 5387 3013 5443 neque
3049 5385 3236 5427 eorum
3266 5372 3499 5436 impiam
3527 5371 3671 5426 leva-

2080 5467 2292 5526 verunt,
2335 5460 2451 5515 hzee
2488 5475 2659 5530 passa:
2698 5470 2823 5517 sunt
2854 5479 2867 5516 :
2897 5471 2952 5516 tu
2985 5469 3165 5515 autem
3203 5460 3397 5531 injuria
3423 5460 3668 5522 all'ecisti.

2081 5560 2136 5607 et
2155 5551 2426 5622 expulisti,
2442 5560 2498 5606 et
2522 5567 2627 5607 non
2644 5552 2815 5609 solum
2839 5566 2944 5607 non
2967 5550 3233 5622 profuisti,
3257 5553 3352 5609 sed
3372 5562 3425 5609 et
3442 5552 3674 5608 maxime

2082 5643 2333 5699 nocuisti.
2360 5642 2515 5709 Quod
2537 5642 2726 5714 siqua:
2750 5642 2885 5697 nihil
2912 5639 3246 5713 profuerunt,
3279 5652 3480 5698 tantam
3507 5642 3670 5698 dede-

2084 5744 2209 5791 runt
2231 5749 2468 5807 ptnnam,
2490 5734 2791 5806 praesertim
2817 5733 3121 5806 virginitate
3141 5734 3348 5790 sincera
3380 5742 3631 5788 manente
3656 5748 3669 5784 ε

2080 5843 2201 5900 qua:
2244 5843 2351 5885 non
2396 5828 2569 5885 solum
2609 5825 2824 5883 inutiles
2863 5825 3001 5896 aliis,
3034 5824 3128 5884 sed
3164 5834 3218 5882 et
3265 5825 3552 5899 plurimum
3580 5824 3668 5878 sl-

3572 397 3677 451 526
3755 439 3764 448 .
