4138 6460
554 352 658 407 ΰΞῚ

558 466 741 532 lziipsis
773 468 1087 521 nocuerunt,
1114 473 1320 513 necnon
1348 454 1823 510 contubernalibus
1843 464 1894 508 et
1923 455 2010 521 iis,
2042 453 2131 526 qui

554 553 892 611 scandalizati
921 561 1063 613 sunt.
1089 560 1141 604 et
1170 565 1281 620 pne
1312 548 1559 601 erunibus
1588 562 1781 602 nomen
1809 546 1988 617 sponsi
2012 561 2139 601 con-

554 644 767 701 tumelia
805 642 1121 707 affecerunt,
1161 640 1374 711 qualem
1421 639 1763 694 sustinebunt
1809 638 2139 693 cruciatum?

555 738 636 791 An
676 735 894 789 nescitis
924 734 1136 803 qualem
1171 748 1284 787 rem
1316 746 1602 802 aggressm,
1636 731 1688 785 iu
1718 746 1875 801 quem
1912 745 2137 801 agonem

552 837 826 883 instructae
860 828 1027 881 estis?
1061 841 1220 897 quam
1261 824 1425 894 praelii
1468 834 1672 895 partem
1707 824 1945 878 sortitae?
1988 825 2139 894 Apud

553 922 727 990 ipsum
756 920 882 975 belli
905 919 1117 981 ducem,
1144 918 1252 971 imo
1278 915 1418 986 apud
1441 917 1613 984 ipsum
1640 915 1894 971 habitatis
1918 931 2098 987 regem
2119 955 2134 983 ,

551 1020 606 1064 et
649 1010 909 1064 militatis.
949 1007 1102 1062 Sicut
1139 1007 1300 1075 igitur
1337 1007 1388 1059 in
1430 1005 1583 1061 bellis
1622 1020 1728 1060 non
1761 1020 1925 1059 unum
1965 1005 2139 1061 locum

552 1102 817 1155 exercitus
842 1100 1018 1155 omnis
1047 1108 1290 1167 occupat,
1314 1098 1408 1152 sed
1429 1098 1519 1152 alii
1548 1112 1748 1152 cornua
1770 1098 2018 1169 agminis,
2047 1098 2140 1153 alii

553 1192 811 1257 medium,
833 1191 923 1245 alii
949 1200 1239 1259 postrema,
1256 1189 1347 1243 alii
1372 1187 1604 1243 frontem
1625 1188 1903 1258 phalangis
1922 1196 2135 1255 ornant,

552 1283 643 1337 alii
665 1291 842 1337 autem
873 1282 961 1336 ubi
980 1296 1072 1335 rex
1088 1287 1366 1349 comparet
1383 1279 1578 1349 ubique
1601 1294 1722 1334 cum
1750 1279 1865 1349 ipso
1882 1287 2142 1350 apparent

553 1390 619 1430 ac
646 1390 769 1429 cum
799 1374 917 1443 ipso
945 1382 1167 1427 currunt
1198 1389 1213 1425 :
1246 1372 1326 1426 sic
1366 1386 1578 1441 quoque
1617 1372 1882 1441 virginum
1922 1370 2138 1439 chorus,

553 1468 599 1522 si
630 1481 755 1521 vere
784 1465 1044 1535 virginum
1075 1464 1273 1519 chorus
1303 1464 1394 1527 sit,
1425 1463 1632 1520 nullum
1659 1465 1846 1528 alium,
1877 1464 1981 1519 nisi
2001 1464 2143 1519 hunc

554 1558 799 1613 ordinem
826 1558 1049 1613 sortitus
1077 1564 1181 1611 est.
1222 1556 1339 1612 Non
1374 1556 1452 1611 sic
1479 1557 1515 1611 ii
1551 1558 1640 1627 qui
1671 1572 1861 1613 aureas
1887 1565 2037 1628 togas
2061 1556 2144 1611 in-

554 1650 687 1714 duti,
716 1659 771 1704 et
790 1650 941 1719 equis
961 1664 1095 1705 auro
1115 1649 1319 1704 ornatis
1347 1649 1506 1714 vecti,
1535 1658 1591 1705 et.
1620 1663 1782 1705 aurea
1810 1650 2143 1719 gemmisque

554 1743 800 1797 distincta
837 1741 1068 1797 ferentes
1102 1751 1277 1808 scuta,
1314 1742 1457 1812 regis
1484 1743 1830 1811 praesentiam
1864 1741 2143 1799 declarare

555 1834 770 1900 debent,
796 1844 854 1889 ut
881 1835 1029 1905 virgo
1052 1833 1271 1890 Christi.
1296 1834 1430 1890 Nam
1458 1835 1531 1890 illi
1558 1834 1774 1905 quidem
1801 1835 1940 1905 apud
1970 1836 2142 1905 ipsum

553 1942 770 1981 currum
798 1927 1000 1997 regium
1026 1936 1338 1994 versantur;
1366 1927 1516 1998 virgo
1536 1937 1714 1984 autem
1736 1929 1913 1999 regius
1931 1943 2144 1999 quoque

554 2032 745 2072 currus
774 2017 851 2085 lit,
874 2018 1013 2073 sicut
1039 2017 1348 2084 Cherubim,
1377 2018 1421 2072 si
1449 2018 1580 2084 vult,
1606 2026 1664 2074 et
1680 2018 1857 2074 adstat
1880 2018 1979 2089 ipsi
2006 2021 2146 2074 sicut

554 2109 859 2178 Seraphim.

625 2200 679 2252 7.
709 2198 855 2253 Vera:
867 2200 1071 2270 virginis
1092 2200 1514 2270 πιαίνει-ἰδίων
1525 2216 1646 2255 cum
1664 2201 1715 2255 in
1734 2200 2003 2271 publicum
2022 2217 2145 2272 pro-

553 2292 650 2357 dit,
682 2301 894 2361 Oportet
930 2293 1105 2346 omnis
1136 2292 1485 2363 phiIOSOphize
1523 2294 1798 2363 specimen
1834 2310 1944 2365 pra:
1978 2311 2039 2351 se
2063 2295 2143 2351 fe-

556 2394 659 2446 rat,
686 2392 739 2437 et
761 2398 949 2437 omnes
971 2384 1021 2436 in
1051 2393 1325 2452 stuporem
1346 2392 1649 2452 convertat,
1671 2385 1811 2441 sicut
1840 2386 2060 2453 angelus
2097 2388 2142 2443 si

555 2491 697 2530 nunc
723 2490 754 2531 e
791 2474 922 2529 caelo
948 2475 1339 2542 descenderet,
1365 2485 1419 2532 et
1445 2476 1582 2532 sicut
1618 2492 1687 2532 ex
1723 2477 1997 2534 cherubim
2041 2479 2138 2533 ali-

552 2572 670 2639 quis
707 2568 751 2622 si
799 2571 848 2622 in
892 2568 1051 2623 terris
1097 2576 1413 2639 appareret,
1459 2582 1650 2625 omnes
1699 2570 1943 2626 homines
1988 2572 2040 2626 in
2085 2585 2145 2626 se

556 2668 897 2715 converteret
918 2676 932 2711 :
952 2659 1030 2714 sic
1055 2668 1110 2714 et
1132 2659 1391 2729 virginem
1419 2673 1609 2716 omnes
1628 2662 1718 2731 qui
1747 2661 1949 2729 vident,
1978 2661 2145 2717 addu-

555 2765 678 2805 cere
704 2749 756 2804 in
785 2749 1195 2805 admirationem
1221 2759 1275 2806 et
1322 2759 1595 2820 stuporem
1641 2767 1755 2808 suae
1779 2754 2145 2809 sanctimonia:

553 2829 942 2912 ejiortet.Natit
970 2841 1155 2897 sidum
1179 2843 1395 2908 incedit,
1417 2844 1569 2913 quasi
1591 2858 1688 2912 per
1719 2851 1991 2900 desertum
2019 2856 2139 2911 eat;

554 2934 770 3004 quando
799 2945 975 2989 autem
1004 2934 1158 2990 sedet
1185 2935 1239 2989 in
1268 2935 1496 2991 ecclesia
1515 2976 1531 3003 ,
1558 2936 1974 3005 profundissimo
2010 2954 2132 2994 cum

558 3026 807 3090 silentio;
851 3023 1038 3079 oculus
1067 3025 1183 3094 ejus
1221 3026 1426 3081 nullum
1456 3025 1633 3083 videat
1664 3030 2097 3096 praetereuntium
2123 3071 2139 3096 ,

556 3131 661 3169 non
683 3116 1000 3179 mulierum,
1026 3132 1130 3170 non
1159 3116 1393 3173 virorum
1418 3157 1434 3185 ,
1463 3118 1557 3175 sed
1598 3119 1773 3175 solum
1800 3136 2057 3191 sponsum
2086 3134 2142 3178 ut

553 3217 871 3277 praesentem
899 3216 952 3263 et
980 3210 1324 3278 conspicuum
1359 3211 1704 3268 :concedens
1738 3224 1916 3269 autem
1948 3214 2139 3269 iterum

550 3298 600 3351 in
631 3297 876 3364 domum,
901 3298 951 3353 ei
975 3298 1027 3353 in
1055 3300 1299 3369 precibus
1322 3302 1602 3371 loquatur,
1630 3313 1682 3358 et
1706 3303 1825 3373 ejus
1847 3305 2011 3360 solius
2036 3321 2138 3359 vo-

553 3406 669 3444 cem
715 3406 814 3460 per
857 3391 1162 3460 Scriptores
1205 3392 1430 3450 audiat:
1462 3394 1605 3450 domi
1644 3410 1773 3452 vero
1819 3412 1940 3452 eum
1982 3413 2140 3467 quem

552 3481 823 3536 desiderat
843 3489 898 3537 et
923 3492 1108 3548 amat,
1136 3483 1310 3540 solum
1338 3485 1570 3557 cogitet,
1588 3487 1662 3543 sit
1688 3489 1839 3559 quasi
1862 3490 2140 3561 peregrina

552 3582 607 3627 et
635 3572 836 3629 advena
855 3616 869 3640 ,
898 3574 1183 3645 omniaque
1207 3575 1366 3631 faciat
1389 3578 1541 3647 quasi
1572 3593 1660 3635 res
1686 3591 1979 3648 prmeentes
2008 3582 2139 3639 nihil

547 3664 616 3720 ad
641 3681 757 3719 eam
798 3666 1127 3735 pertineant;
1154 3675 1209 3722 et
1232 3683 1341 3723 non
1369 3669 1541 3724 solum
1584 3673 1941 3727 masculorum
1972 3673 2141 3744 fugiat

549 3766 796 3827 aspectus
816 3797 835 3826 ,
860 3756 953 3812 sed
998 3766 1055 3815 et
1088 3770 1419 3817 conventum
1447 3763 1784 3819 smcularium
1813 3766 2093 3821 mulierum
2122 3808 2137 3832 ,

551 3856 805 3917 tantaque
829 3851 1042 3919 corpori
1090 3852 1422 3921 suppeditet,
1463 3867 1661 3925 quanta
1692 3871 1911 3912 necesse
1935 3867 2019 3912 est
2038 3899 2053 3921 ,
2084 3867 2140 3913 et

555 3940 804 3994 universa
835 3940 888 3993 in
928 3942 1121 3997 animte
1147 3943 1377 3999 salutem
1407 3944 1681 4013 impendat
1708 3963 1723 4000 :
1753 3948 1873 4016 quis
1904 3965 2009 4002 non
2042 3949 2139 4004 adv

548 4030 805 4096 miretur,
838 4030 955 4099 quis
991 4047 1098 4085 non
1140 4032 1517 4104 Obstupescat,
1569 4035 1622 4089 in
1671 4036 1915 4092 muliebri
1948 4048 2132 4094 natura

546 4124 710 4177 vitam
741 4123 1032 4194 angelicam
1055 4125 1303 4181 intuens?
1323 4128 1441 4197 quis
1469 4139 1646 4184 autem
1675 4129 1838 4185 homo
1856 4132 2133 4198 accedere,

547 4215 667 4286 quis
690 4224 905 4286 tangere
934 4216 1128 4272 audeat
1156 4226 1263 4272 tam
1292 4217 1603 4289 ﬂagrantem
1639 4223 1909 4277 animam?
1936 4223 2137 4294 Eapro-

546 4316 666 4374 pter
694 4320 881 4363 omnes
907 4307 1118 4379 quidem
1141 4310 1209 4364 ab
1239 4324 1301 4364 ea
1344 4311 1726 4380 abstinebant,
1757 4323 1811 4368 et
1855 4322 2049 4385 sponte
2080 4324 2135 4370 et

548 4396 737 4463 inviti;
780 4412 967 4454 omnes
1011 4399 1138 4455 item
1170 4400 1222 4454 in
1270 4408 1543 4472 stuporem
1590 4411 1902 4471 vertentur,
1952 4415 2137 4475 utpote

550 4502 737 4542 aurum
761 4488 968 4558 fulgens
994 4499 1047 4544 et
1067 4490 1287 4560 ignitum
1307 4491 1567 4549 videntes.
1583 4492 1713 4549 Nam
1733 4504 1785 4549 et
1804 4495 1919 4551 auri
1942 4506 2133 4552 natura
2154 4518 2158 4522 ·

544 4576 706 4631 habet
729 4594 826 4647 per
844 4593 902 4633 se
926 4581 1149 4634 multum
1170 4579 1413 4651 fulgoris;
1437 4599 1558 4638 cum
1580 4594 1758 4640 autem
1789 4596 1846 4642 et
1865 4588 2039 4657 ignem
2080 4589 2133 4643 in

542 4680 604 4722 se
644 4675 820 4734 tenet,
849 4670 1038 4738 majori
1070 4671 1329 4725 miraculo
1356 4682 1440 4729 est
1463 4683 1516 4729 et
1544 4676 1850 4731 terribilior.
1887 4678 2038 4747 Quod
2084 4679 2131 4734 si

544 4756 647 4811 hoc
679 4756 729 4809 in
758 4770 1004 4827 corpore,
1033 4762 1246 4830 quando
1276 4762 1414 4818 idem
1444 4764 1494 4820 in
1522 4767 1697 4821 anima
1730 4770 1991 4840 contingit
2031 4784 2130 4824 au-

542 4863 657 4917 rea,
690 4864 797 4903 non
831 4858 955 4904 tunc
980 4850 1289 4931 hominibus
1314 4856 1486 4911 solum
1505 4899 1518 4921 ,
1550 4859 1644 4912 sed
1675 4871 1726 4914 et
1754 4860 1960 4933 angelis
1988 4859 2132 4917 desi-

542 4937 781 4995 derabile
828 4943 932 4996 erit
961 4940 1064 4997 hoe
1110 4948 1493 5014 spectaculum.
1520 4949 1697 5015 Quare
1723 4966 1851 5024 ergo
1892 4954 2130 5009 vestibus

541 5031 766 5100 teipsam
794 5047 957 5087 ornas
976 5074 990 5101 ,
1021 5048 1141 5104 qua:
1169 5036 1234 5091 ab
1262 5038 1360 5092 hac
1377 5038 1591 5094 ﬂamma
1625 5049 1828 5097 tantum
1851 5044 2015 5099 habes
2035 5060 2126 5101 or-

539 5121 765 5176 natum?
791 5123 1001 5179 Etenim
1030 5136 1207 5180 vestes
1233 5143 1338 5182 non
1361 5139 1487 5185 sunt
1512 5131 1649 5187 data:
1676 5144 1732 5189 ut
1752 5135 1829 5190 eis
1850 5151 2124 5205 ornemur,

535 5211 629 5265 sed
653 5220 709 5265 ut
731 5213 985 5271 nuditatis
1010 5215 1306 5273 foeditatem
1332 5222 1660 5279 occultemus
1681 5267 1695 5292 ,
1726 5241 1829 5279 non
1861 5237 1914 5280 ut
1935 5228 2125 5284 talibus

537 5303 840 5369 induamnr,
859 5323 978 5376 qu.»
1006 5324 1105 5364 nos
1135 5310 1321 5381 majori
1347 5315 1683 5383 turpitudini,
1704 5334 1864 5388 quam
1892 5321 2004 5390 ipsa
2024 5338 2125 5375 nu-

534 5394 670 5449 ditas
691 5436 708 5464 ,
737 5413 1009 5468 exponant
1063 5401 1265 5458 Idcirco
1292 5413 1343 5459 et
1370 5405 1539 5462 Adam
1568 5409 1741 5464 induit.
1784 5410 1922 5467 Deus
1949 5423 2126 5469 vestes

534 5488 785 5552 pelliccas
807 5488 958 5560 (Gen.
983 5492 1181 5563 3.21),
1207 5495 1452 5553 similiter
1474 5507 1528 5553 et
1542 5499 1658 5568 ejus
1676 5517 1894 5557 exorent
1912 5520 1926 5571 ;
1947 5519 2126 5574 quam-

535 5593 611 5631 vts
656 5581 699 5632 si
730 5581 1022 5650 voluisset,
1054 5586 1289 5655 pulchris
1327 5605 1447 5644 eum
1482 5592 1741 5659 potuisset
1779 5596 2003 5653 induere
2036 5614 2128 5653 ve-

535 5669 737 5735 Stibas;
786 5674 880 5728 sed
927 5677 1081 5743 nobis
1119 5680 1414 5748 anuquitus
1452 5691 1509 5738 et
1551 5698 1645 5752 per
1688 5684 1807 5739 illas
1854 5688 2123 5743 ostendit.

529 5772 601 5825 qu
629 5764 672 5816 πει
699 5775 802 5816 non
825 5764 893 5818 sit
916 5781 1153 5837 pra‘scns
1176 5780 1383 5842 tempus
1403 5773 1715 5832 deliciarum
1736 5818 1754 5848 ,
1779 5779 1870 5838 seri
1893 5781 2122 5851 (ﬁnitus

1295 341 1349 397 S.
1390 339 1668 395 JOANNIS
1692 338 2168 396 CHRYSOSTOMI
2202 338 2527 395 ARCHZEP.
2560 336 3093 400 CUNSTANTINOP.

3740 349 3835 407 5‘28

2246 464 2302 509 et
2326 457 2591 526 planctus.
2623 456 2775 525 Quod
2806 459 2848 512 si
2887 452 3189 530 ignominiae
3214 471 3293 515 est
3338 472 3390 518 et
3422 465 3826 523 condemnatio-

2244 548 2328 601 nis
2351 588 2367 612 ,
2396 555 2449 601 et
2472 561 2539 601 ex
2565 558 2785 617 peccato
2812 551 2953 605 venit
2984 560 3040 606 ut
3069 554 3263 606 amictu
3295 553 3563 625 indigeas,
3589 559 3718 629 quid
3745 573 3830 616 re-

2244 638 2613 708 prehensionis
2657 642 2934 697 materiam
2981 645 3185 715 auges?
3223 659 3295 700 an
3333 662 3442 701 non
3491 650 3621 704 satis
3648 666 3826 705 casum

2244 738 2488 784 nostrum
2515 730 2711 786 indicat
2731 774 2747 797 ,
2770 732 2913 803 quod
2935 735 3175 791 vestibus
3193 739 3481 807 egeamus?
3505 756 3601 795 cur
3625 741 3825 800 crimen

2243 823 2571 891 exaggeras?
2597 837 2693 877 cur
2722 822 3009 894 indigentia
3035 827 3298 898 ampliore
3317 833 3711 889 accusationem
3738 849 3828 890 au-

2241 912 2381 979 ges?
2425 911 2720 983 Oportebat
2762 916 2904 971 enim
2935 916 3137 986 ejulare
3179 928 3235 973 et
3257 934 3471 990 gemere
3494 964 3511 988 ,
3547 932 3603 978 et
3634 938 3827 996 corpus

2244 1000 2420 1070 ipsum
2444 1002 2734 1073 castigare,
2763 1006 3055 1062 secundum
3081 1008 3306 1065 Paulum
3334 1011 3410 1082 (l.
3440 1011 3557 1068 Cor.
3597 1014 3653 1070 9.
3685 1016 3778 1089 27;
3809 1034 3825 1073 ι

2244 1107 2344 1148 nos
2389 1103 2569 1150 autem
2611 1096 2896 1167 sedemus,
2937 1108 2991 1155 et
3030 1101 3326 1158 velamenta
3355 1104 3644 1163 artiﬁciose
3697 1123 3824 1165 eon-
3877 1099 3886 1149 ί

2246 1190 2510 1254 terentes,
2534 1187 2673 1243 sicut
2696 1189 2740 1244 si
2763 1191 2882 1260 quis
2904 1200 3140 1249 tumores
3156 1194 3296 1250 circa
3317 1196 3502 1254 oculos
3531 1196 3737 1256 habens
3768 1216 3827 1258 ea

2245 1286 2467 1348 cogatur
2487 1279 2737 1337 obvelare
2754 1322 2770 1349 ,
2801 1291 2856 1339 et
2896 1282 3013 1338 hate
3038 1284 3213 1341 adlmc
3239 1287 3536 1343 velamenta
3578 1300 3823 1346 exornet.

2245 1367 2532 1440 Propterea
2558 1370 2742 1428 Helias
2768 1415 2783 1440 ,
2810 1384 3092 1444 prepterea
3136 1376 3369 1433 Joannes
3395 1379 3695 1450 simplicem
3734 1382 3825 1436 ha-

2244 1456 2433 1515 bentes
2471 1462 2724 1518 amictum
2753 1474 2810 1520 et
2851 1465 3103 1535 pcllleeas
3145 1468 3352 1524 tunicas
3375 1511 3391 1535 ,
3419 1479 3476 1527 et
3518 1473 3755 1529 vestibus
3797 1488 3827 1527 e

2245 1550 2368 1622 pilis
2395 1552 2586 1620 induti,
2613 1555 2940 1612 anhelabant
2963 1569 3017 1614 et
3041 1562 3488 1632 concupiscebant
3516 1563 3824 1620 indumenta

2245 1643 2659 1714 incorruptionis
2687 1648 2949 1718 accipere.
2980 1644 3058 1705 Tu
3086 1659 3263 1707 autem
3305 1654 3543 1709 scenicos
3574 1656 3825 1711 mulieres

2245 1735 2509 1802 praecellis
2546 1737 2772 1792 vestium
2812 1739 3157 1811 curiositate,
3204 1743 3395 1812 quibus
3446 1745 3668 1801 insidias
3695 1747 3821 1803 ado-

2245 1822 2570 1883 lescentibus
2614 1827 3029 1900 elegantioribus
3052 1847 3228 1901 pares.
3250 1832 3367 1889 Non
3396 1836 3475 1890 sic
3500 1845 3554 1890 te
3591 1837 3739 1892 indui
3776 1848 3828 1894 ct

2246 1916 2425 1970 ornari
2454 1916 2566 1970 vult
2585 1932 2841 1988 sponsus.
2868 1920 2961 1976 sed
2989 1922 3039 1974 in
3066 1922 3241 1977 anima
3272 1931 3356 1980 tua
3379 1940 3594 1981 omnem
3621 1927 3823 1997 reposi~

2248 2012 2356 2060 tam
2380 2021 2532 2061 suam
2556 2021 2678 2063 esse
2701 2008 2921 2079 gloriam
2939 2010 3134 2082 jussit;
3157 2020 3211 2068 tu
3231 2022 3405 2069 autem
3425 2016 3569 2073 illam
3591 2018 3825 2089 negligis,

2247 2111 2311 2151 ac
2347 2097 2517 2152 lutum
2546 2116 2609 2155 ac
2634 2101 2870 2159 cinerem
2916 2105 3064 2161 varie
3086 2104 3310 2161 decoras
3330 2149 3346 2175 ,
3378 2118 3434 2163 et
3460 2119 3729 2166 amatores
3754 2111 3826 2166 in-

2254 2189 2598 2247 continentes
2624 2192 2781 2249 illicis
2799 2236 2815 2260 ,
2846 2205 2900 2250 et
2925 2195 3193 2253 adulteros
3222 2196 3353 2255 facis
3374 2214 3509 2270 pene
3536 2216 3724 2258 omnes
3742 2203 3827 2272 qui

2251 2284 2305 2332 te
2326 2278 2524 2335 vident.
2551 2282 2616 2335 Et
2635 2284 2775 2353 quod
2809 2285 3028 2341 mulum]
3062 2287 3187 2344 hinc
3207 2289 3381 2358 ignem
3409 2305 3668 2362 congeras
3686 2334 3702 2360 ,
3734 2307 3824 2348 nec

2248 2376 2302 2425 te
2331 2381 2460 2439 puto
2488 2373 2693 2430 inficias
2735 2377 2850 2442 ire;
2883 2378 3023 2449 quod
3068 2388 3248 2438 autem
3278 2382 3401 2441 inde
3442 2384 3731 2455 ignominia
3777 2394 3827 2441 et

2249 2463 2444 2531 probra
2470 2476 2796 2536 sequantur,
2829 2468 2880 2525 id
2924 2485 2989 2525 ex
3037 2474 3364 2530 amatoribus
3395 2476 3498 2532 tuis
3524 2478 3818 2534 ostendam.

2251 2551 2383 2607 Nam
2411 2569 2531 2610 cum
2557 2571 2620 2612 ea
2647 2570 2767 2628 qua:
2794 2559 3026 2615 animam
3056 2573 3240 2632 ornat,
3278 2565 3440 2621 Deum
3468 2582 3583 2648 sum
3603 2569 3825 2639 pulchri-

2254 2643 2451 2701 tudinis
2479 2645 2675 2704 habeat
2702 2661 3019 2719 amatorem,
3046 2662 3103 2710 tu
3125 2671 3255 2712 vero
3284 2643 3534 2714 homines
3553 2702 3571 2729 ,
3600 2661 3705 2716 imo
3728 2675 3824 2716 non

2248 2734 2493 2793 homines
2512 2777 2528 2806 ,
2552 2738 2645 2795 sed
2676 2755 2870 2812 porcos
2897 2752 2952 2799 ct
2987 2759 3147 2801 canes
3167 2787 3183 2813 ,
3211 2757 3264 2802 et
3294 2748 3338 2803 si
3378 2749 3508 2819 quid
3556 2753 3723 2821 magis
3752 2758 3829 2806 est

2248 2822 2471 2882 rationis
2499 2844 2691 2900 expers
2726 2848 2740 2886 :
2773 2833 2895 2903 quis
2935 2835 3009 2891 ita
3052 2844 3136 2892 est
3172 2838 3461 2908 insipiens,
3502 2851 3562 2896 ut
3604 2851 3655 2897 te
3678 2856 3827 2897 oma-

2248 2918 2437 2974 tiorem
2467 2920 2568 2976 illis
2597 2932 2746 2993 putet
2771 2965 2785 2991 ,
2810 2942 3035 2994 quarum
3066 2929 3334 2987 desiderio
3361 2932 3502 3001 Deus
3528 2932 3738 2990 ducitur
3764 2935 3826 2990 ob

2248 3011 2514 3069 internam
2547 3013 2979 3075 formositatem?
3006 3022 3181 3094 Atque
3218 3024 3351 3081 adeo
3375 3066 3390 3091 ,
3421 3035 3626 3096 quanto
3658 3028 3825 3083 curio-

2246 3104 2391 3159 sitati
2422 3106 2540 3174 plus
2587 3122 2747 3164 vacas
2772 3151 2787 3176 ,
2837 3121 2986 3167 tanto
3027 3113 3435 3172 abominabilior
3471 3119 3612 3174 facta
3657 3133 3713 3175 es
3740 3136 3753 3173 :
3779 3127 3825 3174 et

2249 3196 2415 3251 Deum
2441 3199 2654 3268 quidem
2681 3215 2710 3254 a
2744 3209 2796 3257 te
2829 3205 3028 3260 avertis
3051 3246 3065 3270 ,
3097 3206 3194 3261 hos
3242 3217 3419 3263 autem
3465 3209 3646 3276 illicis,
3682 3210 3821 3264 hinc—

2245 3305 2351 3361 que
2378 3298 2527 3347 tanto
2569 3296 2738 3367 magis
2785 3294 2920 3352 [teda
2950 3311 3014 3352 ac
3061 3299 3227 3367 turpis
3264 3315 3510 3371 appares.
3545 3301 3678 3356 Nam
3707 3318 3824 3371 qun-

2247 3381 2408 3436 modo
2433 3398 2540 3438 non
2573 3387 2745 3456 turpis
2764 3426 2780 3455 ,
2805 3388 2848 3441 si
2896 3389 3062 3445 Deum
3090 3389 3304 3446 allicere
3333 3400 3439 3447 non
3466 3394 3652 3462 potes?
3685 3382 3822 3460 Quod

2246 3471 2289 3526 si
2335 3488 2455 3543 qua:
2482 3490 2542 3530 se
2570 3488 2765 3545 ornat,
2811 3478 2946 3534 adeo
2997 3480 3232 3552 ingrata;
3272 3498 3391 3554 qua:
3439 3483 3820 3543 cohabitantem

2246 3564 2441 3634 habet,
2474 3569 2647 3640 cogita
2672 3580 2931 3643 quantum
2952 3573 3200 3630 conciliet
3225 3575 3326 3630 sibi
3353 3576 3554 3652 odium.

2318 3657 2369 3714 8.
2400 3657 2507 3714 Sed
2537 3660 2580 3715 si
2607 3662 2846 3730 videtur,
2896 3656 3004 3720 non
3023 3667 3468 3725 eohabitationem
3492 3669 3728 3727 dicamus
3751 3686 3821 3726 so-

2245 3747 2392 3817 lum,
2439 3751 2533 3806 sed
2576 3748 2749 3824 ipsam
2786 3757 3092 3826 aperiamus
3119 3759 3321 3829 palam,
3377 3772 3434 3815 ut
3477 3764 3647 3835 magis
3692 3761 3818 3820 [teda

2243 3839 2508 3896 videatur.
2535 3841 2668 3899 Nam
2711 3848 2962 3915 quoniam
3005 3864 3117 3905 non
3145 3850 3335 3907 timent
3362 3853 3578 3909 oculum
3626 3854 3818 3926 soporis

2246 3934 2482 3989 nescium
2509 3975 2525 4003 ,
2573 3936 2667 3992 sed
2714 3938 2854 3993 oculi
2883 3940 3157 3998 hominum
3186 3946 3342 3999 timor
3391 3962 3577 4003 eorum
3608 3965 3624 4015 ;
3653 3962 3746 4019 age
3770 3956 3818 4001 et

2244 4022 2389 4094 ipsas
2416 4018 2515 4081 hac
2541 4029 2913 4088 conSnlatione
2942 4033 3214 4100 privcmus
3232 4077 3245 4099 ,
3278 4052 3400 4106 qua:
3426 4041 3630 4095 occulta
3661 4018 3713 4095 et
3738 4048 3809 4094 te-

2242 4126 2328 4169 cta
2352 4118 2650 4186 parietibus
2678 4130 2802 4179 sunt
2828 4125 2879 4177 in
2910 4126 3143 4182 medium
3171 4128 3490 4195 all‘ereutes;
3523 4132 3812 4201 aperiamus

2238 4206 2456 4275 januam
2485 4210 2550 4266 iis
2571 4212 2660 4282 qui
2683 4213 2864 4270 videre
2885 4231 2947 4271 ea
2970 4217 3153 4273 volunt
3169 4261 3184 4286 ,
3211 4235 3239 4272 a
3267 4222 3406 4277 lecto
3429 4223 3575 4293 ipsos
3603 4224 3811 4294 primum

2242 4300 2539 4358 excitantes
2564 4320 2578 4369 ;
2623 4305 2731 4360 imo
2757 4306 2800 4360 si
2834 4308 3073 4376 videtur,
3098 4312 3326 4381 primum
3349 4315 3689 4384 exquiramus
3707 4328 3810 4385 qua

2241 4389 2385 4446 domi
2412 4395 2761 4466 contingunt,
2802 4408 2855 4453 et
2878 4414 3140 4469 ponamus
3169 4404 3463 4475 parietibus
3493 4404 3639 4477 ipsos
3664 4420 3808 4476 sepse

2240 4484 2348 4537 rari
2392 4484 2529 4541 etin
2574 4487 2836 4544 cubiculis
2866 4491 3032 4546 variis
3060 4492 3315 4552 dormire.
3346 4495 3461 4556 Non
3507 4500 3651 4553 enim
3700 4506 3811 4567 puto

2239 4572 2471 4645 aliquem
2492 4618 2507 4643 ,
2534 4578 2635 4633 etsi
2658 4579 2810 4636 valde
2841 4581 3064 4638 fmditati
3088 4585 3156 4640 sit
3184 4588 3478 4653 obnoxius,
3503 4589 3572 4644 ita
3594 4590 3809 4663 seipstltn

2240 4668 2443 4723 traduci
2473 4671 2646 4735 velle,
2680 4680 2737 4726 ut
2774 4672 2828 4726 in
2860 4689 2965 4729 uno
3007 4674 3239 4732 dormiat
3274 4680 3541 4736 cubiculo.
3573 4682 3687 4736 Sint
3726 4680 3811 4749 igi-

2239 4765 2330 4812 tur
2372 4758 2623 4829 disjuncti
2672 4762 2968 4831 parietibus
2998 4783 3011 4819 :
3041 4775 3096 4822 et
3138 4768 3265 4837 quid
3317 4770 3418 4824 hoc
3470 4770 3659 4826 fuerit?
3704 4768 3806 4825 Non

2237 4852 2379 4906 enim
2409 4852 2605 4908 sufﬁcit
2630 4863 2686 4907 ut
2725 4869 2753 4907 a
2783 4857 3087 4927 suspicione
3114 4859 3429 4917 liberentur.
3456 4858 3652 4919 Verum
3682 4874 3807 4915 nunc

2235 4943 2304 4999 de
2319 4945 2627 5014 suspicione
2643 4946 2794 5013 nihil,
2818 4949 2939 5007 licet
2953 4950 3160 5007 ancillze
3178 4952 3418 5023 plurimae
3432 4958 3480 5010 ei
3498 4955 3803 5017 cohabitent;

2237 5037 2396 5092 aliam
2441 5046 2618 5093 autem
2669 5041 3050 5111 turpitudinem
3079 5046 3190 5114 jam
3235 5047 3602 5117 exquiramus.
3632 5044 3805 5101 Evenit

2235 5131 2377 5186 enim
2402 5146 2521 5188 cum
2552 5149 2646 5202 per
2668 5133 2807 5190 idem
2838 5145 3048 5207 tempus
3066 5148 3299 5209 surgunt
3318 5180 3332 5205 ,
3366 5155 3473 5195 non
3494 5142 3564 5196 ob
3594 5136 3802 5211 pervigi-

2235 5224 2302 5278 lia
2332 5224 2489 5295 (nihil
2515 5227 2656 5281 enim
2687 5229 2830 5297 pium
2854 5228 2921 5284 ab
2949 5229 3029 5285 his
3057 5231 3336 5288 animabus
3380 5229 3801 5303 expectandum),

2235 5324 2293 5369 ut
2321 5325 2592 5372 transeant
2621 5317 2688 5372 ad
2737 5333 2795 5374 se
2844 5319 3070 5375 invicem
3092 5321 3366 5391 jacentes,
3412 5334 3465 5379 et
3505 5323 3802 5393 compellant

2234 5414 2389 5461 nocte
2422 5423 2435 5461 :
2463 5423 2566 5476 quo
2596 5408 2720 5478 quid
2750 5424 2869 5463 esse
2898 5423 3057 5481 queat
3086 5413 3329 5483 turpius?
3352 5414 3506 5482 Quod
3528 5415 3571 5472 si
3609 5412 3798 5469 contin-

2230 5505 2317 5567 gat
2339 5505 2562 5566 rcpente
2586 5508 2642 5552 et
2683 5497 3080 5556 cohabitantem
3126 5503 3140 5533 ¹
3173 5513 3463 5572 aegrotare,
3498 5518 3664 5574 neque
3704 5513 3797 5570 .pa-

2235 5590 2425 5643 rictum
2459 5588 2546 5644 hic
2574 5599 2760 5660 postea
2791 5592 2965 5663 aliqua
3009 5594 3206 5651 utilitas
3227 5636 3242 5660 ,
3275 5590 3367 5649 sed
3392 5612 3674 5668 exsurgens
3703 5604 3817 5659 pne.
3890 5610 3895 5619 ‘

2231 5682 2350 5737 aliis
2376 5681 2442 5737 ad
2488 5683 2746 5754 virginem
2787 5684 3058 5755 jacentem
3100 5689 3428 5758 ingreditur,
3462 5691 3795 5746 inﬁrmitatem

2294 5789 2319 5830 ⁸
2338 5793 2412 5844 Sic
2442 5792 2581 5845 Savil.
2618 5799 2668 5842 In
2691 5794 2856 5846 Morel.
2874 5796 2980 5848 haec
3000 5811 3095 5850 vox
3122 5797 3283 5849 deest.
