4138 6470
387 358 523 412 εετ
949 356 1138 422 QUOD
1177 357 1592 415 REGULARES
1627 339 1914 414 mum;
1960 361 1971 390 ι

2071 359 2139 414 .IS
2175 353 2619 412 COEMBITABE
2660 351 2794 408 NON
2834 349 3176 407 DEBEANT.

373 473 494 527 καὶ
545 472 606 523 οὐ
663 471 822 540 μόνον
865 470 1014 522 οὐδὲν
1058 469 1295 541 ῶνησας.
1333 471 1469 524 ἀλλά
1509 473 1604 526 καὶ
1642 473 1710 526 τά
1751 479 1978 542 μέγιστα

379 553 770 622 κατέϐλαψας.
807 555 866 605 Εἰ
891 553 944 606 δὲ
978 554 1032 605 αί
1066 555 1140 624 μὴ
1169 553 1518 624 ώφελήσασαι
1554 555 1820 626 τοσαύτην
1851 555 1972 608 ἔδω-

379 655 503 690 καν
532 636 708 706 δίκην,
741 636 832 688 καὶ
863 635 1034 688 ταῦτα
1065 635 1165 706 τῆς
1194 637 1492 707 παρθενίας
1515 639 1774 710 ἀκεραίου
1800 639 1984 709 μενού-

381 737 524 790 σης·
576 721 630 772 αί
674 719 808 791 πρὸς
855 717 932 790 τῷ
975 719 1141 790 μηδὲν
1183 719 1461 790 ὠφελῆσαι
1499 721 1590 774 καὶ
1640 721 1710 774 τά
1751 723 1982 791 μέγιστα

380 805 728 875 ἀδικήσασαι
771 802 958 867 αὑτὰς,
994 803 1088 856 καὶ
1119 803 1245 867 τοὺς
1283 804 1684 870 συνοικοῦντας,
1717 806 1812 859 καὶ
1857 807 1984 869 τοὺς

379 885 906 949 σκανδαλισθέντας,
951 887 1044 940 καὶ
1093 885 1200 957 πρὸ
1241 885 1446 940 τούτων
1499 887 1562 942 τὸ
1601 888 1698 942 τοῦ
1726 889 1982 958 Νυμφίου

380 967 802 1040 καθυϐρίσασαι
831 968 1022 1039 ὅνομα,
1051 968 1211 1021 ποίαν
1253 970 1651 1040 ὑποστήσονται
1677 971 1979 1042 τιμωρίαν;

375 1047 549 1123 Ἀρά
594 1051 730 1114 ίστε,
765 1047 876 1105 οἷον
929 1051 1372 1122 μεταχειρίζεσθε
1414 1055 1667 1125 πρᾶγμα,
1705 1053 1844 1126 πρὸς
1869 1048 1984 1108 οἷον

376 1135 588 1202 ἀγῶνα
638 1134 1001 1200 ἀπεδύσασθε,
1051 1137 1200 1188 ποῖον
1250 1135 1474 1206 ἐλάχετε
1516 1137 1751 1204 πολέμου
1796 1137 1980 1208 μέρος,

375 1216 517 1270 οἵαν
558 1216 906 1289 ἐκληρώθητε
941 1217 1036 1270 τοῦ
1067 1217 1298 1288 στρατοῦ
1322 1218 1508 1284 τάξιν;
1540 1220 1678 1290 Παρ’
1701 1221 1863 1274 αὐτὸν
1892 1222 1983 1274 τὸν

373 1298 490 1351 τοῦ
521 1299 762 1368 πολέμου
792 1300 1117 1372 στρατηγὸν,
1152 1299 1351 1370 μᾶλλον
1377 1301 1434 1354 δὲ
1469 1301 1600 1373 παρ’
1628 1303 1788 1357 αὐτὸν
1816 1304 1982 1374 ἐσκή-

375 1381 571 1435 νωσθε
610 1381 699 1435 τὸν
739 1383 979 1452 βασιλέα,
1027 1385 1120 1437 καὶ
1153 1383 1533 1456 στρατεύεσθε.
1587 1383 1854 1457 Καθάπερ
1891 1381 1983 1440 οῦν

376 1464 443 1514 ἐν
483 1467 594 1527 τοῖς
627 1465 881 1536 πολέμοις
909 1466 968 1519 τὸ
999 1466 1360 1536 στρατόπεδον
1395 1465 1541 1520 ἅπαν
1565 1467 1665 1538 οὐχ
1697 1467 1794 1520 ἕνα
1819 1467 1982 1522 τόπον

374 1547 794 1616 ἀπολαμϐάνει,
835 1549 948 1601 ἀλλ’
986 1551 1034 1602 οἱ
1069 1549 1166 1619 μὲν
1195 1548 1264 1602 τά
1297 1548 1501 1619 κέρατα
1540 1548 1724 1618 ἔχουσι
1747 1549 1847 1619 τῆς
1877 1567 1976 1603 παι

374 1631 690 1700 ρατάξεως.
725 1631 774 1686 οἱ
811 1630 866 1684 δέ
905 1631 972 1685 τὰ
1005 1632 1165 1702 μέσα,
1203 1631 1299 1685 καὶ
1326 1633 1375 1684 οί
1405 1632 1504 1702 μὲν
1525 1633 1595 1685 τὰ
1618 1633 1814 1694 ὀπίσω,
1845 1633 1896 1686 οί
1923 1633 1979 1685 δὲ

370 1712 442 1762 τὸ
502 1713 752 1781 μέτωπον
807 1713 1215 1784 κατακοσμοῦσι
1263 1715 1360 1785 τῆς
1411 1714 1708 1784 φάλαγγος,
1748 1715 1896 1769 ἀλλοι
1921 1716 1980 1768 δὲ

369 1789 563 1863 οὗπερ
600 1793 666 1848 ἂν
696 1807 720 1835 ει
746 1797 774 1848 ό
811 1795 1062 1866 βασιλεὺς
1101 1797 1380 1866 φαίνηται.
1425 1796 1697 1867 πανταχοῦ
1731 1797 1848 1868 μετ’
1877 1798 1978 1850 αὐ-

367 1876 480 1929 τοῦ
539 1878 818 1944 φαίνονται
863 1881 957 1932 καὶ
1012 1879 1509 1950 συμπαραθέουσιν·
1553 1878 1697 1934 οὕτω
1727 1880 1790 1952 δὴ
1830 1883 1925 1934 καὶ
1951 1884 1980 1935 ό

370 1959 496 2011 τῶν
548 1961 830 2030 παρθένων
879 1962 1058 2032 χορὸς,
1096 1961 1223 2014 ὅταν
1249 1963 1536 2032 παρθένων
1623 1961 1804 2034 χορὸς,
1831 1963 1980 2016 οὐδε-

371 2043 524 2110 μίαν
571 2043 738 2117 ἄλλην
776 2043 889 2096 ἀλλ’
921 2045 954 2114 ἦ
994 2044 1200 2114 ταύτην
1245 2044 1342 2116 τὴν
1381 2045 1535 2111 τάξιν
1573 2046 1806 2116 εῐληχεν.
1866 2048 1978 2116 Οὐχ

369 2125 566 2187 οὕτως
609 2129 656 2178 οί
687 2125 754 2179 τά
781 2128 958 2198 χρυσᾶ
989 2127 1280 2199 φοροῦντες
1312 2129 1522 2198 ἱμάτια,
1547 2129 1643 2182 καὶ
1679 2129 1764 2198 ἐφ’
1795 2127 1979 2183 ἵππων

366 2207 866 2280 χρυσοφορούντων
895 2209 1204 2279 φερόμενοι,
1231 2210 1325 2262 καὶ
1350 2210 1583 2274 ἀσπίδας
1615 2210 1976 2282 βαστάζοντες

367 2293 600 2360 χρυσᾶς
630 2293 720 2344 καὶ
749 2291 1177 2362 λιθοκολλήτους,
1210 2290 1306 2344 τοῦ
1362 2291 1626 2362 βασιλέως
1646 2295 1744 2364 τὴν
1775 2311 1968 2366 παρου·

367 2374 514 2426 σίαν
579 2375 866 2444 ἐμφαίνειν
921 2373 1247 2442 ὀφείλουσιν,
1316 2375 1392 2438 ὡς
1449 2378 1482 2445 ή
1547 2376 1816 2446 παρθένος
1877 2377 1974 2447 τὴν

364 2455 472 2508 τοῦ
528 2455 788 2526 Χριστοῦ.
839 2455 1212 2525 Ἐκεῖνοι-μὲν
1263 2455 1372 2528 γάρ
1407 2456 1538 2528 παρ’
1574 2457 1710 2510 αὐτὸ
1758 2457 1970 2527 φαίνον-

363 2552 465 2591 ται
533 2538 625 2590 τοῦ
679 2537 937 2608 βασιλέως
985 2538 1046 2590 τὸ
1095 2537 1278 2610 ὄχημα
1315 2540 1378 2592 τὸ
1411 2539 1707 2610 βασιλικὸν,
1740 2540 1876 2611 αῦτη
1917 2541 1974 2594 δέ

366 2621 470 2672 καὶ
511 2621 692 2691 ὄχημα
710 2621 917 2689 γίνεται
939 2620 1236 2691 βασιλικὸν,
1253 2621 1504 2696 καθάπερ
1528 2623 1596 2676 τὰ
1613 2641 1671 2693 χε
1681 2624 1895 2694 ρουϐὶμ,
1909 2623 1974 2677 ἂν

362 2702 566 2773 ἐθέλῃ,
606 2704 696 2755 καὶ
737 2703 1086 2774 παρέστηκεν
1123 2703 1274 2774 αὐτῷ
1314 2704 1566 2775 καθάπερ
1603 2707 1672 2759 τά
1709 2705 1968 2778 σεραφίμ.

438 2785 523 2850 ξ’.
544 2789 634 2840 Δεῖ
656 2787 834 2838 τοίνυν
852 2786 1017 2857 αὐτὴν
1045 2787 1125 2851 είς
1153 2788 1360 2859 ἀγορὰν
1381 2789 1771 2858 ἐμϐάλλουσαν,
1785 2788 1975 2862 ὥσπερ

358 2869 607 2938 ἄγαλμα
644 2871 961 2936 φιλοσοφίας
1005 2870 1225 2940 ἁπάσης
1269 2870 1585 2940 φαίνεσθαι,
1619 2871 1714 2924 καὶ
1765 2873 1973 2936 πάντας

359 2951 710 3022 ἐκπλήττειν
728 2993 741 3013 ,
774 2952 849 3015 ὡς
883 2951 1114 3022 ἄγγελον
1143 2954 1202 3018 ἐξ
1233 2955 1462 3026 οὐρανοῦ
1500 2955 1812 3008 καταϐάντα
1839 2955 1935 3009 νῦν
1956 2975 1968 2990 ·

359 3034 462 3089 καὶ
505 3033 703 3088 ὡσανεὶ
725 3035 832 3088 τῶν
861 3037 1128 3108 χερουϐὶμ
1149 3037 1328 3090 αὐτῶν
1343 3038 1400 3090 ἓν
1413 3037 1506 3090 ἐπὶ
1526 3039 1624 3108 τῆς
1653 3038 1756 3108 γῆς
1775 3040 1968 3110 ἐφάνη,

364 3117 594 3180 πάντας
621 3117 941 3189 ἀνθρώπους
974 3119 1276 3190 ἐπέστρεψε
1316 3120 1453 3191 πρὸς
1487 3120 1669 3183 ἑαυτὸ,
1707 3119 1850 3172 οὕτω
1879 3123 1972 3174 καὶ

367 3200 474 3270 τὴν
512 3199 782 3269 παρθένον
819 3202 945 3264 τοὺς
973 3201 1492 3271 ὁρῶνταςᾶπαντας
1529 3204 1610 3264 εἰς
1647 3201 1835 3273 θαῦμα
1877 3203 1971 3257 καὶ

373 3281 647 3352 ἔκπληξιν
673 3283 772 3353 τῆς
803 3283 1114 3354 ἁγιωσύνης
1144 3285 1313 3355 αὐτῆς
1347 3284 1636 3354 ἐμϐάλλειν
1666 3285 1763 3337 δεῖ.
1802 3285 1970 3338 Ὅταν

373 3369 492 3440 γάρ
529 3367 719 3438 βαδίζῃ
743 3367 852 3436 ’μὲν
886 3365 1076 3436 ὥσπερ
1106 3367 1174 3420 δι’
1202 3367 1468 3439 ἐρημίας,
1496 3367 1796 3438 καθέζηται
1821 3369 1876 3422 δὲ
1911 3371 1970 3421 ἐν

373 3447 649 3520 ἐκκλησία
679 3449 816 3519 μετά
844 3449 1000 3518 σιγῆς
1035 3447 1341 3520 βαθυτάτης
1361 3492 1374 3514 ,
1401 3449 1462 3503 τὸ
1487 3449 1542 3502 δὲ
1571 3449 1727 3520 ὄμμα
1763 3451 1970 3523 μηδένα

369 3533 490 3585 τῶν
525 3531 810 3602 παρόντων
849 3533 952 3603 ὁρᾷ
972 3571 987 3595 ,
1025 3531 1102 3604 μὴ
1131 3531 1434 3601 γυναικῶν,
1465 3533 1538 3603 μὴ
1573 3533 1804 3602 ἀνδρῶν,
1853 3535 1968 3588 ἀλλ’

369 3615 408 3686 ἦ
433 3615 532 3668 τὸν
558 3615 638 3666 Νυ
648 3614 809 3684 μφίον
833 3614 1013 3685 μόνον,
1037 3615 1224 3686 ὥσπερ
1241 3615 1482 3686 παρόντα
1505 3617 1598 3670 καὶ
1621 3617 1964 3688 φαινόμενονο

374 3698 447 3751 ἂν
489 3699 643 3768 χωρῇ
676 3696 732 3749 δέ
757 3697 962 3762 οἶκαδε,
996 3697 1158 3750 πάλιν
1191 3697 1367 3768 τούτῳ
1405 3697 1751 3768 διαλεχθεῖσα
1779 3698 1842 3753 ’ἐν
1879 3701 1970 3753 εὐ-

372 3783 526 3850 χαῖς,
562 3781 656 3834 καὶ
685 3780 786 3850 τῆς
821 3780 986 3834 αὐτοῦ
1021 3781 1188 3852 μόνης
1215 3781 1496 3834 ἀκούσασα
1531 3783 1714 3852 φωνῆς
1741 3781 1830 3835 διὰ
1861 3783 1969 3838 τῶν

373 3864 635 3936 Γραφῶν·
659 3864 925 3935 γενομένη
955 3864 1013 3918 δὲ
1045 3866 1136 3918 ἐπὶ
1160 3863 1262 3934 τῆς
1285 3865 1485 3930 οἰκίας,
1507 3864 1598 3918 τὸν
1631 3865 1967 3937 ποθούμενον

371 3945 769 4017 ἁναλογίζηται
803 3947 954 4020 [265]
991 3948 1179 4018 μόνον,
1221 3947 1330 4002 κάν
1359 3947 1482 4019 ξένη
1512 3948 1610 4002 καὶ
1637 3949 1902 4020 πάροικος

373 4032 476 4085 καὶ
509 4031 891 4101 παρεπίδημος
912 4069 926 4095 ,
964 4033 1057 4084 καὶ
1085 4031 1262 4085 πάντα
1295 4035 1443 4102 ποιῇ,
1473 4031 1549 4094 ὡς
1575 4031 1722 4094 εἰκὸς
1749 4031 1848 4103 τὴν
1880 4033 1967 4096 ξέο

372 4131 478 4184 νην
497 4113 608 4166 τῶν
638 4107 872 4165 ἐνταῦθα
899 4113 1240 4182 πραγμάτων
1261 4152 1275 4173 ,
1305 4115 1397 4166 καὶ
1422 4114 1496 4184 μὴ
1522 4113 1682 4184 μόνον
1717 4115 1965 4186 ἀρρένων

371 4195 531 4266 ὄψεις
556 4194 756 4268 φεύγῃ,
784 4193 922 4248 ἀλλά
949 4197 1042 4248 καὶ
1065 4195 1340 4262 γυναικῶν
1371 4195 1656 4249 συνουσίαν
1683 4195 1796 4250 τῶν
1835 4196 1964 4268 βιω-

372 4277 713 4347 τικωτέρων,
755 4277 850 4331 καὶ
875 4278 1112 4331 τοσαῦτα
1139 4275 1214 4348 τῷ
1243 4276 1456 4348 σώματι
1481 4278 1818 4348 διακονῆται,
1860 4281 1962 4333 ὅσα

373 4363 593 4432 ἀνάγκη
637 4361 800 4432 μόνον
819 4401 834 4422 ,
865 4361 925 4413 τὸ
951 4359 1006 4414 δέ
1041 4361 1149 4414 πᾶν
1181 4361 1262 4423 είς
1293 4360 1391 4430 τὴν
1423 4361 1520 4430 τῆς
1557 4359 1735 4432 ψυχῆς
1765 4363 1962 4432 ἐπιμέ-

371 4444 528 4496 λειαν
551 4441 836 4515 ἀναλίσκῃ,
869 4443 954 4508 τίς
981 4445 1040 4496 οὐ
1073 4443 1413 4509 θαυμάσεται
1440 4459 1452 4506 ;
1479 4443 1560 4506 τίς
1580 4445 1679 4496 οὐκ
1704 4447 1965 4516 ἐκστήσε-

367 4543 489 4587 ται,
518 4527 574 4578 ἐν
606 4527 894 4598 γυναικείᾳ
927 4525 1088 4594 φύσει
1137 4527 1412 4579 πολιτείαν
1442 4527 1742 4598 ἀγγελικὴν
1785 4528 1962 4598 όρῶνς

373 4613 460 4673 τίς
494 4609 551 4663 δὲ
585 4610 720 4674 ὅλως
773 4609 1064 4682 τολμήσειε
1103 4610 1448 4682 προσελθεῖν;
1487 4611 1570 4672 τίς
1618 4611 1674 4662 δὲ
1722 4609 1964 4679 ἅψασθαι

373 4693 550 4746 ἕλοιτο
598 4693 1001 4764 πεπυρωμένης
1043 4693 1218 4764 ψυχῆς
1264 4693 1551 4764 ἄνθρωπος
1602 4691 1705 4758 ῶν;
1751 4693 1850 4748 Διά
1897 4695 1962 4766 δὴ

375 4775 536 4828 τοῦτο
568 4774 766 4838 πάντες
795 4775 894 4844 μὲν
912 4776 1310 4848 ἀποστήσονται
1340 4777 1560 4840 ἑκόντες
1597 4777 1691 4829 καὶ
1716 4777 1961 4843 ἄκοντες,

377 4859 579 4922 πάντες
609 4858 666 4911 δὲ
695 4858 1153 4928 ἐκπλαγήσονται,
1187 4859 1282 4912 am
1309 4859 1530 4930 χρυσίον
1565 4859 1964 4930 πεπυρωμένον

375 4942 473 4991 καὶ
503 4940 826 4994 ἀποστίλϐον
865 4939 1119 5012 ὁρῶντες.
1149 4942 1301 5012 Ἔχει
1347 4943 1444 5012 μὲν
1476 4941 1586 5010 γάρ
1626 4943 1719 4996 καὶ
1750 4943 1887 5014 αὐτὴ
1926 4945 1960 5014 ἡ

376 5021 474 5074 τοῦ
514 5025 739 5094 χρυσίου
765 5023 928 5093 φύσις
961 5023 1158 5095 πολλὴν
1191 5025 1290 5095 τὴν
1332 5023 1654 5095 λαμπηδόνα
1679 5044 1692 5056 '
1731 5028 1862 5079 ὅταν
1907 5024 1964 5080 δὲ

379 5105 476 5159 καὶ
525 5107 623 5178 τὴν
657 5107 766 5160 ἀπὸ
800 5108 891 5160 τοῦ
923 5108 1088 5177 πυρὸς
1119 5106 1398 5178 προσλάϐῃ
1421 5147 1436 5169 ,
1472 5106 1654 5178 μεῖζον
1687 5109 1747 5161 τὸ
1780 5108 1966 5179 Θαῦμα

377 5190 592 5254 γενεται
629 5191 722 5243 καὶ
749 5189 1142 5262 φοϐερώτερον.
1179 5190 1244 5244 EE
1279 5191 1337 5244 δέ
1366 5191 1459 5243 ἐπὶ
1499 5191 1752 5262 σώματος
1785 5193 1962 5258 τοῦτο,

379 5269 509 5323 ὅταν
536 5273 626 5326 ἐπὶ
660 5274 870 5344 χρυσῆς
916 5272 1071 5325 τοῦτο
1107 5273 1380 5347 συμϐαίνῃ
1412 5273 1610 5345 ψυχῆς,
1645 5275 1830 5328 οὐκέτι
1871 5277 1965 5328 ἀν-

381 5351 621 5422 θρώποις
672 5358 863 5426 μόνον,
904 5355 1038 5410 ἀλλὰ
1090 5358 1182 5410 καὶ
1221 5357 1474 5426 ἀγγέλοις
1526 5357 1768 5411 ποθεινὸν
1811 5357 1964 5412 ἔσται

382 5435 586 5508 θέαμα.
616 5437 682 5489 Τί
714 5439 895 5494 τοίνυν
931 5441 1157 5510 κοσμεῖς
1189 5441 1418 5512 σεαυτὴν
1449 5441 1706 5511 ἱματίοις,
1733 5441 1824 5494 τὸν
1856 5442 1964 5494 ἀπὸ

377 5518 484 5588 τῆς
515 5519 713 5590 φλογὸς
738 5521 944 5593 ταύτης
979 5522 1178 5593 ἔχουσα
1205 5523 1446 5595 κόσμον;
1474 5525 1584 5578 Καὶ
1610 5524 1718 5596 γάρ
1746 5526 1814 5578 τά
1839 5527 1966 5596 ἱμά-

3567 349 3672 406 5‘28

2095 473 2275 533 τίνους
2323 469 2572 521 ἐνέδυσεν
2616 470 2644 520 ό
2681 467 2847 531 Θεὸς,
2901 468 2994 520 καὶ
3031 465 3129 537 τὴν
3161 466 3371 518 ἐκείνου
3407 471 3666 533 γυναῖκα,

2091 554 2265 605 καίτοι
2319 567 2382 618 γε
2416 551 2574 618 ἐνῆν,
2632 549 2790 620 εἴπερ
2836 548 3128 618 ἠϐούλετο,
3180 549 3318 602 καλὰ
3368 553 3670 620 περιθεῖναι

2089 635 2314 706 ἱμάτια⁸
2353 632 2466 686 ἀλλ’
2502 631 2708 684 ἄνωθεν
2740 633 2873 702 ἡμῖν
2907 633 3001 684 καὶ
3037 632 3103 684 δι’
3137 633 3361 684 ἐκείνων
3400 633 3672 690 δείκνυσιν

2084 719 2167 772 ὅτι
2194 717 2256 770 οὐ
2289 715 2502 786 τρυφῆς
2530 715 2558 766 ὁ
2591 712 2785 784 παρὼν
2813 715 3024 786 καιρὸς,
3049 714 3186 768 ἀλλά
3215 715 3308 768 τοῦ
3335 719 3541 770 στένειν
3576 721 3672 774 καὶ¹

2085 798 2403 854 κόπτεσθαι.
2429 796 2494 850 El
2515 797 2571 850 δέ
2595 796 2726 850 αὐτὸ
2753 795 2815 850 τὸ
2835 795 3094 868 δεηθῆναι
3116 798 3410 869 περιϐολῆς
3437 803 3669 876 αἰσχύνη
3712 826 3715 828 ·

2085 883 2179 936 καὶ
2210 881 2548 950 κατάγνωσις
2579 879 2674 932 καὶ
2709 878 2769 945 ἐξ
2797 879 3068 950 ἁμαρτίας
3090 881 3300 949 γέγονε,
3330 885 3382 936 τί
3415 885 3513 956 τῆς
3539 904 3669 940 κατ-

2085 965 2313 1037 ηγορίας
2357 963 2650 1025 ἐπιτείνεις
2690 959 2754 1014 τὸ
2793 960 3058 1032 αῖνιγμα;
3101 963 3175 1034 μὴ
3215 963 3325 1036 γὰρ
3370 967 3469 1020 οὐκ
3509 969 3670 1040 ἀρκεῖ

2083 1048 2253 1115 δεῖξαι
2279 1048 2378 1119 τὴν
2407 1045 2758 1100 κατάπτωσιν
2795 1043 2954 1115 ἡμῶν
2981 1045 3112 1098 αὐτὸ
3141 1047 3202 1099 τὸ
3245 1047 3504 1120 δεηθῆναι
3543 1053 3668 1104 σκέ-

2087 1145 2226 1200 πης;
2257 1129 2309 1181 τί
2351 1127 2572 1198 μείζονα
2622 1127 2796 1190 ποιεῖς
2843 1126 2944 1198 τὴν
2974 1127 3260 1200 διαϐολήνς
3311 1131 3364 1184 τί
3405 1133 3504 1203 τὴν
3536 1151 3667 1188 κατ-

2085 1213 2312 1284 ηγορίαν
2349 1209 2566 1275 αὔξεις,
2617 1209 2962 1263 ἐπιτείνουσα
3008 1213 3106 1282 τὴν
3138 1213 3357 1283 χρείαν;
3393 1217 3520 1270 Δέον
3557 1219 3664 1291 γὰρ

2082 1295 2367 1365 ὀδύρεσθαι
2408 1293 2502 1346 καὶ
2540 1291 2768 1356 στένειν,
2801 1293 2894 1345 καὶ
2921 1293 2983 1346 τὸ
3019 1294 3177 1364 σῶμα
3203 1297 3335 1350 αὐτὸ
3365 1299 3665 1355 ἀποθέσθαι

2083 1376 2222 1430 κατὰ
2252 1377 2344 1429 τὸν
2377 1373 2621 1429 Παῦλον
2649 1375 2814 1444 ἡμεῖς
2847 1375 2906 1427 δέ
2941 1377 3231 1446 καθήμεθα
3267 1381 3395 1451 περὶ
3435 1381 3502 1434 τὰ
3536 1399 3663 1436 axe-

2085 1460 2346 1530 πάσματα
2394 1457 2560 1512 αὐτοῦ
2600 1455 3074 1526 φιλοτεχνοῦντες,
3125 1459 3312 1531 ὥσπερ
3360 1462 3426 1515 ἂν
3477 1465 3532 1516 εἴ
3578 1483 3663 1530 τις

2081 1543 2351 1613 οἰδήματα
2382 1539 2512 1611 περὶΙ
2543 1538 2640 1610 τὴν
2681 1538 2804 1608 ὄψιν
2832 1539 2994 1610 ἔχων,
3039 1543 3132 1594 καί
3161 1544 3241 1605 εἰς
3278 1546 3526 1616 ἀνάγκην
3563 1549 3659 1601 τοῦ

2082 1625 2308 1677 σκέπειν
2336 1623 2478 1676 αὐτὰ
2501 1622 2808 1686 καταστὰς,
2835 1622 2915 1676 ἔτι
2947 1624 3042 1676 καὶ
3085 1625 3420 1690 καλλωπίζοι
3460 1629 3526 1682 τὰ
3562 1648 3662 1684 κα-

2079 1707 2339 1777 λύμματα
2377 1704 2570 1758 ταῦτα.
2593 1703 2694 1757 Διά
2723 1703 2882 1757 τοῦτο
2917 1704 3130 1769 Ἠλίας,
3175 1707 3262 1760 διὰ
3285 1709 3442 1762 τοῦτο
3481 1712 3661 1766 Ἰωάν-

2079 1807 2178 1860 νης
2213 1789 2392 1858 ἁπλῆν
2433 1781 2577 1857 εἶχον
2623 1786 2862 1857 ἐσθῆτα,
2901 1787 3256 1859 δερματίνους
3293 1793 3526 1863 χιτῶνας
3569 1797 3661 1848 καὶ

2081 1872 2272 1942 ἱμάτια
2318 1870 2536 1941 τρίχινα
2572 1869 3043 1941 περιϐαλλόμενον
3084 1873 3375 1943 ἠπείγοντο
3409 1879 3520 1948 γάρ
3567 1881 3662 1932 καὶ

2077 1955 2390 2024 ἐπεθύμουν
2423 1953 2485 2006 τὸ
2524 1951 2728 2023 ἔνδυμα
2761 1953 2860 2023 τῆς
2904 1953 3215 2027 ἀφθαρσίας
3256 1957 3456 2014 λαϐεῖν.
3493 1961 3566 2016 Σὺ
3602 1961 3660 2016 δὲ

2078 2037 2171 2091 καὶ
2195 2037 2294 2100 τάς
2325 2038 2381 2088 ἐν
2415 2037 2586 2106 σκηνῇ
2614 2035 2983 2107 παρατρέχεις
3003 2042 3265 2105 γυναῖκας
3299 2043 3364 2112 τῇ
3403 2042 3509 2096 τῶν
3533 2045 3661 2114 ίμα-

2075 2121 2206 2174 τίων
2237 2119 2528 2189 περιεργίᾳ
2546 2156 2560 2180 ,
2587 2117 2653 2170 δι’
2679 2119 2904 2172 ἐκείνων
2927 2123 3036 2184 τοῖς
3055 2121 3526 2196 ἀνεπτερωμένοις
3552 2126 3660 2179 τῶν

2077 2203 2213 2257 νέων
2241 2201 2452 2255 τιθεῖσα
2483 2199 2580 2262 τὰς
2610 2201 2878 2274 μηχανάς,
2925 2203 3038 2272 Οὐχ
3065 2204 3208 2260 οὕτω
3233 2225 3292 2260 σε
3337 2211 3662 2278 κοσμεῖσθαι

2076 2287 2172 2338 καὶ⁵
2209 2281 2648 2348 καλλωπίζεσθαι
2691 2283 2940 2354 βούλεται
2980 2287 3008 2338 ό
3051 2287 3323 2360 Νυμφίος,
3353 2292 3468 2344 ἀλλ’
3495 2293 3552 2344 ἐν
3592 2298 3658 2364 τῇ

2074 2367 2217 2438 ψυχῇ
2269 2384 2362 2419 σου
2409 2367 2592 2420 πᾶσαν
2633 2367 2958 2420 ἀποκεῖσθαι
3007 2370 3171 2424 αὐτοῦ
3204 2371 3302 2442 τῆν
3345 2373 3501 2440 δόξαν
3544 2375 3659 2427 ἐκέ-

2073 2448 2262 2502 λευσε·
2298 2449 2362 2500 σὺ
2393 2448 2450 2500 δὲ
2481 2448 2698 2518 ἐκείνης
2735 2448 2835 2518 μὲν
2871 2449 3180 2519 ἀμελοῦσα,
3221 2455 3310 2507 τὸν
3353 2456 3524 2526 πηλὸν
3564 2460 3658 2509 καὶ

2071 2532 2171 2602 τὴν
2203 2531 2406 2602 τέφραν
2445 2533 2812 2601 κατακοσμεῖς
2851 2533 3142 2598 ποικίλως,
3179 2538 3273 2589 καὶ
3306 2539 3540 2608 ἐραστὰς
3571 2541 3658 2593 έλ-

2072 2631 2188 2677 κεις
2221 2613 2559 2676 ἀκολάστους
2579 2652 2594 2677 ,
2625 2614 2718 2667 καὶ
2754 2617 2973 2685 μοιχοὺς
3005 2618 3213 2688 ἐργάζῃ
3246 2621 3370 2681 τοὺς
3393 2623 3653 2691 ὁρῶντας,

2071 2697 2148 2760 ὡς
2176 2697 2382 2760 εἰπεῖν,
2417 2696 2680 2760 ἅπαντας.
2718 2697 2826 2750 Καὶ
2863 2699 2944 2750 ὅτι
2973 2699 3072 2768 μὲν
3101 2703 3234 2754 πολὺ
3281 2706 3530 2772 συνάγεις
3567 2709 3654 2758 ἐν-

2069 2779 2265 2834 τεῦθεν
2294 2780 2356 2832 τὸ
2392 2778 2524 2850 πῦρ,
2565 2779 2686 2832 οὐδὲ
2726 2781 2895 2850 αὐτὴν
2929 2779 3082 2852 οἶμαί
3115 2801 3172 2836 σε
3203 2785 3466 2856 ἁντερεῐνο
3489 2789 3570 2840 ὅτι
3598 2789 3656 2843 δὲ

2072 2865 2167 2918 καὶ
2216 2863 2402 2930 ἀδοξία
2436 2863 2534 2915 καὶ
2575 2863 2776 2926 ὄνειδος
2812 2864 3060 2919 ἐντεῦθεν
3103 2867 3320 2936 ἕψεται,
3361 2871 3454 2922 καὶ
3498 2871 3656 2924 τοῦτο

2071 2947 2408 3019 πειράσομαι
2431 2945 2654 3016 ποιῆσαι
2679 2947 2913 3018 φανερὸν
2939 2949 3035 3001 ἀπ’
3057 2950 3234 3004 αὐτῶν
3259 2951 3363 3005 τῶν
3387 2953 3652 3020 ἐραστῶν.

2072 3029 2242 3083 Ὅταν
2273 3029 2382 3098 γὰρ
2409 3030 2442 3098 ὴ
2478 3029 2578 3097 μὲν
2611 3029 2710 3098 τὴν
2734 3029 2912 3100 ψυχὴν
2941 3031 3357 3096 καλλωπίζουσα
3393 3036 3483 3089 τὸν
3521 3036 3654 3088 Θεὸν

2069 3111 2170 3184 ἔχῃ
2210 3111 2304 3164 τοῦ
2333 3110 2560 3173 κάλλους
2595 3111 2860 3182 ἐραστὴν,
2897 3113 2960 3164 σὺ
2989 3114 3046 3166 δὲ
3073 3114 3423 3185 ἀνθρώπους,
3453 3119 3654 3189 μᾶλλον

2069 3195 2126 3248 δέ
2155 3195 2278 3248 ούδέ
2303 3192 2644 3266 ἀνθρώπους,
2669 3193 2804 3247 ἀλλά
2833 3195 3048 3266 χοίρους
3073 3197 3168 3250 καὶ
3190 3197 3380 3263 κύνας,
3407 3202 3502 3254 καὶ
3523 3203 3575 3254 εί
3597 3221 3652 3256 τι

2067 3279 2272 3334 τούτων
2297 3277 2654 3349 ἀλογώτερον,
2676 3277 2756 3340 τίς
2787 3277 2960 3342 οὕτως
2989 3279 3232 3350 ἀνόητος,
3261 3281 3336 3344 ὡς
3365 3285 3423 3335 σὲ
3452 3285 3652 3354 μᾶλλον

2069 3363 2283 3432 ἐκείνης
2321 3361 2697 3431 κεκοσμῆσθαι
2736 3363 2902 3430 φάναι
2933 3364 3030 3432 τῆς
3065 3363 3156 3416 τὸν
3186 3364 3318 3418 Θεὸν
3351 3367 3430 3431 εἰς
3459 3367 3650 3422 ἐπιθυ-

2071 3445 2200 3514 μίαν
2221 3445 2458 3515 ἀγούσης
2487 3444 2587 3513 τῆς
2615 3444 2913 3514 εὐμορφίας
2935 3449 3032 3512 τῆς
3057 3445 3235 3515 ἐνδον;
3264 3449 3424 3502 Ὥστε
3451 3451 3560 3522 ὅσῳ
3582 3451 3652 3508 ἂν

2067 3527 2342 3598 ἐπιτείνῃς
2369 3528 2466 3597 τὴν
2492 3523 2831 3598 περιεργίαν,
2852 3529 3089 3601 τοσούτῳ
3109 3531 3338 3600 γέγονας
3366 3533 3648 3608 βδελυκτὴ,

2064 3612 2159 3668 τὸν
2183 3612 2283 3682 μὲν
2319 3611 2450 3664 Θεὸν
2475 3609 2627 3682 [264]
2657 3611 3064 3683 ἀποτρέπουσα,
3085 3617 3307 3680 τούτους
3339 3617 3396 3670 δὲ
3423 3617 3650 3686 ἐφελκο-

2070 3697 2205 3768 μένη
2222 3736 2237 3760 ,
2272 3697 2365 3749 καὶ
2388 3693 2558 3766 ταύτῃ
2593 3695 2852 3764 μειζόνως
2877 3697 3206 3770 αἰσχροτέρα
3231 3702 3530 3772 φαινομένη
3556 3705 3653 3757 καὶ

2064 3780 2332 3850 δυσειδής.
2375 3776 2500 3842 Πῶς
2533 3779 2640 3850 γὰρ
2681 3779 2743 3830 οὐ
2777 3778 3024 3850 δυσειδὴς
3061 3781 3094 3850 ἡ
3132 3783 3209 3852 μὴ
3249 3782 3521 3856 δυναμένη
3557 3786 3652 3842 τὸν

2065 3863 2199 3917 Θεὸν
2233 3860 2770 3927 ἐπισπάσασθαι;Εί
2815 3860 2871 3914 δέ
2915 3864 2948 3934 ἡ
2991 3863 3444 3938 καλλωπιζομένη
3477 3868 3652 3936 οὕτως

2065 3947 2236 4018 ἀηδὴς
2255 3987 2270 4012 ,
2309 3948 2342 4017 ἡ
2375 3947 2471 3999 καλ⁸
2500 3943 2854 3998 συνοικοῦντα
2875 3945 3074 4017 ἔχουσα
3099 3947 3352 4019 ἐννόησον
3379 3950 3500 4005 ὅσον
3525 3954 3652 4006 ἐπι-

2062 4029 2229 4084 τείνει
2251 4029 2311 4081 τὸ
2335 4029 2510 4099 μῖσος.

2135 4120 2209 4184 η’.
2244 4111 2645 4177 Ἀλλ’,εἰδοκεῖ,
2667 4111 2742 4182 μὴ
2757 4111 2854 4183 τὴν
2877 4115 3190 4187 συνοίκησιν
3203 4117 3446 4188 εἴπωμεν
3465 4119 3646 4189 μόνον,

2063 4197 2198 4251 ἀλλά
2227 4197 2321 4249 καὶ
2346 4195 2742 4265 ἁναπτύξωμεν
2765 4196 2956 4266 αὐτὴν,
2983 4197 3122 4253 ὥστε
3157 4201 3518 4271 αἰσχροτέραν
3547 4220 3652 4272 φα-

2063 4281 2236 4351 νῆναι.
2267 4277 2484 4346 Ἐπειδὴ
2501 4277 2608 4346 γὰρ
2637 4278 2696 4330 οὐ
2723 4275 2994 4332 δεδοίκασι
3011 4281 3102 4334 τὸν
3125 4282 3424 4353 ἀκοίμητον
3445 4284 3650 4353 ὀφθαλ-

2066 4365 2187 4436 μὸν,
2229 4360 2345 4415 ἀλλ’
2395 4362 2446 4413 οἱ
2480 4361 2751 4430 ὀφθαλμοὶ
2787 4361 2896 4413 τῶν
2935 4363 3260 4435 ἀνθρώπων,
3304 4366 3461 4418 τοῦτο
3483 4367 3649 4435 φόϐος

2063 4451 2246 4511 αὐτοῖς
2265 4485 2280 4509 ,
2312 4445 2444 4516 φέρε
2473 4447 2568 4498 καὶ
2593 4443 2798 4514 ταύτης
2831 4446 3029 4508 αὐτοὺς
3057 4447 3521 4522 ἀποστερήσωμεν
3551 4451 3648 4520 τῆς

2063 4533 2452 4604 παραμυθίας,
2498 4530 2534 4584 ἃ
2573 4531 2876 4600 κρύπτουσι
2923 4534 3089 4600 τοῖχοι
3120 4533 3214 4585 καὶ
3258 4533 3644 4598 συσκιάζουσι,

2064 4618 2236 4672 ταῦτα
2267 4619 2344 4682 εἰς
2381 4616 2544 4686 μέσον
2571 4615 2890 4682 ἀγαγόντες,
2925 4615 3020 4667 καὶ
3040 4614 3140 4678 τὰς
3175 4615 3346 4686 θύρας
3372 4618 3648 4672 ἀναπετά-

2064 4719 2256 4766 σαντες
2287 4705 2399 4765 τοίς
2432 4699 2774 4771 βουλομένοις
2797 4699 2928 4770 όρᾷν
2949 4741 2963 4765 ,
2987 4698 3095 4752 ἀπὸ
3123 4700 3220 4772 τῆς
3254 4701 3416 4772 εὐνῆς
3449 4702 3644 4765 αὐτοὺς

2061 4785 2276 4858 πρῶτον
2302 4785 2612 4856 ἐγείραντες
2635 4799 2648 4813 ·
2682 4782 2882 4853 μᾶλλον
2901 4781 2978 4846 δὲ,
3001 4785 3050 4838 εί
3083 4783 3266 4849 δοκεῖ,
3291 4785 3359 4839 τά
3385 4784 3523 4838 κατά
3543 4786 3643 4856 τήν

2061 4870 2242 4925 οίκίαν
2265 4867 2608 4938 ἐξετάσωμεν
2637 4865 2876 4936 πρῶτον,
2901 4865 2998 4918 καὶ⁵
3015 4864 3195 4936 δῶμεν
3222 4868 3421 4939 τοίχοις
3443 4869 3641 4930 αὐτοὺς

2061 4953 2394 5026 διείργεσθαι
2419 4951 2514 5004 καὶ
2546 4951 2808 5021 οἰκήμασι
2836 4948 3230 5015 καθεύδοντας·
3262 4951 3382 5006 οὐδέ
3409 4951 3520 5022 γάρ
3559 4946 3642 5003 οἷ-

2066 5037 2163 5109 μαί
2188 5054 2338 5103 τινα,
2373 5035 2477 5089 κᾶν
2512 5033 2718 5106 σφόδρα
2742 5033 3076 5104 ἀσχημονεῖν
3119 5035 3325 5099 ἕλοιτο,
3363 5035 3524 5106 μέχρι
3557 5052 3644 5088 το-

2064 5121 2256 5176 σούτου
2287 5117 2806 5190 παραδειγματίζειν
2839 5117 3029 5172 ἑαυτὸν
3047 5159 3061 5182 ,
3094 5119 3172 5182 ὡς
3201 5119 3296 5173 καὶ
3317 5120 3375 5173 ἐν
3407 5119 3488 5172 ἐνὶ
3514 5118 3647 5173 καθ·

2061 5206 2244 5259 εύδειν
2293 5203 2577 5273 οἰκήματι.
2618 5201 2902 5254 Ἔστωσαν
2953 5202 3131 5256 τοίνυν
3166 5201 3484 5273 διῃρημένοι
3533 5203 3648 5264 τοῖς

2061 5287 2265 5357 τοίχοις
2287 5304 2300 5318 ·
2346 5286 2441 5339 καὶ
2467 5284 2519 5336 τί
2546 5279 2734 5348 τοῦτο;
2757 5285 2817 5336 οὐ
2845 5283 2954 5358 γάρ
2990 5282 3172 5338 ἱκανὸν
3200 5285 3504 5353 ἀπαλλάξαι
3551 5287 3650 5339 ὐπ-

2062 5371 2223 5441 οψίας
2259 5366 2485 5430 αὐτούς·
2519 5365 2658 5436 πλὴν
2691 5367 2826 5420 ἀλλὰ
2865 5367 3028 5438 μηδὲν
3076 5366 3206 5438 περὶ
3243 5367 3478 5438 ὑποψίας
3525 5367 3644 5436 νῦν,

2067 5454 2202 5525 μηδὲ
2227 5452 2320 5505 ἐάν
2349 5449 2541 5523 μυρίαι
2571 5451 2856 5506 παιδίσκαι
2897 5451 3216 5505 συνοικῶσιν
3245 5452 3424 5522 αὐτῷ·
3459 5453 3558 5522 τὴν
3587 5451 3644 5506 δὲ

2061 5537 2227 5608 ἀλλην
2255 5533 2642 5607 ἀσχημοσύνην
2661 5534 3005 5604 ἐξετάσωμεν
3026 5534 3184 5598 τέως.
3212 5536 3285 5589 Συ
3293 5535 3510 5606 μϐαίνει
3535 5537 3645 5609 γὰρ

261 5597 272 5610 ’
377 5615 473 5654 τια
497 5604 596 5675 οὐχ
617 5605 705 5657 ἵνα
727 5603 1198 5677 καλλωπιζὼμεθα
1221 5607 1450 5671 δέδοται,
1472 5607 1585 5660 ἀλλ’
1613 5595 1701 5661 ἵνα
1727 5608 1825 5679 τὴν
1859 5595 2046 5668 ἆπδὲ]
2063 5595 2206 5674 κατά
2221 5595 2418 5672 ταυτὸν
2447 5595 2785 5680 ἀναστάντας
2806 5655 2820 5679 ,
2845 5595 2920 5669 οὐ.
2930 5617 3270 5687 παννυχίδων
3293 5595 3489 5674 ’ἐνεκεν
3517 5595 3645 5690 (οὐῖ-

375 5683 482 5752 τῆς
503 5688 840 5758 γυμνότητος
852 5689 1114 5760 αἰσχύνην
1138 5690 1490 5762 κρύπτωμεν·
1512 5691 1610 5762 οὐχ
1629 5691 1715 5744 ἵνα
1735 5691 1964 5744 τοιαῦτα

375 5767 716 5847 ἐνδυὼμεθα,
747 5771 782 5825 ἀ
806 5771 914 5825 τῶν
937 5773 1160 5843 γυμνῶν
1192 5773 1390 5844 μᾶλλον
1421 5776 1571 5847 ἡμᾶς
1602 5774 1958 5845 καταισχῦναι

371 5844 689 5924 δυνήσεται.
730 5853 830 5907 Διὰ
865 5855 1021 5908 τοῦτο
1053 5856 1146 5910 καὶ
1169 5857 1265 5932 ,τὸν
1304 5844 1477 5928 Ἀδὰμ
1501 5857 1733 5928 Χιτῶνας
1757 5844 1960 5928 δέρμ’

429 5951 469 5985 ³
491 5955 642 6006 Savil.
664 5955 871 6023 ὅπουπερ
891 5959 964 6007 ἀν.

2026 5699 2150 5759 ’δέν
2188 5705 2296 5776 γὰρ
2339 5704 2446 5757 ἀπὸ
2491 5703 2601 5756 τῶν
2637 5699 2895 5754 τοιούτων
2929 5699 3118 5770 ψυχῶν
3151 5700 3376 5768 εὐλαϐὲς
3409 5703 3474 5758 ἀν
3511 5720 3643 5758 ποτε

2062 5787 2323 5858 γένοιτο),
2345 5786 2440 5840 καὶ
2462 5782 2716 5838 διοδεύειν
2739 5781 3000 5853 ἀλλήλους
3024 5782 3328 5852 κειμένους,
3357 5785 3452 5838 καί
3477 5802 3645 5856 προσ-

2067 5869 2398 5940 φθέγγεσθαι
2452 5867 2696 5938 νύκτωρ·
2724 5858 2786 5918 οὗ
2819 5863 2870 5919 τί
2913 5863 3107 5934 γένοιτ’
3153 5863 3221 5920 ἂν
3259 5868 3642 5938 αίσχρότερονς

2066 5953 2129 6008 Εἰ
2167 5954 2222 6008 δὲ
2273 5944 2529 6024 συμϐαίη
2569 5953 2664 6007 καὶ
2712 5951 3066 6025 ἀρῤωστῆσαι
3122 5950 3278 6022 ἄφνω
3327 5952 3427 6022 τὴν
3470 5967 3645 6007 συνοι-
