4138 6434
512 298 619 360 529

508 420 774 477 κοῦσανα,
821 410 941 464 οὐδὲ
982 408 1174 480 τοίχων
1205 407 1437 461 ἐνταῦθα
1478 406 1669 476 ὄφελος
1709 405 1916 467 λοιπὸν,
1952 403 2088 457 ἀλλὰ

506 497 798 560 διαναστὰς
835 495 941 566 πρὸ
976 495 1083 547 τῶν
1113 493 1288 547 ἄλλων
1330 492 1711 563 ἐπεισέρχεται
1745 490 1973 561 κειμένῃ
2017 491 2085 559 τῇ

507 583 785 657 παρθένῳ,
830 580 928 650 τὴν
972 579 1286 651 ἀρρωστίαν
1330 576 1469 648 έχων
1509 574 1829 643 ἀπολογίαν,
1860 574 1952 657 καί
1978 571 2087 626 τῶν

506 656 903 739 θεραπαινίδων
971 660 1230 724 πολλάκις
1290 659 1650 731 ὀκνηρότερον
1711 656 2086 728 διακειμένων,

507 751 603 804 καὶ
640 746 1061 820 παρακάθηται,
1092 746 1187 799 καὶ
1230 744 1299 799 τὰ
1334 743 1470 800 ἀλλα
1502 741 1840 813 ἐπιμελεῖται
1861 781 1875 800 ,
1924 739 1961 793 ἀ
1992 756 2090 806 γυ-

506 836 699 895 ναῖκας
748 832 907 901 μόνον
947 829 1206 892 πολλάκις
1255 828 1413 898 θέμις
1456 826 1755 885 διακονεῖν,
1816 824 1912 878 καὶ
1965 821 2089 875 οὔτε

392 952 395 957 -
507 916 690 986 ἐκείνη
727 913 1077 985 αἰσχύνεται,
1123 911 1258 964 ἀλλά
1295 912 1390 964 καί
1429 908 1932 978 ἐγκαλλωπίζεται,
1964 904 2087 959 οὔτε

507 995 660 1063 οὗτος
700 998 956 1070 ἐρυθριᾷ,
989 995 1126 1050 ἀλλά
1172 995 1266 1047 καὶ
1305 993 1484 1065 χαίρει
1536 989 1817 1062 μειζόνως,
1863 989 1957 1042 καὶ
1999 1006 2089 1042 τοο

511 1082 686 1153 σούτῳ
741 1080 958 1152 μᾶλλον,
1006 1079 1117 1150 ὅσῳ
1163 1078 1261 1148 τὴν
1297 1076 1540 1130 δουλείαν
1575 1074 1928 1145 αἰσχρότερον
1966 1075 2090 1127 ἐπι-

508 1165 781 1219 δείκνυται
799 1181 810 1194 ·
844 1164 939 1217 καὶ
964 1166 997 1234 ἡ
1021 1158 1348 1229 άποστολικὴ
1381 1160 1537 1231 ῥῆσις
1566 1158 1747 1226 ἐκείνη
1788 1159 1821 1227 ή
1860 1156 2091 1224 λέγουσα

509 1252 614 1315 ὅτι,
654 1250 722 1303 ’11
746 1247 895 1312 δόξα
926 1247 996 1299 ἐν
1022 1246 1096 1312 τῇ
1123 1244 1387 1312 αἰσχύνῃ
1420 1240 1638 1305 αὐτῶν,
1659 1239 1749 1294 διά
1776 1239 1883 1293 τῶν
1916 1240 2091 1310 ἔργων

498 1322 785 1385 ’δείκνυται
818 1330 959 1384 τότε.
995 1329 1162 1381 Ὅταν
1193 1326 1249 1379 δὲ
1288 1325 1379 1378 καὶ
1411 1326 1468 1378 αἰ
1501 1322 1876 1396 θεραπαινίδες
1911 1323 2091 1377 διαναο

513 1416 711 1480 στῶσι,
751 1412 946 1485 χείρων
989 1413 1021 1481 ἡ
1054 1410 1281 1481 αἰσχύνη
1305 1426 1317 1438 ⁸
1363 1410 1458 1463 καὶ
1509 1408 1617 1480 γάρ
1652 1405 2093 1477 ἀκατακαλύπτῳ

510 1500 578 1569 τῇ
601 1496 830 1567 κεφαλῇ,
857 1495 949 1548 καὶ
975 1494 1348 1565 μονοχίτωνες,
1376 1494 1471 1547 καὶ
1486 1495 1722 1564 γυμναῖς
1740 1493 1858 1555 ταῖς
1880 1490 2090 1562 χερσὶν,

510 1583 608 1636 ᾶτε
636 1578 1069 1652 τεθορυϐημένω
1108 1577 1203 1631 καὶ
1232 1579 1289 1631 ἐν
1322 1577 1477 1630 νυκτί
1505 1576 1914 1648 διανιστάμεναι
1936 1614 1949 1639 ,
1977 1575 2093 1629 δια-

510 1665 764 1736 τρέχονσι
790 1662 1055 1734 παρόντος
1081 1662 1292 1715 ἐκείνου
1315 1703 1328 1720 .
1358 1661 1557 1731 μᾶλλον
1585 1661 1641 1713 δέ
1668 1662 1726 1714 ἐν
1759 1660 1910 1731 μέσῳ
1938 1676 2095 1732 στρε-

513 1750 748 1819 φομένου
798 1746 893 1799 καὶ
941 1745 1370 1811 συνδιαθέοντος,
1426 1744 1642 1799 ἀπαντα
1693 1744 2092 1812 ἀναγκάζονται

513 1829 788 1900 πληροῦν·
821 1824 883 1882 οῦ
927 1828 980 1881 τί
1020 1828 1229 1897 γένοιτο
1263 1827 1328 1881 ἂν
1356 1827 1746 1899 αἰσχρότερον;
1784 1826 1847 1880 Εἰ
1883 1826 1942 1879 δέ
1997 1826 2094 1879 καὶ

516 1918 652 1986 μαῖα
673 1914 1055 1984 παραγένοιτο,
1081 1912 1189 1965 οὐδ’
1216 1911 1390 1976 οὕτως
1414 1911 1821 1983 ἐπαισχύνεται,
1841 1909 1980 1965 ἀλλά
2000 1911 2094 1964 καὶ

513 1997 693 2071 κορῶν
727 1997 1022 2068 ἀλλοτρίων
1056 1995 1328 2050 ἐπιουσῶν
1361 1994 1735 2066 ἐναϐρύνεται.
1771 1996 1865 2058 Εἰς
1897 1995 1956 2047 ἓν
1984 1994 2093 2064 γάρ

512 2084 616 2155 ὁρᾷ
672 2082 867 2152 μόνον,
918 2082 1067 2143 ὅπως
1112 2078 1439 2144 ἐπιδείξαιτο
1477 2081 1545 2150 τῇ
1595 2078 1956 2151 ἀρρωστούσῃ
1995 2077 2094 2148 τὴν

515 2166 713 2220 ἐαυτοῦ
743 2163 1045 2228 διακονίαν,
1078 2163 1180 2215 οὐκ
1207 2162 1361 2225 εἰδὼς
1394 2162 1476 2215 ὅτι
1508 2164 1619 2231 ὅσῳ
1644 2162 1710 2215 ἂν
1738 2161 2091 2232 ἐπιδείξηται,

515 2248 755 2318 τοσούτῳ
774 2247 976 2317 μᾶλλον
1004 2246 1098 2300 καὶ
1124 2244 1296 2315 αὐτὴν
1317 2246 1566 2299 κάκεῖνον
1592 2245 1960 2315 καταισχύνει.
1985 2246 2096 2299 Καὶ

514 2333 569 2384 τε
601 2330 913 2400 θαυμαστὸν
944 2331 991 2383 εἰ
1020 2328 1470 2401 παραγενομένην
1503 2328 1579 2400 μὴ
1604 2328 1866 2401 ἐρυθριᾷ;
1900 2328 2097 2382 πολλά-

516 2433 605 2477 κις
628 2416 737 2485 γὰρ
763 2415 857 2468 καὶ
875 2414 1055 2485 μέσων
1076 2412 1286 2465 νυκτῶν
1312 2412 1412 2465 ούκ
1436 2411 1677 2474 ὀκνοῦσι,
1699 2410 2096 2482 θεραπαινίδων

517 2497 912 2568 εὐτελεστέρων
948 2496 1109 2565 ἔργον
1148 2496 1447 2561 ποιοῦντες,
1486 2497 1570 2549 ἐπ’
1598 2494 1765 2567 αὐτὴν
1798 2495 1897 2567 τὴν
1932 2498 2096 2565 μαῖαν

516 2582 743 2654 δραμεῖν
760 2600 777 2613 -
806 2581 934 2633 ὃταν
962 2580 1019 2632 δὲ
1047 2579 1444 2650 παραγένηται,
1468 2579 1563 2632 νῦν
1588 2579 1686 2649 μὲν
1710 2579 1873 2633 αὐτὸν
1900 2578 2098 2633 ἐκϐάλ-

517 2665 669 2719 λουσι
713 2664 805 2717 καὶ
834 2664 1063 2727 ἄκοντα,
1112 2661 1213 2715 κᾶν
1267 2661 1386 2715 λίαν
1423 2657 1872 2736 ἀναίσχυντος
1907 2662 2001 2715 νῦν
2042 2662 2099 2715 δὲ

519 2747 905 2818 ἐπιτρέπουσιν
931 2745 957 2784 b
990 2745 1252 2799 εἰσελθεῖν
1282 2746 1376 2798 καὶ
1402 2746 1775 2814 παρακαθίσαι
1798 2761 1811 2774 ·
1842 2744 2020 2799 καίτοι
2046 2746 2099 2798 τί

518 2833 584 2886 ἄν
629 2848 733 2895 τις,
789 2829 890 2883 κᾶν
950 2828 1121 2899 μυρία
1171 2828 1501 2902 ἐπιτηδεύσῃ
1552 2828 1692 2882 ὥστε
1738 2827 2100 2899 καταισχῦναι

519 2915 719 2976 αὐτὸν,
774 2911 1016 2966 τοιοῦτον
1069 2912 1347 2981 ποιήσειεν
1391 2911 1489 2975 ἂν,
1543 2907 1653 2965 οἷον
1712 2913 1875 2975 αὐτὸς
1931 2929 2102 2966 κατα-

521 2997 775 3062 σκευάζει
810 2994 1017 3064 ἐαυτῷ;
1058 2994 1226 3047 Ὅταν
1272 2994 1329 3047 δὲ
1363 2994 1548 3065 ἡμέρα
1577 2996 1824 3066 γένηται,
1865 2996 1960 3049 καὶ
2003 2996 2102 3067 τῆς

520 3082 681 3152 εὐνῆς
717 3078 1057 3149 ἀμφοτέρους
1101 3076 1484 3142 ἐξανίστασθαι
1507 3078 1608 3152 ’δέῃ
1632 3077 1823 3150 ,[165]
1864 3078 2102 3148 φυλακαὶ

522 3164 615 3217 καὶ
640 3148 1083 3234 παρατηρήσεις.
1119 3158 1258 3214 Οὔτε
1288 3160 1397 3232 γάρ
1437 3148 1718 3233 προελθεῖν
1752 3148 1834 3225 εἰς
1869 3162 1930 3214 τὸ
1972 3160 2103 3227 ἐξώ-

520 3263 677 3315 τερον
704 3244 972 3314 δωμάτιον
1008 3242 1177 3306 ἀδεῶς
1210 3243 1348 3315 αὑτὴ
1378 3242 1578 3297 δύναιτ’
1609 3243 1675 3298 ἄν
1694 3261 1707 3275 ·
1752 3243 2014 3307 πολλάκις
2045 3244 2103 3297 δὲ

520 3325 877 3400 προελθοῦσα,
902 3326 1031 3388 ἴσως
1055 3326 1150 3379 καὶ
1170 3325 1363 3396 γυμνῷ
1385 3326 1460 3396 τῷ
1486 3325 1697 3397 σώματι
1722 3328 2106 3396 προσπεσοῦσα

519 3412 615 3465 τοῦ
640 3410 829 3481 ἀνδρός
846 3426 859 3439 ·
888 3410 1139 3472 κάκεῖνος
1168 3408 1299 3462 αὐτὸ
1321 3409 1477 3462 τοῦτο
1504 3409 1854 3481 ὑφορώμενος
1882 3409 1976 3464 νῦν
2006 3409 2104 3480 μὲν

523 3493 892 3565 προαγγείλας
923 3491 1168 3563 εἰσῆλθε,
1214 3492 1310 3544 νῦν
1342 3492 1401 3544 δὲ
1429 3493 1777 3560 ἀφυλάκτως,
1810 3495 1905 3547 καὶ
1937 3493 2105 3547 πολὺν

522 3576 743 3647 ῶφλησε
788 3574 1018 3644 γέλωτα’
1072 3574 1233 3628 πλέον
1263 3575 1373 3648 γὰρ
1404 3577 1556 3630 οὐδὲν
1604 3579 1776 3631 εἰπεῖν
1823 3576 2100 3648 βούλομαι.

522 3658 708 3713 Ταῦτα
746 3658 824 3721 δέ,
861 3660 909 3711 εἰ
951 3660 1044 3711 καί
1096 3658 1289 3730 μικρὰ,
1323 3660 1599 3730 μεγάλους
1626 3660 1904 3731 ἄνθρακας
1941 3661 2104 3715 ἀσελ-

521 3744 677 3813 γείας
703 3741 910 3795 τίκτειν
938 3741 1116 3794 εἴωθε.
1149 3742 1257 3795 Καὶ
1289 3742 1460 3797 ταῦτα
1505 3745 1604 3814 μὲν
1645 3745 1737 3798 ἐπὶ
1772 3744 1871 3814 τῆς
1906 3745 2104 3808 οἰκίας,

524 3828 620 3880 καὶ
667 3825 892 3879 πλείονα
930 3825 1138 3878 τούτων
1158 3841 1171 3854 ⁸
1213 3826 1342 3878 ὅταν
1379 3826 1437 3878 δὲ
1482 3829 1563 3889 εἰς
1605 3825 1811 3897 ἀγορὰν
1855 3826 2108 3897 ἐμϐαλὼν

525 3908 807 3962 ἐπανιέναι
839 3906 1038 3978 μέλλῃ,
1073 3906 1275 3975 μείζων
1307 3909 1340 3978 ἡ
1372 3908 1723 3980 ἀσχημοσύνη
1756 3910 1937 3964 πάλιν.
1977 3911 2107 3965 "At;

524 3992 636 4062 γὰρ
669 3992 748 4053 εἰς
782 3989 918 4042 ἰδίαν
949 3987 1131 4041 εἰσιὼν
1163 3989 1359 4055 οἰκίαν,
1405 3991 1499 4044 καὶ
1530 3991 1631 4044 οῦκ
1668 3991 2109 4063 ἀναγκαζόμενος

526 4070 927 4144 παραγγεῖλαι,
962 4070 1426 4143 παρακαθημένας
1458 4071 1631 4145 εὑρὼν
1667 4077 1930 4142 γυναῖκας
1974 4093 2105 4129 κατ-

524 4156 755 4228 ῄσχυνεν
794 4153 1028 4225 ἐκείνην·
1062 4155 1157 4207 καὶ
1185 4154 1324 4226 αὐτὴ
1353 4155 1410 4209 δὲ
1455 4156 1512 4209 τὸ
1540 4157 1673 4210 αὐτὸ
1702 4156 1939 4212 πέπονθε
1980 4159 2109 4212 πολ-

525 4239 706 4301 λάκις.
730 4238 841 4291 Καὶ⁸
867 4238 1129 4306 γυναῖκας
1160 4238 1258 4307 μέν
1277 4238 1415 4309 γυνὴ
1442 4237 1695 4303 δέξασθαι
1721 4241 1945 4312 αἰσχρὸν
1970 4238 2109 4297 εἶναι

527 4322 800 4391 νενόμικε,
822 4320 920 4373 καὶ
943 4319 1143 4391 ἀνδρας
1165 4322 1195 4373 ό
1215 4321 1375 4392 ἀνήρ·
1400 4321 1649 4391 ἀλλήλοις
1672 4322 1727 4375 δέ
1759 4326 2025 4377 συνοικεῖν
2045 4326 2107 4378 ού

527 4401 957 4474 παραιτοῦνται,
1005 4401 1430 4473 παραιτούμενοι
1478 4402 1720 4475 ἀλλήλων
1750 4406 1876 4470 τοὺς
1912 4406 2114 4476 ὁμοφύ-

527 4487 651 4549 λους
686 4484 909 4550 ξενίσαι.
946 4484 1012 4537 Τί
1045 4483 1234 4538 τούτου
1273 4487 1453 4557 χεῖρον
1485 4485 1682 4553 γένοιτρ
1715 4486 1818 4552 ἀν;
1859 4489 2014 4543 Ἔστι
2052 4491 2110 4545 δὲ

526 4569 616 4622 ὅτε
646 4568 808 4620 αὐτὸν
851 4568 945 4621 καὶ
976 4568 1196 4635 γυναικὶ
1225 4562 1382 4639 εὗρον
1421 4569 1881 4641 παρακαθήμενον
1912 4590 2113 4641 μηρυο-

532 4650 668 4723 μένῃ
690 4692 703 4714 ,
739 4649 773 4718 ἢ
807 4650 903 4702 καὶ
934 4649 1216 4720 ἠλακάτην
1249 4650 1468 4722 ἐχούσῃ.
1522 4651 1585 4704 Τί
1624 4654 1689 4707 ἀν
1718 4671 1801 4718 τις
1832 4655 1978 4709 εἴποι
2012 4659 2112 4719 τὰς

529 4732 746 4805 ὕϐρεις,
776 4730 878 4794 τὰς
909 4731 1088 4802 μάχας
1114 4731 1213 4795 τὰς
1238 4732 1649 4805 καθημερινάς;
1684 4734 1784 4789 κᾶν
1810 4736 1918 4807 γὰρ
1943 4738 2112 4809 πολλὴ

528 4816 564 4888 ἡ
595 4815 746 4887 φιλία
775 4812 841 4890 ᾗ,
884 4814 978 4867 καί⁵
1006 4815 1179 4869 ταῦτα
1211 4816 1532 4887 συμϐαίνειν
1568 4819 1735 4880 εἰκός.
1775 4823 2022 4875 Ἤκουσα
2055 4824 2112 4877 δὲ

531 4900 709 4969 έγωγέ
747 4915 931 4961 τινων,
962 4899 1045 4952 ὅτι
1075 4900 1169 4953 καί
1198 4899 1530 4971 ζηλοτυπίας
1558 4902 1951 4973 ὑπομένουσιν*
1983 4906 2113 4961 ἔνθα

530 4984 640 5056 γὰρ
679 4981 753 5054 μὴ
852 4980 1042 5052 ἀγάπη
1071 4984 1435 5053 πνευματικὴ,
1473 4984 1688 5059 ἀνάγκη
1723 4988 1999 5043 καὶτοῦτο
2038 4990 2115 5060 γί-

532 5067 739 5120 νεσθαι.
799 5063 1082 5118 Ἐντεῦθεν
1105 5065 1173 5118 τά
1199 5066 1467 5137 πτώματα
1496 5067 1565 5123 τὰ
1598 5070 1796 5140 συνεχῆ
1816 5111 1832 5135 ,
1865 5072 2115 5127 ἐντεῦθεν

534 5152 590 5204 αί
624 5146 934 5218 διαφθοραὶ,
970 5147 1218 5201 ἐντεῦθεν
1252 5150 1592 5224 ἀνελεύθεροι
1638 5155 1732 5206 καί
1774 5155 2114 5224 ἀναίσχυντοι

530 5233 774 5301 γίνονται
810 5232 866 5283 αἱ
905 5231 1186 5305 παρθένοι,
1217 5232 1318 5286 κᾶν
1352 5234 1427 5306 μὴ
1457 5235 1795 5307 διαφθαρῶσι
1828 5238 1885 5290 τὸ
1927 5238 2114 5309 σῶμα,

526 5315 592 5367 ’τὸ
621 5310 752 5385 ἦθος
780 5313 1246 5385 διαφθειρόμεναι.
1282 5316 1450 5370 ’Ὂταν
1484 5318 1594 5388 γάρ
1636 5318 1774 5389 μετὰ
1804 5322 2116 5393 παρρησίας

538 5396 687 5470 μάθῃ
704 5396 1050 5463 διαλέγεσθαι
1088 5398 1261 5470 ἀνδρὶ,
1295 5399 1390 5453 καὶ
1415 5400 1880 5469 συγκαθέζεσθαι,
1910 5407 2002 5458 καὶ
2024 5408 2119 5460 ἀν-

534 5479 832 5539 τιϐλέπειν,
881 5480 976 5533 καὶ
1023 5479 1186 5550 γελᾷν
1251 5482 1547 5553 παρόντος,
1597 5485 1691 5537 καὶ
1740 5485 1910 5540 πολλὰ
1956 5487 2118 5560 έτερα

536 5560 868 5631 ἀσχημονεῖν
888 5603 903 5627 ,
937 5563 1031 5616 καὶ
1066 5564 1232 5633 μηδὲν
1260 5566 1479 5634 ἡγεῖται
1521 5563 1681 5618 τοῦτο
1712 5563 1851 5621 εἶναι
1903 5568 2074 5624 δεινὸν
2101 5610 2118 5635 ,

536 5640 841 5714 ἀναιρεῖται
872 5644 935 5697 τὸ
974 5645 1375 5717 καταπέτασμα
1404 5646 1504 5717 τῆς
1546 5647 1865 5720 παρθενίας,
1897 5653 1989 5706 καὶ
2017 5663 2139 5708 παι·

604 5843 634 5901 9
656 5841 741 5892 Sic
762 5841 910 5890 Savil.
935 5844 990 5891 In
1014 5843 1188 5893 Morel.
1209 5843 1295 5901 τήν
1318 5842 1633 5897 συνοικοῦσαν
1651 5847 1813 5897 deest.

603 5898 632 5945 δ
656 5901 807 5955 Savil.
835 5903 1056 5967 ἐπέτρεπε
1077 5910 1128 5954 et
1150 5898 1296 5967 δι]ρὴ
1317 5905 1521 5960 ἐξέϐαλε.

1261 296 1317 351 8.
1366 292 1654 353 JOANNIS
1696 288 2101 347 ειιιιγεοδτε

2228 285 2543 343 ᾹῐὶΕίΙΙΕΡ.
2584 282 3130 345 CONSTANTINOP.

2194 404 2365 455 τεῖται
2383 401 2445 454 τδ
2471 400 2651 465 ἄνθος.
2693 402 2972 456 Ἐντεῦθεν
2997 402 3147 456 οὐδὲν
3176 399 3424 454 ὀκνοῦσιν
3445 441 3461 465 ,
3485 402 3605 457 ούδέ
3637 423 3780 478 παρα

2193 486 2502 553 αιτοῦνται,
2551 484 2686 539 ἀλλά
2725 485 2818 539 καὶ
2851 485 3102 556 πρόϐολοι
3144 486 3238 538 καὶ
3265 487 3665 557 προμνήστριαι
3693 491 3780 557 γί-

2195 586 2379 623 νονται
2408 568 2611 639 γάμου,
2649 567 2740 622 καὶ
2766 568 3007 638 γίνονται
3035 568 3271 640 κάπηλοι
3296 570 3638 640 πραγμάτων
3658 573 3779 627 ἐτέ-

2200 668 2339 723 ρων,
2380 651 2475 705 καὶ
2529 647 2859 721 βουλομένας
2917 645 3173 722 χηρεύειν
3226 649 3427 715 πολλὰς
3483 654 3777 720 κωλύουσι,

2196 735 2512 805 νομίζουσαι
2540 733 2649 787 τῶν
2678 726 2895 788 οἰκείων
2924 734 3112 789 κακῶν
3139 732 3436 803 ἀπολογίαν
3484 730 3780 808 εὖρηκέναι

2196 816 2400 888 ταύτην
2425 833 2438 846 °
2489 817 2740 870 ἐντεῦθεν
2772 816 3240 888 εὐκαταφρόνητοι
3275 811 3442 870 πᾶσίν
3490 820 3661 884 εἰσιν,
3694 823 3781 873 ἐνί

2196 900 2385 953 τεῦθεν
2416 900 2511 954 καὶ
2538 901 2700 954 αὐταί
2726 901 2782 952 αἰ
2813 900 3199 970 γεγαμημέναι
3218 911 3241 938 ο
3284 895 3457 964 αὐτὰς
3488 901 3586 954 οὐκ
3621 903 3782 956 ἐπαιέ

2200 983 2503 1053 σχύνονται,
2528 983 2623 1037 ἀτε
2646 983 2867 1053 ἄμεινον
2897 983 3076 1036 αὐτῶν
3109 983 3444 1053 πράττουσαι
3478 987 3777 1056 πανταχοῦ.

2200 1065 2387 1137 Πολλῷ
2431 1066 2541 1137 γὰρ
2593 1065 2799 1137 βέλτιον
2845 1066 2928 1119 ἐνὶ
2979 1066 3075 1119 καὶ
3119 1065 3357 1137 δευτέρῳ
3412 1064 3781 1122 συνάπτεσθαι

2198 1151 2382 1221 γάμῳ,
2417 1149 2705 1221 ἢτοιαῦτα
2750 1150 3113 1219 ἀσχημονεῖν,
3160 1147 3256 1203 καὶ
3293 1149 3634 1219 προαγωγῶν
3686 1153 3781 1205 καὶ

2203 1233 2531 1306 μαστροπῶν
2553 1232 2807 1286 ὑπόνοιαν
2832 1231 3130 1303 λαμϐάνειν
3162 1231 3316 1303 παρὰ
3344 1221 3529 1294 πᾶσιν,
3555 1233 3636 1287 ὅτι
3669 1233 3780 1289 τῶν

2184 1317 2372 1388 ἡδέων
2416 1317 2702 1370 ἀποστᾶσα
2746 1313 2841 1367 τοῦ
2883 1314 3065 1393 γάμου
3116 1316 3231 1378 τοῖς
3262 1316 3780 1393 φρτικοῖςλέαυτὴν

2200 1397 2493 1453 ὑποϐάλλει
2514 1397 2609 1452 τοῦ
2639 1398 2838 1469 γάμου.
2874 1390 2941 1449 Τί
2969 1397 3077 1470 γὰρ
3103 1396 3503 1470 φορτικώτερον
3539 1390 3572 1470 ἢ
3613 1398 3781 1470 ἄνδρα

2200 1483 2343 1553 ἔχειν
2383 1482 2475 1536 καὶ
2506 1481 2577 1535 τὰ
2621 1478 2830 1536 ἐκείνου
2873 1481 3178 1551 μεριμνᾷν;
3233 1476 3534 1550 ’Λπήλλαξέ
3582 1498 3641 1534 σε
3679 1480 3782 1552 τῆς

2200 1566 2494 1637 ἐπαχθείας
2523 1562 2728 1635 ταύτης
2748 1567 2777 1617 ό
2817 1562 2970 1626 Θεός·
3002 1562 3084 1623 τὸ,
3119 1562 3267 1631 Πρὸς
3306 1561 3413 1616 τὸν
3444 1562 3635 1634 ἄνδρα
3661 1577 3780 1618 σου

2201 1648 2241 1716 ἡ
2269 1648 2623 1718 ἀποστροφή
2648 1663 2785 1712 σου,
2809 1647 2907 1700 καὶ
2931 1646 3115 1713 αὑτός
3135 1661 3250 1700 σου
3281 1648 3604 1715 κυριεύσει,
3630 1647 3782 1700 λέλυ-

2198 1733 2289 1787 ταί
2327 1749 2410 1786 σοι
2446 1731 2534 1785 διὰ
2570 1730 2673 1802 τῆς
2717 1730 3047 1800 παρθενίας
3080 1729 3133 1782 τί
3163 1729 3325 1784 πάλιν
3353 1731 3652 1785 ἐπισπᾶσαι
3681 1732 3780 1801 τὴν

2200 1816 2479 1882 δουλείαν;
2536 1813 2855 1885 Ἐλευθέραν
2881 1829 2941 1866 σε
2984 1811 3240 1884 ἐποίησεν
3273 1813 3302 1866 ό
3326 1814 3580 1886 Χριστὸς,
3614 1814 3678 1867 σὺ
3723 1814 3782 1868 δὲ

2204 1902 2373 1971 σαυτῇ
2404 1899 2630 1971 ῥάπτεις
2668 1897 2991 1969 πράγματα·
3023 1895 3325 1968 ἀμέριμνόν
3352 1915 3411 1952 σε
3440 1897 3681 1969 ἐποίησε,
3715 1898 3779 1951 σὺ

2201 1984 2258 2037 δέ
2286 1985 2521 2045 ἐπινοεῖς
2545 1978 2832 2051 φροντίδας
2843 2019 2857 2032 .

2274 2066 2339 2120 θ’.
2370 2063 2529 2119 Ἀλλά
2557 2065 2663 2134 γὰρ
2686 2062 2874 2134 ἐπειδὴ
2896 2063 3165 2134 μερίμνης
3180 2060 3579 2133 ἐμνημόνευσα,
3598 2059 3786 2116 εὐκαί-

2205 2167 2314 2222 ρως
2385 2165 2451 2219 με
2506 2146 2681 2199 ταῦτα
2744 2145 2974 2215 λέγοντα
3039 2144 3256 2215 εἰσῆλθε
3314 2145 3374 2198 τὸ
3429 2142 3783 2199 ἀποστολικδν

2204 2234 2381 2286 ἐκεῖνο
2423 2230 2596 2302 ῥῆμα.
2645 2229 2708 2283 Εἰ
2731 2229 2839 2300 γάρ
2864 2228 2925 2281 τὸ
2954 2230 3221 2281 συνοικεῖν
3245 2227 3470 2300 ἀνδράσι
3495 2231 3780 2297 γυναῖκας,

2205 2316 2299 2371 καί
2340 2312 2584 2383 γυναιξὶν
2628 2312 2860 2383 ἄνδρας,
2895 2310 3052 2385 τοῦτο
3089 2310 3423 2381 ὑπετέμνετο
3474 2310 3778 2382 φροντίδας,

2204 2400 2304 2465 οῦκ
2345 2398 2412 2452 ἂν
2455 2397 2547 2450 ἐπὶ
2587 2395 2911 2468 ἐγκράτειαν
2961 2392 3291 2464 παρακαλῶν
3327 2395 3356 2447 ὁ
3389 2394 3600 2456 Παῦλος
3638 2390 3782 2458 εἷπε,

2208 2482 2371 2537 Θέλω
2390 2480 2459 2534 δὲ
2478 2478 2634 2551 ὑμᾶς
2656 2479 3017 2550 ἀμερίμνους
3036 2470 3189 2533 εἶναι
3207 2517 3222 2541 ,
3242 2473 3318 2541 ὡς
3340 2478 3433 2530 καὶ
3453 2477 3625 2551 ταύτῃ
3651 2493 3807 2547 προσ.

2206 2564 2422 2638 τρέπων
2464 2564 2634 2634 ἡμᾶς.
2673 2563 2738 2615 Τί
2768 2561 2881 2638 γάρ
2910 2560 3198 2632 βούλεσθε;
3241 2560 3425 2630 φησίνσ
3457 2560 3782 2625 ἀνάπαυσιν,

2206 2635 2301 2702 καὶ
2331 2646 2673 2718 ἐλευθερίαν;
2718 2635 2857 2700 Εἶτα
2899 2645 2997 2710 οὐχ
3024 2640 3188 2716 ὁρᾶτε
3218 2643 3280 2697 τὸ
3308 2643 3550 2696 ἐναντίον
3595 2642 3785 2696 ὲκϐαἰ·

2208 2748 2297 2784 νον
2320 2727 2369 2794 ἀ,
2401 2726 2650 2783 δουλείαν
2673 2727 2766 2781 καὶ
2793 2726 3025 2799 μόχθους
3050 2726 3145 2780 καὶ
3180 2725 3554 2797 ταλαιπωρίας
3586 2724 3785 2788 πολλὰς

2210 2814 2362 2886 [266]
2387 2812 2494 2866 ἀπὸ
2519 2811 2616 2866 τοῦ
2645 2814 2915 2866 συνοικεῖν
2943 2811 3191 2882 ἀνδράσι;
3212 2810 3408 2864 Πολλαὶ
3429 2810 3560 2880 γοῦν
3586 2809 3787 2863 πολλά⁴

2210 2916 2296 2962 κις
2324 2897 2698 2951 ἀποϐαλοῦσαι
2720 2895 2848 2959 τοὺς
2870 2894 3068 2965 ἄνδρας
3093 2894 3181 2947 διὰ
3205 2894 3362 2948 τοῦτο
3391 2894 3491 2948 οῦκ
3514 2893 3789 2965 ἐγήμαντο

2210 2980 2394 3046 πάλιν,
2430 2979 2518 3035 ἵνα
2547 2979 2622 3051 μὴ
2657 2978 2765 3032 ὑπὸ
2791 2976 2956 3046 ζυγὸν
2978 2977 3223 3042 δουλείας
3248 2977 3408 3032 πάλιν
3427 2971 3581 3031 ὦσιν.
3616 2977 3788 3041 Ὂλως

2209 3064 2268 3117 δὲ
2303 3064 2352 3116 εί
2396 3063 2558 3135 πενία
2604 3062 2794 3132 συζῇς,
2843 3061 2940 3114 καὶ¹
2981 3058 3315 3132 πανταχόθεν
3354 3061 3786 3132 ἀπροστάτευτος

2210 3144 2282 3211 εί,
2314 3145 2515 3219 ἀρετὴν
2546 3144 2810 3209 ἐπίδειξαι
2841 3143 2978 3216 βίου,
3010 3144 3106 3197 καὶ
3131 3142 3267 3213 πρὸς
3296 3141 3467 3214 ἀνδρα
3494 3142 3592 3212 μὲν
3622 3142 3789 3212 μηδὲν

2212 3230 2301 3301 έχε
2324 3229 2523 3294 κοινὸν,
2551 3228 2815 3300 ἀνάμιξον
2850 3228 2909 3282 δέ
2938 3228 3143 3299 σαυτὴν
3173 3226 3417 3295 γυναιξὶν
3441 3225 3791 3296 εὐσχημόνως

2214 3311 2586 3385 βεϐιωκυίαις,
2620 3312 2714 3365 καὶ
2746 3310 2868 3364 οὕτε
2903 3311 3125 3373 ἀπολεῖς
3155 3326 3248 3363 σου
3275 3308 3368 3361 τὸν
3393 3308 3671 3376 στέφανον,
3697 3309 3791 3360 καί⁵

2212 3395 2400 3459 ἁδείας
2437 3393 2771 3457 ἀπολαύσεις
2806 3394 3007 3464 πάσης.
3053 3393 3116 3445 Εἰ
3158 3391 3215 3445 δὲ
3253 3391 3610 3463 δυσπόριστον
3652 3386 3790 3443 εἶναι

2213 3476 2371 3532 τοῦτο
2405 3475 2667 3548 νομίζεις,
2701 3476 2937 3546 ζήτησον
2969 3475 3296 3537 σπουδαίως.
3317 3471 3411 3527 καὶ
3446 3473 3662 3536 πάντως
3705 3473 3792 3527 εὑ-

2219 3562 2438 3633 ρήσειςο
2485 3559 2686 3631 μᾶλλον
2705 3559 2763 3613 δὲ
2792 3559 2913 3613 οὐδὲ
2956 3557 3140 3630 ζητεῖν
3171 3556 3407 3628 ἀνάγκη.
3438 3556 3647 3628 ’Ὠσπερ
3682 3556 3794 3629 γὰρ

2213 3644 2292 3716 τῷ
2320 3644 2460 3714 φωτὶ
2484 3644 2896 3715 προστρέχομεν
2926 3640 3187 3706 ἅπαντες,
3230 3637 3404 3703 οὕτως
3424 3640 3518 3693 ἐὰν
3540 3638 3793 3710 λάμψωσί

2217 3744 2311 3780 σου
2340 3727 2438 3797 τῆς
2468 3726 2742 3789 πολιτείας
2776 3726 2834 3779 αἰ
2860 3725 3099 3787 ἀκτῖνες,
3138 3724 3312 3778 πᾶσαι
3347 3722 3790 3794 ἐπιδραμοῦνται,

2215 3811 2509 3880 ἀγαπῶσαι
2535 3811 2737 3879 ἑκάστη
2761 3808 3010 3863 διακόνου
3041 3825 3123 3863 σοι
3145 3808 3295 3872 τάξιν
3327 3808 3564 3879 ἐπέχειν,
3589 3808 3681 3862 καὶ
3696 3807 3795 3879 τῆς

2220 3893 2354 3958 ἰδίας
2389 3894 2569 3955 οἰκίας
2612 3892 2918 3962 ἀσφάλειάν
2952 3909 3011 3945 σε
3053 3893 3318 3963 ἡγήσεται
3353 3888 3517 3958 εἶναι,
3565 3893 3657 3946 καὶ
3710 3892 3797 3945 κό-

2219 3993 2353 4047 σμον
2385 3976 2478 4029 τοῦ
2515 3976 2631 4046 βίου
2649 4015 2664 4040 ,
2709 3976 2802 4029 καὶ
2827 3975 3090 4045 στέφανον
3115 3974 3213 4046 τῆς
3238 3974 3384 4045 ζωῆς
3419 3974 3559 4029 κατά
3583 3976 3671 4027 τὸν
3698 3974 3794 4027 τοῦ

2216 4057 2455 4131 Χριστοῦ
2511 4059 2684 4129 λόγον.
2712 4059 2952 4127 Ζητεῖτε
2972 4057 3102 4130 γὰρ,
3134 4058 3288 4129 φησί,
3323 4056 3440 4126 τὴν
3471 4058 3795 4123 ,ϐασιλείω-

2218 4140 2324 4197 τοῦ
2357 4142 2524 4206 Θεοῦ,
2554 4142 2649 4197 καί
2680 4142 2867 4196 ταῦτα
2902 4141 3100 4196 πάντα
3132 4140 3604 4209 προστεθήσεται
3631 4139 3791 4208 ὑμῖν.

2217 4225 2357 4280 Νυνὶ
2377 4225 2436 4279 δέ
2457 4226 2554 4279 καὶ
2578 4226 2672 4279 τοῦ
2698 4225 2808 4280 τῶν
2830 4224 3101 4297 βιωτικῶν
3123 4224 3411 4279 ἐκπίπτειν
3432 4225 3590 4295 ἡμεῖς
3608 4223 3793 4287 αἴτιοι,

2216 4309 2326 4364 τῶν
2352 4310 2621 4383 οὐρανίων
2646 4310 2975 4381 ἀμελοῦντες
2994 4310 3360 4383 πραγμάτων.
3393 4308 3640 4381 Ἦμᾶςδὲ
3668 4310 3795 4363 ὅταν

2219 4394 2381 4458 εἴπω,
2430 4394 2531 4447 οὐκ
2575 4394 2776 4465 ἄνδρας
2809 4394 2957 4463 λέγω
2992 4395 3172 4466 μόνον,
3221 4394 3357 4450 ἀλλὰ
3396 4396 3491 4450 καὶ
3515 4397 3677 4467 ὑμᾶς,
3704 4397 3797 4450 καὶ

2220 4476 2364 4548 ὑμᾶς
2408 4475 2669 4548 μᾶλλονῆ
2710 4477 2931 4549 ἀνδρας.
2985 4477 3142 4533 Ἐπεὶ
3169 4479 3264 4534 καὶ
3302 4477 3457 4551 παρὰ
3493 4480 3591 4551 τὴν
3624 4479 3795 4552 ἀρχὴν

2217 4560 2307 4614 διά
2337 4560 2495 4614 τοῦτο
2548 4560 2935 4632 χαλεπωτέραν
2990 4562 3206 4627 ἐδέξατο
3253 4562 3525 4635 τιμωρίαν
3561 4564 3595 4634 η
3638 4563 3792 4635 γυνὴ,

2223 4642 2407 4722 ἐπειδὴ
2446 4645 2542 4697 καὶ
2571 4644 2632 4697 τὸ
2664 4643 2826 4697 πλέον
2853 4644 2956 4715 τῆς
2993 4646 3211 4715 ἀπάτης
3237 4647 3553 4717 εἰσήνεγκε·
3587 4646 3665 4700 διὸ
3704 4648 3797 4700 καὶ

2218 4725 2317 4797 τὴν
2347 4727 2711 4796 ἀπατήσασαν
2728 4726 2823 4780 τοῦ
2852 4728 3228 4800 ἀπατηθέντος
3266 4729 3465 4800 μᾶλλον
3492 4728 3745 4783 ἐκόλασεν
3770 4731 3798 4782 ό

2220 4809 2399 4874 Θεός’,
2422 4810 2450 4862 ὃ
2489 4809 2585 4862 καὶ
2623 4810 2718 4864 νῦν
2752 4809 2926 4876 ἔσται,
2957 4812 3022 4865 ἂν
3050 4813 3126 4884 μὴ
3174 4812 3470 4884 βουληθῆτε
3503 4810 3798 4885 διορθώσα-

2223 4891 2385 4956 σθαι,
2427 4890 2687 4961 καὶπρὸς
2751 4892 2848 4965 τὴν
2893 4895 3100 4949 οἰκείαν
3138 4896 3456 4949 ἐπανελθεῖν
3498 4895 3797 4964 εὐγένειαν.

2221 4974 2321 5028 Διά
2370 4975 2479 5045 γάρ
2513 4992 2596 5028 τοι
2628 4974 2898 5030 τοῦτοκαὶ
2929 4979 2963 5049 ἡ
2986 4980 3121 5049 γυνὴ
3150 4980 3271 5033 τότε
3293 4978 3687 5049 ἐγκαλουμένη,
3719 4978 3799 5031 ὅτι

2222 5055 2299 5127 τῷ
2326 5057 2480 5130 ἀνδρὶ
2524 5058 2725 5113 ἔδωκεν
2757 5060 2822 5113 ἐκ
2855 5060 2948 5114 τοῦ
2988 5062 3224 5131 καρποῦ,
3258 5064 3359 5116 οὐκ
3398 5062 3697 5133 ἐτόλμησεν
3725 5064 3803 5113 εἰ-

2223 5144 2369 5205 πεῖν,
2403 5142 2486 5195 ὅτι
2514 5143 2679 5214 ἐχρῆν
2713 5145 2811 5213 μὲν
2843 5144 3007 5198 αὐτὸν
3032 5145 3200 5217 ἀνδρα
3222 5146 3352 5200 ὄντα
3384 5149 3458 5221 μὴ
3488 5149 3799 5218 πεισθῆναι.

2228 5224 2363 5295 μηδὲ
2406 5225 2779 5297 ἀπατηθῆναι,
2811 5227 2949 5280 ἀλλὰ
2977 5227 3181 5300 ταύτην
3225 5230 3323 5300 μὲν
3351 5231 3424 5294 ὡς
3453 5231 3602 5284 οὐδὲν
3639 5228 3806 5285 οὖσαν

2225 5308 2518 5376 ἀπολογίαν
2539 5308 2818 5380 ἐσίγησεν,
2848 5311 2932 5379 ἐφ’
2959 5311 3153 5383 ἑτέραν
3173 5311 3230 5365 δέ
3258 5308 3441 5383 ἦλθεν,
3479 5314 3676 5386 ἀσθενῆ
3706 5314 3804 5383 μὲν

2225 5392 2322 5444 καὶ
2370 5391 2563 5460 αὐτὴν.
2610 5391 2751 5462 πλὴν
2791 5392 2905 5446 ἀλλ’
2954 5394 3104 5465 ὅμως
3158 5395 3309 5467 παρὰ
3356 5396 3558 5466 ταύτην
3604 5399 3804 5468 μᾶλλον

2227 5472 2455 5543 ἔχουσαν
2484 5473 2663 5540 λόγον.
2691 5474 2856 5528 Ὅθεν
2880 5475 3061 5546 δῆλον,
3087 5477 3170 5531 ὅτι
3211 5479 3410 5549 μᾶλλον
3439 5483 3552 5543 τοῖς
3591 5483 3805 5551 ἠπατη-

2230 5556 2413 5628 μένοις
2438 5556 2615 5623 ἔξεστι
2638 5557 3039 5629 προϐάλλεσθαι
3072 5562 3199 5625 τοὺς
3232 5564 3573 5626 ἀπατεῶνας,
3603 5564 3635 5633 ἢ
3666 5565 3808 5617 ἐκεί-

2227 5656 2340 5703 νοις
2366 5640 2493 5704 τοὺς
2514 5640 2926 5711 ἠπατημένους.
2962 5642 3026 5696 Ἠ
3046 5642 3216 5716 πόρνη
3233 5646 3388 5699 καλεῖ
3415 5646 3505 5700 τὸν
3522 5646 3807 5719 ὑϐρίζοντα

2290 5799 2314 5828 θ
2349 5777 2500 5875 ξενὶἰ.
2524 5801 2573 5875 αἰ
2595 5790 2914 5875 γέγαμημέναι
2937 5801 3100 5858 αὐταῖς
3118 5800 3495 5875 ἐπαισχύνονται,
3508 5817 3537 5856 e
3555 5818 3651 5867 quo
3671 5822 3810 5870 γεγα-

2743 5960 2755 5981 ,
2778 5942 2949 5975 murel.
2977 5942 3212 5989 εμοαινον.
