4138 6416
364 381 470 439 529

365 501 696 563 prmtexens,
725 496 778 544 et
806 485 1012 542 ancillis
1054 498 1195 552 sazpe
1223 480 1423 537 tardius
1452 479 1650 550 paratis
1673 518 1687 542 ,
1717 485 1771 531 et
1811 475 1943 529 assi-

363 587 456 638 det
481 593 534 638 et
559 581 662 636 alia
683 587 832 634 curat
861 591 980 647 qua:
1005 574 1279 629 mulierem
1306 571 1625 642 quandoque
1666 567 1833 623 solam
1859 567 1944 620 vix

369 672 676 727 ministrare
711 669 790 724 fas
815 677 935 733 est;
966 681 1137 733 neque
1167 665 1328 734 pudet
1373 663 1549 726 illam,
1581 659 1676 715 sed
1717 657 1941 728 gloriam

369 771 519 834 putat
538 802 555 828 ,
605 775 778 830 neque
807 761 921 827 ipse
950 756 1250 819 erubescit,
1279 753 1374 808 sed
1422 751 1590 820 magis
1617 749 1845 820 gaudet,
1891 755 1944 800 et

371 862 518 906 tanto
542 851 708 920 magis
730 859 927 919 quanto
955 846 1231 901 fmdiorem
1261 843 1567 898 servitutem
1596 854 1704 909 prze
1733 853 1792 894 se
1818 837 1940 892 fert.

371 941 733 1012 ApOStolicum
764 938 895 992 illud
926 937 1143 990 verbum
1175 934 1314 1005 quod
1343 934 1499 996 dicit,
1539 932 1714 986 Gloria
1739 931 1790 983 in
1817 945 1937 981 con-

371 1033 570 1102 fusione
595 1033 817 1100 ipsorum
847 1027 1104 1099 (Philipp.
1137 1027 1189 1080 5.
1239 1025 1362 1096 19),
1397 1033 1519 1078 tunc
1547 1037 1606 1077 re
1648 1023 1764 1092 ipsa
1792 1035 1943 1076 tuon-

372 1131 588 1177 stratur.
639 1121 738 1176 Ubi
789 1128 964 1174 autem
1013 1127 1068 1171 et
1107 1117 1311 1171 ancill-.e
1360 1113 1725 1175 surrexerint,
1774 1112 1945 1179 major

373 1212 668 1282 turpitudo;
721 1226 842 1266 nam
873 1217 1136 1278 etaperto
1163 1207 1364 1275 capite,
1413 1213 1466 1260 et
1491 1219 1595 1259 una
1636 1203 1844 1267 tunica,
1892 1209 1946 1254 et

375 1305 529 1358 nudis
555 1302 800 1357 manibus
828 1309 1012 1370 utpote
1034 1299 1289 1364 turbatae,
1323 1305 1376 1350 et
1402 1297 1453 1350 in
1484 1303 1641 1350 nocte
1665 1302 1944 1363 surgentes

373 1397 675 1450 discurrunt
704 1393 794 1446 illo
834 1399 1128 1460 praesente,
1179 1389 1284 1441 imo
1315 1390 1368 1440 in
1415 1385 1592 1440 medio
1621 1390 1945 1438 versanteet

373 1486 528 1539 simul
572 1492 850 1548 currente,
880 1481 1057 1535 omnia
1085 1487 1344 1548 coguntur
1373 1475 1598 1545 implere
1628 1491 1640 1526 :
1669 1487 1776 1543 quo
1818 1471 1942 1541 quid

380 1576 492 1630 tieri
527 1574 694 1643 possit
719 1570 949 1626 foedius?
972 1569 1124 1637 Quod
1145 1569 1188 1622 si
1214 1577 1269 1622 et
1291 1567 1548 1621 obstetrix
1576 1564 1749 1629 adsit,
1774 1576 1944 1630 neque

373 1667 450 1719 sic
479 1661 676 1732 pudefit
697 1703 715 1728 ,
745 1661 840 1716 sed
865 1667 921 1714 et
946 1657 1064 1712 aliis
1090 1657 1384 1726 virginibus
1403 1653 1822 1724 ingredientibus
1844 1650 1946 1704 hoc

373 1754 472 1808 sibi
499 1754 788 1823 gloriosum
817 1751 1105 1804 existimat.
1140 1747 1313 1802 Unum
1342 1749 1485 1801 enim
1511 1744 1684 1799 solum
1715 1751 1940 1812 spectat,

261 1889 276 1900 ,
371 1842 639 1915 quomodo
661 1847 922 1894 monstret
936 1840 1210 1908 aegrotanti
1227 1854 1380 1893 suum
1403 1836 1777 1900 ministerium,
1794 1835 1945 1903 igno-

373 1949 497 1989 rans
535 1932 675 2002 quod
713 1947 818 2000 quo
841 1931 1007 2000 magis
1036 1930 1299 1994 ostendit,
1331 1944 1395 1983 eo
1422 1928 1588 1998 magis
1613 1940 1668 1981 et
1710 1927 1944 1993 seipsum

376 2037 429 2081 et
473 2027 613 2080 illam
645 2023 979 2078 dehonestat.
1011 2022 1077 2076 Et
1099 2020 1224 2090 quid
1271 2020 1500 2084 mirum,
1546 2018 1591 2072 si
1630 2023 1945 2087 praesentem

373 2133 479 2173 non
505 2114 818 2172 erubescat?
842 2113 994 2184 Smpe
1017 2114 1160 2168 enim
1181 2111 1367 2167 mediis
1388 2111 1633 2166 noctibus
1655 2109 1832 2163 vilium
1855 2122 1948 2160 an-

371 2208 612 2262 cillarum
639 2219 772 2276 epus
796 2204 1030 2260 facturus
1055 2204 1120 2258 ad
1165 2204 1330 2274 ipsam
1371 2203 1706 2258 obstetricem
1732 2213 1948 2255 currere

373 2316 480 2355 non
503 2310 770 2370 gravatur.
799 2297 1020 2366 Quando
1043 2306 1218 2351 autem
1245 2295 1422 2360 adest,
1456 2309 1596 2349 nunc
1616 2291 1828 2363 quidem
1869 2291 1951 2360 ip-

373 2407 489 2446 sum
529 2390 750 2459 ejiciunt
777 2389 861 2442 vel
891 2388 1113 2441 invitum
1138 2426 1154 2451 ,
1202 2386 1326 2440 licet
1347 2385 1499 2438 valde
1528 2383 1810 2451 impudens
1839 2381 1905 2434 sit
1929 2397 1944 2444 ;

375 2496 516 2534 nunc
540 2489 714 2534 autem
747 2477 1091 2547 permittunt,
1135 2485 1190 2530 ut
1216 2478 1405 2529 iterum
1436 2475 1763 2544 ingrediatur
1788 2481 1841 2527 et
1863 2487 1946 2526 as-

374 2573 544 2625 sideat
573 2588 584 2622 :
618 2570 856 2640 quamvis
883 2568 1134 2637 quidnam
1177 2567 1355 2621 facere
1388 2568 1647 2636 quispiam
1681 2565 1847 2634 possit
1875 2563 1941 2618 ad

377 2663 526 2717 illum
551 2661 752 2731 pudore
771 2658 1107 2713 afficiendum
1125 2699 1139 2724 ,
1162 2657 1381 2712 etiamsi
1411 2657 1571 2710 millia
1599 2663 1822 2709 conetur
1841 2696 1854 2720 ,
1883 2655 1949 2708 iis

377 2753 551 2808 simile
579 2766 695 2820 qua:
725 2751 839 2820 ipse
863 2751 962 2808 sibi
985 2747 1154 2803 facit?
1185 2747 1286 2803 Ubi
1311 2758 1487 2802 autem
1517 2747 1632 2801 dies
1658 2746 1864 2808 illuxit,
1897 2752 1949 2799 et

377 2858 630 2914 utrosque
655 2859 684 2899 e
713 2844 848 2897 lecto
889 2857 1104 2911 surgere
1133 2850 1377 2910 oportet,
1409 2840 1661 2894 custodia?
1687 2849 1740 2893 et
1766 2839 1948 2893 obser-

375 2939 612 2996 vationes
637 2943 759 2988 sunt
788 2951 802 2988 :
830 2947 1002 3002 neque
1029 2933 1170 2987 enim
1202 2931 1268 2986 ad
1313 2931 1629 2986 exteriorem
1655 2929 1950 2984 domuncu—

377 3028 482 3082 lam
529 3023 771 3095 progredi
815 3023 930 3077 sine
969 3022 1159 3077 timore
1189 3022 1357 3092 possit
1389 3039 1403 3074 :
1434 3035 1576 3088 saepe
1619 3029 1791 3074 autem
1821 3034 1948 3088 pro-

375 3129 554 3186 gressa
577 3156 591 3180 ,
620 3114 844 3168 fortasse
872 3121 924 3167 et
950 3113 1001 3166 in
1033 3112 1201 3166 virum
1229 3111 1425 3165 nudum
1471 3110 1673 3165 incidit.
1706 3109 1799 3164 llle
1822 3125 1948 3164 vero

377 3211 480 3262 hoc
518 3207 690 3276 ipsum
733 3204 1045 3272 suspicans,
1088 3202 1248 3256 modo
1282 3201 1334 3255 id
1362 3216 1584 3255 monens
1621 3200 1945 3269 ingreditur,

377 3299 535 3355 modo
565 3299 804 3352 incautus
831 3293 1244 3364 deprehenditur
1265 3333 1280 3359 ,
1311 3308 1373 3348 ac
1402 3294 1570 3347 multo
1613 3296 1721 3348 risu
1758 3292 1947 3360 dignus

376 3399 496 3454 est;
535 3387 668 3442 nihil
714 3387 854 3441 enim
900 3384 1125 3454 amplius
1180 3384 1358 3438 dicere
1393 3369 1550 3436 (volo.
1599 3382 1724 3436 Haec
1771 3392 1948 3436 autem

376 3479 616 3548 quamvis
643 3491 802 3546 parva
828 3516 842 3541 ,
872 3483 1047 3530 tamen
1071 3489 1274 3543 magna:
1304 3473 1536 3527 libidinis
1560 3471 1818 3526 carbones
1859 3487 1948 3525 ac-

377 3569 606 3624 cendere
633 3573 1040 3621 consueverunt.
1074 3563 1141 3618 Et
1166 3564 1280 3618 hzec
1305 3563 1520 3633 quidem
1547 3563 1690 3617 domi
1717 3603 1731 3626 ,
1764 3571 1814 3617 et
1835 3577 1948 3616 ma-

375 3661 488 3728 jora
516 3659 600 3712 his
629 3676 645 3712 :
673 3656 882 3727 quando
902 3665 1078 3711 autem
1101 3658 1153 3709 in
1182 3655 1451 3725 publicum
1482 3655 1633 3709 iverit
1659 3654 1944 3719 rediturus,

378 3752 568 3805 iterum
598 3749 767 3817 major
793 3746 1081 3816 turpitudo.
1116 3746 1172 3800 ln
1203 3746 1418 3800 domum
1454 3760 1603 3798 suam
1638 3746 1904 3812 ingressus
1929 3784 1944 3808 ,

376 3850 428 3894 et
457 3839 580 3893 dum
632 3854 735 3891 non
777 3839 982 3907 cogitur
1025 3837 1411 3907 praenuntiare,
1443 3833 1673 3888 inventis
1712 3834 1946 3891 mulieri-

377 3930 475 3985 bus
500 3929 854 3984 assidentibus
881 3929 1023 3981 illam
1047 3927 1342 3996 pudefacit,
1378 3936 1431 3980 et
1456 3926 1565 3993 ipsa
1595 3940 1735 3993 savpe
1761 3925 1829 3977 ita
1869 3924 1949 3976 af-

379 4024 554 4076 ficitur
573 4061 588 4086 ,
622 4030 878 4088 turpcque
907 4028 1087 4073 censet
1123 4018 1167 4070 si
1195 4018 1384 4071 mulier
1412 4016 1663 4070 mulieres
1693 4015 1948 4084 excipiat,

378 4123 429 4169 et
455 4114 542 4166 ille
570 4112 616 4166 si
639 4111 719 4164 vir
740 4110 879 4162 viros
911 4125 924 4160 :
959 4117 1195 4161 mutuum
1221 4119 1394 4161 autem
1421 4106 1821 4161 contubernium
1846 4122 1950 4160 non

378 4210 653 4266 recusant,
686 4207 873 4255 cavent
893 4207 1067 4251 autem
1115 4213 1182 4251 ne
1221 4212 1346 4250 suos
1375 4196 1697 4250 contribulcs
1727 4196 1952 4263 hospitio

378 4293 643 4363 excipiant
672 4308 685 4343 :
713 4304 819 4359 quo
866 4286 989 4358 quid
1016 4287 1250 4340 deterius
1274 4285 1386 4340 fieri
1417 4285 1617 4354 possit?
1641 4286 1846 4339 Accidit
1873 4286 1951 4338 iu-

379 4381 605 4445 terdum,
626 4389 678 4433 ut
698 4380 866 4448 ipsum
887 4375 1132 4430 mulieres
1153 4375 1419 4430 inveniant
1434 4373 1752 4428 assidentem
1772 4375 1951 4443 agglo-

378 4471 602 4526 moranti
635 4472 715 4524 vel
736 4468 908 4522 colum
942 4467 1160 4520 tenenti.
1185 4465 1321 4532 Quid
1352 4479 1485 4533 Opus
1510 4475 1592 4519 est
1629 4465 1809 4519 dicere
1833 4465 1952 4534 jur-

375 4564 458 4630 gia
485 4568 540 4615 et
565 4559 896 4628 quotidiauas
921 4557 1072 4636 lites?
1097 4556 1230 4610 Nam
1257 4557 1414 4610 etiam
1445 4555 1490 4608 si
1529 4555 1694 4609 multa
1721 4555 1952 4609 amicitia

376 4653 465 4715 sit,
499 4651 850 4720 haec'quoque
879 4649 1186 4720 contingere
1211 4657 1292 4703 est
1316 4647 1623 4702 verisimile.
1647 4648 1834 4702 Audivi
1855 4662 1952 4700 an-

379 4753 484 4796 tem
511 4751 563 4795 et
587 4741 653 4795 de
681 4741 940 4809 aliquibus
969 4741 1108 4809 quod
1138 4740 1362 4810 zclolypi
1405 4747 1547 4794 sunt.
1568 4739 1699 4794 Nam
1731 4739 1816 4793 ubi
1846 4753 1951 4792 non

379 4841 463 4886 est
489 4833 702 4886 dilectio
728 4832 1014 4901 spiritualis
1038 4871 1052 4896 ,
1085 4841 1140 4885 et
1167 4831 1269 4885 hoc
1293 4845 1510 4888 necesse
1539 4840 1622 4886 est
1649 4831 1763 4886 fieri
1793 4849 1804 4883 :
1830 4829 1953 4884 inde

378 4933 434 4978 ct
486 4923 620 4978 varii
669 4938 856 4988 casus,
909 4921 1034 4976 inde
1087 4921 1497 4989 eorruptiones,
1549 4924 1672 4978 inde
1721 4925 1952 4994 virgines

378 5017 672 5072 redduntur
696 5016 1032 5086 impudentes
1051 5024 1103 5070 et
1126 5014 1442 5081 illiberales;
1466 5016 1562 5069 etsi
1599 5032 1822 5087 corpore
1848 5033 1953 5071 non

378 5115 817 5176 corrumpantur,
865 5107 1099 5162 moribus
1143 5115 1338 5160 tamen.
1369 5105 1592 5172 Quando
1629 5109 1768 5162 enim
1798 5109 1956 5164 discit

381 5197 547 5252 libere
575 5197 714 5267 loqui
754 5197 868 5251 viro
891 5237 906 5259 ,
937 5197 1217 5251 considere
1241 5236 1255 5260 ,
1299 5195 1350 5249 in
1390 5211 1509 5251 eum
1540 5197 1768 5263 obtueri,
1799 5208 1853 5252 et
1882 5201 1953 5254 rio

382 5290 529 5354 dere,
559 5299 612 5344 et
635 5288 801 5344 multa
829 5287 931 5341 alia
961 5286 1098 5342 foeda
1127 5302 1312 5357 agere,
1339 5302 1514 5356 neque
1544 5287 1645 5342 hoc
1672 5305 1830 5359 grave
1859 5291 1954 5344 ali-

379 5380 503 5449 quid
535 5393 655 5434 esse
698 5388 884 5449 putat,
939 5379 1138 5434 tollitur
1179 5379 1492 5452 virginitatis
1535 5380 1743 5447 velum,
1776 5390 1829 5435 et
1855 5382 1954 5438 llos

382 5469 740 5523 conculcatur.
789 5469 917 5524 lude
946 5484 1075 5524 vero
1118 5469 1249 5523 nihil
1296 5484 1455 5538 agere
1499 5470 1774 5535 dubitant,
1822 5473 1951 5527 nihil

380 5557 732 5626 deprecantur
753 5598 768 5624 ,
796 5557 889 5612 sed
920 5569 973 5613 et
997 5557 1332 5612 internuntiae
1376 5561 1678 5628 nuptiarum
1709 5561 1872 5626 fiunt,
1900 5570 1955 5617 et

383 5648 699 5704 iustitoriam
748 5649 972 5702 aliorum
1013 5648 1342 5718 negotiorum
1376 5649 1610 5717 obeunt,
1655 5651 1954 5724 multasque

380 5741 615 5797 volentes
641 5756 762 5798 esse
786 5739 972 5795 viduas
1003 5741 1285 5810 prohibent
1308 5782 1324 5810 ,
1367 5751 1613 5813 putantes
1649 5761 1708 5803 se
1733 5761 1951 5804 suorum

705 5840 974 5899 ΡΑτιιοι.
1025 5839 1141 5901 Gn.
1191 5842 1439 5905 XLVII.

894 369 1079 443 QUOD
1115 367 1526 427 REGULARES
1562 364 1841 422 FEMINIE
1872 363 2051 420 VlRlS
2084 362 2518 419 COHABITARE
2549 364 2682 421 NON
2722 367 3058 422 DEBEANT.

3518 372 3622 428 530

2051 474 2311 527 malorum
2349 473 2710 530 defensionem
2756 478 3021 533 invenisse
3047 497 3060 535 :
3091 480 3212 536 inde
3241 484 3486 539 omnibus
3535 484 3626 538 de-

2054 564 2334 633 spicabiles
2355 573 2495 630 sunt,
2518 566 2640 620 inde
2665 576 2720 622 et
2745 579 2918 637 nuptae
2942 572 3171 639 ipsarum
3188 587 3346 628 causa
3373 590 3475 629 non
3505 591 3627 630 eru-

2051 654 2308 718 bescunt,
2342 664 2522 724 utpote
2565 657 2618 710 in
2665 659 2908 715 omnibus
2945 662 3134 716 melius
3177 673 3414 733 agentes.
3463 665 3626 719 Multo

2051 745 2193 800 enim
2219 745 2411 799 melius
2437 762 2596 800 unttm
2622 757 2676 802 et
2695 749 2916 804 alterum
2955 751 3090 807 inire
3113 756 3439 825 cenjugium,
3473 773 3624 828 quam

2053 835 2167 891 hare
2188 833 2325 893 {inda
2353 853 2529 907 agerc,
2549 847 2603 894 et
2627 839 2875 894 lenonum
2901 845 3256 912 suspicionem
3282 848 3420 917 apud
3441 859 3624 903 omnes

2051 930 2231 986 subire
2255 972 2268 997 ,
2301 932 2441 1000 quod
2472 947 2500 984 τι
2549 934 2810 989 suavitate
2851 937 3152 1006 nuptiarum
3191 953 3250 994 se
3279 941 3621 1002 abstrahant.

2051 1029 2104 1074 et
2129 1023 2377 1076 oneribus
2407 1023 2706 1092 nuptiarum
2734 1039 2792 1079 se
2820 1025 3068 1082 subdant.
3100 1028 3234 1096 Quid
3263 1029 3404 1085 enim
3431 1045 3611 1086 onero

2051 1113 2161 1164 sius
2191 1127 2344 1179 quam
2377 1113 2542 1166 virum
2569 1113 2766 1170 habere
2791 1158 2802 1175 ,
2823 1125 2874 1171 et
2897 1117 3174 1172 sollicitam
3196 1134 3315 1175 esse
3337 1121 3402 1175 de
3424 1120 3490 1174 iis
3509 1137 3629 1190 qua:

2051 1203 2192 1256 illius
2239 1204 2399 1258 sunt?
2448 1205 2764 1261 Exoneravit
2808 1217 2858 1261 te
2906 1209 2972 1263 ab
3003 1209 3100 1264 hac
3145 1213 3385 1266 molestia
3431 1214 3569 1268 Deus
3607 1232 3620 1244 ο

2049 1295 2130 1347 Ad
2163 1293 2322 1347 virum
2347 1302 2487 1348 tuum
2514 1299 2772 1352 conversio
2805 1309 2920 1366 tua,
2953 1311 3000 1355 et
3042 1303 3149 1373 ipse
3178 1304 3250 1355 tui
3291 1304 3632 1358 dominabitur

2055 1381 2203 1454 (Gen.
2227 1385 2282 1439 ὅ.
2306 1382 2432 1454 l6),
2456 1386 2627 1440 soluta
2657 1403 2716 1442 es
2741 1404 2834 1456 per
2853 1391 3211 1460 virginitatem
3243 1412 3255 1448 :
3286 1394 3411 1464 quid
3441 1397 3628 1450 iterum

2054 1484 2104 1529 le
2131 1476 2372 1529 servituti
2405 1477 2660 1545 subjicis?
2688 1478 2935 1535 Liberam
2985 1492 3036 1537 te
3064 1483 3237 1539 effecit
3264 1485 3508 1541 Christus
3527 1529 3542 1554 ,
3576 1497 3631 1542 tu

2051 1575 2227 1618 autem
2257 1565 2348 1619 tibi
2379 1567 2477 1635 ipsi
2505 1569 2676 1622 nectis
2717 1571 2926 1640 negotia
2961 1589 2975 1625 :
3001 1573 3071 1627 ab
3092 1576 3239 1630 omni
3269 1577 3632 1634 sollicitudine

2052 1654 2271 1708 liberam
2302 1663 2353 1710 te
2376 1657 2527 1722 fecit,
2563 1667 2617 1713 tu
2637 1668 2813 1714 autem
2839 1676 2995 1716 curas
3016 1666 3307 1735 excogitas.

2122 1747 2172 1800 9.
2203 1745 2304 1800 Sed
2337 1749 2584 1817 quoniam
2611 1751 2979 1808 sollicitudinis
3008 1758 3209 1810 mentio
3249 1758 3462 1824 incidit,
3494 1767 3631 1815 tem-

2051 1840 2253 1908 pestive
2290 1837 2405 1893 haae
2430 1839 2624 1895 dicenti
2651 1845 2910 1898 succurrit
2944 1848 3290 1915 apostolicum
3320 1849 3466 1904 illud.
3499 1850 3630 1904 Nam

2051 1929 2094 1982 si
2120 1929 2423 1985 cohabitare
2451 1932 2577 1985 viris
2603 1934 2851 1989 mulieres
2891 1944 2944 1989 et
2973 1938 3281 1992 mulieribus
3309 1940 3450 1994 viros
3477 1953 3632 1996 curas

2052 2020 2292 2085 tolleret,
2347 2023 2411 2075 ad
2461 2025 2836 2079 centiucntiam
2892 2027 3223 2084 adhortando
3273 2030 3468 2085 Paulus
3527 2048 3632 2087 non

2051 2109 2272 2165 dixisset
2306 2130 2317 2164 :
2359 2111 2483 2166 Volo
2501 2123 2664 2167 autem
2691 2131 2775 2169 vos
2794 2116 2903 2171 sine
2924 2119 3262 2172 sollicitudine
3291 2137 3398 2174 esse
3417 2121 3492 2194 (1.
3511 2120 3630 2176 Cor.

2053 2201 2105 2254 7.
2130 2200 2242 2270 52).
2277 2212 2331 2255 ιιι
2373 2210 2427 2255 et
2468 2202 2567 2258 hac
2593 2205 2797 2259 ratione
2839 2221 2936 2260 nos
2961 2208 3291 2264 admoueret.
3321 2208 3455 2277 Quid
3493 2213 3633 2267 enim

2054 2291 2252 2344 vultis?
2275 2291 2378 2344 ait:
2397 2292 2638 2357 Quietem
2657 2306 2708 2349 et
2735 2297 3029 2351 libertatem
3050 2298 3072 2349 ?
3103 2299 3298 2353 Deinde
3319 2316 3424 2353 non
3445 2301 3634 2356 videtis

2051 2381 2373 2433 contrarium
2405 2385 2640 2449 evenire,
2663 2386 2970 2440 servitutem
2994 2395 3047 2441 et
3071 2389 3282 2444 labores
3307 2399 3359 2444 et
3392 2392 3634 2446 miserias

2051 2472 2264 2537 multas,
2311 2471 2436 2525 dum
2484 2474 2614 2528 viris
2659 2473 3035 2531 cohabitatur?
3075 2477 3253 2532 Multa:
3287 2473 3454 2547 igitur
3485 2495 3634 2551 saepe

2052 2561 2263 2614 amissis
2291 2561 2415 2614 viris
2441 2563 2509 2617 ob
2537 2562 2638 2618 hoc
2681 2581 2786 2618 non
2814 2566 3003 2620 iterum
3035 2568 3256 2632 nubun’t,
3290 2585 3356 2623 ne
3385 2570 3485 2624 sub
3506 2571 3633 2642 jugo

2052 2651 2321 2706 servitutis
2343 2651 2531 2705 iterum
2559 2653 2685 2708 sint.
2717 2655 2940 2709 Prorsus
2963 2668 3138 2711 autem
3168 2659 3212 2712 si
3244 2660 3294 2712 in
3324 2671 3634 2729 paupertate

2054 2745 2190 2798 vivis
2220 2753 2273 2798 et
2293 2744 2434 2798 omni
2463 2746 2754 2811 patrocinio
2779 2761 2950 2814 cares,
2975 2747 3220 2803 virtutem
3248 2751 3366 2804 vita:
3389 2751 3629 2820 ostende,

2053 2843 2106 2889 et
2127 2835 2377 2888 cumviro
2404 2834 2534 2888 nihil
2565 2834 2700 2890 habe
2731 2851 3011 2892 commune
3037 2855 3049 2889 :
3077 2841 3337 2909 conjuuge
3364 2848 3415 2895 te
3439 2842 3630 2895 mulie-

2053 2925 2198 2979 ribus
2225 2940 2342 2993 qua:
2371 2925 2594 2980 honeste
2623 2927 2884 2990 vixerunt,
2915 2939 2968 2983 et
2993 2945 3162 2998 neque
3194 2941 3334 2985 tuam
3381 2947 3630 2987 coronam

2052 3014 2347 3083 disperdes,
2376 3024 2429 3068 et
2463 3016 2607 3068 omni
2639 3016 2923 3083 perfrueris
2948 3021 3250 3076 securitate.
3279 3021 3428 3088 Quod
3458 3023 3504 3077 si
3534 3022 3632 3078 hoc

2054 3105 2273 3159 difficile
2299 3119 2420 3159 esse
2446 3115 2617 3173 putas,
2645 3121 2825 3174 qumre
2845 3107 3142 3176 diligenter,
3167 3119 3220 3162 et
3245 3112 3462 3165 omnino
3490 3113 3634 3166 inve-

2055 3195 2204 3259 nies;
2233 3195 2340 3248 imo
2383 3209 2487 3249 non
2526 3195 2880 3250 necessarium
2924 3209 3006 3250 est
3047 3208 3308 3266 quaerere.
3338 3199 3468 3255 Nam
3499 3203 3634 3258 sicut

2053 3283 2117 3337 ad
2145 3283 2314 3338 lucem
2347 3284 2674 3339 occurrimus
2700 3300 2904 3350 omnes,
2931 3288 3028 3353 sic,
3061 3290 3106 3343 si
3136 3289 3472 3360 refulgebunt
3500 3293 3632 3348 radii

2054 3373 2174 3426 vitae
2221 3383 2344 3437 ture,
2377 3369 2564 3428 omnes
2592 3386 2874 3430 accurrent
2904 3385 2955 3430 te
2983 3377 3278 3447 diligentes,
3309 3398 3636 3453 unaquazquo

2052 3465 2146 3520 tibi
2177 3481 2394 3520 munere
2440 3465 2748 3536 fungeretur
2798 3469 3073 3535 ministrm,
3103 3480 3156 3525 et
3201 3481 3252 3527 te
3293 3473 3478 3528 domus
3521 3490 3635 3531 suze

2052 3558 2391 3612 securitatem
2433 3558 2634 3626 putabit
2677 3572 2814 3625 esse,
2863 3569 2918 3614 et
2943 3570 3187 3615 ornatum
3217 3561 3337 3617 vitae
3379 3573 3434 3618 et
3477 3581 3635 3618 coro-

2053 3666 2176 3704 nam
2238 3650 2528 3703 secundum
2581 3664 2882 3704 sermonem
2923 3648 3138 3706 Christi.
3187 3654 3408 3718 Quterite
3450 3657 3632 3722 enim,

2053 3741 2145 3803 ait,
2179 3756 2386 3808 regnum
2413 3739 2528 3804 Dei,
2551 3749 2597 3794 et
2617 3740 2724 3793 Itan:
2753 3741 2922 3793 omnia
2947 3742 3249 3811 adjicienlur
3268 3743 3401 3796 vobis
3419 3744 3632 3812 (Matth.

2054 3829 2107 3884 6.
2139 3829 2250 3899 55).
2279 3829 2429 3883 Nunc
2456 3839 2633 3884 autem
2661 3839 2714 3884 et
2739 3847 2836 3884 nos
2857 3841 3105 3887 auctores
3131 3849 3334 3899 sumus,
3366 3845 3423 3889 ut
3448 3851 3509 3890 ex
3537 3835 3636 3891 hac

2056 3921 2294 3974 saeculari
2340 3920 2592 3975 felicitate
2636 3921 2940 3977 excidamus
2968 3923 3107 3992 quod
3136 3925 3366 3978 caelestia
3399 3927 3634 3996 negliga-

2055 4028 2194 4066 mus.
2223 4011 2330 4066 Nos
2359 4021 2533 4065 autem
2564 4012 2774 4081 quando
2800 4014 2940 4079 dico,
2974 4029 3077 4066 non
3105 4015 3247 4068 viros
3277 4016 3448 4070 Solum
3493 4017 3631 4081 dico,

2056 4109 2149 4161 sed
2179 4116 2231 4159 et
2276 4120 2386 4168 vos,
2422 4115 2475 4159 et
2517 4121 2610 4158 vos
2652 4106 2819 4174 magis
2863 4120 3020 4173 quam
3070 4106 3232 4160 viros.
3283 4109 3540 4174 Quoniam
3571 4110 3637 4164 ab

2055 4199 2204 4252 initio
2230 4196 2298 4251 ob
2329 4197 2427 4248 hoc
2470 4195 2764 4265 graviorem
2795 4210 3004 4263 poenam
3033 4197 3237 4264 accepit
3265 4198 3450 4251 mulier
3471 4239 3485 4264 ,
3514 4199 3632 4268 quia

2057 4287 2385 4356 deceptionis
2429 4285 2596 4354 major
2632 4299 2791 4339 causa
2837 4283 2956 4351 fuit,
3005 4296 3220 4354 propter
3260 4287 3358 4340 hoc
3399 4297 3452 4341 et
3495 4288 3638 4341 deci-

2058 4380 2286 4449 pienlem
2335 4377 2502 4446 magis
2529 4390 2686 4445 quam
2713 4376 2991 4442 deceptum
3039 4375 3245 4444 punivit
3290 4377 3426 4430 Deus
3455 4394 3468 4429 :
3496 4377 3635 4445 quod

2056 4481 2110 4523 et
2140 4483 2279 4523 nunc
2298 4469 2416 4530 erit,
2448 4468 2490 4520 si
2514 4481 2618 4535 non
2648 4465 2916 4520 volueritis
2943 4465 3154 4533 corrigi,
3180 4476 3232 4519 et
3262 4466 3325 4519 ad
3372 4468 3634 4535 propriam

2056 4561 2228 4615 redire
2278 4559 2621 4612 nobilitatem.
2655 4557 2877 4625 Propter
2902 4555 3004 4609 hoc
3047 4555 3187 4608 enim
3216 4565 3269 4609 et
3297 4555 3486 4609 mulier
3515 4565 3638 4610 tunc

2057 4651 2378 4721 reprehensa
2407 4649 2554 4721 (Gen.
2599 4647 2678 4720 5),
2706 4647 2846 4718 quod
2892 4661 3019 4701 vero
3045 4646 3279 4701 dedisset
3321 4647 3386 4702 de
3425 4648 3592 4702 fructu
3619 4689 3634 4713 ,

2058 4759 2162 4798 non
2205 4741 2432 4813 audebat
2472 4738 2650 4794 dicere
2695 4738 3014 4806 Oportuisse,
3060 4752 3182 4790 cum
3216 4737 3297 4790 vir
3325 4745 3488 4801 esset,
3531 4753 3635 4792 non

2059 4833 2365 4905 persuaderi
2417 4846 2586 4901 neque
2633 4828 2826 4898 decipi,
2875 4827 2969 4882 sed
3017 4830 3153 4880 hanc
3197 4827 3409 4897 quidem
3455 4837 3637 4897 utpote

2059 4926 2297 4994 frigidam
2344 4922 2706 4978 defensionem
2746 4918 2928 4984 tacuit,
2979 4918 3044 4971 ad
3087 4919 3243 4972 aliam
3289 4928 3463 4972 autem
3495 4921 3640 4973 venit

2059 5019 2320 5072 infirmam
2351 5013 2561 5084 quidem
2589 5020 2644 5065 et
2669 5010 2859 5087 ipsam,
2889 5017 3119 5061 attamen
3153 5009 3267 5076 plus
3311 5007 3407 5062 hac
3435 5009 3636 5062 haben-

2059 5121 2163 5165 tem
2207 5107 2446 5162 rationis.
2496 5101 2644 5159 Unde
2687 5101 2859 5170 palam
2891 5107 2974 5155 est
3009 5099 3175 5167 magis
3204 5099 3365 5153 licere
3401 5098 3636 5167 deceptis

2054 5202 2110 5273 in
2141 5199 2452 5268 deceptores
2478 5195 2688 5265 culpam
2730 5191 2972 5261 rejicere,
3003 5205 3161 5260 quam
3187 5189 3556 5259 deceptoribus
3586 5189 3632 5243 iu

2058 5291 2329 5360 deceptos.
2359 5287 2606 5342 Seortum
2635 5283 2862 5337 accersit
2884 5296 3004 5336 eum
3033 5279 3122 5348 qui
3167 5279 3485 5333 contumelia
3513 5294 3631 5333 cor--

2059 5397 2158 5452 pus
2186 5395 2336 5436 suum
2383 5375 2564 5439 afficit,
2610 5381 2665 5430 et
2705 5381 2986 5444 postquam
3024 5384 3142 5422 cum
3189 5369 3279 5423 illo
3322 5368 3623 5428 dormierit.

2059 5471 2248 5535 iterum
2279 5465 2526 5531 dimittit;
2557 5473 2611 5519 tu
2636 5471 2812 5518 autem
2839 5460 2924 5515 ubi
2950 5458 3158 5514 vocaris
3183 5474 3304 5513 eum
3330 5457 3419 5527 qui
3447 5458 3634 5527 injuria

2059 5562 2219 5615 afficit
2242 5569 2297 5616 et
2325 5558 2616 5628 corrumpit
2639 5554 2869 5609 animam
2911 5560 3076 5614 tuam,
3107 5564 3319 5618 semper
3343 5549 3514 5617 ipsum
3554 5549 3630 5603 in-

2059 5653 2266 5717 cludis,
2314 5659 2370 5707 et
2417 5665 2525 5704 non
2572 5643 2848 5718 permittis‘
2879 5643 3046 5709 exire,
3099 5641 3413 5710 vinculaque
3457 5640 3633 5710 gravia

2062 5743 2234 5813 injicis
2280 5740 2599 5807 adulatione,
2630 5750 2756 5792 cura
2786 5742 2839 5791 et
2883 5732 3002 5789 aliis
3031 5730 3278 5802 operibus
3321 5739 3375 5785 et
3405 5739 3553 5799 putas
3585 5736 3636 5784 te

3213 5832 3287 5892 81
