  <div class='ocr_page' id='page_1' title='image "/cluster/home/n/w/nwhite01/storage/ocr_20150623/47:no.1:pt.1/coo.31924054869460/495.png"; bbox 0 0 4138 6312; ppageno 0'>
   <div class='ocr_carea' id='block_1_1' title="bbox 493 135 566 186">
    <p class='ocr_par' dir='ltr' id='par_1_1' title="bbox 493 135 566 186">
     <span class='ocr_line' id='line_1_1' title="bbox 493 135 566 186; baseline 0 -48"><span class='ocrx_word' id='word_1_1' title='bbox 493 143 529 186; x_wconf 39' lang='grc' dir='ltr'><strong>γ’</strong></span> <span class='ocrx_word' id='word_1_2' title='bbox 563 135 566 138; x_wconf 83' lang='lat'><strong><em>.</em></strong></span> 
     </span>
    </p>
   </div>
   <div class='ocr_carea' id='block_1_2' title="bbox 534 279 632 334">
    <p class='ocr_par' dir='ltr' id='par_1_2' title="bbox 534 279 632 334">
     <span class='ocr_line' id='line_1_2' title="bbox 534 279 632 334; baseline 0 0"><span class='ocrx_word' id='word_1_3' title='bbox 534 279 632 334; x_wconf 73' lang='lat'><strong>53!</strong></span> 
     </span>
    </p>
   </div>
   <div class='ocr_carea' id='block_1_3' title="bbox 531 389 2124 465">
    <p class='ocr_par' dir='ltr' id='par_1_3' title="bbox 531 389 2124 465">
     <span class='ocr_line' id='line_1_3' title="bbox 531 389 2124 465; baseline 0.003 -20"><span class='ocrx_word' id='word_1_4' title='bbox 531 390 819 460; x_wconf 79' lang='lat' dir='ltr'><strong>gloriﬁcari</strong></span> <span class='ocrx_word' id='word_1_5' title='bbox 864 403 986 446; x_wconf 90' lang='lat' dir='ltr'><strong>cum</strong></span> <span class='ocrx_word' id='word_1_6' title='bbox 1032 389 1254 460; x_wconf 83' lang='lat' dir='ltr'><strong>teipsam</strong></span> <span class='ocrx_word' id='word_1_7' title='bbox 1299 390 1370 444; x_wconf 89' lang='lat' dir='ltr'><strong>ita</strong></span> <span class='ocrx_word' id='word_1_8' title='bbox 1415 391 1733 452; x_wconf 80' lang='lat' dir='ltr'><strong>confundis?</strong></span> <span class='ocrx_word' id='word_1_9' title='bbox 1762 393 1875 449; x_wconf 85' lang='lat' dir='ltr'><strong>Non</strong></span> <span class='ocrx_word' id='word_1_10' title='bbox 1924 395 2124 465; x_wconf 88' lang='lat' dir='ltr'><strong>cogitas</strong></span> 
     </span>
    </p>
   </div>
   <div class='ocr_carea' id='block_1_4' title="bbox 531 482 2123 554">
    <p class='ocr_par' dir='ltr' id='par_1_4' title="bbox 531 482 2123 554">
     <span class='ocr_line' id='line_1_4' title="bbox 531 482 2123 554; baseline 0.001 -16"><span class='ocrx_word' id='word_1_11' title='bbox 531 493 612 549; x_wconf 92' lang='lat' dir='ltr'><strong>tu,</strong></span> <span class='ocrx_word' id='word_1_12' title='bbox 641 482 725 539; x_wconf 89' lang='lat' dir='ltr'><strong>dic</strong></span> <span class='ocrx_word' id='word_1_13' title='bbox 750 483 903 549; x_wconf 88' lang='lat' dir='ltr'><strong>mihi,</strong></span> <span class='ocrx_word' id='word_1_14' title='bbox 945 493 1262 552; x_wconf 70' lang='lat' dir='ltr'><strong>prmsentem</strong></span> <span class='ocrx_word' id='word_1_15' title='bbox 1302 483 1484 551; x_wconf 88' lang='lat' dir='ltr'><strong>vitam,</strong></span> <span class='ocrx_word' id='word_1_16' title='bbox 1514 499 1672 554; x_wconf 88' lang='lat' dir='ltr'><strong>quam</strong></span> <span class='ocrx_word' id='word_1_17' title='bbox 1716 485 1914 550; x_wconf 78' lang='lat' dir='ltr'><strong>brevis,</strong></span> <span class='ocrx_word' id='word_1_18' title='bbox 1944 498 2001 540; x_wconf 91' lang='lat' dir='ltr'><strong>ut</strong></span> <span class='ocrx_word' id='word_1_19' title='bbox 2037 501 2123 540; x_wconf 82' lang='lat' dir='ltr'><strong>so-</strong></span> 
     </span>
    </p>
   </div>
   <div class='ocr_carea' id='block_1_5' title="bbox 528 575 2123 643">
    <p class='ocr_par' dir='ltr' id='par_1_5' title="bbox 528 575 2123 643">
     <span class='ocr_line' id='line_1_5' title="bbox 528 575 2123 643; baseline 0 -12"><span class='ocrx_word' id='word_1_20' title='bbox 528 578 689 632; x_wconf 89' lang='lat' dir='ltr'><strong>mniis</strong></span> <span class='ocrx_word' id='word_1_21' title='bbox 715 577 1060 643; x_wconf 87' lang='lat' dir='ltr'><strong>assimiletur,</strong></span> <span class='ocrx_word' id='word_1_22' title='bbox 1089 585 1142 630; x_wconf 86' lang='lat' dir='ltr'><strong>et</strong></span> <span class='ocrx_word' id='word_1_23' title='bbox 1184 575 1418 631; x_wconf 80' lang='lat' dir='ltr'><strong>ﬂosculis</strong></span> <span class='ocrx_word' id='word_1_24' title='bbox 1443 578 1918 640; x_wconf 88' lang='lat' dir='ltr'><strong>marcescentibus,</strong></span> <span class='ocrx_word' id='word_1_25' title='bbox 1941 587 2123 632; x_wconf 80' lang='lat' dir='ltr'><strong>etum-</strong></span> 
     </span>
    </p>
   </div>
   <div class='ocr_carea' id='block_1_6' title="bbox 528 667 2121 738">
    <p class='ocr_par' dir='ltr' id='par_1_6' title="bbox 528 667 2121 738">
     <span class='ocr_line' id='line_1_6' title="bbox 528 667 2121 738; baseline -0.001 -16"><span class='ocrx_word' id='word_1_26' title='bbox 528 668 639 723; x_wconf 71' lang='lat' dir='ltr'><strong>bra:</strong></span> <span class='ocrx_word' id='word_1_27' title='bbox 668 668 1054 738; x_wconf 62' lang='lat' dir='ltr'><strong>praetereunti?</strong></span> <span class='ocrx_word' id='word_1_28' title='bbox 1085 668 1191 723; x_wconf 84' lang='lat' dir='ltr'><strong>Cur</strong></span> <span class='ocrx_word' id='word_1_29' title='bbox 1216 669 1298 722; x_wconf 90' lang='lat' dir='ltr'><strong>vis</strong></span> <span class='ocrx_word' id='word_1_30' title='bbox 1342 667 1578 722; x_wconf 91' lang='lat' dir='ltr'><strong>deliciari</strong></span> <span class='ocrx_word' id='word_1_31' title='bbox 1609 682 1752 724; x_wconf 91' lang='lat' dir='ltr'><strong>nunc</strong></span> <span class='ocrx_word' id='word_1_32' title='bbox 1777 670 1828 720; x_wconf 93' lang='lat' dir='ltr'><strong>ln</strong></span> <span class='ocrx_word' id='word_1_33' title='bbox 1868 668 2076 721; x_wconf 90' lang='lat' dir='ltr'><strong>somnio</strong></span> <span class='ocrx_word' id='word_1_34' title='bbox 2101 707 2121 736; x_wconf 91' lang='lat'><strong>,</strong></span> 
     </span>
    </p>
   </div>
   <div class='ocr_carea' id='block_1_7' title="bbox 530 756 2124 827">
    <p class='ocr_par' dir='ltr' id='par_1_7' title="bbox 530 756 2124 827">
     <span class='ocr_line' id='line_1_7' title="bbox 530 756 2124 827; baseline 0 -15"><span class='ocrx_word' id='word_1_35' title='bbox 530 769 584 813; x_wconf 91' lang='lat' dir='ltr'><strong>et</strong></span> <span class='ocrx_word' id='word_1_36' title='bbox 599 759 792 827; x_wconf 85' lang='lat' dir='ltr'><strong>.puniri</strong></span> <span class='ocrx_word' id='word_1_37' title='bbox 824 766 948 812; x_wconf 92' lang='lat' dir='ltr'><strong>tunc</strong></span> <span class='ocrx_word' id='word_1_38' title='bbox 978 759 1029 812; x_wconf 95' lang='lat' dir='ltr'><strong>in</strong></span> <span class='ocrx_word' id='word_1_39' title='bbox 1071 757 1339 812; x_wconf 84' lang='lat' dir='ltr'><strong>veritate?</strong></span> <span class='ocrx_word' id='word_1_40' title='bbox 1361 756 1616 822; x_wconf 81' lang='lat' dir='ltr'><strong>Quamvis</strong></span> <span class='ocrx_word' id='word_1_41' title='bbox 1643 771 1741 811; x_wconf 93' lang='lat' dir='ltr'><strong>nec</strong></span> <span class='ocrx_word' id='word_1_42' title='bbox 1769 757 1984 811; x_wconf 85' lang='lat' dir='ltr'><strong>delicias</strong></span> <span class='ocrx_word' id='word_1_43' title='bbox 2009 757 2124 813; x_wconf 67' lang='lat' dir='ltr'><strong>haec</strong></span> 
     </span>
    </p>
   </div>
   <div class='ocr_carea' id='block_1_8' title="bbox 528 849 2124 921">
    <p class='ocr_par' dir='ltr' id='par_1_8' title="bbox 528 849 2124 921">
     <span class='ocr_line' id='line_1_8' title="bbox 528 849 2124 921; baseline -0.002 -14"><span class='ocrx_word' id='word_1_44' title='bbox 528 866 618 907; x_wconf 89' lang='lat' dir='ltr'><strong>res</strong></span> <span class='ocrx_word' id='word_1_45' title='bbox 653 852 850 906; x_wconf 85' lang='lat' dir='ltr'><strong>habet:</strong></span> <span class='ocrx_word' id='word_1_46' title='bbox 882 849 1152 921; x_wconf 90' lang='lat' dir='ltr'><strong>quomodo</strong></span> <span class='ocrx_word' id='word_1_47' title='bbox 1193 850 1358 913; x_wconf 88' lang='lat' dir='ltr'><strong>enim,</strong></span> <span class='ocrx_word' id='word_1_48' title='bbox 1391 849 1478 904; x_wconf 90' lang='lat' dir='ltr'><strong>ubi</strong></span> <span class='ocrx_word' id='word_1_49' title='bbox 1526 849 1900 904; x_wconf 82' lang='lat' dir='ltr'><strong>condemnatio</strong></span> <span class='ocrx_word' id='word_1_50' title='bbox 1943 859 1998 904; x_wconf 87' lang='lat' dir='ltr'><strong>et</strong></span> <span class='ocrx_word' id='word_1_51' title='bbox 2035 864 2124 904; x_wconf 89' lang='lat' dir='ltr'><strong>re-</strong></span> 
     </span>
    </p>
   </div>
   <div class='ocr_carea' id='block_1_9' title="bbox 529 937 2124 1012">
    <p class='ocr_par' dir='ltr' id='par_1_9' title="bbox 529 937 2124 1012">
     <span class='ocr_line' id='line_1_9' title="bbox 529 937 2124 1012; baseline -0.003 -17"><span class='ocrx_word' id='word_1_52' title='bbox 529 942 915 1012; x_wconf 88' lang='lat' dir='ltr'><strong>prehensiones</strong></span> <span class='ocrx_word' id='word_1_53' title='bbox 957 950 1013 996; x_wconf 88' lang='lat' dir='ltr'><strong>et</strong></span> <span class='ocrx_word' id='word_1_54' title='bbox 1058 940 1298 995; x_wconf 88' lang='lat' dir='ltr'><strong>convicia</strong></span> <span class='ocrx_word' id='word_1_55' title='bbox 1343 948 1398 994; x_wconf 89' lang='lat' dir='ltr'><strong>et</strong></span> <span class='ocrx_word' id='word_1_56' title='bbox 1450 938 1742 992; x_wconf 82' lang='lat' dir='ltr'><strong>scandala?</strong></span> <span class='ocrx_word' id='word_1_57' title='bbox 1784 937 1980 993; x_wconf 82' lang='lat' dir='ltr'><strong>Verum</strong></span> <span class='ocrx_word' id='word_1_58' title='bbox 2024 939 2124 992; x_wconf 92' lang='lat' dir='ltr'><strong>etsi</strong></span> 
     </span>
    </p>
   </div>
   <div class='ocr_carea' id='block_1_10' title="bbox 534 1029 2127 1102">
    <p class='ocr_par' dir='ltr' id='par_1_10' title="bbox 534 1029 2127 1102">
     <span class='ocr_line' id='line_1_10' title="bbox 534 1029 2127 1102; baseline -0.002 -15"><span class='ocrx_word' id='word_1_59' title='bbox 534 1033 738 1087; x_wconf 81' lang='lat' dir='ltr'><strong>deliciae</strong></span> <span class='ocrx_word' id='word_1_60' title='bbox 768 1041 969 1100; x_wconf 82' lang='lat' dir='ltr'><strong>essent,</strong></span> <span class='ocrx_word' id='word_1_61' title='bbox 1003 1031 1129 1102; x_wconf 90' lang='lat' dir='ltr'><strong>quid</strong></span> <span class='ocrx_word' id='word_1_62' title='bbox 1158 1041 1240 1087; x_wconf 87' lang='lat' dir='ltr'><strong>est</strong></span> <span class='ocrx_word' id='word_1_63' title='bbox 1269 1046 1432 1101; x_wconf 86' lang='lat' dir='ltr'><strong>parva</strong></span> <span class='ocrx_word' id='word_1_64' title='bbox 1457 1045 1606 1099; x_wconf 69' lang='lat' dir='ltr'><strong>aqua:</strong></span> <span class='ocrx_word' id='word_1_65' title='bbox 1632 1038 1775 1100; x_wconf 87' lang='lat' dir='ltr'><strong>gutta</strong></span> <span class='ocrx_word' id='word_1_66' title='bbox 1803 1029 1868 1087; x_wconf 88' lang='lat' dir='ltr'><strong>ad</strong></span> <span class='ocrx_word' id='word_1_67' title='bbox 1901 1030 2127 1084; x_wconf 85' lang='lat' dir='ltr'><strong>immen-</strong></span> 
     </span>
    </p>
   </div>
   <div class='ocr_carea' id='block_1_11' title="bbox 534 1129 2122 1197">
    <p class='ocr_par' dir='ltr' id='par_1_11' title="bbox 534 1129 2122 1197">
     <span class='ocr_line' id='line_1_11' title="bbox 534 1129 2122 1197; baseline -0.001 -13"><span class='ocrx_word' id='word_1_68' title='bbox 534 1141 650 1184; x_wconf 72' lang='lat' dir='ltr'><strong>sum</strong></span> <span class='ocrx_word' id='word_1_69' title='bbox 679 1129 862 1184; x_wconf 84' lang='lat' dir='ltr'><strong>mare?</strong></span> <span class='ocrx_word' id='word_1_70' title='bbox 889 1129 1044 1193; x_wconf 82' lang='lat' dir='ltr'><strong>Audi,</strong></span> <span class='ocrx_word' id='word_1_71' title='bbox 1076 1130 1206 1197; x_wconf 81' lang='lat' dir='ltr'><strong>ﬁlia,</strong></span> <span class='ocrx_word' id='word_1_72' title='bbox 1235 1137 1282 1182; x_wconf 81' lang='lat' dir='ltr'><strong>et</strong></span> <span class='ocrx_word' id='word_1_73' title='bbox 1313 1130 1444 1194; x_wconf 82' lang='lat' dir='ltr'><strong>vide,</strong></span> <span class='ocrx_word' id='word_1_74' title='bbox 1475 1137 1522 1182; x_wconf 79' lang='lat' dir='ltr'><strong>et</strong></span> <span class='ocrx_word' id='word_1_75' title='bbox 1549 1129 1738 1182; x_wconf 87' lang='lat' dir='ltr'><strong>inclina</strong></span> <span class='ocrx_word' id='word_1_76' title='bbox 1759 1145 1933 1182; x_wconf 88' lang='lat' dir='ltr'><strong>aurem</strong></span> <span class='ocrx_word' id='word_1_77' title='bbox 1951 1138 2088 1183; x_wconf 84' lang='lat' dir='ltr'><strong>luam</strong></span> <span class='ocrx_word' id='word_1_78' title='bbox 2108 1171 2122 1194; x_wconf 94' lang='lat'><strong>,</strong></span> 
     </span>
    </p>
   </div>
   <div class='ocr_carea' id='block_1_12' title="bbox 531 1218 2127 1289">
    <p class='ocr_par' dir='ltr' id='par_1_12' title="bbox 531 1218 2127 1289">
     <span class='ocr_line' id='line_1_12' title="bbox 531 1218 2127 1289; baseline 0.001 -16"><span class='ocrx_word' id='word_1_79' title='bbox 531 1228 578 1274; x_wconf 82' lang='lat' dir='ltr'><strong>et</strong></span> <span class='ocrx_word' id='word_1_80' title='bbox 608 1219 894 1275; x_wconf 77' lang='lat' dir='ltr'><strong>obliviscere</strong></span> <span class='ocrx_word' id='word_1_81' title='bbox 937 1218 1182 1289; x_wconf 83' lang='lat' dir='ltr'><strong>papulum</strong></span> <span class='ocrx_word' id='word_1_82' title='bbox 1230 1230 1388 1286; x_wconf 80' lang='lat' dir='ltr'><strong>tuum,</strong></span> <span class='ocrx_word' id='word_1_83' title='bbox 1435 1228 1482 1272; x_wconf 78' lang='lat' dir='ltr'><strong>et</strong></span> <span class='ocrx_word' id='word_1_84' title='bbox 1511 1219 1717 1272; x_wconf 86' lang='lat' dir='ltr'><strong>domum</strong></span> <span class='ocrx_word' id='word_1_85' title='bbox 1756 1220 1912 1288; x_wconf 71' lang='lat' dir='ltr'><strong>patris</strong></span> <span class='ocrx_word' id='word_1_86' title='bbox 1951 1221 2044 1285; x_wconf 83' lang='lat' dir='ltr'><strong>tui,</strong></span> <span class='ocrx_word' id='word_1_87' title='bbox 2081 1230 2127 1276; x_wconf 83' lang='lat' dir='ltr'><strong>et</strong></span> 
     </span>
    </p>
   </div>
   <div class='ocr_carea' id='block_1_13' title="bbox 533 1308 2126 1381">
    <p class='ocr_par' dir='ltr' id='par_1_13' title="bbox 533 1308 2126 1381">
     <span class='ocr_line' id='line_1_13' title="bbox 533 1308 2126 1381; baseline 0 -16"><span class='ocrx_word' id='word_1_88' title='bbox 533 1311 848 1379; x_wconf 67' lang='lat' dir='ltr'><strong>concupiscet</strong></span> <span class='ocrx_word' id='word_1_89' title='bbox 877 1327 966 1364; x_wconf 82' lang='lat' dir='ltr'><strong>rea:</strong></span> <span class='ocrx_word' id='word_1_90' title='bbox 1002 1311 1228 1363; x_wconf 83' lang='lat' dir='ltr'><strong>decorem</strong></span> <span class='ocrx_word' id='word_1_91' title='bbox 1275 1319 1414 1363; x_wconf 86' lang='lat' dir='ltr'><strong>tuum</strong></span> <span class='ocrx_word' id='word_1_92' title='bbox 1449 1308 1618 1378; x_wconf 75' lang='lat' dir='ltr'><strong>(Psal.</strong></span> <span class='ocrx_word' id='word_1_93' title='bbox 1667 1311 1754 1366; x_wconf 72' lang='grc'><strong>44.</strong></span> <span class='ocrx_word' id='word_1_94' title='bbox 1790 1311 1903 1381; x_wconf 63' lang='grc' dir='ltr'><strong>η),</strong></span> <span class='ocrx_word' id='word_1_95' title='bbox 1937 1312 2002 1365; x_wconf 88' lang='lat' dir='ltr'><strong>ad</strong></span> <span class='ocrx_word' id='word_1_96' title='bbox 2033 1327 2126 1366; x_wconf 91' lang='lat' dir='ltr'><strong>or-</strong></span> 
     </span>
    </p>
   </div>
   <div class='ocr_carea' id='block_1_14' title="bbox 532 1399 2123 1468">
    <p class='ocr_par' dir='ltr' id='par_1_14' title="bbox 532 1399 2123 1468">
     <span class='ocr_line' id='line_1_14' title="bbox 532 1399 2123 1468; baseline 0.001 -15"><span class='ocrx_word' id='word_1_97' title='bbox 532 1401 656 1454; x_wconf 81' lang='lat' dir='ltr'><strong>Lem</strong></span> <span class='ocrx_word' id='word_1_98' title='bbox 709 1409 866 1454; x_wconf 71' lang='lat' dir='ltr'><strong>terrae</strong></span> <span class='ocrx_word' id='word_1_99' title='bbox 913 1399 1197 1468; x_wconf 77' lang='lat' dir='ltr'><strong>aliquando</strong></span> <span class='ocrx_word' id='word_1_100' title='bbox 1242 1399 1381 1454; x_wconf 89' lang='lat' dir='ltr'><strong>male</strong></span> <span class='ocrx_word' id='word_1_101' title='bbox 1419 1400 1663 1454; x_wconf 84' lang='lat' dir='ltr'><strong>all‘ectum</strong></span> <span class='ocrx_word' id='word_1_102' title='bbox 1693 1401 1900 1464; x_wconf 87' lang='lat' dir='ltr'><strong>diccbat</strong></span> <span class='ocrx_word' id='word_1_103' title='bbox 1941 1402 2123 1456; x_wconf 84' lang='lat' dir='ltr'><strong>David.</strong></span> 
     </span>
    </p>
   </div>
   <div class='ocr_carea' id='block_1_15' title="bbox 531 1491 2128 1562">
    <p class='ocr_par' dir='ltr' id='par_1_15' title="bbox 531 1491 2128 1562">
     <span class='ocr_line' id='line_1_15' title="bbox 531 1491 2128 1562; baseline 0.001 -16"><span class='ocrx_word' id='word_1_104' title='bbox 531 1492 648 1546; x_wconf 75' lang='lat' dir='ltr'><strong>Hoc</strong></span> <span class='ocrx_word' id='word_1_105' title='bbox 668 1492 826 1561; x_wconf 79' lang='lat' dir='ltr'><strong>igitur</strong></span> <span class='ocrx_word' id='word_1_106' title='bbox 846 1506 943 1545; x_wconf 91' lang='lat' dir='ltr'><strong>nos</strong></span> <span class='ocrx_word' id='word_1_107' title='bbox 967 1491 1059 1546; x_wconf 89' lang='lat' dir='ltr'><strong>tibi</strong></span> <span class='ocrx_word' id='word_1_108' title='bbox 1082 1491 1410 1554; x_wconf 87' lang='lat' dir='ltr'><strong>occinemus,</strong></span> <span class='ocrx_word' id='word_1_109' title='bbox 1426 1491 1590 1546; x_wconf 86' lang='lat' dir='ltr'><strong>breve</strong></span> <span class='ocrx_word' id='word_1_110' title='bbox 1611 1492 1829 1546; x_wconf 85' lang='lat' dir='ltr'><strong>verbum</strong></span> <span class='ocrx_word' id='word_1_111' title='bbox 1857 1493 2128 1562; x_wconf 66' lang='lat' dir='ltr'><strong>propheta:</strong></span> 
     </span>
    </p>
   </div>
   <div class='ocr_carea' id='block_1_16' title="bbox 537 1581 2125 1652">
    <p class='ocr_par' dir='ltr' id='par_1_16' title="bbox 537 1581 2125 1652">
     <span class='ocr_line' id='line_1_16' title="bbox 537 1581 2125 1652; baseline 0.001 -17"><span class='ocrx_word' id='word_1_112' title='bbox 537 1583 986 1636; x_wconf 89' lang='lat' dir='ltr'><strong>subimmutantes</strong></span> <span class='ocrx_word' id='word_1_113' title='bbox 1010 1624 1025 1647; x_wconf 97' lang='lat'><strong>,</strong></span> <span class='ocrx_word' id='word_1_114' title='bbox 1072 1594 1128 1636; x_wconf 88' lang='lat' dir='ltr'><strong>et</strong></span> <span class='ocrx_word' id='word_1_115' title='bbox 1165 1581 1404 1637; x_wconf 87' lang='lat' dir='ltr'><strong>dicemus</strong></span> <span class='ocrx_word' id='word_1_116' title='bbox 1448 1597 1568 1636; x_wconf 91' lang='lat' dir='ltr'><strong>cum</strong></span> <span class='ocrx_word' id='word_1_117' title='bbox 1613 1582 1871 1652; x_wconf 89' lang='lat' dir='ltr'><strong>pr0pheta</strong></span> <span class='ocrx_word' id='word_1_118' title='bbox 1904 1601 1917 1636; x_wconf 90' lang='lat'><strong>:</strong></span> <span class='ocrx_word' id='word_1_119' title='bbox 1947 1583 2125 1650; x_wconf 85' lang='lat' dir='ltr'><strong>Audi,</strong></span> 
     </span>
    </p>
   </div>
   <div class='ocr_carea' id='block_1_17' title="bbox 531 1673 2119 1740">
    <p class='ocr_par' dir='ltr' id='par_1_17' title="bbox 531 1673 2119 1740">
     <span class='ocr_line' id='line_1_17' title="bbox 531 1673 2119 1740; baseline -0.001 -10"><span class='ocrx_word' id='word_1_120' title='bbox 531 1674 663 1740; x_wconf 80' lang='lat' dir='ltr'><strong>ﬁlia,</strong></span> <span class='ocrx_word' id='word_1_121' title='bbox 691 1682 746 1728; x_wconf 90' lang='lat' dir='ltr'><strong>et</strong></span> <span class='ocrx_word' id='word_1_122' title='bbox 770 1673 912 1739; x_wconf 90' lang='lat' dir='ltr'><strong>vide,</strong></span> <span class='ocrx_word' id='word_1_123' title='bbox 955 1683 1009 1728; x_wconf 90' lang='lat' dir='ltr'><strong>et</strong></span> <span class='ocrx_word' id='word_1_124' title='bbox 1035 1673 1228 1728; x_wconf 89' lang='lat' dir='ltr'><strong>inclina</strong></span> <span class='ocrx_word' id='word_1_125' title='bbox 1270 1687 1456 1728; x_wconf 90' lang='lat' dir='ltr'><strong>aurem</strong></span> <span class='ocrx_word' id='word_1_126' title='bbox 1500 1681 1664 1736; x_wconf 85' lang='lat' dir='ltr'><strong>tuam,</strong></span> <span class='ocrx_word' id='word_1_127' title='bbox 1701 1683 1756 1728; x_wconf 93' lang='lat' dir='ltr'><strong>et</strong></span> <span class='ocrx_word' id='word_1_128' title='bbox 1798 1673 2119 1728; x_wconf 86' lang='lat' dir='ltr'><strong>obliviscere</strong></span> 
     </span>
    </p>
   </div>
   <div class='ocr_carea' id='block_1_18' title="bbox 533 1762 2133 1832">
    <p class='ocr_par' dir='ltr' id='par_1_18' title="bbox 533 1762 2133 1832">
     <span class='ocr_line' id='line_1_18' title="bbox 533 1762 2133 1832; baseline -0.001 -13"><span class='ocrx_word' id='word_1_129' title='bbox 533 1765 690 1821; x_wconf 86' lang='lat' dir='ltr'><strong>malae</strong></span> <span class='ocrx_word' id='word_1_130' title='bbox 731 1763 1130 1818; x_wconf 81' lang='lat' dir='ltr'><strong>consuetudinis</strong></span> <span class='ocrx_word' id='word_1_131' title='bbox 1160 1771 1216 1818; x_wconf 87' lang='lat' dir='ltr'><strong>et</strong></span> <span class='ocrx_word' id='word_1_132' title='bbox 1261 1778 1447 1818; x_wconf 91' lang='lat' dir='ltr'><strong>eorum</strong></span> <span class='ocrx_word' id='word_1_133' title='bbox 1485 1763 1576 1832; x_wconf 91' lang='lat' dir='ltr'><strong>qui</strong></span> <span class='ocrx_word' id='word_1_134' title='bbox 1608 1763 1700 1817; x_wconf 90' lang='lat' dir='ltr'><strong>tibi</strong></span> <span class='ocrx_word' id='word_1_135' title='bbox 1747 1763 1887 1818; x_wconf 91' lang='lat' dir='ltr'><strong>male</strong></span> <span class='ocrx_word' id='word_1_136' title='bbox 1916 1762 2133 1817; x_wconf 88' lang='lat' dir='ltr'><strong>cohabi-</strong></span> 
     </span>
    </p>
   </div>
   <div class='ocr_carea' id='block_1_19' title="bbox 531 1851 2130 1923">
    <p class='ocr_par' dir='ltr' id='par_1_19' title="bbox 531 1851 2130 1923">
     <span class='ocr_line' id='line_1_19' title="bbox 531 1851 2130 1923; baseline -0.001 -15"><span class='ocrx_word' id='word_1_137' title='bbox 531 1863 668 1917; x_wconf 84' lang='lat' dir='ltr'><strong>tant,</strong></span> <span class='ocrx_word' id='word_1_138' title='bbox 703 1864 758 1908; x_wconf 90' lang='lat' dir='ltr'><strong>et</strong></span> <span class='ocrx_word' id='word_1_139' title='bbox 797 1854 1136 1922; x_wconf 82' lang='lat' dir='ltr'><strong>concupiscet</strong></span> <span class='ocrx_word' id='word_1_140' title='bbox 1175 1869 1269 1908; x_wconf 81' lang='lat' dir='ltr'><strong>rex</strong></span> <span class='ocrx_word' id='word_1_141' title='bbox 1313 1853 1761 1923; x_wconf 86' lang='lat' dir='ltr'><strong>pulchritudinem</strong></span> <span class='ocrx_word' id='word_1_142' title='bbox 1801 1863 1965 1908; x_wconf 91' lang='lat' dir='ltr'><strong>tuam.</strong></span> <span class='ocrx_word' id='word_1_143' title='bbox 1993 1851 2130 1918; x_wconf 84' lang='lat' dir='ltr'><strong>Quid</strong></span> 
     </span>
    </p>
   </div>
   <div class='ocr_carea' id='block_1_20' title="bbox 533 1943 2130 2014">
    <p class='ocr_par' dir='ltr' id='par_1_20' title="bbox 533 1943 2130 2014">
     <span class='ocr_line' id='line_1_20' title="bbox 533 1943 2130 2014; baseline -0.003 -14"><span class='ocrx_word' id='word_1_144' title='bbox 533 1945 632 2001; x_wconf 86' lang='lat' dir='ltr'><strong>tibi</strong></span> <span class='ocrx_word' id='word_1_145' title='bbox 659 1945 760 2000; x_wconf 90' lang='lat' dir='ltr'><strong>hoc</strong></span> <span class='ocrx_word' id='word_1_146' title='bbox 784 1945 991 2014; x_wconf 83' lang='lat' dir='ltr'><strong>majus?</strong></span> <span class='ocrx_word' id='word_1_147' title='bbox 1017 1943 1142 2014; x_wconf 89' lang='lat' dir='ltr'><strong>quid</strong></span> <span class='ocrx_word' id='word_1_148' title='bbox 1168 1943 1296 1998; x_wconf 84' lang='lat' dir='ltr'><strong>item</strong></span> <span class='ocrx_word' id='word_1_149' title='bbox 1325 1959 1420 2013; x_wconf 89' lang='lat' dir='ltr'><strong>par</strong></span> <span class='ocrx_word' id='word_1_150' title='bbox 1445 1943 1735 2012; x_wconf 89' lang='lat' dir='ltr'><strong>poterimus</strong></span> <span class='ocrx_word' id='word_1_151' title='bbox 1751 1943 1948 2007; x_wconf 84' lang='lat' dir='ltr'><strong>dicere,</strong></span> <span class='ocrx_word' id='word_1_152' title='bbox 1971 1958 2130 2012; x_wconf 89' lang='lat' dir='ltr'><strong>quam</strong></span> 
     </span>
    </p>
   </div>
   <div class='ocr_carea' id='block_1_21' title="bbox 533 2034 2184 2104">
    <p class='ocr_par' dir='ltr' id='par_1_21' title="bbox 533 2034 2184 2104">
     <span class='ocr_line' id='line_1_21' title="bbox 533 2034 2184 2104; baseline -0.001 -15"><span class='ocrx_word' id='word_1_153' title='bbox 533 2045 596 2089; x_wconf 89' lang='lat' dir='ltr'><strong>ut</strong></span> <span class='ocrx_word' id='word_1_154' title='bbox 637 2036 789 2102; x_wconf 64' lang='lat' dir='ltr'><strong>caeli,</strong></span> <span class='ocrx_word' id='word_1_155' title='bbox 837 2043 994 2089; x_wconf 63' lang='lat' dir='ltr'><strong>terrae</strong></span> <span class='ocrx_word' id='word_1_156' title='bbox 1035 2043 1088 2088; x_wconf 91' lang='lat' dir='ltr'><strong>et</strong></span> <span class='ocrx_word' id='word_1_157' title='bbox 1131 2034 1440 2104; x_wconf 77' lang='lat' dir='ltr'><strong>angelorum</strong></span> <span class='ocrx_word' id='word_1_158' title='bbox 1491 2042 1547 2088; x_wconf 91' lang='lat' dir='ltr'><strong>et</strong></span> <span class='ocrx_word' id='word_1_159' title='bbox 1592 2034 2031 2104; x_wconf 84' lang='lat' dir='ltr'><strong>archangelorum</strong></span> <span class='ocrx_word' id='word_1_160' title='bbox 2076 2042 2133 2090; x_wconf 86' lang='lat' dir='ltr'><strong>et</strong></span> <span class='ocrx_word' id='word_1_161' title='bbox 2165 2043 2184 2054; x_wconf 85' lang='grc'><strong>·</strong></span> 
     </span>
    </p>
   </div>
   <div class='ocr_carea' id='block_1_22' title="bbox 534 2125 2127 2199">
    <p class='ocr_par' dir='ltr' id='par_1_22' title="bbox 534 2125 2127 2199">
     <span class='ocr_line' id='line_1_22' title="bbox 534 2125 2127 2199; baseline -0.003 -16"><span class='ocrx_word' id='word_1_162' title='bbox 534 2142 889 2199; x_wconf 87' lang='lat' dir='ltr'><strong>supernarum</strong></span> <span class='ocrx_word' id='word_1_163' title='bbox 927 2126 1189 2181; x_wconf 79' lang='lat' dir='ltr'><strong>Virtutum</strong></span> <span class='ocrx_word' id='word_1_164' title='bbox 1233 2125 1518 2179; x_wconf 89' lang='lat' dir='ltr'><strong>Dominum</strong></span> <span class='ocrx_word' id='word_1_165' title='bbox 1566 2133 1860 2180; x_wconf 88' lang='lat' dir='ltr'><strong>amatorem</strong></span> <span class='ocrx_word' id='word_1_166' title='bbox 1903 2127 2127 2193; x_wconf 87' lang='lat' dir='ltr'><strong>sortita,</strong></span> 
     </span>
    </p>
   </div>
   <div class='ocr_carea' id='block_1_23' title="bbox 534 2219 2133 2284">
    <p class='ocr_par' dir='ltr' id='par_1_23' title="bbox 534 2219 2133 2284">
     <span class='ocr_line' id='line_1_23' title="bbox 534 2219 2133 2284; baseline 0.001 -10"><span class='ocrx_word' id='word_1_167' title='bbox 534 2221 782 2275; x_wconf 84' lang='lat' dir='ltr'><strong>libereris</strong></span> <span class='ocrx_word' id='word_1_168' title='bbox 809 2235 840 2273; x_wconf 92' lang='lat' dir='ltr'><strong>a</strong></span> <span class='ocrx_word' id='word_1_169' title='bbox 866 2219 1062 2273; x_wconf 90' lang='lat' dir='ltr'><strong>vilibus</strong></span> <span class='ocrx_word' id='word_1_170' title='bbox 1106 2219 1401 2284; x_wconf 88' lang='lat' dir='ltr'><strong>conservis,</strong></span> <span class='ocrx_word' id='word_1_171' title='bbox 1435 2227 1578 2272; x_wconf 92' lang='lat' dir='ltr'><strong>tuam</strong></span> <span class='ocrx_word' id='word_1_172' title='bbox 1617 2219 2006 2274; x_wconf 90' lang='lat' dir='ltr'><strong>notabilitatem</strong></span> <span class='ocrx_word' id='word_1_173' title='bbox 2036 2220 2133 2276; x_wconf 87' lang='lat' dir='ltr'><strong>de-</strong></span> 
     </span>
    </p>
   </div>
   <div class='ocr_carea' id='block_1_24' title="bbox 533 2309 2134 2379">
    <p class='ocr_par' dir='ltr' id='par_1_24' title="bbox 533 2309 2134 2379">
     <span class='ocr_line' id='line_1_24' title="bbox 533 2309 2134 2379; baseline 0.001 -15"><span class='ocrx_word' id='word_1_174' title='bbox 533 2310 991 2366; x_wconf 84' lang='lat' dir='ltr'><strong>honestantibus?</strong></span> <span class='ocrx_word' id='word_1_175' title='bbox 1023 2310 1246 2379; x_wconf 88' lang='lat' dir='ltr'><strong>Propter</strong></span> <span class='ocrx_word' id='word_1_176' title='bbox 1287 2309 1429 2379; x_wconf 85' lang='lat' dir='ltr'><strong>quod</strong></span> <span class='ocrx_word' id='word_1_177' title='bbox 1467 2325 1498 2365; x_wconf 94' lang='lat' dir='ltr'><strong>e</strong></span> <span class='ocrx_word' id='word_1_178' title='bbox 1541 2324 1600 2364; x_wconf 89' lang='lat' dir='ltr'><strong>re</strong></span> <span class='ocrx_word' id='word_1_179' title='bbox 1640 2309 1798 2364; x_wconf 79' lang='lat' dir='ltr'><strong>fuerit</strong></span> <span class='ocrx_word' id='word_1_180' title='bbox 1851 2309 1938 2364; x_wconf 89' lang='lat' dir='ltr'><strong>hic</strong></span> <span class='ocrx_word' id='word_1_181' title='bbox 1983 2310 2134 2365; x_wconf 83' lang='lat' dir='ltr'><strong>ﬁnire</strong></span> 
     </span>
    </p>
   </div>
   <div class='ocr_carea' id='block_1_25' title="bbox 534 2401 2135 2471">
    <p class='ocr_par' dir='ltr' id='par_1_25' title="bbox 534 2401 2135 2471">
     <span class='ocr_line' id='line_1_25' title="bbox 534 2401 2135 2471; baseline -0.002 -11"><span class='ocrx_word' id='word_1_182' title='bbox 534 2417 886 2460; x_wconf 78' lang='lat' dir='ltr'><strong>sermonem:</strong></span> <span class='ocrx_word' id='word_1_183' title='bbox 920 2401 1050 2456; x_wconf 90' lang='lat' dir='ltr'><strong>nihil</strong></span> <span class='ocrx_word' id='word_1_184' title='bbox 1075 2402 1219 2464; x_wconf 86' lang='lat' dir='ltr'><strong>enim</strong></span> <span class='ocrx_word' id='word_1_185' title='bbox 1264 2401 1443 2456; x_wconf 91' lang='lat' dir='ltr'><strong>dicere</strong></span> <span class='ocrx_word' id='word_1_186' title='bbox 1487 2401 1779 2471; x_wconf 88' lang='lat' dir='ltr'><strong>poterimus</strong></span> <span class='ocrx_word' id='word_1_187' title='bbox 1827 2401 1969 2470; x_wconf 90' lang='lat' dir='ltr'><strong>quod</strong></span> <span class='ocrx_word' id='word_1_188' title='bbox 2009 2401 2135 2456; x_wconf 87' lang='lat' dir='ltr'><strong>huic</strong></span> 
     </span>
    </p>
   </div>
   <div class='ocr_carea' id='block_1_26' title="bbox 538 2491 2133 2562">
    <p class='ocr_par' dir='ltr' id='par_1_26' title="bbox 538 2491 2133 2562">
     <span class='ocr_line' id='line_1_26' title="bbox 538 2491 2133 2562; baseline 0.002 -17"><span class='ocrx_word' id='word_1_189' title='bbox 538 2492 728 2548; x_wconf 89' lang='lat' dir='ltr'><strong>honori</strong></span> <span class='ocrx_word' id='word_1_190' title='bbox 755 2493 826 2548; x_wconf 90' lang='lat' dir='ltr'><strong>sit</strong></span> <span class='ocrx_word' id='word_1_191' title='bbox 871 2507 987 2562; x_wconf 91' lang='lat' dir='ltr'><strong>par.</strong></span> <span class='ocrx_word' id='word_1_192' title='bbox 1017 2491 1150 2548; x_wconf 86' lang='lat' dir='ltr'><strong>Nam</strong></span> <span class='ocrx_word' id='word_1_193' title='bbox 1183 2492 1230 2548; x_wconf 88' lang='lat' dir='ltr'><strong>si</strong></span> <span class='ocrx_word' id='word_1_194' title='bbox 1269 2507 1388 2562; x_wconf 66' lang='lat' dir='ltr'><strong>qua“:</strong></span> <span class='ocrx_word' id='word_1_195' title='bbox 1415 2505 1670 2561; x_wconf 89' lang='lat' dir='ltr'><strong>sponsum</strong></span> <span class='ocrx_word' id='word_1_196' title='bbox 1711 2491 1764 2546; x_wconf 89' lang='lat' dir='ltr'><strong>in</strong></span> <span class='ocrx_word' id='word_1_197' title='bbox 1793 2498 1933 2545; x_wconf 90' lang='lat' dir='ltr'><strong>terra</strong></span> <span class='ocrx_word' id='word_1_198' title='bbox 1975 2505 2133 2548; x_wconf 81' lang='lat' dir='ltr'><strong>acce—</strong></span> 
     </span>
    </p>
   </div>
   <div class='ocr_carea' id='block_1_27' title="bbox 539 2581 2132 2660">
    <p class='ocr_par' dir='ltr' id='par_1_27' title="bbox 539 2581 2132 2660">
     <span class='ocr_line' id='line_1_27' title="bbox 539 2581 2132 2660; baseline -0.001 -22"><span class='ocrx_word' id='word_1_199' title='bbox 539 2583 680 2649; x_wconf 85' lang='lat' dir='ltr'><strong>perit</strong></span> <span class='ocrx_word' id='word_1_200' title='bbox 724 2598 929 2660; x_wconf 80' lang='lat' dir='ltr'><strong>regem,</strong></span> <span class='ocrx_word' id='word_1_201' title='bbox 974 2583 1224 2642; x_wconf 83' lang='lat' dir='ltr'><strong>omnibus</strong></span> <span class='ocrx_word' id='word_1_202' title='bbox 1266 2597 1325 2639; x_wconf 90' lang='lat' dir='ltr'><strong>se</strong></span> <span class='ocrx_word' id='word_1_203' title='bbox 1354 2589 1503 2651; x_wconf 88' lang='lat' dir='ltr'><strong>putat</strong></span> <span class='ocrx_word' id='word_1_204' title='bbox 1547 2596 1667 2637; x_wconf 88' lang='lat' dir='ltr'><strong>esse</strong></span> <span class='ocrx_word' id='word_1_205' title='bbox 1713 2581 2046 2638; x_wconf 87' lang='lat' dir='ltr'><strong>beatiorem:</strong></span> <span class='ocrx_word' id='word_1_206' title='bbox 2081 2590 2132 2636; x_wconf 90' lang='lat' dir='ltr'><strong>tu</strong></span> 
     </span>
    </p>
   </div>
   <div class='ocr_carea' id='block_1_28' title="bbox 1285 277 3088 344">
    <p class='ocr_par' dir='ltr' id='par_1_28' title="bbox 1285 277 3088 344">
     <span class='ocr_line' id='line_1_28' title="bbox 1285 277 3088 344; baseline 0.004 -10"><span class='ocrx_word' id='word_1_207' title='bbox 1285 277 1344 334; x_wconf 81' lang='lat' dir='ltr'><strong>S.</strong></span> <span class='ocrx_word' id='word_1_208' title='bbox 1384 279 1660 336; x_wconf 79' lang='lat' dir='ltr'><strong>JOANNIS</strong></span> <span class='ocrx_word' id='word_1_209' title='bbox 1685 278 2160 339; x_wconf 75' lang='lat' dir='ltr'><strong>CHRYSOSTOMI</strong></span> <span class='ocrx_word' id='word_1_210' title='bbox 2201 285 2518 342; x_wconf 80' lang='lat' dir='ltr'><strong>ARCHIEP.</strong></span> <span class='ocrx_word' id='word_1_211' title='bbox 2547 285 3088 344; x_wconf 76' lang='lat' dir='ltr'><strong>CONSTANTINOP.</strong></span> 
     </span>
    </p>
   </div>
   <div class='ocr_carea' id='block_1_29' title="bbox 3709 298 3811 353">
    <p class='ocr_par' dir='ltr' id='par_1_29' title="bbox 3709 298 3811 353">
     <span class='ocr_line' id='line_1_29' title="bbox 3709 298 3811 353; baseline 0 -1"><span class='ocrx_word' id='word_1_212' title='bbox 3709 298 3811 353; x_wconf 74' lang='lat'><strong>532</strong></span> 
     </span>
    </p>
   </div>
   <div class='ocr_carea' id='block_1_30' title="bbox 2231 399 3813 472">
    <p class='ocr_par' dir='ltr' id='par_1_30' title="bbox 2231 399 3813 472">
     <span class='ocr_line' id='line_1_30' title="bbox 2231 399 3813 472; baseline 0.008 -19"><span class='ocrx_word' id='word_1_213' title='bbox 2231 414 2351 454; x_wconf 91' lang='lat' dir='ltr'><strong>cum</strong></span> <span class='ocrx_word' id='word_1_214' title='bbox 2379 399 2574 456; x_wconf 83' lang='lat' dir='ltr'><strong>habeas</strong></span> <span class='ocrx_word' id='word_1_215' title='bbox 2602 415 2710 454; x_wconf 90' lang='lat' dir='ltr'><strong>non</strong></span> <span class='ocrx_word' id='word_1_216' title='bbox 2752 411 3040 463; x_wconf 89' lang='lat' dir='ltr'><strong>terrenum,</strong></span> <span class='ocrx_word' id='word_1_217' title='bbox 3075 415 3173 456; x_wconf 93' lang='lat' dir='ltr'><strong>nee</strong></span> <span class='ocrx_word' id='word_1_218' title='bbox 3201 416 3538 472; x_wconf 88' lang='lat' dir='ltr'><strong>conservum,</strong></span> <span class='ocrx_word' id='word_1_219' title='bbox 3572 407 3662 462; x_wconf 89' lang='lat' dir='ltr'><strong>sed</strong></span> <span class='ocrx_word' id='word_1_220' title='bbox 3689 424 3813 464; x_wconf 90' lang='lat' dir='ltr'><strong>eum</strong></span> 
     </span>
    </p>
   </div>
   <div class='ocr_carea' id='block_1_31' title="bbox 2231 491 3819 566">
    <p class='ocr_par' dir='ltr' id='par_1_31' title="bbox 2231 491 3819 566">
     <span class='ocr_line' id='line_1_31' title="bbox 2231 491 3819 566; baseline 0.008 -23"><span class='ocrx_word' id='word_1_221' title='bbox 2231 491 2318 559; x_wconf 92' lang='lat' dir='ltr'><strong>qui</strong></span> <span class='ocrx_word' id='word_1_222' title='bbox 2365 491 2418 545; x_wconf 90' lang='lat' dir='ltr'><strong>in</strong></span> <span class='ocrx_word' id='word_1_223' title='bbox 2440 491 2612 554; x_wconf 75' lang='lat' dir='ltr'><strong>cmlis,</strong></span> <span class='ocrx_word' id='word_1_224' title='bbox 2644 507 2764 546; x_wconf 92' lang='lat' dir='ltr'><strong>eum</strong></span> <span class='ocrx_word' id='word_1_225' title='bbox 2809 493 2896 561; x_wconf 91' lang='lat' dir='ltr'><strong>qui</strong></span> <span class='ocrx_word' id='word_1_226' title='bbox 2935 507 3096 561; x_wconf 88' lang='lat' dir='ltr'><strong>super</strong></span> <span class='ocrx_word' id='word_1_227' title='bbox 3134 507 3345 548; x_wconf 91' lang='lat' dir='ltr'><strong>omnem</strong></span> <span class='ocrx_word' id='word_1_228' title='bbox 3388 497 3734 566; x_wconf 89' lang='lat' dir='ltr'><strong>principatum</strong></span> <span class='ocrx_word' id='word_1_229' title='bbox 3763 509 3819 556; x_wconf 89' lang='lat' dir='ltr'><strong>et</strong></span> 
     </span>
    </p>
   </div>
   <div class='ocr_carea' id='block_1_32' title="bbox 2231 581 3816 656">
    <p class='ocr_par' dir='ltr' id='par_1_32' title="bbox 2231 581 3816 656">
     <span class='ocr_line' id='line_1_32' title="bbox 2231 581 3816 656; baseline 0.009 -26"><span class='ocrx_word' id='word_1_230' title='bbox 2231 587 2548 648; x_wconf 86' lang='lat' dir='ltr'><strong>potestatem</strong></span> <span class='ocrx_word' id='word_1_231' title='bbox 2578 589 2630 634; x_wconf 92' lang='lat' dir='ltr'><strong>et</strong></span> <span class='ocrx_word' id='word_1_232' title='bbox 2653 581 2901 637; x_wconf 88' lang='lat' dir='ltr'><strong>virtutem</strong></span> <span class='ocrx_word' id='word_1_233' title='bbox 2930 592 2984 637; x_wconf 89' lang='lat' dir='ltr'><strong>et</strong></span> <span class='ocrx_word' id='word_1_234' title='bbox 3009 599 3167 638; x_wconf 85' lang='lat' dir='ltr'><strong>omne</strong></span> <span class='ocrx_word' id='word_1_235' title='bbox 3193 599 3385 638; x_wconf 90' lang='lat' dir='ltr'><strong>nomen</strong></span> <span class='ocrx_word' id='word_1_236' title='bbox 3412 588 3552 656; x_wconf 88' lang='lat' dir='ltr'><strong>quod</strong></span> <span class='ocrx_word' id='word_1_237' title='bbox 3581 590 3816 644; x_wconf 83' lang='lat' dir='ltr'><strong>nomina-</strong></span> 
     </span>
    </p>
   </div>
   <div class='ocr_carea' id='block_1_33' title="bbox 2231 671 3820 748">
    <p class='ocr_par' dir='ltr' id='par_1_33' title="bbox 2231 671 3820 748">
     <span class='ocr_line' id='line_1_33' title="bbox 2231 671 3820 748; baseline 0.008 -26"><span class='ocrx_word' id='word_1_238' title='bbox 2231 681 2336 736; x_wconf 87' lang='lat' dir='ltr'><strong>tur,</strong></span> <span class='ocrx_word' id='word_1_239' title='bbox 2381 685 2502 725; x_wconf 89' lang='lat' dir='ltr'><strong>eum</strong></span> <span class='ocrx_word' id='word_1_240' title='bbox 2549 671 2637 740; x_wconf 91' lang='lat' dir='ltr'><strong>qui</strong></span> <span class='ocrx_word' id='word_1_241' title='bbox 2691 687 2853 740; x_wconf 85' lang='lat' dir='ltr'><strong>super</strong></span> <span class='ocrx_word' id='word_1_242' title='bbox 2903 672 3187 727; x_wconf 87' lang='lat' dir='ltr'><strong>Cherubim</strong></span> <span class='ocrx_word' id='word_1_243' title='bbox 3240 675 3414 748; x_wconf 80' lang='lat' dir='ltr'><strong>sedet,</strong></span> <span class='ocrx_word' id='word_1_244' title='bbox 3471 679 3558 746; x_wconf 91' lang='lat' dir='ltr'><strong>qui</strong></span> <span class='ocrx_word' id='word_1_245' title='bbox 3588 680 3820 734; x_wconf 90' lang='lat' dir='ltr'><strong>concutit</strong></span> 
     </span>
    </p>
   </div>
   <div class='ocr_carea' id='block_1_34' title="bbox 2231 761 3816 833">
    <p class='ocr_par' dir='ltr' id='par_1_34' title="bbox 2231 761 3816 833">
     <span class='ocr_line' id='line_1_34' title="bbox 2231 761 3816 833; baseline 0.008 -20"><span class='ocrx_word' id='word_1_246' title='bbox 2231 769 2450 826; x_wconf 90' lang='lat' dir='ltr'><strong>terram,</strong></span> <span class='ocrx_word' id='word_1_247' title='bbox 2477 761 2568 830; x_wconf 89' lang='lat' dir='ltr'><strong>qui</strong></span> <span class='ocrx_word' id='word_1_248' title='bbox 2597 761 2838 815; x_wconf 81' lang='lat' dir='ltr'><strong>extendit</strong></span> <span class='ocrx_word' id='word_1_249' title='bbox 2859 764 3074 828; x_wconf 85' lang='lat' dir='ltr'><strong>coelum,</strong></span> <span class='ocrx_word' id='word_1_250' title='bbox 3119 765 3206 833; x_wconf 93' lang='lat' dir='ltr'><strong>qui</strong></span> <span class='ocrx_word' id='word_1_251' title='bbox 3236 765 3487 820; x_wconf 85' lang='lat' dir='ltr'><strong>terribilis</strong></span> <span class='ocrx_word' id='word_1_252' title='bbox 3511 777 3595 822; x_wconf 89' lang='lat' dir='ltr'><strong>est</strong></span> <span class='ocrx_word' id='word_1_253' title='bbox 3619 767 3816 827; x_wconf 86' lang='lat' dir='ltr'><strong>Cheru-</strong></span> 
     </span>
    </p>
   </div>
   <div class='ocr_carea' id='block_1_35' title="bbox 2230 850 3816 926">
    <p class='ocr_par' dir='ltr' id='par_1_35' title="bbox 2230 850 3816 926">
     <span class='ocr_line' id='line_1_35' title="bbox 2230 850 3816 926; baseline 0.005 -22"><span class='ocrx_word' id='word_1_254' title='bbox 2230 850 2389 914; x_wconf 89' lang='lat' dir='ltr'><strong>binis,</strong></span> <span class='ocrx_word' id='word_1_255' title='bbox 2437 851 2739 906; x_wconf 88' lang='lat' dir='ltr'><strong>inaccessus</strong></span> <span class='ocrx_word' id='word_1_256' title='bbox 2786 851 3118 921; x_wconf 88' lang='lat' dir='ltr'><strong>Seraphinis,</strong></span> <span class='ocrx_word' id='word_1_257' title='bbox 3169 870 3274 909; x_wconf 90' lang='lat' dir='ltr'><strong>non</strong></span> <span class='ocrx_word' id='word_1_258' title='bbox 3304 871 3557 924; x_wconf 89' lang='lat' dir='ltr'><strong>sponsum</strong></span> <span class='ocrx_word' id='word_1_259' title='bbox 3603 859 3773 912; x_wconf 88' lang='lat' dir='ltr'><strong>solum</strong></span> <span class='ocrx_word' id='word_1_260' title='bbox 3801 901 3816 926; x_wconf 90' lang='lat'><strong>,</strong></span> 
     </span>
    </p>
   </div>
   <div class='ocr_carea' id='block_1_36' title="bbox 2231 941 3819 1017">
    <p class='ocr_par' dir='ltr' id='par_1_36' title="bbox 2231 941 3819 1017">
     <span class='ocr_line' id='line_1_36' title="bbox 2231 941 3819 1017; baseline 0.005 -23"><span class='ocrx_word' id='word_1_261' title='bbox 2231 941 2324 996; x_wconf 87' lang='lat' dir='ltr'><strong>sed</strong></span> <span class='ocrx_word' id='word_1_262' title='bbox 2354 952 2646 998; x_wconf 88' lang='lat' dir='ltr'><strong>amatorem</strong></span> <span class='ocrx_word' id='word_1_263' title='bbox 2687 944 2874 1012; x_wconf 87' lang='lat' dir='ltr'><strong>quovis</strong></span> <span class='ocrx_word' id='word_1_264' title='bbox 2903 943 3116 999; x_wconf 88' lang='lat' dir='ltr'><strong>homine</strong></span> <span class='ocrx_word' id='word_1_265' title='bbox 3142 945 3523 1012; x_wconf 90' lang='lat' dir='ltr'><strong>ardentiorem,</strong></span> <span class='ocrx_word' id='word_1_266' title='bbox 3551 949 3819 1017; x_wconf 88' lang='lat' dir='ltr'><strong>quomodo</strong></span> 
     </span>
    </p>
   </div>
   <div class='ocr_carea' id='block_1_37' title="bbox 2231 1026 3819 1106">
    <p class='ocr_par' dir='ltr' id='par_1_37' title="bbox 2231 1026 3819 1106">
     <span class='ocr_line' id='line_1_37' title="bbox 2231 1026 3819 1106; baseline 0.005 -20"><span class='ocrx_word' id='word_1_267' title='bbox 2231 1049 2336 1086; x_wconf 86' lang='lat' dir='ltr'><strong>non</strong></span> <span class='ocrx_word' id='word_1_268' title='bbox 2367 1026 2542 1088; x_wconf 82' lang='lat' dir='ltr'><strong>omnia</strong></span> <span class='ocrx_word' id='word_1_269' title='bbox 2589 1035 2864 1105; x_wconf 86' lang='lat' dir='ltr'><strong>relinquis,</strong></span> <span class='ocrx_word' id='word_1_270' title='bbox 2910 1052 3028 1106; x_wconf 69' lang='lat' dir='ltr'><strong>qua:</strong></span> <span class='ocrx_word' id='word_1_271' title='bbox 3064 1037 3150 1093; x_wconf 86' lang='lat' dir='ltr'><strong>hic</strong></span> <span class='ocrx_word' id='word_1_272' title='bbox 3179 1048 3321 1102; x_wconf 74' lang='lat' dir='ltr'><strong>sunt,</strong></span> <span class='ocrx_word' id='word_1_273' title='bbox 3352 1040 3557 1104; x_wconf 84' lang='lat' dir='ltr'><strong>etiamsi</strong></span> <span class='ocrx_word' id='word_1_274' title='bbox 3588 1043 3819 1094; x_wconf 87' lang='lat' dir='ltr'><strong>animam</strong></span> 
     </span>
    </p>
   </div>
   <div class='ocr_carea' id='block_1_38' title="bbox 2233 1125 3816 1200">
    <p class='ocr_par' dir='ltr' id='par_1_38' title="bbox 2233 1125 3816 1200">
     <span class='ocr_line' id='line_1_38' title="bbox 2233 1125 3816 1200; baseline 0.004 -22"><span class='ocrx_word' id='word_1_275' title='bbox 2233 1125 2403 1194; x_wconf 89' lang='lat' dir='ltr'><strong>ipsam</strong></span> <span class='ocrx_word' id='word_1_276' title='bbox 2453 1127 2754 1196; x_wconf 84' lang='lat' dir='ltr'><strong>relinquere</strong></span> <span class='ocrx_word' id='word_1_277' title='bbox 2799 1129 3079 1197; x_wconf 84' lang='lat' dir='ltr'><strong>oporteat?</strong></span> <span class='ocrx_word' id='word_1_278' title='bbox 3121 1128 3380 1194; x_wconf 87' lang='lat' dir='ltr'><strong>Quoniam</strong></span> <span class='ocrx_word' id='word_1_279' title='bbox 3429 1131 3583 1200; x_wconf 80' lang='lat' dir='ltr'><strong>igitur</strong></span> <span class='ocrx_word' id='word_1_280' title='bbox 3627 1132 3816 1186; x_wconf 79' lang='lat' dir='ltr'><strong>suﬂicit</strong></span> 
     </span>
    </p>
   </div>
   <div class='ocr_carea' id='block_1_39' title="bbox 2235 1215 3822 1290">
    <p class='ocr_par' dir='ltr' id='par_1_39' title="bbox 2235 1215 3822 1290">
     <span class='ocr_line' id='line_1_39' title="bbox 2235 1215 3822 1290; baseline 0.004 -20"><span class='ocrx_word' id='word_1_281' title='bbox 2235 1215 2337 1270; x_wconf 91' lang='lat' dir='ltr'><strong>hoc</strong></span> <span class='ocrx_word' id='word_1_282' title='bbox 2365 1219 2584 1272; x_wconf 88' lang='lat' dir='ltr'><strong>verbum</strong></span> <span class='ocrx_word' id='word_1_283' title='bbox 2613 1220 2787 1273; x_wconf 86' lang='lat' dir='ltr'><strong>solum</strong></span> <span class='ocrx_word' id='word_1_284' title='bbox 2812 1219 2878 1273; x_wconf 90' lang='lat' dir='ltr'><strong>ad</strong></span> <span class='ocrx_word' id='word_1_285' title='bbox 2911 1220 3125 1288; x_wconf 91' lang='lat' dir='ltr'><strong>plumbo</strong></span> <span class='ocrx_word' id='word_1_286' title='bbox 3151 1222 3294 1274; x_wconf 90' lang='lat' dir='ltr'><strong>omni</strong></span> <span class='ocrx_word' id='word_1_287' title='bbox 3322 1223 3617 1290; x_wconf 81' lang='lat' dir='ltr'><strong>graviorem</strong></span> <span class='ocrx_word' id='word_1_288' title='bbox 3650 1223 3822 1276; x_wconf 80' lang='lat' dir='ltr'><strong>corri-</strong></span> 
     </span>
    </p>
   </div>
   <div class='ocr_carea' id='block_1_40' title="bbox 2232 1307 3823 1380">
    <p class='ocr_par' dir='ltr' id='par_1_40' title="bbox 2232 1307 3823 1380">
     <span class='ocr_line' id='line_1_40' title="bbox 2232 1307 3823 1380; baseline 0.003 -18"><span class='ocrx_word' id='word_1_289' title='bbox 2232 1307 2461 1378; x_wconf 80' lang='lat' dir='ltr'><strong>gendum</strong></span> <span class='ocrx_word' id='word_1_290' title='bbox 2489 1318 2540 1363; x_wconf 89' lang='lat' dir='ltr'><strong>et</strong></span> <span class='ocrx_word' id='word_1_291' title='bbox 2582 1309 2999 1378; x_wconf 85' lang='lat' dir='ltr'><strong>promovendum</strong></span> <span class='ocrx_word' id='word_1_292' title='bbox 3031 1310 3096 1364; x_wconf 84' lang='lat' dir='ltr'><strong>ad</strong></span> <span class='ocrx_word' id='word_1_293' title='bbox 3142 1327 3422 1380; x_wconf 89' lang='lat' dir='ltr'><strong>supernam</strong></span> <span class='ocrx_word' id='word_1_294' title='bbox 3462 1313 3823 1367; x_wconf 70' lang='lat' dir='ltr'><strong>eunt-ersatio-</strong></span> 
     </span>
    </p>
   </div>
   <div class='ocr_carea' id='block_1_41' title="bbox 2233 1399 3824 1470">
    <p class='ocr_par' dir='ltr' id='par_1_41' title="bbox 2233 1399 3824 1470">
     <span class='ocr_line' id='line_1_41' title="bbox 2233 1399 3824 1470; baseline 0.004 -19"><span class='ocrx_word' id='word_1_295' title='bbox 2233 1413 2378 1464; x_wconf 90' lang='lat' dir='ltr'><strong>nem,</strong></span> <span class='ocrx_word' id='word_1_296' title='bbox 2425 1409 2479 1453; x_wconf 88' lang='lat' dir='ltr'><strong>et</strong></span> <span class='ocrx_word' id='word_1_297' title='bbox 2517 1415 2614 1454; x_wconf 86' lang='lat' dir='ltr'><strong>nos</strong></span> <span class='ocrx_word' id='word_1_298' title='bbox 2659 1399 2762 1454; x_wconf 89' lang='lat' dir='ltr'><strong>huc</strong></span> <span class='ocrx_word' id='word_1_299' title='bbox 2812 1400 3128 1466; x_wconf 87' lang='lat' dir='ltr'><strong>desinimus,</strong></span> <span class='ocrx_word' id='word_1_300' title='bbox 3178 1411 3334 1470; x_wconf 87' lang='lat' dir='ltr'><strong>teque</strong></span> <span class='ocrx_word' id='word_1_301' title='bbox 3381 1402 3728 1458; x_wconf 78' lang='lat' dir='ltr'><strong>admonemus</strong></span> <span class='ocrx_word' id='word_1_302' title='bbox 3769 1413 3824 1458; x_wconf 91' lang='lat' dir='ltr'><strong>ut</strong></span> 
     </span>
    </p>
   </div>
   <div class='ocr_carea' id='block_1_42' title="bbox 2233 1490 3822 1560">
    <p class='ocr_par' dir='ltr' id='par_1_42' title="bbox 2233 1490 3822 1560">
     <span class='ocr_line' id='line_1_42' title="bbox 2233 1490 3822 1560; baseline 0.003 -17"><span class='ocrx_word' id='word_1_303' title='bbox 2233 1491 2388 1559; x_wconf 91' lang='lat' dir='ltr'><strong>quasi</strong></span> <span class='ocrx_word' id='word_1_304' title='bbox 2431 1490 2667 1545; x_wconf 83' lang='lat' dir='ltr'><strong>divinum</strong></span> <span class='ocrx_word' id='word_1_305' title='bbox 2719 1492 2932 1560; x_wconf 87' lang='lat' dir='ltr'><strong>aliquod</strong></span> <span class='ocrx_word' id='word_1_306' title='bbox 2963 1493 3226 1548; x_wconf 90' lang='lat' dir='ltr'><strong>canticum</strong></span> <span class='ocrx_word' id='word_1_307' title='bbox 3271 1495 3557 1560; x_wconf 89' lang='lat' dir='ltr'><strong>concinas;</strong></span> <span class='ocrx_word' id='word_1_308' title='bbox 3585 1511 3648 1548; x_wconf 89' lang='lat' dir='ltr'><strong>ac</strong></span> <span class='ocrx_word' id='word_1_309' title='bbox 3679 1495 3822 1549; x_wconf 91' lang='lat' dir='ltr'><strong>domi</strong></span> 
     </span>
    </p>
   </div>
   <div class='ocr_carea' id='block_1_43' title="bbox 2234 1580 3821 1651">
    <p class='ocr_par' dir='ltr' id='par_1_43' title="bbox 2234 1580 3821 1651">
     <span class='ocr_line' id='line_1_43' title="bbox 2234 1580 3821 1651; baseline 0.001 -16"><span class='ocrx_word' id='word_1_310' title='bbox 2234 1587 2289 1635; x_wconf 89' lang='lat' dir='ltr'><strong>et</strong></span> <span class='ocrx_word' id='word_1_311' title='bbox 2315 1581 2367 1634; x_wconf 92' lang='lat' dir='ltr'><strong>in</strong></span> <span class='ocrx_word' id='word_1_312' title='bbox 2394 1580 2530 1645; x_wconf 76' lang='lat' dir='ltr'><strong>foro,</strong></span> <span class='ocrx_word' id='word_1_313' title='bbox 2561 1590 2614 1636; x_wconf 90' lang='lat' dir='ltr'><strong>et</strong></span> <span class='ocrx_word' id='word_1_314' title='bbox 2638 1582 2726 1636; x_wconf 87' lang='lat' dir='ltr'><strong>die</strong></span> <span class='ocrx_word' id='word_1_315' title='bbox 2744 1591 2798 1636; x_wconf 90' lang='lat' dir='ltr'><strong>et</strong></span> <span class='ocrx_word' id='word_1_316' title='bbox 2827 1593 3002 1646; x_wconf 90' lang='lat' dir='ltr'><strong>nocte,</strong></span> <span class='ocrx_word' id='word_1_317' title='bbox 3028 1593 3081 1638; x_wconf 89' lang='lat' dir='ltr'><strong>et</strong></span> <span class='ocrx_word' id='word_1_318' title='bbox 3111 1583 3162 1637; x_wconf 94' lang='lat' dir='ltr'><strong>in</strong></span> <span class='ocrx_word' id='word_1_319' title='bbox 3211 1584 3292 1638; x_wconf 86' lang='lat' dir='ltr'><strong>via</strong></span> <span class='ocrx_word' id='word_1_320' title='bbox 3319 1593 3373 1637; x_wconf 89' lang='lat' dir='ltr'><strong>et</strong></span> <span class='ocrx_word' id='word_1_321' title='bbox 3420 1584 3470 1636; x_wconf 93' lang='lat' dir='ltr'><strong>in</strong></span> <span class='ocrx_word' id='word_1_322' title='bbox 3519 1583 3754 1638; x_wconf 89' lang='lat' dir='ltr'><strong>thalamo</strong></span> <span class='ocrx_word' id='word_1_323' title='bbox 3783 1587 3821 1651; x_wconf 76' lang='grc'><strong>³,</strong></span> 
     </span>
    </p>
   </div>
   <div class='ocr_carea' id='block_1_44' title="bbox 2235 1674 3822 1743">
    <p class='ocr_par' dir='ltr' id='par_1_44' title="bbox 2235 1674 3822 1743">
     <span class='ocr_line' id='line_1_44' title="bbox 2235 1674 3822 1743; baseline 0.003 -17"><span class='ocrx_word' id='word_1_324' title='bbox 2235 1680 2289 1726; x_wconf 88' lang='lat' dir='ltr'><strong>et</strong></span> <span class='ocrx_word' id='word_1_325' title='bbox 2317 1687 2449 1727; x_wconf 86' lang='lat' dir='ltr'><strong>voce</strong></span> <span class='ocrx_word' id='word_1_326' title='bbox 2489 1681 2544 1727; x_wconf 87' lang='lat' dir='ltr'><strong>et</strong></span> <span class='ocrx_word' id='word_1_327' title='bbox 2572 1682 2751 1728; x_wconf 86' lang='lat' dir='ltr'><strong>mente</strong></span> <span class='ocrx_word' id='word_1_328' title='bbox 2798 1674 3051 1730; x_wconf 89' lang='lat' dir='ltr'><strong>continue</strong></span> <span class='ocrx_word' id='word_1_329' title='bbox 3093 1675 3326 1743; x_wconf 85' lang='lat' dir='ltr'><strong>loquaris</strong></span> <span class='ocrx_word' id='word_1_330' title='bbox 3368 1675 3559 1729; x_wconf 73' lang='lat' dir='ltr'><strong>anima:</strong></span> <span class='ocrx_word' id='word_1_331' title='bbox 3597 1676 3822 1730; x_wconf 87' lang='lat' dir='ltr'><strong>dicens:</strong></span> 
     </span>
    </p>
   </div>
   <div class='ocr_carea' id='block_1_45' title="bbox 2235 1760 3826 1830">
    <p class='ocr_par' dir='ltr' id='par_1_45' title="bbox 2235 1760 3826 1830">
     <span class='ocr_line' id='line_1_45' title="bbox 2235 1760 3826 1830; baseline 0.004 -15"><span class='ocrx_word' id='word_1_332' title='bbox 2235 1760 2396 1826; x_wconf 84' lang='lat' dir='ltr'><strong>Audi,</strong></span> <span class='ocrx_word' id='word_1_333' title='bbox 2443 1763 2640 1828; x_wconf 90' lang='lat' dir='ltr'><strong>anima,</strong></span> <span class='ocrx_word' id='word_1_334' title='bbox 2695 1770 2751 1817; x_wconf 84' lang='lat' dir='ltr'><strong>et</strong></span> <span class='ocrx_word' id='word_1_335' title='bbox 2795 1763 2948 1828; x_wconf 91' lang='lat' dir='ltr'><strong>vide,</strong></span> <span class='ocrx_word' id='word_1_336' title='bbox 2997 1771 3050 1817; x_wconf 89' lang='lat' dir='ltr'><strong>et</strong></span> <span class='ocrx_word' id='word_1_337' title='bbox 3097 1763 3288 1820; x_wconf 89' lang='lat' dir='ltr'><strong>inclina</strong></span> <span class='ocrx_word' id='word_1_338' title='bbox 3338 1778 3520 1818; x_wconf 89' lang='lat' dir='ltr'><strong>aurem</strong></span> <span class='ocrx_word' id='word_1_339' title='bbox 3565 1773 3734 1830; x_wconf 90' lang='lat' dir='ltr'><strong>tuam,</strong></span> <span class='ocrx_word' id='word_1_340' title='bbox 3775 1775 3826 1821; x_wconf 90' lang='lat' dir='ltr'><strong>et</strong></span> 
     </span>
    </p>
   </div>
   <div class='ocr_carea' id='block_1_46' title="bbox 2237 1849 3826 1922">
    <p class='ocr_par' dir='ltr' id='par_1_46' title="bbox 2237 1849 3826 1922">
     <span class='ocr_line' id='line_1_46' title="bbox 2237 1849 3826 1922; baseline 0.004 -18"><span class='ocrx_word' id='word_1_341' title='bbox 2237 1849 2553 1905; x_wconf 88' lang='lat' dir='ltr'><strong>obliviscere</strong></span> <span class='ocrx_word' id='word_1_342' title='bbox 2597 1851 2751 1905; x_wconf 73' lang='lat' dir='ltr'><strong>mala:</strong></span> <span class='ocrx_word' id='word_1_343' title='bbox 2793 1851 3214 1917; x_wconf 85' lang='lat' dir='ltr'><strong>consuetudinis,</strong></span> <span class='ocrx_word' id='word_1_344' title='bbox 3261 1862 3314 1907; x_wconf 90' lang='lat' dir='ltr'><strong>et</strong></span> <span class='ocrx_word' id='word_1_345' title='bbox 3353 1854 3698 1922; x_wconf 84' lang='lat' dir='ltr'><strong>concupiscet</strong></span> <span class='ocrx_word' id='word_1_346' title='bbox 3735 1870 3826 1910; x_wconf 78' lang='lat' dir='ltr'><strong>rex</strong></span> 
     </span>
    </p>
   </div>
   <div class='ocr_carea' id='block_1_47' title="bbox 2238 1938 3826 2008">
    <p class='ocr_par' dir='ltr' id='par_1_47' title="bbox 2238 1938 3826 2008">
     <span class='ocr_line' id='line_1_47' title="bbox 2238 1938 3826 2008; baseline 0.005 -16"><span class='ocrx_word' id='word_1_347' title='bbox 2238 1938 2685 2008; x_wconf 89' lang='lat' dir='ltr'><strong>pulchritudinem</strong></span> <span class='ocrx_word' id='word_1_348' title='bbox 2742 1949 2905 1996; x_wconf 90' lang='lat' dir='ltr'><strong>tuam.</strong></span> <span class='ocrx_word' id='word_1_349' title='bbox 2955 1942 3023 1996; x_wconf 87' lang='lat' dir='ltr'><strong>Et</strong></span> <span class='ocrx_word' id='word_1_350' title='bbox 3072 1943 3116 1996; x_wconf 89' lang='lat' dir='ltr'><strong>si</strong></span> <span class='ocrx_word' id='word_1_351' title='bbox 3163 1943 3264 1996; x_wconf 92' lang='lat' dir='ltr'><strong>hoc</strong></span> <span class='ocrx_word' id='word_1_352' title='bbox 3308 1945 3557 1999; x_wconf 85' lang='lat' dir='ltr'><strong>continue</strong></span> <span class='ocrx_word' id='word_1_353' title='bbox 3604 1946 3826 2000; x_wconf 88' lang='lat' dir='ltr'><strong>verbum</strong></span> 
     </span>
    </p>
   </div>
   <div class='ocr_carea' id='block_1_48' title="bbox 2239 2029 3827 2104">
    <p class='ocr_par' dir='ltr' id='par_1_48' title="bbox 2239 2029 3827 2104">
     <span class='ocr_line' id='line_1_48' title="bbox 2239 2029 3827 2104; baseline 0.004 -20"><span class='ocrx_word' id='word_1_354' title='bbox 2239 2029 2455 2096; x_wconf 82' lang='lat' dir='ltr'><strong>dixeris,</strong></span> <span class='ocrx_word' id='word_1_355' title='bbox 2499 2046 2630 2085; x_wconf 92' lang='lat' dir='ltr'><strong>auro</strong></span> <span class='ocrx_word' id='word_1_356' title='bbox 2659 2032 2803 2086; x_wconf 93' lang='lat' dir='ltr'><strong>omni</strong></span> <span class='ocrx_word' id='word_1_357' title='bbox 2830 2032 3100 2104; x_wconf 88' lang='lat' dir='ltr'><strong>puriorem</strong></span> <span class='ocrx_word' id='word_1_358' title='bbox 3131 2033 3294 2088; x_wconf 79' lang='lat' dir='ltr'><strong>iacies</strong></span> <span class='ocrx_word' id='word_1_359' title='bbox 3334 2035 3584 2087; x_wconf 87' lang='lat' dir='ltr'><strong>animam.</strong></span> <span class='ocrx_word' id='word_1_360' title='bbox 3617 2034 3827 2090; x_wconf 88' lang='lat' dir='ltr'><strong>Dictum</strong></span> 
     </span>
    </p>
   </div>
   <div class='ocr_carea' id='block_1_49' title="bbox 2237 2119 3828 2190">
    <p class='ocr_par' dir='ltr' id='par_1_49' title="bbox 2237 2119 3828 2190">
     <span class='ocr_line' id='line_1_49' title="bbox 2237 2119 3828 2190; baseline 0.003 -15"><span class='ocrx_word' id='word_1_361' title='bbox 2237 2121 2382 2175; x_wconf 85' lang='lat' dir='ltr'><strong>enim</strong></span> <span class='ocrx_word' id='word_1_362' title='bbox 2410 2119 2512 2176; x_wconf 85' lang='lat' dir='ltr'><strong>hoc</strong></span> <span class='ocrx_word' id='word_1_363' title='bbox 2552 2122 2673 2190; x_wconf 83' lang='lat' dir='ltr'><strong>igne</strong></span> <span class='ocrx_word' id='word_1_364' title='bbox 2702 2122 3071 2176; x_wconf 87' lang='lat' dir='ltr'><strong>vehementius</strong></span> <span class='ocrx_word' id='word_1_365' title='bbox 3099 2131 3153 2176; x_wconf 89' lang='lat' dir='ltr'><strong>et</strong></span> <span class='ocrx_word' id='word_1_366' title='bbox 3181 2122 3453 2176; x_wconf 76' lang='lat' dir='ltr'><strong>efﬁcacius</strong></span> <span class='ocrx_word' id='word_1_367' title='bbox 3495 2121 3685 2178; x_wconf 78' lang='lat' dir='ltr'><strong>amare</strong></span> <span class='ocrx_word' id='word_1_368' title='bbox 3715 2133 3828 2180; x_wconf 82' lang='lat' dir='ltr'><strong>tuas</strong></span> 
     </span>
    </p>
   </div>
   <div class='ocr_carea' id='block_1_50' title="bbox 2238 2210 3830 2283">
    <p class='ocr_par' dir='ltr' id='par_1_50' title="bbox 2238 2210 3830 2283">
     <span class='ocr_line' id='line_1_50' title="bbox 2238 2210 3830 2283; baseline 0.003 -19"><span class='ocrx_word' id='word_1_369' title='bbox 2238 2210 2588 2279; x_wconf 86' lang='lat' dir='ltr'><strong>cogitationes</strong></span> <span class='ocrx_word' id='word_1_370' title='bbox 2613 2219 2666 2264; x_wconf 93' lang='lat' dir='ltr'><strong>et</strong></span> <span class='ocrx_word' id='word_1_371' title='bbox 2703 2225 2889 2265; x_wconf 88' lang='lat' dir='ltr'><strong>omnes</strong></span> <span class='ocrx_word' id='word_1_372' title='bbox 2921 2220 3023 2265; x_wconf 63' lang='lat' dir='ltr'><strong>tua:</strong></span> <span class='ocrx_word' id='word_1_373' title='bbox 3061 2211 3255 2266; x_wconf 91' lang='lat' dir='ltr'><strong>mentis</strong></span> <span class='ocrx_word' id='word_1_374' title='bbox 3281 2211 3511 2266; x_wconf 88' lang='lat' dir='ltr'><strong>maculas</strong></span> <span class='ocrx_word' id='word_1_375' title='bbox 3535 2228 3830 2283; x_wconf 80' lang='lat' dir='ltr'><strong>expurgare</strong></span> 
     </span>
    </p>
   </div>
   <div class='ocr_carea' id='block_1_51' title="bbox 2238 2300 3826 2375">
    <p class='ocr_par' dir='ltr' id='par_1_51' title="bbox 2238 2300 3826 2375">
     <span class='ocr_line' id='line_1_51' title="bbox 2238 2300 3826 2375; baseline 0.004 -22"><span class='ocrx_word' id='word_1_376' title='bbox 2238 2300 2455 2368; x_wconf 88' lang='lat' dir='ltr'><strong>valebit,</strong></span> <span class='ocrx_word' id='word_1_377' title='bbox 2487 2301 2542 2355; x_wconf 92' lang='lat' dir='ltr'><strong>in</strong></span> <span class='ocrx_word' id='word_1_378' title='bbox 2567 2301 2780 2356; x_wconf 91' lang='lat' dir='ltr'><strong>Christo</strong></span> <span class='ocrx_word' id='word_1_379' title='bbox 2803 2301 2927 2356; x_wconf 85' lang='lat' dir='ltr'><strong>Jcsu</strong></span> <span class='ocrx_word' id='word_1_380' title='bbox 2971 2303 3196 2358; x_wconf 89' lang='lat' dir='ltr'><strong>Domino</strong></span> <span class='ocrx_word' id='word_1_381' title='bbox 3223 2312 3424 2372; x_wconf 87' lang='lat' dir='ltr'><strong>nostro,</strong></span> <span class='ocrx_word' id='word_1_382' title='bbox 3455 2304 3539 2358; x_wconf 91' lang='lat' dir='ltr'><strong>cui</strong></span> <span class='ocrx_word' id='word_1_383' title='bbox 3581 2305 3751 2375; x_wconf 87' lang='lat' dir='ltr'><strong>gloria</strong></span> <span class='ocrx_word' id='word_1_384' title='bbox 3779 2307 3826 2360; x_wconf 86' lang='lat' dir='ltr'><strong>in</strong></span> 
     </span>
    </p>
   </div>
   <div class='ocr_carea' id='block_1_52' title="bbox 2241 2392 3020 2472">
    <p class='ocr_par' dir='ltr' id='par_1_52' title="bbox 2241 2392 3020 2472">
     <span class='ocr_line' id='line_1_52' title="bbox 2241 2392 3020 2472; baseline -0.003 -24"><span class='ocrx_word' id='word_1_385' title='bbox 2241 2393 2449 2472; x_wconf 35' lang='lat' dir='ltr'><strong>saecula.</strong></span> <span class='ocrx_word' id='word_1_386' title='bbox 2464 2393 2802 2448; x_wconf 72' lang='lat' dir='ltr'><strong>szeculorum.</strong></span> <span class='ocrx_word' id='word_1_387' title='bbox 2829 2392 3020 2448; x_wconf 83' lang='lat' dir='ltr'><strong>Amen.</strong></span> 
     </span>
    </p>
   </div>
   <div class='ocr_carea' id='block_1_53' title="bbox 2246 2564 2990 2626">
    <p class='ocr_par' dir='ltr' id='par_1_53' title="bbox 2246 2564 2990 2626">
     <span class='ocr_line' id='line_1_53' title="bbox 2246 2564 2990 2626; baseline -0.003 -10"><span class='ocrx_word' id='word_1_388' title='bbox 2246 2567 2254 2574; x_wconf 90' lang='lat'>&#39;</span> <span class='ocrx_word' id='word_1_389' title='bbox 2308 2567 2324 2598; x_wconf 78' lang='grc' dir='ltr'>ί</span> <span class='ocrx_word' id='word_1_390' title='bbox 2360 2565 2499 2616; x_wconf 87' lang='lat' dir='ltr'><strong>Savil.</strong></span> <span class='ocrx_word' id='word_1_391' title='bbox 2527 2565 2692 2626; x_wconf 86' lang='lat' dir='ltr'><strong>habet,</strong></span> <span class='ocrx_word' id='word_1_392' title='bbox 2717 2565 2826 2618; x_wconf 79' lang='lat' dir='ltr'><strong>etin</strong></span> <span class='ocrx_word' id='word_1_393' title='bbox 2849 2564 2990 2616; x_wconf 81' lang='lat' dir='ltr'><strong>mari.</strong></span> 
     </span>
    </p>
   </div>
   <div class='ocr_carea' id='block_1_54' title="bbox 1875 3359 2494 3432">
    <p class='ocr_par' dir='ltr' id='par_1_54' title="bbox 1875 3359 2494 3432">
     <span class='ocr_line' id='line_1_54' title="bbox 1875 3359 2494 3432; baseline 0 -12"><span class='ocrx_word' id='word_1_394' title='bbox 1875 3361 2049 3432; x_wconf 78' lang='lat' dir='ltr'><strong>FINIS</strong></span> <span class='ocrx_word' id='word_1_395' title='bbox 2084 3359 2249 3430; x_wconf 77' lang='lat' dir='ltr'><strong>TOMI</strong></span> <span class='ocrx_word' id='word_1_396' title='bbox 2285 3361 2494 3420; x_wconf 80' lang='lat' dir='ltr'><strong>PRIMI.</strong></span> 
     </span>
    </p>
   </div>
  </div>
