2758 4350
211 255 254 285 111
2398 235 2442 263 IV

212 329 384 384 Duplex
405 341 503 370 vero
528 338 587 370 est
609 329 867 382 Spuriorum
900 337 1030 378 genus
1059 335 1150 376 quis
1181 320 1394 362 communi
1415 320 1584 372 afﬁcere
1605 317 1912 372 reprobatione
1933 314 2102 356 minime
2131 322 2294 364 (equum
2313 311 2442 364 foret.

213 403 312 444 Alia
337 409 452 447 sunt.
476 413 656 456 quorum
679 407 876 441 auctores
899 397 1102 450 temporis
1125 393 1290 436 invidia
1311 391 1458 433 obruti
1480 392 1628 441 latent,
1652 397 1690 432 et
1721 403 1828 444 quae,
1853 388 1902 430 ob
1925 386 2151 442 quamdam
2172 382 2338 436 ingenii
2359 388 2449 422 tra-

213 474 368 515 ctatice
409 471 654 526 argumenti
687 467 1013 511 similitudinem
1035 497 1044 514 ,
1081 461 1371 506 celeberrimis
1408 461 1644 516 aliquando
1679 458 1973 512 scriptoribus
2011 455 2284 498 tribuuntur.
2331 453 2449 494 Licet

211 543 413 597 gravibus
435 543 560 597 fraus
576 539 830 594 plerumque
857 535 1145 576 demonstrari
1171 537 1297 586 queat
1331 531 1615 579 testimoniis,
1634 529 1799 584 spuriis
1837 524 2085 580 hujusmodi
2107 535 2185 564 nos
2223 521 2342 580 ultro
2378 533 2448 562 ve-

211 616 328 656 niam
363 598 646 658 concedimus,
671 610 772 662 quia
805 605 1078 660 philologiae
1109 605 1282 646 critices
1317 604 1530 646 thesauris
1558 604 1603 644 in
1639 601 1730 642 dies
1752 597 2058 647 crescentibus,
2079 596 2194 649 forte
2221 593 2382 635 eveniet
2403 597 2450 632 ut

213 697 310 724 eras
330 681 570 736 probentur
589 679 772 732 genuina
801 690 890 730 quae
912 676 1142 718 hodiedum
1164 675 1413 716 adulterina
1445 671 1663 715 videntur.
1686 670 1786 712 Alia
1820 681 1918 710 vero
1941 672 2073 708 scatet
2095 667 2261 721 fetuum
2282 673 2447 714 suppo-

212 755 449 795 sititiorum
474 749 678 804 ignobilis
696 748 938 802 plebecula,
962 748 1035 799 qui
1056 745 1440 796 reverendissimis,
1469 745 1552 786 imo
1579 741 1864 784 sanctissimis
1895 740 2159 782 adhaerentes
2184 734 2448 779 nominibus,

215 839 260 866 ea
285 803 668 877 indignaturpant
699 823 934 871 consortio,
961 827 997 861 et
1033 820 1093 860 sic
1129 818 1330 860 indebitte
1355 819 1462 872 ﬁunt
1484 815 1826 858 immortalitatis
1846 813 2102 867 participes.
2133 810 2314 850 Tantum
2334 803 2449 849 abest

213 903 258 935 ut
293 893 342 934 ab
365 893 441 934 hac
459 899 576 945 peste
597 892 795 933 immunis
825 891 959 946 fuerit
992 889 1115 929 divus
1139 887 1482 941 Chrgsostomus,
1509 891 1548 925 et
1573 884 1716 924 varios
1741 883 1851 923 inter
1874 883 1964 936 ejus
1991 879 2192 922 editores,
2215 886 2336 916 nemo
2361 885 2448 913 non

212 963 360 1009 sensit,
383 973 502 1002 nemo
529 973 617 1001 non
639 959 755 1000 dixit
775 971 899 1014 quam
933 957 1166 1010 optandum
1191 961 1295 996 esset
1327 953 1574 1008 quisquiliis
1598 953 1695 994 istis
1719 955 1808 1006 ejus
1831 963 1962 1004 opera
1987 945 2242 1001 expurgari.
2264 945 2326 987 Ne
2344 943 2447 998 quid

213 1037 352 1072 autem
378 1043 430 1071 ex
456 1031 541 1084 iam
574 1029 702 1071 editis
723 1031 769 1070 in
800 1029 876 1069 hac
902 1027 1092 1068 editione
1129 1032 1278 1066 nostra
1308 1023 1596 1071 desideretur,
1631 1035 1682 1062 ne
1708 1020 1998 1062 insulsissima
2019 1016 2186 1072 quidem
2214 1021 2446 1056 com-menta

213 1103 446 1150 omisimus,
463 1099 634 1155 judicio
673 1099 878 1139 lectorum
918 1096 1192 1149 conﬁdentes,
1227 1093 1382 1148 quibus
1417 1099 1623 1146 prater-ea
1661 1090 1885 1144 exquisitw
1925 1085 2254 1139 Montefalconii
2285 1085 2448 1139 pra'fa-

214 1171 417 1213 tiunculaa
439 1183 586 1212 secura
609 1170 790 1212 consilia
814 1167 1170 1222 suppeditabunt.
1197 1167 1256 1206 Μ.

213 1320 2451 1368 W

218 1483 886 1566 namnam
941 1483 1106 1558 nn
1159 1474 2034 1557 monrrnucon
2077 1430 2448 1548 vi'rn.

1162 1673 1196 1678 -ι
1207 1669 1305 1682 -ο
1316 1668 1496 1682 oar—4

273 1796 653 1852 Montefaleonius.
678 1793 830 1846 gallice
853 1789 902 1830 de
929 1789 1209 1841 illaut/auem:
1237 1785 1538 1837 (Bernartius),
1560 1785 1785 1837 provincia
1808 1783 2054 1832 Oeeitanus,
2081 1784 2125 1823 in
2151 1783 2324 1824 castello
2345 1786 2452 1826 Sou-

217 1868 326 1924 lagii
345 1881 397 1909 ex
418 1867 597 1917 antiqua
617 1861 836 1913 nobilique
856 1857 1024 1912 familia
1044 1863 1172 1896 natus
1197 1861 1256 1894 est
1279 1854 1346 1894 die
1357 1853 1562 1907 januarii
1579 1853 1742 1894 decima
1757 1853 1954 1905 septima,
1973 1863 2084 1892 anno
2106 1852 2225 1893 1655.
2244 1853 2452 1896 Militiam

215 1923 405 1995 primum.
422 1935 660 1989 amplexus,
684 1944 826 1974 rerum
847 1931 1129 1971 humanarum
1163 1926 1444 1979 fragilitatem
1464 1930 1598 1965 morte
1617 1931 1844 1978 parentum
1865 1923 2042 1966 edoctus
2064 1933 2140 1965 est.
2162 1925 2296 1967 Haud
2316 1928 2450 1968 multo

215 1992 315 2065 post
335 2008 490 2048 saculo
523 2003 734 2047 valedixit
767 2000 1064 2052 Maitrinteque
1099 1996 1188 2037 PP.
1223 1994 1604 2036 Benedictinorum
1637 1994 1966 2046 congregationi
1997 2004 2085 2034 sese
2121 1992 2451 2038 adscribendum

217 2060 386 2122 curavit
411 2088 523 2117 anno
547 2073 666 2116 1675.
702 2071 813 2114 Novi
847 2068 1007 2110 sodalis
1031 2067 1146 2127 fama
1174 2075 1275 2104 mox
1309 2069 1436 2104 extra
1470 2061 1650 2102 coenobii
1689 2061 1844 2102 limites
1865 2060 1949 2102 late
1978 2073 2057 2116 per
2079 2068 2209 2104 totam
2229 2063 2451 2120 Europam

221 2151 390 2203 ﬂoruit.
413 2147 632 2188 Memoriae
665 2140 902 2184 miraculis,
929 2139 1132 2179 immensa
1165 2134 1381 2184 doctrina,
1403 2131 1574 2188 judicio
1595 2132 1835 2185 praesertim
1871 2139 1910 2173 et
1942 2133 2106 2186 ingenii
2139 2135 2333 2177 acumine
2353 2138 2449 2192 jam

221 2219 534 2266 celeberrimus,
555 2215 604 2256 in
626 2212 798 2254 Italiam
821 2209 1022 2262 migravit
1043 2219 1156 2247 anno
1181 2205 1305 2254 1698,
1327 2204 1644 2255 manuscriptos
1667 2203 1832 2245 codices
1857 2205 2170 2246 vetustissimos
2189 2207 2350 2259 passim
2371 2220 2450 2261 per

218 2288 494 2332 bibliothecas
528 2283 886 2334 investigaturus.
916 2279 1028 2319 Dum
1049 2277 1191 2316 Romae
1223 2274 1408 2326 degeret,
1431 2272 1548 2326 apud
1567 2271 1766 2314 Sanctam
1789 2271 1936 2314 Sedem
1961 2273 2126 2316 ordinis
2147 2277 2218 2317 sui
2233 2289 2450 2330 procura—

219 2367 304 2408 tor,
329 2354 638 2396 benedictinam
666 2351 756 2392 dici
787 2347 1022 2400 Augustini
1046 2345 1274 2387 editionem
1302 2361 1308 2385 4

1362 2350 1456 2384 utra
1487 2343 1718 2384 acerrimos
1754 2343 2030 2407 inimicorum
2054 2345 2246 2388 assultus
2263 2347 2451 2402 feliciter

217 2424 528 2480 propugnavit.
555 2420 784 2472 Pontiﬁces
807 2416 996 2460 Clemens
1017 2414 1081 2454 XI
1116 2421 1155 2456 et
1188 2413 1446 2455 Benedictus
1481 2411 1596 2454 XIII
1621 2413 1937 2466 imperatorque
1969 2413 2149 2456 Carolus
2185 2417 2240 2458 Vl
2261 2420 2449 2460 maxima

219 2510 311 2538 eum
345 2505 508 2547 semper
539 2503 740 2544 excepere
775 2487 1082 2530 benevolentia.
1107 2485 1320 2527 Lutetiam
1350 2497 1547 2525 reversus
1577 2497 1690 2526 anno
1727 2489 1848 2538 1701,
1869 2489 2098 2529 continuos
2125 2492 2225 2532 υίιιε
2247 2479 2452 2533 studium

220 2568 386 2609 labores
405 2569 660 2620 prosecutus
685 2568 760 2603 est.
783 2558 1081 2612 Quamobrem,
1105 2557 1203 2598 licet
1227 2557 1326 2598 vitae
1350 2545 1621 2598 curriculum
1648 2570 1780 2611 usque
1808 2558 1862 2600 ad
1893 2572 1969 2600 sex
1995 2567 2031 2601 et
2057 2563 2280 2614 octoginta
2313 2575 2449 2604 annos

219 2635 510 2693 protraxerit,
536 2635 674 2688 ferreo
696 2643 832 2685 prope
858 2627 1058 2682 corporis
1079 2626 1234 2667 robore
1255 2625 1576 2678 usque'valens,
1602 2627 1680 2667 vix
1701 2633 1839 2667 tamen
1861 2627 2124 2682 intelligitur
2146 2632 2353 2684 quomodo
2388 2639 2449 2674 tot

221 2718 386 2759 tamque
407 2703 609 2759 gravibus
631 2701 832 2756 operibus
855 2697 1026 2740 edendis
1060 2695 1295 2750 suffecerit.
1321 2693 1511 2747 Legatur
1536 2695 1660 2736 modo
1698 2707 1874 2750 sequens
1894 2699 2218 2742 nomenclatura
2238 2715 2251 2742 :
2277 2703 2316 2742 1°
2335 2703 2448 2744 Ana-

223 2777 331 2819 lecta
357 2785 510 2829 graeca,
536 2772 552 2812 1
577 2770 661 2812 vol.
685 2769 816 2817 in-li",
839 2763 1156 2822 graeco-latine,
1175 2763 1296 2804 1688.
1321 2762 1366 2802 2°
1387 2762 1582 2804 Diarium
1598 2762 1816 2813 Italicum,
1841 2767 1862 2806 1
1883 2765 1964 2808 vol.
1991 2766 2125 2816 in-li‘,
2151 2769 2270 2811 1702.
2291 2770 2332 2810 3°
2355 2771 2452 2813 Co]-

224 2846 351 2888 lecxio
377 2850 573 2885 veterum
604 2840 869 2891 scriptorum
901 2837 1171 2882 Grtccomm,
1201 2834 1228 2874 2
1254 2829 1340 2872 vol.
1378 2831 1538 2886 in-fol.,
1561 2834 1872 2886 graeco-latine,
1899 2837 2020 2878 1706.
2045 2836 2088 2877 Ιιιο
2108 2838 2273 2884 Gallica
2305 2841 2449 2882 versio

223 2909 327 2953 libri
350 2911 546 2952 Philonis
569 2911 632 2950 De
661 2909 758 2948 Vlla
791 2903 1146 2954 conlemplaliva,
1179 2903 1200 2942 1
1229 2900 1314 2941 vol.
1351 2900 1553 2943 iii-12.5“
1575 2903 1900 2956 Palteographia
1929 2906 2094 2954 Graeca,
2120 2908 2141 2947 1
2167 2909 2250 2947 vol.
2282 2908 2447 2961 in-[ol.,

224 2979 344 3026 1708,
373 2989 480 3031 opus
505 2975 705 3016 eximium
727 2974 772 3013 in
794 2983 875 3024 quo
899 2971 1023 3010 varia
1044 2969 1338 3009 characterum
1359 2966 1606 3010 Graecorum
1630 2972 1864 3024 specimina
1887 2973 2159 3018 exhibentur.
2183 2978 2224 3018 6°
2255 2977 2447 3028 Hexapla

225 3047 442 3100 Origenis,
463 3045 492 3085 2
514 3042 601 3084 vol.
625 3039 790 3094 in-fol.,
815 3039 935 3080 1713.
954 3039 996 3079 7°
1016 3035 1284 3078 Bibliotheca
1306 3035 1590 3088 Coisliniana,
1618 3039 1638 3079 1
1667 3039 1752 3080 vol.
1777 3040 1919 3094 in-fol.
1943 3041 1986 3083 8°
2013 3042 2264 3095 Antiquitas
2293 3045 2445 3098 expia-

224 3126 336 3168 nata,
364 3125 459 3168 etc,
484 3117 533 3158 10
565 3115 648 3156 vol.
685 3110 858 3166 in-fol.,
901 3111 1018 3152 1719.
1057 3111 1100 3151 9°
1122 3108 1388 3164 Antiquitati
1430 3110 1672 3163 explanata)
1703 3113 2086 3167 Supplemcnlum,
2111 3117 2136 3158 5
2167 3119 2249 3160 vol.
2276 3119 2446 3174 in-fol.,

226 3191 355 3235 1721s;
393 3197 618 3240 utrumque
653 3183 991 3239 gallica-latine.
1033 3183 1099 3222 10°
1131 3181 1396 3223 Monarchite
1427 3181 1604 3224 Gallicus
1636 3185 1938 3236 Monumenta,
1975 3189 2002 3231 ε)
2033 3187 2120 3228 vol.
2153 3188 2316 3244 in-[ol.,
2353 3203 2449 3232 cum

225 3261 395 3317 ﬁguris,
421 3258 588 3312 gallice,
614 3258 732 3298 1729.
762 3259 826 3297 11°
846 3253 1113 3298 Bibliotheca
1141 3252 1505 3296 bibliothecarum
1534 3257 1936 3310 manuscriptorum
1975 3269 2102 3306 nova,
2126 3257 2153 3297 52
2173 3259 2258 3300 vol.
2284 3261 2445 3314 in-fol.,

227 3333 352 3374 1739.
378 3331 444 3371 12"
466 3329 648 3370 Joannis
673 3327 967 3379 Chrysostomi
998 3336 1172 3378 operum
1209 3323 1340 3366 editio
1382 3327 1721 3378 exquisitissimo
1741 3339 1865 3381 quam
1887 3329 2024 3370 denuo
2044 3330 2161 3383 typis
2182 3332 2446 3383 mandamus,

229 3402 278 3442 13
311 3399 396 3440 vol.
431 3397 596 3451 in-fol.,
619 3396 670 3438 ab
707 3409 820 3436 anno
859 3397 964 3437 1718
987 3407 1117 3448 usque
1137 3393 1194 3434 ad
1229 3406 1387 3434 annum
1409 3395 1530 3438 1738.
1555 3399 1655 3440 Htec
1689 3405 1750 3442 est
1778 3403 2098 3456 pracipuorum
2119 3402 2450 3458 Montefalconii

227 3480 402 3521 operum
423 3465 571 3515 moles,
608 3478 699 3518 qua:
728 3466 861 3507 multo
896 3467 1029 3519 magis
1049 3470 1304 3520 portentosa
1325 3465 1555 3519 videbitur,
1585 3471 1624 3511 si
1648 3471 1900 3513 attendatur
1920 3474 2156 3528 unicuique
2177 3477 2300 3528 operi
2319 3475 2445 3528 vulgo

336 3506 344 3508 ἡ
562 3506 571 3515 ,
617 3506 627 3518 ,
822 3506 825 3507 ν
965 3506 1002 3519 ,.
1049 3506 1065 3520 ,
1141 3506 1146 3508 ἡ
1376 3506 1392 3508 ν
1429 3506 1524 3508 ν
1545 3506 1555 3519 ,
1586 3506 1621 3511 η
1649 3506 1885 3513 ηψπ-.-.ω
1924 3506 2084 3516 “mw...
2107 3506 2153 3515 ην
2178 3506 2197 3515 ν
2322 3506 2400 3516 ω...
2424 3506 2444 3516 υ

226 3537 421 3578 accedere
459 3535 710 3584 versionem,
745 3541 886 3585 notas,
923 3535 1260 3586 dissertationes,
1291 3537 1508 3589 epistolas,
1533 3541 1858 3592 commentaria,
1890 3555 1972 3583 uno
2001 3506 2126 3585 verba
2154 3506 2364 3600 qu‘idquid
2393 3506 2448 3583 (Jul

229 3605 525 3658 mplauandas
547 3605 682 3645 omnis
703 3605 872 3658 generis
894 3605 1170 3657 difﬁcultates
1195 3606 1394 3659 prodesse
1414 3615 1568 3660 potest.

283 3676 640 3730 lilontefalconius
676 3675 864 3717 Parisiis
897 3675 1003 3716 obiit
1034 3676 1102 3718 die
1134 3676 1364 3720 decembris
1402 3679 1601 3732 vigesima
1637 3681 1798 3733 prima,
1831 3695 1942 3723 auito
1976 3684 2095 3734 ΠΗ,
2131 3691 2167 3725 et
2197 3685 2239 3726 in
2273 3680 2442 3723 ecclesia

231 3748 381 3788 Sancti
408 3746 651 3787 Germania
675 3745 818 3786 I’ratis
847 3745 1038 3798 sepultus
1067 3756 1140 3788 est.

2425 4127 2458 4151 υ

2339 4023 2436 4104 ,τί

2452 4085 2492 4125 ὅ.

2425 4145 2512 4207 Ϊί
