2758 4350
471 636 484 644 λ
756 627 759 630 ,
1061 534 1524 672 gradatio.

246 871 312 907 Diu
346 863 542 911 expolitam
571 858 610 894 S.
645 849 792 890 Joannis
830 834 1081 890 Chrysostomi
1113 831 1270 878 Operum

199 931 359 970 omnium
379 924 572 963 editionem
591 929 611 954 a
630 913 754 952 multis
769 909 844 957 jam
865 902 968 941 annis
987 903 1157 948 paramus
1176 902 1185 927 :
1210 899 1276 926 ne-

1071 956 1151 970 »-I-
1198 962 1253 970 ...μ
1269 969 1274 970 ,

201 956 359 970 ΙΙΙΙΙΙΙΙυιιι
380 956 476 963 vv"--.
491 956 531 958 ea,
774 956 779 957 7

201 1003 269 1042 que
289 989 384 1028 enim
405 987 546 1033 poterat
565 990 623 1017 I'CS
645 984 716 1013 tam
746 977 897 1018 operosa
913 993 924 1011 ,
944 971 1015 1000 tam
1036 956 1154 1004 ampla
1168 981 1178 998 ,
1198 962 1276 988 ﬁll)—

638 1041 643 1042 ν
781 1035 788 1042 -
849 1030 894 1042 νηε
931 1021 1148 1042 n:|.l:n1lmnn
1165 1018 1247 1042 cnl'il
1266 1040 1273 1042 ξ

201 1018 210 1031 .
227 1018 269 1030 ..υ
405 1018 424 1033 r

201 1018 283 1094 dico
301 1049 473 1098 temporis
493 1041 672 1082 curriculo
686 1030 912 1074 coneiunari.
931 1021 1149 1063 Bibliotheca
1165 1018 1248 1052 sunt
1265 1040 1275 1056 ,

775 1097 788 1098 ⁷⁷
915 1090 922 1098 ¹
991 1086 1014 1098 ﬂ
1029 1076 1253 1098 νί---ιη-ιιιηιι-ἶα

205 1076 283 1094 ιιιυυ
302 1076 433 1098 ιυιιιγ-ιι
445 1076 473 1084 lu
494 1076 606 1082 an..-"

205 1129 276 1157 non
311 1115 415 1157 liber,
446 1107 535 1146 tanti
577 1101 739 1142 doctoris
767 1090 970 1143 Opuscula,
989 1076 1276 1157 Commentaria,

877 1153 885 1157 ‘
1007 1148 1014 1155 '
1072 1144 1090 1157 νΙ
1133 1141 1182 1157 ΑΑΙ
1205 1142 1276 1157 ,ιι-ιιι

205 1139 276 1157 ΙΙυΙΙ
313 1139 415 1157 ιιιπιι,
447 1139 535 1146 un.-.
581 1139 598 1142 τ
635 1139 639 1140 ν
802 1139 810 1143 .

205 1177 393 1227 Epistolze.
425 1173 474 1210 Ea
500 1178 588 1206 vero
614 1174 686 1202 non
711 1170 782 1198 uno
807 1158 842 1194 in
877 1153 958 1190 loco
987 1144 1094 1184 simul
1131 1139 1281 1227 collqcta

693 1225 700 1227 -
873 1212 1084 1227 -ΑςΞ-«ιληηηι
1129 1211 1210 1227 nunt
1246 1208 1280 1227 In

207 1197 235 1218 Ι¹ι
265 1197 393 1215 ιδιυιιυ.
425 1197 474 1210 μ..-
507 1197 586 1206 1νι-ν

207 1197 420 1287 coptnparent
441 1235 476 1270 in
497 1225 723 1268 bibliothecis
757 1212 1108 1258 manuscriptorum,
1129 1199 1224 1250 quod
1246 1197 1281 1287 ll:

744 1284 764 1287 “
937 1285 944 1287 —
988 1265 1156 1287 μοι...ιέ-ιηῖο
1179 1274 1187 1282 .
1218 1271 1268 1287 ατη

209 1258 420 1287 ιῖυιιιιιωειιι
443 1258 476 1270 ιιι
497 1258 701 1268 ..μυ-,νηην

209 1305 362 1342 aliorum
391 1297 606 1342 scriptorum
654 1284 823 1334 operibus
853 1285 950 1322 Saepe.
983 1265 1190 1312 contingit;
1218 1258 1282 1328 sed

211 1322 290 1342 ilum
303 1322 362 1338 um
391 1322 442 1334 δι..
453 1322 536 1342 ιμ.ν.
549 1322 606 1328 ....-.
660 1322 669 1324 ν
680 1322 690 1334 ⁵

211 1365 367 1410 undique
387 1361 550 1405 dispersa
570 1358 720 1397 carpere
737 1352 771 1382 et
787 1341 958 1386 colligere
971 1338 1041 1410 [est
1059 1322 1286 1410 opus]:

926 1409 932 1410 κ
988 1396 1127 1410 ’.η-ο-...τι
1171 1399 1190 1410 u
1210 1398 1216 1410 I
1237 1393 1286 1410 in-

211 1385 308 1402 lllluu
325 1385 367 1399 uo
387 1385 440 1396 una
459 1385 550 1394 μη-..
574 1385 648 1397 --μιν
879 1385 886 1386 7

210 1385 334 1472 diique
365 1385 455 1459 non.
475 1413 612 1457 semel,
631 1417 671 1447 ut
701 1418 785 1444 cum
811 1409 938 1440 omnes
971 1385 1286 1472 Europ-.eabiblio-

795 1468 800 1472 '
855 1465 864 1472 '
941 1457 1046 1472 77—7—1-
1073 1461 1128 1472 lno\
1161 1459 1217 1472 nun
1245 1455 1286 1472 nn

214 1451 269 1465 ...ν
369 1451 440 1459 ..νη
603 1451 611 1457 ,

214 1451 337 1524 thecas
364 1483 399 1519 in
429 1487 572 1517 cassum
602 1468 838 1521 pereurreris,
855 1465 891 1500 in
916 1457 1049 1506 angulo
1073 1451 1218 1490 tandem
1245 1455 1287 1482 ea

215 1508 337 1524 ιιιςιιιδ
365 1508 399 1519 III
429 1508 572 1517 νεα-δν-.--
605 1508 614 1521 1
634 1508 640 1509 κ

214 1558 293 1596 qua:
319 1545 381 1582 diu
417 1538 640 1587 exquisieras
675 1525 1008 1579 deprehendantur.
1047 1517 1084 1554 ld
1110 1508 1290 1562 quantivis

744 1594 749 1596 Α
783 1593 788 1596 ,
978 1595 993 1596 η
1014 1583 1045 1596 ,η
1083 1579 1125 1596 ’,Α
1157 1575 1290 1596 “mum

217 1575 350 1647 l'aboris
387 1607 434 1642 sit
466 1603 620 1639 libenter
658 1593 875 1640 sUSeipitur,
903 1583 1048 1634 quando
1081 1579 1126 1614 de
1152 1575 1293 1612 Jmnne

218 1673 480 1718 (Lhrysostomo
501 1663 628 1710 agitur,
656 1663 753 1694 tanto
779 1654 926 1690 doctore
941 1677 950 1693 ,
969 1650 1116 1682 oratore
1135 1643 1292 1676 summo,

221 1695 283 1709 \JIII
296 1695 479 1718 Jouruv-u-v-
502 1695 608 1710 VU..-.,
620 1695 628 1704 1

221 1735 280 1782 qui
300 1743 376 1769 rem
390 1726 632 1766 Christianam
653 1720 734 1768 plus
751 1725 858 1764 quam
887 1712 945 1748 alii
966 1715 1092 1745 omnes
1107 1731 1116 1748 ,
1133 1708 1209 1738 tum
1234 1695 1295 1782 qui

840 1775 874 1782 "'
970 1769 1166 1782 ﬂ-A--.~......|
1222 1770 1242 1782 ο
1259 1767 1295 1782 η,

224 1759 510 1842 [ir-.eeessernnt,
533 1792 606 1822 tum
637 1781 698 1830 qui
731 1784 810 1826 post
840 1775 941 1812 illum
969 1769 1193 1806 ﬂoruerunt,
1222 1759 1298 1795 elo-

801 1839 808 1842 -
861 1835 870 1842 ·
1009 1839 1060 1842 πη-
1083 1823 1210 1842 .1;..ι..;ις
1232 1820 1298 1842 ιιιι,

225 1820 510 1842 ι’·ιι-ιινυνν--η--ν
534 1820 558 1822 -ν
650 1820 661 1830 .
733 1820 740 1826 ,

225 1854 381 1904 quentia:
401 1845 623 1887 ornamentis
643 1839 840 1880 decoravit.
861 1835 894 1872 Is
913 1844 932 1870 a
954 1839 1066 1879 puero
1080 1823 1210 1863 divinis
1232 1820 1298 1856 hu-

228 1887 416 1962 manisque
443 1910 558 1948 literis
591 1914 738 1954 operam
757 1900 885 1939 dedit:
909 1908 927 1932 a
948 1892 1171 1936 Libanioque
1197 1887 1300 1922 iuit.-

231 1948 412 1962 ........-.,_,
617 1948 626 1954 _

231 1988 329 2016 tutus
353 1982 489 2013 tantum
512 1969 684 2019 proiecit,
704 1973 742 2002 ut
762 1965 797 2002 in
812 1958 984 2000 extremis
1003 1963 1113 2002 agens
1132 1948 1303 1987 Libanins

235 2039 418 2088 professos
436 2035 496 2078 sit,
518 2042 558 2069 se
573 2030 748 2068 Joannem
776 2023 844 2062 sibi
867 2025 1112 2059 suceessorcm
1142 2009 1304 2048 destina-

785 2087 790 2088 ⁷
832 2085 838 2088 ³
893 2083 900 2088 ⁵
978 2079 986 2088 ¹
1071 2082 1124 2088 -υ-
1165 2072 1289 2088 l‘..2,on.

236 2072 354 2137 iurqu
373 2126 382 2143 ,
412 2095 479 2132 nisi
511 2093 540 2130 is
560 2091 628 2129 sibi
661 2100 681 2126 a
709 2083 924 2124 Christianis
955 2079 1126 2124 abreptus
1164 2072 1305 2108 fuisset.

240 2164 370 2200 Forum
404 2159 637 2202 l‘erensesque
665 2159 794 2188 causas
812 2146 988 2192 tantisper
1005 2144 1186 2179 sectatus,
1211 2130 1310 2170 brevi

237 2237 257 2260 a
293 2228 412 2268 coepto
437 2218 584 2260 resiliit,
620 2224 663 2250 ac
692 2210 904 2250 Christianae
933 2211 1082 2253 prorsus
1110 2196 1310 2243 disciplina:

240 2283 489 2328 severiorique
517 2279 600 2316 vitae
627 2275 792 2314 instituto
819 2282 858 2308 se
889 2275 1002 2306 totum
1029 2261 1190 2304 dedidit;
1211 2264 1250 2294 ut
1277 2258 1312 2292 in

242 2348 320 2392 ejus
347 2345 419 2381 vita
445 2341 492 2378 ad
523 2339 658 2376 calcem
676 2337 832 2384 Operum
857 2334 1046 2371 accurate,
1066 2329 1238 2372 quantum
1263 2319 1316 2355 ias

245 2407 334 2452 erit,
357 2402 563 2442 adornanda
584 2399 747 2448 pluribus
779 2393 995 2433 narrabitur.
1021 2386 1174 2426 Juvenis
1199 2382 1318 2420 adhuc

248 2471 376 2508 eximia
391 2468 490 2505 dedit
509 2465 641 2513 ingenii
660 2459 878 2509 specimina;
901 2457 1110 2494 Parasneses
1127 2458 1257 2496 nempe
1274 2445 1318 2482 ad

248 2532 477 2570 Theodorum
496 2529 648 2576 lapsum,
666 2525 778 2562 libros
803 2521 848 2558 ad
866 2517 1110 2559 Demetrium,
1131 2512 1176 2549 ad
1203 2509 1321 2548 Stele-

251 2595 370 2632 rhium
384 2621 394 2638 ,
409 2592 453 2629 ad
474 2573 668 2636 Stagirium
689 2591 725 2623 et
741 2583 784 2620 ad
803 2583 893 2620 alios
913 2592 922 2617 :
940 2589 1020 2627 qua:
1039 2573 1209 2624 opuscula
1231 2581 1324 2620 pra:-

253 2658 387 2692 elartun
415 2653 575 2691 referunt
599 2655 808 2686 oratorem:
829 2642 1030 2681 lintatiores
1061 2643 1144 2674 sunt
1175 2635 1256 2672 libri
1279 2632 1326 2669 de

253 2717 464 2758 Sacerdotio
478 2745 488 2762 ,
511 2716 546 2752 in
569 2712 684 2760 iisque
703 2705 1008 2757 deprehendimus
1027 2702 1327 2749 Chrysostomum

256 2783 515 2830 Chrysostomo
537 2756 837 2823 eloquentiorem.
858 2769 922 2806 llis
940 2765 1052 2804 veluti
1079 2759 1264 2812 prmludiis
1283 2756 1330 2794 ad

258 2845 382 2882 orandi
402 2833 584 2879 mnuussc
601 2835 835 2885 comparabat
853 2832 1014 2871 Joannes
1031 2840 1039 2865 :
1055 2827 1117 2875 qui
1145 2823 1333 2873 presbyter

261 2906 462 2944 Antiochia:
490 2903 595 2940 annis
621 2884 811 2938 duodecim
829 2923 839 2941 ,
869 2894 1062 2942 episcopus
1081 2884 1336 2926 Constantino-

265 2968 334 3016 poli
354 2967 512 3013 quinque
523 2972 632 3000 sexve
651 2960 758 2998 anuis
771 2987 780 3001 ,
798 2967 817 2993 a
837 2951 1078 2993 eoncionandi
1094 2948 1213 2986 ofﬁcio
1228 2955 1337 2982 num-

266 3006 375 3076 ξιιιίιιιὶ
393 3006 554 3068 destitit,
575 3023 685 3069 inque
710 3019 767 3057 sui
787 3015 1064 3054 admirationem
1087 3015 1201 3048 totum
1221 3006 1342 3053 rapuit

267 3091 464 3128 Orientem.
487 3087 651 3128 Paratus,
668 3083 867 3130 imparatus
895 3075 1099 3118 accederet,
1126 3070 1248 3109 omnia
1273 3067 1342 3116 ipsi

273 3163 384 3200 prona
416 3155 544 3194 erant,
566 3159 611 3186 eo
635 3129 779 3192 semper
805 3139 948 3179 dicendi
964 3145 1100 3186 genere
1119 3143 1229 3176 usus,
1248 3129 1344 3180 quod

275 3214 412 3261 majore
439 3211 484 3248 ad
513 3207 801 3258 persuadendum
837 3207 1022 3240 momento
1049 3199 1206 3234 futurum
1233 3197 1344 3230 esset.

280 3259 367 3322 lijus
387 3269 515 3311 orandi
530 3271 622 3309 ratio
641 3269 722 3316 plus
739 3267 848 3304 habet
868 3264 997 3302 nativa:
1015 3259 1218 3306 elegantite,
1240 3264 1348 3304 quant

277 3338 480 3375 artiﬁciosa:
515 3331 708 3379 diligentia:
729 3341 738 3366 :
758 3327 870 3366 sicubi
903 3331 982 3363 arte
1017 3323 1152 3365 utitur,
1185 3320 1234 3356 ita
1273 3327 1350 3354 rem

280 3403 483 3445 temperat,
505 3402 544 3431 ut
565 3378 674 3431 lateat
690 3400 835 3438 semper
847 3387 1040 3426 artiﬁcium
1069 3390 1107 3423 et
1133 3378 1354 3431 quadrandze

283 3459 458 3498 orationis
477 3457 665 3496 industria.
685 3453 865 3502 Expedita
884 3458 920 3490 et
942 3450 1145 3499 proﬂuente
1163 3445 1356 3483 verborum

283 3524 387 3571 copia
418 3520 598 3568 loquitur,
630 3517 884 3556 concinnitatis
913 3513 1122 3562 lcporisque
1152 3509 1290 3556 plena:
1318 3510 1358 3540 ut

285 3586 436 3624 miriﬁce
450 3583 519 3630 ipsi
535 3586 714 3628 competat
732 3579 818 3617 illud
836 3577 1068 3614 Homericum
1086 3585 1096 3611 :

383 3654 450 3684 Τοῦ
468 3653 524 3684 και
549 3647 614 3681 ἀπὸ
627 3649 767 3690 γλώττης
785 3648 912 3690 μέλιτος
931 3645 1064 3687 γλυκίων
1079 3642 1146 3685 μιν
1165 3635 1264 3673 αὐδή.

455 3714 490 3742 Et.
506 3717 550 3741 ex
566 3714 626 3740 ore
641 3706 713 3749 ejus
725 3705 826 3739 melle
841 3704 971 3738 suavior
985 3701 1112 3736 ﬂuebat
1126 3705 1202 3731 vos.

291 3769 552 3816 Perspicuilate
582 3764 718 3801 nemini
748 3761 936 3805 concedit,
958 3759 1026 3795 nisi
1058 3755 1211 3792 fortasse
1239 3756 1366 3785 omnes

299 3837 458 3876 superet.
479 3827 691 3866 luventione
705 3855 714 3870 ,
734 3836 815 3872 qua:
831 3835 875 3861 ex
897 3819 1029 3868 ingenii
1049 3815 1222 3854 felicitate
1251 3808 1368 3847 nasci-

294 3902 370 3936 ίυΐι
383 3891 572 3929 universos
588 3895 762 3938 quotquot
778 3887 952 3924 hactenus
973 3883 1072 3918 fuere
1089 3883 1253 3914 oratores
1264 3873 1371 3918 longe

301 3959 398 3989 retro
428 3953 608 3999 relinquit.
628 3949 885 3997 lnexspcctatis
913 3945 972 3982 ille
995 3940 1110 3979 modis
1128 3947 1206 3975 rem
1238 3943 1370 3982 propo-

306 4016 410 4047 δὶωιιι
430 4013 558 4058 vertit,
575 4019 607 4049 et
627 4022 694 4060 qua
721 4013 776 4049 via
803 4019 906 4048 nemo
933 4004 1129 4044 divinaszet
1158 3998 1201 4034 ad
1226 4004 1372 4041 scapum

1349 820 1487 862 tendit;
1509 817 1614 864 idque
1635 817 1682 852 ita
1702 815 1815 852 libere
1834 810 2075 859 expediteque
2092 835 2101 850 ,
2122 811 2160 843 ut
2183 814 2222 842 re
2239 806 2428 852 perspecta

1350 889 1454 932 putes
1472 892 1553 918 eum
1572 878 1670 916 nulla
1691 877 1760 913 alia
1780 885 1888 923 posse
1907 873 1986 916 via,
2005 869 2104 908 nullo
2129 877 2238 905 cursu
2270 864 2431 902 feliciora

1350 945 1395 982 ad
1413 943 1631 982 destinatum
1648 950 1798 988 pergere
1815 935 2080 974 linem.Verum
2099 931 2182 978 quia
2198 929 2288 967 nihil
2305 933 2432 964 natura

1351 1007 1466 1056 gignit
1497 1005 1594 1042 omni
1623 1014 1668 1040 ex
1699 1007 1801 1050 parte
1827 999 2027 1046 perfectum
2045 1023 2055 1039 ,
2087 993 2178 1030 nihil
2206 1001 2266 1028 ars
2295 989 2436 1038 profert

1353 1071 1523 1108 omnibus
1539 1067 1745 1105 absolutum
1768 1062 1930 1112 partibus
1959 1065 1996 1096 et
2020 1057 2204 1100 numeris,
2227 1063 2339 1091 unum
2364 1051 2438 1090 for-

1357 1143 1454 1173 tasse
1473 1135 1544 1170 erit
1563 1129 1658 1178 quod
1680 1129 1714 1165 in
1736 1132 1883 1163 oratore
1903 1127 2029 1160 nostro
2058 1116 2334 1166 reprehendas;
2364 1121 2441 1150 πο·-

1358 1207 1486 1246 porum
1515 1177 1644 1240 nempe
1661 1202 1704 1228 ac
1725 1187 2002 1228 similitudinum
2027 1183 2264 1230 frequentiam
2279 1207 2290 1224 ,
2307 1189 2374 1226 qua
2393 1177 2438 1214 ad

1357 1267 1528 1297 nauseam
1555 1264 1669 1302 usque
1697 1249 1874 1289 redundat
1910 1246 2041 1284 oratio.
2068 1243 2141 1281 Sed
2177 1241 2214 1279 id
2245 1241 2323 1277 vitii
2360 1250 2440 1276 revo

1359 1322 1479 1370 potius
1508 1301 1760 1364 Chrysostomi
1793 1321 1902 1360 quam
1933 1309 2196 1355 Chrysostomo
2228 1301 2441 1347 adscribas,

1361 1381 1651 1434 quandoquidem
1684 1379 1745 1415 ille
1764 1407 1772 1422 ,
1803 1375 1862 1412 tali
1893 1369 2136 1411 concienandi
2163 1377 2298 1416 genere
2331 1375 2440 1408 usus,

1330 1463 1335 1469 ’
1362 1447 1523 1486 Omnium
1539 1443 1608 1480 sibi
1626 1439 1831 1479 conciliavit
1853 1435 2174 1476 existimationem,
2195 1435 2332 1478 gratam
2355 1437 2445 1464 eon-

1364 1509 1480 1546 ciouis
1515 1501 1916 1543 adn'iurtnuratioucm,
1947 1497 2096 1546 plausus
2145 1498 2366 1542 perpetuos,
2405 1498 2448 1526 ac

1367 1572 1604 1618 plerumque,
1625 1573 1665 1602 ut
1694 1565 1756 1602 ille
1791 1563 1864 1608 ait,
1888 1562 2143 1607 ituportunos;
2175 1555 2347 1600 anreique
2373 1552 2450 1589 oris

1368 1632 1452 1670 ideo
1479 1639 1612 1667 nomen
1640 1627 1792 1664 sortitus
1825 1631 1894 1662 est.
1917 1622 2008 1659 Audi
2045 1619 2224 1658 Suidam:
2255 1616 2451 1664 Martyrum

1368 1695 1550 1732 conciones
1577 1690 1736 1738 expedita
1756 1695 1787 1724 rt
1814 1685 2040 1733 extemporali
2061 1681 2308 1719 declamatione
2332 1678 2453 1715 adma-

1371 1759 1453 1794 dum
1476 1755 1578 1792 luxit.
1592 1744 1728 1800 Lingua
1741 1752 1816 1798 ejus
1834 1749 1909 1785 Nili
1927 1747 2098 1792 ralndupa
2113 1744 2303 1792 proﬂuente
2319 1740 2454 1776 dicendi

1373 1832 1473 1868 capta
1507 1816 1704 1866 superabat.
1736 1813 1846 1850 Nemo
1879 1819 2030 1856 umquam
2065 1807 2168 1842 tantis
2195 1802 2394 1847 etoquenlia:
2424 1807 2456 1836 et

1374 1882 1539 1921 ubertatis
1566 1879 1694 1915 divitiis
1728 1879 1912 1912 exornatus
1941 1871 2006 1918 fuit
2023 1879 2036 1905 :
2054 1868 2148 1905 solus
2171 1866 2284 1913 itaque
2313 1873 2457 1899 aureum

1376 1946 1597 1990 divinumque
1617 1949 1739 1977 nomen
1759 1937 1831 1973 sine
1855 1933 1929 1970 lube
1946 1931 2086 1969 sortitus
2103 1934 2164 1965 est.
2193 1927 2278 1962 llaec
2294 1930 2456 1961 veterum

1379 2009 1455 2055 fuit.
1483 2005 1646 2042 omnium
1676 2001 1798 2048 opinio
1820 2011 1828 2034 :
1849 1993 2109 2044 quamobrem,
2129 1990 2160 2026 si
2184 1987 2270 2036 quid
2300 1985 2393 2022 nmvi
2422 1985 2458 2022 in

1381 2076 1482 2108 tanto
1501 2075 1648 2114 tamque
1671 2063 1846 2111 prmclaro
1864 2063 2009 2096 oratore
2030 2053 2270 2101 reperiamus,
2290 2049 2325 2086 id
2345 2048 2459 2091 aetati,

1382 2137 1423 2169 ut
1463 2129 1563 2173 dixi,
1590 2108 1681 2164 ἠθη-
1707 2124 1968 2171 Chrysostomo
2017 2113 2262 2154 tribuendum.
2311 2108 2466 2148 Solertis

1381 2195 1539 2234 oratoris
1553 2192 1622 2229 fuit
1635 2189 1838 2227 auditorum
1856 2183 2040 2232 ingenium
2061 2179 2212 2217 feliciter
2228 2175 2438 2223 explorasse
2455 2184 2464 2208 :

1387 2269 1451 2306 per
1470 2257 1528 2294 illa
1549 2254 1682 2303 placuit
1703 2262 1782 2299 qua:
1798 2249 1874 2297 jam
1893 2247 2017 2283 multis
2037 2254 2109 2280 non
2138 2241 2186 2278 ita
2212 2240 2368 2288 placent.
2398 2236 2470 2273 La-

1387 2329 1532 2368 crymas
1548 2317 1661 2354 movit
1681 2320 1720 2351 ut
1740 2312 1867 2355 voluit,
1881 2309 1968 2346 vitia
1984 2304 2204 2346 emendavit,
2224 2300 2470 2338 Christianam

1390 2383 1498 2420 iidem
1527 2379 1647 2420 anxit.
1679 2376 1825 2414 Judaeos
1849 2378 1888 2409 et
1920 2369 2110 2408 luereticos
2135 2363 2354 2414 proﬂigavit.
2393 2361 2472 2398 Non

1392 2447 1568 2484 minorem
1587 2442 1684 2480 enim
1713 2439 1748 2476 in
1778 2435 1968 2474 dialectica
2006 2441 2114 2480 quam
2135 2429 2170 2466 in
2203 2425 2364 2464 oratoria
2398 2430 2477 2460 arte

1374 2511 1570 2551 ,Joannem
1597 2511 1763 2542 nostrum
1783 2497 2028 2547 comperimus
2061 2506 2071 2531 :
2103 2492 2210 2540 idque
2237 2486 2478 2538 proculdubio

1396 2571 1568 2610 fatebitur
1585 2567 1748 2616 quisquis
1774 2562 1970 2600 conciones
1983 2557 2061 2604 ejus
2078 2561 2205 2592 contra
2218 2554 2416 2589 Auomocos
2443 2554 2480 2585 et

1397 2640 1524 2672 contra
1551 2629 1697 2668 Judxcos
1725 2628 1894 2663 accurate
1918 2617 2134 2668 perlegerit,
2166 2614 2226 2650 tibi
2252 2610 2482 2660 argutissime

1399 2698 1587 2744 disputat,
1609 2697 1646 2730 et
1666 2688 1939 2728 ratiociniorum
1965 2683 1998 2718 vi
2017 2676 2248 2717 adversarios
2275 2675 2322 2711 ita
2349 2677 2482 2720 urget,

1401 2768 1442 2800 ut
1460 2737 1558 2797 nulla
1577 2753 1735 2803 supersit
1761 2751 1849 2798 ipsis
1864 2744 2031 2787 elabendi
2051 2743 2120 2780 via.
2142 2741 2232 2778 Rem
2252 2737 2484 2786 epistolarem

1403 2825 1514 2864 etlam
1533 2819 1651 2867 attigit
1667 2817 1952 2864 Clirysostomus
1965 2838 1976 2854 ,
1997 2806 2160 2844 maxime
2179 2812 2266 2840 vero
2285 2802 2320 2838 iu
2341 2798 2485 2840 exsilio,

1406 2886 1491 2924 dum
1513 2859 1698 2921 calamitas
1713 2906 1722 2919 .
1740 2859 1860 2914 metus
1875 2902 1884 2917 ,
1906 2869 2064 2910 solitudo
2084 2865 2322 2916 prohiberent
2344 2871 2364 2896 a
2383 2859 2491 2896 solito

1409 2943 1652 2986 eoneionandi
1673 2940 1795 2978 oiiieio
1816 2965 1826 2982 ,
1845 2943 1880 2974 et
1900 2934 2053 2972 multum
2082 2928 2188 2977 spatii
2217 2930 2314 2962 esset
2337 2922 2382 2958 ad
2403 2921 2494 2957 scri-

1411 3009 1584 3048 bendum.
1608 3004 1740 3044 Pulsus
1759 2981 1880 3048 itaque
1896 2995 1984 3034 sede
2003 2991 2144 3032 curavit
2161 2994 2200 3025 ut
2215 2997 2260 3024 ne
2281 2985 2398 3032 ipsum
2414 2981 2495 3028 qni-

1414 3075 1498 3112 dem
1517 3071 1630 3110 otium
1650 3070 1749 3104 esset.
1767 3063 1936 3100 otiosum.

1417 3165 1437 3214 ᾗ
1461 3163 1490 3202 1.
1507 3182 1549 3190 -—
1568 3159 1620 3197 De
1633 3156 1736 3195 variis
1749 3148 1984 3200 Cltrysostomi
2009 3142 2244 3183 Editiom’bus.
2268 3148 2308 3173 ac
2328 3135 2501 3184 precith

1683 3219 1726 3255 de
1752 3213 1895 3253 Henrici
1919 3209 2042 3248 Savilii
2068 3204 2241 3242 Editione.

1472 3301 1569 3341 Nihil
1602 3299 1734 3336 mirum
1766 3294 1837 3331 sia
1856 3284 2066 3338 primordiis
2092 3290 2208 3328 usque
2235 3273 2505 3326 typographicie

1425 3369 1514 3404 artis
1529 3362 1620 3400 tanti
1633 3355 1792 3397 doctoris
1804 3337 1976 3400 operibus
1989 3343 2141 3384 edendis
2155 3340 2257 3379 multi
2272 3337 2504 3376 desudat-int:

1427 3429 1628 3465 innumera:
1647 3419 1748 3456 vario
1766 3399 1933 3461 tempore
1951 3406 2209 3456 opusculorum
2231 3401 2310 3448 ejus
2329 3399 2506 3436 editiones

1633 3483 1671 3520 in
1703 3479 1803 3516 Italia
1819 3503 1830 3520 ,
1846 3459 1970 3512 Callia
1985 3498 1995 3516 ,
2025 3465 2218 3508 Germania
2233 3491 2243 3508 ,
2265 3462 2405 3510 Anglia.
2441 3459 2510 3497 Alii

1430 3520 1606 3599 quasdam
1635 3551 1785 3592 operum
1811 3543 1936 3588 partes
1953 3534 2081 3572 Latine
2115 3535 2252 3566 tantum
2271 3525 2432 3569 dabant,
2454 3520 2512 3558 alii

1993 3595 2015 3599 ““
2158 3590 2186 3599 "
2355 3588 2362 3595 '
2406 3583 2492 3599 --II..

1433 3583 1582 3654 ἐτείχεε,
1611 3583 1775 3644 nonnulli
1807 3583 1958 3646 utraque
1993 3595 2126 3642 lingua.
2158 3590 2235 3628 Non
2261 3588 2365 3637 pauci
2400 3583 2510 3624 colle-

1434 3676 1546 3716 ctioni
1580 3681 1730 3720 operum
1766 3667 1928 3705 omnium
1962 3655 2181 3696 adornanda:
2211 3663 2358 3692 manum
2393 3647 2510 3684 admo-

1436 3745 1579 3776 verunt.
1601 3737 1639 3774 Si
1659 3735 1718 3782 qui
1737 3741 1823 3768 vero
1841 3733 1924 3766 ante
1935 3723 2117 3763 decimum
2137 3719 2328 3768 septimum
2347 3711 2517 3750 smculum

1440 3803 1475 3841 id
1491 3797 1649 3848 aggressi
1671 3774 1772 3836 sunt,
1794 3792 1817 3828 ii
1843 3789 1992 3828 Latinas
2007 3792 2145 3823 tantum
2163 3774 2411 3829 Cltrysostomi
2430 3782 2516 3819 ope-

1441 3835 1475 3841 --
1493 3835 1557 3848 ηπ
1764 3835 1768 3836 ,

1441 3874 1522 3902 rum
1535 3859 1767 3899 collectioncs
1785 3853 1986 3891 emiserunt
2006 3859 2048 3884 ac
2072 3847 2189 3884 multa
2212 3842 2433 3888 rciiqueruut
2465 3835 2515 3869 in-

1447 3932 1539 3963 tacta
1561 3929 1598 3960 et
1628 3919 1872 3958 inobservata.
1899 3913 2030 3950 Verum
2060 3913 2105 3945 de
2136 3909 2178 3943 iis
2201 3904 2369 3942 onmibus
2393 3898 2514 3935 editio-

1449 3989 1550 4026 uibus
1571 3984 1664 4022 alius
1681 3989 1736 4020 est
1754 3979 1856 4018 nobis
1875 3977 1920 4016 ad
1939 3976 2132 4014 dicentium
2151 3967 2367 4006 constitutus
2382 3963 2495 3998 locus.
