2758 4350
311 230 346 260 υς
1000 232 1042 270 D.
1074 232 1114 272 Β.
1145 233 1547 277 ὒΕΜΟΝΤΕᾹυεΟΝ
1574 239 1839 287 ΡΒΑΕΕΑΤΙΟ.
2511 276 2535 304 x

359 301 502 340 Demum
523 304 630 352 paulo
646 312 732 355 post
757 308 897 346 initium
925 309 1055 350 decimi
1083 315 1377 362 septintitswculi

307 363 376 400 duo
394 364 464 402 viri.
473 367 602 404 summi
624 369 750 407 eodem
770 371 885 410 ferme
906 379 1068 422 tempore
1085 387 1163 414 eam
1183 389 1376 427 suscepere

306 425 522 471 provinciam
539 457 548 472 ,
569 435 607 466 ut
635 432 754 470 omnia
785 443 932 480 prorsus
951 436 1113 484 ejusdem
1141 439 1179 478 S.
1213 441 1374 480 doctoris

305 497 412 534 opera
431 499 538 526 unum
569 491 604 528 in
625 503 757 541 corpus
777 496 1000 544 redigerent;
1035 499 1212 540 llenricus
1241 514 1372 553 nempe

301 547 452 588 Savilius
470 557 505 588 et
521 544 656 591 Fronto
677 556 842 594 Ducazus.
859 558 962 596 Prior
977 563 1120 610 magnis,
1143 571 1181 601 ut
1202 565 1278 614 ipse
1294 568 1368 613 ait,

299 609 476 649 sudoribus
493 620 524 650 et
550 615 723 654 inmensis
741 621 944 668 sumptibus,
964 623 1216 674 undecumque
1247 629 1276 665 si
1297 640 1367 677 qua

299 671 452 711 laterent
479 675 514 712 in
542 678 649 716 variis
681 679 836 728 Europa:
864 683 1092 724 bibliothecis
1125 671 1365 738 perquireuda

298 736 600 784 exscribendaque
635 743 800 789 curavit,
831 746 1030 785 amicorum
1067 749 1366 802 literatortunque

297 803 387 840 pene
401 799 558 836 omnium
573 811 690 848 opera.
701 815 786 842 usus
805 813 843 844 et
861 807 1048 848 industria.
1067 811 1144 857 Quo
1160 813 1196 850 in
1215 817 1362 864 negotio,

295 856 431 905 inquit,
451 863 618 911 egregiam
647 865 743 902 nobis
767 873 796 904 et
823 876 996 915 strenuam
1027 885 1166 921 operam
1195 887 1362 916 navarimt

299 917 361 954 t'iri
374 921 575 969 amplissimi
594 925 846 976 doctissimique
863 960 871 973 ,
893 943 978 980 quas
1003 935 1142 973 honoris
1168 948 1272 976 causa
1295 952 1359 978 no-

291 982 410 1028 mina,
443 983 592 1024 Jacobus
625 989 798 1036 Angustus
826 993 1014 1042 Tltuunus,
1053 1011 1212 1048 magnum
1247 1004 1360 1042 lumen

293 1041 440 1090 Galliae,
472 1045 611 1085 Marcus
653 1049 807 1090 Vcls'erus
836 1054 879 1090 II
909 1057 960 1093 vir
986 1041 1232 1110 Auguslanns,
1255 1041 1356 1104 Geor.

292 1103 442 1142 Michael
471 1106 776 1159 Lingelsltcimius,
805 1116 958 1156 Andreas
990 1103 1182 1168 Scltottus,
1215 1103 1358 1166 isaarus

289 1164 506 1206 Casanbonus
521 1199 532 1215 ,
555 1171 686 1210 Fronto
702 1175 852 1215 Ducazus
867 1207 877 1222 ,
898 1181 1010 1220 Janus
1029 1183 1195 1224 Gruterus
1212 1218 1221 1233 ,
1245 1189 1357 1228 David

289 1225 514 1275 Iltescltelius,
534 1232 753 1274 Sebastianus
773 1238 982 1290 Tengnagel,
1001 1253 1032 1282 et
1044 1247 1356 1290 Reverendissimus

289 1287 428 1328 Gabriel
445 1292 725 1347 Archiepiscopus
750 1287 1078 1354 Philadelphiensis.
1106 1311 1216 1360 Nefas
1247 1287 1358 1354 lacere

287 1350 330 1388 de
345 1351 560 1393 Serenissimi
575 1357 677 1408 Regis
694 1365 801 1401 nostri
816 1368 910 1412 apud
928 1376 1061 1408 exteros
1079 1371 1261 1424 Principes
1280 1380 1353 1414 cla-

284 1414 426 1454 rissimis
446 1418 585 1467 legatis,
605 1424 726 1470 quibus
753 1427 826 1474 ipse
845 1430 908 1467 hoc
927 1433 962 1468 in
983 1436 1155 1473 mandatis
1188 1439 1350 1487 dederat,

283 1483 320 1513 ut
337 1480 428 1516 omni
447 1493 513 1528 qua
532 1492 666 1529 possent
685 1499 788 1534 opera
815 1493 965 1530 studium
996 1496 1060 1532 Itoc
1080 1509 1190 1536 meum
1211 1514 1348 1548 promo-

281 1547 410 1576 vet-ent.
441 1541 562 1589 Itaque
598 1545 744 1585 librariis
783 1554 906 1598 nostris
937 1556 1050 1594 aditus
1087 1563 1276 1610 patefactus
1305 1566 1352 1602 ad

285 1599 518 1638 bibliotheca»:
536 1603 676 1653 Regiam
697 1607 850 1657 Lutetia',
870 1613 1082 1664 Palatinam,
1099 1599 1348 1670 Augustanam,

284 1659 485 1700 Bararicam
499 1693 508 1709 ,
527 1665 714 1706 Ctesaream
728 1700 737 1716 ,
758 1682 896 1712 steteras
913 1679 1058 1726 :quibus
1085 1684 1164 1730 freti
1191 1686 1351 1726 subsidiis

281 1723 368 1760 illud
399 1725 534 1763 domum
561 1730 746 1769 attulerunt
773 1723 1030 1777 instrumentum
1047 1772 1056 1788 ,
1079 1745 1174 1782 illam
1199 1750 1346 1795 supelle-

277 1787 390 1824 ctilem
404 1817 413 1833 ,
436 1801 478 1826 ex
496 1803 562 1839 qua
578 1795 674 1831 nobis
687 1804 736 1832 est
753 1797 824 1836 ltwc
843 1801 1013 1840 adornata
1034 1806 1149 1844 editio.
1167 1809 1242 1856 Qua
1271 1813 1338 1850 uti-

274 1858 344 1894 que
378 1851 534 1890 editione
561 1855 655 1894 uulla
690 1865 793 1904 ante,
813 1863 907 1909 quod
938 1875 1064 1913 parum
1093 1876 1150 1907 est
1179 1872 1339 1921 dixisse,

272 1912 439 1961 nullaque
457 1923 578 1964 postea
596 1921 776 1968 copiosior
795 1925 938 1972 prodiit.
961 1930 1235 1972 Accurationem
1253 1948 1339 1976 vero

272 1973 306 2010 in
323 1977 538 2024 castigandis
556 1980 690 2020 Graecis
707 1983 923 2027 dictionibus
941 1997 1048 2040 atque
1069 1995 1258 2042 phrasibus
1275 2002 1335 2039 vix

267 2037 398 2076 alicubi
420 2042 592 2088 majorem
611 2045 873 2092 deprehendas.
908 2053 1083 2094 Nimirum
1112 2069 1254 2100 summo
1275 2064 1335 2102 ille

266 2101 386 2139 studio
403 2104 484 2142 iolia
509 2117 660 2156 quaeque
677 2111 801 2161 dispici
821 2115 968 2156 curabat
998 2122 1200 2172 mcndaque
1226 2101 1330 2166 tolli;

265 2173 336 2210 quo
350 2164 479 2205 factum
496 2176 546 2215 ut,
564 2173 592 2209 si
607 2175 687 2220 quis
705 2176 960 2226 longitudinem
976 2186 1096 2231 operis
1109 2189 1330 2238 consideret,

263 2231 361 2264 certe
382 2238 490 2274 pauca
509 2240 625 2271 errata
645 2239 800 2284 reperiat
819 2240 855 2278 in
871 2247 922 2280 tot
938 2246 1141 2286 orationum
1161 2249 1329 2291 ltomilia-

262 2297 414 2337 rumque
434 2292 588 2332 decursu
613 2310 620 2334 :
643 2310 721 2346 qua:
743 2309 860 2340 tamen
887 2314 1004 2344 errata
1026 2309 1086 2347 ille
1111 2312 1146 2348 in
1165 2313 1236 2352 ﬁne
1261 2327 1326 2353 no-

261 2355 374 2388 tarum
408 2365 546 2394 summa
571 2359 752 2408 diligentia
783 2365 901 2414 colligi
929 2369 1058 2418 edique
1077 2377 1240 2420 curavit,
1267 2379 1324 2416 ubi

258 2412 314 2449 vel
334 2415 478 2453 minima
495 2428 645 2468 quaeque
665 2430 847 2464 notantur.
870 2412 980 2468 Notas
1000 2441 1119 2472 autem
1135 2437 1178 2474 ad
1199 2440 1324 2488 singu-

258 2471 310 2488 L.-
331 2481 362 2488 ιΑ
379 2487 382 2488 ν
475 2479 482 2487 ⁸
533 2481 550 2488 ’⁵
727 2487 732 2488 ⁷

1138 2471 1143 2472 κ
1161 2471 1178 2474 _
1199 2471 1302 2488 -.μον

257 2471 312 2512 los
331 2481 447 2515 tomos
474 2479 509 2516 in
530 2481 599 2520 ﬁne
618 2487 735 2524 octavi
767 2499 838 2527 non
865 2501 948 2530 suas
973 2495 1080 2534 modo
1105 2499 1242 2544 edidit,
1259 2504 1321 2540 sed

255 2535 362 2574 etiam
392 2540 544 2580 aliorum
577 2544 764 2586 doctorum
793 2551 997 2603 hominum,
1013 2557 1160 2600 Joannis
1185 2563 1318 2612 Boisii,

263 2596 401 2612 Δ-Δμμκκ
437 2603 462 2612 η
571 2606 580 2612 ·
625 2608 667 2612 _‘

255 2596 406 2637 Andrei!)
437 2603 580 2642 Dounrei
595 2635 604 2651 ,
625 2608 769 2649 Ricardi
795 2596 1017 2664 Montacutii,
1037 2628 1074 2658 et
1099 2623 1258 2672 llalesii;
1282 2597 1318 2666 ui

256 2657 340 2672 ’,θη
364 2668 371 2672 _
566 2669 574 2672 _
643 2671 647 2672 ,

1009 2657 1017 2664 ,
1044 2657 1072 2658 η
1100 2657 1258 2672 --.ηψπ
1283 2657 1316 2666 ...

255 2657 343 2696 alios
363 2668 494 2702 taceam
515 2669 576 2715 qui
595 2671 650 2708 vel
672 2676 784 2722 rogati
802 2705 812 2722 ,
832 2679 886 2716 vel
903 2688 1032 2730 suopte
1049 2687 1200 2726 consilio
1220 2692 1316 2728 varia

255 2719 332 2758 loca
350 2725 534 2766 restituere
553 2735 691 2779 conati,
713 2738 758 2775 ab
777 2739 856 2787 ipso
873 2743 1072 2786 afferuntur
1089 2749 1124 2786 in
1140 2752 1314 2792 medium.

254 2781 350 2820 Inter
369 2785 445 2824 illas
459 2799 543 2827 vero
563 2801 665 2832 notas
683 2825 692 2842 ,
714 2810 796 2838 meo
823 2805 967 2851 quidem
991 2808 1128 2856 judicio
1142 2841 1152 2858 ,
1171 2817 1314 2855 caneris

254 2845 392 2858 md,”
616 2856 622 2858 _

835 2845 845 2851 .
991 2845 1018 2856 ,ν
1037 2845 1125 2849 _.---
1142 2845 1152 2858 ,
1173 2845 1311 2855 -.υνυς

251 2845 416 2884 “mimus
429 2858 598 2896 Ρΐωειτιηι
615 2856 723 2904 ipsius
735 2861 874 2904 Henrici
893 2867 1017 2908 Savilii
1035 2879 1144 2921 nota),
1157 2877 1186 2914 si
1205 2887 1311 2926 saga-

251 2906 391 2926 niani-..
409 2919 537 2926 -.._-.,,
611 2919 618 2926 .
680 2921 686 2926 .
707 2923 714 2926 .

969 2906 1017 2908 η-
1035 2906 1144 2921 --πη
1157 2906 1186 2914 -,
1205 2906 1308 2926 -..οη-

247 2906 391 2946 citatem
407 2919 568 2962 spectes,
589 2919 618 2955 si
637 2921 794 2964 criticam
811 2936 924 2968 artem
937 2959 946 2976 ,
968 2934 998 2970 si
1019 2942 1150 2975 castera
1173 2941 1308 2978 omnia.

246 2969 403 3010 Aliorum
425 2977 556 3026 quippe
573 2988 688 3030 notat,
713 2993 750 3024 ut
771 2989 960 3036 plurimum
983 2996 1081 3035 leves
1099 3007 1206 3045 sunt,
1228 3013 1310 3050 quae

771 3033 778 3036 .
1047 3033 1076 3035 ν
1099 3033 1206 3045 ή---π
1229 3033 1307 3050 ἰ’-υν

243 3033 458 3081 conjecturis
477 3049 642 3082 constant
672 3048 862 3098 aliquando
886 3056 1034 3096 incertis
1059 3067 1097 3098 et
1123 3073 1307 3102 nonnum-

241 3103 345 3140 quam
375 3097 546 3142 iutilibus.
581 3097 757 3148 Saviliana
798 3125 906 3162 porro
939 3119 1078 3168 editio,
1109 3135 1190 3172 quae
1223 3135 1307 3166 octo

241 3155 390 3172 λμλη.
431 3163 440 3171 .
499 3166 506 3172 .
568 3167 579 3172 -
603 3169 623 3172 μ

798 3155 807 3162 .
1067 3155 1078 3168 ν
1111 3155 1190 3172 Ί“““’“⁴
1225 3155 1302 3166 νων

239 3155 462 3202 densissimis
498 3166 650 3208 iniolio
681 3176 788 3213 tomis
813 3186 981 3227 constat,
1001 3193 1110 3232 opera
1141 3188 1302 3238 Chryso-

239 3221 340 3238 Mnm:
361 3221 480 3238 ιπ-ρμνμ
505 3234 511 3238 -
569 3236 574 3238 -

239 3221 342 3258 stomi
361 3221 486 3265 Grece
503 3234 638 3270 tantum
660 3238 932 3285 complectitur.

263 3305 282 3343 ε
305 3309 346 3346 ll.
361 3333 409 3342 -—
421 3315 474 3354 De
493 3318 678 3362 Frontonis
695 3326 816 3368 Ducati
837 3332 996 3374 Editione
1030 3346 1062 3376 et
1081 3341 1124 3378 de
1143 3343 1275 3382 Morel-

701 3393 809 3436 liana.

281 3476 354 3518 Non
371 3486 541 3564 Inlinorcm
559 3494 778 3544 diligentiam
796 3503 832 3540 in
852 3505 1065 3555 colligendis
1079 3513 1297 3564 Chrysosto-

621 3538 641 3544 ν
796 3538 832 3540 -__
856 3538 1065 3555 --...Duuu-a
1080 3538 1294 3564 UIIIJBUalU'

231 3538 277 3622 lini
299 3547 472 3589 operibus.
490 3554 650 3596 exhibuit
684 3561 821 3603 Fronto
859 3568 1012 3610 Ducteus
1044 3577 1294 3622 exSocietate

716 3599 724 3600 κ
739 3599 817 3603 πη-
859 3599 1012 3610 νην-νυν
1044 3599 1095 3612 υΔι
1113 3599 1292 3622 συυιυιίιιε

228 3599 314 3686 gesu‘
331 3617 482 3660 nostras,
501 3621 559 3666 qui
579 3628 698 3663 tamen
716 3655 727 3674 ,
750 3631 896 3676 paribus
915 3633 1077 3677 fortasse-
1098 3641 1292 3686 destitutus

241 3674 302 3686 ιη...
321 3673 401 3686 .-.ει

513 3663 520 3666 _
717 3663 727 3674 ν
750 3663 806 3676 ἵν-
817 3663 896 3670 ηρ...
915 3663 1077 3677 ινι⁷1υσῠυ“
1098 3663 1291 3686 υεδιιιυιυε

226 3663 447 3714 facultatibus
463 3686 499 3716 et.
515 3686 655 3725 auxiliis
671 3717 682 3735 ,
705 3691 738 3728 in
758 3693 966 3736 diuturnum
1006 3707 1156 3751 tempus
1169 3715 1291 3746 extra-

226 3733 318 3751 Dlnm
340 3743 426 3751 ιι--μ⁸
459 3739 474 3751 ¹¹
498 3749 504 3751 -

672 3733 678 3735 .
1007 3733 1285 3751 --...,,...,..,,,,.,.

225 3733 318 3817 illi"!
339 3743 428 3781 opus
456 3739 531 3780 fato
565 3756 837 3801 przroceupatus
857 3759 1046 3802 absolvere
1065 3777 1136 3805 non
1157 3773 1285 3817 potuit.

244 3797 350 3817 ’βπ-ηπ.
381 3809 515 3817 ...-__,,
565 3809 600 3817 ...
749 3816 754 3817 ,

243 3787 252 3794 ν
566 3785 574 3793 _
648 3785 656 3787 ν
669 3785 837 3801 --.την-..ι
857 3785 1046 3802 ιιυουινσισ
1065 3785 1136 3805 uutl
1157 3785 1283 3817 potun.

226 3785 350 3882 \‘terut‘n
381 3809 543 3849 magnam
565 3809 624 3846 illc
641 3818 677 3848 et
693 3816 842 3856 arduam
869 3833 945 3860 rem
979 3833 1035 3864 est
1069 3841 1283 3882 aggressus,

226 3856 243 3882 Il
273 3860 319 3882 sm
339 3855 402 3882 inm
424 3873 492 3882 nam
515 3877 569 3882 μ-
588 3869 613 3882 ¹ν
643 3873 667 3882 ¹¹“
792 3880 821 3882 ’⁷⁷

798 3853 842 3856 ,___
869 3853 945 3860 ...η--
979 3853 1035 3864 νυ-
1069 3853 1086 3865 ιι
1139 3853 1260 3873 ιυδθυδ

225 3853 405 3938 tttsccilieet
423 3873 493 3902 non
515 3869 622 3907 modo
641 3873 764 3914 Cra-ca
784 3880 1030 3930 Chrysostomi
1061 3853 1210 3938 pstiinde
1230 3865 1286 3935 at:

225 3919 285 3938 mlo
302 3935 307 3938 .
328 3920 448 3938 om“..-
477 3937 484 3938 .
504 3927 512 3938 ι
584 3937 587 3938 ν
694 3935 702 3938 -

760 3913 763 3914 ,
790 3913 1030 3930 ,...J.,..."m-u
1076 3913 1210 3933 IUIIIIUU
1230 3913 1280 3935 Hl-

222 3919 285 3956 qne
301 3913 450 3961 Savilius
471 3927 604 3973 ederet.
639 3935 702 3972 sed
728 3939 834 3977 etiam
857 3945 1006 3994 singulis
1027 3913 1199 3999 operibus
1216 3959 1280 3997 lto-

1456 319 1639 368 miliisquc
1658 323 1822 364 Latinam
1845 329 2181 379 interpretationem
2210 344 2352 386 aptaret
2372 352 2382 379 :
2409 350 2534 391 quanam

1451 392 1497 420 re.
1522 390 1707 424 strenuam
1741 389 1802 428 ille
1828 402 1976 440 operam
2014 399 2174 436 navavit.
2207 401 2532 452 lnterpretationes

1448 445 1583 494 quippe
1617 450 1814 489 multorum
1853 465 2004 502 operum
2029 461 2169 507 jamdiu
2202 445 2318 505 editas
2340 477 2360 506 e
2384 471 2530 518 regione

1447 506 1656 547 Grmcorum
1679 513 1811 560 posuit,
1835 517 1900 554 sed
1921 506 2132 560 emendatas
2149 531 2187 562 et
2200 527 2244 564 ad
2263 527 2371 568 ﬁdem
2392 531 2526 571 Graecae

1445 571 1623 609 orationis
1658 575 1908 615 cencinnatas.
1929 579 1966 617 Si
1986 592 2056 629 qua
2077 595 2164 624 vero
2180 587 2330 629 offendit
2363 593 2524 633 nondum

1445 631 1571 671 Latine
1591 637 1766 674 translata
1785 648 1896 687 opera
1919 641 2040 690 (erant
2057 654 2180 686 autem
2201 651 2411 699 hujusmodi
2432 657 2526 696 bene

1441 695 1593 744 multa),
1613 697 1693 736 hare
1721 701 1782 738 ille
1811 701 1857 740 de
1875 703 2003 743 Graeco
2023 711 2214 756 convertit,
2231 695 2268 750 et
2287 717 2434 763 quidem
2455 725 2526 758 tam

1441 765 1610 796 accurate
1631 766 1669 798 et
1695 762 1902 810 eleganter,
1925 773 1964 804 ut
1997 768 2093 806 inter
2126 773 2284 819 optimos
2305 777 2526 828 interpretes

1437 817 1518 864 jure
1533 831 1761 862 numeretur.
1783 825 1955 874 Ejusdem
1986 841 2096 878 porro
2113 835 2266 875 eruditae
2295 847 2391 879 nota:
2414 853 2523 892 repe-

1438 881 1581 922 riuntur
1605 885 1638 923 in
1660 886 1732 926 ﬁne
1754 890 1876 937 primi,
1900 895 2017 940 quarti
2046 903 2084 934 ct
2112 901 2205 938 sexti
2243 904 2346 941 tomi.
2375 904 2524 948 Similes

1435 941 1532 980 haud
1563 945 1671 985 dubie
1704 956 1808 988 notas
1843 953 1880 990 in
1924 956 2091 1002 quintum
2119 965 2256 1000 tomum
2287 965 2521 1014 destinabat;

1433 1011 1470 1042 at
1495 1007 1566 1045 vita
1599 1009 1742 1049 iunctus
1775 1025 1852 1052 rem
1892 1019 2068 1066 perﬁcere
2098 1025 2273 1072 nequivit.
2309 1027 2518 1071 Editionetu

1433 1067 1714 1112 Frontonianam
1746 1075 1882 1125 incepit
1901 1080 2118 1123 Fredericus
2143 1086 2328 1134 Morellus,
2363 1093 2521 1132 absolvit

1431 1129 1604 1170 Claudius
1625 1146 1688 1172 sex
1709 1137 1746 1174 iu
1775 1138 1863 1177 folio
1897 1144 2028 1190 tomis;
2059 1149 2120 1195 qui
2149 1149 2190 1187 S.

2071 1193 2080 1195 _
2424 1193 2494 1206 Ἰ-

1431 1193 1532 1230 scula
1575 1201 1613 1232 et
1645 1197 1937 1242 Commentarios
1982 1207 2020 1244 in
2073 1210 2184 1250 Vetus
2241 1214 2515 1258 Testamentum

1429 1257 1734 1303 complectuntur.
1769 1263 1906 1305 Deinde
1939 1279 2036 1308 anno
2073 1274 2169 1312 1655
2205 1277 2301 1316 idem
2337 1257 2510 1322 Claudius

1429 1315 1601 1356 Morellns
1627 1320 1920 1365 Commentarios
1939 1330 1974 1367 in
1992 1331 2132 1372 Novum
2150 1337 2423 1381 Testamentum
2445 1355 2510 1384 sex

1429 1378 1464 1414 in
1501 1379 1589 1418 folio
1623 1385 1729 1422 tomis
1761 1387 1806 1424 ad
1841 1389 1952 1428 ﬁdem
1993 1393 2294 1439 Commelinianae
2337 1405 2510 1446 editionis

1426 1440 1558 1479 emisit.
1590 1445 1696 1482 Anno
1722 1455 1844 1487 autem
1867 1451 1960 1490 1656
1982 1455 2156 1505 integram
2193 1472 2324 1502 novam
2353 1467 2514 1518 Chryso-

2059 1503 2072 1505 ν
2362 1503 2492 1518 ""J"

1427 1503 1536 1540 stomi
1567 1515 1720 1552 operum
1755 1510 1954 1552 editionem
1989 1515 2182 1559 duodecim
2215 1523 2252 1561 in
2281 1525 2369 1564 folio
2403 1531 2512 1569 tomis

1424 1569 1532 1612 atque
1579 1568 1748 1608 undecim
1780 1574 2024 1616 voluminibus
2061 1583 2242 1628 publicam
2279 1587 2379 1627 fecit.
2423 1592 2508 1632 [late

1423 1638 1532 1674 porro
1554 1641 1736 1680 postrema
1758 1638 1870 1678 editio
1898 1642 2023 1682 charta
2043 1647 2166 1686 minus
2190 1651 2346 1700 eleganti
2367 1655 2503 1696 instru-

1421 1697 1492 1736 cta,
1509 1694 1573 1730 sed
1593 1704 1718 1734 contra
1735 1710 1842 1746 quam
1865 1704 1972 1753 vulgo
1992 1708 2154 1748 creditur
2173 1715 2402 1756 emendatior
2420 1726 2502 1764 est;

1419 1762 1504 1790 usus
1531 1757 1654 1803 operis
1687 1761 1900 1802 melioribus
1935 1767 2108 1809 Morcllus
2152 1777 2296 1823 menda,
2325 1787 2502 1828 quantum

1415 1815 1553 1861 potuit,
1577 1829 1622 1856 ex
1657 1820 1724 1859 hac
1745 1833 1928 1870 postrema
1949 1831 2111 1871 editione
2147 1838 2294 1876 sustulit
2313 1815 2434 1884 ;1tum
2455 1855 2500 1882 ca

1413 1887 1492 1924 qua:
1508 1879 1644 1920 Fronto
1664 1884 1817 1926 Daca-us
1835 1889 1870 1926 in
1895 1893 1991 1930 notis
2025 1896 2131 1942 primi
2149 1905 2186 1936 et
2205 1903 2323 1948 quarti
2343 1906 2430 1944 tomi
2446 1907 2498 1944 ir-

1411 1940 1570 1986 repsisse
1597 1954 1799 1994 monuerat,
1824 1957 1898 1989 tum
1925 1955 2052 1993 etiam'
2069 1959 2139 1997 alia
2159 1971 2240 2009 qnte
2255 1967 2499 2006 occurrebant

1411 2000 1424 2048 (
1444 2012 1618 2050 expertus
1639 2007 1798 2060 loquor)
1817 2041 1826 2058 ,
1850 2017 2009 2056 maxime
2027 2031 2114 2059 vero
2134 2024 2180 2062 de
2207 2028 2339 2074 primo,
2363 2038 2494 2079 quarto

1407 2068 1445 2100 ct
1463 2066 1590 2112 quinto
1609 2076 1720 2109 tomo.
1739 2073 1777 2111 lu
1807 2075 1906 2114 hisce
1935 2090 2022 2118 vero
2040 2083 2182 2123 duobus
2201 2096 2390 2135 postremo
2411 2105 2491 2133 meo

1405 2129 1554 2167 moratis
1577 2135 1683 2171 tomis
1701 2137 1866 2183 quazdam
1885 2140 2066 2190 Opuscula
2086 2129 2352 2200 Clu-ysbstomi,
2369 2167 2450 2203 qua:
2468 2169 2490 2195 ει

1917 2189 1926 2190 κ
2160 2189 2172 2198 υ
2290 2189 2352 2200 "vv
2371 2189 2450 2203 1‘"
2468 2189 2488 2195 “·

1403 2189 1519 2236 prima
1539 2193 1704 2242 aberant,
1738 2200 1773 2237 in
1803 2201 1876 2241 ﬁne
1907 2204 2030 2245 addita
2050 2218 2148 2247 sunt.
2182 2212 2314 2253 Verum
2346 2218 2384 2256 in
2417 2219 2488 2259 hoc

1401 2257 1566 2300 peccavit
1608 2257 1778 2300 Claudius
1824 2265 2020 2321 ltiorellus,
2063 2276 2160 2321 quod
2202 2285 2308 2317 notas
2346 2281 2380 2320 in
2416 2285 2489 2323 line

1399 2319 1517 2362 quarti
1539 2322 1626 2359 tomi
1657 2333 1676 2360 a
1697 2324 1885 2368 Frontone
1916 2319 2049 2372 Ducaeo
2074 2319 2238 2384 positas,
2275 2349 2312 2380 et
2345 2345 2486 2394 aliquot

1399 2375 1572 2394 “munt
1602 2383 1639 2394 η,
1841 2391 1847 2394 ,
1893 2392 1906 2394 _

1397 2375 1578 2425 Opuscula
1600 2383 1864 2436 Chrysostomi,
1893 2392 2020 2432 Latine
2048 2375 2186 2438 tantum
2215 2403 2342 2450 quinto
2378 2375 2478 2445 ttitno

1396 2450 1496 2488 eusa,
1517 2444 1552 2480 in
1587 2445 1655 2485 hac
1684 2453 1877 2496 posteriori
1910 2455 2070 2496 editione
2094 2465 2297 2502 sustulerit.
2328 2467 2483 2515 Eodem,

1397 2503 1445 2540 nti
1485 2505 1642 2546 diximus
1665 2538 1674 2554 ,
1707 2511 1820 2549 ferme
1854 2523 2017 2566 tempore
2053 2520 2231 2562 Henricus
2263 2526 2420 2567 Savilius
2445 2538 2484 2568 et

1395 2563 1531 2604 Fronto
1553 2569 1718 2617 Duczeus,
1743 2573 1870 2613 Etome
1899 2563 1971 2622 ille,
2005 2581 2064 2618 hic
2091 2583 2268 2632 Lutetia},
2297 2590 2478 2630 editiones

1392 2636 1544 2673 operum
1583 2633 1746 2670 omnium
1789 2637 2038 2686 Cltrysostomi
2075 2645 2279 2691 parabanL.
2302 2649 2481 2700 Quodque

1391 2689 1583 2728 ohservatu
1617 2693 1766 2742 dignum
1801 2699 1982 2748 videatur,
2011 2704 2098 2742 licet
2124 2707 2254 2746 eodem
2286 2711 2322 2748 in
2359 2715 2481 2753 stadio

1389 2753 1498 2788 multo
1517 2763 1720 2801 currerent,
1742 2759 1825 2798 licet
1845 2769 1916 2799 tam
1935 2765 2054 2803 varias
2071 2777 2259 2808 sacrorum
2281 2773 2478 2822 religiones

1387 2814 1497 2852 ambo
1528 2820 1814 2868 proﬁterentur,
1849 2826 1946 2864 nulla
1977 2827 2124 2868 invidiae
2143 2859 2153 2876 ,
2193 2834 2338 2873 adversi
2363 2838 2476 2878 animi

1387 2878 1483 2916 nulla
1520 2887 1605 2918 nota
1638 2886 1900 2932 comparebat:
1922 2890 2111 2940 quinimo,
2145 2901 2186 2932 ut
2213 2906 2294 2936 sese
2325 2902 2472 2940 occasio

1385 2941 1586 2989 oll'ercbat,
1627 2945 1762 2984 dabant
1789 2959 1916 2997 operas
1957 2959 2124 3002 mutuas,
2161 2968 2359 3008 numquam
2391 2964 2472 3002 sine

1385 3002 1533 3042 honoris
1563 3006 1878 3060 observanliteque
1899 3015 2166 3062 signiﬁcatione
2193 3021 2288 3059 alter
2314 3025 2470 3064 alterum

1382 3069 1636 3117 memorabat,
1676 3079 1804 3112 centra
1823 3087 1930 3123 quam
1963 3089 2031 3117 usu
2058 3083 2206 3122 evenire
2240 3086 2348 3124 solet.
2377 3088 2470 3127 Nam

1380 3129 1543 3178 plerique
1562 3142 1644 3178 cum
1665 3133 1760 3172 idem
1783 3146 1873 3183 Opus
1893 3140 2000 3177 simul
2021 3145 2294 3194 aggrediuntur,
2311 3159 2470 3198 prmsero

1381 3190 1446 3227 tim
1467 3202 1550 3230 cum
1571 3194 1766 3234 intervenit
1783 3199 2001 3247 religionum
2019 3203 2232 3254 discrimen,
2253 3210 2466 3260 frequenter

1376 3262 1460 3290 sese
1491 3255 1696 3295 maledictis
1715 3264 1750 3296 et
1771 3262 1946 3301 conviciis
1966 3265 2125 3306 lacerant
2143 3299 2152 3316 ,
2181 3272 2342 3322 nihilque
2361 3276 2462 3313 aliud

1375 3325 1506 3354 curare
1538 3316 1706 3355 videntur
1749 3332 1856 3369 quam
1903 3332 1940 3362 ut
1975 3331 2134 3368 auctoris
2175 3333 2320 3372 adversi
2355 3336 2466 3374 fatum

1373 3376 1580 3423 detrahant,
1609 3391 1652 3418 ac
1687 3383 1717 3420 si
1749 3385 1783 3422 id
1815 3388 1911 3434 quod
1941 3391 2001 3428 alii
2037 3393 2240 3434 detrahitur
2268 3399 2461 3436 existinm-

1371 3439 1496 3486 tionis,
1519 3441 1636 3480 laudis
1655 3447 1811 3493 propria:
1841 3449 1938 3488 foret
1954 3455 2134 3494 accessio.
2166 3457 2335 3495 Livorem
2357 3470 2460 3496 eam-

1369 3501 1452 3538 dem
1472 3505 1719 3543 excrccntinm
1749 3516 1865 3548 artem
1905 3513 1956 3551 sic
1995 3517 2172 3563 exprimit
2207 3519 2292 3556 illud
2332 3520 2456 3556 tritum

1368 3562 1514 3601 llesiodi
1537 3578 1546 3602 :

1479 3662 1546 3694 Καὶ
1557 3668 1709 3709 κεραμεὺς
1729 3677 1860 3712 κεραμεῖ
1876 3674 1976 3704 uti“
1994 3677 2050 3706 καὶ
2069 3677 2190 3706 rima-at
2208 3677 2338 3713 τέκτων,

1485 3725 1552 3756 Καὶ
1567 3730 1692 3769 πτωχές
1711 3735 1827 3774 πτωχῷ
1846 3735 1962 3776 φθςνέει
1983 3738 2037 3766 καί
2051 3733 2162 3771 ἀοιδὸς
2175 3733 2287 3776 ἀοιδῷ.

1468 3784 1502 3814 Et
1517 3781 1638 3824 ﬁgulus
1653 3785 1790 3828 ﬁgulum
1807 3789 1976 3832 impugnat
1993 3795 2028 3823 et
2046 3790 2172 3822 fabrum
2193 3790 2299 3829 faber,

1467 3839 1500 3868 Et
1513 3839 1684 3873 mendicus
1701 3843 1851 3876 mendico
1868 3844 1993 3877 invidet
2008 3849 2043 3876 et
2058 3849 2172 3876 cantor
2187 3849 2326 3882 cantori.

1362 3901 1396 3937 Id
1419 3914 1504 3941 vero
1525 3909 1683 3946 maxime
1714 3910 1772 3945 illa
1792 3911 1986 3946 Frontonis
2019 3916 2056 3948 et
2074 3911 2196 3950 Savilii
2229 3921 2442 3963 tempestate

1359 3962 1452 4001 inter
1479 3965 1604 4005 doctos
1638 3970 1672 4004 in
1709 3981 1773 4005 usu
1805 3976 1910 4013 erat,
1951 3971 2012 4016 qui
2046 3972 2103 4009 vel
2138 3973 2318 4014 levissima
2359 3979 2460 4015 data:
