2758 4350
183 316 220 342 ιιι
1030 278 1073 316 D.
1101 276 1142 312 Β.
1173 271 1233 310 DE
1261 268 1307 307 Mi

1383 261 1578 305 raucos
2369 249 2420 279 ἰιι

1526 341 1530 342 ,
1650 338 1656 342 .
1683 337 1690 342 .
1760 334 1770 342 .
1823 333 1844 342 _.
1903 329 2096 342 ,,,--p__---
2135 319 2420 342 -..Μηιηοεεαῖηηι

186 414 372 430 νινιιυιν--ν
397 414 431 417 -,
445 414 449 415 ν

186 453 303 502 magis
329 441 534 488 aestimandi
569 439 619 477 illi
641 435 714 474 duo
729 431 812 476 viri,
844 427 904 476 qui
925 422 1065 462 meritis
1083 428 1148 466 pro
1175 414 1259 452 tali-

754 496 762 502 -
861 491 868 499 -
904 483 1076 502 I9--_....:....
1096 487 1259 502 ,.,,mmn_

185 483 268 560 bus:
296 520 333 552 et
353 521 418 560 pro
438 513 586 546 strenue
604 503 733 538 navata
754 496 789 532 iu
817 491 871 529 rei
904 483 1077 525 literaria:
1096 487 1260 518 commo-

185 580 272 618 dum
293 547 418 624 opera,
439 564 635 608 immortali
662 565 762 597 certe
793 551 891 600 digni
913 547 1131 624 laude‘suqt;

233 639 286 677 Ne
305 605 464 675 mireris,
484 631 625 670 Lector,
648 631 706 660 me
725 616 861 656 tamdiu
877 620 1002 650 eorum
1020 605 1187 646 laudibus
1205 611 1268 639 ce-

1154 675 1160 677 μ
1179 664 1192 677 1
1225 663 1266 677 1-

234 663 286 677 ιιυ
486 663 569 666 ---η
615 663 624 670 ,

189 698 371 740 lebrandis
407 694 577 732 insistere
616 698 625 722 :
661 691 772 724 nam,
820 680 1062 724 praeterqunm
1221 663 1268 700 de

192 763 282 802 orbe
314 756 477 797 literario
498 759 571 790 tam
593 749 686 786 bene
718 741 836 781 meriti
855 743 952 780 sunt,
973 735 1042 770 hoc
1055 741 1100 769 ex
1121 729 1264 766 illorum

192 821 388 864 sudoribus
413 818 450 854 in
485 808 716 852 commodum
737 813 859 842 meum
881 795 1110 839 redundavit,
1130 797 1170 829 ut
1193 795 1274 838 post

196 890 316 925 tantos
333 887 459 919 eorum
477 874 621 912 labores
641 869 760 908 mintts
783 860 1021 902 laborandum
1045 857 1132 894 mihi
1152 852 1274 890 fuerit.

197 946 332 996 Ecquis
351 943 409 980 illc
427 941 568 978 futurus
585 940 662 973 erat
681 931 798 974 labor,
815 927 845 965 si
863 925 999 964 nullam
1017 919 1173 959 Savilius
1199 915 1274 952 col-

199 983 352 1060 l'gendis
371 999 680 1045 emendandisque
693 994 945 1041 Chrysostomt
965 983 1110 1032 scriptis
1130 988 1278 1028 operam

200 1052 408 1123 posuisset?
440 1066 546 1115 quis,
568 1062 598 1100 si
616 1060 754 1099 Fronto
781 1054 936 1092 Ducmus
969 1056 1094 1096 parem
1128 1052 1277 1090 aggres-

678 1121 697 1123 ’⁷
777 1117 785 1123 ⁵
884 1113 898 1123 '
940 1113 1008 1123 "7-
1046 1109 1068 1123 ο
1117 1103 1277 1123 ΠΛΛΙΛ-ιῖε

204 1103 266 1172 Isus
285 1103 662 1180 oper:tnt,lconvet-ten
677 1121 722 1157 lis
740 1117 848 1155 etiam
884 1113 1014 1150 Latine
1046 1109 1086 1146 S.
1117 1103 1282 1143 Doctoris

207 1167 379 1245 operibus
413 1167 485 1228 non
514 1180 763 1225 incubuisset?
793 1178 935 1223 Quanta
963 1171 1078 1210 moles
1099 1167 1284 1206 collectio-

714 1243 721 1245 “
777 1242 784 1245 ⁸
843 1237 852 1245 ’
884 1244 887 1245 ν
1006 1244 1011 1245 γ
1044 1239 1075 1245 Α·
1141 1227 1284 1245 -..η-..ιΑ

207 1227 290 1304 nis,
324 1258 456 1304 quanta
497 1242 807 1294 interpretationis
841 1237 958 1275 futura
998 1239 1076 1270 erat
1096 1259 1106 1275 ,
1137 1227 1286 1277 quando

797 1302 803 1304 .
868 1299 888 1304 ..
943 1297 950 1304 .
996 1296 1002 1302 .
1073 1291 1282 1304 ,,,,,,“_a

208 1291 318 1359 etiain
337 1291 421 1366 post
439 1313 590 1352 emissas
623 1307 702 1344 illas
723 1302 830 1340 laude
855 1296 1086 1346 dignissimas
1104 1291 1284 1328 editiones

211 1358 350 1420 tantum
367 1375 510 1416 sudoris
526 1371 689 1409 relictum
709 1363 790 1402 est?
808 1359 960 1398 lnlinitm
982 1361 1081 1394 certe
1097 1358 1153 1390 est
1167 1359 1288 1398 operze

213 1451 265 1482 tot
284 1440 428 1480 codices
463 1430 729 1476 manuscriptos
764 1423 956 1464 evolvere,
990 1415 1050 1454 tibi
1088 1415 1289 1451 inuumcrre

219 1515 310 1554 pene
331 1494 578 1548 Chrysostomi
596 1490 756 1528 homilizc
777 1488 984 1526 occurrunt,
1010 1479 1118 1524 idque
1137 1477 1173 1512 in
1210 1483 1290 1511 om-

341 1539 568 1602 bibliothecis
589 1556 714 1593 Grmca
742 1551 800 1588 illa
822 1543 1048 1596 supellectile
1078 1539 1263 1578 instructis
1281 1565 1290 1580 ,

217 1631 276 1668 ubi
297 1626 474 1664 auccdota
489 1622 580 1658 bene
601 1617 712 1654 multa
731 1619 874 1651 exstant
900 1621 909 1645 ε
936 1619 1007 1645 non
1041 1603 1206 1648 minoris,
1226 1601 1294 1638 nisi

219 1690 365 1739 Ittnjnl'ts
396 1687 504 1724 etiam
531 1711 539 1726 ,
572 1679 692 1728 spuria
735 1687 755 1712 a
802 1671 983 1722 germanis
1018 1670 1294 1706 internoscere,

220 1755 352 1793 emissa
374 1761 392 1787 a
416 1759 488 1786 non
521 1743 679 1786 emissis,
701 1750 783 1777 curn
813 1735 980 1773 videlicet
1003 1729 1176 1780 principia
1215 1737 1297 1764 mu-

225 1823 348 1855 lantur
369 1813 555 1850 :siuceras
570 1805 748 1844 lectiones
769 1799 942 1846 deligere,
975 1793 1120 1843 quando
1141 1790 1302 1828 maxime

225 1884 280 1914 tot
315 1880 398 1912 sunt
428 1869 615 1911 llomilia),
638 1871 690 1902 tot
708 1857 985 1900 Commentarii,
1023 1860 1074 1892 tot
1093 1851 1271 1900 Opuseula
1289 1878 1298 1893 ,

229 1947 267 1977 ιιι
282 1968 292 1985 ,
313 1935 408 1986 quod
426 1934 500 1982 jam
516 1931 590 1968 dixi
604 1958 612 1973 ,
632 1925 848 1966 bibliotheca
866 1921 986 1970 potius
1003 1928 1109 1968 quam
1132 1916 1222 1954 liber
1243 1921 1304 1951 aut

229 2011 320 2049 opus
336 1995 457 2035 vocari
477 1996 696 2032 mereantur.

229 2039 332 2112 ξίιι.
351 2079 398 2086 —
414 2057 464 2094 De
482 2059 637 2100 sttscepto
657 2061 751 2087 nom:
767 2045 930 2096 paranda?
950 2042 1122 2080 Editionis
1141 2039 1297 2077 consilio.

277 2123 324 2162 Ut
343 2126 462 2158 autem
481 2117 601 2164 aliquo
625 2112 750 2151 ordine
781 2109 864 2157 quid
887 2109 921 2144 in
947 2107 1016 2143 hac
1035 2104 1195 2141 editione
1229 2101 1302 2148 jam

233 2185 446 2235 prmstitum,
463 2162 550 2228 quid
568 2179 603 2214 in
619 2172 852 2222 sequentibus
871 2170 978 2206 tomis
991 2164 1236 2215 praestandum
1255 2162 1303 2199 sit

233 2253 461 2288 enarremus,
481 2250 556 2278 rem
575 2237 620 2275 ab
639 2247 708 2273 ovo
735 2240 898 2282 repetere
919 2241 983 2279 par
1003 2228 1122 2267 fuerit.
1148 2227 1201 2263 Ab
1234 2235 1301 2261 an-

235 2309 292 2346 uis
319 2307 399 2354 plus
439 2286 582 2350 triginta
612 2299 682 2336 hoc
713 2295 966 2334 l‘rrcl‘cctorum
998 2289 1163 2328 Sodalitii
1195 2286 1310 2324 nostri

237 2368 427 2408 censiliutn
464 2349 580 2400 fuerat
597 2391 606 2406 ,
643 2367 694 2404 ut,
717 2363 798 2406 post
827 2361 1008 2404 peractam
1028 2353 1066 2390 S.
1092 2349 1281 2398 Augustini
1302 2376 1310 2390 ,
1331 2393 1335 2395 _

240 2435 335 2470 inter
349 2431 517 2468 doctores
538 2426 684 2464 Latinos
706 2422 891 2471 principis,
913 2419 1125 2461 editionem,
1144 2415 1315 2462 Operibus

239 2491 510 2543 Chrysostomi,
533 2489 592 2536 qui
611 2496 736 2535 parem
770 2486 804 2520 in
831 2482 993 2520 Ecclesia
1007 2480 1134 2518 Graeca
1163 2483 1316 2523 Occupat

241 2556 449 2604 dignitatem
469 2580 479 2597 ,
516 2559 662 2588 manum
694 2547 984 2584 admoveremus.
1009 2541 1172 2578 Priscum
1193 2537 1316 2576 consi-

246 2620 332 2655 lium
362 2615 551 2662 iutcrcepit
571 2612 616 2648 ad
649 2611 783 2658 aliquot
816 2617 930 2644 annos
958 2595 1152 2642 .Atbauasii
1182 2601 1316 2645 editio,

243 2689 322 2727 qua:
347 2687 442 2714 anno
473 2674 565 2712 l698
604 2675 720 2710 lucem
751 2669 856 2707 vidit.
893 2667 1030 2704 Deinde
1072 2674 1160 2702 vero
1187 2673 1320 2700 nervos

246 2751 373 2780 omnes
391 2737 577 2776 industria:
604 2732 858 2772 contendimus
875 2736 914 2767 ut
939 2727 1190 2777 Chrysostomi
1211 2736 1320 2771 opera

245 2805 389 2841 demum
425 2801 460 2837 in
505 2797 688 2846 publicum
720 2793 920 2843 prodirent.
944 2791 1129 2838 Apparatu
1164 2787 1322 2824 maximo

246 2873 322 2904 erat
337 2873 449 2912 opus:
463 2859 656 2899 lustranda:
671 2856 914 2899 bibliothecae,
929 2854 1046 2891 omnis
1063 2851 1220 2899 denique
1233 2848 1324 2897 lapis

251 2927 467 2967 movendus.
503 2925 575 2960 lter
602 2922 764 2960 Italicum
799 2928 894 2956 anno
921 2917 1014 2955 l698
1042 2914 1204 2962 suscepi,
1227 2911 1322 2949 unde

252 2989 366 3028 multa
385 2998 429 3025 ex
446 2985 620 3023 Romanis
640 2983 767 3020 aliisve
782 2980 914 3018 ltalicis
935 2976 1164 3016 bibliothecis
1190 2975 1326 3012 corrasi

253 3051 299 3111 ad
318 3050 388 3088 hoc
406 3049 607 3086 institutum
629 3043 844 3092 pertinentia
865 3054 874 3077 :
898 3041 1014 3078 tribus
1035 3037 1172 3076 exactis
1193 3037 1230 3074 in
1257 3036 1328 3074 hoc

253 3103 385 3152 itinere
404 3112 531 3157 annis,
553 3116 634 3158 post
660 3106 817 3146 reditum
853 3105 888 3144 id
923 3115 942 3142 a
981 3103 1164 3142 Prtel'ectis
1196 3101 1330 3139 nostris

257 3174 466 3223 impetravi,
485 3179 524 3210 ut
543 3183 588 3210 cx
614 3169 799 3208 sodalibus
815 3173 970 3217 quatuor
987 3166 1046 3204 vel
1067 3166 1225 3214 quinque
1245 3173 1332 3200 con-

259 3235 418 3274 ferendis
436 3234 737 3272 bibliothecarum
765 3231 904 3279 Regiae,
924 3228 1144 3268 Colbertinze
1161 3235 1199 3265 et
1229 3226 1332 3264 Cois-

258 3299 401 3339 liniance
409 3295 590 3334 codicibus
603 3300 775 3342 perpetuo
786 3293 1048 3336 incumberent,
1060 3290 1157 3328 etsic
1173 3300 1242 3338 ope
1256 3299 1332 3326 ma-

259 3361 524 3408 nuscriptorum
537 3359 656 3406 prisco
673 3357 780 3394 nitori
800 3356 939 3394 restitui
959 3355 1237 3404 Chrysostomus
1249 3363 1334 3400 pos-

261 3431 332 3463 set.
342 3425 368 3461 A
376 3423 398 3460 b
407 3423 511 3460 annis
523 3422 630 3470 igitur
640 3421 829 3468 plusquam
845 3419 1016 3457 tredecim
1031 3418 1064 3455 id
1075 3416 1239 3465 agunt,id
1255 3425 1336 3464 pro-

263 3493 423 3531 movent,
433 3491 472 3522 ut
491 3483 816 3532 manuscriptorum
836 3483 954 3520 varias
967 3481 1139 3520 lectiones
1153 3479 1336 3526 colligant.

261 3553 311 3589 Ne
332 3559 420 3588 vero
443 3555 520 3586 rem
539 3547 680 3595 longius
701 3556 808 3594 quam
831 3556 896 3594 par
917 3545 962 3582 sit
983 3551 1183 3583 extractam
1203 3548 1308 3590 putes
1325 3569 1336 3586 ,

260 3615 410 3652 codices
430 3611 512 3660 plus
531 3620 638 3658 quam
669 3615 851 3647 trecentos
867 3608 1114 3656 Chrysostomi
1136 3615 1286 3654 operum
1303 3604 1338 3640 iu

265 3676 364 3712 hisce
389 3672 622 3712 bibliothecis
645 3677 788 3708 exstare
815 3677 954 3708 certum
998 3669 1132 3706 habeas
1147 3697 1156 3712 ,
1177 3677 1268 3715 quos
1295 3664 1341 3702 de

264 3735 374 3774 verbo
401 3736 446 3774 ad
466 3736 615 3773 verbum
633 3733 799 3772 conferre
816 3745 888 3771 non
911 3734 987 3772 sine
1001 3731 1174 3770 diuturno
1188 3736 1224 3768 et
1243 3729 1340 3766 mul-

267 3804 384 3834 torum
403 3807 578 3834 annorum
599 3797 732 3834 sudore
749 3802 948 3844 potuerunt
966 3795 1028 3843 qui
1048 3793 1093 3831 ad
1118 3792 1153 3830 id
1176 3789 1338 3828 muneris

267 3858 394 3925 delectt
435 3866 530 3896 sunt.
561 3859 706 3898 Interim
726 3869 813 3896 vero
829 3869 911 3896 eum
937 3857 1064 3894 amicis
1081 3855 1116 3892 id
1136 3865 1200 3902 per
1219 3853 1344 3890 literas

268 3919 337 3965 0'6".
356 3925 395 3954 υι
415 3919 523 3967 Sitit"!
543 3921 576 3958 in
600 3922 738 3970 Anglia:
756 3928 793 3960 et
815 3920 1020 3960 Germaniae
1037 3915 1268 3956 bibliothecis
1298 3913 1344 3951 ad

267 3991 348 4018 eam
373 3990 448 4018 τοι»
472 3989 670 4029 θρροιἹιιιια
692 3991 812 4022 υδεριιι
829 4011 838 4028 ,
868 3993 909 4021 ea
931 3981 1036 4019 llOblS
1057 3977 1344 4017 transmitteren-

1337 352 1418 389 tur;
1439 341 1536 392 quod
1564 351 1584 377 a
1625 337 1714 375 viris
1749 333 1868 372 doctis
1897 329 2098 376 amicisque
2133 319 2424 363 cumulatissime

1338 385 1540 454 przestitutn
1565 407 1620 439 est
1640 429 1650 444 ,
1671 404 1712 437 ut
1729 395 1894 446 pluribus
1925 392 2068 430 dicetur
2087 387 2196 426 infra.
2217 385 2283 423 llis
2301 390 2422 420 autem

1341 468 1498 518 peractis
1519 463 1718 504 editionem
1748 461 1796 498 ita
1827 455 1989 506 aggressi
2023 461 2166 497 sumus,
2197 455 2236 487 ut
2268 448 2426 485 minuta-

1341 535 1405 570 tim
1433 540 1517 568 mox
1537 525 1779 566 describetur.

1345 626 1364 676 ᾗ
1396 624 1456 662 IV.
1475 643 1524 651 —
1540 621 1592 658 De
1610 617 1810 656 restauratis
1833 612 2038 663 quibusdam
2074 607 2238 646 Homilit's
2258 610 2289 640 et
2310 602 2428 649 Opus-

1403 687 1489 724 culis
1509 683 1654 721 antehac
1687 679 1811 716 hiulcis
1825 683 1855 714 et
1881 685 2009 724 magna
2038 671 2092 710 sui
2113 675 2210 718 parte
2233 665 2369 705 laceris.

1401 777 1576 816 llomilias
1607 785 1680 812 non
1709 779 1869 821 paucas,
1901 776 1982 816 qua:
2006 765 2042 802 in
2067 763 2170 812 prius
2205 759 2314 798 editis
2346 766 2430 795 cum

1349 841 1488 890 magnis
1518 839 1677 876 hiatibus
1714 833 1950 884 prodierant,
1983 838 2053 875 ope
2103 823 2434 870 manuscriptorum

1351 908 1511 952 integras
1531 909 1710 946 sanasque
1726 895 1890 943 proferre
1910 903 1980 930 non
2010 888 2145 928 infelici
2163 891 2297 924 conatu
2315 893 2426 922 cura-

1351 970 1498 1010 vimus;
1530 961 1709 1012 siquidem
1739 957 1933 996 Homiliam
1954 953 2000 992 de
2022 953 2161 990 Lazaro
2185 949 2262 996 jam
2283 954 2440 984 numero

1352 1009 1521 1072 sextam,
1557 1009 1638 1073 quas
1669 1023 1704 1060 in
1731 1019 1914 1058 Saviliana
1947 1023 1985 1053 et
2010 1012 2261 1052 Frontoniana
2281 1009 2442 1046 editione

1354 1092 1494 1142 paginis
1510 1091 1590 1138 plus
1609 1084 1798 1135 quaternis
1826 1080 1952 1118 mutila
1971 1082 2066 1121 erat,
2089 1075 2132 1112 ad
2151 1073 2311 1122 priscam
2336 1071 2436 1108 inte—

1356 1155 1522 1203 gritatem
1541 1134 1696 1199 quatuor
1725 1143 2053 1190 manuscriptornm
2089 1147 2160 1184 ope
2195 1134 2406 1172 reduximus
2429 1143 2440 1168 :

1359 1227 1427 1254 nec
1445 1209 1752 1252 diSsimulandum
1773 1213 1829 1244 est
1852 1215 1911 1250 ea,
1931 1214 2012 1251 qute
2044 1204 2080 1238 in
2097 1201 2157 1237 illa
2179 1198 2356 1236 concione
2375 1195 2443 1233 de-

1359 1279 1478 1317 erant,
1499 1283 1518 1308 a
1540 1271 1619 1307 viro
1634 1269 1741 1306 docto
1756 1263 1928 1303 Benzelio
1946 1259 2139 1308 fragtneuti
2157 1255 2326 1294 anecdoti
2344 1263 2446 1291 more

1364 1336 1490 1384 paucis
1511 1334 1596 1370 hinc
1611 1330 1716 1368 annis
1729 1327 1888 1376 Upsalia:
1909 1323 2092 1372 publicata
2125 1319 2238 1356 fuisse
2271 1327 2354 1354 cum
2381 1315 2449 1352 ali-

1363 1377 1451 1446 quot
1470 1396 1550 1434 aliis
1569 1389 1820 1442 Chrysostomi
1841 1385 2044 1425 anecdotis.
2069 1381 2262 1420 Homiliam
2284 1381 2372 1416 item
2401 1377 2448 1414 de

1366 1444 1575 1498 dbrahamo
1588 1485 1598 1498 ,
1615 1457 1696 1503 plus
1717 1462 1826 1501 quam
1858 1448 2006 1487 dimidia
2026 1445 2082 1483 sui
2103 1449 2204 1491 parte
2225 1447 2392 1478 truncam
2412 1444 2449 1476 et

1366 1522 1522 1559 laceram
1537 1548 1546 1564 ,
1563 1520 1637 1566 jam
1660 1517 1838 1562 integram
1854 1509 2087 1560 protulimus.
2110 1506 2240 1544 lliatus
2259 1503 2346 1540 item
2369 1511 2450 1538 ma-

1367 1595 1456 1634 gnos
1470 1580 1694 1620 sarsimusin
1712 1576 1868 1614 llomilia
1889 1573 1934 1610 de
1953 1571 2098 1609 Christo
2117 1569 2192 1606 Deo
2211 1572 2340 1604 contra
2355 1563 2453 1601 Gen-

1369 1649 1450 1684 tiles
1473 1673 1484 1691 ,
1512 1651 1548 1682 et
1583 1645 1620 1680 in
1657 1642 1728 1678 alia
1755 1639 1801 1676 de
1831 1635 2130 1674 Resurrectione.
2169 1630 2271 1668 Mitto
2306 1628 2455 1664 lacunas

1370 1711 1460 1748 alias
1479 1708 1653 1748 minores,
1669 1712 1760 1750 quas
1786 1701 1821 1737 in
1849 1698 1972 1736 multis
2004 1693 2244 1733 concionibus
2259 1687 2457 1736 complevi—

1373 1781 1469 1815 tnus,
1505 1761 1662 1806 maxime
1688 1774 1774 1801 vero
1796 1763 1830 1799 in
1853 1762 1896 1798 iis
1914 1770 1994 1806 qum
2013 1757 2059 1794 de
2091 1750 2455 1800 lncompreheusibili

1375 1840 1500 1872 contra
1536 1831 1748 1867 Anontmos.
1776 1824 1856 1862 Una
1903 1830 2025 1858 tamen
2065 1817 2215 1855 homilia
2263 1817 2458 1862 superest.

1375 1907 1455 1942 qum
1477 1899 1534 1931 est
1565 1888 1725 1929 secunda
1753 1891 1880 1924 contra
1897 1883 2058 1925 Iudaeos,
2079 1879 2183 1927 cujus
2215 1877 2356 1915 initium
2376 1873 2460 1911 Jam

1368 1953 1626 2006 iniquumillud
1649 1957 1680 1990 et
1707 1949 1924 2006 immundun}
1943 1975 1953 1992 ,
1971 1945 2090 1982 adhuc
2116 1951 2247 1990 magna
2282 1939 2336 1977 sui
2359 1943 2462 1986 parte

1379 2018 1506 2055 mutila
1528 2045 1538 2061 ,
1557 2017 1645 2053 licet
1665 2022 1810 2050 omnem
1831 1993 2055 2047 mov’erimus
2079 2003 2236 2052 lapidem
2266 2008 2305 2038 ut
2324 2010 2405 2038 eam
2427 1998 2462 2034 in

1379 2081 1540 2128 priscum
1566 2083 1702 2115 statum
1723 2073 1996 2112 reduceremus.
2017 2067 2132 2115 Opem
2152 2075 2193 2102 ea
2225 2063 2270 2100 de
2304 2072 2345 2099 re
2375 2061 2466 2096 ami-

1380 2152 1508 2180 corum
1529 2140 1692 2178 omnium
1733 2133 2010 2184 iu'tploravimus
2026 2159 2036 2175 ,
2071 2129 2168 2167 nulla
2190 2137 2261 2164 non
2281 2123 2466 2172 diligentia

1381 2203 1545 2241 adhibita
1578 2201 1658 2238 fuit.
1681 2199 1721 2236 ln
1741 2197 1910 2236 omnibus
1943 2201 2044 2232 certe
2061 2221 2071 2238 ,
2101 2201 2182 2239 quas
2208 2199 2249 2226 se
2279 2188 2468 2236 patiuntur

1383 2265 1490 2310 adiri,
1521 2262 1750 2302 bibliothecis
1767 2270 1809 2298 ea
1837 2255 2082 2296 sollicitudine
2101 2251 2338 2300 perquisitum
2361 2255 2418 2285 est
2433 2252 2472 2284 ut

1385 2336 1528 2367 certum
1559 2327 1666 2364 nobis
1687 2325 1734 2361 sit
1750 2333 1832 2360 eam
1851 2321 1911 2359 vel
1933 2327 2112 2365 nusquam
2141 2325 2266 2352 sanam
2294 2318 2440 2350 exstare
2457 2337 2469 2355 ,

1389 2391 1444 2429 vel
1473 2389 1672 2428 admodum
1705 2387 1818 2424 latere
1835 2413 1844 2430 ,
1885 2384 1914 2421 si
1935 2383 2015 2420 talis
2033 2378 2207 2427 supersit.
2229 2377 2266 2414 ln
2284 2373 2471 2422 sequenti-

1391 2455 1458 2492 bus
1477 2454 1564 2491 item
1584 2450 1692 2488 tomis
1729 2448 1842 2486 multa
1868 2446 1944 2494 pari
1973 2443 2082 2481 modo
2111 2440 2374 2480 restituentur;
2407 2445 2475 2472 nec

1389 2517 1507 2554 minor
1525 2513 1701 2552 industria
1721 2511 1757 2547 in
1775 2509 1882 2546 editis
1919 2502 2169 2544 restaurandis
2185 2510 2293 2550 quam
2309 2497 2344 2534 in
2356 2505 2474 2533 auec-

1393 2579 1496 2618 dotis
1526 2574 1703 2621 emendis
1714 2571 1961 2610 adhibebitur.

1412 2658 1430 2706 θ
1453 2657 1493 2693 ν.
1514 2676 1560 2683 -
1582 2653 1738 2698 Quantus
1755 2647 2000 2686 attecdolormn
2020 2652 2180 2680 numerus
2199 2649 2289 2676 nunc
2309 2637 2459 2686 primum

1844 2707 2022 2754 eﬂeratur.

1445 2794 1618 2832 llomilias
1640 2788 1886 2838 opusculaque
1905 2784 1976 2821 alia
1998 2780 2161 2819 nondum
2190 2777 2324 2816 emissa
2353 2775 2482 2813 iisdem

1396 2870 1443 2896 ex
1466 2855 1615 2894 latebris
1633 2837 1838 2894 eduximus,
1852 2853 1889 2885 et
1903 2845 2048 2894 quidem
2067 2849 2171 2881 tanta
2183 2849 2334 2878 numero
2355 2845 2394 2875 ut
2406 2837 2482 2874 sola

1397 2919 1558 2967 amplum
1573 2915 1744 2953 volumen
1763 2910 1944 2949 coniicere
1959 2907 2116 2944 valeant.
2134 2905 2172 2942 ln
2191 2903 2235 2940 iis
2251 2911 2339 2939 vero
2355 2909 2484 2948 magna

1399 2981 1540 3020 cautela
1559 2976 1735 3016 utendum
1757 2973 1946 3016 duximus,
1965 2979 2048 3007 cum
2067 2978 2114 3005 ne
2131 2975 2198 3014 pro
2213 2963 2383 3012 legitimis
2400 2971 2486 3008 spu-

1401 3043 1454 3082 ria
1475 3040 1724 3090 proferantur,
1742 3042 1817 3072 tum
1833 3033 1942 3072 etiam
1962 3041 2008 3068 ne
2025 3027 2276 3068 consarcinata
2295 3032 2420 3071 opera,
2435 3031 2485 3059 ex

1403 3106 1526 3144 multis
1545 3103 1697 3140 aliarum
1710 3097 1925 3136 orationum
1941 3091 2124 3140 excerplis
2143 3087 2372 3129 concinnata,
2393 3083 2486 3120 vela

1405 3167 1602 3216 nugacibus
1616 3161 1811 3206 Graeculis,
1827 3159 1882 3196 vel
1901 3157 1947 3194 ab
1966 3155 2048 3192 aliis
2065 3152 2124 3200 qui
2145 3151 2212 3188 hac
2229 3147 2358 3186 teclma
2369 3144 2487 3194 Chry-

1405 3229 1560 3268 sostomi
1591 3236 1685 3265 nova
1713 3232 1826 3272 opera
1853 3217 2112 3260 venditabant,
2134 3223 2180 3250 ne
2208 3211 2291 3254 illa,
2314 3208 2488 3256 inquam,

1407 3297 1634 3340 repetantur,
1658 3269 1813 3326 neu—bis
1840 3289 1942 3320 terve
1966 3279 2094 3317 eadem
2115 3274 2315 3324 prodeant,
2335 3269 2433 3319 quod
2451 3275 2490 3307 et

1408 3333 1505 3404 ap'ud
1518 3333 1820 3402 Chrysostomum
1837 3352 1874 3384 ct
1890 3343 1986 3393 apud
2006 3341 2099 3378 alios
2115 3343 2260 3376 sanctos
2273 3333 2404 3372 Patres
2417 3342 2490 3370 non

1409 3394 1523 3456 semel
1541 3394 1718 3452 accidisse
1735 3408 1999 3456 comperimus.
2019 3403 2086 3440 Est
2109 3400 2219 3437 etiam
2245 3406 2327 3434 cum
2346 3394 2495 3432 mutatis

1410 3479 1594 3528 prioribus
1605 3474 1764 3512 llomilia:
1778 3482 1844 3509 seu
1859 3469 1980 3506 verbis
1995 3476 2057 3503 seu
2073 3461 2246 3512 periodis,
2263 3469 2344 3507 qua:
2357 3457 2494 3496 eaedem

1412 3541 1560 3580 omnino
1580 3543 1665 3576 sunt
1681 3535 1878 3574 conciones
1893 3559 1902 3575 ,
1931 3539 1997 3578 pro
2015 3527 2096 3565 aliis
2125 3530 2162 3562 et
2181 3522 2336 3560 diversis
2355 3520 2495 3558 haben-

1413 3610 1501 3641 tur:
1524 3601 1694 3638 nimirum
1713 3597 1850 3644 decipit
1878 3595 1980 3631 frons
2011 3589 2128 3638 prima
2161 3586 2320 3631 multos,
2346 3590 2385 3622 et
2413 3591 2496 3620 cuin

1413 3663 1592 3714 principia
1607 3661 1773 3704 variant,
1793 3658 1839 3695 de
1858 3654 2002 3694 celeris
2025 3658 2064 3690 ut
2093 3649 2287 3698 plurimum
2307 3657 2378 3684 non
2395 3653 2495 3692 (pue-

1415 3728 1508 3764 ritur
1527 3736 1572 3762 an
1591 3723 1720 3762 eadem
1739 3732 1784 3758 an
1804 3720 1948 3757 diversa
1965 3717 2049 3753 sint.
2070 3714 2160 3751 Rem
2181 3711 2336 3750 similem
2357 3703 2496 3753 experti

1416 3797 1543 3825 sumus
1571 3787 1606 3822 in
1640 3783 1796 3821 llomilia
1823 3780 1868 3818 de
1886 3778 2004 3816 Natali
2031 3776 2193 3821 Christi,
2221 3773 2324 3819 cujus
2355 3767 2496 3806 initium

1420 3847 1623 3896 Mysterium
1637 3854 1760 3882 novum
1779 3847 1811 3880 et
1827 3839 2044 3877 admirabile.
2063 3838 2125 3876 llla
2147 3837 2243 3875 enim
2263 3834 2298 3871 in
2313 3828 2498 3870 codicibus

1421 3890 1602 3948 noinmllis
1631 3907 1703 3943 alio
1731 3903 1911 3952 principio
1933 3903 2106 3939 instructa
2135 3906 2217 3938 est:
2241 3894 2326 3946 quid
2343 3897 2439 3942 quod
2460 3890 2497 3928 in

1424 3971 1504 4008 aliis
1533 3951 1931 4007 codicibusAthanadi
1960 3959 2232 4010 Archiepiscopi
2267 3951 2499 3996 Alexandrini

2744 1303 2758 1511 ι

2740 1303 2758 1736 ι
