2758 4350
296 249 354 276 (In

1382 248 1508 290 'A‘l'lO.
2459 283 2518 312 utv

294 325 416 352 nomen
449 317 611 364 prasfcrt.
645 319 766 357 nmltis
797 327 877 368 post
906 322 1045 360 initium
1066 327 1296 363 commutatis
1317 334 1354 365 et

290 376 426 414 aliunde
446 380 626 417 corrasis?
641 380 726 418 Eam
747 392 854 428 porro
867 383 1025 422 Savilius
1044 392 1144 432 putat
1163 396 1202 423 se
1226 387 1355 435 legisse

287 438 478 477 admixtam
495 441 596 480 alteri
608 444 786 485 eoneioni.
801 455 866 483 nec
880 447 1040 494 assignat
1055 448 1171 486 locum
1191 461 1200 486 :
1218 449 1354 488 Fronto

283 505 400 537 autem
424 501 572 540 Ducmus
604 505 696 542 inter
725 507 844 554 spuria
871 509 1064 557 ablegavit.
1095 511 1142 548 lis
1174 514 1349 559 permoti,

282 564 360 609 quia
377 565 481 602 nobis
499 567 654 614 suspicio
673 575 728 605 est
745 579 824 606 eam
845 580 864 606 a
885 571 1042 609 librariis
1059 575 1115 611 vel
1133 581 1345 612 temeratam

281 625 415 669 fuisse,
444 628 499 664 vel
528 639 572 665 ex
595 629 684 668 locis
705 631 871 670 alicunde
897 635 1078 681 excerptis
1109 636 1320 674 adornatam
1335 666 1346 682 ,

281 698 360 723 eum
383 689 536 726 nondum
557 691 640 738 quid
660 693 754 730 circa
782 694 878 731 illam
896 704 1015 734 actum
1034 698 1080 736 sit
1099 699 1186 737 satis
1211 701 1347 738 intelli-

279 759 426 795 gamus,
449 753 482 788 in
510 761 718 801 sequentem
752 763 885 795 tomum
915 762 1170 800 reservandam
1201 766 1346 802 censui-

281 821 372 856 mus,
397 821 494 851 extra
519 818 698 863 proprium
716 819 856 856 scilicet
874 821 990 859 locum
1005 852 1015 868 ,
1038 834 1083 862 ne
1110 832 1343 874 posteaquam

277 872 371 910 illam
391 875 642 921 cdidissemus,
663 891 708 918 ex
726 882 868 919 assidua
890 886 1103 924 tractatione
1121 887 1254 936 aliquid
1277 890 1341 926 im-

275 943 476 980 portaretur
497 941 594 976 novi.
611 942 774 980 Profecto
790 952 961 992 quantum
983 947 1101 985 fucum
1120 949 1270 988 fecerint
1285 959 1339 990 te-

275 998 418 1034 merarii
449 1000 498 1036 illi
525 1008 587 1038 aut
606 1003 830 1052 bibliopolae,
859 1015 920 1044 aut
939 1008 1092 1048 Grzrculi
1121 1013 1336 1060 scriptores,

717 1046 728 1052 .
823 1046 829 1050 .
1031 1046 1036 1047 κ
1068 1046 1091 1048 ν-
1121 1046 1336 1060 αυτ-νην,

280 1046 338 1094 vix
373 1061 548 1108 quispiam
581 1064 707 1101 credat
737 1067 806 1104 nisi
835 1076 1010 1116 expertus
1031 1083 1040 1108 :
1064 1072 1336 1120 homilia,verhi

269 1131 390 1164 causa,
404 1121 436 1158 in
453 1123 786 1174 Aununtiationem,
801 1140 879 1178 qua:
897 1133 932 1168 in
953 1134 1112 1172 secundo
1127 1141 1224 1174 temo
1243 1138 1338 1176 inter

268 1183 386 1229 spuria
405 1184 520 1222 locmn
539 1187 658 1232 habet,
677 1190 848 1239 cujusque
865 1194 1002 1232 Initium
1024 1203 1079 1234 est
1099 1197 1232 1236 Rursus
1249 1201 1336 1238 Ιωιὶρ

268 1245 324 1278 tite
337 1247 421 1293 felix
438 1250 591 1294 nuntius,
609 1251 642 1288 in
663 1263 732 1289 non
752 1256 872 1300 paucis
892 1257 1075 1296 codicibus
1085 1261 1333 1310 Chrysostomi

265 1317 394 1346 nomen
408 1311 548 1356 pra‘fcrt
561 1325 570 1353 ;
583 1313 618 1350 in
631 1315 710 1353 aliis
720 1316 1183 1366 GregorioNcocmsaricnsi
1197 1326 1334 1365 adscri-

265 1369 370 1414 bitur,
393 1378 498 1420 atque
517 1375 598 1411 ideo
616 1377 708 1415 inter
725 1379 886 1428 Gregorii
905 1383 1206 1426 Neocaesariensis
1220 1400 1330 1438 Opera

261 1430 356 1468 edita
373 1433 450 1470 fuit.
467 1435 601 1474 Eadem
623 1450 724 1483 vero,
747 1448 785 1478 ut
803 1455 916 1490 nuper
934 1449 1190 1495 contperimus,
1211 1453 1246 1490 in
1264 1464 1328 1491 co-

257 1491 337 1530 dice
360 1494 424 1531 ltiti
443 1495 668 1538 bibliothecae
678 1501 921 1552 Coisliuianae,
940 1508 974 1544 in
991 1491 1110 1548 indice
1127 1513 1267 1552 scilicet
1281 1517 1327 1553 ad

258 1554 411 1593 frontem
440 1559 520 1596 libri
545 1563 684 1608 posito,
713 1565 856 1605 Macarii
887 1569 1216 1619 Philadelphiensis
1245 1588 1327 1616 esse

258 1613 404 1652 dicitur.
427 1618 504 1656 Jam
533 1623 646 1660 tribtts
671 1626 886 1675 adscriptam
917 1635 1125 1672 auctoribus
1145 1648 1251 1674 unam
1273 1640 1328 1678 in.

258 1676 420 1714 venimus
435 1679 633 1728 hotniliam,
655 1685 816 1734 forteque
832 1690 865 1726 itt
881 1691 959 1730 dies
973 1702 1121 1742 quartus
1133 1700 1324 1746 qnintusve

255 1737 413 1782 ejusdem
432 1748 557 1779 auctor
575 1756 747 1794 emerget.
773 1750 816 1788 Ut
843 1752 952 1800 igitur
973 1762 1050 1792 tuto
1075 1758 1115 1795 in
1133 1759 1201 1797 hac
1225 1768 1319 1800 tanta

251 1801 461 1846 supellectili
491 1807 609 1842 omnia
629 1807 881 1860 disponantur,
903 1819 1046 1856 nonnisi
1070 1827 1150 1867 post
1169 1833 1316 1861 accura-

248 1867 319 1898 tam
340 1865 635 1912 perquisitionem
652 1871 728 1908 hrcc
750 1884 840 1912 nova
860 1884 896 1913 et
922 1889 1049 1918 recens
1069 1890 1170 1921 eruta
1193 1885 1228 1922 in
1247 1897 1313 1934 pn-

247 1922 375 1961 hlicutn
406 1927 617 1967 efferimus:
641 1943 756 1980 eoque
787 1939 938 1977 consilio
976 1953 1107 1988 paucas
1142 1947 1314 1986 homilias

243 1985 434 2025 auecdotas
463 1990 496 2026 in
525 1991 664 2030 duobus
685 1998 863 2042 prioribus
897 2004 1002 2040 tomis
1023 2005 1173 2053 damus;
1197 2015 1236 2047 ut
1265 2022 1308 2050 ex

242 2047 446 2092 quotidiauo
464 2062 528 2087 ttstl
550 2055 633 2101 quid
664 2056 710 2094 de
740 2059 820 2098 aliis
848 2066 1070 2104 censendum
1097 2070 1142 2106 sit
1169 2073 1310 2112 cautius

241 2114 424 2148 statuatur.
445 2113 607 2152 Cmtcras‘
631 2118 665 2155 in
689 2125 924 2168 sequentibus
955 2130 1084 2176 tomis,
1105 2139 1142 2170 et
1159 2135 1304 2181 quidem

237 2175 458 2219 congruenti,
482 2185 653 2224 quantum
673 2181 723 2218 fas
739 2185 821 2229 erit,
841 2188 967 2227 ordine
987 2190 1200 2234 locabimus.
1217 2197 1308 2236 Sunt

238 2243 344 2278 porro
361 2235 430 2274 illa:
450 2249 579 2287 magno
598 2253 763 2290 numero,
781 2249 941 2297 variique
957 2258 1172 2302 argumenti.
1191 2257 1306 2298 Czete-

237 2306 313 2333 rum
331 2298 422 2337 inter
442 2301 520 2340 illas
539 2303 703 2344 homilias
718 2319 738 2346 c
755 2312 912 2350 tenebris
927 2327 1022 2354 nunc
1041 2319 1195 2365 primum
1217 2323 1305 2361 edu-

235 2364 308 2396 ctas
327 2363 521 2410 principetn
543 2367 711 2406 obtinent
739 2371 856 2410 locum
877 2387 969 2416 unus
989 2387 1024 2417 et
1042 2363 1194 2431 triginta
1225 2397 1303 2424 ser-

236 2431 357 2460 mones
390 2425 424 2462 in
463 2427 649 2475 Psalmos,
680 2433 740 2480 qui
776 2435 811 2472 in
842 2437 1003 2484 ejusdem
1033 2450 1302 2487 commentariis

234 2481 404 2524 hactenus
423 2487 734 2541 desiderabantur,
754 2507 870 2546 exque
888 2501 1098 2550 Anglicanis
1118 2509 1302 2548 codicibus

231 2546 320 2582 eruti
337 2555 430 2586 sunt.
452 2551 585 2591 Horum
607 2560 802 2607 apographi
829 2546 966 2610 partem
979 2567 1087 2606 nobis
1102 2572 1300 2611 transmisit

231 2605 285 2642 vir
317 2607 575 2654 illustrissimus
602 2617 645 2655 D.
680 2620 838 2662 Joannes
870 2625 1062 2675 Potterus,
1096 2632 1298 2683 Episcopus

232 2665 358 2683 Λ---ε-
410 2674 417 2682 ⁸
597 2681 603 2683 ·

963 2665 969 2666 ,
1002 2665 1034 2667 η
1054 2665 1062 2675 ,
1096 2665 1295 2683 ..μυημω

232 2665 452 2720 Oxoniensis,
473 2688 542 2715 non
558 2681 675 2720 minus
691 2685 894 2725 eruditione
909 2717 918 2734 ,
944 2701 1051 2738 quam
1071 2693 1295 2736 humanitate

230 2731 455 2780 conspicuus,
482 2740 541 2786 qui
569 2744 690 2782 multis
719 2747 990 2800 insignibnsque
1016 2757 1186 2803 operibus
1217 2771 1292 2797 rem

230 2788 322 2803 “1-...
353 2794 360 2800 “

787 2788 807 2796 υ
931 2788 942 2800 _
976 2788 986 2790 _
1020 2788 1185 2803 Two..-
1217 2788 1292 2797 η...

228 2788 419 2832 literarium
437 2803 646 2850 exornavit;
667 2813 795 2848 caetera
815 2812 914 2850 brevi
939 2819 1232 2866 transmissurus,
1253 2829 1293 2861 ut

225 2862 371 2901 sperare
384 2857 498 2906 jubet.
518 2863 602 2903 Haec
621 2879 706 2908 sane
731 2877 826 2910 tanta
847 2882 1117 2919 commentariis
1135 2883 1170 2920 in
1192 2885 1290 2923 Psal-

224 2926 302 2954 mos
327 2924 488 2962 ²⁰⁰⁰⁵⁵ί⁰
508 2938 671 2976 ητθέητιῐη
689 2935 740 2972 rei
757 2936 1020 2980 Ecclesmsticte
1048 2945 1289 2998 literarithue

224 2979 386 2998 ranl--E-
409 2985 504 2998 ιμμ..
653 2994 660 2998 .

221 2979 386 3020 studiosis
406 2985 564 3027 lmtitiam
585 2994 699 3040 pariat
717 3007 872 3046 oportet.

223 3051 242 3100 ﬁ
261 3053 366 3093 VI.-—
385 3059 435 3098 De
453 3063 582 3112 ingenti
605 3079 744 3118 cperunt
769 3087 928 3125 numero,
948 3093 1027 3131 qua:
1049 3085 1283 3135 Cltrysostontt
1318 3099 1323 3104 ‘

557 3141 678 3171 nomen
697 3140 937 3180 ementiuntur.

262 3195 300 3234 In
319 3199 375 3237 illa
392 3212 478 3241 vero
501 3212 594 3245 tanta
616 3213 874 3254 anecdotorum
896 3221 1022 3268 sylva,
1042 3226 1164 3271 spuria
1188 3228 1281 3267 bene

265 3257 314 3271 _.._
447 3267 454 3271 .

916 3257 928 3268 ί
1013 3257 1022 3267 ,
1043 3257 1164 3271 _,--...-.
1188 3257 1280 3267 ..νην

217 3257 321 3322 multa
341 3267 577 3311 reperiuntur.
593 3271 681 3310 Nam
701 3276 878 3317 innumeri
898 3292 989 3330 pene
1011 3285 1180 3333 Grzcculi.
1207 3303 1280 3331 non

833 3315 856 3317 ν
871 3315 878 3317 .
898 3315 989 3330 ..η-ν
1013 3315 1180 3333 νιινυυιι,
1207 3315 1277 3331 sum

217 3315 351 3394 ittgcpio
371 3327 488 3367 minus
504 3359 514 3376 ,
533 3344 638 3380 quam
659 3344 764 3378 aetate
783 3341 944 3392 dispares
958 3376 967 3392 ,
993 3360 1076 3388 cum
1098 3363 1165 3392 nec
1185 3354 1277 3394 fama

546 3379 552 3380 γ
841 3379 896 3392 τη.
909 3379 967 3392 νη,
996 3379 1076 3388 auu-
1098 3379 1165 3392 ιιυυ
1185 3379 1277 3394 lallll

215 3379 477 3428 celebrarentur
502 3405 570 3432 nec
596 3407 722 3446 suapte
750 3413 862 3450 opera
889 3418 1019 3448 nomen
1049 3414 1117 3452 sibi
1147 3427 1277 3464 parere

216 3449 316 3464 nﬂccn
335 3451 421 3464 Αι--ν
437 3453 445 3464 ¹

778 3449 782 3450 γ
1055 3449 1117 3452 κα-
1147 3449 1275 3464 ...η-νη.

215 3449 316 3485 posse
334 3451 560 3502 confiderent,
579 3468 740 3502 mutuato
757 3465 1006 3518 Chrysostomi
1028 3479 1188 3522 nomine.
1207 3482 1275 3520 ali-

211 3511 319 3586 fluit":-
333 3515 518 3556 sperabant
543 3525 686 3571 scriptis
712 3530 787 3566 suis
805 3511 910 3580 adjici
931 3535 1168 3586 dignitatem;
1191 3543 1274 3584 hinc

275 3565 282 3572 .
313 3568 319 3574 .
616 3565 626 3571 .
775 3565 782 3566 κ
808 3565 910 3580 μη.-.
932 3565 1142 3584 _.,,.......c...
1158 3571 1168 3586 ,
1191 3565 1274 3584 ...ηυ

209 3567 337 3654 ³⁶⁹Ι¹⁴¹¹ί
366 3579 402 3609 υί
430 3577 634 3632 Plerumque
666 3588 916 3636 imperitorum
949 3597 1134 3640 hominum
1169 3607 1274 3654 nugis

209 3635 262 3654 lnn
279 3639 299 3654 α
318 3641 439 3654 ιιι-ιιι..-
463 3642 502 3654 -9.
528 3651 534 3654 _
683 3652 688 3654 _

577 3627 588 3632 _
718 3627 728 3636 ι
750 3627 756 3628 ,
786 3627 805 3628 η
836 3627 916 3631 -..η-
949 3627 1134 3640 ---ιη-ι-ιυιιι
1169 3627 1273 3654 ιιιιδιδ

209 3627 299 3666 male
317 3641 440 3674 auctus
461 3642 505 3678 sit
527 3651 595 3684 tam
616 3652 750 3696 peritus
765 3657 909 3696 artifex.
929 3660 1005 3698 Nou
1026 3663 1104 3703 haec
1119 3679 1188 3706 una
1207 3669 1273 3708 fuit

209 3694 276 3708 Inn-
298 3693 339 3708 ευ
433 3701 440 3708 ·

892 3757 900 3758 κ
917 3757 1048 3771 ,Ἱ-,ν--ι
1067 3757 1270 3780 υιυιιυγυιιΰ

209 3757 360 3832 ῒεῐετθὲἴ
383 3768 420 3797 ιιι
438 3764 547 3805 libros
561 3771 670 3816 pluris
682 3779 894 3828 venderent,
910 3789 1098 3832 praemisso
1116 3797 1270 3832 ementi-

1433 335 1542 376 atque
1558 329 1686 377 futilia,
1700 339 1824 381 utpote
1836 335 1942 385 digna
1961 339 2134 386 tenebris,
2151 341 2284 382 intacta
2299 347 2512 386 manebunt.

1428 390 1481 426 Ex
1515 391 1559 428 iis
1587 402 1674 430 vero
1691 397 1825 442 spuriis
1841 425 1850 442 ,
1871 410 1953 446 qua:
1973 402 2130 442 Sav-ilius
2149 412 2186 443 et
2204 405 2340 445 Fronto
2359 409 2512 449 Duczeus

1421 451 1496 498 jam
1520 453 1651 500 publici
1678 455 1774 503 juris
1792 457 1975 508 fecerant,
2003 465 2140 503 nullum
2161 470 2510 515 pra-termitteudum

1423 513 1609 561 duximus,
1631 528 1676 555 ne
1697 519 1784 566 quid
1805 521 1840 557 in
1859 523 2020 564 editiOne
2044 536 2166 566 nostra
2188 531 2386 571 desiderari
2408 536 2509 574 vide-

1423 574 1550 615 retur:
1571 582 1716 618 tametsi
1737 582 1833 620 inter
1853 583 1928 629 illa,
1952 587 2104 633 plurima
2125 600 2224 630 certe
2242 602 2327 632 sunt
2347 597 2427 635 luce
2448 599 2507 635 in-

1421 637 1543 686 digna,
1563 653 1645 687 qua:
1663 654 1774 681 nemo
1791 656 1902 684 sanus
1920 649 2000 686 sine
2024 655 2214 691 stomacho
2233 656 2354 704 legere
2375 662 2504 708 possit.

1419 700 1494 738 Nec
1513 703 1611 740 venit
1629 705 1664 742 in
1688 713 1846 745 mentem
1866 720 1932 746 cur
1959 710 2139 758 Savilius,
2170 717 2231 763 qui
2264 720 2376 758 multa
2403 722 2503 770 ejus-

1419 767 1514 804 modi
1531 767 1648 807 futilia
1665 773 1840 818 opuscula
1853 802 1861 816 ,
1881 785 2036 822 quorum
2052 779 2254 827 catalogum
2271 781 2349 829 ipse
2369 787 2499 832 texuit,

1415 838 1456 865 se
1485 832 1652 870 consulto
1672 835 1782 872 missa
1813 837 1942 875 fecisse
1965 839 2168 886 profitetur,
2191 849 2242 880 tot
2260 844 2350 884 alias
2375 846 2501 895 hujus:

1415 893 1511 929 modi
1531 905 1670 932 merces
1690 897 1795 935 nobis
1807 899 1992 947 obtulerit,
2011 913 2102 950 quas
2113 914 2201 941 sane
2212 907 2359 944 mternis
2372 908 2500 958 digitus

1386 958 1390 966 '
1413 964 1496 991 esse
1518 957 1678 994 tenebris
1698 970 1806 997 nemo
1828 973 1898 999 non
1921 961 2086 1002 fateatur.
2107 966 2142 1004 Id
2164 968 2257 1006 haud
2279 969 2388 1009 dubie
2403 975 2497 1010 acci-

1411 1015 1478 1060 dit,
1499 1018 1581 1064 quia
1601 1019 1635 1056 in
1657 1025 1754 1058 tanta
1775 1033 1926 1070 operum
1952 1026 2050 1076 sylva
2065 1055 2075 1071 ,
2103 1028 2139 1064 in
2163 1035 2263 1068 tanto
2289 1033 2494 1071 orationum

1409 1075 1580 1126 decursu,
1592 1091 1668 1121 non
1686 1094 1748 1130 par
1765 1095 1908 1133 semper
1921 1075 1980 1124 est
1990 1090 2133 1128 aninms
2151 1102 2269 1140 neque
2286 1093 2379 1132 idem
2392 1105 2495 1134 men-

1409 1139 1454 1176 tis
1485 1141 1684 1191 judieiique
1713 1147 1819 1184 situs.
1849 1149 1972 1197 Neque
1992 1153 2080 1190 satis
2104 1153 2300 1194 habuimus
2327 1159 2450 1206 spuria
2473 1172 2492 1196 a

1406 1204 1590 1248 germanis
1605 1210 1877 1255 segregavisse;
1895 1212 1940 1250 ad
1953 1214 2126 1262 majorem
2142 1218 2275 1266 quippe
2288 1219 2492 1260 distinctio-

1407 1273 1488 1299 nem
1509 1265 1568 1301 illa
1586 1267 1630 1303 ad
1653 1267 1762 1305 tinem
1783 1272 1960 1320 cujuSque
1972 1277 2166 1314 voluminis
2183 1280 2434 1328 ablegavimus
2447 1295 2490 1322 ac

1405 1325 1600 1366 minutiore
1619 1329 1831 1370 charactere
1851 1334 1908 1371 edi
1927 1339 2133 1376 curavimus
2149 1369 2158 1384 ,
2176 1341 2296 1380 habita
2311 1352 2486 1392 quantum

1405 1387 1504 1426 licuit
1529 1395 1734 1440 argumenti
1758 1397 1922 1436 ratione:
1946 1409 2016 1436 non
2039 1401 2134 1438 enim
2160 1413 2306 1451 semper
2333 1417 2375 1444 ea
2404 1420 2486 1457 quas

1402 1461 1471 1488 una
1499 1453 1594 1492 serie
1613 1457 1778 1502 ponenda
1803 1459 2019 1498 videbantur
2038 1464 2167 1501 eodem
2190 1466 2224 1502 in
2243 1473 2342 1506 tomo
2363 1470 2485 1511 locare

1401 1516 1664 1562 potuimus,.ne
1683 1521 1790 1558 nimia
1811 1522 1904 1560 foret
1919 1525 2110 1564 voluminis
2122 1529 2248 1567 moles.
2265 1531 2378 1570 Dubia
2397 1545 2483 1574 vero

1399 1586 1525 1624 opera,
1543 1591 1623 1627 qua:
1643 1593 1842 1631 non-parvo
1858 1592 1942 1624 sunt
1961 1599 2132 1635 numero,
2149 1591 2193 1630 ad
2213 1595 2485 1644 caleemgenui-

1398 1649 1528 1677 norum
1545 1643 1671 1680 eadem
1692 1645 1910 1685 characteris
1929 1649 2043 1688 forma
2063 1653 2264 1700 posuimus,
2281 1659 2478 1704 praemissis

1395 1702 1706 1745 admonitionibus
1724 1715 1760 1746 et
1784 1709 1904 1750 allatis
1921 1711 2109 1753 dubitandi
2129 1719 2263 1757 causis.

1392 1788 1614 1836 §,Vll.-—De
1630 1797 1732 1834 curiis
1751 1798 1950 1838 lectionibus
1967 1809 2068 1850 atque
2085 1807 2186 1852 notis,
2201 1807 2308 1856 deque
2321 1812 2471 1855 monitis,

1591 1869 1668 1905 qtae
1681 1861 1726 1896 ad
1745 1861 1882 1910 singula
1899 1875 2005 1911 opera
2023 1868 2263 1914 prwmisimtts.

1437 1927 1564 1968 Varias
1585 1933 1760 1973 lectiones
1781 1948 1825 1974 ex
1845 1943 2098 1990 manuscriptis
2119 1951 2242 1984 erutas
2263 1947 2298 1984 in
2319 1949 2388 1986 ima
2406 1961 2470 1998 pa-

1385 1990 1466 2034 gina
1488 1994 1674 2038 posuimus
1692 2007 1754 2034 cas
1774 1999 1908 2044 solum,
1929 2014 2009 2050 qua:
2026 2006 2182 2054 alicujus
2197 2013 2370 2049 momenti
2387 2025 2469 2052 esse

1382 2053 1598 2094 videbantur
1615 2071 1624 2096 :
1641 2071 1739 2105 nam,
1761 2063 1790 2100 si
1811 2073 1940 2102 omnes
1954 2068 2033 2105 sine
2048 2069 2190 2109 delectu
2210 2074 2466 2122 edidissentus,

1386 2116 1420 2153 in
1443 2119 1590 2157 nimiam
1614 2125 1744 2162 molem
1765 2127 1864 2164 nullo
1883 2140 2004 2178 operae
2023 2134 2140 2180 pretio
2161 2137 2338 2176 crevisset
2357 2151 2462 2189 opus,

1379 2181 1474 2225 quod
1493 2183 1568 2228 jam
1585 2189 1751 2232 quemvis
1771 2191 1988 2239 scriptorem
2007 2194 2174 2236 Grzccnnt
2189 2201 2284 2238 mole
2299 2211 2461 2251 superat.

1377 2240 1486 2280 Notas
1505 2247 1670 2292 ponimus
1691 2249 1820 2289 breves
1836 2282 1844 2298 ,
1865 2255 1922 2292 ubi
1945 2268 2095 2296 necesse
2113 2260 2279 2300 ducimus
2298 2275 2380 2304 esse
2401 2279 2408 2303 :
2431 2268 2462 2305 si

1377 2315 1444 2350 qua
1467 2317 1554 2345 vero
1583 2312 1757 2358 majorem
1781 2318 1971 2363 requirnnt
2003 2321 2316 2373 disquisitionem,
2347 2340 2388 2367 ea
2417 2331 2461 2368 ad

1377 2368 1545 2407 trutinam
1569 2376 1824 2414 examinantur
1845 2380 1877 2416 in
1901 2383 2070 2429 ιιιοιιίιίς,
2091 2397 2173 2433 quae
2197 2387 2232 2424 in
2255 2388 2372 2428 fronte
2391 2404 2455 2429 cu-

1371 2426 1503 2476 jusque
1524 2432 1602 2470 libri
1625 2436 1680 2472 vel
1702 2437 1859 2476 homilize
1882 2445 2177 2488 permittuntur:
2198 2460 2238 2486 re
2264 2456 2384 2490 tamen
2406 2456 2458 2492 sic

1375 2495 1593 2541 temperata,
1617 2504 1656 2534 ut
1675 2509 1757 2536 cum
1779 2503 1902 2548 plures
1919 2506 2084 2552 ejusdem
2110 2515 2314 2558 argumenti
2337 2519 2457 2554 conti-

1373 2559 1442 2587 nua
1461 2555 1554 2592 serie
1575 2566 1758 2603 p0nuntur
1775 2566 1960 2604 orationes
1973 2595 1982 2612 ,
2007 2580 2116 2606 unum
2141 2583 2205 2618 pro
2222 2573 2266 2611 iis
2285 2579 2456 2616 Omnibus

1371 2617 1406 2646 et
1438 2613 1588 2661 singulis
1610 2621 1784 2659 monitum
1813 2625 1848 2661 in
1880 2627 2000 2666 fronte
2031 2632 2164 2678 prioris
2192 2634 2344 2674 locetur.
2365 2641 2453 2685 Qua:

2031 2672 2042 2678 -
2258 2672 2283 2673 η
2370 2672 2446 2685 ,μη

1369 2672 1514 2719 quidem
1534 2680 1669 2717 monita
1685 2681 1826 2729 lectori,
1849 2693 1886 2724 nt
1903 2700 2027 2736 spero,
2047 2703 2114 2730 nec
2131 2693 2270 2742 ingrata
2297 2710 2364 2737 nec
2389 2701 2446 2738 in—

1369 2733 1468 2772 utilia
1497 2737 1615 2776 futura
1637 2749 1735 2780 sunt.
1756 2745 1904 2786 Multum
1923 2733 2026 2788 enini
2047 2753 2150 2801 juvat
2168 2733 2212 2794 Su
2244 2759 2450 2810 intelligen-

2047 2796 2060 2801 ν
2303 2796 2427 2810 Μῦν..

1367 2796 1452 2834 tiam
1475 2799 1632 2840 homilize
1664 2805 1718 2844 vel
1751 2809 1950 2857 oratiOuis,
1983 2815 2012 2851 si
2045 2827 2114 2864 qua
2146 2821 2350 2868 occasione,
2379 2836 2452 2872 quo

1365 2866 1530 2911 tempore
1545 2894 1554 2910 ,
1585 2877 1604 2903 a
1634 2871 1766 2917 quibus
1795 2873 1962 2924 inductus
1979 2886 2102 2917 orator
2119 2893 2158 2920 ea
2179 2883 2223 2920 de
2241 2895 2282 2923 re
2302 2888 2450 2926 concio-

1363 2936 1445 2963 nem
1477 2927 1664 2978 habuerit,
1696 2934 1810 2973 lector
1827 2938 2016 2979 edidicerit
2033 2954 2042 2979 :
2062 2949 2098 2980 ct
2118 2945 2146 2982 si
2167 2956 2246 2994 qua:
2269 2948 2448 2997 legentem

1361 2990 1495 3027 morari
1515 2999 1709 3041 poterant,
1729 3005 1924 3048 antequam
1947 3003 2054 3042 lectio
2075 3006 2240 3056 adeatur,
2263 3012 2448 3060 explicen-

1361 3057 1429 3089 tur.
1451 3054 1540 3092 Illud
1561 3068 1646 3096 vero
1665 3063 1845 3100 commodi
1865 3064 1900 3102 iu
1926 3067 2027 3115 prius
2047 3069 2154 3108 editis
2175 3083 2326 3120 prorsus
2342 3075 2440 3114 desi—

1357 3115 1566 3158 derabatur.
1587 3121 1624 3158 In
1643 3123 1742 3162 hisce
1762 3128 1912 3165 monitis
1933 3141 2005 3167 non
2029 3131 2280 3180 infrequenter
2295 3147 2314 3172 a
2332 3138 2442 3176 Tille-

1355 3182 1482 3218 montii
1521 3186 1700 3222 sententia
1745 3187 1997 3237 deflectimus;
2030 3194 2114 3232 licet
2149 3197 2246 3239 enim
2282 3199 2361 3248 ejus
2394 3204 2438 3239 ad

1355 3239 1542 3282 historiam
1575 3247 1871 3290 Ecclesiasticam
1904 3253 2154 3296 illustrandam
2181 3263 2438 3301 eoncinnatnm

1351 3311 1444 3349 opus
1478 3307 1598 3354 magni
1632 3308 1832 3356 faciamus,
1867 3325 1938 3352 non
1973 3327 2084 3364 pauca
2122 3327 2242 3360 tamen
2274 3331 2382 3367 sunt.
2404 3331 2438 3362 in

1351 3365 1482 3411 quibus
1503 3379 1584 3406 eum
1603 3380 1622 3406 a
1644 3381 1730 3409 vero
1747 3373 1938 3416 aberrasse
1956 3387 2139 3426 putamus.
2157 3383 2266 3422 Certe
2285 3396 2436 3423 accura-

1351 3426 1451 3465 tione
1486 3429 1546 3467 ille
1573 3441 1616 3468 ac
1645 3432 1831 3481 diligentia
1863 3441 2002 3477 nemini
2031 3444 2227 3482 concedit:
2247 3447 2369 3484 omnia
2401 3448 2435 3484 in

1349 3489 1506 3526 medium
1529 3491 1650 3539 affert,
1671 3495 1812 3544 singula
1833 3499 1996 3546 discutit,
2023 3504 2113 3541 nihil
2129 3508 2264 3544 omittit
2289 3519 2432 3551 eormn,

1353 3561 1434 3598 quae
1451 3553 1496 3590 ad
1518 3565 1594 3592 rem
1617 3557 1662 3594 de
1679 3569 1748 3606 qua
1765 3562 1885 3610 agitur
1903 3565 2162 3612 explorandam
2184 3567 2394 3608 conferunt;
2413 3579 2430 3604 ο

1348 3613 1580 3662 prarjudicata
1602 3620 1774 3666 opinione
1795 3625 1926 3661 mirum
1952 3633 2126 3672 quantum
2148 3631 2194 3663 sit
2211 3628 2366 3663 alienus.
2391 3628 2430 3664 ln

1342 3674 1482 3722 judicio
1503 3684 1620 3717 tamen
1639 3681 1791 3721 ferendo
1809 3696 1881 3723 non
1903 3697 2050 3734 semper
2064 3689 2141 3734 pari
2162 3688 2333 3723 felicitate
2349 3698 2432 3734 pro-

1345 3737 1460 3783 cedit;
1484 3740 1548 3778 sed
1569 3749 1652 3781 tunc
1671 3745 1780 3782 etiam
1799 3747 1845 3783 ob
1861 3748 2082 3794 diligentiam
2104 3747 2204 3781 utilis
2223 3746 2278 3782 vel
2298 3747 2342 3782 iis
2367 3750 2427 3795 qtti

1343 3799 1534 3840 adversam
1565 3811 1712 3844 tuentur
1739 3809 1964 3856 opinionem.
1985 3809 2038 3845 Ad
2062 3810 2138 3844 hare
2155 3818 2243 3844 vero
2273 3820 2354 3857 quat
2380 3813 2426 3850 de

1345 3861 1484 3902 Joanne
1499 3865 1764 3916 Chrysostomo
1781 3871 1840 3906 ille
1855 3871 2065 3915 scripserat,
2083 3868 2143 3904 diu
2161 3877 2244 3916 post
2263 3882 2342 3917 ejus
2361 3874 2422 3909 ob-

1340 3926 1429 3963 itum
1452 3936 1535 3966 sunt
1554 3931 1588 3967 in
1611 3931 1726 3969 lucem
1743 3933 1898 3974 emissa;
1922 3939 1988 3966 nec
2002 3930 2119 3977 potuit
2135 3941 2192 3978 ea,
2209 3945 2287 3981 qua!
2303 3934 2424 3971 minus

1342 3997 1512 4027 accurate
1532 3993 1648 4037 posita
1667 3999 1767 4028 erant
1785 4019 1794 4030 .
1815 3991 2078 4038 posterioribus
2097 3995 2194 4032 curis
2211 3996 2360 4032 sarcire.

2499 891 2516 910 \
