2758 4350
215 309 260 340 κν
1057 271 1100 309 ι).
1127 267 1169 306 n.
1197 263 1259 302 ως
1285 258 1357 298 n01

1425 252 1600 294 PAUCON

268 375 392 414 Varias
413 371 587 411 lectiones
605 370 643 402 et
659 367 765 400 notas
785 353 933 396 Henr-ici
951 349 1074 390 Savilii
1089 353 1126 385 et
1142 344 1299 382 Fronto—

221 445 276 480 nis
304 437 428 478 Duc-.ni
455 444 527 472 non
557 431 718 476 integras
747 423 904 461 damus:
925 425 1009 454 nam
1039 423 1084 450 ex
1109 405 1304 448 Savilianis

221 506 317 543 notis
338 501 459 539 multze
477 496 603 534 Gratca
624 487 828 537 respiciunt
846 475 1103 520 restaurando,
1122 481 1204 520 qua:
1221 477 1304 506 cum

223 569 267 606 ad
287 562 395 604 ﬁdem
415 556 747 603 manuscriptorum
763 549 840 597 jam
857 556 876 582 a
892 542 998 581 nobis
1014 535 1204 578 emendata
1225 532 1306 606 tj'ue-

224 631 310 672 rint,
331 633 506 675 quorsum
525 621 597 658 illa:
617 621 729 658 notae,
746 611 817 650 nisi
836 614 874 646 ut
891 607 966 655 jam
983 608 1103 640 actum
1127 593 1306 646 agendum

935 669 943 675 ‘
1047 665 1082 675 ⁶¹¹
1105 674 1111 675 κ
1167 669 1243 675 --η-ιι
1264 656 1306 675 ,ιη

227 656 310 672 ...,..,
331 656 506 675 ,μνη-,η
528 656 551 658 η
722 656 727 658 _

227 703 308 732 esse
327 685 526 728 moneant?
541 683 644 720 Nota:
661 687 752 716 vero
767 669 1027 712 Frontonianae
1047 665 1118 702 illae
1131 691 1141 706 ,
1162 669 1244 707 qum
1263 656 1310 693 de

227 739 442 801 corrigenda
458 741 760 793 interpretatione
775 736 904 776 Latina
914 729 1030 769 veteri
1045 727 1198 775 agebant
1212 723 1312 769 (sunt

230 783 324 798 νυ...
350 783 442 790 νη--

230 783 353 856 autem
381 811 518 852 eaedem
537 809 626 856 ipsa:
651 810 804 842 numero
823 795 980 842 multm),
998 792 1072 840 jam
1091 793 1243 836 prorsus
1257 783 1312 819 in-

233 882 342 920 utiles
361 880 497 919 essent,
511 847 656 921 quando
671 877 714 906 ea
734 865 793 903 vel
804 858 993 901 emendata
1012 855 1092 898 fuit,
1109 851 1165 889 vel
1181 847 1314 896 rejecta

236 953 341 983 nova:
359 912 652 985 interpreiationi
671 931 792 967 locum
811 923 924 963 dedit.
945 920 1044 958 Alias
1061 917 1145 953 item
1161 912 1318 985 Fronto;

238 1006 295 1051 nis
313 1001 437 1040 Dnezci
455 969 574 1041 notas,
595 995 629 1031 in
649 991 780 1040 quibus
794 986 893 1024 varia
911 975 1160 1029 Clirysostomi
1178 975 1258 1012 loca
1272 969 1318 1008 ad

241 1049 336 1104 idem
351 1065 603 1110 argumentum
617 1051 817 1103 spectantia
831 1044 1008 1095 congerit,
1025 1038 1180 1086 exempli
1193 1044 1316 1078 causa,

242 1138 325 1166 cum
343 1098 553 1172 deiejun'to,
569 1119 614 1156 de
629 1113 876 1156 matrimonio,
895 1109 940 1146 de
954 1103 1157 1143 humilitate
1177 1098 1319 1146 agitur:

245 1191 339 1233 illas,
355 1189 516 1235 inquam,
533 1188 639 1220 notas
663 1177 800 1227 pariter
823 1168 1147 1222 praetermisimus:
1169 1166 1322 1209 quanta-

247 1261 403 1300 cumque
431 1248 527 1287 enim
550 1239 756 1292 bujusmodi
789 1235 894 1275 simul
925 1237 1118 1281 ponantur,
1149 1225 1184 1263 id
1216 1231 1326 1260 num-

883 1297 915 1300 __
1108 1297 1114 1300 _
1157 1289 1164 1296 ,
1206 1285 1326 1300 ,νηηη

436 1285 449 1287 -
597 1285 609 1292 ,

248 1325 356 1364 quam
377 1318 474 1350 tanta
495 1305 724 1346 accuratione
749 1297 992 1349 prmstabitur,
1008 1297 1142 1340 quanta
1157 1289 1191 1325 in
1206 1285 1328 1324 iudice

251 1374 429 1425 generali,
453 1371 512 1408 ubi
531 1369 651 1406 omnia
670 1363 820 1402 omnino
841 1360 920 1396 loca
942 1355 989 1394 ad
1015 1354 1108 1392 idem
1137 1358 1330 1398 argumen-

997 1418 1006 1425 ¹
1080 1415 1088 1425 ¹
1157 1418 1166 1425 -
1198 1423 1213 1425 .-
1245 1411 1312 1425 hu-

255 1411 320 1425 η--ν
335 1411 356 1412 η
419 1411 428 1418 .

255 1448 328 1474 tum
351 1431 566 1483 pertinentia
587 1428 654 1466 sub
674 1436 747 1463 uno
768 1426 967 1468 conspectu
997 1415 1228 1455 locabuntur.
1245 1411 1334 1448 Bre-

255 1472 375 1537 vitatis
398 1496 506 1545 igitur
525 1502 633 1530 causa
651 1496 754 1526 notas
770 1485 895 1524 Savilii
919 1489 954 1520 et
975 1477 1171 1518 Frontonis
1189 1472 1330 1520 delegi-

256 1573 357 1604 nms,
373 1567 409 1598 et
431 1558 475 1595 ad
500 1557 636 1594 calcem
663 1552 837 1599 cujusque
863 1545 950 1584 tomi
977 1541 1166 1591 posuimus
1190 1547 1252 1574 eas
1277 1545 1328 1572 so

257 1628 354 1673 lunt,
376 1633 456 1670 qua:
484 1618 698 1656 videbantur
721 1613 766 1650 ad
790 1622 865 1650 rem
893 1602 1145 1656 explicandam
1163 1603 1338 1648 opportu-

262 1697 332 1724 Ilill.

263 1786 391 1842 gVill.
404 1783 513 1820 —l)e
534 1777 828 1826 interpretatione
854 1773 985 1809 Latina
1007 1776 1155 1806 onerum
1174 1764 1337 1810 chryso-

310 1850 430 1888 stanti.
461 1848 673 1884 Retineulur
695 1841 858 1890 pristinae
884 1832 1198 1882 interpretationes
1227 1823 1340 1862 uariis

313 1916 349 1950 in
381 1912 467 1948 locis
503 1907 720 1948 emendatw;
749 1902 831 1939 libri
870 1905 1009 1936 tantum
1048 1895 1098 1932 De
1133 1887 1344 1930 sacerdotio

283 1981 285 1983 ’
316 1987 406 2019 nam
425 1973 582 2011 versione
601 1971 794 2014 (formatur.

316 2124 418 2160 Circa
447 2099 778 2170 interpretationem
807 2118 958 2157 eperum
987 2105 1025 2143 S.
1053 2102 1203 2140 Joannis
1231 2097 1350 2144 Clu-y-

271 2183 420 2223 sostomi
453 2180 514 2218 diu
542 2161 748 2218 luercbam,
781 2179 816 2210 et
849 2171 942 2208 inter
973 2167 1116 2205 diversa
1151 2161 1351 2200 amicorum

273 2246 422 2285 consilia
451 2241 561 2280 animi
592 2237 811 2287 pendebant;
839 2232 1008 2271 volebant
1037 2228 1098 2265 alii
1129 2234 1258 2264 novatn
1277 2231 1354 2258 om-

277 2311 374 2348 nium
393 2301 722 2352 interpretationem
744 2309 764 2334 a
787 2307 846 2335 me
868 2292 1064 2336 adornari;
1086 2288 1146 2326 alii
1165 2297 1210 2324 ex
1230 2283 1356 2334 pristi-

278 2373 334 2410 nis
354 2379 485 2419 paucas
501 2363 720 2405 conservari,
735 2359 938 2408 corrigique
953 2363 1089 2399 tamen,
1105 2349 1220 2388 sicubi
1233 2358 1359 2386 emen-

279 2434 424 2480 datione
453 2439 542 2477 opus
571 2427 760 2464 baberent.
789 2423 874 2460 llaec
893 2431 979 2457 vero
1001 2417 1065 2454 l'uit
1091 2423 1236 2460 semper
1262 2409 1361 2448 omni

282 2495 491 2549 exceptione
512 2491 686 2538 majorum
702 2487 973 2530 amicorumque
990 2481 1152 2517 virorum
1167 2473 1362 2518 sententia,

283 2535 402 2604 (Samii
416 2535 809 2604 CangiipEmericique
826 2546 970 2594 Bigotii,
986 2543 1202 2590 quibuscum
1217 2535 1366 2574 senibus

283 2619 424 2671 juvenis
449 2605 533 2662 olim
554 2614 741 2660 versabar,
763 2617 801 2648 ut
821 2621 865 2648 ne
889 2607 1038 2646 semotis
1063 2603 1288 2642 laudatorum
1309 2598 1367 2635 in-

287 2688 484 2731 terpretum
511 2676 738 2717 versionibus
769 2682 868 2715 meas
888 2669 1164 2710 substituerent;
1187 2663 1224 2701 id
1251 2663 1368 2709 ipsum

289 2745 469 2794 praecipue
498 2752 562 2790 per
589 2741 713 2778 literas
756 2735 928 2774 monebat
954 2732 1113 2776 Joannes
1141 2725 1370 2768 Cotelcrius,

291 2815 480 2856 antequam
499 2806 710 2844 Graecorum
729 2801 877 2838 Patrum
901 2794 1121 2840 editionibus
1139 2801 1286 2836 manum
1307 2787 1374 2824 ad—

292 2881 490 2908 moverem.
511 2868 634 2915 Neque
651 2875 738 2904 vero
757 2863 835 2902 sine
851 2861 970 2908 aliqua
987 2855 1200 2896 temeritatis
1219 2859 1303 2891 nota
1318 2861 1377 2888 me

296 2939 547 2981 aggressurum
563 2927 745 2970 dicebant,
765 2930 804 2962 ut
817 2920 1086 2960 laudatissimas
1105 2918 1186 2956 illas
1201 2917 1378 2966 interpre-

300 2992 454 3036 tationes
471 2989 560 3027 meis
573 2993 842 3036 postponerem.
862 2984 986 3030 Itaque
1001 2991 1072 3018 non
1089 2983 1131 3016 ut
1146 2975 1380 3016 convertendi

301 3054 461 3101 laborem
489 3049 776 3097 subterfugerem
806 3045 899 3094 (non
928 3043 1026 3081 enim
1053 3041 1170 3078 multo
1186 3039 1308 3076 minus
1333 3038 1384 3074 la-

304 3115 402 3161 boris
419 3115 514 3158 inest
537 3113 573 3158 in
593 3108 840 3149 emendandis
857 3107 902 3144 de
920 3105 1032 3144 verbo
1051 3102 1097 3141 ad
1118 3101 1267 3140 verbum
1293 3100 1384 3138 alio-

306 3189 386 3225 rum
403 3173 772 3224 interpretationibus,
793 3181 901 3220 quam
920 3169 956 3207 in
975 3167 1078 3206 novis
1093 3163 1386 3211 eoneinnandis),

309 3240 374 3278 sed
404 3245 444 3277 ut
469 3238 577 3276 tantis
595 3237 682 3274 viris
701 3245 838 3273 morem
859 3242 1047 3282 gererem,
1082 3229 1118 3266 in
1147 3228 1217 3266 hoc
1242 3226 1389 3264 demum

311 3301 496 3357 proposito
509 3298 651 3338 substiti
666 3311 676 3335 :
697 3303 736 3335 ut
757 3305 886 3342 omnes
899 3303 1046 3343 prorsus
1060 3291 1256 3330 Frontonis
1270 3287 1390 3326 Dueaai

313 3362 630 3412 interpretationes
649 3369 854 3405 servarem,
873 3358 942 3401 nisi
959 3367 1042 3396 cum
1057 3385 1068 3403 ,
1087 3353 1311 3392 variantibus
1329 3361 1392 3388 eo-

315 3429 476 3475 dicibus,
497 3425 667 3464 mutanda
693 3423 802 3462 lectio
821 3427 898 3470 est,
925 3427 962 3464 et
981 3418 1234 3467 interpretatio
1251 3424 1397 3463 quoque

317 3495 476 3535 mutetur
497 3491 662 3536 oportet;
683 3485 740 3522 vel
767 3494 848 3522 cum
869 3483 938 3520 alia
955 3481 1181 3527 commodior
1200 3487 1235 3516 et
1261 3475 1398 3514 Graecis

319 3551 574 3602 congruentior
590 3561 659 3588 vox
682 3555 744 3588 aut
770 3548 940 3598 periodus
958 3547 1066 3592 etiam
1094 3545 1218 3591 Latina
1243 3551 1324 3578 sese
1343 3538 1399 3576 of-

322 3619 410 3662 tert;
431 3613 527 3664 quod
543 3613 788 3660 infrequenter
803 3611 926 3650 evenit
942 3623 950 3647 :
972 3619 1072 3654 nam,
1089 3607 1212 3654 utjam
1229 3602 1400 3647 diximus,

323 3687 418 3718 mter
453 3679 610 3727 optimos
641 3677 856 3724 interpretes
887 3675 969 3723 iure
1009 3672 1145 3710 Fronto
1175 3669 1431 3713 numeratur.‘

328 3743 466 3788 Erasmi
489 3751 632 3790 quoque
650 3745 687 3778 et
713 3739 836 3779 Jacobi
863 3736 956 3776 Billii
983 3733 1171 3772 versiones
1191 3727 1269 3776 pari
1296 3724 1406 3763 modo

328 3805 530 3841 retinendas
561 3788 698 3841 censui.
738 3801 900 3843 Aliorum
935 3804 1056 3835 autem
1090 3788 1408 3839 interpretationes

331 3870 393 3907 aut
414 3865 522 3902 variis
541 3866 578 3902 in
605 3865 694 3902 locis
711 3862 926 3902 emendatas
953 3855 1188 3898 retinuimus,
1216 3861 1299 3888 cum
1320 3847 1409 3885 satis

333 3933 499 3971 accurate
516 3927 816 3976 Chrysostomum
841 3930 1006 3962 orantem
1025 3919 1186 3957 referunt
1201 3943 1210 3959 ,
1230 3915 1286 3951 vel
1305 3922 1409 3960 pror-

337 3999 396 4036 ξι.ὶὲ
417 3988 604 4039 Γαὶθείιηιιξ
621 3996 656 4026 ct
674 3999 784 4036 novas
799 3986 997 4031 edidimus,
1018 3979 1162 4030 quando
1181 3977 1252 4015 illa:
1272 3981 1412 4020 veteres

2393 243 2454 273 Χῐι

1376 344 1451 372 ηοη
1481 335 1649 380 poterant
1676 325 1816 365 medica
1843 329 1954 360 manu
1982 319 2030 358 ad
2055 319 2187 358 bonam
2216 317 2458 357 conditionem

1377 393 1555 434 revocari.
1577 391 1677 432 Alias
1719 390 1804 426 item
1825 383 2100 434 paraphrastiee
2131 381 2349 424 adornatas,
2383 389 2464 427 qua

1378 459 1487 506 longo
1503 455 1698 494 verborum
1721 450 1900 489 inutiliutn
1920 447 2074 486 circuitu
2095 444 2277 482 fastidium
2294 442 2466 492 pariunt,

1380 529 1532 570 prorsus
1557 516 1826 565 ablegavimus,
1857 521 2040 559 novasque
2077 509 2295 558 paravimus.
2331 506 2466 552 llujus-

1382 569 1482 622 modi
1496 587 1580 620 sunt
1598 578 1787 618 Godel'ridi
1803 575 1986 614 Tilmanui
2007 581 2044 612 et
2061 573 2214 611 aliorum
2227 569 2470 620 quorumdam

1384 645 1717 694 interpretationes,
1737 653 1818 690 quae
1837 638 2055 679 redundanti
2075 637 2134 676 illa
2149 635 2347 675 dictionum
2367 633 2472 680 Copia

1384 709 1684 759 Chrysostomum
1699 735 1708 748 .
1727 704 1790 753 qui
1811 701 1933 750 inopia
1949 699 2092 739 dicendi
2111 707 2308 746 numquam
2328 695 2474 732 labora-

1385 772 1458 817 vit,
1477 769 1727 808 verbosiorem
1753 777 1861 816 quam
1885 775 1950 813 par
1969 765 2016 801 sit
2040 761 2218 800 referunt.
2241 759 2322 797 Illas
2343 767 2478 796 .omnes

1387 835 1570 872 variorum
1591 830 1930 880 interpretationes.
1951 837 1974 866 e
1998 826 2146 874 regione
2171 823 2380 862 Grmeorum
2397 819 2478 857 edi-

1390 905 1468 943 tas,
1500 903 1696 944 utcumque
1724 892 1985 932 emendaverat
2016 888 2154 926 Fronto
2185 887 2340 924 Duczeus
2361 897 2370 919 :
2391 892 2481 930 quas

1391 973 1473 1000 cum
1502 963 1556 999 sic
1571 960 1682 998 etiam
1703 957 1918 996 emendatas
1947 965 2019 993 non
2040 953 2192 991 omnino
2207 950 2400 999 probaret,
2421 957 2482 983 se-

1393 1023 1522 1062 cundis
1539 1023 1638 1061 euris
1657 1022 1790 1059 iterum
1808 1019 2002 1066 corrigere
2031 1017 2067 1054 in
2097 1011 2394 1052 annotationiluis
2410 1009 2486 1046 suis

1395 1095 1452 1126 est
1467 1095 1672 1136 aggressus.
1690 1084 1824 1122 Verum
1839 1111 1849 1128 ,
1871 1083 1921 1120 uti
1937 1082 2012 1129 jam
2038 1079 2198 1117 diximus
2211 1105 2220 1121 ,
2241 1086 2367 1114 earum
2388 1083 2487 1120 (μιξε-

1397 1151 1480 1189 dam
1508 1151 1554 1187 ita
1575 1148 1802 1186 concinnata:
1828 1151 1934 1189 sunt,
1968 1149 2007 1181 ut
2023 1143 2085 1180 vix
2110 1151 2153 1179 ac
2182 1151 2227 1178 ne
2254 1139 2314 1176 vix
2341 1136 2488 1185 quidem

1399 1215 1539 1262 possint
1558 1212 1704 1260 corrigi.
1725 1209 1917 1248 Nonnullae
1937 1217 2025 1246 vero
2038 1236 2047 1250 ,
2067 1205 2193 1254 quales
2213 1209 2297 1241 sunt
2321 1199 2463 1239 Erasmi
2478 1227 2488 1242 ,

1400 1278 1525 1318 Jacobi
1546 1276 1640 1314 Billii
1654 1304 1664 1320 ,
1685 1273 1857 1313 Germani
1877 1272 1990 1310 Brixii
2005 1300 2014 1315 ,
2042 1267 2267 1318 Sigismnndi
2295 1263 2436 1304 Gelenii
2456 1269 2492 1300 et

1402 1343 1555 1380 aliorum
1575 1350 1647 1377 non
1666 1337 1860 1376 infeliciter
1875 1336 2060 1373 adornatae
2074 1361 2084 1378 ,
2105 1331 2235 1382 corrigi
2257 1334 2432 1378 possunt,
2456 1333 2494 1362 ut

1403 1417 1470 1444 nos
1487 1405 1602 1442 libere
1622 1401 1788 1446 fecimus,
1814 1399 1874 1437 ubi
1893 1407 2042 1436 necesse
2061 1396 2179 1432 visum
2201 1401 2270 1431 est.
2291 1392 2422 1430 Libros
2439 1393 2510 1426 ωε

1405 1480 1488 1507 men
1515 1467 1562 1506 de
1587 1465 1823 1507 Sacerdotio,
1855 1463 1938 1500 licet
1967 1472 1986 1498 a
2009 1460 2192 1498 Germano
2219 1456 2342 1494 Brixio
2369 1453 2497 1492 Latine

1407 1530 1572 1570 conversi
1593 1535 1736 1573 essent,
1764 1537 1856 1564 nova
1886 1523 2184 1572 interpretatione
2203 1518 2393 1558 donandus
2410 1527 2498 1554 cen-

1408 1595 1572 1636 suimus,
1599 1592 1683 1640 quia
1711 1590 1882 1628 nimirum
1903 1588 1965 1625 ille
1987 1584 2223 1634 paraphrasin
2245 1583 2293 1620 ibi
2313 1581 2387 1618 fere
2403 1589 2501 1618 sem-

1413 1666 1476 1706 per
1493 1655 1676 1706 affectavit
1689 1682 1700 1699 ,
1730 1651 1825 1702 quod
1850 1660 1966 1700 genus
1986 1645 2248 1695 interpretandi
2268 1645 2355 1681 viris
2375 1653 2502 1680 emun-

1420 1724 1481 1760 1:9.
1506 1719 1604 1756 naris
1632 1716 1829 1754 admodum
1860 1713 2040 1760 displicet.
2066 1711 2116 1747 Ea
2145 1719 2254 1757 porro
2272 1718 2417 1754 semper
2441 1705 2507 1742 fuit

1415 1781 1569 1820 instituti
1600 1779 1716 1816 nostri
1738 1777 1856 1820 ratio,
1891 1781 1929 1812 ut
1956 1770 2230 1818 interpretando
2256 1768 2411 1806 mediam
2439 1776 2505 1803 ceu

1418 1845 1510 1881 viam
1527 1848 1736 1879 teneremus
1755 1841 1849 1876 inter
1863 1834 2233 1885 paraphrasticam.et
2253 1831 2444 1876 strigosam
2461 1828 2506 1864 il-

1420 1897 1634 1949 lam‘aliam,
1651 1915 1732 1952 qua:
1753 1901 1878 1940 Graeca
1899 1896 2124 1948 pedetentim
2144 1901 2180 1932 et
2201 1892 2314 1931 nimio
2334 1890 2508 1938 scrupulo

1422 1974 1662 2010 consectatur.

1429 2079 1446 2127 §
1469 2077 1528 2118 IX.
1549 2096 1596 2109 —
1619 2073 1670 2115 De
1687 2072 1807 2111 ordine
1828 2069 2015 2108 multarum
2035 2067 2121 2102 inter
2141 2074 2177 2100 se
2203 2059 2512 2107 homitiurtmtjum

1881 2131 2050 2170 restituto.

1480 2229 1584 2269 Aliud
1608 2231 1642 2266 in
1673 2229 1740 2264 bac
1767 2225 1926 2264 editione
1948 2220 2184 2270 prmstitimus
2211 2227 2282 2253 non
2311 2215 2430 2250 minus
2451 2222 2496 2248 ne

1431 2295 1643 2337 cessarium,
1667 2302 1732 2328 nec
1749 2292 1867 2326 minus
1882 2287 1926 2324 ad
1943 2285 2244 2333 Chrysostomum
2266 2275 2518 2317 illustrandum

1432 2364 1687 2406 opportuuunt.
1709 2353 1800 2389 Cum
1823 2359 1952 2395 nempe
1971 2346 2126 2384 Savilius
2149 2349 2185 2380 et
2211 2341 2346 2378 Fronto
2371 2339 2522 2375 Ducmtts

1435 2421 1568 2468 ubique
1585 2424 1766 2454 terrarum
1797 2411 1991 2461 perquisita
2013 2409 2049 2446 S.
2070 2405 2231 2444 doctoris
2251 2412 2360 2450 epera
2379 2399 2523 2438 confer-

1437 2484 1500 2520 tim
1529 2480 1760 2527 accipereut,
1795 2488 1864 2512 uou
1895 2473 1982 2511 satis
2009 2471 2202 2508 advertere
2230 2469 2422 2513 potuerunt
2453 2471 2524 2509 qua

1437 2544 1532 2582 serie
1557 2549 1594 2580 et
1621 2540 1748 2578 ordine
1772 2537 1894 2574 tnultzn
1915 2533 2073 2572 humilia:
2100 2528 2261 2567 locandw
2286 2531 2430 2567 essent;
2461 2523 2526 2560 sed

1439 2607 1520 2645 illas
1546 2611 1586 2642 ut
1605 2603 1680 2640 fors
1700 2599 1838 2638 ferebat
1861 2595 2051 2636 locabant,
2079 2592 2124 2628 ab
2145 2591 2188 2627 iis
2203 2618 2212 2633 ,
2241 2599 2323 2636 qua:
2343 2596 2413 2622 una
2431 2583 2528 2622 serie

1440 2669 1526 2718 poni
1554 2666 1757 2704 debuerant
1775 2689 1783 2704 ,
1813 2661 1921 2707 longo
1951 2656 2069 2704 spatio
2097 2653 2312 2701 disjunctas.
2345 2648 2396 2686 Ea
2415 2647 2462 2685 dc
2489 2656 2530 2682 re

1441 2741 1530 2769 vero
1548 2729 1598 2766 illi
1617 2723 1812 2773 aliquando
1832 2725 1866 2758 in
1896 2720 1992 2757 notis
2011 2720 2252 2760 mounerunt,
2274 2712 2333 2750 ubi
2353 2715 2531 2748 mutatum

1443 2802 1594 2842 operum
1621 2789 1730 2826 situnt
1751 2783 2107 2822 anintadverlerattt;
2130 2777 2263 2825 smpius
2289 2780 2410 2811 autem
2434 2772 2533 2808 illiilli

1446 2860 1710 2905 praeposterum
1752 2847 1916 2884 ordinem
1953 2843 2161 2880 nullatenus
2191 2842 2396 2876 sensorum.
2433 2834 2534 2870 Illam

1446 2929 1536 2958 vero
1556 2915 1739 2966 propriam
1761 2911 1894 2948 seriem
1915 2919 1984 2944 non
2013 2917 2056 2943 ex
2077 2908 2294 2952 argumento
2317 2905 2454 2936 tantum
2479 2905 2538 2934 as-

1449 2957 1568 3030 sequi.
1583 2957 1799 3027 possumus,
1827 2970 1890 3008 sed
1921 2969 2030 3007 etiam
2065 2967 2273 3010 frequenter
2303 2971 2350 2998 ex
2379 2957 2537 3006 Chryso-

1451 3017 1550 3030 --τη
1585 3017 1595 3027 .

1451 3045 1558 3084 stomi
1576 3038 1776 3090 prommiis,
1794 3035 1854 3072 ubi
1873 3031 2004 3080 prioris
2024 3028 2182 3066 humilia:
2203 3021 2394 3073 bypotltesi
2413 3029 2453 3056 se
2475 3017 2541 3054 ad-

1454 3109 1526 3146 huc
1545 3083 1584 3146 in
1609 3101 1812 3152 posteriore
1831 3097 1970 3134 hatrere
1997 3091 2224 3133 testificatur,
2244 3085 2300 3122 vel
2321 3083 2429 3120 etiam
2457 3090 2540 3118 cum

1455 3169 1588 3208 multas
1619 3169 1811 3203 enumerat
1827 3165 1928 3198 certo
1947 3154 2076 3196 ordine
2103 3150 2231 3189 eadem
2255 3147 2300 3184 de
2321 3156 2360 3183 re
2384 3143 2540 3181 habitas.

1455 3231 1546 3270 Nam
1571 3228 1666 3267 solet
1685 3225 1746 3263 ille
1767 3223 2018 3270 argumentum
2047 3214 2144 3252 idem
2173 3212 2209 3248 in
2239 3207 2362 3246 multis
2384 3203 2543 3242 homiliis

1459 3296 1706 3342 pertractare;
1727 3287 1776 3329 ita
1803 3289 1842 3320 ut
1859 3291 1940 3330 qum
1967 3279 2136 3316 dicuntur
2154 3275 2189 3310 in
2208 3271 2327 3320 aliqua
2346 3268 2542 3311 concione,

1459 3365 1540 3393 cum
1563 3355 1737 3398 sequente
1763 3345 1995 3388 cohaereant,
2026 3345 2062 3376 et
2083 3337 2135 3374 sic
2165 3344 2248 3372 eum
2278 3331 2461 3389 plerisque
2483 3339 2546 3377 po—

1460 3385 1540 3393 ν--η
1679 3385 1684 3386 γ
1822 3385 1835 3388 ..

1460 3414 1676 3454 sterioribus
1695 3408 1797 3457 quasi
1823 3411 1990 3443 catenam
2018 3399 2190 3443 efﬁciant.
2213 3385 2298 3434 llaec
2315 3394 2546 3432 homiliarum

1463 3475 1687 3527 perturbatio
1707 3469 1801 3519 apud
1818 3467 1991 3506 Savilium
2004 3493 2018 3511 ι
2036 3463 2100 3500 sed
2125 3460 2258 3508 saepius
2276 3457 2371 3510 apud
2391 3457 2547 3495 Fronto-

1465 3551 1547 3578 ncm
1576 3539 1746 3575 Ducmum
1777 3531 2005 3568 observatur.
2037 3524 2204 3562 llomilia:
2232 3521 2332 3560 verbi
2360 3520 2474 3568 gratia
2503 3516 2548 3554 de

1465 3594 1826 3648 lneomprebensibiii
1846 3599 1884 3630 et
1899 3599 2027 3629 contra
2054 3589 2276 3631 Anomceos,
2305 3585 2447 3633 priores
2468 3580 2548 3628 qui-
2572 3568 2577 3575 ’

1467 3667 1549 3704 dem
1579 3674 1649 3700 una
1677 3666 1715 3699 et
1743 3657 1861 3696 nativa
1891 3655 1984 3691 serie
2011 3656 2209 3701 ponuntur,
2239 3649 2304 3687 sed
2331 3645 2550 3696 posteriores

1469 3728 1652 3766 distracta:
1681 3727 1766 3766 sunt
1795 3726 1832 3756 et
1864 3716 1990 3765 procul
2024 3715 2150 3763 posita:
2183 3713 2218 3751 in
2253 3717 2407 3758 utroque
2437 3705 2548 3744 edito.

1470 3788 1564 3835 Quid
1593 3792 1713 3823 autem
1746 3781 1830 3825 hinc
1859 3777 2069 3817 detrimenti
2097 3782 2260 3824 emergat
2287 3774 2357 3810 boe
2385 3765 2552 3814 exemplo

1471 3849 1687 3896 eomperies.
1717 3843 1883 3882 Halesius
1908 3842 1943 3879 in
1974 3841 2076 3878 Notis
2101 3837 2294 3878 Savilianis
2310 3844 2391 3872 cum
2411 3830 2555 3878 legisset

1474 3889 1664 3950 lloniiliam
1685 3908 1730 3946 de
1749 3906 1886 3946 Lazaro
1906 3903 2149 3954 quatriduano
2167 3907 2204 3939 et
2221 3899 2268 3937 de
2284 3895 2416 3936 Cbristi
2438 3889 2554 3940 preci—

1477 3977 1563 4019 bus,
1592 3984 1671 4028 qum
1701 3972 1794 4009 inter
1824 3970 1902 4008 illas
1923 3975 2048 4008 contra
2069 3968 2264 4005 Anommos
2294 3958 2462 3999 homilias
2483 3954 2554 4003 jam
