2758 4350
279 288 338 314 xnt
1136 269 1177 307 D.
1208 269 1248 306 Β.
1278 267 1338 306 DE
1367 263 1681 304 IIONTFAUCON
2472 253 2518 282 Π

282 358 368 399 illm,
389 367 468 405 qua:
486 365 506 392 a
525 353 694 402 quapiam
712 351 912 400 Scriptura:
931 359 1046 388 sacrae
1073 349 1232 387 clausula
1261 358 1367 395 argn-

283 427 444 459 mentum
466 423 691 456 mutuantur.
706 415 814 454 Certe
833 415 862 453 si
887 413 1094 462 huiusmodi
1116 413 1287 450 homilias
1301 423 1367 458 pro

285 481 553 520 commentariis
577 479 776 516 habeamus
794 506 804 524 ,
827 488 900 514 non
935 487 1058 524 pauca:
1085 475 1313 523 reperientur
1331 473 1367 509 in

285 546 402 592 primo
421 550 517 580 tomo
536 542 694 580 homilire
725 541 931 590 ltnjusmodi
946 570 954 584 ,
973 553 1016 578 ex
1039 540 1128 578 Novi
1147 536 1368 577 Testamenti

283 606 453 644 clausulis
466 611 720 655 argumentum
741 611 960 647 mutuantes,
975 615 1056 652 qua:
1077 611 1161 640 ante
1175 603 1372 640 Commen-

291 670 402 707 tarios
423 670 457 707 in
477 669 646 708 Geucsim
677 676 715 706 et
747 669 782 705 in
805 669 914 706 \‘etus
935 669 1208 705 Testamentum
1227 665 1273 702 ab
1292 664 1372 710 ipso

286 733 472 770 Frontone
483 733 608 780 positae
621 732 779 770 fuerunt.
793 733 842 769 Ex
859 732 965 768 dictis
977 732 1089 778 liquet
1101 738 1262 766 summos
1276 728 1372 764 viros

288 795 462 834 Savilium
481 802 518 833 et
543 796 710 832 Duczeum
733 795 767 832 in
795 793 1044 832 concinnanda
1070 801 1224 840 operum
1259 796 1296 827 et
1317 795 1374 826 to-

287 867 430 894 morum
451 856 706 894 distributione
742 867 812 894 non
846 867 971 903 parum
1006 854 1230 891 laboravisse
1261 865 1270 889 :
1305 851 1374 888 etsi

287 921 421 968 quippe
449 920 484 958 id
503 931 546 958 ex
565 921 716 957 arbitrio
737 926 774 956 ut
797 919 990 967 plurimum
1021 917 1181 966 pendere
1210 921 1370 964 putetur,

289 994 360 1022 non
385 985 432 1021 ita
453 983 560 1022 facile
578 990 632 1022 est
659 984 703 1020 ad
724 983 876 1020 aliorum
897 981 1066 1029 placitum
1088 986 1224 1018 tantam
1253 977 1372 1025 supel-

291 1045 450 1083 lectilem
469 1046 658 1084 ordinare.
689 1045 769 1082 Jam
789 1044 998 1081 menuimus
1017 1052 1086 1080 nec
1112 1041 1288 1080 Savilium
1311 1049 1378 1076 nec

293 1109 462 1146 Iiucazum
475 1119 582 1156 quem
603 1108 669 1144 sibi
685 1107 952 1156 prmstitnerant
965 1105 1129 1143 ordinem
1149 1113 1294 1141 servare
1311 1112 1378 1150 po—

295 1173 409 1210 tuisse
431 1184 440 1208 :
460 1172 543 1220 quia
566 1178 645 1219 post
665 1171 782 1208 editas
809 1169 1010 1217 eujuspium
1032 1166 1237 1216 argumenti
1259 1164 1378 1202 homi—

297 1237 363 1272 tias
385 1235 643 1282 inexpectata:
674 1234 754 1270 alia:
786 1231 948 1278 ejusdem
987 1229 1190 1280 argumenti
1217 1237 1382 1265 accesse-

295 1303 392 1336 runt.
415 1298 505 1334 lline
519 1304 588 1340 est,
608 1296 703 1344 quod
725 1294 820 1342 apud
839 1293 1012 1331 Savilium
1036 1291 1147 1328 multa
1169 1290 1204 1327 in
1225 1289 1382 1337 septimo

297 1369 330 1398 et
351 1368 480 1398 octavo
501 1367 600 1396 tomo
635 1359 878 1406 reperiantur,
899 1367 980 1403 qu:e
1010 1355 1054 1391 ad
1079 1353 1194 1402 quinti
1223 1357 1262 1390 et
1287 1351 1382 1388 sexti

302 1423 434 1460 seriem
454 1421 695 1468 pertinebant.
711 1421 922 1467 Pariterque
942 1418 1080 1455 Fronto
1095 1417 1247 1454 Ducmus
1267 1415 1386 1460 aliqua

299 1489 332 1524 in
361 1494 504 1534 quarto.
525 1496 606 1533 qua:
637 1484 742 1532 primi
766 1483 854 1520 tomi
876 1488 988 1526 sunt;
1013 1481 1124 1517 multa
1158 1477 1327 1516 similiter
1347 1476 1384 1512 in

299 1550 438 1596 quinto,
458 1559 538 1596 qutc
559 1547 614 1584 vel
634 1546 678 1583 ad
702 1545 860 1593 primum
879 1545 935 1582 vel
967 1543 1012 1580 ad
1044 1547 1214 1590 quartum
1245 1545 1390 1588 specta-

301 1613 400 1657 bant,
423 1611 597 1658 reposuit.

303 1675 321 1723 §
340 1674 402 1710 XI.
422 1692 470 1700 ——
501 1671 554 1707 De
573 1671 812 1706 distributione
830 1675 1000 1705 (amorum
1025 1669 1059 1704 in
1081 1674 1200 1704 nostra
1216 1666 1390 1704 Editione.

351 1734 450 1772 Ordo
485 1733 632 1776 Savilii,
669 1731 730 1777 qui
765 1731 881 1777 primo
912 1731 992 1766 loco
1027 1729 1322 1766 Commentarios
1355 1727 1390 1762 in

307 1799 529 1846 Seripturam
570 1795 705 1842 posuit,
725 1793 956 1841 quantumvis
991 1791 1200 1838 placuisset.
1221 1799 1293 1824 non
1332 1797 1396 1834 po-

310 1869 404 1900 terat
421 1872 441 1896 a
463 1859 568 1898 nobis
587 1857 752 1905 usurpari
767 1857 842 1893 'bac
867 1855 912 1893 de
935 1864 1044 1891 causa
1069 1866 1077 1889 :
1101 1850 1396 1889 Commentarius

311 1927 349 1965 in
369 1925 536 1964 Psalmos
551 1923 632 1972 plus
655 1932 764 1970 quam
779 1919 928 1956 dimidia
947 1917 1181 1955 homiliarum
1198 1920 1300 1962 parte
1319 1923 1400 1950 mu-

315 1987 400 2026 tilus
421 1987 465 2023 ad
491 1991 653 2022 nostram
676 1982 843 2030 pervenit
861 1987 1020 2017 aetatem.
1049 1979 1141 2026 Spes
1167 1984 1288 2014 autem
1323 1980 1402 2012 erat

317 2062 382 2088 nos
413 2060 459 2086 ex
479 2047 639 2085 homiliis
657 2047 728 2083 illis
753 2044 954 2092 deperditis
980 2054 1052 2080 non
1074 2051 1208 2090 paucas
1226 2051 1270 2078 ex
1297 2045 1400 2076 tene-

317 2112 392 2150 bris
411 2111 604 2148 eductu‘ros
619 2119 726 2146 esse:
749 2118 881 2155 resque
896 2107 970 2154 jam
992 2105 1101 2143 cessit
1115 2115 1160 2142 ex
1181 2109 1264 2140 voto
1287 2115 1296 2139 :
1319 2113 1402 2138 nam

321 2180 359 2211 ut
374 2180 456 2210 ante
477 2172 690 2215 narrabam,
726 2181 796 2206 una
821 2176 858 2206 ct
889 2168 1034 2216 triginta
1064 2167 1224 2203 humilia:
1254 2165 1406 2202 sincera:

321 2238 356 2274 in
380 2236 506 2284 Anglia
521 2239 675 2281 repertae
691 2238 790 2278 sunt,
811 2241 964 2279 quarum
982 2231 1133 2268 alteram
1165 2235 1302 2276 partem
1332 2228 1406 2274 jam

323 2300 540 2346 exscriptam
559 2304 680 2342 teneo,
699 2296 852 2333 alteram
871 2302 1057 2342 exspecto.
1079 2293 1206 2342 Neque
1227 2299 1409 2346 postrema

327 2364 490 2402 fortassis
521 2362 592 2399 erit
623 2361 684 2397 ilia
717 2360 903 2403 accessio;
945 2369 1027 2394 nam
1061 2357 1222 2404 reliquas
1250 2343 1412 2392 Iamissas

330 2427 406 2476 pari
443 2425 563 2462 studio
595 2423 862 2471 perquirimus,
909 2426 946 2458 et
990 2420 1096 2468 fugax
1150 2429 1266 2455 aevum
1315 2427 1413 2464 smpe

329 2491 414 2539 quid
446 2491 620 2536 importat
653 2487 751 2524 novi.
785 2486 822 2524 Si
859 2495 946 2522 vero
982 2495 1002 2521 a
1037 2482 1308 2521 commentariis
1339 2491 1414 2519 cce-

333 2555 538 2602 pissemus,
573 2551 748 2600 quidquid
789 2550 824 2586 in
864 2549 1029 2586 Psaltnos
1065 2547 1148 2584 novi
1183 2556 1415 2584 accessurqu

333 2621 411 2654 erat
428 2644 438 2660 ,
460 2620 562 2652 extra
582 2613 748 2650 ordinem
767 2619 803 2649 et
825 2612 942 2648 locum
966 2610 1170 2658 proprium,
1195 2619 1327 2656 magno
1343 2607 1418 2644 sci-

335 2679 416 2716 licet
437 2688 518 2714 cum
549 2676 762 2723 dispendio,
793 2674 980 2722 jacuisset.
1018 2672 1121 2710 Ilunc
1149 2681 1236 2719 ergo
1267 2680 1418 2718 Operum

336 2748 588 2786 tomorumque
619 2738 785 2776 ordinem
803 2766 812 2781 ,
841 2747 880 2774 re
901 2742 1070 2773 accurate
1091 2744 1266 2782 perpensa
1283 2761 1293 2777 ,
1316 2731 1422 2769 nobis

339 2802 599 2850 prtcstituimus
620 2812 629 2838 :
658 2800 831 2846 opuscula
849 2799 1005 2845 primum
1025 2797 1162 2841 omnia,
1185 2795 1344 2843 cujusvis
1357 2805 1423 2842 ge-

340 2867 438 2904 neris
465 2867 552 2909 sint,
575 2865 610 2902 in
630 2865 746 2902 tribus
769 2864 876 2900 tomis
904 2862 1086 2911 prioribus
1115 2861 1300 2904 locamus;
1321 2869 1424 2896 com.

343 2928 540 2967 ntentarios
559 2938 641 2964 cum
657 2927 798 2964 Veteris
820 2933 894 2962 tum
927 2925 1016 2962 Novi
1041 2923 1265 2962 Testamcoti
1285 2927 1424 2970 septem

345 2990 567 3038 posteriores
595 2989 835 3036 occupabunt.
859 2987 1040 3033 Opnscula
1061 2996 1148 3022 vero
1171 2985 1240 3020 hoc
1269 2985 1342 3021 rite
1369 2983 1427 3020 di-

347 3052 517 3088 viduntur
537 3063 545 3086 :
569 3051 686 3098 primo
707 3050 873 3096 ponimus
894 3059 935 3084 ea
967 3059 1050 3095 quae
1075 3047 1122 3083 ob
1141 3047 1354 3083 varietatem
1371 3055 1430 3082 ar-

347 3114 506 3160 gumenti
527 3124 596 3149 non
620 3118 768 3160 possunt
787 3111 821 3147 in
855 3121 960 3146 unam
981 3116 1018 3146 et
1037 3115 1175 3146 certam
1194 3108 1308 3156 redigi
1334 3108 1430 3145 clas-

348 3187 424 3212 sem
446 3187 456 3218 ;
476 3176 606 3222 illaque
625 3175 825 3212 secundum
845 3174 1008 3211 ordinem
1032 3171 1206 3219 temporis
1224 3200 1234 3216 ,
1253 3178 1431 3219 quantum

349 3238 458 3279 licet,
493 3237 759 3272 constituimus.
796 3238 934 3283 Agmen
973 3235 1110 3272 ducunt
1153 3243 1360 3280 parmneses
1389 3232 1435 3270 ad

351 3299 585 3336 Theodorum
616 3298 754 3344 lapsum
772 3326 782 3342 ,
814 3298 898 3334 hinc
925 3304 1128 3345 sequuntur
1149 3296 1230 3333 libri
1261 3295 1437 3332 adversus

352 3361 629 3408 Oppugnatores
655 3360 738 3395 vita:
769 3359 992 3404 monastic'r,
1014 3360 1094 3396 libri
1113 3359 1157 3395 ad
1187 3358 1409 3394 Demetrium
1426 3385 1436 3402 ,

358 3423 402 3458 ad
431 3421 653 3458 Steleehium
670 3447 680 3461 ,
704 3419 748 3456 ad
779 3420 974 3468 Stagirium
993 3449 1002 3465 ,
1037 3421 1084 3458 de
1113 3419 1409 3458 Snbintroductis
1425 3447 1436 3464 ,

358 3486 404 3523 de
421 3484 644 3531 Virginitate,
667 3483 712 3519 ad
731 3483 882 3520 Viduam
897 3483 1076 3529 juniorem
1095 3496 1103 3519 :
1127 3483 1327 3521 secundum
1349 3488 1441 3520 tem-

361 3548 460 3597 poris
477 3547 610 3584 seriem
641 3545 818 3582 accedunt
852 3546 933 3582 libri
963 3546 1008 3582 de
1035 3547 1246 3584 Sacerdotio
1263 3575 1273 3592 ,
1295 3545 1441 3582 homilia

361 3622 444 3650 eum
463 3609 657 3659 presbyter
683 3609 749 3645 fuit
775 3609 989 3648 ordinatus:
1010 3609 1055 3644 de
1085 3607 1444 3655 lneomprehensibili

363 3680 402 3711 et
415 3680 543 3710 contra
557 3671 754 3708 Anommos
773 3670 939 3706 Ilontiliaa
953 3669 1030 3711 XII,
1045 3677 1172 3706 contra
1187 3670 1333 3708 Judaeos
1351 3668 1444 3713 VIII;

361 3738 528 3775 Humilia:
567 3737 614 3774 de
639 3734 811 3774 Kalendis
831 3741 867 3771 et
901 3735 946 3772 de
978 3735 1115 3770 Lazaro
1146 3734 1220 3780 jam
1247 3741 1344 3771 octo.
1384 3733 1448 3772 liae

363 3813 446 3840 vero
469 3802 623 3850 primum
644 3807 782 3838 tornum
804 3799 1009 3836 absolvunt.
1029 3799 1080 3836 Ex
1101 3799 1168 3836 hac
1197 3799 1312 3846 prima
1333 3799 1450 3836 classe

365 3864 398 3898 iu
417 3865 585 3902 secundo
605 3871 706 3902 tomo
721 3863 886 3902 Ilomilia:
904 3861 987 3900 ΧΧΙ
1007 3863 1042 3898 in
1062 3861 1222 3906 Statuas,
1239 3860 1451 3898 eatecbeses

368 3924 464 3970 duae,
491 3931 564 3963 tres
583 3927 627 3964 de
643 3927 796 3966 Diabolo
815 3932 992 3964 tentatoro
1013 3924 1186 3969 homilize,
1203 3929 1240 3960 et
1261 3933 1391 3960 novem
1407 3921 1452 3960 de

371 3986 599 4024 l‘mnitcntia.
626 3989 700 4026 Ilue
727 3989 859 4028 desinit
891 3989 1008 4037 prima
1028 3987 1154 4026 classis
1170 4016 1178 4032 ,
1200 3997 1280 4034 qua:
1308 3985 1350 4024 ad
1375 3996 1452 4023 me-

1441 345 1541 382 dium
1574 345 1687 380 ferme
1713 339 1864 379 secundi
1892 338 1981 376 tomi
2001 337 2185 386 pertingit.
2205 335 2372 375 Secunda
2400 335 2526 372 classis

1441 415 1498 445 est
1517 407 1735 444 concionum
1767 402 2068 451 pancgyricarum
2096 401 2140 438 de
2161 399 2264 438 festis
2298 399 2439 438 Domini
2460 409 2527 435 nm

1441 471 1508 508 stri
1529 471 1613 508 Jcsu
1633 468 1784 506 Christi.
1807 466 1974 504 Homilia:
2003 465 2038 503 in
2068 465 2218 502 Paulum
2239 471 2287 509 ‘et
2314 464 2348 501 in
2368 463 2532 512 reliquos

1443 532 1622 569 Sanctos:
1642 531 1700 568 ha:
1721 528 1920 568 secundum
1939 527 2114 566 claudunt
2129 533 2280 564 tomum.
2304 526 2423 564 Tertia
2439 526 2535 562 clas-

1446 597 1496 633 sis
1513 601 1569 632 est
1591 593 1821 631 homiliarum
1840 602 1921 640 quae
1941 601 1986 628 ex
2005 589 2119 627 variis
2137 589 2336 636 Scriptura:
2361 587 2535 624 clausulis

1445 661 1698 705 argumentum
1723 659 1962 696 mutuantur;
1991 651 2048 689 hae
2067 661 2153 688 vero
2181 649 2411 696 occupabunt
2435 647 2537 696 prio-

1449 731 1526 758 rem
1549 725 1690 767 partem
1710 717 1798 755 tomi
1819 716 1930 754 tertii.
1952 715 2087 762 Quarta
2109 715 2239 752 classis
2266 719 2322 752 est
2339 711 2542 760 opusculo~

1450 793 1529 820 rum
1546 781 1591 819 ad
1620 787 1742 818 motus
1761 778 2202 826 Constantinopolitanos,
2219 783 2255 814 et
2273 776 2319 813 ad
2340 781 2538 822 utrumque

1450 847 1489 885 S.
1499 846 1652 884 Joannis
1661 843 1916 894 Chrysostomi
1934 843 2100 880 exsilium
2114 840 2389 889 pertinentium.
2407 837 2538 884 Quinta

1450 910 1580 948 classis
1610 908 1848 956 epistolarnm
1869 906 2032 944 omnium
2052 917 2061 942 :
2083 909 2210 953 quarta
2231 909 2268 940 et
2297 903 2438 951 quinta,
2457 911 2538 948 qua:

1453 983 1620 1020 magnam
1643 971 1778 1009 habent
1798 970 1892 1007 inter
1903 979 1944 1006 se
1959 969 2186 1012 affinitatem,
2203 971 2425 1014 postremam
2447 963 2543 1000 tertii

1457 1037 1546 1074 tomi
1583 1041 1722 1084 partem
1756 1033 2008 1082 complebunt.
2037 1031 2186 1076 Septem
2217 1039 2306 1066 vero
2323 1026 2546 1076 posteriores

1455 1102 1542 1140 torni
1569 1110 1699 1138 omnes
1729 1098 1881 1136 omnino
1913 1095 2216 1139 commentarios,
2237 1092 2296 1140 qui
2328 1095 2545 1138 supersunt,

1457 1164 1760 1212 complectantur.
1796 1162 1915 1208 Atque
1948 1159 1985 1196 in
2028 1157 2099 1194 line
2134 1154 2308 1204 postremi
2345 1153 2548 1200 fragmenta

1459 1227 1558 1264 Varia
1578 1225 1776 1262 afferentur
1799 1231 1874 1260 tum
1895 1233 1939 1259 ex
1962 1221 2093 1259 Photio
2110 1249 2119 1264 ,
2138 1226 2214 1256 tum
2233 1229 2278 1256 ex
2296 1217 2378 1254 aliis
2396 1216 2551 1263 scripto-

1463 1292 1562 1329 ribus
1583 1297 1692 1337 atque
1719 1299 1761 1325 ex
1781 1285 2039 1332 manuscriptis
2068 1287 2252 1329 excerpta.
2277 1280 2390 1318 Dubia
2411 1289 2500 1316 vero
2517 1284 2554 1316 et

1464 1355 1586 1403 spuria
1614 1364 1724 1400 opera
1745 1352 1792 1388 ita
1813 1350 2034 1388 distribuere
2065 1347 2184 1384 conati
2207 1355 2347 1388 sumus,
2373 1350 2411 1379 ut
2433 1342 2552 1379 habita
2613 1367 2616 1369 .

1463 1415 1832 1466 argumenti'ratione
1853 1413 1888 1448 in
1912 1412 2019 1448 finem
2051 1409 2228 1456 cujusque
2260 1406 2347 1444 tomi
2381 1405 2554 1452 ablegeu-

1468 1490 1537 1519 tnr.
1563 1481 1736 1518 Fatcmur
1777 1484 1900 1514 tamen
1941 1485 2014 1512 non
2056 1473 2218 1520 potu'sse
2252 1467 2386 1507 uos'id
2423 1467 2557 1514 ubique

1467 1550 1642 1592 prmstare
1657 1555 1665 1578 :
1680 1542 1708 1578 si
1729 1541 1840 1582 enim,
1858 1537 2014 1585 exempli
2035 1545 2157 1578 causa,
2173 1543 2300 1570 omnes
2319 1530 2559 1578 panegyricos

1468 1609 1612 1658 spnrios
1631 1615 1820 1644 sermones
1840 1604 1874 1640 in
1897 1602 1968 1639 fine
1988 1598 2138 1638 secundi
2159 1596 2246 1634 tomi
2263 1625 2271 1640 ,
2293 1596 2352 1644 qui
2371 1595 2475 1632 locus
2493 1602 2559 1630 eo-

1469 1683 1548 1710 rum
1579 1669 1749 1718 proprius
1788 1672 1893 1711 erat,
1932 1664 2196 1712 posuissemus,
2233 1660 2267 1696 in
2299 1658 2446 1695 nimiam
2484 1664 2563 1692 mo-

1470 1734 1541 1770 lcm
1579 1732 1755 1768 crevisset
1791 1730 1852 1766 ille
1899 1735 2018 1764 tomus
2058 1737 2066 1760 :
2103 1722 2342 1770 quamobrem
2388 1718 2564 1766 plurimos

1472 1791 1679 1839 ltujnsmodi
1695 1791 1738 1826 ad
1759 1794 1954 1836 Sequentcs
1976 1793 2094 1822 tomos
2109 1784 2262 1830 rejicere
2282 1781 2398 1818 coacti
2421 1789 2560 1816 sumus.

1473 1854 1545 1892 Sed
1571 1854 1605 1890 id
1627 1852 1852 1889 levissimum
1873 1855 1942 1891 est,
1965 1847 2001 1884 ni
2027 1847 2149 1889 fallor,
2170 1841 2442 1881 incommodum
2459 1853 2466 1876 :
2483 1851 2564 1888 spu-

1474 1917 1526 1954 ris
1548 1915 1682 1962 quippe
1702 1920 1774 1950 tam
1797 1913 1918 1958 inepta
1940 1909 2154 1958 plerumque
2174 1911 2260 1942 sunt
2280 1909 2319 1941 ut
2349 1903 2468 1940 lucem
2489 1912 2564 1938 non

1477 1985 1700 2017 mercantur.
1725 1976 1762 2013 In
1784 1975 1910 2012 decem
1931 1973 2038 2020 igitur
2067 1978 2186 2007 tomos
2215 1968 2336 2005 omnia
2359 1967 2398 2004 S.
2417 1964 2570 2004 Joannis

1480 2039 1731 2090 Chrysostomi
1763 2048 1873 2084 Opera
1901 2034 2198 2072 distribneutur:
2237 2029 2469 2066 undecimum
2506 2037 2570 2075 ap-

1481 2103 1637 2152 pendiei,
1659 2101 1705 2139 de
1733 2111 1800 2147 qua
1823 2109 1905 2136 mox
1943 2103 2083 2144 agetur,
2105 2093 2346 2132 destinamus.
2369 2090 2441 2128 Sed
2459 2094 2568 2127 erunt

1483 2151 1639 2207 fortasse
1659 2167 1718 2214 qui
1741 2169 1906 2213 quaerant
1923 2173 1930 2197 :
1950 2159 2149 2199 Frontonis
2165 2157 2285 2194 Ducaﬁ
2308 2155 2420 2192 editio
2437 2151 2574 2190 duode«

1484 2233 1553 2269 cim
1575 2231 1684 2267 tomis
1701 2257 1710 2273 ,
1733 2228 1810 2265 sive
1831 2224 2000 2264 undecim
2033 2222 2164 2269 ampla:
2196 2219 2302 2256 molis
2331 2213 2576 2253 voluminibus

1485 2293 1686 2331 absolvitur
1712 2303 1720 2328 :
1754 2299 1827 2338 qtto
1863 2293 1970 2336 pacto
2005 2285 2118 2333 igitur
2146 2288 2198 2319 tot
2228 2288 2369 2318 auctam
2390 2275 2578 2314 anccdotis

1488 2366 1612 2406 totque
1631 2355 1778 2393 monitis
1799 2353 1998 2390 editionem
2021 2348 2147 2386 decem
2177 2347 2212 2383 in
2241 2342 2492 2380 voluminibus
2515 2339 2574 2376 in-

1487 2403 1700 2458 clmlasild
1722 2417 1781 2466 qui
1815 2415 1892 2453 Iieri
1927 2413 2087 2461 potuerit
2114 2409 2218 2447 facile
2248 2405 2427 2452 intelligas
2448 2403 2477 2440 si
2499 2412 2582 2450 per-

1490 2484 1628 2534 pendas
1648 2483 1754 2529 longe
1781 2478 1910 2526 majori
1930 2477 2056 2514 charta
2084 2479 2121 2511 et
2148 2471 2275 2520 pagina
2308 2478 2394 2504 usos
2415 2473 2582 2515 typogra-

1490 2531 1583 2597 p'tos
1605 2552 1748 2583 uestros
1769 2541 1876 2579 tomis
1896 2549 2027 2576 novem
2049 2544 2085 2574 et
2104 2534 2260 2572 dimidio
2278 2543 2320 2570 ca
2347 2531 2468 2567 omnia
2493 2538 2584 2566 con-

1492 2589 1641 2648 cludere
1659 2614 1768 2653 posse
1786 2631 1796 2648 ,
1819 2613 1901 2650 qua:
1923 2601 1956 2637 in
1986 2597 2156 2636 undecim
2178 2593 2374 2632 Frontoois
2392 2589 2586 2628 volumini-

1494 2673 1562 2710 bus
1593 2668 1843 2708 continentur,
1863 2663 1959 2712 quod
1991 2662 2065 2710 jam
2097 2659 2348 2706 experimento
2376 2653 2586 2691 didicimus.

1496 2737 1551 2774 Ad
1573 2736 1652 2772 hate
1670 2743 1758 2770 vero
1779 2731 1903 2778 spuria
1927 2739 2008 2776 qute
2029 2727 2064 2764 iu
2091 2723 2288 2762 Frontonis
2305 2720 2484 2778 .editione
2508 2727 2587 2753 am—

1497 2800 1596 2849 plum
1618 2797 1788 2834 volumen
1818 2791 2082 2834 conficiebant,
2104 2788 2140 2824 in
2170 2792 2294 2824 nostra
2327 2783 2487 2822 editione
2507 2788 2588 2817 cum

1499 2843 1543 2901 ex
1565 2871 1672 2907 supra
1699 2862 1901 2895 memorata
1929 2853 2067 2891 charta:
2095 2848 2366 2898 magnitudine,
2389 2853 2464 2882 tum
2482 2843 2590 2880 etiam

1500 2937 1545 2962 ex
1564 2906 1701 2961 minuta
1721 2927 1890 2970 typorum
1915 2917 2031 2954 forma
2047 2915 2091 2952 ad
2111 2912 2300 2951 dimidium
2321 2906 2514 2946 voluminis
2533 2915 2595 2942 re-

1505 2987 1714 3026 ducuntur:
1745 2983 1822 3030 jam
1855 2981 1970 3017 habes
2002 2977 2170 3016 undecim
2199 2972 2384 3011 volumina
2405 2970 2440 3007 in
2461 2977 2592 3005 novem

1504 3049 1664 3088 redacta.
1688 3048 1854 3093 Insuper,
1873 3043 2024 3081 sublatis
2053 3042 2123 3079 illis
2139 3035 2414 3089 paraphrastice
2435 3031 2594 3069 adorna-

1507 3113 1552 3150 tis
1582 3111 1722 3149 Latinis
1751 3104 2128 3154 interpretationibus,
2161 3112 2242 3150 qua:
2269 3098 2463 3136 verborum
2490 3090 2594 3139 eopia

1507 3173 1776 3218 redundabant,
1797 3183 1877 3220 qua:
1899 3171 1972 3207 illis
1999 3167 2204 3205 substitute
2227 3167 2311 3200 sunt
2337 3160 2444 3205 longe
2477 3155 2597 3192 minus

1509 3238 1614 3286 spatii
1634 3235 1878 3283 occupabunt,
1897 3233 2055 3279 hincque
2076 3225 2238 3266 nonnihil
2261 3223 2371 3262 etiam
2392 3231 2436 3258 ex
2456 3226 2597 3255 memo-

1511 3303 1600 3339 ratis
1636 3311 1766 3338 novem
1790 3296 2036 3335 voluminibus
2069 3291 2262 3331 deciditur.
2285 3286 2424 3333 Quibus
2445 3290 2599 3330 perspe-

1512 3369 1580 3406 ctis
1602 3367 1706 3404 facile
1738 3363 1918 3410 intelligas
1946 3361 2129 3398 indecem
2164 3357 2236 3395 illis
2263 3351 2435 3392 editionis
2466 3351 2598 3410 nostra:

1514 3428 1758 3468 voluminibus
1811 3433 1886 3463 tum
1931 3435 1973 3461 ea
2021 3432 2102 3470 qua:
2145 3431 2190 3457 ex
2237 3413 2398 3454 tenebris
2441 3409 2600 3448 eruimus

1515 3489 1766 3537 Cltrysostomi
1788 3498 1919 3534 opera,
1941 3491 2016 3523 tum
2049 3483 2158 3522 etiam
2187 3479 2347 3523 mooita,
2380 3475 2462 3524 plus
2494 3476 2596 3518 quam

1517 3565 1628 3592 unum
1649 3553 1817 3590 volumen
1839 3559 2017 3597 occupare
2043 3547 2112 3594 (α).

1523 3645 1542 3695 §
1564 3645 1642 3682 XII.
1664 3665 1713 3672 —
1734 3643 1786 3680 De
1805 3641 1996 3690 appendice
2025 3648 2191 3687 perquam
2225 3631 2416 3672 necessaria
2447 3620 2600 3672 ορυτῖθιιδ

1685 3707 1727 3743 S.
1749 3705 1898 3742 Joannis
1913 3701 2152 3750 Chrysostomi
2173 3693 2422 3748 subjungeuda.

1575 3785 1674 3821 Inter
1693 3793 1734 3820 ea
1756 3791 1836 3830 qua!
1856 3780 1900 3816 ad
1919 3779 2226 3828 Chrysostomrum
2249 3765 2497 3812 illustramlunt
2513 3769 2600 3796 eon-

1559 3905 1608 3946 (u)
1627 3903 1715 3936 Haud
1728 3902 1830 3936 multo
1844 3907 1915 3946 post
1928 3902 2034 3946 sensit
2049 3909 2126 3946 sese
2138 3897 2226 3946 male
2237 3887 2603 3946 .przeiljﬁlfi‘ffh'l'j,‘33::

1559 3923 1608 3946 νιν
1628 3923 1715 3936 Ιιηι-Ιυ
1728 3923 1830 3936 ιιιιιιιυ
1845 3923 1852 3944 |
1865 3923 1915 3935 VIDI.
1928 3923 2034 3935 Gul-all.
2049 3923 2126 3934 ονσυ
2139 3923 2225 3932 ιιι-σιν
2245 3923 2272 3938 In
2283 3923 2320 3934 κδ
2338 3923 2341 3924 ν
2370 3923 2374 3924 ν
2586 3923 2590 3927 ,

1527 3947 1744 3983 telh'lvonuts;
1762 3947 1793 3978 in
1813 3945 1902 3978 tertii
1921 3945 2010 3977 enim
2025 3944 2103 3976 tertii
2121 3941 2312 3984 praefatione
2332 3937 2397 3976 jam
2414 3931 2524 3984 manet
2541 3923 2607 3956 edi-

1531 3973 1655 4024 iidimm
1670 3973 1770 4031 usun
1793 3973 2128 4020 ἱῐῖἶὶξέιέέίίίῖιδῶὖέ
2139 3982 2222 4016 forte
2239 3973 2420 4014 evasti-rant.
2447 3973 2484 4003 Μ-
