2758 4350
334 282 421 310 XXIII

326 359 497 396 Asnaus
513 353 613 391 LAIIA
631 378 640 394 ,
664 347 722 395 qui
741 347 814 393 jam
833 342 986 381 Lutetize
1002 338 1088 388 agit.
1111 338 1164 376 Ex
1185 337 1405 375 bibliotheca

326 421 414 458 item
433 414 696 455 Ottoboniana,
729 409 872 445 favente
903 401 1192 443 eminentissimo
1223 397 1408 436 Cardinali

326 481 450 520 Psrno
471 477 664 515 Orroaoso
679 500 688 515 ,
711 481 784 508 non
804 477 916 516 pauca
934 463 1087 504 mutuati
1107 471 1246 499 sumus.

377 543 413 579 ln
432 539 558 586 Anglia
578 535 676 574 nulla
697 544 768 572 non
788 532 991 570 officiorum
1023 535 1158 576 genera
1185 523 1289 562 nobis
1315 532 1411 570 pra:-

327 607 408 643 stita
429 609 512 640 sunt
528 630 538 647 ,
554 599 744 646 fateorque
762 606 820 633 me
835 603 1011 641 nusquam
1027 590 1201 638 majorem
1218 591 1410 634 expertum

328 666 588 707 humanitatem
619 671 726 710 quam
759 658 854 706 apud
885 657 1084 704 Anglorum
1115 657 1275 700 gentem.
1306 648 1418 686 Prteit

332 732 398 769 hoc
426 730 464 767 in
485 737 635 765 munere
653 725 708 762 vir
727 725 773 761 cl.
795 728 832 760 et
859 718 1126 758 illustrissimus
1144 715 1304 754 Josnses
1323 712 1416 750 Por-

331 801 448 830 τείως
463 819 474 836 ,
491 790 693 838 Episcopus
709 783 928 824 Oxoniensis
941 811 950 824 .
967 779 1173 818 eruditione
1189 787 1271 814 cum
1291 775 1418 824 primis

333 853 606 897 numerandus,
635 850 695 898 qui
729 847 873 886 eximiis
902 843 1075 892 operibus
1106 853 1185 880 rem
1221 839 1418 877 literariam

333 915 567 964 locupletavit
587 926 596 950 :
613 913 644 949 is
662 911 767 949 nobis
784 907 990 957 apographa
1011 915 1131 943 rerum
1151 903 1195 940 ad
1215 902 1417 940 institutum

334 986 498 1019 nostrum
529 974 787 1026 pertinentium
818 976 966 1019 rogatus
998 979 1070 1006 non
1099 972 1248 1014 rogatus
1274 963 1311 1000 in
1341 962 1421 999 dies

336 1043 471 1084 mittit.
493 1047 530 1077 ct
549 1041 731 1086 ingentem
753 1036 852 1072 illam
873 1031 1151 1071 commentariis
1171 1029 1206 1065 in
1227 1027 1394 1064 Psalmos
1409 1051 1421 1069 ,

337 1111 376 1142 ut
394 1104 466 1150 jam
487 1101 668 1143 diximus,
691 1097 936 1135 acccssiooem
960 1091 1168 1142 procuravit
1185 1119 1194 1135 ,
1220 1089 1324 1136 cujus
1347 1088 1422 1134 jam

339 1174 479 1215 partem
499 1171 664 1202 tenemus
681 1191 690 1205 ,
712 1166 850 1208 partem
869 1163 1136 1204 exsitectamus.
1157 1153 1281 1200 Neque
1300 1158 1424 1188 tacen-

340 1230 408 1266 dus
428 1229 481 1264 vir
499 1225 742 1263 amicissimus
759 1228 796 1259 et
813 1220 1080 1258 eruditissimus
1099 1217 1310 1254 TtHO’fIlBL'S
1329 1211 1425 1249 Goo-

344 1300 459 1328 wuvus
477 1319 486 1335 ,
509 1288 712 1335 Episcopus
727 1283 979 1322 Kilmoriensis
996 1310 1006 1327 ,
1025 1281 1084 1328 qui
1105 1279 1194 1316 tnibi
1213 1283 1250 1314 et
1269 1286 1374 1324 opem
1393 1280 1429 1312 et

345 1350 636 1390 benevolentiam
653 1346 888 1385 illustrissimi
904 1343 1040 1382 Poltcri
1059 1340 1266 1380 conciliavit
1282 1368 1290 1381 ,
1312 1347 1430 1384 neque

346 1420 466 1453 cessat
499 1411 700 1450 commodis
729 1411 820 1448 meis
846 1407 1056 1456 advigilare.
1084 1401 1327 1448 Cantabrigia:
1351 1399 1432 1454 offij

347 1479 414 1515 ciis
433 1477 508 1513 suis
527 1486 592 1512 nos
611 1473 776 1512 certatim
797 1469 1008 1519 proseqtntti
1037 1473 1122 1504 sunt
1150 1465 1205 1502 vir
1233 1464 1280 1500 cl.
1311 1444 1454 1499 Bern:

350 1550 454 1577 unus
471 1566 480 1581 ,
499 1537 709 1584 reipublicae
728 1533 896 1572 literariae
915 1532 1026 1570 decus
1045 1535 1082 1567 et
1101 1531 1352 1564 ornamentum
1370 1550 1382 1568 ,
1399 1528 1436 1560 et

351 1604 407 1639 vir
439 1601 671 1638 doctissimus
701 1597 1016 1642 amirissimusque
1051 1593 1197 1629 Pes-nus
1229 1588 1435 1629 Nemeum,

355 1665 478 1703 multis
498 1661 700 1708 insignibus
718 1659 826 1695 editis
844 1657 1015 1704 operibus
1032 1655 1166 1691 clarus.

406 1727 444 1763 In
463 1723 656 1763 Germania
678 1722 782 1759 nobis
802 1728 947 1766 semper
965 1722 1097 1764 praesto
1118 1715 1185 1752 fuit
1201 1742 1209 1757 ,
1232 1718 1270 1750 et
1301 1711 1346 1748 ad
1374 1721 1442 1747 nu—

359 1797 435 1826 tum
456 1786 630 1824 beneﬁcia
649 1783 803 1822 centulit
822 1783 876 1819 vir
895 1780 1119 1818 clarissimus
1143 1777 1302 1814 JOANNES
1322 1773 1442 1810 BENE-

363 1861 488 1890 bICTUS
508 1849 765 1887 GENTILOTTUS
786 1857 829 1882 sn
849 1845 1082 1881 Escusunun
1099 1869 1109 1885 ,
1125 1837 1354 1875 bibliotheca:
1369 1834 1445 1872 Ca:-

361 1925 475 1952 s:ire:e
496 1912 687 1960 prml‘ectus
703 1938 713 1954 ,
736 1909 792 1945 vir
817 1906 1019 1944 eruditioue
1047 1901 1265 1949 conspicuus
1283 1927 1292 1943 ,
1312 1897 1442 1934 huma-

1310 258 1579 299 PII'JEFATIO.

2406 219 2413 235 1

2467 229 2556 260 χχιι

1481 333 1594 372 nitate
1613 339 1694 366 cum
1714 327 1838 375 primis
1855 323 2097 364 celebrandus
2113 350 2124 368 ,
2141 320 2299 369 denique
2316 317 2480 358 omnium
2499 328 2574 356 ηυι

1481 396 1682 433 mererum.
1705 391 1854 429 Vienna:
1871 399 2016 439 quoque
2034 393 2072 426 et
2093 396 2203 424 manu
2220 391 2257 422 ct
2273 394 2343 432 0pc
2368 389 2405 420 et
2429 381 2568 419 amico.

1480 469 1564 496 rum
1585 455 1786 494 ministerio
1801 454 1848 491 ad
1866 452 1981 490 nostri
2001 447 2234 488 commodum
2250 457 2338 484 usus
2352 455 2496 492 semper
2511 450 2571 482 est

1482 524 1641 562 Joannes
1671 521 1971 558 Cunts'roruonos
1999 516 2319 553 BAR'I‘ENSTEINIUS
2345 519 2472 552 meus,
2499 507 2570 544 Ar-

1483 585 1750 636 gentoratensis
1766 612 1776 628 ,
1799 592 1913 620 sacra:
1941 579 2120 618 Cmsareze
2149 573 2330 623 Majestati
2347 584 2367 610 a
2388 570 2572 609 Consiliis.

1485 648 1685 696 IIatnburgi
1703 648 1813 685 etiam
1845 644 1922 693 pari
1949 653 2016 680 nos
2045 637 2302 678 benevolentia
2331 639 2576 683 prosequutus

1485 720 1542 752 est
1557 713 1612 750 vir
1625 709 1892 758 insigttissimus
1910 711 1953 744 et.
1963 702 2234 743 eruditissimus
2253 699 2413 737 Joannes
2433 698 2576 733 ALBEII-

1488 786 1556 814 Tus
1581 775 1798 816 FABRICIUS,
1832 781 1940 818 quem
1973 767 2026 804 ob-
2047 765 2220 814 prmclara
2249 763 2286 799 in
2317 759 2576 807 rempublicam

1489 839 1688 877 literariam
1705 835 1836 874 collata
1855 831 2032 870 beneﬁcia
2058 829 2202 876 ignorat
2227 833 2334 862 nemo
2366 822 2426 872 qui
2455 821 2578 858 literas

1490 900 1600 938 norit.
1620 899 1654 935 Is
1673 895 1961 943 manuscriptum
1976 890 2214 939 epistolarum
2232 887 2272 924 S.
2293 883 2446 923 Joannis
2460 881 2577 930 Chry-

1491 961 1643 1000 sostomi
1661 989 1672 1006 ,
1691 969 1759 996 nec
1779 963 1927 1004 rogatus
1943 983 1953 1000 ,
1975 953 2182 999 Ilantburgo
2199 948 2377 986 Lutetiam
2395 945 2495 982 misit
2512 972 2522 986 ,
2543 950 2582 980 ut

1493 1025 1608 1063 oculis
1618 1024 1695 1071 ipse
1709 1021 1801 1060 meis
1817 1021 1934 1056 varias
1949 1016 2035 1054 inde
2048 1014 2226 1052 lectiones
2236 1012 2405 1056 excipere
2420 1016 2580 1055 possem.

1495 1089 1620 1136 Neque
1638 1085 1783 1124 silentio
1800 1077 2138 1131 prartcrmittendus
2153 1076 2209 1112 vir
2229 1074 2277 1112 c1.
2297 1072 2489 1110 Cosnsnus
2506 1067 2582 1104 Wt-

1497 1163 1579 1191 now
1597 1180 1608 1197 ,
1629 1150 1690 1198 qui
1712 1148 1854 1186 nullum
1873 1143 2031 1192 lapidem
2052 1151 2124 1178 non
2146 1138 2260 1176 movit
2277 1144 2315 1173 ut
2332 1133 2467 1172 nostris
2486 1132 2584 1168 fave-

1499 1223 1554 1255 ret
1574 1197 1704 1254 studiis
1725 1219 1762 1250 et
1788 1209 1974 1258 operibus.
2006 1207 2061 1244 En
2087 1203 2200 1240 babes
2217 1231 2227 1247 ,
2262 1197 2415 1238 candide
2443 1197 2586 1238 lector,

1501 1279 1666 1317 festivam
1713 1273 1973 1322 prmclarorum
2014 1266 2204 1304 hominum
2245 1259 2556 1300 enumerationem
2576 1284 2597 1301 ,.

1501 1351 1656 1390 quorum
1687 1333 1990 1376 commemoratio
2024 1329 2159 1368 nemini
2193 1327 2318 1366 literas
2349 1322 2486 1360 amanti
2520 1330 2602 1357 non.

1503 1415 1566 1452 gra
1573 1408 1606 1440 ta
1630 1405 1749 1450 potest
1767 1407 1863 1436 esse.

1552 1465 1679 1512 Neque
1715 1459 1857 1498 tacendi
1898 1461 1983 1494 sunt
2021 1451 2201 1491 carissimi
2241 1447 2386 1485 sodales
2419 1445 2489 1483 mei
2528 1443 2594 1479 viri

1506 1529 1604 1567 docti
1621 1555 1630 1570 ,
1651 1526 1710 1572 qui
1734 1533 1876 1562 mecum
1899 1521 1935 1557 in
1959 1520 2026 1556 hoc
2045 1515 2188 1554 edendo
2208 1523 2320 1562 opere
2339 1509 2565 1548 desudarunt
2583 1535 2593 1550 ,

1508 1593 1552 1630 D.
1573 1591 1742 1628 CAROLUS
1759 1597 1805 1623 or:
1821 1595 1866 1622 LA
1884 1583 1964 1620 Bue
1979 1610 1987 1625 ,
2008 1581 2050 1616 D.
2072 1579 2260 1615 MARTINUS
2278 1575 2452 1616 Boueuer
2469 1600 2478 1615 ,
2498 1576 2533 1606 et
2553 1569 2594 1605 1).

1509 1655 1689 1692 Jossrttus
1708 1651 1885 1686 Doussor.
1905 1643 2037 1682 Caeteri
2056 1647 2176 1678 autem
2203 1638 2262 1686 qui
2293 1636 2404 1672 variis
2431 1631 2597 1672 lectioni-

1510 1719 1580 1756 bus
1599 1711 1824 1761 excipicndis
1841 1717 1990 1756 operam
2013 1705 2106 1742 bene
2125 1701 2228 1739 multi
2243 1699 2420 1736 dederunt
2436 1724 2446 1740 ,
2463 1701 2500 1732 et
2513 1693 2602 1730 dant

1514 1781 1708 1826 hodieque,
1720 1776 1754 1812 in
1765 1775 1885 1820 aliquo
1899 1777 2080 1808 tomorum
2097 1763 2324 1811 sequentium
2337 1766 2601 1796 commemora-

1515 1846 1648 1883 buntur
1663 1854 1671 1877 :
1685 1849 1768 1877 nam
1781 1837 1815 1873 in
1831 1835 1910 1871 dies
1923 1831 2004 1868 novi
2021 1829 2064 1866 ad
2080 1827 2114 1864 id
2126 1825 2286 1862 muneris
2295 1833 2335 1859 se
2345 1819 2550 1861 conferunt,
2568 1823 2606 1853 et

1667 1927 1675 1936 .
1693 1927 1701 1935 .
1723 1925 1732 1933 .
1755 1929 1760 1933 .
1781 1906 1868 1932 .uno
1885 1894 1999 1928 avulso
2015 1899 2078 1925 non
2091 1886 2310 1922 delicitalter.

775 2055 876 2110 DE
908 2047 1096 2109 VITA
1131 2047 1190 2104 S.
1219 2039 1552 2102 JOANNIS
1595 2018 2211 2090 CHRYSOSTOMI,‘

608 2166 678 2207 ΕΤ
710 2160 880 2204 PRIMO
909 2159 982 2200 DE
1012 2149 1396 2198 SCRIPTORIBUS
1425 2143 1574 2189 VITJE
1607 2132 1847 2180 EIUSDEM
1869 2127 2063 2170 SANCTI
2093 2119 2364 2167 DOCTOIIIS

1056 2253 1178 2300 QL'OS
1206 2240 1620 2289 PRAETERIIITTERE
1648 2232 1788 2273 \"ISUiI
1819 2229 1918 2266 I'LST.

1257 2357 1440 2374 ,μμ-.-

423 2451 489 2498 Qui
512 2450 648 2498 primus
669 2447 714 2483 ab
733 2443 888 2482 llem'ieo
912 2439 1048 2478 Savilio
1070 2436 1188 2474 editus
1217 2432 1281 2468 fuit
1302 2429 1391 2465 Vita:
1413 2424 1453 2462 S.

373 2517 430 2554 Jo.
457 2491 706 2560 Chrysostomi
737 2507 906 2554 scriptor,
925 2510 982 2541 est
1010 2499 1189 2547 Georgius
1225 2491 1457 2532 Alexandri-.0

377 2555 670 2622 archiepiscopus
684 2601 693 2616 ,
715 2581 822 2619 quem
855 2567 1002 2616 quidam
1035 2569 1162 2610 putant
1179 2557 1329 2598 Joannis
1349 2555 1458 2592 Elec-

379 2637 575 2685 mosynarii
607 2641 854 2672 successorem
877 2629 1004 2666 fuisse.
1025 2626 1094 2664 IIic
1123 2621 1251 2660 humili
1284 2626 1320 2656 et
1347 2617 1461 2654 inele-

380 2699 476 2746 ganti
495 2697 590 2746 style
605 2697 793 2733 innumera
809 2692 921 2730 refert
936 2688 1112 2729 fabulosa,
1131 2685 1174 2721 iis
1189 2679 1364 2727 exceptis,
1381 2686 1462 2724 qum

383 2771 427 2796 ex
445 2741 606 2796 Palladio
626 2763 662 2794 et
679 2755 828 2792 Socrate
849 2757 1032 2788 mutuatus
1049 2754 1116 2786 est.
1138 2745 1268 2782 Narrat
1285 2741 1462 2778 Joannem

385 2823 568 2870 juvenem.
595 2820 668 2868 jam
702 2817 819 2854 literis
845 2813 1050 2856 eruditum,
1081 2809 1244 2846 Athenas
1263 2803 1464 2852 profectum

387 2887 492 2924 esse;
514 2881 634 2926 ibique
665 2889 748 2916 cum
781 2883 865 2924 post
895 2873 1077 2912 modicum
1106 2867 1282 2914 temporis
1311 2861 1467 2908 spatimn

390 2943 631 2980 Atheuienses
651 2950 776 2976 omnes
797 2937 1072 2982 disciplinarum
1095 2931 1221 2967 notitia
1244 2933 1280 2964 ct
1303 2920 1469 2961 facundia

393 3007 598 3050 superaret.
618 3001 752 3036 multos
769 2999 805 3034 in
826 2997 880 3032 sui
895 2981 1172 3031 admirationem
1189 2986 1366 3032 rapuisse,
1382 2981 1472 3018 alio-

395 3077 476 3103 rum
496 3074 583 3101 vcro
601 3060 770 3098 invidiam
791 3055 1052 3095 concitavisse,
1078 3052 1309 3094 maximeque
1330 3043 1471 3080 Anthe-

397 3127 458 3163 mii
479 3125 664 3172 cujusdam
685 3121 751 3158 viri
767 3119 862 3156 docti
877 3123 914 3154 ct
929 3113 1090 3162 superbi,
1103 3119 1258 3158 quocum
1277 3107 1388 3144 etiam
1407 3105 1475 3140 dis-

399 3165 550 3234 putavii.
593 3185 678 3220 lizec
706 3179 901 3228 disputatio
929 3175 1092 3224 pluribus
1123 3174 1360 3208 memoratur.
1389 3165 1478 3202 Post

401 3244 606 3293 bujusntodi
626 3225 781 3279 fabulam
797 3240 932 3276 fusiore
944 3235 1039 3284 style
1054 3235 1290 3270 recensentur
1304 3225 1479 3264 miracula

404 3310 497 3346 bene
527 3306 638 3344 multa
671 3315 692 3340 a
725 3303 866 3340 Joanne
896 3305 1022 3336 nostro
1057 3300 1196 3343 patrata
1217 3301 1326 3329 :cum
1360 3296 1480 3326 tamen

405 3370 686 3417 Chrysostomus
697 3375 768 3402 non
783 3361 896 3400 semel
910 3361 1020 3402 dicat,
1029 3355 1200 3395 miracula
1214 3353 1309 3390 nulla
1319 3361 1384 3388 suo
1394 3356 1484 3387 tctu—

407 3441 494 3480 pore
513 3428 591 3467 ﬁeri
604 3457 614 3474 ,
634 3436 702 3464 nec
719 3435 800 3463 esse
817 3421 1036 3460 necessaria.
1058 3419 1250 3456 lnnumera
1277 3412 1414 3462 profert
1433 3411 1485 3448 si—

410 3473 534 3537 inilia,
562 3500 630 3528 nec
656 3487 804 3536 majoris
833 3484 955 3534 pretii.
987 3482 1214 3532 Quapropter
1232 3477 1314 3524 jure
1331 3473 1488 3512 Savilius

416 3559 522 3597 talem
539 3555 584 3593 de
602 3535 760 3600 Georgio
779 3550 848 3587 fert
865 3545 1084 3585 sententiam
1102 3555 1112 3580 :
1133 3540 1300 3578 Omnibus
1317 3543 1406 3574 certe
1419 3535 1489 3572 suis

416 3619 604 3666 aequalibus
619 3645 627 3661 ,
647 3596 748 3654 etiam
770 3611 914 3661 posteris
941 3608 1006 3658 (ut
1023 3607 1066 3644 de
1080 3603 1316 3643 vetustioribus
1334 3596 1488 3644 tuream)

415 3661 573 3729 infantia:
591 3680 627 3716 in
641 3675 786 3714 dicendo
808 3671 960 3721 palmam
981 3666 1200 3717 praeripuisse
1218 3664 1338 3700 merito
1353 3661 1492 3710 judice-

418 3724 485 3780 tu'r.
503 3743 560 3780 Ex
573 3740 678 3788 hujus
694 3743 808 3774 tamen
828 3728 966 3782 [arcibus
986 3731 1172 3766 hauserunt
1193 3725 1264 3763 Leo
1285 3724 1492 3771 Imperator,

419 3812 538 3842 auctor
573 3805 744 3845 incertus,
773 3803 805 3835 ct
838 3795 980 3834 Simeon
1009 3790 1282 3836 Metaplirastes,
1314 3797 1399 3834 quos
1428 3795 1496 3820 tum

422 3869 554 3904 damus.

474 3929 559 3965 Post
585 3929 680 3964 hanc
700 3926 817 3964 Vitam
839 3933 860 3960 a
881 3919 1037 3968 Georgio
1057 3914 1307 3955 Alexandrino
1327 3911 1498 3958 scriptam

436 3991 530 4038 apud
558 3991 731 4027 Sas'ilium
762 3987 924 4036 sequitur
953 3981 1085 4022 Leonis
1119 3976 1350 4028 Imperatoris
1384 3975 1500 4012 Enco-

1441 2335 1548 2376 £31"th

1565 2347 1777 2356 —-———-_

1529 2417 1642 2452 miunt
1675 2414 1714 2452 S.
1741 2413 1798 2451 Jo.
1829 2408 2097 2458 Chrysostomi.
2126 2407 2200 2443 Leo
2223 2411 2353 2448 nempe
2375 2399 2434 2436 ille
2455 2403 2509 2436 est
2525 2425 2534 2440 ,
2555 2392 2630 2442 qui

1530 2478 1683 2525 Sapiens
1713 2481 1750 2512 et
1778 2457 2022 2519 Philosophus
2042 2469 2184 2509 dictus.
2206 2463 2390 2502 Orientale
2421 2457 2615 2506 Imperium

1534 2517 1650 2576 tenuit
1665 2537 1711 2574 ab
1726 2546 1823 2573 anno
1839 2534 1913 2570 886
1929 2517 1973 2568 ad
1991 2540 2126 2567 annttm
2144 2526 2230 2564 910.
2254 2524 2316 2560 Ille
2335 2530 2454 2558 tamen
2471 2517 2620 2564 sapiens

1535 2601 1736 2646 Imperator
1769 2607 1813 2632 ex
1848 2591 2079 2630 foetidiSsimo
2111 2588 2174 2624 illo
2203 2583 2350 2630 Georgii
2380 2581 2480 2616 fonte
2497 2577 2620 2614 omnia

1536 2667 1736 2700 mutuatur,
1759 2665 1826 2692 nec
1847 2651 1974 2698 majori
1997 2659 2105 2697 qttam
2127 2647 2189 2684 ille
2209 2645 2280 2681 fide
2300 2643 2430 2689 dignus
2451 2647 2521 2676 est.

1585 2721 1744 2757 Leonem
1767 2715 2028 2762 Imperatorem
2050 2707 2186 2755 excipit
2211 2705 2308 2753 apud
2335 2703 2508 2741 Savilium
2528 2709 2620 2736 ano-

1539 2791 1672 2830 nyntus
1690 2779 1847 2824 seriptor
1866 2775 1956 2812 Vitae
1975 2773 2013 2810 S.
2030 2772 2138 2810 Joan.
2156 2765 2423 2816 Chrysostomi,
2437 2765 2497 2812 qui
2518 2762 2622 2800 initio

1541 2842 1680 2892 profert
1708 2839 1854 2876 nomina
1876 2847 2002 2875 eorum
2025 2835 2085 2882 qui
2105 2833 2152 2870 de
2173 2832 2244 2869 vita
2265 2826 2520 2878 Chrysostomi
2541 2824 2625 2862 scri-

1545 2889 1708 2954 pserunt,
1727 2903 1796 2938 hoc
1815 2901 1920 2937 titulo
1941 2911 1950 2936 :
1974 2899 2123 2944 Quinam
2143 2897 2187 2932 de
2205 2895 2276 2932 vita
2295 2890 2529 2940 Cltrysostomi
2543 2889 2631 2926 scri-

1545 2973 1698 3016 pserunt.
1719 2964 1854 3001 Horum
1875 2962 2021 2999 nomina
2043 2960 2121 2996 bzec
2139 2962 2249 2994 sunt:
2267 2955 2437 2992 Socrates
2454 2949 2628 2988 ecclesia-

1547 3029 1660 3066 sticus
1677 3023 2006 3072 historiographus,
2019 3019 2204 3058 Palladius
2218 3013 2484 3061 Ilelenopolcos
2496 3011 2629 3058 episc.,

1549 3089 1698 3128 Proclus
1715 3071 2153 3131 Constantinopolitanus.
2167 3078 2324 3128 Cyrillus
2339 3071 2606 3112 Alexandrinus
2623 3100 2631 3114 ,

1549 3152 1596 3190 de
1614 3151 1720 3198 cujus
1739 3149 1878 3186 visione
1899 3145 1992 3183 infra
2011 3144 2144 3192 agitur,
2171 3138 2400 3188 Sophronius
2427 3133 2632 3184 patriarcha

1550 3195 1902 3260 Jerosolymitanus,
1931 3207 2092 3244 Joannes
2131 3205 2406 3244 Damasccnus,
2441 3195 2647 3245 Martyrius.

1553 3259 1803 3314 Antiochenus
1833 3268 2037 3318 patriarcha
2051 3294 2062 3308 ,
2085 3266 2237 3304 Gosmas
2260 3259 2513 3310 Chrysostomi
2543 3263 2637 3294 tem-

1555 3349 1645 3387 pore
1662 3337 1837 3374 diaconus
1853 3335 2072 3370 ἀποστολικῶν
2084 3326 2364 3376 ,ττιιεοὰοι-υιιις
2387 3322 2472 3372 Cyri
2496 3321 2609 3368 cpisc.
2625 3344 2636 3361 ,

1557 3385 1660 3437 Nilus
1678 3398 1828 3444 Magnus
1843 3423 1852 3438 ,
1870 3394 2031 3432 Isidorus
2053 3389 2235 3428 Pelusiota
2250 3416 2260 3432 ,
2281 3386 2462 3433 Evagrius
2481 3385 2610 3421 Asceta
2625 3406 2635 3421 ,

1558 3462 1711 3500 Gosmas
1725 3458 1902 3500 Vestitor,
1926 3455 2002 3492 Leo
2023 3454 2238 3500 Imperator,
2259 3449 2406 3486 Nicetas
2422 3447 2636 3494 σκευορωριε,

1559 3525 1704 3562 Nicetas
1720 3520 1906 3568 Paphlago
1921 3547 1930 3563 ,
1950 3516 2164 3556 Eustathius
2187 3513 2298 3551 Primi
2313 3541 2322 3556 ,
2346 3510 2500 3548 Basilius
2517 3509 2534 3541 ὁ
2552 3515 2636 3549 ne»

1562 3593 1729 3636 τόθρονος,
1761 3582 2023 3622 Constantinus
2058 3576 2397 3626 Porphyrogcnitus
2426 3569 2636 3616 Impcralor-

1643 3651 1696 3686 Itis
1716 3646 1888 3690 omnibus,
1910 3643 2028 3692 pergit
2044 3643 2120 3685 ille.
2135 3625 2383 3690 opportuniora
2398 3640 2428 3672 et
2448 3625 2641 3679 pulchriora

1567 3715 1779 3761 colligentes,
1801 3720 1948 3758 quarunt
1968 3705 2128 3757 quwdam
2149 3705 2226 3741 aliis
2243 3715 2286 3740 ex
2300 3702 2421 3738 horum
2439 3691 2644 3736 scriptorum

1569 3787 1712 3813 munero
1727 3780 1822 3814 nota.
1839 3771 1918 3809 aliis
1933 3772 2050 3820 ignota
2066 3775 2178 3814 erant,
2195 3768 2286 3804 hunc
2305 3763 2426 3800 librum
2445 3756 2480 3791 in
2499 3751 2646 3800 gratiam

1571 3841 1706 3888 piarunt
1736 3837 1913 3874 hominum
1939 3835 2184 3870 adornarimtts
2215 3829 2260 3865 ad
2284 3823 2426 3874 gloriam
2448 3816 2533 3858 Dei.
2554 3818 2585 3848 ει
2602 3810 2647 3845 αι’

1572 3901 1772 3939 memoriam
1793 3899 1904 3936 sancti
1921 3898 1998 3934 viri.

1626 3965 1691 4002 lIic
1719 3973 1804 4000 vero
1841 3962 2055 4006 Anonymus
2087 3954 2225 3994 exteris
2258 3946 2452 3996 elegantior
2480 3945 2558 3982 est;
2589 3933 2649 3970 Sed
