2758 4350
374 289 470 320 XXVII

371 367 489 412 Atque
503 361 548 400 de
568 361 633 396 hoc
651 347 837 400 sexennio,
857 353 998 399 utdixi,
1019 354 1114 391 inter
1129 360 1298 390 auctores
1312 361 1446 388 convc-

371 429 437 464 nit.
460 425 544 462 Inde
576 421 620 459 ad
641 420 766 458 urbem
792 429 974 461 reversus,
996 417 1172 455 diaconus
1198 427 1218 454 a
1240 418 1279 454 S.
1310 415 1453 452 Μοιριῑο

371 487 482 536 (quod
500 488 591 523 inter
607 491 734 520 omnes
747 480 905 528 constat)
922 480 997 528 jam
1014 480 1279 533 proﬁciscente,
1297 485 1334 516 ut
1350 483 1451 526 puto,

368 547 714 594 Constantinopolim
727 545 770 582 ad
784 544 979 582 secundam
993 544 1170 593 synodum
1183 542 1452 588 celebrandam,

368 621 466 648 anno
497 609 639 647 Domini
669 608 737 646 381
761 608 922 651 ineunte,
945 606 1148 650 ordinatus,
1165 605 1454 654 quinquennium

370 672 586 710 venerandis
606 671 825 708 ministravit
845 670 1031 707 altaribus.
1053 669 1142 706 Nam
1165 669 1261 717 quod
1281 674 1362 716 post
1382 668 1457 704 Mc-

367 737 441 773 letii
465 742 634 779 mortem,
655 745 734 782 qua:
752 734 830 780 ipio
844 738 1008 780 tempore
1026 733 1195 770 sccundie
1215 731 1342 780 synodi
1359 729 1456 767 acci-

370 794 437 835 dit,
459 793 629 830 Socrates
649 792 701 828 ait
723 804 731 828 :
754 791 930 828 Becedcns
958 791 1113 828 Joannes
1133 804 1153 826 (ι
1173 790 1370 827 Meletionis
1402 789 1460 838 (ea:

373 855 466 898 urbe,
489 855 603 902 inquit
614 853 804 902 Georgius)
815 860 882 890 tres
897 855 1046 901 integros
1058 864 1166 889 annos
1181 853 1364 901 tranquille
1375 853 1460 898 egit;

375 925 603 955 tommoratur
617 918 652 953 in
666 917 873 954 monasterio
893 917 926 952 in
949 928 1016 966 quo
1047 917 1196 965 primunt
1217 923 1290 953 erat
1303 945 1312 959 ,
1345 916 1462 963 inquit

374 980 571 1027 Georgius;
594 979 786 1017 triennium
802 979 886 1024 hoc,
909 985 949 1016 ut
967 981 1177 1027 importune
1195 985 1321 1016 contra
1343 979 1460 1016 ratio-

375 1054 459 1081 nem
480 1051 697 1091 temporum,
713 1050 754 1080 ut
772 1044 807 1080 in
828 1044 1066 1091 sequentibus
1084 1043 1364 1087 monstrabitur,
1383 1043 1463 1079 Pal-

377 1106 473 1143 ladio
490 1109 598 1144 etiam
620 1119 693 1145 non
714 1107 950 1154 suﬂ'ragante.
976 1108 1220 1154 intcrjectnm,
1243 1119 1287 1145 ex
1310 1117 1464 1144 numero

376 1181 553 1208 annorum
576 1170 826 1220 Chrysoslomi
850 1171 1080 1209 eximendum
1114 1181 1262 1208 censeo.
1285 1171 1371 1208 Post
1388 1171 1466 1206 dia-

377 1242 546 1273 conatum
569 1246 668 1283 ergo,
701 1235 890 1282 presbyter
908 1234 1054 1278 deinde,
1079 1234 1176 1282 quod
1213 1235 1307 1271 inter
1338 1244 1466 1270 omnes

377 1298 562 1340 convenit,
576 1303 657 1344 post
676 1307 791 1333 annos
812 1296 970 1344 quinque
990 1307 1010 1333 a
1028 1297 1201 1333 Flaviano
1217 1297 1321 1343 (noo,
1335 1302 1373 1331 ut
1391 1296 1467 1332 vult

379 1359 560 1403 Socrates,
586 1359 750 1406 Evagrio,
784 1358 925 1396 Paulini
946 1360 1189 1406 successore),
1216 1359 1314 1405 quod
1338 1364 1462 1404 postea

379 1424 628 1469 ostendemus,
657 1423 846 1460 ordinatus
865 1429 934 1460 est.
959 1423 1018 1461 Sic
1045 1423 1222 1459 habemus
1238 1433 1259 1458 a
1282 1421 1469 1458 nativitate

383 1490 534 1528 Joannis
552 1499 666 1538 usque
684 1489 728 1526 ad
747 1489 891 1526 deserta
920 1488 1037 1524 studia
1053 1487 1228 1534 juvenilia
1257 1495 1385 1528 annos,
1409 1495 1470 1521 sc-

381 1557 539 1592 cundum
561 1555 860 1604 Cbrysostomum
882 1564 1013 1600 ipsum,
1028 1551 1168 1599 viginti,
1182 1550 1254 1592 vel,
1268 1547 1470 1586 secundum

383 1618 489 1661 alios,
511 1617 712 1654 octodecim
739 1616 860 1663 :apud
892 1616 1073 1652 Mclctinm
1102 1625 1218 1652 annos
1235 1614 1350 1651 ferme
1374 1619 1470 1654 tres:

385 1679 469 1716 inde
487 1680 522 1715 in
543 1689 666 1714 eremo
683 1689 798 1714 annos
820 1679 934 1715 ferme
949 1689 1012 1715 sex
1036 1691 1045 1716 ε
1066 1679 1100 1716 in
1120 1679 1263 1716 diaconi
1283 1678 1395 1726 gradu
1410 1688 1475 1714 ano

387 1753 453 1780 nos
475 1744 646 1790 quinque,
669 1748 719 1787 et,
736 1748 906 1788 exempto
925 1743 985 1778 illo
995 1742 1156 1778 Socratis
1175 1749 1211 1778 et
1229 1743 1473 1777 recentiorum

389 1805 559 1847 triennio,
583 1805 618 1842 in
652 1804 852 1853 presbyteri
874 1805 988 1850 gradu
1009 1814 1124 1840 annos
1143 1803 1352 1840 duodecim.
1371 1803 1476 1848 Quod

389 1870 419 1906 si
440 1870 534 1917 pleni
564 1869 700 1907 fuerint
717 1869 755 1906 hi
775 1869 875 1912 anui,
899 1880 969 1905 non
995 1869 1073 1905 cavi
1101 1875 1163 1905 aut
1183 1867 1348 1904 labentes
1365 1867 1476 1915 (quod

395 1933 515 1979 potius
531 1942 626 1975 reor,
646 1931 681 1968 in
700 1933 804 1968 armis
826 1931 1026 1978 praesertim
1045 1937 1128 1968 ante
1148 1918 1393 1975 diaconatum,
1413 1940 1479 1977 pro

393 2003 494 2030 more
522 1993 684 2030 omnium
720 1993 796 2030 fere
825 2000 1012 2030 auctorum
1035 2004 1207 2030 numeros
1227 2003 1324 2040 smpe
1342 2003 1479 2040 augen-

398 2057 502 2101 tium,
521 2061 557 2092 ct
574 2056 656 2103 quia
677 2055 893 2092 vocabulum
914 2055 1026 2092 ferme
1047 2056 1101 2093 bis
1121 2065 1140 2091 a
1160 2055 1320 2094 Palladio
1343 2055 1478 2101 repeti-

397 2124 472 2154 tum
492 2117 578 2168 est),
601 2129 620 2154 ει
641 2119 828 2155 nativitate
851 2118 897 2154 ad
925 2118 1173 2165 episcopatum
1201 2118 1286 2154 anni
1305 2117 1480 2164 colligen-

401 2187 458 2216 tur
477 2180 538 2216 46.
559 2180 660 2225 Quod
682 2181 710 2216 si
730 2179 822 2216 duos
840 2190 954 2216 annos
974 2190 1054 2217 eum
1076 2180 1236 2217 Palladio
1250 2185 1287 2218 et
1303 2180 1482 2218 recentio-

402 2241 502 2278 ribus
515 2241 702 2278 demamus
720 2252 763 2277 ex
775 2241 1153 2289 studiisjuvcnilibus;
1169 2249 1206 2280 et
1221 2253 1356 2279 annum
1371 2253 1482 2280 unum

401 2311 466 2348 pro
483 2302 543 2338 illo
563 2302 618 2338 bis
633 2303 786 2348 repetito
805 2302 940 2346 ferme;
959 2303 1046 2340 anni
1066 2309 1204 2340 tantum
1218 2310 1325 2341 erunt
1336 2305 1394 2342 45.
1413 2304 1485 2341 Ite-

404 2365 500 2412 liqua
515 2365 686 2412 deinceps
705 2375 830 2412 prona,
852 2367 1072 2414 epocha'que
1086 2373 1209 2412 certe,
1222 2377 1294 2404 non
1306 2377 1482 2404 annorum

403 2432 556 2471 tantum,
573 2427 637 2464 sed
658 2433 694 2464 et
712 2428 889 2464 mensium
913 2429 1174 2476 propemodum
1193 2437 1228 2466 et
1249 2429 1405 2466 dierum.
1425 2430 1484 2467 ln-

404 2496 460 2526 ter
476 2500 601 2527 omnes
626 2491 807 2535 convenit,
839 2497 911 2528 tam
944 2498 1088 2529 veteres
1116 2503 1223 2540 quam
1245 2494 1483 2538 recentiores,

403 2551 579 2588 Joannem
602 2553 648 2590 ab
665 2552 820 2590 Arcadio
837 2554 999 2602 Angusto
1025 2554 1230 2599 Antiochia,
1254 2556 1314 2593 ubi
1334 2557 1485 2605 presby-

405 2619 461 2651 tcr
479 2614 556 2657 fuit,
584 2615 737 2652 accitum
768 2616 803 2652 in
835 2617 921 2653 sella
949 2617 1145 2666 episeopali
1170 2620 1487 2667 Constantinopoli

406 2679 578 2726 locatum,
593 2681 694 2718 Coss.
714 2681 874 2719 llonorio
887 2683 907 2719 4
919 2690 953 2719 ct
968 2683 1206 2732 Eutychiano,
1225 2684 1292 2720 hoc
1307 2691 1376 2727 est,
1391 2694 1488 2720 anno

405 2743 550 2789 Christi,
575 2751 612 2782 ut
632 2755 699 2782 nos
716 2756 963 2788 numeramus.
984 2746 1070 2791 508,
1102 2747 1290 2783 Februarii
1309 2747 1372 2790 26,
1401 2745 1489 2783 sedc

406 2806 565 2854 ttrbcque
587 2809 728 2856 pulsum
745 2809 804 2858 (de
820 2810 1018 2856 posteriore
1032 2811 1161 2848 exsilio
1179 2811 1328 2858 loquor;
1347 2821 1428 2847 nam
1445 2809 1490 2846 de

407 2870 526 2916 priore
550 2879 674 2919 postea
700 2873 914 2922 videbimus)
937 2874 1098 2912 Honorio
1126 2877 1162 2919 ti,
1194 2883 1231 2912 ct
1267 2875 1489 2912 Aristamato

408 2932 530 2977 Cess.,
550 2934 608 2980 qui
626 2945 741 2972 annus
759 2943 814 2973 est
841 2936 984 2974 Domini
1003 2939 1088 2982 tut,
1110 2938 1284 2974 vicesimo
1302 2937 1360 2973 die
1377 2934 1488 2977 Junii,

413 2995 506 3037 sive,
529 3002 568 3033 ut
585 2998 643 3033 alii
663 3000 871 3046 loquuntur,
895 3002 1054 3050 quinque
1075 3001 1207 3038 diebus
1229 3007 1310 3047 post
1327 2999 1491 3046 comple-

412 3063 483 3094 tam
504 3059 755 3099 Pcnlccostcn.
780 3063 822 3099 Et
841 3064 986 3111 quidem
1006 3063 1149 3101 decimo
1179 3063 1284 3099 tertio
1319 3069 1398 3109 post
1418 3061 1491 3102 die,

414 3119 481 3156 hoc
499 3127 566 3166 est,
587 3124 692 3160 tertio
711 3124 810 3170 Julii,
830 3126 912 3163 data
933 3134 987 3164 est
1004 3127 1154 3164 Joannis
1174 3126 1287 3162 nostri
1306 3125 1350 3161 ad
1370 3125 1497 3172 Olym-

416 3182 554 3229 piadcut
582 3186 733 3232 epistola
759 3199 875 3232 nona;
904 3196 942 3227 et
969 3189 1143 3237 postridie
1171 3189 1252 3236 ejus
1282 3188 1370 3232 dici,
1393 3197 1445 3224 sc.
1474 3187 1497 3223 4

416 3243 500 3280 Julii
525 3246 580 3282 vel
609 3247 755 3285 Panerni
782 3252 931 3297 mensis,
960 3253 1073 3289 altera
1097 3251 1143 3288 ad
1155 3245 1435 3288 '-C0ttstatitittrtt.
1458 3248 1496 3285 In

421 3307 489 3343 hoc
507 3308 634 3345 exsilio
654 3311 741 3347 vixit
761 3311 892 3350 Cucusi
913 3324 1047 3351 annnrn
1068 3325 1192 3357 unum,
1216 3312 1378 3351 Arabissi
1397 3311 1500 3348 hicn-

420 3369 533 3414 nium,
555 3371 703 3418 reliquis
720 3374 904 3411 mensibns
925 3376 959 3413 in
993 3378 1122 3416 itinere
1147 3377 1353 3424 Pityuntem
1372 3383 1500 3410 versus

421 3434 657 3478 consumptis,
673 3445 745 3482 quo
757 3441 873 3473 tamen
887 3449 956 3476 non
972 3442 1150 3487 pervenit,
1167 3445 1285 3476 morte
1297 3442 1501 3486 pravenlus

421 3494 607 3539 Cumanis,
629 3495 789 3534 Honorio
807 3499 827 3536 7
851 3508 886 3537 et
912 3501 1116 3539 Theodosio
1135 3503 1265 3540 iterum
1285 3501 1407 3544 Coss.,
1434 3499 1503 3536 hoc

426 3563 495 3603 (³³⁸,
516 3568 610 3594 anno
628 3557 760 3598 Christi
780 3562 848 3600 407
871 3576 879 3602 :
900 3565 996 3612 quod
1015 3567 1108 3604 inter
1128 3576 1256 3603 omnes
1273 3569 1429 3602 constat.
1452 3563 1504 3600 De

425 3630 554 3657 mense
580 3624 822 3660 comroversia
841 3632 898 3663 est
918 3639 926 3663 :
949 3627 1119 3665 Socrates
1145 3628 1205 3665 die
1227 3628 1272 3664 14
1289 3625 1505 3664 Novembris

426 3683 559 3721 obiisse
578 3685 704 3722 scribit
738 3698 747 3722 :
781 3687 972 3738 Georgius,
1001 3697 1039 3728 et
1065 3697 1145 3738 post
1170 3701 1253 3728 eum
1281 3689 1506 3727 recentiores

427 3756 565 3789 omnes.
579 3754 616 3785 et
632 3747 900 3798 Calcndarium,
923 3759 962 3790 ut
980 3754 1136 3798 videtur,
1159 3753 1362 3790 Romanum
1386 3752 1446 3789 die
1462 3752 1507 3788 14

429 3809 669 3857 Septembris,
703 3815 780 3861 ipso
799 3817 1028 3853 exaltationis
1054 3817 1094 3854 S.
1117 3817 1246 3853 Crucis
1263 3815 1336 3852 die.
1357 3815 1452 3861 Quin
1472 3822 1507 3851 et

433 3870 526 3913 apud
546 3873 730 3912 Socratem
751 3877 976 3924 Septembris
1002 3878 1192 3925 legendum
1212 3887 1292 3913 esse
1303 3883 1445 3913 constat
1464 3888 1506 3914 ex

437 3933 548 3967 \Net'i
585 3935 692 3972 latina
722 3939 1019 3987 interpretatione
1045 3940 1079 3977 in
1107 3936 1315 3977 Cassiodori
1351 3939 1507 3976 Historia

437 3993 613 4039 ινίμειιιια
637 3997 696 4033 lib.
722 4000 778 4045 ιιι,
798 4015 829 4036 ι’.
855 4004 912 4040 18.
936 4002 984 4039 ita
1012 4002 1058 4040 ab
1089 4002 1191 4040 initio
1218 4002 1448 4051 episcopatus
1465 4003 1509 4040 ad

1114 265 1300 304 llENlllCl
1329 270 1384 307 SA
1393 267 1498 306 \'ll.l|
1528 267 1834 308 DISSERTATIO

2497 282 2609 312 XXVIII

1529 360 1684 390 mortem
1708 362 1839 389 novem
1859 351 1944 389 anni
1963 356 2073 398 sunt,
2095 343 2326 389 menses-sex
2344 351 2400 389 vel
2423 358 2517 398 octo,
2537 352 2612 392 dies

1525 417 1710 461 sedecim;
1734 423 1771 454 et
1789 427 1808 452 a
1827 415 2018 454 nativitate
2038 415 2083 452 ad
2103 421 2261 453 mortem
2283 415 2482 453 secundum
2501 416 2612 466 majo-

1527 491 1604 518 rem
1622 480 1933 530 computationem
1952 489 2063 528 supra
2076 479 2268 517 collectam
2289 479 2375 516 anni
2387 480 2446 523 55,
2468 486 2502 517 et
2517 491 2611 518 men-

1527 554 1588 581 ses
1608 544 1769 592 aliquot;
1791 542 1993 582 secundum
2012 542 2192 580 minorem
2210 542 2517 590 computationem
2532 544 2611 580 anni

1529 608 1591 653 5‘2,
1607 616 1642 646 ct
1660 608 1799 656 aliquot
1814 612 1991 655 prtetcrca
2010 617 2170 644 menses.
2188 605 2364 650 Zonaras,
2383 604 2565 644 Cedrenus
2581 614 2614 644 et

1529 674 1591 710 alii
1613 674 1687 710 fere
1707 682 1852 717 omnes,
1871 681 1988 708 annos
2007 681 2092 708 eum
2111 669 2248 707 vixisse
2267 669 2432 707 scribunt
2445 680 2516 707 non
2542 670 2615 718 plu-

1531 745 1591 773 res
1622 735 1884 783 quinquaginta
1914 733 2058 771 duobus
2084 745 2093 769 :
2122 739 2250 770 auctor
2280 732 2441 769 incertus
2466 743 2544 780 pag.
2572 733 2615 771 51

1533 799 1629 837 Edit.
1653 799 1733 836 Lat.
1755 797 1873 835 Paris.
1898 797 2007 842 1588,
2030 795 2131 834 addit
2155 805 2302 834 menses
2327 800 2412 833 octo
2434 807 2442 832 :
2462 796 2517 833 cui
2539 807 2616 844 pro-

1534 861 1730 910 pemodum
1746 861 1940 898 assentior.
1958 860 2009 897 lta
2025 858 2227 897 secundum
2245 858 2422 906 majorem
2439 864 2616 906 computa-

1534 925 1670 962 tionem
1698 923 1820 962 incidit
1851 934 1966 960 annus
1987 922 2187 959 nativitatis
2217 921 2369 959 Joannis
2396 921 2431 958 in
2457 921 2614 958 consoli-

1535 994 1610 1024 tum
1625 986 1827 1024 Constantii
1855 987 1877 1022 5
1900 991 1936 1022 et
1955 984 2049 1022 Galli
2066 984 2236 1028 Czesaris,
2259 994 2357 1021 anno
2379 983 2518 1020 Dorrini
2534 983 2615 1026 35'};

1535 1049 1738 1088 secundum
1759 1049 1953 1092 minorem,
1968 1049 2003 1084 in
2021 1046 2253 1084 consulatum
2267 1045 2475 1084 Arbetinnis
2494 1051 2528 1082 ct
2543 1045 2618 1082 ιυι-

1537 1113 1637 1158 liani,
1660 1124 1755 1150 anno
1882 1123 2022 1155 mense,
2037 1118 2072 1147 nt
2090 1111 2251 1156 videtur,
2269 1110 2456 1155 Januario,
2470 1109 2522 1146 \‘el
2535 1109 2618 1146 Mar-

1539 1178 1604 1214 tio.
1638 1176 1735 1214 Jatn‘
1759 1175 1931 1222 reliquias
1966 1173 2220 1222 Chrysostomi
2253 1173 2357 1221 jussu
2399 1172 2619 1220 Imperatoris

1540 1239 1737 1277 Theodosii
1761 1239 1932 1287 junioris,
1957 1243 1995 1274 et
2015 1248 2124 1274 suasu
2147 1237 2280 1281 Procli,
2308 1243 2382 1273 tum
2411 1232 2617 1283 episcopiC.

1541 1304 1598 1348 P.,
1621 1303 1793 1341 Cumanis
1812 1303 1846 1339 in
1870 1302 1995 1338 urbem
2021 1301 2154 1348 regiam
2174 1300 2385 1345 depm‘tatas
2402 1305 2438 1336 et
2458 1299 2492 1335 in
2510 1297 2621 1334 basili-

1541 1377 1620 1403 cam
1643 1366 1706 1404 SS.
1729 1365 1989 1413 Apostolorum
2011 1364 2127 1400 illatas
2155 1374 2198 1400 cx
2227 1362 2414 1400 Theodor.
2437 1361 2498 1398 lib.
2529 1360 2564 1402 5.
2591 1369 2621 1395 c.

1543 1431 1605 1474 50,
1629 1437 1663 1466 et
1682 1429 1788 1466 Sorr.
1812 1429 1871 1464 lib.
1891 1429 1926 1474 7,
1943 1439 1975 1466 c.
1996 1428 2057 1469 45,
2074 1433 2232 1472 constat,
2255 1425 2464 1463 Theodosio
2489 1424 2528 1461 16
2543 1433 2623 1460 con-

1545 1493 1638 1535 sule,
1663 1493 1731 1529 hoc
1753 1499 1807 1529 est
1837 1503 1934 1528 anno
1954 1491 2090 1528 Christi
2117 1489 2202 1533 458,
2224 1489 2386 1526 Januarii
2407 1488 2453 1525 “27
2471 1486 2528 1524 die
2555 1497 2564 1522 :
2594 1484 2626 1521 id

1545 1563 1618 1602 est,
1653 1563 1731 1604 post
1759 1556 1925 1592 exsiliunt
1956 1555 2136 1602 posterius
2165 1554 2270 1590 annis
2295 1553 2357 1597 '55,
2386 1547 2625 1590 rnensibusS;

1546 1626 1626 1667 post
1649 1625 1803 1656 mortem
1825 1619 1930 1656 annis
1946 1618 2007 1663 '50,
2027 1617 2216 1654 mensibus
2231 1617 2254 1653 5
2273 1616 2329 1653 vel
2345 1616 2381 1652 5.
2398 1614 2545 1652 Cosmas
2561 1610 2628 1649 Vc-

1548 1683 1668 1726 stitor,
1702 1689 1778 1729 post
1805 1682 1947 1730 triginta
1976 1688 2008 1717 ct
2033 1688 2101 1717 (res
2119 1691 2243 1716 annos.
2265 1678 2434 1717 Socrates
2455 1677 2516 1713 lib.
2536 1675 2570 1719 7,
2598 1683 2629 1710 c.

1548 1747 1608 1788 43,
1644 1745 1792 1782 notabili
1823 1745 2077 1788 inconstantia,
2113 1743 2286 1790 trigesimo
2306 1743 2423 1789 quinto
2455 1750 2544 1776 anno
2562 1743 2633 1785 post

1550 1808 1724 1847 exsilium,
1745 1813 1781 1842 et
1803 1807 1958 1852 septimo
1976 1813 2058 1852 post
2076 1816 2196 1849 versu,
2219 1805 2392 1852 trigesimo
2413 1804 2529 1851 quinto
2548 1809 2634 1836 arma

1551 1877 1626 1918 post
1642 1870 1785 1915 obitum,
1802 1880 1884 1906 cum
1905 1869 2000 1906 inter
2016 1869 2095 1906 h'l'c
2114 1869 2188 1906 duo
2211 1869 2407 1906 triennium
2427 1867 2636 1904 intercesse-

1552 1935 1612 1979 rit,
1633 1941 1668 1972 et
1698 1934 1838 1981 aliquot
1856 1943 2014 1970 menses.
2038 1934 2159 1980 Atque
2180 1931 2258 1969 lirec
2286 1931 2363 1969 fere
2383 1936 2480 1973 sunt,
2504 1929 2540 1966 in
2560 1926 2636 1975 qui-

1553 1999 1620 2036 bus
1637 2003 1818 2045 ternpora,
1833 2003 1868 2034 et
1885 2003 2087 2044 temporum
2104 2006 2214 2044 prope
2231 2001 2413 2032 momenta
2427 2005 2470 2032 ex
2485 1989 2638 2029 historiis

1554 2067 1682 2098 notare
1702 2060 1800 2097 licet.
1820 2059 1972 2107 Reliqua
2001 2060 2070 2096 late
2101 2058 2158 2095 vel
2189 2058 2427 2105 argumentis,
2459 2055 2516 2092 vel
2535 2053 2638 2092 etiam

1553 2123 1773 2171 conjecturis
1791 2122 2010 2170 colligenda.
2039 2123 2092 2158 Ac
2123 2122 2301 2169 prirnnrn,
2331 2119 2527 2167 Eutropius
2554 2116 2640 2152 iram

1553 2185 1695 2234 fugiens
1710 2189 1825 2235 Angg.
1843 2187 1887 2223 ad
1903 2186 2094 2224 ecclesiam
2117 2185 2222 2233 fugit,
2248 2195 2288 2222 se
2308 2183 2458 2221 consule
2472 2187 2508 2219 et
2525 2180 2642 2217 Theo-

1555 2250 1660 2294 doro,
1691 2250 1760 2288 hoc
1787 2257 1858 2296 est,
1889 2260 1985 2287 anno
2016 2248 2153 2286 Christi
2185 2248 2270 2292 599,
2295 2247 2406 2284 homo
2425 2255 2496 2282 non
2527 2241 2642 2280 solum

1555 2312 1808 2359 Christianus,
1845 2313 1909 2351 sed
1948 2314 2058 2351 etiam
2091 2311 2338 2354 orthodoxus;
2375 2315 2414 2346 ut
2447 2307 2508 2355 qui
2536 2304 2646 2342 libros

1557 2378 1727 2416 [Eunomii
1749 2377 2019 2422 bmrcsiarchte,
2033 2377 2093 2424 qui
2106 2376 2231 2412 Arium
2250 2376 2366 2422 ipsum
2384 2372 2569 2418 impietate
2589 2377 2647 2404 sn-

1558 2441 1712 2489 pcravit,
1739 2441 1881 2488 publice
1911 2440 2020 2488 jussit
2041 2438 2211 2481 cremari,
2241 2436 2467 2481 cadavcrqne
2479 2432 2558 2480 ejus
2586 2439 2648 2466 ex-

1559 2510 1714 2541 tractum
1749 2504 1891 2552 projici.
1920 2503 2073 2550 Niceph.
2108 2501 2171 2537 lib.
2195 2501 2254 2544 15,
2275 2509 2308 2535 c.
2341 2499 2376 2542 1,
2407 2497 2647 2546 Asiaticorum

1559 2569 1813 2615 episcoporum
1831 2567 2014 2613 negotium
2028 2570 2187 2609 emptum
2204 2566 2259 2596 est
2275 2558 2422 2595 tractari
2436 2562 2489 2593 ἰπὶ
2504 2571 2650 2603 τρισκαι-

1560 2634 1694 2670 δεκάτης
1711 2634 1944 2672 rint-mutavisset;
1956 2655 1964 2667 ,
1980 2625 2050 2660 hoc
2068 2630 2137 2665 Cal,
2159 2621 2355 2658 indictione
2373 2619 2460 2665 (non
2478 2616 2650 2652 distrihtl‘

1561 2693 1674 2734 tione,
1693 2697 1731 2726 ut
1749 2690 1843 2726 male
1863 2689 2044 2732 interpres
2064 2684 2213 2722 Palladii
2234 2690 2274 2719 et
2303 2681 2396 2728 alii),
2424 2681 2528 2717 tertia
2549 2679 2651 2716 deci-

1562 2765 1644 2796 ma.
1675 2753 1699 2789 i.
1728 2763 1763 2789 c.
1792 2762 1886 2787 anno
1907 2748 2052 2786 Domini
2081 2748 2174 2791 100,
2203 2746 2420 2793 tluravitque
2449 2745 2650 2785 biennium,

1563 2822 1656 2853 teste
1674 2813 1850 2858 Palladio,
1873 2812 1942 2850 hoc
1961 2817 2030 2855 est,
2050 2820 2166 2857 usque
2185 2809 2229 2846 ad
2253 2809 2361 2846 tinem
2383 2808 2468 2845 anui
2488 2807 2574 2850 401,
2595 2808 2652 2842 vel

1563 2878 1672 2915 etiam
1699 2876 1838 2913 initium
1855 2874 1941 2911 102.
1963 2875 2012 2910 De
2030 2879 2196 2920 tempore
2218 2872 2348 2920 prioris
2369 2870 2488 2908 exsilii
2508 2880 2579 2906 non
2600 2874 2655 2906 cst

1564 2941 1656 2977 adeo
1676 2939 1838 2986 proclive
1861 2937 2012 2974 delinire
2029 2949 2040 2974 :
2060 2946 2173 2983 quare
2193 2935 2434 2982 argumentis,
2456 2940 2494 2971 ut
2509 2933 2597 2977 dixi,
2620 2938 2657 2968 et

1566 3001 1803 3048 mujecluris,
1831 2999 1928 3047 quod
1950 2999 2165 3046 poterimus,
2194 2997 2375 3035 elicienda
2394 2997 2541 3034 veritas.
2571 2996 2658 3033 Post

1570 3064 1615 3100 1°!
1651 3064 1759 3100 horas
1775 3073 1794 3099 a
1815 3063 1930 3109 prima
1953 3062 2166 3108 expulsione
2197 3062 2321 3108 (quam
2355 3060 2506 3097 meridie
2527 3059 2655 3096 factam

1569 3127 1678 3164 tradit
1707 3127 1877 3163 Socrates
1907 3132 1943 3162 et
1964 3125 2022 3162 alii
2040 3125 2086 3160 ad
2103 3136 2280 3170 vesperam
2305 3133 2506 3168 extremam,
2539 3123 2657 3171 Chry-

1569 3190 1721 3227 Sostomi
1744 3190 1856 3235 ipsius
1874 3188 2030 3235 epistola
2061 3186 2106 3222 ad
2128 3186 2407 3232 innocentium).
2425 3186 2529 3233 jussu
2544 3185 2658 3232 lmpe«

1571 3260 1732 3290 ratorum
1746 3257 1935 3288 revocatus
1950 3249 2110 3287 Joannes
2132 3249 2198 3297 (sic
2218 3248 2432 3296 Palladius),
2457 3256 2658 3296 paucosque

1573 3321 1652 3361 post
1671 3313 1764 3357 dies,
1781 3313 1915 3349 invitus
1936 3311 2022 3348 licet.
2036 3311 2260 3358 multumque
2276 3311 2451 3354 renitens,
2466 3312 2503 3347 in
2525 3311 2655 3348 throno

1574 3377 1729 3421 locatus,
1757 3375 1972 3413 concionem
2004 3374 2129 3411 habuit
2154 3374 2247 3422 apud
2269 3374 2442 3422 populum
2462 3385 2560 3420 eam,
2582 3383 2660 3421 qua:

1575 3445 1694 3476 exstat
1721 3440 1756 3475 in
1793 3438 1864 3475 {ine
1897 3437 2063 3486 Georgii,
2097 3438 2182 3474 Cum
2214 3437 2362 3475 Summ:
2391 3439 2434 3475 ob
2466 3438 2660 3477 Abraham:

1576 3502 1780 3550 Theophilo
1800 3501 1916 3539 adlntc
1936 3502 1980 3538 ad
2017 3501 2143 3538 urbem
2177 3510 2363 3546 manente,
2390 3512 2507 3549 neque
2525 3500 2662 3537 hiscere

1577 3571 1704 3602 contra
1731 3564 1900 3606 audente.
1933 3564 2078 3600 Sozom.
2109 3563 2173 3600 lib.
2196 3563 2232 3607 8,
2268 3574 2301 3600 c.
2340 3563 2416 3601 18:
2437 3572 2591 3610 eumque
2620 3560 2664 3595 ob

1576 3627 1752 3673 judicium
1783 3625 1984 3663 Heraclidae
2016 3626 2190 3673 episcopo
2222 3625 2407 3673 Ephesino
2434 3624 2574 3662 absenti
2605 3632 2664 3669 per

1582 3689 1774 3737 Theophili
1812 3689 2008 3726 factionem
2043 3690 2274 3733 intentatum,
2294 3690 2522 3727 velitationcs
2543 3687 2664 3724 tierent

1583 3753 1618 3789 in
1627 3753 1717 3789 urbe
1728 3752 1866 3789 crebrae
1877 3753 1971 3788 inter
1980 3752 2407 3800 Constantinopolitanos
2417 3758 2453 3789 et
2463 3749 2663 3798 Egyptiosi

1583 3816 1631 3851 ita
1645 3822 1682 3851 ut
1695 3815 1793 3851 multi
1804 3813 1973 3851 vulnerati
1986 3815 2069 3860 sint,
2083 3815 2243 3852 nonnulli
2257 3826 2334 3852 vero
2346 3814 2464 3858 occisi;
2475 3813 2664 3860 quaereret-

1584 3888 1655 3925 que
1667 3876 1910 3923 Theophilum
1920 3878 2048 3913 civitas
2064 3878 2097 3912 in
2112 3889 2212 3914 mare
2223 3876 2449 3926 prmeipitare
2459 3886 2469 3920 ;
2479 3873 2547 3911 sibi
2557 3876 2662 3908 ιιιιξιιι⁸

1585 3951 1651 3976 ens
1665 3938 1888 3986 Theophilus
1902 3939 1988 3987 fugit
2001 3939 2036 3976 in
2052 3939 2265 3989 Egyptian,
2277 3940 2348 3984 iam
2358 3939 2467 3975 hieme
2475 3935 2662 3982 incipiente.

1589 4002 1703 4049 inquit
1719 4001 1960 4048 Sozomenus,
1973 4009 2010 4040 et
2029 4002 2254 4050 Nicephorus
2269 4001 2334 4038 lib.
2354 4001 2411 4047 15,
2427 4010 2460 4037 c.
2484 3999 2542 4044 17,
2562 3996 2662 4032 adeo-
