2758 4350
207 296 312 324 XXXIII

205 362 389 400 Orationes
424 373 512 400 vero
531 370 654 400 contra
684 364 830 402 Judmos
859 373 996 402 certum
1027 372 1143 404 estex
1177 367 1264 414 ipsis

204 424 446 469 Clu-vsostomi
470 426 589 462 verbis
622 425 764 464 habitas
784 437 865 464 esse
897 438 993 464 anno
1011 427 1172 464 secundo
1206 427 1264 464 vel

205 486 306 522 tertio
325 485 556 527 diaconatus;
577 498 648 533 quo
665 489 772 526 etiam
791 499 886 525 anno
901 489 993 525 dicta
1010 495 1066 526 est
1087 489 1144 525 illa
1161 499 1263 536 egre-

201 547 254 593 gia
275 547 308 583 in
331 548 498 594 Bahylam
512 551 638 585 oratio.
655 553 769 597 Atque
785 551 855 596 hic,
873 553 1036 598 quamvis
1051 558 1149 588 extra
1169 563 1260 597 rem,

201 610 369 645 nomudla
399 621 442 646 ex
465 611 624 647 hi~toriis
643 619 798 649 attexam
827 614 872 650 de
899 615 1046 660 scriptis
1071 614 1148 660 ejus
1182 621 1262 661 post

201 670 436 708 diactmatum.
460 673 694 720 Nici'pltorus,
715 677 774 723 qtti
796 687 835 713 Sc
852 677 933 714 inde
953 678 998 713 ah
1017 678 1260 716 adolescentia

203 733 278 778 ejus
295 743 415 768 amore
435 734 456 770 ﬂ
471 746 612 782 xgraSse.
634 747 741 784 atque
767 739 802 774 in
834 739 949 783 illius,
971 740 1117 786 perinde
1137 751 1179 777 ac
1199 741 1260 777 Dei

201 792 330 840 ipsius,
347 796 490 831 vorihus
507 799 726 844 ﬂCIllllCVinSG
746 800 892 845 scribit,
915 812 934 837 a
949 801 1088 839 Joanne
1109 803 1258 849 presby-

201 864 275 892 tero
293 859 510 903 wnseriptas
528 861 634 897 lt'adtl
661 863 904 908 expositiones
932 865 965 899 in
987 864 1200 910 Evangelia,
1223 865 1256 901 in

198 915 369 960 Psalmos,
398 920 442 956 de
459 920 607 966 Statuis,
629 923 672 958 de
692 923 899 969 Virginitate
914 927 1140 972 (Auouymus
1159 926 1257 962 addit

196 977 460 1022 EXpositiouetn
490 981 522 1015 in
557 981 720 1029 Isaiam);
741 985 786 1018 ab
813 985 939 1021 eodem
973 988 1154 1033 episcopo,
1179 987 1253 1024 Ex-

195 1041 390 1087 positiones
409 1041 442 1077 in
457 1041 494 1077 Β.
512 1045 722 1089 Apostolum
741 1045 798 1093 (de
813 1059 878 1093 qua
893 1059 930 1084 re
942 1049 1080 1096 supra),
1099 1050 1132 1086 in
1149 1052 1250 1096 Acta,

191 1107 225 1137 et
243 1101 502 1150 Panegyricos:
523 1116 672 1152 quorum
706 1115 822 1145 tamen
857 1111 946 1146 heua
976 1122 1077 1157 pars,
1111 1119 1151 1148 ut
1177 1113 1251 1151 suis

191 1161 278 1198 locis
296 1165 530 1204 ostendimus.
551 1169 683 1214 scripta
709 1177 763 1206 est
781 1172 1000 1216 Antiochia);
1023 1181 1058 1210 et
1079 1185 1122 1212 ne
1144 1175 1250 1222 longe

187 1223 328 1263 abeam.
350 1225 409 1262 ille
428 1226 462 1262 in
483 1227 662 1266 Meletium
684 1239 764 1277 post
782 1243 896 1270 annos
915 1236 1072 1282 quinque
1091 1247 1110 1272 a
1134 1245 1250 1276 morte

188 1282 318 1320 Meletii
337 1285 477 1324 habitus
495 1295 569 1334 est,
591 1290 658 1328 hoc
677 1299 751 1334 est,
776 1294 891 1340 primo
907 1306 1001 1332 anno
1022 1297 1248 1346 presbytera-

186 1350 254 1380 tus.
274 1346 342 1383 Sed
364 1351 551 1387 redeamus
571 1352 614 1388 ad
630 1353 838 1392 Socratem:
857 1358 959 1404 cujus
981 1359 1064 1394 illud
1082 1360 1246 1398 ultimum

184 1415 252 1442 non
275 1407 405 1454 injuria
427 1407 670 1457 reprehendas
686 1443 694 1458 ,
715 1418 809 1462 quod
828 1419 1012 1465 expressis
1031 1421 1149 1457 verbis
1169 1423 1246 1459 sine

183 1468 248 1503 ulla
267 1470 488 1510 dubitatione
516 1475 719 1513 incendium
741 1480 863 1527 templi
880 1489 916 1517 et
938 1483 1048 1519 curia:
1068 1483 1246 1522 Joannitis

181 1527 248 1577 (sic
263 1532 357 1568 enim
373 1535 430 1578 qui
443 1535 591 1574 Joannis
607 1541 718 1575 nostri
739 1542 888 1587 partium
905 1552 1020 1585 erant,
1036 1545 1242 1594 audiebant)

181 1592 305 1628 tribuit
325 1606 333 1628 :
357 1605 438 1630 cum
472 1599 578 1634 initiis
607 1599 780 1638 bonormu
807 1603 1125 1651 adstriptionibus,
1157 1608 1245 1646 diris

179 1653 398 1691 cruciatibus
423 1662 460 1692 et
479 1660 771 1704 exqttisitissimis
799 1667 988 1702 termentis
1007 1667 1042 1702 in
1067 1669 1174 1712 viros,
1209 1670 1242 1706 in

179 1712 326 1751 feminas
342 1718 502 1754 saevitum
518 1728 639 1756 esset:
660 1723 752 1759 adeo
768 1732 805 1761 ut
819 1727 962 1772 quidam
984 1731 1242 1774 qucestionibus

177 1775 471 1824 immorerentur,
491 1782 638 1828 quidam
660 1786 765 1830 paulo
787 1794 868 1832 post
888 1793 1115 1836 exspirarent
1138 1805 1147 1829 :
1173 1805 1238 1832 nec

174 1847 242 1883 que
267 1846 384 1876 tamen
410 1841 518 1878 ullum
540 1844 618 1891 ejus
637 1845 810 1886 ibeiuoris
833 1858 1056 1898 compertum
1075 1853 1122 1891 sit
1141 1855 1237 1903 apud

173 1897 352 1938 Joauuitas
371 1904 576 1952 vestigium.

221 1973 233 1995 ι
249 1961 342 2008 Jam,
360 1965 388 2000 si
409 1967 539 2012 placet,
556 1969 599 2005 ad
614 1969 807 2019 Georgium
828 1975 1109 2016 Alexandrinum
1128 1989 1234 2018 acce-

171 2023 318 2062 damus:
341 2028 396 2064 eui
417 2029 578 2075 Photius,
598 2035 716 2080 magni
731 2035 854 2081 judieii
876 2037 942 2081 vir,
971 2045 1007 2075 et
1035 2041 1234 2080 acerrimus

174 2092 329 2122 veterum
349 2089 562 2134 set-iptorum
581 2103 724 2138 censor,
761 2096 833 2132 duo
869 2097 1032 2146 impingit
1065 2103 1230 2150 crimina,

172 2145 370 2186 llelleuismi
403 2161 472 2187 non
505 2153 706 2200 observati,
735 2163 772 2194 et
796 2159 1008 2206 ignorantia:
1037 2163 1232 2204 laetorum.

175 2208 222 2246 De
237 2211 344 2258 priori
364 2213 474 2250 multa
495 2217 700 2254 monuimus
713 2220 844 2264 passim
865 2221 900 2258 in
916 2222 1032 2268 Natis,
1054 2231 1090 2262 et
1105 2237 1162 2264 res
1176 2235 1233 2266 est

169 2272 278 2308 cuivis
313 2275 415 2310 obvia
437 2289 446 2312 :
465 2276 512 2314 de
546 2280 750 2324 posteriori,
783 2293 889 2329 quam
929 2285 1086 2325 hisroria:
1118 2289 1233 2328 Geor-

168 2332 276 2379 gianze
295 2342 430 2382 partem
448 2345 574 2377 notare
596 2342 762 2388 voluerit,
783 2355 863 2385 cum
883 2348 969 2384 nihil
1003 2350 1137 2388 diserte
1165 2365 1230 2390 ex-

168 2396 348 2442 primattlr,
366 2399 515 2437 dirticile
533 2409 586 2438 est
607 2409 777 2442 statuere.
797 2405 870 2444 Nos
888 2413 1007 2446 tamen
1028 2421 1074 2448 ne
1095 2413 1162 2448 hac
1194 2415 1230 2451 in

167 2463 264 2502 ptrte
289 2460 458 2498 studiosis
488 2461 682 2501 lectoribus
701 2465 857 2504 defuisse
879 2469 1076 2516 videamur,
1105 2475 1230 2520 conje-

167 2522 281 2554 cturas
295 2529 435 2559 nostras
447 2523 667 2562 adducemus
687 2527 720 2563 in
744 2529 916 2574 tncdium,
938 2533 1151 2579 rationibus,
1192 2543 1231 2574 ut

167 2585 264 2623 puto,
285 2592 353 2618 non
371 2587 582 2630 spernendis
600 2587 776 2626 firmatas.
794 2595 845 2628 Ac
867 2594 996 2638 primo,
1029 2597 1228 2643 scriptores

169 2648 284 2676 rerum
313 2643 554 2692 Chrysostomi
591 2653 624 2687 in
663 2652 752 2691 duas
788 2654 966 2694 distrilmo
1001 2658 1150 2698 classes.
1187 2661 1226 2698 in

171 2699 287 2743 priore
305 2710 438 2741 veteres
457 2718 562 2754 pono,
583 2711 775 2751 Palladium
792 2716 1075 2763 'l'heodoretum,
1094 2721 1226 2760 Socra-

170 2763 238 2795 tem
257 2766 292 2796 et
312 2761 561 2812 Sozomenmn,
577 2773 636 2818 qui
656 2780 717 2810 aut
733 2775 880 2815 Joannis
914 2791 1007 2825 a:vo,
1045 2790 1107 2818 aut
1141 2795 1222 2830 pro-

166 2819 263 2856 ximo
281 2829 361 2868 post
373 2825 604 2873 scripserunt,
621 2839 690 2870 etc
717 2835 869 2875 diversis
903 2841 1060 2880 fontibus
1097 2845 1224 2882 hause-

166 2889 260 2918 runt.
281 2883 403 2932 Neque
416 2889 511 2926 enim
532 2893 713 2938 probabile
747 2905 814 2941 est,
849 2911 972 2939 eorum
1005 2915 1221 2954 quemquam

1017 2941 1027 2952 ι
1119 2941 1138 2954 ‘l
1155 2941 1159 2942 ⁷
1186 2941 1220 2944 "-

166 2941 506 2988 alteriusbistoriam
525 2954 668 2994 vidisse.
705 2957 768 2996 llis
799 2971 973 3002 acccuseo
996 2967 1220 3015 antiquitatis

165 3007 272 3051 gratia
295 3017 449 3057 nostros,
470 3015 684 3064 Prosperum
703 3023 970 3073 Aquilanicum,
989 3037 1026 3066 et
1043 3031 1222 3070 Marcelli-

167 3075 246 3104 num
265 3068 438 3111 Comitem
457 3087 466 3111 :
489 3077 524 3113 in
544 3079 654 3117 altera
675 3083 776 3122 lance
798 3089 942 3127 unicum
978 3101 1073 3138 pono
1103 3093 1219 3132 Geor-

166 3127 269 3173 gium.
289 3131 376 3170 Nam
397 3146 505 3183 quum
523 3151 566 3178 ex
585 3142 696 3189 ipsius
713 3157 774 3184 ore
794 3148 988 3195 loquantur
1001 3157 1122 3192 carteri
1141 3167 1220 3194 om-

167 3197 238 3226 nes.
259 3192 328 3231 Leo
346 3196 554 3248 Imperator,
577 3205 800 3255 Anouymus,
818 3211 1090 3261 iiletapltrastes,
1108 3217 1220 3256 Zona-

172 3259 240 3295 ηις,
256 3253 394 3303 Glycas,
413 3261 650 3312 Niccpltotus,
669 3253 870 3318 Ccdrcuus,
894 3275 968 3320 alii,
989 3279 1132 3316 tnntuisi
1153 3291 1217 3328 pro

169 3321 236 3348 uno
251 3319 337 3356 teste
351 3329 556 3365 nutueraudi
572 3337 668 3368 sunt.
687 3333 723 3370 Ιιι
755 3337 886 3382 quibus
916 3339 1024 3385 igitur
1041 3341 1217 3390 Georgius

165 3383 184 3407 a
205 3379 375 3418 veteribus
393 3384 555 3434 discedit,
573 3399 633 3428 aut
649 3397 833 3433 veteribus
847 3410 938 3436 nova
950 3401 995 3437 de
1009 3412 1075 3439 suo
1086 3407 1214 3452 aSsuit,

167 3443 203 3452 Α..
225 3436 290 3452 I‘.--
396 3447 403 3452 -
493 3451 496 3452 ν

987 3436 990 3437 ,
1019 3436 1214 3452 ._,._s__....,

165 3443 204 3472 ea
224 3436 295 3475 fere
313 3447 424 3482 omnia
446 3451 498 3488 vel
519 3452 553 3489 iu
575 3454 673 3492 falsis
692 3459 868 3506 relinquo,
892 3463 946 3500 vel
966 3464 1000 3500 in
1021 3469 1214 3512 saspectis.

165 3529 177 3542 L
212 3510 226 3533 ι
257 3501 464 3549 Acprimmn
498 3513 563 3551 hac
583 3526 689 3566 scopa
725 3521 812 3557 mihi
849 3526 1032 3570 purganda
1068 3531 1215 3570 veniunt

163 3561 328 3600 miracula
346 3569 400 3605 illa
417 3577 657 3624 sanationum,
680 3582 856 3620 visionqu
873 3593 912 3622 et
925 3589 1060 3634 omnia,
1079 3591 1214 3640 tleqtti-

165 3621 225 3640 l...-
243 3637 280 3640 -a
323 3629 331 3640 ε
398 3639 401 3640 ν

165 3621 226 3660 bus
241 3629 331 3673 apud
350 3639 486 3674 veteres
504 3641 723 3681 obstinatum
741 3646 941 3693 silentium,
979 3662 1061 3689 eutn
1097 3654 1212 3694 Geor-

163 3685 236 3731 gius
253 3689 294 3727 iis
309 3703 628 3742 commemorandis
656 3717 725 3745 nec
742 3710 888 3748 modtun
905 3713 1014 3751 iaciat
1035 3727 1152 3764 neque
1172 3721 1213 3757 ii-

163 3753 238 3764 -υιι-
273 3750 314 3764 ην
344 3762 348 3764 Α
393 3757 400 3764 ·
445 3760 453 3764 -

1005 3750 1009 3751 ,
1035 3750 1152 3764 πη..-
1172 3750 1195 3757 ..

102 3803 110 3809 ἢ
161 3753 252 3786 nem.
273 3750 375 3794 Certe
391 3757 425 3795 in
444 3760 512 3800 hoc
527 3773 677 3810 peccant
696 3779 768 3806 non
783 3770 960 3819 Georgius
975 3781 1127 3824 tantum,
1147 3782 1210 3819 sed

881 3811 900 3819 ..
1147 3811 1209 3819 ---

163 3815 196 3846 et
215 3811 468 3868 aliiGeorgium
481 3826 594 3862 secuti
612 3839 622 3863 :
643 3830 799 3875 quicum
818 3835 949 3872 nudatn
965 3844 1002 3874 et
1015 3841 1209 3881 solitariam

161 3876 338 3946 feritatem
355 3892 424 3928 nou
456 3893 624 3931 putarent
649 3891 739 3928 satis
755 3903 838 3931 esse
869 3899 1110 3946 magnificam,
1149 3911 1210 3942 aut

159 3931 241 3970 illud
259 3937 470 3988 Thucydidis
487 3957 712 3992 vererentur.
745 3964 790 3990 ne
809 3931 1207 4004 non

362 4002 544 4049 Parnon.
572 4009 650 4051 GR.
684 4013 849 4056 XLVII.

811 287 871 324 DE
897 289 1230 328 SCRIPTORIBUS
1255 289 1420 329 BERUM
1439 293 1773 339 CllRYSOSTOMI.

2311 327 2416 357 xxv"

1339 375 1437 414 grata
1451 370 1658 418 viderentur,
1679 375 1894 418 immensam
1927 393 2188 432 congesserunt
2221 392 2417 432 miraculo-

1337 439 1417 465 rum
1441 431 1514 466 νίιιι
1531 444 1538 475 ;
1557 441 1592 469 ει
1611 445 1681 480 quo
1700 437 1878 484 ﬁngendis
1895 431 2080 485 miraculis
2094 449 2196 488 locus
2213 462 2309 492 esset
2323 455 2428 510 ιξιιρτ,

1337 490 1410 510 ..ει-ι..
1446 492 1556 510 Lm...“
1582 495 1706 510 re-.-»
1831 509 1835 510 ν

1336 490 1423 534 rior,
1445 492 1557 538 ipsam
1581 495 1740 534 historiw
1755 509 1997 542 contestatam
2017 512 2206 550 veritatem
2231 526 2298 553 nec
2331 490 2426 557 rarog

1335 563 1400 590 nec
1418 553 1546 593 leviter
1561 558 1810 598 immutarunt.
1828 565 1984 604 Proinde
2005 581 2086 616 qua:
2104 577 2198 620 apud
2217 578 2413 627 Georgium

1333 623 1417 652 sunt
1439 617 1484 654 de
1505 620 1714 667 Anthemio,
1753 625 1798 661 de
1817 626 1986 676 llcsychii
2018 634 2180 681 visione,
2219 640 2263 676 de
2302 643 2413 680 nobili

1332 677 1574 723 Antiocheno,
1594 683 1638 720 de
1657 684 1880 724 hcmicranio
1917 691 2117 739 laborante,
2150 697 2195 733 de
2228 703 2413 741 Archelao

1332 739 1476 786 lcproso
1495 770 1506 786 ,
1537 743 1740 784 Christiana
1772 750 1871 796 ﬂuxu
1895 756 2071 800 sanguinis
2103 757 2300 806 laborante,
2339 765 2411 800 Eu-

1331 802 1410 838 Clt'O
1427 806 1738 853 ιιιοηυιιιιιιιςιῐιιιυ,
1762 811 1867 848 leone
1882 823 2076 860 prostrato,
2095 819 2140 856 de
2151 821 2231 858 alba
2243 825 2410 863 columba

1329 866 1434 910 capiti
1454 867 1618 912 Joannis,
1641 883 1722 908 entn
1744 875 1932 921 presbyter
1947 879 2192 926 ordinaretur,
2212 884 2406 933 insidente,

1328 925 1371 962 de
1387 928 1520 964 Euciizc
1543 931 1630 976 tilio,
1654 933 1698 970 de
1719 945 1830 972 uxore
1850 939 2012 984 profecti
2034 943 2248 989 Antiochia),
2271 947 2316 984 de
2333 948 2406 985 dte-

1327 991 1492 1027 maniaco
1515 993 1668 1031 liberato
1689 997 1748 1034 die
1767 1003 2053 1040 consecrationis
2069 1033 2078 1048 ,
2108 1006 2153 1042 de
2189 1010 2318 1055 angelo
2350 1009 2404 1048 di-

1324 1053 1450 1087 stricto
1468 1055 1586 1100 gladio
1605 1059 1822 1103 prohibente
1837 1066 2071 1102 centuriones
2083 1074 2118 1104 et
2134 1053 2266 1106 milites
2281 1071 2404 1108 Eudo-

1323 1113 1392 1148 xie
1413 1115 1458 1150 ab
1475 1117 1636 1164 ingressu
1656 1123 1774 1166 palatii
1797 1125 2014 1173 episcopalis
2032 1156 2041 1172 ,
2063 1129 2110 1166 de
2127 1141 2170 1167 eo
2191 1133 2246 1169 ctti
2275 1145 2404 1172 manus

1323 1174 1501 1213 miraculo
1528 1183 1733 1218 ctarct'aeta
1755 1192 1790 1220 et
1805 1192 1929 1224 sanata
1958 1197 2026 1234 est,
2064 1191 2110 1228 de
2130 1195 2328 1242 paralytieo
2364 1197 2400 1234 in

1322 1237 1494 1274 Armenia
1516 1243 1658 1278 sanitati
1679 1247 1860 1292 restituto,
1884 1249 1930 1286 de
1951 1252 2118 1298 Adelphii
2140 1255 2291 1298 visione,
2313 1259 2400 1297 etsi

1320 1308 1400 1344 qua:
1415 1299 1484 1334 alia
1501 1301 1662 1347 ejusdem
1678 1309 1846 1352 generis;
1867 1320 1946 1346 cmn
1972 1321 2134 1352 veterum
2157 1319 2301 1356 illoruut
2323 1332 2396 1358 uno

1320 1359 1430 1394 verho
1446 1363 1623 1407 onnnum,
1647 1372 1684 1402 et
1702 1377 1746 1403 ex
1763 1371 2040 1416 recentioribus,
2063 1375 2288 1424 Damasceui,
2325 1381 2397 1418 Ζο-

1318 1431 1428 1466 name,
1447 1422 1661 1472 Nicephori,
1681 1428 1850 1476 Cedrcni,
1889 1437 2102 1474 auctoritate
2140 1439 2394 1488 destituantur,

1317 1487 1353 1522 iu
1388 1489 1526 1526 incertis
1551 1491 1731 1538 relinquo.
1764 1493 1808 1530 Et
1838 1496 1982 1542 quidem
2002 1500 2173 1548 pleraque
2193 1513 2331 1550 eorum,
2365 1508 2396 1545 si

1317 1549 1398 1595 quis
1429 1553 1576 1599 propius
1610 1555 1857 1602 introspiciat,
1883 1561 1974 1596 mola
1995 1562 2214 1602 uttmlatione
2239 1569 2394 1614 quadam

1315 1609 1360 1645 ad
1375 1611 1645 1652 similitudinem
1669 1618 1924 1657 miraculorum
1951 1623 1986 1658 in
2008 1623 2046 1661 S.
2066 1625 2255 1672 Scriptura
2279 1631 2393 1668 conii-

1315 1680 1370 1708 αα
1398 1674 1600 1712 videantur.
1623 1677 1751 1714 Totum
1768 1679 1852 1717 illud
1885 1682 2010 1720 drama
2033 1689 2216 1726 Anthemii
2235 1693 2392 1739 philoso-

1312 1733 1386 1778 phi,
1405 1735 1658 1776 Demosthenis
1677 1741 1854 1788 prmfecti,
1867 1752 1905 1781 et
1919 1745 2071 1786 Joannis
2089 1750 2207 1789 doctis
2223 1733 2394 1801 iudican-

1312 1793 1396 1830 dum
1416 1798 1597 1843 permitto,
1619 1811 1740 1839 annon
1761 1804 1806 1840 ad
1825 1809 2030 1854 exetnplum
2068 1811 2168 1850 illius
2204 1814 2238 1851 in
2273 1819 2388 1855 sacris

1308 1855 1424 1893 literis
1444 1859 1490 1896 de
1512 1860 1654 1909 Elyma,
1673 1863 1799 1910 Sergio
1827 1867 1938 1904 Paulo
1972 1877 2009 1908 et
2039 1872 2080 1908 Β.
2116 1876 2306 1923 Apostolo,
2343 1880 2390 1919 ab

1307 1919 1426 1954 otioso
1445 1922 1599 1958 cerebro
1621 1934 1832 1971 expressum
1856 1930 2037 1970 videatur.
2063 1934 2159 1972 Idem
2181 1938 2227 1974 de
2248 1939 2388 1978 Arche-

1306 1978 1364 2016 lao
1383 1980 1426 2016 ad
1445 1982 1638 2030 imaginem
1659 1985 1818 2025 Naatoan
1835 1990 1929 2038 Syri,
1962 1994 2008 2031 de
2027 1997 2254 2038 Autiocheno
2273 2002 2387 2040 hemi-

1305 2043 1429 2080 crauio
1445 2045 1648 2094 laborante,
1677 2056 1714 2086 et
1731 2051 1932 2089 Christiana
1953 2057 2053 2102 ﬂuxu
2078 2063 2256 2106 sanguinis
2287 2064 2382 2102 ιιιὺοο

1303 2113 1400 2143 rante
1413 2107 1457 2144 ad
1473 2110 1661 2148 mulierem
1681 2113 1780 2160 ﬂuxu
1797 2107 1977 2164 «(pignoris
1994 2118 2204 2159 laborantem
2221 2126 2254 2160 in
2275 2137 2386 2165 evan-

1303 2168 1418 2214 gelio,
1458 2169 1505 2208 de
1541 2172 1764 2212 dzentouiaco
1801 2177 1846 2214 ad
1887 2178 2151 2220 dminoniaeum
2193 2186 2384 2228 liberatum

1303 2228 1412 2267 Marci
1429 2241 1549 2276 nouo;
1569 2241 1606 2270 et
1621 2236 1716 2282 quod
1737 2238 1816 2275 sine
1833 2239 2082 2288 indignatione
2102 2256 2174 2282 non
2207 2249 2302 2296 lego,
2337 2252 2384 2290 de

1302 2290 1468 2329 columba
1501 2295 1680 2334 insidente
1701 2300 1808 2345 capiti
1828 2300 1977 2339 Jommis
1995 2304 2030 2340 in
2049 2290 2298 2356 ordinatione,
2336 2314 2382 2352 ad

1303 2352 1496 2400 imaginem
1517 2359 1689 2406 unigettiti
1711 2362 1790 2399 Filii
1821 2364 1882 2401 Dei
1906 2366 1940 2403 itt
1975 2369 2169 2416 Itaplisuro.
2206 2375 2294 2412 Nam
2332 2378 2382 2416 illi

1302 2412 1416 2451 l-‘rocli
1438 2418 1578 2460 visioni,
1600 2432 1680 2467 quat
1703 2423 1744 2458 D.
1768 2424 1917 2462 Paulum
1939 2428 2067 2466 Joanni
2097 2434 2170 2478 jam
2207 2439 2381 2486 episeopo

1301 2477 1564 2520 expositionem
1585 2482 1618 2518 in
1639 2485 1809 2530 epistolas
1829 2488 1942 2532 ipsius
1959 2493 2147 2531 meditanti
2185 2509 2247 2543 per
2282 2502 2382 2540 fora-

1301 2547 1384 2574 tnen
1406 2540 1492 2576 vidit
1521 2543 1556 2578 in
1575 2554 1698 2581 aurem
1717 2547 1910 2586 dictantctn
1931 2562 2012 2598 qua:
2045 2557 2234 2602 scriberet,
2272 2562 2380 2603 [idem

1302 2598 1450 2648 derogat
1470 2615 1480 2640 :
1499 2605 1594 2650 quod
1617 2607 1787 2655 pleraque
1804 2611 1882 2658 ejus
1901 2620 1937 2650 et
1953 2615 2146 2654 lectissima
2170 2621 2204 2656 iu
2223 2623 2382 2668 Aposto-

1299 2661 1372 2698 lum
1392 2664 1426 2698 itt
1442 2666 1515 2702 otio
1537 2667 1598 2704 illo
1614 2669 1838 2708 Antioehcuo
1859 2675 1990 2722 scripta
2012 2676 2121 2716 fuisse
2135 2690 2290 2728 constet,
2311 2685 2378 2723 dc-

1302 2725 1432 2762 tcriora
1459 2735 1492 2764 et
1512 2729 1631 2774 iit/imo
1666 2732 1739 2768 loco
1759 2733 1914 2770 habendo
1949 2737 2276 2789 Constantinopoli,
2316 2747 2377 2786 vix

1297 2785 1569 2834 Chry-ostomo,
1594 2792 1724 2828 nedum
1743 2794 1865 2832 divino
1885 2797 1924 2834 S.
1947 2799 2048 2836 Pauli
2085 2785 2222 2848 Spit-tiu
2257 2785 2378 2854 digna.

1295 2845 1334 2883 ln
1383 2851 1618 2890 translatione
1657 2856 1889 2902 reliquiarum
1921 2859 2073 2899 Joannis
2117 2865 2378 2916 ltuperatortm

1295 2909 1539 2950 Theodosium
1572 2916 1699 2952 oculos
1729 2928 1771 2954 ac
1805 2919 1959 2958 frontem
1994 2925 2228 2972 reliquiarum
2277 2941 2378 2970 urnas

1293 2973 1509 3020 aifrieuisse,
1522 2977 1634 3015 iidem
1654 2979 1738 3018 facit
1751 2981 2018 3032 Tlteodnretus,
2037 2990 2137 3026 testis
2149 2992 2218 3037 ﬁde
2235 2993 2377 3041 dignus;

1293 3037 1356 3074 sed
1375 3037 1420 3075 de
1435 3039 1572 3076 homine
1589 3045 1757 3090 serpentis
1771 3046 1872 3082 dente
1885 3049 1966 3085 lteso
1983 3058 2020 3087 et
2042 3053 2210 3100 podalgo,
2225 3058 2375 3094 eodem-

1293 3106 1360 3144 que
1373 3100 1548 3150 ehiralgo,
1568 3103 1603 3140 iu
1633 3108 1823 3150 przesentia
1841 3112 2002 3146 omnium
2026 3113 2073 3148 ibi
2095 3117 2244 3160 sanatis,
2267 3127 2374 3156 assu-

1291 3167 1453 3198 mentum
1469 3171 1524 3201 cst
1542 3164 1700 3214 GeOrgii,
1721 3178 1766 3205 ne
1784 3169 1924 3208 Cosntm
1943 3175 2090 3221 quidem
2107 3175 2292 3225 Vestitori,
2308 3181 2373 3218 Ιιοο

1289 3221 1377 3260 mini
1392 3227 1552 3264 omnium
1572 3230 1720 3266 maxime
1751 3235 1986 3279 superstitioso
2009 3248 2264 3280 tnemoratmn.
2297 3245 2368 3284 Sed

1288 3285 1333 3321 ad
1365 3287 1482 3332 priora
1499 3298 1674 3328 revertor.
1691 3292 1868 3332 Joannem
1885 3298 2039 3344 primum
2060 3311 2080 3339 a
2101 3302 2369 3354 Meletiohapti-

1289 3353 1406 3384 zatum
1429 3351 1550 3395 tradit,
1571 3360 1609 3388 et
1625 3353 1758 3392 deinde
1778 3367 1944 3403 parentes
1962 3361 2087 3408 ipsius,
2107 3376 2188 3402 cum
2208 3367 2371 3404 Joannes

1293 3409 1382 3456 ipse.
1394 3419 1481 3448 utex
1497 3413 1818 3463 l’alladioconstat,
1831 3432 1900 3457 non
1911 3430 2136 3462 auteantnun
2147 3430 2262 3464 artatis
2273 3430 2369 3466 vice:

1285 3473 1418 3510 simum
1439 3475 1639 3522 baptizatus
1658 3479 1781 3526 fuerit,
1800 3492 1904 3528 preat
1924 3496 2002 3522 mos
2021 3487 2157 3524 fert-hat
2173 3490 2266 3525 illius
2281 3499 2365 3526 teta-

1286 3533 1346 3578 tis,
1369 3538 1566 3590 przescitim
1587 3540 1621 3576 ξ’)
1638 3541 1706 3578 illis
1725 3545 1784 3590 qui
1804 3555 1874 3581 non
1894 3553 2016 3582 esseut
2044 3549 2258 3585 Christianis
2289 3549 2362 3586 nati

1287 3583 1514 3645 parentibus:
1524 3609 1666 3640 tuortuo
1677 3612 1760 3642 ante
1776 3608 1922 3644 totidem
1936 3621 2050 3646 annos
2066 3618 2166 3657 patre
2180 3610 2363 3654 Secundo,

1284 3657 1379 3695 sicut
1398 3670 1504 3706 supra
1525 3670 1708 3702 ostensum
1725 3673 1794 3704 est.
1825 3668 1937 3706 Matre
1962 3672 2106 3718 quidem
2126 3671 2236 3706 fuisse
2253 3668 2360 3706 Chri-

1283 3719 1413 3764 stiana,
1425 3723 1551 3760 saltem
1567 3725 1644 3772 ipso
1662 3738 1794 3765 annum
1813 3737 1942 3776 agente
1956 3731 2180 3769 vicesimum,
2195 3737 2238 3764 ex
2251 3728 2361 3771 ipsius

1283 3780 1531 3828 Chrysostomi
1554 3789 1672 3826 verbis
1696 3797 1846 3836 apparet
1873 3792 1908 3827 in
1936 3790 2107 3827 Oratione
2139 3789 2184 3824 ad
2206 3788 2356 3828 Viduam

1278 3842 1474 3890 juniorem.
1496 3849 1546 3886 De
1564 3856 1666 3896 patre
1687 3853 1776 3888 nihil
1795 3860 1930 3890 temere
1952 3850 2231 3895 affirmaverim;
2251 3860 2311 3890 aut
2327 3853 2358 3890 si

1282 3906 1391 3943 ambo
1406 3907 1539 3946 fuerint
1553 3911 1747 3949 Christiani
1761 3913 1806 3948 ab
1821 3913 1937 3952 initio,
1957 3911 2053 3956 quod
2067 3911 2221 3950 fortasse
2235 3915 2356 3952 verius

1283 3978 1353 4015 est,
1374 3971 1486 4008 tilium
1499 3984 1612 4020 usque
1624 3975 1666 4010 ad
1682 3984 1760 4009 eam
1773 3978 1916 4008 aetatem
1925 3971 2146 4019 baptismum
2155 3973 2354 4013 distulisse.

1532 4038 1553 4056 ο
2074 4033 2102 4074 2
