2758 4350
241 357 336 386 XXXV

243 439 316 466 non
339 425 408 465 erit
426 423 458 462 ei
480 423 625 461 mirum,
645 415 706 464 qui
720 408 957 453 Nazianzeni,
985 413 1138 452 utroque
1173 406 1322 450 parente

245 488 450 530 Christiano
465 483 554 527 nati,
571 463 673 530 patre
689 477 798 515 etiam
819 472 1004 520 episcopo,
1019 467 1140 505 Vitam
1159 463 1324 512 periege-

245 529 306 593 rit.
326 550 496 590 Proximo
514 529 594 584 loco
612 537 940 590 peregrinationem
959 531 1058 570 illam
1077 529 1231 567 Atticam
1247 531 1326 563 stu-

245 617 386 655 diorum
403 621 490 660 ergo
509 584 625 656 pono:
640 584 754 650 Hujus
769 592 1071 648 peregrinationis
1083 588 1220 628 mentio
1232 584 1328 634 apud

245 685 402 720 veteres,
421 647 637 712 Palladium,
649 647 854 706 Sovcratem,
868 657 980 700 nulla,
997 664 1042 692 ne
1057 653 1167 690 ullum
1183 647 1327 698 quidem

247 739 454 786 vestigium,
477 733 540 781 qui
560 737 680 768 tamen
699 725 844 763 curiose
858 720 946 758 satis
965 716 1084 756 studia
1111 713 1190 760 ejus
1221 710 1328 758 juve-

248 804 335 842 nilia
351 799 468 839 literis
491 793 724 833 mandarunt.

303 877 315 898 ι
347 858 518 900 Secundo
533 855 670 894 nullum
685 849 830 898 reperio
844 853 984 893 tempus
995 850 1146 879 vacuum
1167 838 1202 875 in
1220 845 1328 873 atmo-

251 937 332 965 rum
359 917 608 970 Chrysostomi
626 895 912 960 computatione,
930 905 1025 954 quod
1056 902 1140 940 huic
1170 895 1332 947 peregri-

254 984 392 1024 nationi
411 958 544 1031 possim
563 958 762 1016 destinare.
782 969 906 1008 Tertio
925 972 1077 1005 matrem
1097 958 1336 1008 indulgentis-

257 1021 505 1094 simam-qum
525 1041 596 1092 pati
617 1050 689 1078 non
709 1035 839 1085 potuit,
861 1039 900 1069 ut
926 1031 962 1068 in
980 1029 1118 1066 vicinos
1132 1021 1336 1062 Antiochia:

257 1118 401 1150 montes
431 1091 633 1146 secederet,
667 1100 750 1138 dico
784 1095 933 1134 minime
966 1096 1249 1140 perpessuram,
1288 1091 1330 1122 ut

259 1173 437 1215 Athenas,
460 1172 560 1206 tanto
585 1144 748 1201 locorum
772 1157 890 1206 spatio
905 1161 1001 1192 terra
1020 1149 1183 1196 marique
1201 1144 1335 1191 disjun—

260 1243 352 1277 ctas,
366 1233 553 1280 migraret,
575 1222 777 1274 praesertim
794 1228 877 1256 cum
891 1217 1000 1254 vitam
1022 1209 1256 1250 monasticam
1276 1215 1320 1242 au

263 1268 563 1346 spicatiserimen
578 1268 773 1334 apostasia:
793 1290 865 1318 non
885 1277 994 1315 fuerit
1010 1275 1080 1311 illis
1101 1268 1338 1318 temporibus,

781 1343 788 1346 .
929 1338 951 1346 ..
1091 1345 1100 1346 κ
1118 1333 1128 1346 ,
1147 1333 1222 1346 μη
1245 1330 1338 1346 nn“

264 1330 409 1396 deserto
419 1349 660 1391 monasterio,
678 1347 714 1383 in
736 1343 860 1381 urbem
877 1338 1012 1383 redire,
1033 1333 1130 1384 quod
1144 1333 1224 1379 ipse
1245 1330 1342 1367 ultro

263 1421 349 1458 fecit
364 1391 660 1463 Chrysostomus,
683 1403 865 1444 ulterioris
881 1401 980 1438 illius
997 1394 1204 1435 solitudinis
1221 1392 1268 1429 ob
1286 1391 1341 1427 in-

263 1453 504 1518 valetutliuiem
521 1478 710 1522 pertzcsus.
743 1467 860 1513 Atque
870 1469 920 1500 -'ut
935 1461 1052 1498 dicam
1075 1455 1174 1505 quod
1207 1453 1341 1496 sentio,

263 1551 382 1583 totum
397 1542 468 1578 hoc
483 1515 533 1576 ad.
547 1534 752 1582 exemplum
769 1528 894 1568 Basilii
910 1525 1028 1574 Magni
1052 1529 1091 1560 et
1107 1518 1254 1566 Georgii
1275 1515 1345 1554 Na-

268 1604 429 1645 zianzeni
465 1577 665 1638 conlictum-
693 1593 878 1635 arbitror;
909 1597 1000 1636 quos
1034 1583 1161 1622 ambos
1196 1577 1348 1618 Athenis

269 1665 454 1704 studuisse
473 1666 597 1697 uotum
619 1662 764 1699 esu-ne
784 1653 921 1690 scilicet
931 1649 1100 1686 Joannes
1118 1649 1241 1681 noster
1261 1639 1348 1678 reii-

273 1729 355 1777 quis
375 1723 546 1764 Ecclesia:
576 1715 770 1757 Orientalis
806 1711 945 1760 magnis
975 1708 1172 1746 luminibus
1201 1702 1351 1741 inferior

274 1763 474 1827 videretur.
493 1781 688 1828 Georgius,
705 1787 784 1824 cap.
803 1775 863 1819 16,
882 1772 1059 1810 Joannem
1081 1779 1102 1805 e
1129 1763 1352 1803 monasterio

276 1859 357 1901 post
375 1847 592 1888 triennalem
614 1843 715 1880 illam
731 1837 977 1878 secessionem
993 1843 1012 1868 a
1026 1830 1203 1868 Flaviano
1224 1835 1353 1874 magna

279 1888 410 1964 pompa
454 1917 654 1957 arreptum,
689 1901 942 1952 presbyterum
974 1894 1178 1933 ordinatum
1204 1888 1353 1927 scribit.

281 1954 405 2018 J’riuio
425 1975 485 2012 illa
509 1954 694 2010 triennalis
714 1964 873 2004 secessio
891 1961 1026 1999 nullum
1045 1958 1080 1995 in
1096 1958 1169 1994 vita
1193 1954 1357 2002 Chryso-

281 2042 389 2080 stonti
404 2040 523 2077 locum
547 2035 669 2077 habet,
689 2037 763 2068 tum
784 2027 830 2065 ob
845 2037 902 2071 ea,
921 2034 1001 2073 quae
1017 2031 1124 2069 supra
1139 2016 1358 2057 monstravi-

284 2113 379 2146 mus,
402 2107 475 2138 tum
493 2095 588 2146 quod
608 2095 651 2132 iis
667 2091 755 2141 ipsis
773 2089 878 2126 anuis
895 2090 1038 2124 constet
1055 2072 1357 2130 Chrysostomum

285 2167 321 2204 iu
345 2161 499 2202 ecclesia
513 2157 698 2196 orationes
718 2150 888 2190 habuisse
903 2159 978 2193 eas,
999 2155 1080 2194 qua:
1097 2147 1242 2181 exstant
1271 2149 1361 2177 con-

286 2236 338 2263 tra
355 2201 518 2263 Judaeos,
537 2225 574 2256 et
591 2218 627 2255 in
645 2214 816 2263 Babylam
834 2216 1042 2258 martyrem,
1066 2212 1105 2243 ut
1116 2214 1224 2252 supra
1239 2201 1364 2239 videre

290 2290 386 2325 licet.
422 2282 572 2325 Deinde,
606 2282 761 2327 quantos
792 2275 960 2322 plauSus,
996 2274 1151 2318 quantos
1184 2265 1365 2302 clamores

287 2351 402 2386 cieret
420 2357 462 2384 os
475 2343 562 2382 illud
582 2326 744 2385 aureum,
759 2339 790 2376 si
806 2348 849 2376 ex
870 2332 1094 2374 monasterio
1111 2334 1212 2368 tanto
1231 2326 1365 2374 petitus

289 2412 437 2454 ambitu,
460 2412 558 2446 tanto
577 2405 682 2442 datus
695 2402 802 2446 foret,
835 2407 872 2438 et
890 2409 961 2436 non
983 2408 1027 2434 ex
1043 2393 1165 2433 medio
1190 2391 1366 2428 diacono-

291 2484 369 2510 rum
387 2480 495 2520 grege
511 2468 556 2506 ad
569 2467 637 2505 hoc
649 2463 887 2503 ministerium
904 2458 1098 2508 sumptus?
1119 2453 1223 2502 Quod
1239 2461 1367 2490 verum

292 2542 531 2572 essemecum
547 2528 730 2571 fatebitur,
761 2524 924 2574 quisquis
952 2531 1036 2560 cum
1067 2517 1207 2567 judicio
1245 2513 1373 2562 legerit

294 2597 493 2633 arationem
525 2592 642 2635 illam,
665 2589 762 2625 Num
777 2573 869 2623 rem
896 2590 996 2628 sunt,
1018 2588 1044 2618 t.
1059 2581 1097 2626 1,
1118 2589 1154 2626 p.
1171 2577 1256 2616 693.
1293 2573 1372 2611 Jam

297 2657 394 2706 quod
415 2655 540 2694 scribit
556 2652 733 2700 Georgius
749 2659 830 2696 cap.
850 2647 911 2691 '52,
930 2656 1002 2683 non
1023 2655 1088 2681 sex
1107 2641 1240 2684 solum,
1261 2635 1376 2675 sedet

297 2723 390 2757 alios
411 2729 475 2757 sex
494 2699 678 2765 depositas
691 2724 708 2749 a
721 2712 862 2750 Joanne
878 2711 913 2747 in
935 2708 1020 2745 Asia
1038 2706 1244 2754 episcopos,
1258 2699 1376 2738 Palla-

301 2783 380 2820 dius
394 2787 518 2829 aperte
531 2759 654 2825 negat,
673 2783 708 2813 et
727 2786 746 2812 a
767 2781 919 2810 numero
938 2769 983 2807 16
997 2768 1060 2805 vel
1081 2767 1140 2811 17,
1178 2762 1276 2812 quod
1309 2759 1376 2795 atl-

300 2845 450 2883 versarii
466 2841 616 2880 Joannis
645 2839 870 2885 olijecerunt,
893 2833 1040 2881 propius
1069 2829 1186 2866 abest.
1221 2821 1377 2862 Historia

301 2907 518 2952 Gallitropes
561 2903 624 2949 (c.
644 2884 722 2947 '54,)
762 2898 893 2934 multas
924 2894 1034 2930 liabet
1067 2884 1376 2927 circumstantias,

302 2977 454 3015 quarum
475 2963 565 3001 nihil
579 2963 698 2999 simile
713 2957 862 2996 memini
877 2955 1010 2992 vidisse
1029 2952 1065 2988 in
1101 2955 1226 2985 vetere
1261 2943 1380 2982 eccle-

304 3029 449 3066 siastica
467 3024 636 3065 historia,
656 3030 774 3068 neque
795 3019 886 3061 scio,
907 3026 952 3052 an
971 3020 1100 3050 omnes
1135 3006 1280 3046 defendi
1299 3014 1383 3052 pos-

305 3091 391 3129 sint.
415 3090 516 3127 llanc
529 3067 724 3124 historiam,
739 3077 930 3118 confundit
945 3075 1132 3112 Cedrenus
1150 3080 1232 3107 cum
1259 3068 1318 3104 ilia
1339 3067 1384 3102 de

432 3146 657 3201 Thengnosti
669 3145 726 3194 (c.
744 3144 786 3180 il
804 3143 832 3189 ),
849 3149 931 3188 qua:
945 3137 1034 3174 adeo
1051 3132 1182 3170 similis
1199 3135 1256 3167 est
1273 3129 1322 3201 illi
1339 3127 1385 3165 de

309 3213 453 3252 Nabmh
471 3219 506 3248 et
523 3188 682 3250 Jbzabel,
699 3211 738 3242 ut
757 3188 869 3240 altera
889 3210 934 3236 ex
950 3198 1064 3234 altera
1077 3201 1248 3239 expressa
1265 3188 1388 3225 videa-

310 3283 384 3313 tur.
407 3272 594 3316 Recipitur
619 3273 740 3302 tamen
775 3263 854 3298 haec
881 3257 1033 3296 historia
1067 3254 1114 3290 de
1142 3252 1248 3288 vidua
1268 3249 1388 3286 Theo-

313 3334 433 3384 gnosti
450 3343 470 3368 a
489 3331 730 3367 Damasceno,
759 3323 810 3359 uti
825 3327 862 3358 et
889 3320 936 3356 ab
967 3317 1134 3355 omnibus
1155 3315 1230 3352 fere
1257 3322 1388 3349 recen-

316 3376 472 3432 ilioribus
491 3389 714 3436 biographis.
743 3386 834 3422 Nam
861 3381 956 3430 apud
981 3387 1124 3418 veteres
1155 3379 1252 3415 nulla
1284 3376 1392 3424 hujus

318 3454 480 3493 historia:
494 3451 630 3488 mentio
650 3453 732 3493 est;
752 3455 820 3484 nec
841 3443 1054 3489 rescriptum
1075 3446 1144 3485 est,
1157 3438 1250 3486 quod
1263 3437 1390 3480 sciam,

302 3532 303 3536 π
321 3517 436 3554 ullum
456 3515 491 3550 in
511 3518 587 3549 toto
604 3510 687 3558 jure
705 3509 872 3544 Romano
891 3504 976 3548 tale,
1011 3502 1118 3550 quale
1153 3501 1198 3537 ab
1229 3497 1395 3536 Eudoin

325 3588 360 3617 tn
376 3577 446 3614 hoc
464 3574 608 3622 negotio
623 3573 769 3610 citatur.
786 3567 841 3606 Ad
857 3567 936 3604 haec
953 3566 1048 3602 inter
1065 3561 1271 3601 testimonia
1289 3560 1394 3608 igno-

321 3640 452 3677 rantiae
465 3635 612 3684 Georgii
631 3641 742 3682 pono,
761 3629 857 3679 quod
873 3629 1051 3666 Joannem
1067 3625 1114 3663 ab
1129 3623 1256 3666 exsilio
1273 3623 1397 3669 priore

323 3706 531 3741 revocatum
547 3682 649 3746 jussu
664 3693 808 3733 Arcadii
827 3690 966 3735 scribit,
987 3698 1068 3726 cum
1095 3685 1217 3734 populi
1232 3682 1400 3722 clamori-

341 3768 410 3811 ius,
429 3771 504 3802 tum
526 3760 676 3800 Honorii
695 3756 816 3795 fratris
834 3754 973 3797 literis;
994 3762 1076 3790 cum
1098 3751 1191 3787 intra
1209 3747 1400 3786 duodecim

365 3837 438 3865 »γῆς
463 3826 508 3862 ab
541 3821 754 3871 expulsione
785 3818 889 3866 jussu
921 3814 1182 3862 imperatorum
1211 3815 1402 3848 revocatus

388 3888 464 3931 ‘rit;
485 3895 601 3932 neque
617 3882 811 3932 quidquam
843 3877 1003 3926 potuerit
1033 3875 1168 3912 interea
1204 3871 1401 3916 Honorius,

413 3947 598 3984 Ravenna:
618 3945 692 3982 fere
703 3949 764 3980 aut
779 3937 973 3979 Mediolani
989 3936 1130 3984 agebat,
1149 3934 1194 3972 de
1231 3933 1310 3981 ejus
1337 3942 1403 3970 ex-

435 4019 501 4050 ane
518 4009 726 4048 resciscere.
754 4006 843 4045 Nam
859 4002 957 4054 quod
976 4000 1167 4051 epistolam
1187 3997 1404 4047 Chrysos-to-

987 322 1173 366 llENliiCl
1199 320 1365 363 SAV’lLll
1385 317 1688 358 DiSSEl‘iTATiO

2367 315 2473 342 λκκνι

1399 400 1460 442 mi,
1475 398 1589 436 Etiam
1609 403 1790 444 antequam
1807 391 1952 429 redditis
1969 394 2062 435 sunt,
2075 387 2246 435 scriptam
2261 394 2342 424 esse
2357 385 2476 431 prodit

1398 467 1479 510 post
1498 462 1600 508 prius
1633 457 1828 500 exsilium;
1864 463 1969 492 error
1988 450 2134 502 quidem
2155 447 2475 486 manifestissimus

1399 508 1469 568 est,
1501 521 1565 559 sed
1586 530 1676 558 cum
1711 517 1875 556 Paliadio
1907 513 2128 554 communis.
2169 509 2261 548 illud
2295 508 2480 557 peculiare

1399 597 1520 630 suum,
1537 589 1574 622 et
1587 592 1751 620 crassum
1766 579 1876 623 satis,
1897 577 1997 626 quod
2017 586 2100 614 cum
2117 584 2199 622 cap.
2219 572 2263 610 6i
2290 572 2481 620 episcopos

1400 659 1444 686 ex
1481 644 1739 684 communione
1767 641 1921 680 Joannis
1955 649 2020 688 per
2052 635 2328 676 Theotechnum
2359 633 2482 670 literas

1401 719 1574 748 exarasse
1592 707 1718 746 scribit
1743 705 1790 743 ad
1818 703 2072 742 innocentium
2101 708 2246 748 papam,
2267 696 2398 745 quibus
2434 695 2484 732 si-

1403 771 1640 820 gniﬁcabatur
1656 769 1836 808 Joannem
1861 766 2045 804 Cucusum
2065 763 2294 810 relegatum:
2315 759 2413 796 idem
2429 763 2484 795 ta-

1405 847 1486 873 men
1503 845 1582 882 cap.
1602 833 1664 878 64,
1686 831 1791 880 quasi
1808 830 1865 868 sui
1885 829 2034 873 oblitus,
2074 823 2331 864 Innocentium
2366 821 2436 858 hoc
2460 831 2484 858 Ι

1406 896 1684 939 mercatoribus,
1702 901 1742 932 ut
1762 899 1864 942 puto,
1883 892 2010 930 aliisve
2029 887 2146 938 quiob
2165 886 2324 936 quadam
2350 883 2488 932 negotia

1406 961 1500 998 forte
1530 959 1683 996 Romam
1703 960 1894 1000 venerant,
1931 952 2094 1001 primum
2120 949 2315 988 rescivisse
2347 951 2486 984 narrat.

1409 1022 1576 1060 Nondum
1595 1021 1700 1066 enim,
1723 1019 1854 1066 inquit,
1877 1017 1920 1054 de
1935 1016 2031 1053 illius
2047 1012 2195 1052 secundo
2211 1009 2332 1048 exsilio
2347 1008 2488 1045 audive-

1407 1097 1496 1123 ram.
1519 1083 1623 1130 Quod
1642 1093 1723 1129 cap.
1743 1081 1792 1119 58
1808 1079 1928 1128 Epidii
1943 1078 2127 1116 servulum
2142 1085 2226 1113 cum
2247 1074 2321 1112 sica
2335 1071 2490 1110 submis-

1410 1157 1490 1184 sum
1511 1145 1556 1182 ad
1575 1142 1868 1182 interficiendum
1885 1140 2186 1185 Chrysostomum
2203 1135 2336 1173 Cucusi
2354 1137 2490 1175 narrat;

1412 1209 1447 1246 id
1466 1208 1599 1246 factum
1621 1206 1701 1244 sine
1719 1205 1820 1243 omni
1838 1203 1948 1241 dubio
1963 1197 2280 1244 Constantinopoli
2299 1201 2370 1234 est.
2390 1193 2494 1240 Quod

1413 1269 1632 1318 Adelphium
1651 1263 2186 1310 Arabissivocetrepiscopum,
2207 1268 2290 1296 cum
2323 1267 2370 1294 eo
2403 1263 2494 1293 tem~

1414 1317 1714 1381 porerepiscopus
1734 1327 1914 1370 Arabissi,
1953 1330 2047 1362 teste
2065 1321 2196 1360 eodem
2214 1319 2357 1358 Joanne
2389 1317 2498 1364 epist.

1417 1394 1502 1438 iiii,
1523 1392 1632 1430 fuerit
1648 1389 1794 1437 Otrejus
1812 1401 1821 1426 :
1843 1387 1940 1437 quod
1954 1387 2134 1424 Joannem
2166 1383 2204 1420 in
2235 1380 2400 1430 ejusdem
2416 1407 2426 1425 ,
2460 1384 2498 1415 ut

1417 1463 1518 1504 puto,
1538 1453 1705 1501 Adelphii
1717 1451 1858 1489 aedibus
1876 1448 2010 1488 Cucusi
2028 1451 2238 1493 susceptum
2252 1441 2394 1487 scribit,
2406 1439 2500 1488 quod

1419 1517 1655 1556 humanitatis
1687 1515 1846 1554 ofﬁcium
1869 1513 1976 1562 (nam
2010 1510 2080 1548 alia
2114 1505 2352 1546 humanitatis
2385 1501 2500 1541 officia

1419 1581 1612 1628 episcopus
1631 1577 1780 1623 Cucusi,
1817 1576 1854 1614 id
1885 1580 1955 1620 est,
1989 1579 2028 1610 ut
2060 1577 2162 1621 puto,
2196 1567 2398 1616 Adelphius
2427 1564 2503 1613 ipse

1421 1625 1606 1692 praestitit,
1625 1646 1666 1678 ut
1685 1641 1797 1688 liquet
1810 1639 1920 1686 epist.
1941 1637 1988 1674 15
2006 1635 2051 1672 ad
2071 1629 2302 1682 Olympiad.)
2339 1638 2412 1666 non
2445 1625 2503 1663 alii

1422 1689 1530 1754 quam
1549 1705 1726 1742 Dioscoro
1743 1701 1869 1740 tribuit
1886 1701 1963 1747 ipse
1977 1698 2138 1736 Joannes
2149 1695 2256 1742 epist.
2271 1691 2318 1730 12
2330 1691 2376 1728 ad
2383 1689 2508 1737 Olym-

1425 1750 1706 1815 piadem,cujus
1728 1763 1828 1801 nulla
1856 1761 1953 1811 apud
1984 1758 2182 1806 Georgium
2213 1755 2376 1792 mentio:
2411 1750 2507 1798 quod

1427 1833 1596 1870 Proclum
1613 1831 1650 1867 in
1667 1828 1906 1866 translatione
1924 1823 2160 1872 reliquiarum
2179 1819 2390 1867 episcopum
2405 1819 2509 1852 vocet

1427 1894 1569 1944 Cyzici,
1591 1893 1651 1941 qui
1671 1892 1800 1929 relicta
1820 1889 1956 1938 Cyzico
1972 1885 2269 1932 archiepiscopus
2284 1885 2362 1916 tum
2392 1875 2510 1913 fuerat

1428 1939 1860 2004 Constantinopolitanus
1879 1965 1889 1990 :
1911 1956 2035 2000 aperta
2052 1952 2152 1993 sunt,
2172 1951 2212 1984 ut
2242 1942 2330 1981 mihi
2352 1939 2510 1981 videtur,

1430 2025 1635 2058 commenta.

1481 2095 1498 2119 ι
1530 2083 1707 2128 Superest
1732 2079 1778 2117 de
1797 2077 1962 2126 epistolis
1995 2085 2040 2114 ex
2069 2071 2268 2112 Occidente
2297 2075 2336 2107 et
2367 2065 2515 2104 Oriente

1435 2147 1530 2184 ultro
1544 2146 1712 2191 citroque
1729 2142 1987 2188 missismagna
1997 2135 2208 2184 cumprimis
2232 2139 2270 2170 et
2289 2130 2400 2168 ardua
2415 2137 2516 2176 quaa-

1436 2208 1506 2245 stio
1521 2219 1530 2251 ;
1547 2206 1593 2243 de
1607 2215 1679 2253 qua
1693 2202 1911 2241 sententiam
1925 2209 2041 2237 meam
2061 2199 2217 2245 ingenue
2233 2199 2270 2232 et
2287 2193 2402 2230 libere
2419 2198 2520 2226 more

1437 2250 1808 2317 majorum-aperiam,
1827 2263 1926 2301 nullo
1943 2261 2100 2310 partium
2115 2257 2236 2296 studio
2254 2255 2398 2297 ductus,
2413 2250 2515 2288 nulla

1437 2313 1975 2379 cujusquamlgratia'velotlio.
2003 2323 2120 2360 Hasce
2151 2321 2258 2368 igitur
2283 2315 2456 2364 epistolas
2485 2313 2521 2349 in

1442 2396 1508 2432 tria
1523 2375 1699 2431 diatribuo
1715 2399 1848 2438 genera
1867 2401 1876 2426 :
1897 2387 1954 2425 vel
1973 2385 2070 2424 enim
2093 2383 2214 2421 missae
2227 2383 2406 2426 suntpost
2421 2375 2522 2424 prius

1443 2457 1624 2498 exsilium,
1642 2453 1699 2490 vel
1720 2457 1803 2500 post
1831 2450 2000 2488 exsilium
2021 2445 2215 2495 posterius,
2233 2442 2292 2480 vel
2313 2446 2396 2488 post
2427 2447 2527 2475 mor-

1445 2525 1517 2555 tem
1537 2515 1700 2554 Joannis.
1721 2498 1757 2550 ln
1774 2512 1892 2560 primo
1909 2515 1946 2547 et
1961 2507 2124 2546 secundo
2144 2513 2279 2552 genere
2301 2501 2436 2538 nullam
2451 2498 2526 2536 Ge-

1447 2580 1551 2626 orgio
1571 2578 1671 2614 litem
1689 2583 1830 2615 moveo,
1853 2577 1986 2618 przeter
2001 2578 2096 2611 eam,
2116 2577 2197 2612 quae
2219 2563 2286 2610 ipsi
2303 2572 2384 2600 eum
2407 2561 2526 2596 Palla-

1448 2620 1510 2688 dio
1528 2636 1731 2676 communis
1751 2639 1828 2676 est;
1848 2631 1894 2668 de
1911 2640 1984 2676 qua
2010 2637 2119 2674 supra
2151 2625 2197 2662 ad
2231 2622 2449 2661 Palladium.
2478 2620 2530 2657 De

1451 2685 1558 2739 tertio
1574 2707 1707 2746 genere
1725 2692 2014 2741 disquircndum,
2049 2689 2096 2727 de
2121 2698 2192 2736 quo
2212 2687 2265 2724 sic
2281 2685 2460 2733 Georgius
2491 2695 2526 2721 c.

1450 2764 1521 2802 68:
1542 2761 1684 2798 Mortuo
1701 2758 1774 2804 jam
1792 2755 1834 2792 B.
1857 2755 2010 2796 Joanne,
2033 2751 2119 2795 duo,
2141 2751 2271 2796 inquit,
2290 2748 2445 2786 Romam
2470 2757 2532 2784 ve-

1453 2828 1584 2861 nerunt
1598 2817 1820 2866 Presbyteri,
1841 2822 1878 2854 et
1895 2816 2072 2853 diaconus
2091 2811 2262 2859 unus,qui
2283 2821 2368 2848 cum
2385 2819 2430 2846 eo
2449 2807 2532 2844 fuee

1454 2891 1535 2922 rant
1555 2883 1592 2918 in
1609 2880 1752 2923 exsilio,
1775 2885 1810 2916 ct
1829 2876 1924 2926 apud
1959 2874 2216 2912 innocentium
2253 2880 2383 2919 papam
2413 2868 2536 2916 queri-

1455 2945 1614 2984 maniam
1629 2942 1815 2988 deponunt
1833 2939 1878 2976 de
1897 2936 2150 2976 vexationibus
2170 2932 2302 2970 Joanni
2320 2930 2431 2967 illatis
2447 2941 2457 2964 :
2473 2927 2534 2974 qui

1457 3011 1508 3048 rei
1523 3007 1929 3045 atrocitatecommotus
1943 3000 2066 3038 statim
2081 2997 2126 3034 ad
2147 2994 2346 3034 Honorium
2365 2990 2535 3028 accurrit.

1457 3070 1551 3117 Quid
1573 3067 1716 3105 multa?
1733 3064 1842 3102 ambo
1861 3062 1948 3100 dant
1965 3070 2096 3108 graece,
2113 3065 2152 3095 ut
2170 3055 2328 3098 videtur,
2350 3053 2475 3088 literas
2491 3051 2538 3087 ad

1459 3129 1668 3173 Arcadium,
1695 3124 1928 3164 innocentius
1947 3121 2040 3166 illas,
2061 3129 2127 3156 eoa:
2143 3115 2321 3164 sanguinis
2339 3113 2458 3160 fratris
2474 3112 2541 3147 mei

1461 3193 1608 3231 Joannis
1629 3192 1768 3234 clamat,
1803 3188 1840 3224 in
1872 3185 2003 3234 quibus
2036 3179 2234 3220 Arcadium
2266 3183 2304 3215 et
2339 3174 2541 3212 Eudoxiam

1463 3253 1776 3294 excommunicat;
1797 3247 1981 3286 Honorius
2001 3245 2096 3287 illas,
2118 3241 2233 3278 nescio
2246 3248 2324 3287 quin
2353 3237 2540 3279 contraria,

1464 3324 1534 3354 etc.
1556 3316 1620 3352 llis
1637 3313 1752 3350 literis
1770 3309 1942 3356 acceptis,
1959 3305 2150 3350 Arcadius,
2172 3309 2211 3339 ut
2229 3308 2283 3339 est
2300 3299 2394 3348 apud
2422 3299 2542 3336 Geor-

1464 3379 1577 3426 gium,
1597 3385 1676 3423 cap.
1697 3373 1758 3416 69,
1780 3377 1860 3419 post
1874 3378 2001 3418 pinnas
2019 3367 2065 3404 de
2085 3365 2254 3403 omnibus
2268 3361 2538 3399 iuimicianan-

1467 3439 1524 3476 nis
1542 3443 1720 3483 sumptas,
1735 3433 1936 3470 Eudoxiam
1955 3438 2106 3467 uxorem
2127 3427 2221 3463 intra
2241 3424 2446 3462 cubiculum
2461 3431 2542 3458 cum

1470 3495 1680 3547 pedisequis
1711 3494 1870 3532 clausam
1889 3491 2018 3536 tenuit,
2048 3489 2158 3536 virgis
2187 3488 2296 3524 etiam
2327 3495 2474 3527 caisam,
2507 3487 2545 3518 ut

1471 3562 1686 3608 Anonymus
1706 3557 1771 3601 ait,
1789 3555 1886 3592 male
1904 3551 2090 3595 multavit;
2112 3549 2258 3591 Acacio,
2275 3547 2488 3587 Severiano,
2510 3549 2546 3578 et

1471 3620 1664 3668 Theophili
1685 3618 1900 3667 propinquis,
1929 3616 2060 3653 mirum
2079 3614 2116 3651 ni
2134 3613 2175 3650 Β.
2193 3611 2332 3660 Cyrilio
2365 3610 2460 3647 inter
2478 3616 2547 3642 ca:-

1474 3691 1586 3728 teros,
1610 3682 1754 3725 vinctis,
1777 3681 2004 3726 Romamque
2039 3676 2086 3714 ad
2121 3675 2372 3714 innocentium
2409 3667 2544 3710 missis,

1473 3745 1601 3784 scribit
1619 3743 1664 3780 ad
1683 3741 1930 3780 Innocentium
1950 3740 2048 3777 illam
2063 3739 2254 3786 epistolam
2273 3736 2376 3783 cujus
2393 3731 2546 3770 initium.

1478 3807 1605 3844 Omnes
1625 3805 1777 3842 homines
1797 3805 1924 3848 sciunt,
1944 3802 2146 3839 humillime
2168 3807 2308 3848 petens,
2343 3802 2383 3833 ut
2416 3793 2484 3831 sibi
2513 3795 2550 3826 et

1478 3869 1652 3908 Eutloxia:
1685 3867 1789 3904 venia
1807 3866 2048 3914 impertiatur,
2069 3865 2247 3910 amboque
2268 3861 2304 3896 in
2323 3854 2550 3900 communio-

1479 3943 1564 3970 nem
1581 3931 1814 3980 recipiantur.
1835 3930 1990 3982 Scripsit
2005 3930 2114 3966 etiam
2131 3924 2294 3964 Eudoxia
2315 3921 2358 3960 ad
2375 3920 2551 3956 innocen-

1485 3995 1589 4040 tium,
1609 3998 1646 4030 ct
1663 3991 1837 4030 Arcadius
1853 3990 1898 4028 ad
1914 3977 2110 4028 ilonorium
2131 3985 2292 4023 fratrem.
2311 3977 2559 4018 innocentius,
