2758 4350
209 341 316 372 XIXIX

262 413 454 456 llucusque
470 406 517 444 de
535 400 703 448 Georgio.
726 397 764 436 ln
780 395 930 445 reliquis
945 404 1010 432 cro
1026 394 1185 437 brevior,
1205 391 1288 440 quia

215 475 383 524 pleraque
399 467 518 508 omnia
535 465 614 503 fere
631 462 766 500 habent
785 471 867 499 cum
887 459 1043 508 Georgio
1065 456 1288 502 communia,

213 517 335 584 neque
345 542 464 581 opera:
479 529 634 578 pretium
649 525 759 562 fuerit
780 523 908 562 iisdem
927 521 1074 570 ineptiis
1091 517 1293 558 refutandis

212 581 476 638 bisimmorari.
497 591 571 628 Leo
584 588 805 627 breviarium
824 586 929 624 nobis
940 585 1038 623 dedit
1051 583 1212 630 Georgii,
1225 581 1294 618 nisi

218 659 307 708 quod
326 659 360 695 in
380 657 452 693 illis
472 652 636 702 epistolis
651 650 847 698 Georgium
863 655 1050 696 sequatur,
1072 646 1200 684 saltem
1222 654 1294 681 non

213 719 412 762 abbreviet,
430 722 468 754 ut
487 725 602 762 neque
634 712 784 751 Photius
813 711 850 748 in
881 711 1041 758 epitomc
1057 708 1294 756 Grcgoriana,

215 784 306 822 Cod.
328 783 389 820 96.
409 781 530 818 Potuit
546 783 644 816 certe
658 777 738 814 sine
757 775 890 812 damno
907 774 1024 811 omitti
1043 786 1052 812 :
1073 771 1300 820 nequeenim

219 846 354 894 aliquid
369 844 524 892 Georgio
538 841 688 885 addidit,
706 846 840 889 praeter
853 839 1057 876 affectatam
1067 835 1202 875 alicubi
1215 834 1299 882 styli

223 910 480 949 obscuritatem
496 919 505 944 :
521 905 589 943 nisi
607 904 702 953 quod
723 903 766 940 ad
785 903 960 950 reliquam
983 900 1134 938 Joannis
1151 898 1302 947 gloriam

226 972 314 1010 inde
327 980 457 1019 magna
471 969 653 1006 videretur
668 965 758 1003 facta
778 964 954 1009 accessio,
971 962 1066 1010 quod
1081 968 1219 998 tantum
1235 960 1305 998 lm-

229 1041 433 1084 peratorem
455 1031 602 1070 laudum
621 1039 766 1067 suarum
783 1036 986 1074 praeconem
1007 1024 1186 1062 invenerit
1207 1023 1308 1059 Ano-

232 1109 362 1148 nymus
381 1106 490 1134 unum
507 1100 569 1132 aut
595 1093 747 1130 alterum
775 1091 885 1128 habet
904 1099 1066 1128 errorem
1089 1087 1308 1136 peculiarem

229 1167 268 1198 et
292 1169 410 1197 suum.
433 1158 592 1195 Primum
611 1161 668 1193 est
683 1155 793 1192 latum
813 1153 900 1190 satis
917 1158 956 1190 et
975 1161 1138 1188 crassum
1161 1149 1312 1188 menda-

231 1224 341 1267 cium,
365 1221 460 1270 quod
481 1221 668 1258 Libanium
696 1218 804 1256 faciat
829 1218 874 1255 ad
901 1217 1082 1255 Iulianum
1098 1215 1172 1264 jam
1193 1215 1314 1262 Augu-

233 1291 328 1323 stum
345 1286 540 1327 dicentem,
561 1282 742 1320 neminem
761 1280 902 1317 illorum
925 1289 1137 1327 magnorum
1157 1277 1316 1326 philoso—

235 1349 390 1397 phorum
409 1347 548 1386 Joanne
562 1344 786 1392 superiorem
805 1353 900 1386 esse,
920 1353 966 1380 ne
985 1352 1155 1390 magnum
1171 1339 1317 1388 quidem

238 1412 339 1449 illum
359 1416 396 1448 et
413 1409 573 1448 divinum
592 1407 794 1453 Platonem,
819 1415 886 1443 nec
903 1406 938 1442 in
955 1403 1161 1452 eloquentia
1185 1403 1319 1440 Demo-

236 1473 424 1518 stbcnem;
443 1470 539 1520 quod
559 1476 598 1507 ut
615 1479 741 1507 verum
764 1473 888 1516 postea
906 1467 1018 1504 fuisse
1038 1467 1179 1510 demus,
1197 1465 1242 1502 ad
1259 1465 1325 1503 Ju-

238 1535 373 1573 lianum
391 1540 490 1572 certe
514 1533 585 1571 dici
603 1543 676 1570 non
703 1533 832 1578 potuit,
853 1531 914 1579 qui
932 1536 1096 1568 mortuus
1110 1535 1166 1566 est
1184 1529 1326 1566 Joanne

241 1597 299 1634 vix
315 1607 358 1634 ac
373 1607 419 1634 ne
438 1597 496 1633 vix
512 1595 658 1644 quidem
674 1601 840 1632 octavum
861 1594 978 1630 artatis
994 1602 1128 1630 annum
1145 1592 1324 1641 ingresso;

247 1665 283 1696 ut
296 1659 501 1698 exclamare
517 1659 638 1702 libeat,

411 1727 448 1756 Et
458 1722 537 1765 quid
553 1731 619 1756 non
631 1721 751 1756 Grtecia
762 1719 903 1754 mendax

331 1778 435 1812 Audet
445 1779 480 1814 in
491 1779 670 1812 historia...
677 1801 698 1818 .,

254 1837 453 1884 praesertim
477 1837 544 1874 ista
558 1835 763 1874 recentior!
785 1834 876 1872 Huic
892 1832 1012 1871 simile
1025 1841 1069 1869 ac
1086 1841 1178 1878 pene
1195 1840 1337 1878 germa-

254 1910 338 1937 num
354 1905 424 1944 est,
443 1897 657 1946 Gregorium
676 1897 956 1941 Nazianzenum,
978 1905 1030 1933 se.
1047 1895 1133 1932 dum
1150 1893 1269 1931 adhuc
1281 1902 1339 1930 es-

255 1967 310 1999 set
327 1960 534 1998 Patriarclta
548 1960 590 1998 G.
610 1961 666 2006 P.,
687 1971 769 1998 cum
785 1959 992 1998 Theodosio
1009 1957 1138 2006 Magno
1151 1965 1340 1994 sermones

259 2033 386 2062 serere
404 2023 450 2061 de
467 2023 616 2062 Joannis
635 2023 860 2061 orationibus
876 2021 1106 2064 Statuarum;
1127 2029 1210 2058 cum
1229 2019 1342 2055 notis-

259 2085 391 2124 simum
412 2086 474 2131 sit,
497 2084 711 2134 Gregorium
731 2085 898 2123 abdicato
915 2085 1140 2132 episcopatu,
1163 2087 1199 2119 et
1216 2080 1343 2118 relicta

261 2147 588 2196 Constantinopoli,
608 2148 645 2186 in
657 2147 921 2196 Cappadociam
940 2146 1178 2190 concessisse,
1195 2144 1274 2191 ipso
1285 2152 1346 2180 se-

265 2211 394 2248 cundae
423 2210 554 2258 synodi
586 2215 763 2258 tempore,
783 2221 879 2248 anno
909 2209 1052 2248 Domini
1081 2207 1165 2251 581,
1199 2205 1348 2244 vixdum

267 2271 422 2310 diacono
439 2273 592 2320 Joanne,
613 2278 650 2312 et
663 2283 778 2313 annos
798 2274 988 2313 minimum
1006 2278 1146 2318 septem
1164 2276 1248 2308 ante
1261 2275 1351 2308 tem-

1022 314 1182 354 MARTY
1191 313 1250 352 llll
1277 305 1576 350 ANTIOCHENI.
2401 301 2444 328 tu.

1362 394 1428 432 pus
1445 389 1659 420 eversarum
1681 383 1896 416 statuarum.
1919 375 1974 413 Ad
2001 371 2172 412 miracula
2194 371 2290 419 quod
2311 375 2450 418 spectat

1362 447 1449 485 licet
1465 453 1589 482 eorum
1611 441 1822 490 diligentem
1840 437 2093 476 collectionem
2121 434 2250 473 fecisse
2275 432 2449 480 Georgius

1366 512 1494 558 posset
1512 505 1642 549 videri,
1664 505 1754 540 satis
1773 509 1893 538 tamen
1916 499 2076 546 amplum
2097 496 2243 544 reliquit
2262 496 2452 542 Anonymo

1366 555 1607 620 spicilegium.
1628 567 1730 604 Visio
1751 564 1927 611 Gregorio
1945 561 2133 608 Theulogo
2154 559 2247 596 facta
2271 557 2318 595 de
2344 555 2455 596 JOan-

1368 645 1414 674 ne
1433 643 1514 681 cap.
1537 633 1604 674 57;
1621 630 1666 668 de
1682 629 1724 666 S.
1745 627 1858 665 Paulo
1875 625 2026 664 Joannis
2045 622 2290 670 expositiones
2304 622 2366 657 sub
2387 620 2458 667 {or-

1370 709 1428 735 ma
1449 680 1615 744 corporea
1633 691 1874 730 confirmante
1889 697 1969 734 cap.
1991 687 2058 728 59;
2077 684 2172 732 quod
2194 683 2352 721 Joannes
2374 680 2461 718 Ρω-

1373 760 1430 798 clo
1445 743 1712 796 successionem
1729 754 1764 790 in
1781 751 1867 790 sedc
1883 751 1923 788 G.
1939 751 1982 787 P.
2000 748 2162 796 prtetiicit
2175 757 2255 794 cap.
2272 745 2340 789 60;
2355 743 2464 782 Joan-

1375 822 1432 858 nis
1469 819 1678 866 frequentes
1706 819 1862 852 ὁπτασίαι
1897 813 1992 849 inter
2027 810 2181 859 synaxin
2210 805 2464 846 celebrandam

1377 892 1457 930 cap.
1480 881 1542 926 79.,
1569 879 1630 923 75,
1664 879 1731 922 74;
1753 875 1934 924 apparitio
1965 873 2134 916 Andreae,
2165 870 2342 918 Slaciiyos
2368 874 2405 905 ct
2425 867 2487 905 Β.-

1379 945 1538 994 Virginis
1557 953 1638 991 cap.
1659 943 1728 984 79;
1745 939 1932 988 praedictio
1954 937 2045 974 facta
2065 935 2194 972 Nicaeae
2220 933 2265 970 de
2293 931 2467 968 Mauricio

1382 1012 1606 1059 lmperatorc
1617 1017 1697 1054 cap.
1713 1006 1802 1049 107;
1816 1005 1974 1041 visiones
1988 1001 2096 1039 Marci
2109 1007 2144 1037 et
2155 998 2278 1046 Cyl-illi
2290 1007 2370 1043 cap.
2387 995 2467 1039 1‘28,

1388 1057 1482 1117 129;
1505 1076 1642 1110 tremor
1673 1069 1828 1116 sepulcri
1864 1065 2038 1103 Eudoxim
2065 1072 2146 1108 cap.
2179 1059 2262 1103 132,
2294 1065 2332 1096 et
2351 1057 2474 1094 nescio

1387 1145 1468 1184 qua:
1487 1135 1582 1172 facta
1605 1131 1777 1170 miracula
1791 1129 1828 1166 in
1847 1127 2074 1164 translatione
2095 1124 2334 1172 reliquiarum,
2353 1130 2433 1168 qua!
2453 1129 2471 1155 a

1387 1198 1572 1236 Vestitore
1586 1201 1770 1233 mutuatus
1783 1199 1839 1230 est
1854 1203 1861 1228 :
1882 1191 1960 1228 haec
1977 1189 2112 1232 omnia,
2129 1188 2292 1235 inquam,
2313 1184 2474 1232 ejusdem

1391 1264 1533 1302 ordinis
1555 1263 1697 1310 locique
1717 1265 1802 1298 sunt
1821 1269 1905 1296 cum
1927 1257 2000 1294 illis
2017 1255 2098 1292 aliis
2117 1251 2346 1300 Georgianis.
2375 1246 2478 1294 Quod

1393 1330 1424 1367 si
1445 1328 1534 1366 illud
1553 1326 1688 1374 Ephori
1715 1323 1810 1371 apud
1827 1321 2048 1358 Strabonem
2067 1318 2114 1355 de
2140 1315 2290 1354 oraculo
2309 1311 2482 1358 Delphico

1397 1390 1590 1438 scripturi:
1609 1389 1771 1436 ineptum
1791 1394 1873 1422 esse
1890 1384 1936 1420 de
1953 1382 2100 1420 oraculo
2114 1379 2277 1417 omnium
2292 1375 2482 1414 verissimo

1397 1462 1578 1499 acturum,
1608 1451 1756 1488 incertis
1781 1447 1988 1486 rumoribus
2008 1452 2044 1484 et
2070 1443 2340 1482 narrationibus
2365 1439 2485 1476 minus

1400 1515 1649 1566 probabilibus
1669 1510 1944 1560 indulgere:si,
1974 1509 2138 1556 inquam.
2160 1506 2231 1543 hoc
2260 1505 2305 1542 iis
2331 1501 2487 1540 venisset

1403 1563 1440 1618 in
1460 1583 1634 1619 mentem.
1653 1575 1716 1624 qui
1744 1584 1804 1612 res
1824 1573 1886 1610 Dei
1913 1578 1950 1608 et
1978 1569 2148 1608 Ecclesia:
2167 1563 2370 1616 posteritati
2387 1566 2490 1600 erant

1405 1639 1678 1684 transmissuri;
1701 1647 1773 1675 non
1806 1636 1903 1673 hanc
1934 1638 2142 1680 corruptam
2174 1631 2490 1666 monumentorum

1409 1706 1517 1744 ﬁdem
1540 1705 1716 1742 immensa
1735 1699 1892 1749 ﬁngendi
1922 1697 2072 1734 libidine
2092 1694 2224 1732 merito
2242 1697 2492 1738 quereretnur.

1407 1769 1477 1808 Sed
1498 1768 1627 1806 desino
1641 1765 1778 1804 inutiiis
1795 1761 1966 1810 querelae,
1979 1766 2016 1796 et
2026 1758 2072 1794 ad
2091 1753 2358 1802 Metapltrasten
2375 1757 2494 1786 trans-

1410 1807 1478 1874 eo,
1499 1828 1544 1867 ad
1559 1840 1668 1877 quem
1682 1807 1886 1878 quidquam
1924 1829 2052 1860 notare
2077 1829 2151 1856 non
2181 1825 2274 1864 opus
2303 1819 2372 1851 est.
2401 1807 2493 1849 Nihil

1414 1891 1512 1929 enim
1533 1874 1657 1934 habet,
1680 1874 1876 1936 quodnon
1907 1891 1970 1922 aut
1994 1882 2090 1932 apud
2107 1879 2303 1927 Georgium
2325 1874 2494 1922 reperies,

1417 1960 1478 1992 ant
1497 1951 1592 2001 apud
1608 1952 1856 1998 Anonymum,
1873 1959 1980 1998 quem
2001 1947 2078 1984 fere
2097 1943 2280 1991 exprimit.
2307 1940 2499 1986 Anonymo

1417 2017 1515 2055 enim
1545 2026 1638 2053 cum-
1662 2013 1906 2062 Metaphraste
1939 2019 2068 2048 sensus
2098 2007 2175 2046 fere
2203 2013 2362 2051 semper,
2391 1998 2501 2038 verba

1419 2079 1529 2117 etiam
1549 2059 1769 2124 plerumque
1781 2081 1865 2112 sunt
1885 2071 2105 2111 communia.
2126 2071 2244 2116 Atque
2260 2066 2338 2102 haec
2355 2073 2398 2101 ex
2414 2059 2504 2098 mul-

1423 2142 1470 2180 tis
1481 2122 1656 2178 adnotare
1665 2122 1783 2176 visum
1799 2143 1855 2175 est
1868 2135 1915 2173 ad
1929 2140 2096 2172 auctores
2107 2140 2228 2170 rerum
2242 2122 2504 2176 Cbrysostomi:

1422 2213 1504 2252 qua:
1519 2202 1724 2248 doctorum,
1741 2207 1781 2238 ut
1795 2199 1883 2246 dixi,
1894 2197 2044 2246 judicio,
2064 2200 2102 2234 ut
2116 2202 2197 2232 mea
2216 2200 2361 2239 quoque
2372 2185 2506 2228 omnia.

1427 2266 1614 2313 permitto.
1623 2278 1636 2302 ι
