4060 6196
256 196 384 240 ιωι

251 300 440 358 adhuc
472 300 744 368 superest,
773 313 876 352 nos
899 300 991 367 qui
1031 315 1220 354 sumus
1247 314 1368 370 eius
1394 301 1590 356 fratres
1629 301 1838 356 videbi-

253 407 384 450 mus
412 390 706 459 aliquando
733 378 1034 460 Josephum
1066 391 1120 445 in
1148 391 1346 447 throno
1368 394 1650 449 sedentem
1675 393 1836 456 (Gen.

256 481 523 545 anniti
584 479 756 550 sqq.)
815 489 872 536 et
925 481 1230 550 spiritalem.
1264 483 1574 538 alimoniam
1629 485 1841 538 cunctis

260 572 621 641 prementem:
655 572 738 625 sin
771 572 818 626 is
844 587 1036 642 reapse
1058 573 1126 627 ad
1153 589 1338 628 veram
1365 576 1528 629 vitam
1559 575 1837 646 migravit,

260 679 421 738 atque
445 666 510 720 ad
537 663 1146 733 cxoptatumChristum
1169 667 1426 734 perrexit,
1452 667 1716 721 habemus
1745 682 1841 735 pro

259 761 419 816 nobis
466 760 887 813 intercessorem
921 765 1232 826 martyrem.
1287 759 1402 814 Hoc
1455 768 1684 829 accepto
1739 758 1842 814 sibi

258 857 411 922 grato
456 847 647 902 nuntio
687 843 967 916 (Atticus),
1022 846 1298 915 voluptate
1351 863 1557 918 augens
1600 848 1845 916 corporis

259 941 649 1002 tumiditatem,
683 939 870 994 induta
905 938 1256 1008 benignitatis
1307 941 1507 1009 specie,
1552 942 1718 1010 cuspit
1749 957 1845 1010 per

263 1048 456 1087 omnes
515 1045 864 1095 concursare,
919 1029 1106 1083 fovere
1164 1046 1228 1085 ac
1283 1032 1513 1086 delinire
1568 1048 1841 1097 sermone,

263 1137 402 1191 quos
427 1137 594 1190 opere
624 1121 920 1175 laniaverat
945 1137 960 1185 ;
1015 1123 1302 1190 pecuniam
1351 1125 1724 1197 indigentibus
1752 1137 1846 1181 aut

263 1212 617 1281 poscentibus
641 1211 788 1268 dare.
822 1213 1050 1283 genibus
1071 1229 1260 1269 eorum
1289 1218 1501 1271 advolvi
1531 1235 1594 1273 ac
1634 1219 1842 1289 suppli-

262 1321 410 1370 care,
440 1306 640 1375 quibus
668 1305 805 1358 nihil
837 1306 979 1359 aliud
1008 1308 1254 1376 pnebere
1283 1325 1343 1364 se
1374 1325 1531 1380 posse
1564 1312 1839 1374 credebat,

265 1408 470 1464 rogans
497 1408 696 1462 nempe
750 1401 810 1446 ut
844 1395 1045 1462 justum
1081 1396 1344 1451 adversus
1384 1414 1443 1453 se
1472 1400 1657 1454 odium
1690 1401 1847 1454 omit-

267 1490 470 1539 terent.
503 1490 557 1535 et
584 1482 765 1552 iniqua
795 1498 978 1537 secum
1007 1485 1239 1541 amicitia
1269 1489 1498 1544 coirent.

340 1573 393 1626 5.
421 1574 534 1645 Ego
565 1590 696 1629 vero
721 1576 897 1645 ipsum
925 1578 1007 1632 sic
1053 1579 1285 1634 libenter
1323 1580 1628 1649 alloqucrer
1661 1601 1672 1634 :
1701 1583 1745 1635 Ο
1769 1592 1848 1653 ty-

263 1683 457 1729 ranne,
482 1668 686 1722 videris
715 1670 859 1722 enim
920 1671 1088 1735 mihi,
1151 1683 1374 1743 propter
1424 1690 1483 1728 ea
1549 1691 1665 1744 qua:
1713 1676 1842 1746 agis,

268 1758 374 1814 hac
427 1760 786 1829 appellatione
836 1764 1093 1833 gaudere,
1134 1781 1238 1835 qua
1292 1767 1572 1822 oculorum
1624 1768 1847 1824 audacia

269 1851 594 1906 medicinam
624 1854 786 1908 aﬁers
814 1855 1131 1911 vulneribus
1176 1875 1297 1928 quae
1332 1861 1449 1932 ipse
1489 1860 1714 1916 fecisti?
1765 1862 1848 1917 vel

267 1945 538 2012 quomodo
590 1960 690 2015 pro
748 1955 845 2000 tuo
891 1949 1142 2004 adulandi
1196 1968 1367 2018 more,
1431 1953 1634 2008 idcirco
1689 1965 1848 2009 antea

270 2035 507 2105 injurius
565 2037 738 2102 fuisti,
791 2046 854 2092 ut
899 2039 1096 2095 deinde
1149 2043 1380 2098 haberes
1419 2045 1474 2098 in
1521 2060 1630 2114 quo
1678 2054 1850 2100 artem

272 2135 416 2180 tuam
439 2142 723 2182 exerceres
747 2130 772 2181 ?
803 2129 945 2184 haud
976 2131 1133 2185 aliter
1162 2149 1324 2202 quam
1375 2135 1420 2188 si
1452 2135 1575 2204 quis
1605 2136 1852 2190 medicus

269 2219 632 2286 plurimarum
667 2221 962 2276 herbarum
994 2224 1346 2292 emplastrum
1377 2226 1596 2281 sinistra
1627 2242 1848 2298 gerens,

271 2308 506 2362 dextera
541 2310 754 2364 interim
812 2329 976 2366 manu
1011 2315 1288 2370 hominem
1337 2317 1485 2371 clava
1522 2327 1847 2388 percuteret,

273 2397 636 2470 diceretque:
685 2401 833 2456 Bono
867 2404 1050 2458 animo
1101 2415 1246 2472 esto,
1305 2407 1664 2472 charissime;
1724 2425 1851 2463 nam

276 2489 488 2544 medela
520 2492 649 2546 tnihi
675 2493 728 2546 in
761 2497 1016 2550 manibus
1045 2504 1149 2551 est.
1181 2498 1247 2551 At
1279 2499 1445 2564 enim,
1490 2508 1636 2553 recte
1668 2501 1854 2554 admo-

274 2584 402 2638 dum
438 2585 528 2639 ille
560 2589 913 2656 responderet
939 2589 1020 2645 :0
1053 2592 1308 2660 pessime,
1341 2609 1439 2647 cur
1465 2594 1601 2647 mihi
1628 2595 1854 2649 medelte

275 2677 657 2732 necessitatem
687 2679 970 2750 imponis?
1003 2681 1112 2737 Cur
1139 2694 1320 2738 autem
1361 2685 1456 2740 tibi
1497 2685 1694 2739 inﬁrmi
1732 2702 1855 2740 cor—

279 2769 426 2838 poris
448 2785 634 2823 curam
665 2773 1024 2836 committam,
1053 2775 1144 2843 qui
1172 2791 1365 2829 sanum
1393 2793 1515 2830 cum
1554 2778 1850 2840 inveneris,

279 2867 387 2913 tam
417 2862 554 2916 male
587 2863 818 2919 affecisti
840 2865 862 2916 ?
887 2866 1016 2920 Mihi
1044 2882 1174 2937 ergo
1199 2868 1453 2921 videntur
1483 2868 1556 2920 illi
1584 2870 1854 2932 homines,

279 2954 370 3022 qui
397 2964 621 3024 propter
681 2957 823 3011 beati
865 2959 968 3012 viri
999 2960 1206 3014 obitum
1261 2960 1326 3014 ad
1382 2962 1573 3014 horum
1611 2976 1860 3014 commu—

279 3047 498 3100 nionem
527 3048 814 3112 accedunt,
854 3059 908 3104 et
947 3066 1042 3106 eos
1087 3052 1293 3121 pridem
1332 3054 1398 3107 ad
1452 3054 1651 3108 caedem
1685 3055 1862 3124 impuo

280 3137 429 3197 lisse.
463 3148 627 3208 atque
659 3141 711 3195 id
759 3154 1007 3210 posteros
1056 3160 1246 3199 omnes
1301 3146 1516 3208 docere,
1558 3146 1860 3214 cuiusmodi

280 3229 338 3283 in
372 3229 475 3284 hac
505 3232 610 3284 vita
638 3233 838 3286 multos
888 3235 1153 3290 exsistere
1194 3235 1348 3291 facile
1383 3237 1598 3303 accidit,
1633 3246 1693 3291 ut
1738 3253 1862 3292 cum

279 3319 557 3374 voluerint
595 3321 803 3389 justum
837 3323 1114 3380 hominem
1147 3329 1438 3397 expellere,
1474 3339 1528 3384 et
1559 3346 1680 3383 cum
1717 3329 1863 3383 cala-

280 3412 447 3465 mitas
477 3413 655 3482 aliqua
690 3430 820 3469 oves
849 3417 1185 3487 dislicrserit,
1221 3422 1468 3489 protinus
1503 3421 1650 3474 illum
1692 3421 1863 3474 inter-

281 3501 495 3567 ficiant,
531 3515 587 3558 ut
621 3507 815 3561 eodem
854 3509 1064 3562 excidio
1093 3510 1340 3565 irrctiant
1383 3513 1542 3566 ovile.
1592 3513 1732 3578 Quid
1763 3513 1860 3576 ais,

280 3611 319 3648 ο
348 3593 556 3648 homo?
586 3594 704 3650 Non
736 3599 1150 3654 communicasti
1183 3601 1447 3655 hactenus
1494 3612 1716 3672 propter
1759 3603 1864 3655 ini-

281 3687 576 3755 quitatem,
618 3705 768 3744 nunc
807 3700 930 3759 post
983 3694 1184 3746 caedem
1241 3695 1653 3759 communieas,
1714 3695 1866 3764 quasi

283 3783 470 3838 cedes
496 3783 835 3852 iniquitatem
865 3787 1222 3856 purgaverit?
1261 3787 1401 3840 Num
1433 3785 1740 3843 Jezabelcm
1774 3804 1867 3841 us-

285 3889 402 3942 que
435 3874 499 3927 ad
532 3876 700 3928 vinea:
749 3878 993 3945 rapinam
1031 3877 1214 3937 odisti,
1251 3886 1536 3948 postquam
1563 3887 1745 3932 autem
1781 3879 1869 3933 illa

284 3964 601 4018 Nabuthem
634 3965 928 4031 interfecit,
959 3967 1110 4034 quasi
1155 3967 1244 4019 hic
1273 3966 1500 4032 viveret,
1533 3967 1715 4020 odium
1749 3982 1870 4021 sce-

285 4056 444 4110 lestae
478 4056 690 4111 femina}
719 4058 1017 4111 remisisti?
1065 4057 1173 4129 (III
1197 4057 1322 4128 Reg.
1352 4074 1459 4122 xxI,
1495 4059 1528 4112 2
1559 4057 1698 4127 sqq.)
1732 4057 1872 4122 Quid

287 4164 427 4217 ergo
460 4163 703 4217 agemus.
743 4150 914 4210 aiunt,
963 4159 1180 4202 mortuo
1219 4150 1329 4217 jam
1372 4150 1634 4203 homine?
1667 4151 1873 4217 Exspe-

290 4251 464 4300 ctare,
497 4240 716 4308 inquam
747 4282 759 4303 ,
816 4248 1031 4309 oportet
1057 4240 1263 4308 justum
1317 4239 1518 4295 Christi
1571 4241 1870 4309 judicium,

293 4331 439 4398 quod
470 4330 692 4398 quidem
722 4329 840 4384 sine
865 4330 1032 4385 dubio
1053 4339 1380 4384 eventurum
1419 4347 1579 4384 nemo
1607 4331 1872 4400 ambigat:

295 4421 498 4475 ctenim
528 4421 672 4475 haud
709 4421 960 4477 humana),
989 4423 1115 4476 vitm
1145 4423 1413 4485 terminis,
1453 4438 1632 4476 rerum
1662 4436 1877 4490 quoque

298 4509 462 4566 finem
493 4513 824 4566 concludere
860 4513 1124 4567 Dominus
1163 4514 1332 4568 solet:
1381 4526 1568 4568 contra
1600 4514 1784 4583 potius
1812 4515 1882 4568 ab

299 4602 420 4670 ipsa
448 4619 630 4659 rerum
660 4605 1044 4674 desperatione
1078 4605 1290 4659 initium
1340 4621 1558 4660 sumere
1589 4624 1602 4671 ;
1636 4607 1688 4660 id
1735 4608 1881 4677 quod

299 4692 605 4748 divinarum
636 4695 1042 4764 Scripturarum
1075 4695 1389 4749 testimonio
1415 4695 1766 4750 conﬁrmabo.

375 4786 430 4838 6.
458 4784 816 4840 Devoraverat
847 4786 973 4839 olim
1013 4785 1310 4855 Josephum
1351 4787 1489 4841 mala
1536 4787 1670 4853 fera,
1719 4797 1884 4858 prout

299 4875 539 4930 fratrum
576 4878 714 4945 apud
751 4886 958 4946 patrem
987 4877 1287 4936 afﬁrmabat
1313 4878 1664 4946 oratio((2en.
1688 4891 1888 4942 xxxv",

299 4969 426 5028 3'5).
457 4971 573 5020 lam
598 4985 722 5022 vero
747 4971 846 5024 hos
872 4969 962 5038 qui
994 4969 1146 5024 aliter
1167 4970 1432 5035 dixerant,
1461 4969 1617 5025 aliter
1641 4980 1880 5041 egerant,

300 5058 564 5115 subditos
595 5059 778 5114 habuit
806 5059 1097 5129 Iosephus,
1149 5075 1316 5128 seque
1343 5061 1632 5114 adorantes
1659 5075 1888 5129 conspe—

301 5152 408 5219 xit,
447 5161 503 5206 et
539 5152 877 5206 somniorum
930 5160 1180 5207 veterum
1230 5151 1734 5220 interpretationem
1787 5166 1886 5205 ex~

306 5348 352 5393 ι.
385 5335 502 5396 Xll.
529 5352 582 5404 ρ.
615 5335 822 5407 “(tot
841 5353 989 5407 seqq.
1015 5335 1318 5407 Defendere
1346 5333 1597 5407 nituntur
1625 5332 1892 5389 Boschius

307 5409 416 5462 loc.
449 5407 542 5460 cit.
575 5415 634 5462 et.
657 5404 990 5462 Bollandiani
1021 5407 1084 5462 ad
1111 5406 1252 5461 diem
1282 5406 1313 5458 8
1339 5404 1600 5462 Januarii.

387 5479 463 5544 (c)
494 5475 574 5530 An
623 5476 848 5530 fortasse
902 5495 998 5546 pro
1029 5477 1228 5530 πάλινῖ
1277 5475 1432 5529 Tunc
1481 5475 1628 5529 dicas
1670 5483 1765 5528 τοι
1808 5491 1892 5529 eos

305 5547 598 5617 firmanti
626 5547 819 5617 caedem
856 5547 1138 5617 impellere.

391 5616 471 5689 (Δ)
501 5614 640 5671 Num
663 5632 762 5687 pro
791 5614 1133 5689 λυπήσαντες
1150 5617 1399 5690 ποιμένα,
1425 5615 1900 5685 διασπεῖραι,θιο.ῗ

1379 182 1467 237 DE
1503 181 1560 238 S.
1600 181 1868 237 JOANNE
1901 181 2434 245 CHRYSOSTOMO.

3488 217 3520 263 ι

1949 314 2132 371 pertos
2165 304 2312 375 (Gen.
2348 322 2498 368 mu,
2531 309 2644 377 26).
2680 310 2800 380 lpse
2825 321 3027 373 autem,
3055 324 3176 381 post
3203 315 3464 373 creditam
3489 333 3523 375 a

1946 403 2102 462 patre
2132 411 2344 461 necem,
2386 398 2549 468 regiis
2574 401 2823 453 curribus
2845 401 3046 473 lugenti
3081 407 3319 460 occurrit
3353 407 3521 478 (Gen.

1947 500 2092 548 vat,
2127 485 2260 554 99).
2292 488 2411 541 Mox
2439 490 2528 544 hic
2556 489 2696 544 idem
2731 489 2998 561 Iosephus
3036 495 3277 550 moriens
3313 499 3526 553 univer-

1950 591 2064 628 sam
2089 592 2241 631 suam
2266 581 2666 649 cognationem,
2687 597 2882 653 magno
2903 599 3132 639 numero
3153 587 3263 654 jam
3285 601 3521 655 auctam,

1949 665 2146 719 durum
2206 668 2476 739 (Egyptiis
2555 671 2836 725 servitium
2903 673 3224 729 servituram
3308 678 3525 748 reliquit

1954 755 1971 824 (
2000 755 2169 815 Exod.
2199 775 2294 822 vu,
2330 762 2362 813 6
2399 759 2576 830 sqq.).
2601 760 2786 831 Neque
2816 772 2994 817 tamen
3010 775 3231 834 propter
3258 767 3375 836 eius
3407 769 3528 824 obi-

1951 855 2064 899 tum
2097 848 2365 918 quispiam
2422 851 2664 907 Israelita
2718 853 2895 909 factus
2943 866 3028 910 est
3074 857 3379 930 Egyptius.
3430 864 3526 917 sed

1950 938 2227 1007 aliquanto
2282 942 2624 1010 perferentes
2679 946 2962 1000 servitium
3017 957 3282 1018 tempore.
3332 951 3530 1024 Moysis

1951 1043 2119 1097 Opera
2147 1030 2202 1083 in
2230 1032 2726 1100 splendidissimam
2765 1037 3072 1093 libertatem
3100 1042 3357 1096 vindicati
3409 1043 3530 1097 fue-

1952 1126 2118 1184 runt;
2164 1127 2219 1173 et
2248 1121 2339 1189 qui
2375 1132 2534 1178 antea
2568 1141 2638 1180 ne
2682 1127 2952 1196 respirare
2986 1131 3202 1199 quidem
3255 1133 3356 1186 sub
3388 1133 3535 1190 labo-

1951 1208 2105 1265 ribus
2138 1222 2412 1280 poterant,
2444 1218 2638 1272 deinde
2672 1220 2751 1274 eis
2780 1221 3032 1278 universa
3061 1232 3308 1278 creatura
3359 1226 3532 1280 servi-

1951 1302 2050 1368 vit,
2083 1305 2211 1359 dum
2253 1308 2508 1364 videlicet
2549 1312 2818 1382 benignus
2860 1314 3004 1368 Deus
3039 1317 3313 1386 gressibus
3343 1334 3533 1374 eorum

1951 1409 2101 1451 mare
2133 1407 2386 1468 tanquam
2422 1411 2620 1457 terram
2648 1405 2933 1469 exhibuit;
2964 1407 3274 1464 sitientibus
3319 1410 3532 1466 deserta

1952 1497 2008 1543 et
2070 1490 2328 1561 iuaquosa
2396 1495 2510 1550 loca
2577 1497 2795 1568 pelagus
2849 1499 3074 1565 eﬂecit;
3146 1501 3252 1556 cibi
3323 1502 3534 1573 cupidis

1953 1597 2148 1650 panem
2171 1585 2222 1637 in
2241 1587 2392 1640 cmlis
2409 1588 2742 1643 elaboratum
2765 1591 2972 1661 depluit
2995 1593 3182 1664 (Exod.
3208 1612 3295 1657 xv.
3317 1597 3339 1649 ‘l
3364 1596 3529 1665 sqq.).

1958 1671 2057 1724 His
2085 1689 2246 1740 porro
2267 1691 2442 1746 neque
2463 1679 2673 1740 urbem,
2706 1695 2881 1748 neque
2905 1681 3101 1745 forum,
3133 1699 3313 1752 neque
3343 1685 3538 1742 domos

1955 1761 2135 1815 adhuc
2165 1763 2512 1828 habentibus,
2551 1767 2646 1819 sed
2683 1767 2739 1819 in
2767 1776 2917 1821 vasta
2946 1784 3131 1822 eremo
3165 1773 3338 1841 gregis
3363 1773 3539 1828 instar

1956 1853 2135 1906 adhuc
2163 1854 2527 1918 versantibus,
2565 1856 2673 1910 dux
2719 1857 2903 1926 populi
2966 1857 3176 1928 Moyses
3236 1861 3302 1914 ad
3351 1870 3538 1930 patres

1957 1960 2084 1998 suos
2113 1947 2421 2015 apponitur.
2456 1947 2596 2013 Quid
2641 1963 2770 2019 ergo
2814 1949 2900 2004 his
2943 1950 3209 2020 agendum
3260 1961 3396 2015 erat,
3441 1953 3536 2022 qui

1957 2051 2056 2105 per
2089 2036 2306 2108 Moysen
2335 2040 2654 2108 promissam
2685 2042 3073 2110 exspectabant
3121 2058 3316 2112 capere
3358 2045 3534 2099 haere-

1957 2125 2180 2179 ditatcm
2209 2127 2392 2181 ‘?Num
2422 2129 2475 2180 in
2509 2128 2824 2199 ngyptum,
2858 2131 2945 2185 dic
2972 2131 3126 2194 mihi,
3156 2131 3537 2200 desperatione

1959 2216 2342 2271 redeundum?
2394 2219 2465 2274 At
2524 2231 2673 2276 certe
2730 2222 2943 2275 illorum
2999 2223 3280 2278 stultitiam
3331 2224 3540 2280 risisset

1957 2305 2154 2376 Moysis
2183 2308 2237 2361 in
2274 2325 2499 2365 munere
2530 2327 2814 2367 successor
2844 2313 3028 2379 Josue,
3070 2315 3161 2384 qui
3205 2315 3539 2388 alienigena-

1961 2415 2080 2454 rum
2112 2403 2275 2456 urbes
2301 2405 2572 2460 moenibus
2599 2407 2959 2462 communitas
2988 2407 3151 2477 cepit,
3189 2409 3352 2462 modo
3380 2410 3542 2464 tuba-

1961 2508 2081 2546 rum
2130 2496 2309 2549 sonitu
2367 2496 2497 2567 (Jos.
2540 2515 2613 2561 vr,
2650 2499 2673 2552 l
2709 2515 2826 2568 sqq.
2851 2498 2892 2570 ),
2924 2499 3084 2552 modo
3135 2500 3541 2570 exspectatione

1962 2588 2338 2642 tantummodo
2364 2591 2449 2643 vel
2492 2591 2818 2659 prarsentia:
2871 2591 3105 2660 denique
3144 2600 3201 2645 et
3248 2593 3540 2646 nonnullos

1963 2675 2098 2729 vidit
2127 2678 2415 2733 artiﬁciosa
2444 2679 2634 2734 fraude
2671 2690 2908 2746 utentes,
2940 2692 3000 2738 ut
3030 2692 3342 2755 spontanete
3368 2683 3543 2738 servi-

1965 2768 2097 2820 tutis
2119 2769 2307 2837 jugum
2341 2769 2607 2825 subirent.

2036 2861 2084 2914 7.
2117 2860 2259 2914 Elias
2295 2861 2582 2930 aliquando
2613 2863 2791 2917 aiebat
2819 2863 2994 2918 solum
3027 2880 3086 2918 se
3131 2866 3377 2921 relictum
3429 2867 3543 2938 (qui

1966 2952 2078 3005 Deo
2107 2953 2396 3020 serviret),
2430 2970 2662 3029 moxque
2694 2955 2893 3023 reperit
2919 2965 3139 3009 centum
3162 2958 3462 3027 prophetas
3486 2959 3542 3014 in

1967 3045 2242 3116 speluncis
2270 3048 2536 3112 viventes,
2583 3048 2898 3117 audivitque
2951 3048 3240 3103 Dominum
3293 3051 3396 3104 sibi
3459 3051 3545 3106 di-

1968 3147 2181 3192 ceutem
2211 3157 2222 3192 :
2257 3138 2477 3210 Reliqua
2514 3140 2640 3192 milii
2672 3140 2769 3210 feci
2797 3155 2889 3192 sex
2921 3139 3088 3193 millia
3136 3140 3423 3204 hominum,
3457 3141 3547 3212 qui

1968 3246 2100 3300 genu
2134 3229 2290 3283 Bauli
2317 3247 2416 3283 non
2446 3233 2701 3298 ﬂexerunt
2737 3228 2844 3297 (ΙΙΙ
2877 3232 3002 3303 Reg.
3038 3248 3148 3297 x13,
3185 3234 3291 3299 18).
3329 3233 3547 3288 Postre-

1970 3337 2059 3374 mo
2090 3321 2203 3389 ipse
2221 3337 2382 3374 curru
2401 3322 2491 3376 illo
2518 3337 2836 3386 conscenso,
2857 3323 3135 3393 igneisque
3165 3323 3263 3378 alis
3283 3325 3336 3378 in
3352 3326 3550 3380 cmlum

1971 3411 2178 3473 volans,
2211 3409 2464 3466 Elismum
2497 3414 2708 3479 habuit,
2747 3414 2839 3484 qui
2870 3416 2923 3469 in
2957 3432 3014 3469 se
3044 3417 3214 3469 Elian]
3248 3431 3550 3483 repraesen-

1975 3501 2128 3560 tavit,
2159 3501 2270 3555 imo
2325 3504 2496 3572 major
2545 3503 2816 3557 interdum
2853 3505 3000 3558 visus
3049 3511 3154 3569 est,
3214 3514 3374 3572 prout
3435 3505 3550 3574 ipse

1973 3593 2180 3662 optavit
2211 3593 2304 3656 (IV
2341 3594 2464 3665 Reg.
2501 3612 2562 3660 ιι,
2600 3594 2695 3665 9).
2749 3595 2880 3650 Sine
2929 3595 3094 3651 dubio
3142 3611 3290 3650 nunc
3337 3612 3552 3666 quoque

1973 3687 2105 3739 latet
2139 3686 2340 3740 alicubi
2387 3688 2635 3750 Elisaeus,
2683 3689 2775 3759 qui
2814 3688 2990 3743 Patris
3032 3689 3268 3742 tneloten
3309 3688 3549 3743 sustulit.

1975 3777 2138 3844 Quid,
2168 3794 2284 3845 oro,
2325 3780 2367 3833 si
2399 3789 2455 3833 tu
2506 3780 2593 3834 illa
2622 3788 2782 3834 aetate
2833 3781 3083 3846 vixisses,
3143 3796 3248 3850 qua
3297 3778 3553 3833 Servator

1977 3871 2248 3939 apparuit,
2276 3879 2438 3940 atque
2489 3872 2562 3925 ita
2615 3888 2738 3928 cum
2795 3873 3056 3942 apostolis
3105 3887 3349 3934 versans,
3402 3870 3551 3923 illum

1977 3963 2193 4030 quidem
2225 3962 2541 4018 cruciﬁxum
2573 3964 2826 4028 vidisses,
2874 3962 3223 4018 cruciﬁxores
3271 3971 3454 4016 autem
3503 3971 3554 4016 te

1981 4059 2275 4112 iuvitantes
2318 4059 2563 4112 audisses
2593 4067 2648 4112 et
2692 4056 3023 4112 assentando
3072 4056 3336 4120 dicentes,
3373 4055 3555 4111 omnia

1982 4159 2159 4204 morte
2187 4151 2495 4205 necessario
2518 4150 2682 4214 ﬁniri,
2704 4167 2834 4204 num
2859 4150 2922 4203 ad
2947 4149 3237 4219 apostolos,
3260 4148 3347 4203 die
3375 4150 3553 4212 sodes,

1983 4245 2247 4299 accedens
2278 4244 2527 4299 hortatus
2554 4259 2646 4298 eos
2675 4259 2846 4307 esses,
2881 4251 2941 4296 ut
2978 4242 3240 4312 Caipbam
3292 4239 3558 4295 conveni-

1984 4347 2127 4403 rent,
2157 4346 2477 4392 actam-rem
2507 4337 2810 4399 laudarent,
2860 4333 3135 4388 dexteram
3167 4333 3310 4385 illam
3337 4329 3559 4386 christi-

1985 4430 2161 4484 cidam
2194 4428 2613 4485 oscularentur?
2643 4427 2772 4480 Sine
2804 4426 2971 4479 dubio
3013 4425 3115 4477 hoc
3147 4424 3250 4477 illis
3279 4437 3386 4475 non
3433 4437 3563 4492 per-

1987 4517 2294 4571 suasisses:
2331 4525 2386 4570 tu
2419 4533 2548 4570 vero
2586 4517 2693 4569 hoc
2731 4513 2874 4567 facto
2927 4512 3165 4582 Spiritus
3195 4513 3339 4565 dono
3393 4517 3568 4566 temet

1988 4608 2277 4676 privasses,
2311 4615 2366 4661 et
2397 4605 2699 4660 innumeris
2747 4603 2853 4656 illis
2895 4603 3070 4665 bouis,
3107 4618 3222 4672 qua:
3256 4617 3346 4654 nec
3379 4599 3560 4653 oculus

1989 4700 2137 4763 uidit,
2185 4715 2347 4769 neque
2404 4699 2549 4751 auris
2609 4695 2841 4760 audivit,
2903 4710 3066 4764 neque
3095 4693 3151 4745 in
3203 4707 3292 4744 cor
3339 4689 3563 4743 hominis

1991 4792 2330 4844 ascenderunt
2361 4789 2426 4859 (l
2455 4788 2573 4844 Cor.
2604 4803 2663 4852 ιι,
2691 4788 2787 4857 9),
2844 4802 2964 4856 qua:
3019 4784 3271 4840 videlicet
3320 4780 3561 4838 cruciﬁxi

1993 4877 2218 4932 donavit
2246 4876 2402 4931 nobis
2430 4875 2757 4945 benignitas.

2065 4967 2116 5022 8.
2149 4967 2280 5033 Quae
2308 4982 2429 5020 cum
2458 4967 2530 5020 ita
2556 4966 2684 5032 sint,
2717 4981 2786 5020 ne
2815 4981 2963 5020 nunc
3009 4963 3230 5033 quidem
3275 4963 3563 5032 desperare

1995 5059 2139 5121 licet,
2169 5060 2382 5119 fratres,
2416 5059 2484 5112 de
2513 5058 2606 5111 Dei
2633 5058 2852 5112 auxilio.
2881 5056 2988 5112 Sed
3011 5057 3318 5112 necessario
3338 5052 3565 5110 dicenda

1995 5151 2154 5207 nobis
2181 5161 2309 5206 sunt
2336 5152 2502 5205 verba
2541 5153 2840 5222 priscorum
2866 5149 3292 5205 adolescentium
3319 5147 3557 5204 illorum,

2071 5339 2140 5404 (el
2173 5338 2311 5394 Num
2340 5353 2441 5407 pro
2478 5337 2685 5408 μακρόν
2705 5338 2732 5390 ?

2073 5411 2137 5482 (f)
2176 5409 2506 5482 Gabaonitas
2533 5409 2684 5464 dicit.
3009 5471 3031 5482 _
3092 5476 3103 5482 Δ
3212 5463 3341 5482 in
3392 5462 3480 5482 “Ag

2074 5463 2706 5550 iﬁ'),M§fdJ.lddo'ozsra,
2737 5492 2835 5547 pro
2871 5487 2978 5543 quo
3005 5471 3232 5526 fartam
3253 5463 3347 5522 hic
3377 5463 3578 5524 dicitur

2005 5547 2430 5613 ὐπᾶλλὰξαντες.
