2758 4350
320 219 352 248 ι,
1079 201 1321 240 τιιεουοιιι
1350 202 1721 242 TRIMITIIIJNTINI
2099 194 2134 214 ’
2353 221 2383 253 κ
2504 218 2553 247 ιιι

317 290 500 336 οὐρανοῖς,
521 289 559 330 ὃς
580 288 678 323 ἐστιν
701 285 824 328 ξκανδς
852 284 1014 333 τιμωρὸς
1046 285 1113 333 μὲν
1129 283 1300 331 γενέσθαι
1321 287 1396 328 τοῖς

319 352 472 394 ἀδίκοις,
491 349 698 398 προστάτης
713 346 750 383 δὲ
766 347 834 395 τῆς
859 348 1048 396 ἡμετέρας
1068 348 1220 396 ἀγέλης.
1242 349 1317 384 Καὶ
1333 348 1400 385 ἐὰν

321 416 386 463 μὴ,
401 412 560 460 γνωστὸν
573 410 668 446 ἔστω
684 410 796 446 πᾶσιν
812 410 1038 459 ἀνθρώποις,
1053 412 1110 448 ὅτι
1127 411 1280 460 οὐδεμία
1296 411 1400 448 ἔσται

320 473 488 520 κοινωνία
512 471 739 518 φονευθεῖσιν
773 472 986 522 ἀνθρώποις
1022 475 1116 520 μετὰ
1145 474 1220 511 τῶν
1251 474 1400 511 ἀνελόν-

317 547 401 574 των.
423 533 512 571 Οὐδὲ
531 532 737 583 ἀνεξόμεθα
759 536 954 582 προσιέναι
972 536 1082 586 Θυσὶᾳ⁵
1100 537 1167 585 (a),
1185 538 1231 585 ἢν
1248 537 1401 584 ἐποίησε

1469 288 1605 336 καρδία
1634 288 1702 335 μὲν
1729 287 1786 322 ἔτι
1814 285 1898 323 καθ’
1921 285 2030 334 ἡμῶν
2057 285 2229 333 φονῶσα,
2250 285 2398 333 γλῶττα
2421 287 2461 324 δὲ
2492 289 2556 326 καὶ

1467 351 1553 399 χεὶρ
1567 350 1620 397 τῷ
1633 351 1696 387 τοῦ
1711 350 1855 387 δικαίου
1875 361 1916 386 τε
1937 350 2003 386 καὶ
2018 349 2093 386 τῶν
2109 349 2253 386 ἐκείνου
2268 349 2410 388 παίδων
2425 351 2555 400 αἵματι

1469 413 1739 462 πεφοινιγμένη
1762 414 1828 462 (ω.
1859 412 1970 457 Ἀλλ’,
1990 408 2020 449 ὦ
2039 412 2224 461 θαυμάσιε
2243 413 2383 463 Πάτερ,
2403 413 2554 452 ἕντεινε

1469 476 1537 513 καὶ
1563 477 1788 514 κατευυδοῦ
1814 477 1881 513 καὶ
1900 476 2223 520 ﬂuentius/Rat
2249 476 2323 513 τῶν
2357 476 2555 524 βασιλικῶν

1469 539 1594 576 αὐλῶν
1613 540 1782 577 ἐπίϐαινε
1798 539 1862 577 τοῦ
1879 538 2057 589 Χριστοῦ.

361 610 412 665 (ᾳ)
434 609 609 665 intelligit
627 613 928 665 communionem
951 615 989 651 in
1019 614 1171 659 divinis,
1197 614 1235 651 id
1267 620 1324 651 est
1349 613 1386 650 in
1409 623 1514 652 sacra
1534 615 1697 665 liturgia,
1722 627 1807 654 cum
1829 616 2053 654 adversariis
2071 615 2339 665 Chrysostomi.

361 658 408 705 (b)
431 657 519 694 Cod.
544 657 852 706 τὲεφοινιγμένων.

1433 708 1452 737 /

1997 747 2100 756 ην..-
2112 747 2532 765 ..η-«μέρ-Ἳ-σ--η

773 855 1017 898 MONITUM
1047 856 1101 896 ΙΝ
1131 855 1366 904 SEQUENS
1395 820 1663 895 THEODORI
1689 852 2098 895 TRIMITHUNTINI

363 969 390 1005 Λ
416 970 590 1007 Theodoro
617 970 862 1006 Trimitlmntis
882 971 920 1006 in
953 969 1070 1017 Cypro
1092 968 1212 1006 insula
1234 970 1397 1017 episcopo

314 1034 486 1080 scriptam
499 1033 570 1069 divi
587 1032 823 1080 Chrysostomi
841 1033 957 1070 Vitam
978 1033 1076 1079 apud
1090 1044 1126 1069 se
1145 1032 1286 1077 habere,
1306 1033 1396 1069 dixit

316 1095 470 1132 Allutius
493 1096 529 1131 in
555 1095 730 1139 Dialriba,
759 1107 795 1143 p.
820 1097 901 1139 171,
922 1107 958 1132 η,
982 1094 1071 1140 CVI,
1101 1095 1266 1144 idemque
1290 1106 1397 1142 opus-

315 1158 434 1194 culum
467 1166 802 1194 commemoraverat
845 1159 954 1196 etiam
985 1160 1022 1196 in
1058 1159 1133 1195 alia
1165 1159 1321 1195 diatriba
1347 1159 1397 1196 De

317 1221 564 1264 Simeonilms,
587 1233 622 1268 p.
637 1221 695 1258 81.
715 1221 797 1258 Jam
819 1229 850 1258 et
870 1223 1076 1270 Lequinius,
1093 1221 1158 1258 Or.
1177 1222 1261 1265 Ch.,
1287 1228 1314 1258 t.
1338 1221 1391 1266 ΙΙ,

316 1284 374 1319 ubi
395 1285 438 1320 de
461 1283 567 1331 Cypri
587 1285 758 1331 episcopis
775 1285 839 1320 col.
866 1286 970 1329 1071,
990 1287 1083 1321 hanc
1104 1284 1273 1321 Theodori
1293 1284 1396 1321 luctt-

315 1346 510 1381 brationem
548 1347 583 1382 in
613 1348 732 1383 codice
770 1346 882 1396 Regio
915 1347 1118 1384 Parisiensi
1150 1347 1244 1384 1855
1270 1353 1396 1383 narrat

313 1414 466 1443 exstare.
483 1406 767 1455 Montfauconius
787 1408 872 1444 item
894 1407 1248 1451 Biblioth.Coislin.,
1260 1419 1295 1455 p.
1313 1407 1395 1451 195,

313 1470 399 1506 vidit
420 1471 581 1506 eamdem
604 1471 640 1506 in
654 1472 772 1508 codice
795 1472 875 1515 121,
890 1477 927 1507 ut
942 1477 1095 1518 apparet
1117 1482 1160 1507 ex
1176 1471 1398 1518 initio.quod

315 1539 434 1567 tamen
459 1532 536 1567 sine
555 1533 711 1568 auctoris
733 1533 874 1569 nomine
902 1533 1042 1569 recitat.
1068 1531 1231 1580 Bigotius
1247 1533 1399 1580 denique

316 1593 351 1627 in
387 1591 602 1639 Prwfatione
624 1593 671 1628 ad
700 1593 862 1631 Palladii
883 1595 1071 1644 Dialogum
1089 1608 1159 1633 non
1185 1596 1263 1643 ejus
1282 1596 1399 1633 solum

318 1654 491 1696 meminit,
508 1654 568 1690 sed
589 1659 622 1690 et
639 1654 775 1702 aliquot
797 1668 916 1694 versus
938 1659 1057 1705 refert,
1078 1660 1115 1696 in
1137 1659 1399 1706 Montfauconii

317 1726 463 1761 operum
486 1714 722 1763 Chrysostomi
739 1717 893 1754 editione
916 1726 940 1755 t.
958 1719 1065 1762 XIII,
1084 1720 1210 1768 Praef,
1225 1733 1260 1768 p.
1280 1721 1317 1765 9,
1341 1722 1400 1758 ubi

319 1787 438 1812 tamen
476 1778 637 1814 mendose
667 1779 788 1816 scribit
824 1780 1038 1830 καταξιωθῇ
1068 1793 1132 1828 pro
1167 1781 1399 1830 κατηξιώθη,

319 1840 398 1886 ἦτοι
419 1851 482 1886 pro
501 1836 618 1883 οὗτος,
641 1845 701 1878 sed
734 1848 854 1879 tamen
873 1843 999 1880 melius
1018 1845 1058 1887 ὃς
1074 1856 1139 1892 pro
1155 1845 1219 1888 ὡς,
1243 1852 1275 1882 et
1295 1845 1396 1882 ἐνδε-

319 1905 540 1950 νςαμηνιαίον
577 1915 641 1952 pro
675 1905 956 1955 ἑνδεκαμήνεον.
998 1908 1213 1946 Vocabulum
1246 1909 1396 1957 denique

320 1963 584 2007 κατάκλειστος
603 1968 700 2013 apud
715 1967 895 2016 Bigotium
911 1969 954 2005 de
974 1977 1080 2006 cauta
1102 1971 1218 2017 potius
1233 1978 1266 2008 et
1286 1983 1394 2019 spon-

320 2031 426 2061 tanea
465 2025 641 2072 Palladii,
674 2036 787 2067 metus
822 2043 925 2079 ergo,
949 2032 1143 2070 inclusione
1182 2035 1396 2083 intelligitur

318 2100 426 2135 quam
443 2090 486 2126 de
503 2102 655 2129 carcere.

365 2150 479 2188 Porro
501 2153 548 2189 ad
559 2161 739 2190 auctorem
758 2157 851 2203 quod
866 2158 1006 2203 attinet,
1029 2159 1227 2197 Theodorus
1241 2161 1298 2196 hic
1319 2162 1396 2198 Tri-

320 2213 504 2251 mithuntis
535 2216 729 2263 episcopus,
751 2226 902 2265 apparet
941 2221 1151 2269 disseritque
1181 2223 1217 2258 in
1255 2223 1396 2260 actione

320 2286 380 2312 xiv
405 2277 544 2313 concilii
577 2280 668 2315 sexti
690 2282 918 2326 mcumenici,
940 2295 1036 2320 anno
1066 2285 1198 2321 Christi
1230 2286 1314 2330 680,
1336 2287 1396 2323 ubi

319 2339 427 2374 etiam
469 2341 720 2390 archiepiscopi
751 2345 807 2381 sui
843 2344 1038 2393 Epiphanii
1069 2347 1107 2384 II
1134 2347 1250 2384 locum
1282 2350 1395 2386 tenuit

321 2397 474 2442 (Concil.
510 2400 563 2436 ed.
594 2400 749 2439 Florent.
785 2404 916 2445 Zattaz.
943 2413 967 2442 ι.
994 2406 1066 2451 XI,
1090 2408 1156 2445 col.
1181 2409 1287 2457 585).
1311 2409 1397 2448 Sine

317 2459 422 2497 dubio
439 2468 558 2498 autem
587 2464 720 2513 Anglus
740 2465 897 2505 Savilius
923 2470 1016 2507 inter
1038 2471 1160 2508 varias
1178 2483 1268 2519 quas
1285 2473 1396 2509 edidit

318 2524 354 2558 in
376 2529 469 2559 tomo
489 2533 611 2563 octavo
634 2527 873 2576 Chrysostomi
890 2533 1034 2570 Graecas
1067 2534 1174 2576 Vitas,
1194 2535 1287 2571 hanc
1305 2548 1397 2584 quo-

317 2598 382 2624 aue
405 2600 426 2624 a
448 2588 623 2626 Theodoro
644 2594 881 2641 conscriptam
903 2596 1162 2641 collocauisset,
1183 2599 1253 2634 nisi
1273 2604 1305 2634 et
1337 2610 1397 2635 co-

315 2651 390 2687 dice
410 2657 443 2687 et
464 2652 540 2699 ipsa
560 2654 624 2697 rei,
645 2662 682 2691 ut
697 2657 848 2700 videtur,
873 2659 999 2696 notitia
1022 2661 1207 2697 caruisset.
1225 2659 1396 2709 Quodque

315 2715 428 2763 magis
447 2717 650 2754 mirandum
675 2725 738 2762 est,
754 2720 893 2768 ignotus
909 2723 975 2770 fuit
995 2724 1050 2759 hic
1075 2723 1276 2761 Theodorus
1299 2724 1395 2762 Crte-

315 2786 354 2811 co
388 2778 526 2813 auctori
553 2778 718 2828 Catalogi
739 2781 1014 2830 biographorum
1037 2783 1277 2833 Chrysostomi
1296 2786 1394 2831 apud

315 2839 475 2874 eumdem
512 2837 687 2878 Savilium
703 2868 713 2885 ,
739 2848 765 2878 t.
793 2842 900 2888 VIII,
923 2856 958 2891 p.
981 2846 1077 2890 295,
1098 2858 1161 2882 nec
1195 2858 1265 2882 non
1297 2846 1394 2892 apud

316 2899 557 2946 Lambecium,
581 2904 641 2940 lib.
673 2915 752 2949 vui,
773 2918 810 2953 p.
833 2906 918 2952 635,
954 2909 1012 2945 ubi
1046 2910 1140 2946 inter
1168 2909 1296 2958 viginti
1315 2907 1393 2943 bio-

315 2963 467 3010 graphos
501 2970 617 3002 noster
636 2967 692 3003 hic
715 2979 785 3004 non
817 2977 1033 3008 recensetur.
1059 2971 1132 3008 Nos
1164 2982 1247 3007 vero
1281 2980 1394 3016 nuper

1469 967 1561 1004 hunc
1581 967 1779 1004 invenimus
1800 968 1836 1004 in
1857 969 2024 1004 maxima'
2040 967 2142 1005 molis
2153 969 2270 1006 codice
2288 968 2459 1006 Vaticano
2472 969 2553 1014 866,

1468 1030 1600 1066 sa'culo
1616 1031 1759 1066 circiter
1776 1041 1841 1068 xm
1859 1032 2008 1079 scripto,
2027 1037 2061 1067 et
2071 1031 2223 1078 fortasse
2241 1032 2338 1078 apud
2360 1043 2422 1068 nos
2440 1033 2552 1074 unica,

1467 1093 1530 1129 sed
1545 1093 1589 1129 ab
1601 1094 1835 1130 amanuensis
1849 1094 2032 1140 imperitia
2051 1095 2187 1140 passim
2205 1094 2343 1131 mendis
2357 1095 2552 1142 inquinata,

1469 1167 1549 1204 qua
1570 1167 1635 1202 pro
1653 1156 1788 1193 viribus
1817 1157 2015 1204 auferenda
2036 1157 2269 1202 curavimus;
2291 1163 2496 1205 textumque
2520 1158 2555 1193 in

1469 1219 1642 1257 articulos
1663 1219 1710 1256 52
1727 1219 2089 1266 distinximus,eique
2109 1219 2385 1257 translationem
2400 1226 2556 1258 nostram

1471 1282 1641 1318 Latinam
1662 1281 1935 1330 adjungendam
1951 1282 2172 1319 curavimus.

1517 1343 1614 1380 Sane
1637 1355 1700 1381 nos
1718 1351 1750 1380 et
1777 1344 1851 1380 alio
1878 1351 2035 1392 tempore
2055 1346 2180 1392 magni
2207 1345 2445 1394 Chrysostomi
2469 1356 2553 1382 san-

1469 1406 1631 1442 ctitatem
1667 1407 1951 1455 facundiamque
1987 1408 2182 1451 mirantes,
2217 1414 2378 1444 nostram
2413 1407 2555 1444 libenter

1470 1468 1671 1516 symbolam
1704 1470 1752 1507 ad
1781 1470 1860 1518 ejus
1892 1470 2017 1508 laudes
2045 1470 2286 1508 cumulandas
2313 1469 2555 1512 contulimus;

1469 1533 1646 1579 siquidem
1663 1533 1700 1569 in
1720 1533 1788 1569 hac
1804 1535 1882 1580 ipsa
1905 1534 2055 1571 Patrum
2076 1545 2170 1571 nova
2191 1533 2434 1587 mbliotheca,
2458 1539 2484 1569 t.
2501 1532 2554 1576 Π,

1470 1605 1506 1640 p.
1532 1593 1603 1631 546
1618 1606 1710 1642 seq.,
1735 1596 1909 1643 scriptum
1939 1609 1962 1633 a
1995 1596 2172 1644 Martyrio
2193 1596 2402 1644 patriarcha
2430 1594 2556 1632 Antio-

1471 1657 1580 1692 clteno
1610 1656 1853 1705 Chrysostomi
1875 1658 2088 1696 Encomium
2109 1660 2305 1703 edidimus,
2328 1659 2421 1707 quod
2441 1659 2554 1704 ipsum

1472 1724 1613 1756 exstare
1629 1731 1695 1756 ms.
1717 1721 1827 1757 etiam
1841 1720 2009 1768 Neapoli,
2027 1733 2070 1758 ex
2092 1721 2265 1768 Cataloga
2283 1723 2442 1757 codicum
2460 1720 2557 1759 Crte-

1473 1793 1596 1819 corum
1613 1783 1832 1820 bibliotheca:
1852 1783 2070 1826 Borbonicte,
2084 1794 2120 1829 p.
2141 1782 2223 1826 125,
2235 1783 2474 1830 cognovimus.
2487 1783 2557 1820 De-

1470 1847 1576 1894 nique
1591 1847 1701 1883 etiam
1721 1847 1759 1882 in
1779 1846 1965 1894 Spicilegii
1989 1845 2096 1882 Rom.
2121 1852 2216 1881 tomo
2235 1845 2350 1881 altero
2370 1845 2556 1893 fragmen-

1469 1915 1544 1944 tum
1561 1909 1770 1946 historicum
1789 1921 1834 1946 ex
1849 1909 2082 1957 palimpsesto
2102 1908 2302 1945 Tusculano
2315 1908 2478 1944 dedimus
2489 1909 2552 1955 (a),

1467 1971 1540 2017 ubi,
1558 1973 1651 2009 inter
1686 1972 1776 2016 alia,
1800 1972 2040 2020 Chrysostomi
2070 1983 2206 2020 quoque
2231 1971 2393 2018 expulsio
2422 1983 2554 2008 narra—

1468 2041 1538 2070 tur.
2521 2081 2526 2086 .

1515 2096 1606 2140 Quot
1621 2109 1703 2146 ergo
1714 2104 1846 2134 veteres
1865 2099 1914 2133 ad
1932 2097 2156 2134 scribendam
2172 2096 2414 2144 Chrysostomi
2437 2097 2551 2133 Vitam

1465 2160 1706 2204 incubuerint,
1742 2171 1785 2197 ea;
1816 2159 1990 2209 Catalago
2021 2161 2130 2197 citato
2159 2160 2416 2208 cognoscimus,
2444 2165 2475 2196 et
2509 2169 2551 2196 ex

1466 2223 1570 2259 editis
1588 2235 1609 2258 a
1631 2223 1804 2260 Palladio
1829 2223 2131 2270 llelenopolitano
2165 2224 2282 2260 sancti
2306 2223 2373 2259 viri
2399 2228 2552 2259 contem-

1466 2296 1625 2332 poraneo
1637 2297 1650 2330 ;
1661 2284 2080 2333 GeorgioAlexandrino,
2096 2285 2238 2332 septimi
2254 2285 2376 2321 sa'culi
2391 2285 2554 2328 homine;

1465 2345 1652 2393 Anonymo
1673 2347 1830 2393 quodam
1848 2357 1861 2390 ;
1893 2346 2007 2383 Leone
2024 2345 2208 2393 Sapiente,
2232 2346 2318 2392 imp.
2337 2358 2349 2389 ,'
2369 2357 2413 2382 ac
2440 2345 2553 2382 Meta—

1467 2409 1625 2456 phraste,
1649 2407 1759 2444 nobili
1797 2408 1906 2455 hujus
1929 2409 2133 2456 argumenti
2146 2408 2302 2456 scriptis.
2320 2407 2419 2445 Inter
2435 2419 2554 2445 recen-

1469 2472 1575 2508 tiores
1599 2477 1721 2507 autem
1740 2471 1896 2507 eminent
1922 2470 2182 2514 Tillemontius,
2203 2468 2373 2514 Savilius,
2397 2482 2439 2506 ac
2464 2480 2553 2517 pra-

1468 2535 1569 2581 cipue
1587 2533 1890 2582 Montfauconius.
1914 2533 2017 2569 Nunc
2037 2545 2100 2579 per
2126 2544 2188 2570 nos
2212 2533 2348 2569 accedit
2381 2531 2554 2569 veteribus

1471 2596 1769 2632 Trimithuntinus
1791 2593 2006 2637 Theodorus,
2029 2595 2072 2630 de
2090 2595 2193 2641 cujus
2215 2595 2353 2631 meritis
2377 2607 2420 2632 ac
2447 2595 2553 2631 nmis

1468 2659 1657 2704 disputare
1676 2658 1738 2693 diu
1766 2668 1835 2693 non
1858 2663 1976 2693 vacat.
1995 2656 2096 2694 Certe
2117 2668 2226 2704 quam
2257 2658 2379 2705 objicit
2406 2657 2553 2694 Photius

1469 2721 1547 2756 cod.
1580 2730 1662 2755 xcw
1697 2719 1848 2767 Georgio
1877 2719 1961 2766 styli
1993 2719 2216 2767 χυδαιότητοι
2240 2727 2272 2756 et
2303 2721 2344 2756 τὸ
2376 2731 2550 2770 παριστα-

1469 2783 1559 2830 ρεῖν.
1585 2783 1622 2818 in
1638 2788 1757 2817 nostro
1775 2793 1914 2829 quoque
1936 2781 2115 2818 Theodoro
2141 2784 2276 2830 partim
2303 2791 2397 2821 certe
2421 2793 2553 2829 compe-

1469 2845 1534 2880 riri
1553 2855 1622 2879 non
1637 2855 1737 2891 nego.
1761 2843 2012 2880 Verumtamen
2029 2850 2061 2880 et
2078 2844 2169 2882 illud
2189 2857 2271 2882 cum
2289 2847 2410 2882 eodem
2425 2845 2551 2882 Pltotio

1471 2905 1634 2941 concludi
1651 2911 1763 2951 potest
1784 2916 1796 2941 :
1819 2905 1932 2940 Οὐδὲν
1951 2905 2087 2941 κωλύει
2107 2907 2194 2948 τοὺς
2229 2908 2553 2953 ἀναγινώσκοντας

1470 2966 1740 3014 ἐκλεγομένους
1756 2967 1803 3002 τὰ
1820 2967 2004 3014 χρήσιμα,
2024 2966 2072 3001 τὰ
2089 2967 2200 3002 λοιπὰ
2225 2969 2405 3015 παρορᾷν.
2430 2968 2553 3015 Utique

363 3055 414 3104 (a)
443 3057 598 3096 Exstant
629 3060 708 3098 haec
731 3061 936 3112 fragmenta
957 3065 994 3102 in
1014 3065 1220 3112 appendice
1241 3063 1288 3099 ad
1309 3061 1498 3104 saeculum,
1522 3061 1559 3096 in
1579 3070 1653 3106 quo
1675 3069 1882 3101 versamur,
1902 3057 2090 3104 quintum.
2114 3057 2218 3094 Enrr.
2239 3056 2351 3094 Pun.

313 3189 2526 3213 W

635 3304 1048 3364 ΘΕΟΔΩΡΟΥ
1091 3298 1550 3358 ΕΠΙΣΚΟΠΟΥ
1603 3295 2215 3356 ΤΡΙΜΗΘΟΥΝΤΩΝ

772 3435 899 3470 ΠΕΡΙ
919 3433 1007 3468 ΤΟΥ
1022 3431 1144 3467 ΒΙΟΥ
1161 3427 1246 3465 ΚΑΙ
1267 3426 1364 3463 ΤΗΣ
1383 3424 1602 3462 ΕΞΟΡΙΑΣ
1617 3425 1707 3460 ΚΑΙ
1727 3423 1826 3460 ΤΩΝ
1845 3425 2073 3462 ΘΛΙΨΕΩΝ

309 3533 515 3574 ῙΩΔΝΝΟΥ
531 3538 624 3575 ΤΟΥ
645 3537 1022 3576 ΜΑΚΑΡΙΩΤΑΤΟΥ
1049 3532 1439 3572 ΑΡΧΙΕΠΙΣΚΟΠΟΥ
1469 3531 2030 3569 ΚΩΝΣΤΛΝΤΙΝΟΥΠΟΛΕΩΣ
2056 3533 2148 3569 ΤΟΥ
2174 3533 2536 3572 ΧΡΥΣΟΣἸῚᾺῙΟΥ.

355 3731 460 3778 (Cod.
481 3729 565 3763 Vat.
584 3726 668 3770 866,
685 3726 710 3761 f.
730 3726 791 3762 69.
811 3728 848 3773 a)
879 3731 926 3763 α’.
957 3727 1182 3775 Ἀγατητοξε
1209 3729 1386 3777 Ἀψευδὴς

306 3789 323 3826 ὁ
344 3791 434 3830 Θιδς
453 3790 472 3822 ό
503 3785 563 3822 διὰ
581 3785 645 3822 τοῦ
666 3787 859 3835 Προφήτου
887 3788 1006 3835 λέγων
1019 3801 1027 3809 ·
1051 3789 1210 3826 Eolla!
1231 3793 1271 3827 al
1297 3792 1379 3829 θλί-

307 3852 398 3896 ειρρις
418 3845 498 3882 τῶν
519 3846 699 3885 δικαίων.
718 3849 792 3884 Καὶ
813 3849 935 3885 πάλιν·
959 3853 1154 3888 limares?
1171 3855 1192 3888 ὀ
1207 3853 1383 3900 ἁμαρτίαι

317 3908 387 3953 λὸς
410 3907 480 3942 τὸν
506 3908 677 3947 δίκαιον.
710 3911 783 3948 Καὶ
825 3911 934 3950 πάλιν
966 3914 1089 3960 φησίν·
1123 3915 1385 3963 Ἐιέὃρειτο-υμ

1453 3743 1534 3778 μεν
1552 3732 1624 3768 τὸν
1644 3732 1817 3776 δίκαιον,
1834 3732 1894 3769 ὅτι
1913 3733 2180 3782 δύσχρηστος
2202 3736 2301 3785 ἡμῖν
2319 3736 2448 3779 ἐστιν,
2470 3733 2533 3770 καὶ

1453 3794 1601 3842 βαρὺς,
1642 3795 1768 3844 φησιν,
1807 3796 1872 3832 καὶ
1906 3797 2179 3846 βλεπίμενος.
2221 3796 2423 3844 Μακάριος
2450 3794 2536 3842 γὰρ,

1457 3859 1583 3904 φησιν,
1605 3858 1650 3903 ὃς
1665 3859 1863 3906 ὑπομενεῖ
1882 3865 2123 3909 πειρασμόν.
2151 3860 2321 3907 Ἰέυάννης
2341 3853 2458 3900 οὗτος.
2481 3868 2539 3903 μι-

1458 3921 1546 3966 κρὸς
1569 3920 1619 3958 ὢν
1650 3924 1693 3970 τῇ
1719 3922 1858 3970 ἡλικία.
1895 3924 2097 3972 ἐπαιδεύθη
2131 3925 2232 3972 πάσῃ
2264 3922 2372 3970 σοφίᾳ
2400 3918 2540 3968 ἀνθρώ·
