4060 6196
229 182 320 222 ιιιι
1008 172 1094 225 DE
1133 173 1294 228 VITA
1333 175 1420 229 ET
1459 175 1728 234 EXSILIO
1771 180 1828 234 S.
1864 180 2149 239 JllANNlS
2190 184 2695 243 CHRYSOSTOMI.
3413 213 3498 254 ttv

227 286 486 341 sidelicet
515 304 526 337 :
563 286 718 340 Brevi
753 296 998 356 tempore
1031 289 1462 347 vicissitudinem
1509 295 1812 364 patiamur,

223 384 361 449 quia
386 387 470 432 est
502 378 645 432 Deus
677 379 729 430 in
761 379 934 441 ccelis,
992 380 1085 449 qni
1143 381 1356 452 iniquos
1383 386 1578 453 punire
1635 388 1776 441 valet
1802 431 1814 454 ,

229 481 482 525 nostrum
497 478 678 522 autem
695 485 912 539 gregem
925 479 1206 541 protegere
1231 472 1311 543 (ll
1325 473 1561 530 Mue/tab.
1584 494 1680 540 vu,
1708 479 1811 535 lli.

236 562 484 618 Profecto
537 560 581 614 si
630 559 767 614 nihil
824 561 992 624 aliud,
1047 572 1195 618 certe
1252 566 1461 621 cunctis
1507 569 1818 624 hominibus

231 655 572 724 exploratum
601 660 738 716 esto,
768 651 974 706 nullam
1005 653 1121 708 fore
1151 655 1453 712 interfectis
1504 659 1818 716 hominibus

229 763 355 801 cum
387 744 832 850 interieptorihus
871 746 1335 802 communionem.
1366 750 1433 803 Et
1465 767 1532 806 ne
1564 751 1639 805 illi
1693 755 1816 823 qui-

1184 983 1430 992 *σι-..-

1431 987 1780 997 Ἠ

1783 991 2081 1000 —————____

1925 297 2050 352 deni
2103 299 2372 355 sacriﬁcio
2399 311 2576 357 astare
2607 303 2894 373 patiemur,
2950 309 3093 376 quod
3147 327 3239 366 cor
3289 315 3500 384 peragit

1925 388 2058 441 caedi
2091 397 2290 444 nostra:
2322 391 2500 445 adhuc
2530 393 2768 458 inhians,
2803 394 2984 466 lingua
3038 399 3168 453 item
3200 409 3255 456 et
3306 419 3504 458 inanus

1925 485 2044 547 qua:
2070 480 2199 549 justi
2233 482 2334 535 viri
2365 491 2418 536 et
2449 484 2678 538 ﬁliorum
2710 486 2828 553 ejus
2877 489 3137 558 sanguine
3171 492 3348 546 rubet.
3395 494 3501 548 Sed

1927 576 1986 622 tu
2015 571 2260 634 interim,
2297 573 2613 628 admirande
2643 574 2828 639 Pater,
2879 578 3104 641 intende,
3155 589 3241 632 eti
3255 598 3502 650 prospere

1926 662 2160 729 procede,
2193 678 2256 713 ac
2292 680 2449 732 regna
2489 664 2506 734 (
2525 663 2671 717 Psal.
2705 681 2846 730 κων,
2884 667 2977 736 5),
3036 677 3090 722 et
3145 671 3198 724 in
3260 674 3492 742 regalem

1926 757 2127 811 Christi
2160 760 2338 813 aulam
2381 763 2706 816 conscende.

985 1114 1438 1177 OPUSCULUM
1481 1119 1578 1177 DE
1617 1120 1678 1179 s.
1724 1122 2015 1182 JOANNE
2060 1125 2602 1186 cuursosrono
2658 1125 2763 1205 (ιι).

237 1327 414 1368 noster
452 1316 742 1385 simplicior
790 1317 950 1369 multo
997 1319 1366 1389 astrictiorque
1408 1330 1500 1383 est,
1537 1337 1698 1390 neque
1745 1328 1818 1372 tot

235 1407 746 1475 reprehensionibus,
775 1417 895 1477 quot
925 1407 1191 1479 Georgius,
1205 1397 1415 1464 'ansam
1440 1412 1651 1480 prwbet.
1685 1413 1814 1466 Per.-

237 1507 326 1551 cat
357 1508 535 1551 tamen
577 1500 632 1551 in
665 1499 862 1567 aliquot
892 1499 1250 1567 episcoporum
1277 1501 1588 1557 nominibus.
1633 1511 1680 1554 et
1705 1503 1816 1555 alia

236 1593 479 1657 quaedam
511 1605 702 1656 parum
731 1589 1000 1642 credibilia
1028 1589 1198 1644 habet.
1231 1588 1332 1645 Sed
1359 1608 1451 1644 nos
1493 1603 1644 1660 prout
1675 1593 1819 1660 jacet

235 1680 516 1750 vulgamus
545 1697 558 1741 ;
586 1681 708 1733 aliis
735 1689 903 1734 artem
943 1683 1181 1735 criticum
1221 1685 1558 1737 exercendam
1602 1687 1820 1752 permit-

238 1772 425 1824 timus.
461 1769 564 1824 Sed
592 1780 640 1824 et
665 1770 773 1824 alia
803 1772 1025 1824 dicenda
1053 1783 1286 1842 superest
1315 1776 1496 1842 scripti
1525 1775 1682 1844 hujus
1713 1776 1789 1829 uti
1799 1805 1822 1816 -

237 1863 384 1926 litas,
414 1878 594 1931 nempe
638 1871 693 1915 ut
723 1863 920 1933 iniqua:
940 1861 1086 1916 illius
1119 1865 1190 1917 ad
1227 1863 1486 1929 Quercum
1517 1865 1821 1934 (Chalcedo-

237 1954 324 2006 nis
344 1952 671 2023 suburbium)
700 1955 907 2023 synodi,
946 1971 1086 2008 anno
1113 1954 1218 2010 405
1239 1956 1486 2010 adversus
1515 1955 1821 2026 Chrysosto-

241 2060 384 2096 mum
414 2043 629 2108 habitur,
656 2043 907 2098 Theodori
951 2047 1116 2099 nostri
1171 2048 1432 2113 narratio,
1468 2049 1523 2101 in
1550 2047 1822 2102 Concilio-

244 2151 360 2188 rum
393 2135 723 2192 Collectionc
759 2137 861 2204 (ed.
905 2138 1134 2193 Floreat.
1168 2139 1341 2193 Zatta:
1376 2149 1414 2193 t.
1439 2140 1544 2210 111)
1572 2151 1820 2209 ponatur,

244 2228 331 2279 ubi
373 2227 624 2280 hactenus
673 2229 878 2282 nonnisi
909 2246 972 2283 ea:
1009 2230 1215 2296 Photio,
1260 2241 1308 2284 et
1351 2232 1618 2298 Palladio,
1664 2250 1727 2287 ac
1768 2233 1825 2287 li-

242 2316 385 2370 bello
413 2319 656 2386 synodico
698 2329 841 2372 actus
879 2319 1202 2391 legebantur.

323 2409 596 2462 Postremo
639 2410 764 2462 mihi
791 2410 952 2480 paulo
981 2412 1291 2482 explicatius
1320 2414 1593 2468 dicendum
1623 2417 1828 2469 videtur

244 2500 310 2551 de
327 2500 513 2568 priscis
537 2499 641 2554 illis
669 2502 920 2570 epistolis,
946 2519 1076 2573 quas
1101 2507 1172 2559 ad
1199 2505 1408 2559 verbum
1449 2508 1630 2560 recitat
1664 2507 1827 2562 Theo-

247 2593 425 2656 dorus,
462 2591 815 2662 Augustorum
845 2595 1040 2650 scilicet
1067 2596 1282 2650 Arcadii
1309 2606 1357 2651 et
1395 2598 1634 2663 Honorii,
1666 2599 1830 2653 Inno-

247 2684 402 2736 centii
451 2701 625 2753 papa',
661 2684 943 2755 Theophili,
975 2687 1159 2756 synodi
1187 2684 1458 2752 Romanaz,
1496 2705 1613 2742 cum
1661 2691 1832 2742 mino-

252 2775 392 2828 ribus
420 2775 562 2830 aliis.
605 2777 700 2832 Hie
750 2779 977 2848 quidem,
1024 2780 1220 2848 partim
1249 2779 1454 2846 saltem,
1502 2783 1646 2849 apud
1699 2780 1833 2834 alios

251 2883 454 2936 quoque
503 2868 814 2938 biographos
850 2880 1128 2923 occurrunt
1153 2881 1448 2941 ;.quatuor
1477 2882 1650 2925 autem
1703 2873 1832 2925 rcci-

253 2971 437 3014 tautur
469 2979 500 3013 a
529 2960 835 3016 Constantio
885 2963 939 3015 in
976 2963 1076 3032 Ep.
1120 2963 1309 3033 pontii.
1351 2965 1477 3018 tomi
1515 2966 1829 3034 appendice,

249 3064 476 3122 sumpta.-
495 3071 559 3108 ea:
587 3054 768 3125 Clgca,
793 3055 1084 3124 Nicephoro
1123 3055 1335 3120 Calixti,
1377 3066 1425 3110 et
1461 3057 1710 3120 Baronio,
1745 3058 1835 3110 sed

253 3146 443 3216 ubique
478 3163 596 3200 cum
632 3147 875 3216 plurimis
906 3148 1268 3202 varietatibus.
1303 3148 1458 3202 Totus
1486 3159 1662 3202 autem
1694 3151 1748 3202 in
1777 3166 1835 3202 eo

252 3238 594 3290 Constantius
629 3248 701 3291 est
741 3279 755 3302 ,
789 3247 843 3291 ut
891 3239 986 3291 has
1035 3240 1244 3308 spurius
1292 3240 1452 3304 dicat,
1492 3240 1624 3292 sicut
1674 3240 1836 3293 etiam

252 3327 526 3379 existimat
570 3323 771 3397 Pagius
819 3328 960 3395 apud
994 3326 1304 3381 Baronium.
1343 3327 1613 3383 Concludit
1661 3337 1838 3382 tamen

255 3416 602 3470 Constantius
628 3427 832 3471 tantam
861 3435 950 3472 eas
978 3435 1161 3488 sapere
1184 3419 1574 3489 antiquitatem,
1605 3429 1658 3472 ut
1697 3420 1840 3474 haud

251 3511 421 3561 serius
447 3510 669 3578 fortasse
701 3510 888 3563 sa'culo
924 3520 1066 3563 sexto
1111 3511 1318 3579 scriptae
1364 3511 1655 3563 videantur.
1692 3511 1840 3564 Mitto

255 3619 351 3670 ego
394 3611 441 3654 et
485 3618 721 3655 rcvereor
749 3601 1041 3656 Constantii
1085 3611 1398 3673 argumenta
1443 3603 1693 3656 adversus
1744 3604 1840 3658 has

257 3695 503 3759 litteras;
533 3698 624 3748 sed
654 3706 828 3748 tamen
858 3695 990 3748 illud
1017 3711 1096 3748 me
1127 3711 1318 3765 parum
1347 3703 1533 3759 movet,
1563 3695 1700 3764 quod
1724 3711 1841 3747 cum

258 3802 320 3837 en
354 3785 449 3837 alii
475 3787 660 3850 critici,
685 3803 810 3856 quos
835 3788 970 3840 inter
995 3785 1351 3840 Tillemontius
1382 3785 1518 3840 Hist.
1543 3785 1674 3840 eccl.
1703 3796 1740 3840 t.
1773 3785 1838 3851 X,

257 3893 316 3945 ρ.
350 3875 477 3939 645,
510 3885 768 3942 astruunt,
805 3894 987 3946 nempe
1019 3879 1162 3932 haud
1197 3876 1439 3931 credibile
1470 3877 1635 3930 videri
1660 3918 1672 3941 ,
1707 3878 1843 3945 quod

261 3967 600 4021 Innocentius
635 3969 923 4022 Arcadium
961 3979 1012 4022 et
1059 3969 1356 4022 Eudoxiam
1390 3968 1545 4040 (adde
1575 3977 1622 4021 et
1667 3968 1846 4021 Hono-

259 4061 424 4123 rium)
454 4077 613 4115 assus
634 4063 700 4115 sit
735 4071 845 4114 tam
882 4061 1052 4114 subito
1073 4062 1540 4115 excommunicare.
1564 4060 1701 4115 Nam
1729 4076 1844 4130 quae

258 4160 436 4215 tanta,
485 4168 690 4222 quaeso,
723 4153 881 4207 moles
929 4163 1001 4207 est
1031 4153 1370 4222 difﬁcultatis,
1415 4154 1552 4224 quod
1595 4154 1843 4206 nimirum

329 4315 401 4374 (at
441 4315 552 4371 Mn,
583 4311 876 4362 Bibliotheca
901 4323 1023 4360 nova
1058 4312 1190 4372 PP.,
1221 4319 1256 4361 t.
1279 4311 1363 4372 VI,
1389 4325 1436 4374 p.
1468 4311 1575 4358 265.

261 4512 371 4526 ον...
383 4513 510 4521 -ο
523 4514 709 4522 ...ο-.-

1921 1323 2157 1392 pontifcx
2212 1323 2565 1392 iniquissima,
2615 1333 2661 1376 et
2717 1326 2964 1380 maxima:
3005 1325 3299 1395 offensionis
3332 1328 3384 1379 in
3413 1343 3506 1396 po-

1922 1415 2064 1483 pulo,
2097 1414 2446 1484 Cltrgsostomi
2492 1418 2842 1484 persecutione
2880 1426 2927 1470 et
2973 1419 3155 1472 exsilio
3197 1432 3504 1482 commotus,

1923 1523 2014 1559 nec
2045 1523 2144 1558 non
2180 1516 2328 1559 tanta
2360 1507 2609 1560 adversus
2635 1508 2681 1562 ei
2704 1508 2910 1562 devotos
2944 1510 3170 1572 saevitia,
3204 1519 3252 1562 et
3286 1511 3507 1578 denique

1923 1596 2214 1666 legatorum
2253 1614 2464 1650 suorum
2496 1608 2788 1669 contemptu
2817 1609 2864 1652 et
2898 1601 3220 1669 captivitate,
3245 1602 3390 1669 quid,
3423 1603 3507 1653 in—

1923 1703 2101 1754 quam,
2132 1687 2323 1737 mirum
2354 1696 2427 1738 est
2448 1727 2461 1749 ,
2491 1687 2783 1755 pontiﬁcem
2815 1688 3134 1756 prohibuisse
3173 1689 3373 1757 publice
3404 1690 3506 1741 Au-

1922 1785 2095 1846 gustos
2123 1793 2153 1828 a
2174 1786 2636 1839 sacramentorum,
2659 1792 2879 1844 quorum
2909 1787 3057 1829 erant
3082 1779 3304 1847 indigni,
3335 1778 3510 1842 parti--

1923 1868 2226 1935 cipatione?
2253 1866 2400 1920 Nihil
2423 1866 2561 1919 enim
2597 1865 2747 1918 aliud
2777 1866 3042 1918 continent
3078 1866 3370 1919 Innocentii
3401 1868 3507 1919 ilhc

1924 1960 1995 2013 ad
2022 1961 2186 2032 regios
2210 1960 2453 2030 conjttgcs
2475 1960 2679 2013 litterae.
2711 1958 2847 2024 Quid
2872 1961 2896 2013 ἱ)
2926 1975 3093 2012 nonne
3121 1958 3176 2012 S.
3206 1959 3507 2012 Ambrosius

1924 2062 2129 2120 patrem
2150 2052 2366 2104 Arcadii
2385 2051 2739 2116 Theodosium,
2764 2059 2926 2104 tanta:
2954 2051 3134 2122 gloria:
3165 2050 3508 2121 potentiorque

1925 2142 2233 2211 principem,
2279 2142 2469 2210 templo
2513 2143 2814 2212 sanctisque
2851 2141 3108 2211 mysteriis
3164 2141 3508 2193 excluserat?

1925 2231 2096 2285 Porro
2128 2231 2397 2284 notissima
2435 2241 2548 2284 erat
2583 2231 2862 2284 liberorum
2887 2230 3154 2284 Theodosii
3187 2246 3392 2282 summa
3421 2245 3506 2281 re—

1929 2322 2203 2393 ligiositas,
2240 2324 2316 2375 ita
2347 2331 2402 2375 ut
2445 2323 2679 2392 pontifex
2702 2323 2764 2376 de
2807 2323 3023 2377 remedii
3055 2321 3286 2375 utilitate
3317 2329 3364 2374 et
3388 2337 3508 2374 suc-

1929 2428 2070 2466 cessu
2103 2413 2243 2465 haud
2279 2413 2477 2483 frustra
2518 2421 2770 2482 speraret.
2809 2413 2995 2467 Nonne
3041 2421 3088 2466 et
3128 2414 3237 2482 ipse
3261 2412 3510 2483 nuperius

1930 2503 2324 2573 (Ihrysostomus
2393 2503 2691 2557 Eudoxiam
2744 2503 3038 2575 Augustam
3079 2503 3304 2558 ecclesia:
3357 2504 3508 2556 aditu

1932 2593 2319 2649 interdixerat?
2346 2594 2593 2649 Attamen
2617 2597 2753 2650 inter
2790 2614 2880 2650 eas
2917 2595 3163 2667 epistolas
3193 2596 3284 2648 illa
3333 2594 3511 2648 Eudo.

1930 2686 2033 2739 uiae
2059 2686 2129 2738 ad
2153 2685 2512 2739 Innocentium
2564 2688 2829 2756 praecipua
2857 2687 3176 2741 sinceritatis
3218 2687 3370 2757 signa
3401 2702 3511 2755 pra:

1931 2795 1984 2830 se
2005 2778 2141 2848 fert;
2168 2778 2242 2830 ita
2265 2786 2320 2830 ut
2350 2793 2499 2830 nemo
2542 2794 2658 2830 eam
2690 2778 2862 2848 legens
2885 2779 3128 2832 acerbum
3164 2780 3513 2848 pertinacem-

1934 2885 2031 2939 que
2073 2869 2406 2938 prtcpotentis
2445 2869 2653 2939 femina;
2692 2869 2929 2922 animum
2960 2886 3062 2922 non
3091 2879 3361 2940 agnoscat,
3396 2885 3513 2937 qua:

1935 2960 2136 3013 iratum
2182 2961 2503 3013 stomachum
2553 2960 2708 3025 levat,
2749 2969 2798 3013 et
2845 2961 2977 3014 adeo
3024 2960 3205 3029 culpas
3239 2977 3363 3014 suos
3412 2977 3512 3012 non

1937 3054 2150 3122 fatetur,
2185 3063 2240 3105 ut
2284 3052 2704 3122 Chrysostvmum
2748 3054 3056 3124 etiampost
3103 3054 3360 3123 inﬂictam
3415 3055 3512 3121 ipsi

1938 3145 2294 3198 calamitatem
2320 3155 2633 3215 prtcgravet.

2010 3232 2159 3298 Quod
2213 3245 2392 3287 autent
2453 3251 2591 3288 nunc
2643 3252 2706 3289 ea
2762 3237 2982 3306 epistola
3056 3237 3199 3290 nobis
3260 3253 3292 3290 α
3353 3235 3516 3289 Theo-

1938 3328 2066 3380 doro
2129 3327 2466 3390 exhibeatnr,
2511 3329 2901 3393 omittentibus,
2962 3340 3018 3384 ut
3083 3339 3246 3398 puto,
3305 3331 3502 3383 cunctis

1940 3418 2258 3488 biographis,
2311 3417 2690 3488 gratulandum
2741 3429 2834 3473 est.
2904 3420 3173 3474 Postremo
3251 3429 3514 3488 superest.

1940 3517 1998 3560 ut
2045 3523 2140 3576 pro
2175 3507 2403 3560 Romani
2446 3509 2704 3577 pontiﬁcis
2744 3511 3061 3563 auctoritate
3084 3511 3178 3563 hoc
3216 3510 3405 3563 saltem
3435 3511 3519 3563 di-

1943 3600 2188 3652 lemnmte
2228 3609 2350 3652 utar
2375 3614 2394 3652 :
2426 3615 2548 3651 nam
2585 3600 2666 3653 vel
2697 3600 2778 3654 ha:
2815 3600 3003 3655 littercc
3029 3602 3268 3672 genuina:
3297 3611 3438 3665 sunt,
3471 3612 3519 3655 et

1943 3692 2036 3746 illa
2073 3692 2360 3744 auctoritas
2383 3690 2644 3744 luculento
2666 3693 2900 3763 exemplo
2920 3693 3196 3762 firmatur,
3235 3693 3316 3747 vel
3340 3710 3520 3757 secus;

1947 3794 1994 3838 et
2031 3784 2375 3837 vetustissima
2405 3782 2592 3836 saltem
2630 3783 2960 3852 Graecorum,
2992 3786 3222 3839 nondum
3265 3785 3520 3838 schisma-

1949 3877 2189 3938 ticorunt,
2209 3875 2386 3944 opinio
2412 3877 2702 3929 ostenditur
2719 3876 2784 3930 de
2807 3893 3050 3946 supremo
3072 3877 3326 3931 Romana:
3346 3876 3523 3929 cathe-

1949 3971 2060 4024 dra:
2106 3970 2254 4038 apice
2290 3985 2308 4022 :
2343 3970 2763 4038 quandoquidem
2805 3986 2904 4023 non
2946 3970 3123 4024 Latini
3173 3969 3384 4031 Grazcis,
3434 3978 3523 4021 sed
3581 3991 3584 3994 λ

1951 4060 2118 4117 Grani
2144 4059 2365 4122 Latinis,
2392 4059 2489 4113 has
2519 4061 2746 4130 insignes
2799 4061 3046 4130 epistolas
3085 4063 3138 4116 in
3179 4060 3524 4115 monumentis

1949 4151 2058 4205 suis
2087 4159 2414 4204 conservatas
2441 4153 2797 4220 suppeditant.

717 4503 3520 4537 W

781 4671 1412 4766 THEODORI
1495 4670 2040 4764 EPISCOPI
2119 4668 3031 4761 TBIMITHUNTIS

1207 4868 1300 4924 DE
1328 4867 1479 4922 VITA
1512 4865 1601 4920 ET
1627 4864 1908 4922 EXSILIO
1927 4863 2018 4919 ET
2044 4861 2621 4920 AFFLICTIONIBUS

568 5033 946 5090 BEA'I‘ISSiMI
992 5031 1276 5089 JOANNIS
1311 5028 1796 5087 CIIRYSOSTOMI
1834 5027 2352 5086 ARCHIEPISCOPI
2391 5025 3221 5085 CONSTANTINOPOLITANI.

353 5322 401 5376 I.
423 5320 610 5376 DilcCti
632 5318 780 5375 lNon
799 5319 1058 5373 mentitur
1080 5317 1238 5381 Deus,
1257 5318 1345 5387 qui
1361 5333 1453 5374 ore
1475 5317 1752 5387 Propheta:
1770 5319 1853 5372 di-

273 5414 355 5470 xit
374 5434 387 5468 :
405 5413 578 5468 Nulla;
607 5410 969 5466 tribulationes
986 5411 1251 5480 justorum
1270 5407 1438 5480 (Psal.
1454 5425 1642 5472 xxsttl,
1657 5409 1770 5479 ΞΟ).
1793 5411 1860 5464 Ει

271 5522 471 5564 ειη-ειυς
509 5523 524 5559 :
555 5505 802 5561 Observat
827 5515 1065 5576 peccator
1083 5505 1285 5574 justum
1315 5504 1485 5570 (Psal.
1515 5521 1694 5568 xxxvt,
1748 5502 1853 5570 ἰοὶ).

278 5598 533 5664 Itemque
547 5599 639 5656 ait:
657 5599 1142 5671 lnsidiemurjusto,
1160 5600 1279 5672 quia
1300 5599 1537 5670 ingratus
1552 5607 1623 5653 est
1667 5597 1828 5654 nobis.

1967 5327 2013 5370 et
2064 5317 2170 5385 ipse
2211 5314 2326 5386 ejus
2368 5313 2588 5367 intuitus
2623 5314 2866 5365 molestus
2905 5309 3040 5380 (lsa.
3075 5322 3156 5369 ιιι,
3188 5302 3295 5375 10).
3345 5301 3413 5356 Et
3436 5298 3533 5354 de-

1966 5411 2128 5481 nique
2179 5427 2191 5462 :
2234 5409 2448 5472 Beatus,
2504 5405 2696 5475 inquit,
2755 5404 2844 5473 qui
2891 5400 3227 5454 tentationem
3265 5389 3536 5447 sustinebit

1971 5501 2106 5571 (Jac.
2141 5518 2177 5565 ι,
2210 5499 2313 5567 l2).
2347 5499 2582 5554 Joannes
2609 5495 2715 5557 hic,
2746 5502 2928 5547 tenera
2959 5494 3135 5546 :rtute,
3164 5482 3312 5538 omni
3348 5484 3538 5538 huma-

1967 5609 2034 5649 na
2066 5592 2309 5646 doctrina
2341 5589 2579 5644 imbutus
2610 5583 2738 5643 luit;
2767 5582 2832 5632 de
2856 5572 3165 5646 parentibus
3189 5572 3425 5631 rlltnicis
3454 5581 3540 5623 n3"

3977 1555 3991 1856 Ξ

3973 2171 3991 2400 3

3969 2407 3991 2542 l

3963 2735 3983 3297 ἓ

3967 3687 3973 3727 1

3963 3771 3971 3838 θ

3961 3857 3969 3895 I

3965 3934 3969 3979 ι

3963 4002 3969 4075 ’ς

3961 4203 3969 4242 ι

3959 4551 3971 4688 ξ

3957 4777 3969 4914 ξ

3979 5363 3991 5396 \
