2758 4350
343 300 404 326 ux
1139 285 1381 324 THEODORI
1408 285 1429 322 Ἰ

1501 283 1773 323 ίΙΙΤΗυΝΤΙΝΙ
2533 293 2576 321 ικ

392 371 442 410 ς’.
465 366 538 402 Καὶ
561 363 688 400 τούτου
710 363 773 398 τοῦ
807 363 927 411 βιαίου
965 366 1183 413 γενομένου.
1207 364 1424 411 ἀπέστησαν

341 425 375 459 οι
396 423 464 470 τῆς
482 421 666 467 Αἰγύπτου
685 420 882 457 ἐπίσκοποι
897 422 960 458 τὸν
981 422 1139 470 ἀριθμὸν
1161 422 1272 467 ἑπτὰ,
1306 420 1426 457 Ἰωάν-

340 493 407 528 νης
445 477 680 525 Τερνούθεος,
713 477 884 526 Ζώσιμος
922 480 1142 530 Σεθροήτου,
1187 479 1424 526 Ἀλέξανδρος

349 535 587 584 Ὀξυρύγχου,
622 535 828 584 Χαιρήμων
867 537 1080 583 Πελουσίου,
1117 539 1254 581 Νόννος
1297 535 1423 584 Ἀθρί-

339 593 436 635 ϐεος,
479 591 692 641 Δουλκήτης
716 593 921 642 Παράλεος,
963 588 1163 644 Σαραπίων
1194 597 1260 644 τῆς
1286 593 1421 635 Πανός·

338 648 480 696 Λιϐύης
499 649 538 685 δὲ
555 651 670 699 τρεῖς,
686 649 884 694 Λουκιανὸς
898 651 1156 701 Παραιτονίου,
1172 652 1424 701 Κλημεντῖνος

338 707 609 754 Μαρμαρικῆς,
647 708 777 755 Μηνᾶς
803 708 963 757 Δάρνης.
1001 710 1076 746 Καὶ
1111 710 1283 758 κληρικοὶ
1321 708 1426 744 Ἀλε-

340 763 532 811 ξανδρείας
552 765 613 800 τὸν
632 764 791 812 ἀριθμὸν
824 767 958 809 είκοσι,
991 767 1154 804 διάκονοι
1173 768 1239 804 καὶ
1259 767 1426 815 πρεσϐύ-

338 831 453 869 τεροι.
480 822 726 870 Συναχθέντες
751 820 814 859 οὗν
851 824 1014 868 ἅπαντες
1051 824 1114 860 ἐπὶ⁸
1148 825 1190 861 τὸ
1227 825 1332 867 αὐτὸ,
1360 827 1426 862 καὶ

340 879 561 926 ποιήσαντες
615 880 832 929 καθαίρεσιν
883 882 1064 930 Θεοφίλου
1116 881 1424 933 ἐγκληματικὴν,

340 934 510 983 ἔπεμψαν
527 935 641 984 αὐτὴν
669 939 723 980 είς
751 937 900 986 Ῥώμην
927 939 1150 987 Ἰννοκεντίῳ
1169 938 1223 987 τῷ
1237 939 1358 989 πάπᾳ,
1380 940 1424 978 ἵν’

340 992 454 1040 αὐτὴν
473 994 598 1044 πράξῃ
634 994 853 1039 καθολικῶς.
883 995 1088 1044 Ἦσύχαζεν
1126 997 1164 1033 δέ
1197 999 1216 1033 ὁ
1241 997 1427 1047 Ἰσίδωρος

338 1049 379 1086 ἐν
401 1050 454 1098 τῷ
469 1051 536 1098 τῆς
556 1052 712 1101 Νιτρίας
737 1052 831 1102 ὄρει,
856 1053 944 1091 ἔνθα
970 1051 1016 1103 ἦν
1044 1055 1214 1104 ἀσκήσας
1236 1057 1279 1092 ἐκ
1297 1055 1427 1105 νεότη-

340 1118 402 1150 τος
419 1107 546 1153 αὑτοῦ,
572 1110 806 1156 ἐντυγχάνων
826 1110 879 1159 τῷ
911 1111 1032 1147 πάντα
1052 1113 1235 1160 ἐφορῶντι
1261 1113 1357 1162 Θεῷ.
1385 1116 1426 1150 ὐ

342 1163 380 1200 δέ
403 1164 575 1212 Θεόφιλος
595 1168 722 1216 μαθὼν
739 1169 806 1217 τὴν
829 1169 1032 1218 γενομένην
1053 1169 1154 1218 αὐτῷ
1175 1170 1247 1207 ὑπὸ
1268 1171 1342 1208 τῶν
1360 1173 1428 1208 αὐ-

341 1221 406 1258 τοῦ
429 1223 658 1274 καθαίρεσιν,
684 1226 865 1276 ἐπυροῦτο
904 1228 969 1263 καί¹
1004 1227 1173 1277 διηπόρει
1203 1228 1239 1264 τί
1264 1229 1426 1279 διαπρά-

343 1278 464 1327 ξηται.

392 1336 435 1379 ζ’.
473 1337 678 1386 Δεξάμενος
710 1340 748 1376 δὲ
778 1341 1012 1386 Ἰννοκέντιος
1038 1343 1057 1378 ὁ
1080 1343 1211 1385 πάπας
1241 1342 1310 1390 τήν
1333 1342 1431 1380 κατὰ

341 1392 516 1438 Θεοφίλου
537 1395 769 1444 καθαίρεσιν,
790 1399 854 1435 καὶ
873 1399 1054 1447 κινηθεὶς,
1067 1399 1205 1447 γράφει
1227 1399 1331 1448 αὖτῷ
1347 1400 1431 1436 ἐπι-

342 1451 479 1499 στολὴν
495 1454 738 1501 περιέχουσαν
767 1455 909 1500 οὕτως’
934 1471 947 1492 ι
979 1457 1215 1501 Ἰννοκέντιος
1251 1457 1431 1506 πρόεδρος

340 1509 408 1556 τῆς
442 1509 620 1558 μεγίστης
663 1511 811 1562 Ῥώμης
845 1514 1012 1563 Θεοφίλῳ
1050 1514 1196 1562 ἀδελφῷ
1217 1526 1227 1537 ·
1259 1514 1432 1551 Ἤκουσά

340 1577 423 1602 τινα
453 1566 636 1615 γενόμενα
666 1570 771 1618 παρὰ
805 1570 868 1607 σοῦ
900 1571 1062 1616 ἀναξίως
1086 1571 1330 1620 πραχθέντα,
1367 1571 1430 1608 καὶ

343 1623 532 1678 κατέγνων
558 1637 637 1669 σου,
669 1628 800 1677 ὅτιπερ
821 1629 1070 1676 τυραννικῶς,
1103 1629 1168 1665 καὶ
1182 1630 1223 1665 ού
1246 1629 1427 1678 νομίμως.

344 1677 392 1715 Ἦ
417 1683 620 1727 κανονικῶς
639 1683 780 1732 διάγειν
800 1687 840 1722 ἐν
865 1687 943 1729 τοῖς
963 1677 1296 1734 ἐκκλησιαστικοῖς
1318 1687 1428 1735 θέλη-

343 1748 427 1781 σον,
460 1739 523 1775 καὶ
557 1740 828 1788 διορθώσασθαι
863 1742 911 1779 τὰ
945 1743 1210 1792 ἀπανθρώπως
1234 1744 1337 1793 παρὰ
1363 1744 1428 1781 σοῦ

343 1796 588 1844 γεγενημένα.
614 1798 837 1836 Ἰκανούσθω
852 1799 1066 1836 παύσασθαί
1087 1812 1142 1844 σε,
1155 1801 1214 1836 ἵνα
1236 1799 1288 1848 μὴ
1304 1800 1429 1850 ἁθροί-

344 1852 473 1896 σαντός
493 1865 562 1902 μου
587 1856 869 1906 ἐπισκόπους,ή
892 1858 1016 1906 κρίσις
1039 1870 1079 1894 σε
1098 1858 1430 1895 καταδικάσειάδί-

345 1920 419 1952 κως
441 1911 650 1960 πράξαντα.
675 1927 688 1950 ι
721 1915 759 1951 Ὁ
784 1915 822 1951 δέ
850 1916 1074 1964 ἀντιγράφει
1097 1915 1200 1964 αὐτῷ
1221 1917 1285 1953 καὶ
1317 1915 1429 1959 αὑτὸς

343 1965 478 2022 ταῦτα·
519 1981 531 2002 ι
559 1968 735 2017 Θεόφιλος
758 1972 962 2016 ἐπίσκοπος
997 1974 1061 2010 τὸν
1092 1973 1250 2022 Μάρκου
1290 1974 1428 2010 διέπων

345 2021 472 2069 θρόνον
505 2024 725 2074 Ἰννοκεντίῳ
740 2027 848 2078 πάπα
877 2029 1025 2079 Ῥώμης
1039 2041 1048 2050 ⁸
1081 2021 1178 2076 Ἐγὼ
1197 2031 1238 2067 ού
1259 2030 1429 2078 παύομαι

343 2079 430 2123 τοὺς
463 2083 506 2130 τῇ
544 2083 746 2134 Ἐκκλησία
770 2086 1079 2130 ἐπιϐουλεύοντας
1111 2088 1360 2135 ἀμυνόμενος.
1383 2089 1428 2124 El

343 2135 382 2172 δέ
401 2137 476 2174 τῶν
495 2139 596 2188 ἐμῶν
617 2142 761 2190 ἐχθρῶν
783 2143 848 2186 τὰς
863 2143 1092 2192 κατηγορίας
1111 2143 1216 2193 δέχῃ,
1247 2143 1429 2193 μηδαμῶς

345 2193 485 2241 κρίνων
502 2196 550 2233 τὰ
571 2199 662 2247 παρ’
684 2199 820 2241 αὐτῶν,
839 2199 917 2236 ἀλλ’
944 2200 1205 2249 ἀδοκιμάστως
1221 2201 1427 2250 ἀποφαίνῃ.

346 2250 472 2300 Κάμοί
505 2255 599 2291 εἰσιν
634 2255 879 2302 εὐαγγελικοῦ
917 2255 1048 2305 θρόνου
1085 2257 1334 2306 περιϐλεψία,
1364 2255 1430 2294 κιίί

347 2309 474 2353 πόλεις
502 2312 668 2361 ἀπείρων
704 2314 942 2350 ἐπισκόπων·
981 2314 1046 2351 καὶ
1082 2315 1244 2359 συνάξας
1277 2316 1428 2360 αὐτοὺς,

346 2365 615 2415 ἀντιτάσσομαί
636 2381 692 2405 σοι
705 2371 769 2405 καὶ
789 2369 1102 2418 καταψηφίσομαι
1117 2371 1183 2420 τῆς
1205 2373 1274 2420 σῆς
1295 2384 1431 2421 συναρ-

347 2423 488 2471 παγῆς.
516 2425 688 2474 Ἕρῥωσο
723 2427 936 2474 μετανοῶν·
960 2428 994 2463 εί
1015 2427 1054 2463 δὲ
1080 2428 1147 2477 μὴ,
1179 2427 1325 2477 ἔρρωσο
1341 2429 1431 2465 δυσ-

347 2480 483 2528 τυχῶν.
510 2495 523 2516 ι

395 2541 442 2584 η’.
461 2537 668 2586 Δεξάμενος
691 2540 730 2576 δέ
751 2541 870 2578 ταῦτα
890 2543 910 2578 ό
931 2542 1060 2586 πάπας
1092 2543 1341 2588 Ἰννοκέντιος,
1362 2544 1428 2581 καὶ

349 2593 508 2638 συνάξας
541 2596 682 2640 πάντας
705 2597 792 2640 τοὺς
818 2599 1046 2643 ἐπισκόπους
1075 2599 1253 2645 Ἰταλίας,
1292 2601 1431 2650 ἔπραξε

348 2651 416 2698 τὴν
439 2651 657 2699 καθαίρεσιν
695 2653 894 2700 Θεοφίλου,
917 2657 1038 2705 ἤνπερ
1069 2658 1103 2693 οί
1132 2657 1332 2704 Αἰγύπτιοι
1360 2659 1433 2693 ἀπο

350 2705 538 2742 ἔστειλανο
561 2708 719 2752 ἕκαστος
741 2710 814 2745 τῶν
857 2711 906 2756 (ί.
931 2714 976 2749 70
993 2713 1026 2759 ὁ)
1059 2714 1205 2749 Ἰταλῶν
1230 2714 1302 2761 ίδία
1329 2713 1430 2760 φωνῇ

350 2761 516 2799 καθελὼν
552 2765 662 2801 αὐτόν
675 2777 683 2786 ·
705 2766 834 2814 ἥντινα
853 2767 977 2815 ψῆφον
1002 2770 1236 2812 Ἰννοκέντιος
1257 2770 1432 2805 ἀπέστει-

349 2817 412 2854 λεν
445 2820 596 2870 Ἰωάννῃ
615 2821 668 2870 τῷ
681 2824 966 2871 ἀρχιεπισκόπῳ
986 2825 1429 2866 Κωνσταντινουπόλεως.

359 2873 472 2930 ζοῗοδ
503 2877 549 2912 τὰ
571 2879 792 2925 διαφέροντα
827 2880 928 2927 αὐτῷ
965 2881 1130 2928 κλίματα
1164 2881 1218 2928 (a)
1256 2880 1430 2930 συνάξας,

353 2928 545 2972 ὑπέδειξεν
568 2933 636 2979 τὴν
653 2934 871 2980 καθαίρεσιν
891 2935 1084 2979 Θεοφίλου,
1119 2937 1183 2970 καὶ
1217 2937 1354 2978 πάντες
1378 2928 1432 2978 εἰς

352 2984 470 3033 αὐτὴν
489 2986 709 3034 ὑπέγραψαν
721 3000 730 3009 -
755 2989 816 3023 xu}.
834 2989 928 3034 μετὰ
947 2989 1053 3023 τοῦτο
1074 2990 1227 3038 ἐπεδόθη
1249 2991 1431 3039 Ἀρκαδίῳ

352 3041 408 3088 τῷ
427 3042 582 3088 βασιλεῖ.
607 3041 680 3078 Ἦν
701 3044 738 3078 δὲ
758 3043 826 3089 τῆς
853 3045 1106 3093 καθαιρέσεως
1135 3046 1176 3081 τὸ
1204 3047 1431 3096 ἀντίγραφον

353 3096 481 3132 τοῦτο·
500 3110 511 3130 ι
535 3098 578 3132 'H
598 3097 694 3133 κατὰ
711 3097 777 3146 τὴν
797 3099 951 3136 Ἰταλίαν
965 3101 1088 3149 χάριτι
1107 3101 1198 3137 Θεοῦ
1211 3103 1432 3150 συναχθεῖσα

356 3153 477 3210 είτουν
497 3154 720 3190 συνελθοῦσα
758 3155 927 3201 σύνοδος,
966 3158 1045 3206 ἅμα
1068 3157 1122 3206 τῷ
1156 3159 1307 3208 μεγάλῳ
1339 3173 1432 3210 προ-

357 3206 452 3267 έδριρ
479 3209 547 3267 τῆς
569 3209 709 3258 Πέτρου
733 3212 1002 3261 μεγαλωτάτης
1017 3214 1217 3262 καθέδρας,
1250 3206 1432 3267 Ἀτρκαδίῳ

358 3264 512 3312 βασιλεῖ,
535 3266 598 3302 καὶ
627 3267 779 3317 Ἰωάννῃ
800 3270 1097 3318 ἀρχιεπισκόπῳ,
1119 3273 1272 3316 καὶτοῖς
1289 3264 1351 3310 ὑπ’
1368 3264 1434 3310 αύζ

357 3319 419 3356 τὸν
444 3323 571 3359 πᾶσιν,
593 3323 644 3358 Ού
664 3323 805 3360 δίκαιον
829 3326 950 3371 τοῦτο,
979 3329 1038 3365 ἵνα
1062 3328 1125 3365 ἐπὶ
1147 3329 1214 3376 τῆς
1235 3330 1303 3378 σῆς
1325 3331 1432 3368 εύσε-

358 3377 666 3436 ϐοῦςνβασιλείας
688 3382 707 3416 ὁ
728 3382 863 3429 Φαραὼ
884 3384 936 3432 τῷ
952 3386 1070 3434 Μωσῇ
1093 3377 1300 3436 κατισχύση
1313 3414 1324 3430 ,
1351 3388 1434 3425 οὐδὲ

360 3434 420 3491 ῖνα
434 3435 476 3471 τὸ
495 3435 598 3480 ἔθνος
613 3437 676 3473 τοῦ
695 3437 786 3474 Θεοῦ
808 3439 848 3475 τδ
868 3441 1043 3480 ἐκλεκτὸν
1065 3442 1206 3491 πλίνθῳ
1229 3434 1293 3480 καί
1319 3444 1434 3489 λίθοις

359 3489 511 3539 βαρέσιν
526 3493 737 3542 δαμάζηται
753 3506 761 3514 ·
784 3496 858 3531 οὐδ’
877 3498 899 3544 ἡ
919 3499 1060 3546 μαγικὴ
1086 3489 1207 3548 πλάνη
1229 3503 1274 3548 τῇ
1302 3501 1435 3539 δακτυ-

359 3548 508 3609 λοθεσίᾳ
530 3550 595 3609 τοῦ
623 3551 716 3609 Θεοῦ
743 3553 991 3603 ἀντιπράττη.
1033 3557 1136 3594 Ἐπεὶ
1171 3555 1235 3594 οὖν
1269 3559 1434 3609 Θεοφίλῳ

358 3605 477 3643 ταῦτα
491 3607 611 3644 πάντα
627 3608 839 3655 πρόσεστιν,
861 3611 926 3646 καί⁵
943 3613 1110 3660 αἱμάτων
1125 3613 1257 3650 ἁθώων
1277 3605 1436 3663 ἐφάπτε-

359 3675 420 3721 ται
437 3664 503 3700 καὶ
530 3664 705 3709 δικαίων,
736 3667 801 3702 καὶ
820 3667 886 3716 τὴν
910 3669 1155 3719 εὐαγγελικὴν
1183 3671 1323 3721 ταύτην
1341 3674 1435 3711 καθ-

360 3720 469 3770 έδραν
487 3721 610 3765 ἀθέως
635 3723 699 3758 καὶ
726 3723 976 3768 ἀκανονίστως
997 3726 1205 3774 ἐνύϐρισεν,
1236 3720 1436 3778 συναχθέν-

359 3788 430 3838 τες⁸
447 3779 514 3838 μὶ
537 3779 619 3816 κατ’
644 3780 755 3817 αὑτὸν
785 3781 979 3830 κρίναντες
1005 3784 1304 3834 ἐπιχειρήματα,
1335 3787 1434 3838 ἅπερ

362 3833 396 3869 ul
412 3834 600 3882 Αἰγύπτου
627 3839 692 3874 καὶ
716 3838 858 3889 Λιϐύης
883 3840 1079 3879 ἐπίσκοποι
1096 3869 1106 3887 ,
1131 3833 1203 3881 καὶ
1234 3845 1302 3893 τῆς
1329 3833 1433 3882 Ἀλεζ

413 3933 464 3978 la)
478 3936 569 3975 Cod.
590 3941 776 3990 κλήματα.

1499 362 1687 412 ξανδρὲων
1715 361 1941 410 Ἐκκλησίας
1971 360 2147 410 κληρικοὶ
2181 359 2400 410 ὀδυρόμενοι
2427 358 2487 396 διὰ
2517 359 2578 397 τὸν

1500 421 1636 468 σεμνὸν
1655 419 1776 457 ἀϐϐᾶν
1809 419 1992 468 Ἰσίδωρον
2011 419 2072 455 τὸν
2101 417 2357 467 πρεσϐύτερον
2375 443 2386 462 ,
2423 416 2464 453 δν
2488 428 2578 454 παν-

1498 477 1616 520 τοίαις
1638 477 1840 526 τιμωρίαις
1863 476 2035 513 ἐκδοῦναι
2056 476 2099 512 οὐ
2118 475 2389 525 παρῃτήσατο,
2418 474 2580 512 ἀνεδίδα-

1500 533 1565 577 ξαν
1578 546 1587 555 ·
1608 533 1738 570 τοῦτον
1767 533 1936 570 κελεύσει
1955 534 2020 570 καὶ
2041 532 2305 581 προστάγματι
2324 532 2374 581 (b)
2391 532 2455 568 τοῦ
2475 544 2579 582 κορυ-

1500 591 1610 638 φαίου
1634 591 1792 640 Πέτρου,
1815 591 1880 627 καὶ
1902 591 2093 639 σχήματος
2116 590 2179 628 καί⁸
2204 589 2383 637 ὀνόματος
2411 589 2580 637 Θεόφιλον

1499 648 1641 698 ἔρημον
1681 649 1895 698 ἐστήσαμεν
1935 649 2046 685 αὑτὸν
2087 648 2240 692 πάντες.
2275 647 2513 697 Προστάξατε
2543 647 2580 684 δὲ

1498 705 1618 742 ταῦτα
1644 705 1806 754 δημοσία
1829 705 2077 755 προτεθῆναι·
2110 705 2175 743 καὶ
2196 706 2283 749 τοὺς
2303 705 2518 749 διδάξαντας
2536 705 2580 742 τὰ

1500 763 1584 799 κατ’
1607 762 1736 807 αὑτὸν,
1759 762 1821 799 διὰ
1839 762 2018 799 λιϐέλλων
2036 763 2231 811 συστῆναι,
2252 763 2312 810 ἐφ’
2329 758 2384 806 οἷς
2399 761 2577 806 ἐδίδαξαν·

1500 821 1566 858 καὶ
1597 822 1710 858 αὐτὸν
1745 821 1940 870 ἀγώγιμον
1963 821 2024 858 ἐπ’
2050 821 2284 869 ἐγκλήμασιν
2303 820 2496 870 ἔρχεσθαι·
2519 819 2580 857 καὶ

1499 879 1562 915 τὸν
1585 880 1640 922 είς
1675 878 1876 928 πρόσωπον
1910 878 2025 916 αὐτοῦ
2051 878 2119 922 τὰς
2141 877 2363 928 ἀποκρίσεις
2381 877 2554 913 ποιοῦντα
2569 904 2578 920 ,

1499 937 1568 985 τῆς
1605 936 1746 980 πόλεως
1782 935 1997 974 διώκεσθαι.
2032 936 2110 984 Τῆς
2141 935 2216 985 γὰρ
2249 935 2400 982 εὐλόγου
2426 934 2580 983 κρίσεως

1499 994 1754 1042 ἀπροσκόπως
1777 993 2059 1044 διατρεχούσης,
2076 993 2351 1043 ἐφοραθήσεται
2370 993 2435 1029 καὶ
2449 993 2503 1034 εἰς
2523 991 2581 1027 τὸν

1499 1053 1564 1089 τοῦ
1585 1053 1678 1090 Θεοῦ
1705 1054 1832 1102 νόμον,
1851 1055 1917 1091 καὶ
1944 1055 2000 1098 είς
2022 1054 2084 1090 τὸν
2104 1053 2178 1090 τῶν
2204 1052 2412 1102 ἀνθρώπων
2428 1052 2583 1100 διαμαρ-

1500 1111 1619 1158 τήσας
1646 1111 1837 1158 Θεόφιλος.
1867 1124 1879 1146 ι

1551 1168 1595 1205 θ’.
1628 1167 1669 1206 Ὀ
1692 1168 1730 1204 δὲ
1754 1168 1948 1217 ’Δρκάδιος
1969 1167 2170 1218 δεξάμενος
2201 1168 2269 1215 τὴν
2296 1166 2360 1204 τοῦ
2385 1166 2493 1203 πάπα
2521 1166 2581 1202 Ἰν-

1502 1226 1689 1263 νοκεντίου
1707 1225 1930 1276 αύθεντικὴν
1957 1226 2096 1274 ψῆφον.
2127 1226 2309 1275 πρότερον
2329 1225 2392 1260 τὸν
2415 1224 2482 1268 τὰς
2497 1224 2581 1260 ἀποο

1501 1283 1648 1332 κρίσεις
1674 1283 1958 1330 ’Λλεξανδρείας
1981 1284 2162 1320 ποιοῦντα
2196 1281 2451 1332 πρεσϐύτερον
2484 1281 2579 1322 ὄντα,

1501 1341 1661 1386 ἐνέγκας
1683 1340 1846 1376 δέδωκεν
1863 1340 1965 1388 αὐτῷ
1986 1340 2033 1376 τὰ
2057 1342 2120 1377 ίσα
2140 1340 2209 1388 τῆς
2227 1338 2480 1386 καθαιρέσεως
2500 1338 2583 1373 Θεοο

1501 1397 1626 1445 φίλου,
1662 1398 1728 1434 καὶ
1762 1398 1984 1435 ἀπέστειλεν
2012 1399 2124 1435 αὑτὸν
2153 1399 2209 1441 είς
2240 1397 2516 1444 Ἀλεξάνδρειαν
2545 1397 2581 1432 ἐν

1500 1455 1604 1505 πάσῃ
1637 1456 1786 1504 ἀτιμίᾳ,
1818 1455 2014 1504 γνωρίζων
2036 1456 2083 1492 τὰ
2104 1457 2228 1494 πάντα
2262 1455 2442 1504 Θεοφίλῳ.
2484 1454 2578 1491 Ὀδυ-

1500 1513 1628 1561 νηθεὶς
1644 1510 1723 1554 οὖν,
1742 1514 1806 1549 καὶ
1829 1513 1880 1562 μὴ
1902 1514 2104 1562 δυνάμενός
2121 1526 2157 1550 τι
2183 1513 2277 1562 πρὸς
2293 1515 2380 1556 τοὺς
2408 1513 2581 1560 ποιήσαν-

1499 1582 1566 1615 τας
1588 1571 1630 1608 τὸ
1649 1571 1814 1608 τοιοῦτον
1858 1572 2020 1620 πρᾶγμα
2046 1573 2102 1615 εἰς
2132 1572 2260 1615 αὑτὸν,
2277 1571 2341 1608 τὸν
2364 1570 2582 1618 ἁποκρισιάρ

1501 1641 1581 1679 ριον
1613 1629 1652 1666 ἐν
1675 1629 1922 1678 δεσμωτηρίῳ
1943 1628 2103 1677 τίθησιν,
2135 1628 2259 1677 ζητῶν
2286 1629 2424 1678 βήματι
2449 1629 2581 1676 ἀρχονι-

1499 1687 1594 1735 τικῷ
1625 1686 1757 1723 τοῦτον
1806 1687 1956 1734 στῆσαι.
2000 1687 2096 1724 Ἀλλ’
2134 1686 2299 1736 ἐφοϐήθη
2338 1686 2381 1724 τὸ
2417 1685 2582 1722 τοσοῦτον

1500 1746 1676 1790 ποιήσω’
1709 1745 1774 1781 καὶ
1808 1743 1852 1792 δὴ
1885 1745 1984 1781 αἰτεῖ
2019 1745 2082 1780 τὸν
2114 1743 2279 1792 ἄρχοντα
2309 1742 2581 1791 Ἀλεξανδρείας

1499 1803 1626 1840 λαϐεῖν
1649 1801 1822 1850 βοήθειαν
1845 1801 2120 1853 στρατιωτικὴν
2136 1802 2234 1838 κατά
2249 1813 2359 1837 τινων
2379 1800 2488 1848 δῆθεν
2504 1813 2584 1837 στα-

1501 1860 1717 1904 σιαξόντων,
1735 1859 1783 1896 τὰ
1803 1861 2036 1909 μοναστήρια
2054 1858 2124 1906 τῆς
2149 1857 2338 1905 Αἰγύπτου
2360 1857 2584 1902 διαρπαςόνέ

1498 1928 1594 1953 των·
1615 1918 1678 1953 καὶ
1691 1916 1816 1953 λαϐὼν
1831 1917 2097 1960 πεντακοσίους
2118 1915 2308 1959 ἐνόπλους,
2327 1915 2458 1958 νυκτδς
2475 1915 2584 1963 ἐπέρ-

1501 1973 1607 2021 ῥιψεν
1629 1973 1683 2021 τῷ
1702 1974 1797 2022 ὄρει,
1819 1974 1884 2011 καὶ
1907 1974 2076 2022 βακλίζει
2100 1972 2260 2021 στερεῶς
2292 1973 2378 2014 τοὺς
2407 1972 2583 2020 μοναχοὺς

1498 2030 1585 2073 τοὺς
1601 2029 1826 2078 δεξαμένους
1845 2032 1908 2067 τὸν
1924 2031 2046 2068 άϐϐἄν
2075 2030 2260 2078 Ἰσίδωρον
2284 2028 2392 2074 ἐπτὰ,
2423 2028 2582 2076 Ἰέρακα.

1499 2086 1713 2135 Διόσκορον,
1746 2087 1974 2135 Ἀμμώνιον,
2001 2089 2146 2133 Ἰσαὰκ,
2177 2084 2396 2135 Ἰνισθωρὼ,
2427 2084 2581 2132 Τιθόην,

1500 2143 1564 2179 καὶ
1584 2143 1692 2180 ἄλλον
1731 2144 1872 2181 Ἰσαάκ.
1901 2145 1977 2181 Καὶ
2010 2145 2261 2187 κοπιάσαντες
2295 2141 2490 2192 ζητοῦντες
2525 2139 2582 2176 τδν

1499 2200 1621 2236 ἁϐϐἄν
1648 2200 1858 2249 Ἰσίδωρον,
1891 2202 1958 2249 οὐχ
1990 2198 2118 2250 εὗρον·
2152 2198 2250 2249 ἦσαν
2274 2202 2348 2249 γὰρ
2382 2201 2420 2236 ἐν
2454 2197 2583 2248 φρέατι

1501 2255 1604 2306 ξηρῷ
1620 2257 1796 2305 ῥίψαντες
1817 2258 1943 2295 αὐτόν.
1969 2259 2046 2296 Καὶ
2064 2257 2188 2294 λαϐὼν
2229 2257 2402 2307 φρύγανα
2433 2255 2582 2292 ἔκαυσεν

1500 2314 1570 2358 τὰς
1594 2313 1729 2358 κέλλας
1756 2315 1881 2351 αὐτῶν
1919 2316 1986 2353 σὺν
2010 2317 2125 2352 πᾶσιν
2155 2312 2210 2359 οἷς
2243 2312 2356 2363 εἶχον.
2385 2314 2458 2351 Καὶ
2490 2311 2583 2348 οὕτω

1500 2370 1679 2419 λωφήσας
1703 2371 1773 2419 τῆς
1793 2371 1926 2419 ἀλόγου
1949 2372 2064 2421 ὀργῆς
2095 2372 2374 2420 καταλαμϐάνει
2397 2370 2463 2419 τὴν
2490 2368 2584 2405 Ἀλε-

1503 2427 1710 2476 ξάνδρειαν.

1553 2489 1588 2524 ι’.
1609 2486 1652 2521 Oi
1671 2485 1709 2522 δὲ
1731 2487 2000 2536 προειρημένοι
2030 2487 2185 2536 μοναχοὶ
2215 2487 2280 2523 τὸν
2310 2487 2377 2536 τῆς
2401 2484 2584 2533 ὑπομονῆς

1502 2541 1702 2579 ἀπώλεσαν
1722 2543 1874 2591 τρόπον,
1893 2543 2053 2591 ἀνῆλθον
2066 2545 2122 2587 είς
2149 2544 2441 2592 ’Δλεξὰνδρειαν,
2465 2542 2584 2578 λέντια

1502 2598 1760 2645 διεζωσμένοι,
1781 2599 1846 2634 καὶ
1873 2599 2064 2641 κλαίοντες
2091 2601 2216 2636 πᾶσαν
2237 2600 2305 2648 τὴν
2327 2601 2502 2636 πλατεῖαν
2521 2608 2582 2633 πε-

1505 2655 1647 2702 ριῆγον.
1686 2654 1837 2696 Ἰδόντες
1863 2655 1904 2690 δὲ
1926 2656 2060 2698 αὐτοὺς
2078 2659 2110 2692 οί
2128 2657 2290 2702 πολῖται,
2314 2659 2441 2706 ἐπειδὴ
2471 2653 2582 2703 ἐγνώ-

1504 2709 1606 2758 ριζον
1620 2710 1705 2751 τοὺς
1721 2708 1858 2757 ἄνδρας
1876 2711 1996 2746 ὁποῖοι
2012 2709 2123 2759 ἦσαν,
2141 2714 2380 2762 ἐλυπήθησαν
2397 2715 2444 2751 δι’
2455 2712 2583 2752 αὐτοὺς

1503 2765 1625 2800 πάνυ·
1662 2765 1726 2799 καὶ
1759 2764 1924 2814 συνήχθη
1963 2768 2037 2810 πᾶς
2069 2769 2088 2804 ό
2108 2769 2214 2817 ὄχλος
2241 2771 2336 2819 μετὰ
2360 2771 2493 2819 πυρὸς,
2524 2768 2584 2804 καὶ

1503 2820 1663 2868 ῆρξαντο
1684 2820 1803 2876 καίειν
1827 2821 1915 2859 ἔνθα
1934 2824 2138 2872 κατέμενεν
2155 2828 2175 2862 ό
2199 2828 2390 2875 Θεόφιλος.
2419 2830 2582 2876 Διαρπα-

1504 2881 1648 2913 σάντων
1679 2875 1743 2913 οῦν
1774 2879 1897 2915 αὐτῶν
1919 2881 2041 2918 πάντα
2063 2883 2110 2919 τὰ
2129 2885 2168 2920 ἐν
2186 2885 2238 2932 τῷ
2257 2875 2494 2933 ἐπισκοπίῳ,
2520 2883 2582 2919 καὶ

1504 2934 1630 2970 λοιπὸν
1651 2934 1857 2982 μελλόντων
1876 2938 1963 2985 περὶ
1979 2938 2025 2974 τὰ
2039 2939 2081 2984 (ί.
2103 2940 2144 2976 71
2167 2941 2205 2988 α)
2239 2941 2419 2989 κειμήλια
2437 2941 2584 2990 χωρεῖν,

1505 2991 1688 3035 Νικόλαος
1705 2993 1724 3028 ό
1747 2992 1872 3040 ἄρχων
1891 2994 1954 3030 τὸν
1978 2995 2145 3032 κίνδυνον
2172 2995 2348 3044 φοϐηθεὶς
2363 3024 2372 3040 ,
2408 2998 2587 3044 κατέδρα-

1504 3058 1572 3093 μεν
1592 3047 1650 3083 ἐπ¹
1672 3048 1821 3091 αὐτοὺς,
1844 3050 1908 3085 καὶ
1924 3050 2049 3098 ἐζήτει
2065 3052 2368 3099 ἀπολογήσασθαι
2388 3053 2442 3099 τῷ
2456 3053 2584 3100 δήμῳ·

1502 3103 1536 3138 οἱ
1559 3103 1597 3139 δέ
1618 3104 1658 3139 ού
1677 3105 1936 3150 κατεδέξαντο,
1953 3107 2157 3154 κράζοντες
2171 3109 2234 3144 καὶ
2250 3107 2406 3156 θόρυϐον
2429 3109 2588 3156 ἐγείρον-

1502 3170 1563 3202 τες
1587 3161 1683 3196 κατὰ
1699 3161 1894 3208 Θεοφίλου,
1917 3163 2155 3206 ἀσιωπίστως
2175 3164 2383 3210 φωνοῦντες
2419 3166 2499 3200 κατ’
2519 3166 2585 3202 αὐ-

1503 3217 1581 3253 τοῦ.
1611 3218 1650 3254 '0
1671 3218 1709 3254 δὲ
1729 3219 1856 3268 ἄρχων
1877 3221 1916 3256 ἐν
1951 3221 2096 3270 ἀγωνίᾳ
2117 3221 2261 3270 μεγάλῃ
2281 3221 2347 3265 ὢν,
2369 3222 2583 3270 ἐδοκίμαζεν

1503 3273 1653 3317 ἐξεάσαι
1683 3277 1737 3318 είς
1769 3278 1899 3324 χεῖρας
1930 3277 2053 3313 αὐτῶν
2072 3277 2134 3313 τὸν
2154 3277 2352 3325 Θεόφιλον·
2389 3282 2530 3330 ἐκρύϐη
2548 3281 2581 3317 δὲ

1503 3331 1680 3377 Θεόφιλος
1708 3333 1747 3368 ἐν
1783 3335 1830 3381 τῇ
1868 3332 2111 3383 κολυμϐήθρᾳ
2131 3335 2288 3384 ἐπόψην.
2319 3337 2358 3374 '0
2387 3339 2426 3376 δὲ
2463 3340 2582 3388 ἄρχων

1504 3388 1659 3431 ἐνδύσας
1682 3389 1766 3432 τοὺς
1801 3391 1983 3438 μοναχοὺς
2018 3392 2166 3439 ἱμάτια,
2206 3394 2432 3434 ἐπεϐίϐασεν
2452 3397 2579 3438 αὐτοὺς

1502 3445 1556 3493 τῷ
1568 3445 1746 3494 ὀχήματι,
1775 3447 1840 3482 καὶ
1861 3447 1972 3491 αὐτὸς
1997 3449 2164 3493 πεζεύων
2187 3453 2352 3501 προῆγεν
2373 3455 2506 3496 αὐτοὺς
2530 3454 2580 3493 είς

1503 3504 1545 3539 τὸ
1560 3502 1803 3553 πραιτώριον.
1840 3505 1962 3540 Κάκεῖ
1979 3505 2091 3542 πάλιν
2106 3509 2140 3543 οί
2155 3508 2265 3557 δῆμοι
2282 3512 2329 3548 τὰ
2352 3513 2480 3560 ἱμάτια
2499 3511 2580 3546 ἐαυ-

1503 3561 1576 3598 τῶν
1600 3562 1655 3604 είς
1674 3561 1738 3598 τὸν
1765 3562 1922 3610 οὐρανὸν
1948 3563 2139 3612 ἔρριπτον,
2162 3565 2432 3618 ἐξομνυομένου
2459 3567 2579 3606 αὐτοῖς

1502 3619 1567 3656 τοῦ
1585 3619 1762 3667 ἄρχοντος
1777 3621 1874 3657 κατὰ
1889 3621 1963 3657 τῶν
1981 3622 2174 3670 βασιλέων,
2192 3626 2247 3662 ὅτι
2267 3628 2345 3663 υὺκ
2360 3625 2502 3672 ἐξεῖπεν
2521 3633 2578 3670 μοι

1503 3676 1570 3725 τὴν
1586 3678 1706 3726 κακήν
1727 3678 1840 3714 αὐτοῦ
1856 3678 2004 3729 βουλὴν,
2016 3681 2111 3719 ἀλλὰ
2124 3683 2309 3732 προφάσει
2321 3683 2428 3719 τινῶν
2439 3678 2578 3730 λῃστῶν

1504 3733 1550 3769 τὰ
1575 3736 1805 3783 μοναστήρια
1841 3737 2146 3786 ἐπηρεαζόντων,
2183 3741 2314 3777 ἐλαϐεν
2345 3739 2425 3788 μεθ’
2450 3732 2576 3772 ἑαυτθῦ

1503 3791 1590 3834 τοὺς
1615 3793 1847 3841 στρατιώτας
1865 3797 1919 3840 εἰς
1936 3799 2166 3847 συμμαχίαν.
2189 3799 2232 3835 Et
2249 3798 2287 3835 δὲ
2305 3798 2365 3834 τὸν
2381 3792 2578 3844 πρεσϐύτε-

1507 3859 1569 3896 Ρον
1599 3849 1781 3902 Ἰσίδωρον
1801 3853 1924 3892 θέλετε
1949 3857 2108 3905 ποιμένα
2123 3858 2206 3894 ιιιντ)⁵
2227 3855 2420 3902 Θεοφίλου,
2439 3849 2578 3896 ποιήσω
