4060 6196
531 310 660 348 IIS!

532 407 699 462 πάσχι
735 405 1001 479 βούλεται.
1025 420 1043 452 ι
1073 402 1180 456 Kal
1209 401 1368 456 πάλιν
1394 401 1578 467 ἔλεγεν
1600 413 1612 424 ·
1655 417 1672 448 ι
1697 397 1831 467 Οὐχὶ
1873 395 2114 465 ἐμίσησα

537 501 626 570 τὴν
661 497 937 562 εὐδοξίαν.
981 494 1245 566 ἠγάπησα
1289 494 1343 546 δὲ
1387 493 1485 561 τὴν
1531 487 1785 552 ἀδοξίανς
1818 505 1836 538 ›
1885 488 1994 540 Kal
2047 482 2115 558 ἦν

534 591 672 660 αὓτη
698 588 792 642 τοῦ
820 588 1085 658 βασιλέως
1121 584 1480 653 δυνατωτέρα.

606 683 689 735 ιθ’.
728 683 790 734 Ol
831 680 888 734 δέ
932 679 1216 733 ἐπίσκοποι
1273 675 1524 739 Ἀκάκιος
1551 716 1566 738 ,
1634 675 1966 746 Σευηριανὸς
2022 673 2118 728 καὶ

538 773 844 847 Πορφύριος
867 772 958 825 καὶ
978 772 1026 824 οί
1048 769 1173 841 περὶ
1199 766 1364 823 αὑτοῦ
1398 766 1812 838 συμπλακέντες
1839 765 1909 837 (ί.
1943 766 2011 820 73
2054 767 2118 836 α)

537 867 796 937 Θεοφίλῳ,
842 865 932 918 καὶ
967 861 1321 932 συναχθέντες
1343 860 1651 932 προσῆλθον
1687 859 1765 931 τῷ
1797 859 2008 931 βασιλεῖ
2028 858 2120 912 λέ-

539 973 759 1030 γοντες·
794 976 814 1008 ι
843 956 1086 1008 Δέσποτα
1109 995 1122 1018 ,
1177 952 1287 1007 τῶν
1342 951 1656 1024 προνομιῶν
1700 951 2123 1023 φυλαττομένων

538 1051 632 1104 τοῦ
663 1047 922 1120 προέδρου
956 1043 1054 1118 (α),
1085 1045 1339 1098 κέλευσον
1387 1046 1534 1117 ἡμᾶς
1582 1043 1954 1114 συναχθέντας
1989 1043 2120 1097 ἰδεῖν

539 1141 668 1212 περὶ
700 1138 792 1192 τοῦ
821 1138 1113 1199 ἐνεστῶτος
1148 1135 1494 1208 πράγματος,
1519 1136 1794 1188 δικαστῶν
1827 1136 1958 1206 ἡμῖν
1989 1135 2125 1188 διδο·

543 1232 737 1304 μένων,
767 1224 840 1284 ὧν
870 1231 964 1284 ἐὰν
995 1229 1205 1300 συνείδῃ
1235 1228 1534 1300 σεϐάσμιόν
1565 1245 1658 1282 σου
1683 1228 1913 1300 κράτος·
1947 1231 1995 1282 οί
2016 1228 2126 1300 γάρ

544 1324 764 1395 μοναχοὶ
813 1317 958 1376 οὗτοι
996 1323 1045 1374 οί
1093 1321 1192 1384 τὰς
1245 1319 1633 1392 προσελεύσεις
1677 1322 1822 1376 κατὰ
1864 1320 2125 1390 Θεοφίλου

541 1417 871 1486 ποιούμενοι,
902 1412 998 1467 τοῦ
1033 1413 1312 1484 δόγματός
1347 1415 1486 1467 είσιν
1521 1411 1617 1466 τοῦ
1645 1413 1984 1486 Ὠριγένους,
2032 1413 2127 1466 καὶ

541 1507 646 1581 χρὴ
672 1507 869 1568 αὐτοὺς
897 1506 990 1558 ἐπὶ
1017 1505 1236 1558 πάντων
1263 1505 1686 1577 δοκιμασθῆναι.
1719 1523 1738 1556 ι
1782 1504 2043 1573 Ἐνέγκας
2068 1504 2127 1558 δέ

539 1599 735 1660 αὐτοὺς
762 1597 792 1648 6
828 1594 1082 1666 βασιλεὺς
1123 1592 1319 1664 λάθρα,
1355 1591 1615 1656 ἐπιεικῶς
1647 1590 1823 1661 λέγει·
1853 1611 1872 1642 ι
1913 1591 2124 1656 Οίδατε,

540 1689 809 1762 ῐιατέρεζ,
843 1689 930 1742 ὅτι
962 1685 1205 1754 ἀνέγνων
1246 1686 1310 1738 τὸ
1357 1685 1496 1754 Περί
1553 1683 1758 1754 ἀρχῶν
1797 1684 2126 1755 Ὠριγένους,

542 1784 638 1836 καὶ
660 1780 950 1850 ἐθαύμασα
974 1797 988 1845 ;
1011 1797 1030 1829 ι
1048 1779 1112 1831 Ol
1143 1776 1199 1829 δέ
1227 1777 1329 1830 οὐκ
1351 1774 1730 1847 ἀπεκρίθησαν
1751 1773 1901 1846 αύτῷ
1921 1790 2002 1827 τι·
2035 1775 2131 1826 καὶ

491 1917 499 1926 .
541 1874 741 1928 αὐτίκα
761 1872 1060 1924 άπένευσεν
1081 1867 1302 1934 αὐτοὺς,
1331 1865 1526 1940 μικρὸν
1553 1865 1980 1930 σκανδαλισθείς.
2025 1863 2130 1919 Kal

542 1963 684 2017 οὕτω
727 1959 922 2031 συνέϐη
958 1960 1020 2014 τὸ
1063 1960 1187 2015 ὅλον
1231 1959 1328 2014 τοῦ
1384 1958 1712 2032 πράγματος
1760 1958 2007 2013 Ἰωάννου
2050 1959 2130 2021 είς

547 2054 817 2122 συσκευὴν
841 2050 1054 2104 τελείαν
1094 2051 1368 2122 χωρῆσαι.
1406 2049 1538 2104 Τότε
1586 2052 1615 2103 ό
1656 2049 1909 2121 βασιλεὺς
1943 2049 2132 2104 διαπο-

547 2144 807 2217 ρούμενος
835 2142 1202 2197 ἐλυπεῖτοηδιά
1231 2143 1359 2206 τοὺς
1382 2141 1764 2214 τοποτηρητὰς
1789 2139 2026 2212 Ῥώμης,
2057 2139 2131 2212 μὴ

549 2235 735 2306 μαθὼν
780 2233 898 2288 οἵαν
948 2233 1170 2305 μέθοδον
1223 2233 1542 2306 ὑπέμειναν.
1589 2233 1722 2288 Τότε
1759 2233 1969 2288 κελεύει
2007 2233 2133 2298 τοὺς

547 2326 821 2398 παρόντας
877 2325 1212 2388 ἐπισκόπους
1261 2327 1662 2397 συναγομένους
1719 2325 2017 2398 γυμνάζειν
2064 2327 2133 2380 τὰ

547 2414 888 2485 ἐπικείμενα,
934 2415 1057 2477 δοὺς
1108 2414 1292 2478 αὐτοῖς
1337 2416 1554 2486 κριτάς,
1599 2417 1851 2488 Ἡσύχιον
1897 2417 2134 2489 ἔπαρχον

547 2506 653 2559 τῶν
688 2504 848 2578 ἱερῶν
879 2505 1253 2576 πραιτωρίων,
1283 2506 1377 2558 καὶ
1399 2506 1526 2569 τοὺς
1557 2505 1665 2560 τῶν
1701 2505 1933 2578 πρώτων
1969 2525 2134 2580 πραι-

550 2596 806 2664 σεξάτους
839 2597 1180 2667 στρατηγοὺς
1214 2595 1514 2660 Μαξέντιον
1549 2596 1645 2651 καὶ
1676 2597 1962 2669 Διόδωρον,
1997 2599 2135 2669 μετὰ

550 2689 643 2742 καὶ
675 2687 959 2742 Ἀκυλίνου
985 2687 1300 2760 κυέστορος,
1336 2689 1429 2742 καὶ
1465 2690 1768 2761 πατρικίων
1809 2690 1990 2745 τινῶν.
2027 2691 2137 2745 Kal

553 2780 872 2849 συνάγονται
895 2779 999 2845 ἐξω
1027 2782 1125 2850 τῆς
1167 2781 1374 2846 πόλεως
1403 2783 1460 2834 ἐν
1490 2783 1837 2859 μοναστηρίῳ
1859 2783 2135 2855 Δωροθέου

545 2870 694 2934 τινὸς
721 2871 1146 2942 ἁρχιμανδρίτου
1176 2871 1416 2942 μεγάλου
1438 2872 1606 2937 δντως
1641 2874 1762 2929 καθ’
1794 2875 2100 2946 ὑπερϐολήν
2121 2893 2134 2906 ·

550 2961 644 3013 καὶ
675 2960 1100 3031 προτραπέντων
1129 2961 1238 3016 τῶν
1271 2961 1540 3016 δικαστῶν
1570 2963 1721 3031 παρὰ
1749 2964 1842 3018 τοῦ
1872 2967 2141 3038 ἀρχιμαν-

549 3051 732 3121 δρίτου
770 3051 990 3106 καθίσαι
1021 3054 1078 3104 ὲν
1105 3053 1252 3124 αὐτῷ
1285 3055 1378 3107 καὶ
1415 3054 1640 3122 δοξάσαι
1670 3057 1762 3110 τὸν
1789 3058 1973 3122 τόπον,
2016 3059 2139 3112 άντ-

553 3141 768 3214 ελέγετο
825 3143 974 3215 αὐτῷ
1027 3145 1176 3220 παρὰ
1207 3145 1316 3201 τῶν
1353 3149 1555 3219 κριτῶν
1579 3151 1930 3218 φασκόντων,
1965 3152 2046 3205 ὅτι
2083 3153 2139 3204 αἱ

559 3231 762 3290 σύνοδοι
785 3237 842 3288 ἐν
889 3234 1206 3306 ἐκκλησίαις
1240 3236 1559 3308 κροτοῦνται
1587 3238 1680 3292 καὶ
1703 3239 1824 3310 οὐχὶ
1868 3241 1925 3291 ἐν
1973 3257 2138 3310 μονα-

559 3327 822 3399 στηρίοις.

623 3426 693 3474 κ’.
741 3419 1015 3486 ’Δκυλῖνος
1045 3421 1295 3496 κυέστωρ
1328 3423 1430 3496 ἐφη
1454 3439 1466 3452 ·
1513 3445 1529 3476 ι
1559 3425 1788 3479 Μεσῖται
1822 3425 2143 3496 ἀμφιϐόλων

553 3511 715 3567 τινῶν
758 3515 1186 3587 προετράπημεν
1221 3515 1510 3584 γενέσθαι·
1557 3516 1660 3572 ποῦ
1707 3517 1768 3572 τὸ
1800 3517 2004 3588 πλῆθος
2035 3519 2142 3573 τῶν

550 3605 902 3673 ἐπισκόπων;
939 3605 1039 3659 ποῦ
1085 3608 1133 3660 οί
1164 3607 1260 3678 τῆς
1293 3608 1674 3682 πρεσϐυτέρας
1721 3609 1942 3684 Ῥώμης
1991 3628 2146 3666 τοπο-

555 3699 828 3771 τηρηταί;
863 3699 1032 3763 δντως
1078 3698 1287 3763 ἔδειξαν
1320 3700 1394 3770 μὴ
1440 3700 1743 3764 κανονικῶς
1791 3702 1824 3772 ἢ
1865 3700 2144 3772 ἐνθέσμως

557 3791 831 3845 συνελθεῖν
878 3791 1098 3857 αὐτοὺς,
1154 3791 1292 3845 ἀλλὰ
1341 3793 1486 3846 κατὰ
1541 3793 1842 3866 παράθεσίν
1897 3809 2080 3847 τινων.
2120 3811 2138 3844 ι

557 3881 812 3944 Ἀκάκιος
844 3883 872 3934 6
916 3881 1142 3951 Βεροίας
1191 3881 1330 3952 ἔφη·
1375 3902 1393 3933 ι
1436 3884 1499 3937 Ἦ
1554 3883 1804 3956 θειοτάτη
1857 3883 2146 3954 Αύγούστα

556 3977 842 4031 ἐκέλευσεν
880 3975 978 4047 τὴν
1013 3975 1280 4046 ἀκρόασιν
1327 3977 1561 4035 ἐνταῦθα
1599 3981 1874 4049 γενέσθαι,
1928 3981 2019 4035 διὰ
2045 3981 2144 4046 τὰς

554 4072 898 4146 διχοστασίας
957 4071 1224 4128 Ἰωάννου.
1264 4093 1281 4124 ι
1344 4075 1403 4130 '0
1448 4075 1506 4130 δὲ
1547 4077 1797 4151 κυέστωρ
1829 4079 2143 4151 δριμυχθεὶς

557 4167 705 4234 λέγει
731 4183 743 4195 ·
783 4185 801 4218 ι
845 4167 911 4219 Τί
936 4167 1106 4235 δεῖξαι
1132 4169 1354 4241 ἐκρινας
1379 4171 1478 4242 τὴν
1508 4173 1827 4240 Αὐγούσταν
1859 4173 2147 4228 ἀνακόλου-

558 4263 650 4318 θον
689 4267 1153 4336 ἐπιχειρήσασαν;
1194 4266 1270 4336 μὴ
1295 4267 1552 4338 Ἰωάννης
1605 4268 1766 4338 μόνος
1799 4268 2012 4343 ὑϐρίζει
2046 4277 2146 4343 τὴν

557 4360 873 4430 Αύγούσταν
893 4377 908 4425 ;
941 4359 1056 4424 πῶς
1075 4361 1262 4416 λοιπὸν
1277 4361 1512 4416 ἐνταῦθα
1529 4365 1862 4436 κατηγορίαν
1889 4365 2146 4440 τοιαύτην

557 4458 949 4530 ἐνεστήσασθες
978 4456 1086 4511 ἰδοὺ
1117 4457 1276 4522 αὐτὸς
1300 4459 1405 4529 πρὸ
1431 4460 1630 4525 παντὸς
1653 4462 1854 4535 τρόπου
1890 4465 2146 4536 πρόξενος

555 4555 655 4624 τῆς
686 4553 896 4625 ὕϐρεως
931 4555 1140 4622 ἐγένου.
1181 4574 1199 4606 ι
1268 4556 1327 4609 'U
1381 4557 1438 4611 δὲ
1477 4557 1910 4632 άρχιμανδρίτης
1967 4560 2141 4629 λέγει·

561 4649 818 4720 ι’Δληθές
845 4645 1006 4715 εἶπας
1026 4669 1041 4684 ο
1113 4651 1251 4723 αὑτὴ
1272 4652 1328 4708 δὲ
1361 4653 1502 4724 μετὰ
1521 4654 1676 4708 τοῦτο
1698 4656 1984 4728 ᾐτήσατο.»
2015 4659 2074 4713 ’0
2090 4659 2144 4712 δὲ

556 4748 611 4796 ‘.\
623 4744 854 4810 κνλῖνος,
880 4747 1001 4825 οὐχ).
1023 4749 1080 4804 δὲ
1101 4750 1178 4813 ώς
1203 4749 1466 4816 ἀκούσας,
1490 4751 1640 4821 λέγει
1656 4755 1769 4818 τοῖς
1793 4755 2112 4820 ἐπισκόποις
2128 4772 2141 4786 °

561 4861 577 4890 ι
603 4841 776 4911 Χρεία
817 4845 1076 4916 παρεῖναι
1119 4846 1209 4899 τὸν
1255 4847 1531 4919 Ἰωάννην,
1581 4849 1722 4905 ῶστε
1765 4853 1857 4906 ἐπὶ
1886 4852 2053 4907 αὐτοῦ
2083 4854 2147 4906 τὸ

553 4939 672 4995 ὅλον
711 4939 1018 5011 γυμνάσαι.·
1052 4962 1071 4995 ι
1126 4943 1237 4998 Kal
1277 4942 1500 5016 δηλοῦσι
1549 4946 1629 5018 τῷ
1655 4948 1879 5021 Ἰωάννῃ
1922 4950 2014 5004 διὰ
2051 4950 2146 5005 δύο

556 5035 830 5110 κληρικῶν
854 5039 1026 5094 αὐτοῦ
1057 5041 1147 5095 ὑπ’
1179 5041 1345 5096 αὑτοῦ
1381 5042 1760 5114 ἐκϐληθέντων
1806 5048 1902 5117 τῆς
1943 5049 2143 5121 ἐκκλη-

557 5133 700 5199 σίας,
716 5134 1031 5207 ὑπαντῆσαι
1055 5137 1135 5200 είς
1164 5138 1225 5191 τὸ
1256 5139 1553 5210 συνέδριον.
1601 5141 1656 5195 '0
1675 5141 1732 5195 δὲ
1774 5143 2024 5214 Ἰωάννης
2049 5146 2144 5198 ἁν-

550 5229 758 5302 τιδηλοῖ
789 5233 972 5295 αὐτοῖς
995 5231 1167 5287 ταῦτα
1187 5250 1199 5264 ·
1235 5252 1259 5284 -ι
1279 5234 1353 5287 Ού
1378 5239 1637 5307 κανονικῇ
1672 5238 1965 5311 ἀκολουθίᾳ
2005 5243 2142 5310 χρᾶ-

556 5327 670 5391 σθε,
696 5327 784 5381 διὰ
815 5327 922 5381 τῶν
943 5326 1156 5399 ἐχθρῶν
1194 5330 1682 5400 μεταστελλὸμενοί
1724 5352 1811 5404 με,
1839 5336 1928 5389 ἵνα
1958 5337 2140 5407 ἐχθροὶ

552 5423 917 5496 ἐπ’-ἐχθροὺς
962 5423 1229 5490 άγάγουσι
1285 5425 1557 5494 κριθῆναι.
1595 5446 1611 5477 ι
1667 5430 1945 5485 ’Λντεῖπον
1987 5433 2041 5486 δέ
2088 5437 2137 5486 οί
2173 5439 2180 5446 ’

627 5574 714 5654 (α).
743 5573 1576 5654 Scilicgl_Romani_pontiﬁ_9is.
1626 5579 1899 5654 cujusrius
1945 5588 2136 5654 prasi-
2175 5555 2180 5559 η

554 5642 1011 5742 ξομθξήεοηοξίὶιίξ
1060 5642 1558 5742 ῃεοτςῐίιεορίιὶιιιε
1599 5642 1705 5742 ηεξςέ
1749 5642 1837 5742 αίίξ
1891 5642 2132 5742 géi'scnpi

555 5712 845 5783 negabam.
910 5719 1120 5775 \‘idcsis
1167 5712 1586 5776 ThomaSsinum
1637 5721 1854 5777 dissert.
1900 5712 2027 5793 \‘ll;
2080 5712 2130 5782 i'u

1697 280 2049 338 TIIEODORI
2090 275 2624 334 TRIMITHUNTINI

3651 286 3785 329 ιεεη

2228 393 2366 464 μετὰ
2415 393 2660 448 Ἰωάννου
2717 391 3006 445 ἐπίσκοποι
3066 389 3209 443 κατὰ
3261 385 3519 457 Θεοφίλου
3540 402 3557 418 ο
3616 409 3632 440 ι
3657 388 3790 452 Ἔξω

2226 478 2380 543 ἔθους
2412 478 2622 533 τοιοῦτο
2652 477 2713 531 τὸ
2736 476 3103 539 άκανονίστως
3129 473 3419 529 καταλύειν
3444 473 3542 546 τὴν
3577 477 3789 546 Ἐκκλης

2228 573 2368 636 σίαν,
2400 573 2578 644 ῆνπερ
2605 573 2633 624 6
2659 569 2861 640 Κύριος
2891 569 3315 641 περιεποιήσατο
3341 567 3420 638 τῷ
3438 567 3550 639 ίδίῳ
3575 569 3788 640 αἵματιο

2227 664 2504 735 προσῆκεν
2523 660 2614 718 οὖν
2642 681 2700 717 σε
2734 663 2907 736 περᾷν
2938 663 3072 734 πρὸς
3106 662 3256 731 ἡμᾶς
3294 661 3375 724 είς
3408 661 3507 731 τὴν
3547 660 3796 733 εὐνομονο

2232 756 2401 826 μένην
2429 755 2602 818 πόλιν,
2631 755 2724 808 καὶ
2753 755 2828 824 μὴ
2864 751 3290 824 προσκαλεῖσθαι
3340 751 3431 806 τὸν
3453 751 3635 818 Ἅϐελ,
3664 754 3798 807 κατὰ

2228 849 2321 902 τὸν
2352 849 2511 903 Κὰῖν.
2545 848 2616 902 Σὺ
2647 847 2756 918 γάρ
2786 847 2844 913 ἐξ
2873 845 2990 908 ἐνὸς
3037 844 3295 915 κλίματος
3345 839 3416 910 εί,
3456 845 3613 915 ἡμεῖς
3653 844 3708 899 δέ
3737 847 3798 899 ἐκ

2229 939 2524 1010 διαφόρων,
2551 939 2648 992 καὶ
2680 939 2846 1008 ἐσμέν
2879 934 3287 1006 τεσσαράκοντα
3313 934 3454 988 ἐπτὰ
3488 935 3799 1008 μητροπολῖο

2232 1050 2319 1086 ται
2342 1030 2419 1106 (b)
2441 1048 2454 1062 ·
2492 1032 2588 1085 καὶ¹
2622 1030 2741 1084 δέον
2775 1031 2900 1094 τοὺς
2931 1028 3218 1093 ἐλάττονας
3264 1029 3370 1082 ὑπὸ
3405 1028 3517 1082 τῶν
3551 1029 3801 1084 πλειόνων

2233 1125 2329 1179 καὶ
2358 1123 2629 1194 διαφόρων
2658 1121 2881 1185 τούτους
2914 1119 3188 1192 κριθῆναι.
3219 1121 3328 1173 Kal
3355 1123 3404 1173 εί
3448 1120 3550 1190 μέν
3579 1121 3798 1186 ἀγνοεῖς,

2237 1214 2508 1286 μάνθανε·
2542 1215 2591 1265 εί
2619 1213 2676 1266 δέ
2713 1213 3016 1282 τυραννεῖς,
3046 1210 3200 1264 οὐδὲν
3225 1209 3502 1282 ὠφελήσει
3545 1212 3604 1266 σὲ
3629 1212 3663 1284 ἢ
3685 1211 3805 1274 τοὺς

2237 1305 2629 1377 συντυράννους
2671 1320 2764 1356 σου
2788 1303 3008 1356 Σατανᾶ
3036 1304 3069 1372 ἡ
3113 1301 3224 1372 βία.
3263 1321 3282 1354 ι
3329 1302 3390 1356 '0
3440 1303 3502 1356 δέ
3544 1302 3806 1365 Ἀκυλῖνος

2234 1397 2386 1469 δηλοί
2404 1397 2480 1468 τῷ
2510 1396 2734 1469 Ἰωάννῃ
2765 1391 2965 1448 ταῦτα·
3008 1412 3027 1446 ι
3070 1393 3196 1446 Ἐάν
3247 1393 3321 1465 μὴ
3373 1392 3808 1466 παραγενομένου

2239 1491 2333 1546 σοῦ
2357 1491 2580 1562 γνῶμεν
2608 1487 2932 1560 ἀμφοτέρων
2953 1485 3023 1541 τὰ
3055 1486 3293 1560 ῥήματα,
3315 1485 3391 1550 ώς
3427 1484 3808 1556 φυγοδικοῦντα

2235 1587 2265 1638 6
2286 1584 2449 1654 νόμος
2481 1582 2557 1652 (ί.
2585 1581 2655 1634 75
2678 1580 2744 1650 b)
2774 1577 3129 1649 κατακρίνειο
3163 1578 3212 1630 εί
3243 1576 3299 1629 δὲ
3328 1575 3810 1649 ὑπαντήσῐίςνστάν-

2236 1693 2343 1740 τως
2370 1679 2404 1747 ἡ
2427 1675 2607 1747 κρίσις
2631 1673 2755 1735 τοὺς
2783 1669 2968 1734 κακῶς
2996 1671 3132 1741 αὐτῇ
3169 1670 3642 1742 προσερχομένους
3665 1666 3809 1737 ἐλέγ·

2239 1769 2336 1837 ξει.
2376 1787 2397 1821 ι

2307 1869 2412 1917 κα⁹,
2444 1861 2552 1915 Kal
2589 1860 2652 1930 δὴ
2713 1859 3072 1930 παραγίνεται
3122 1858 3150 1910 6
3205 1856 3462 1929 Ἰωάννης
3508 1855 3626 1928 μετ’
3663 1850 3812 1924 δχλου

2239 1953 2457 2008 πολλοῦ.
2481 1953 2592 2006 Kal
2616 1951 2904 2004 ἐκέλευσαν
2928 1953 2976 2002 οί
3003 1949 3260 2003 δικασταὶ
3288 1949 3383 2002 καὶ
3404 1951 3532 2013 τοὺς
3561 1945 3815 2016 Θεοφίλου

2239 2044 2616 2108 ἐκϐάλλεσθαι,
2651 2044 2746 2097 καὶ
2777 2043 2900 2105 τοὺς
2931 2042 3184 2095 Ἰωάννου
3209 2039 3283 2112 μὴ
3308 2040 3681 2112 είσέρχεσθαι·
3712 2038 3818 2107 άμ-

2242 2138 2502 2211 φοτέρους
2538 2136 2595 2190 δέ
2619 2135 2761 2206 ἐχειν
2788 2133 2906 2206 μεθ’
2942 2133 3149 2186 ἐαυτῶν
3172 2135 3330 2186 πέντε
3357 2131 3459 2186 άνὰ
3482 2131 3818 2185 ἐπισκόπων.

2241 2233 2354 2286 Kal
2380 2233 2408 2284 6
2444 2228 2751 2301 σοφώτατος
2795 2226 3070 2290 Ἀκυλῖνος
3120 2227 3217 2280 σὺν
3252 2228 3364 2290 τοῖς
3396 2226 3657 2296 ἄρχουσιν
3686 2223 3818 2293 ἔφη’

2250 2343 2269 2374 ι
2293 2322 2625 2376 Είσιέτωσαν
2646 2323 2694 2375 οί
2726 2320 3070 2392 μονάζοντες,
3093 2319 3286 2382 οἵτινες
3314 2317 3410 2382 τὰς
3439 2315 3823 2389 προσελεύσεις

2247 2413 2575 2486 ποιήσασθαι
2606 2411 2882 2484 ζητοῦσιν.
2921 2429 2939 2462 ι
2980 2411 3092 2464 Kal
3126 2409 3374 2480 εἰσῆλθον
3428 2409 3545 2480 ἅμα
3583 2409 3696 2471 τοῖς
3735 2404 3825 2459 δύο

2247 2504 2640 2576 πρεσϐυτέροις
2658 2497 2738 2567 οἷς
2766 2501 3022 2572 Ἰωάννης
3051 2500 3488 2572 ἐχειροτόνησεν
3517 2499 3613 2552 καὶ
3653 2495 3824 2552 ἀτενίδ

2248 2609 2346 2658 σας
2376 2597 2454 2658 είς
2485 2594 2683 2656 αὐτοὺς
2726 2593 3001 2656 ’Λκυλῖνος
3035 2592 3308 2663 κυέστωρ,
3338 2591 3432 2644 καὶ
3458 2591 3720 2659 ἐπιγνοὺς
3739 2605 3826 2644 τε·

2245 2686 2420 2748 λείους
2453 2685 2647 2748 αὐτοὺς
2681 2679 2843 2747 εἶναι,
2874 2683 2952 2754 τῷ
2983 2683 3226 2753 Θεοφίλῳ
3263 2683 3396 2753 ἔφη·
3453 2703 3471 2734 ι
3501 2678 3574 2736 Ὦ
3615 2682 3824 2752 γενναῖε

2246 2774 2352 2829 τῶν
2374 2773 2708 2838 ἐπισκόπων,
2740 2773 2820 2837 τίς
2849 2774 2882 2843 ἡ
2911 2772 3080 2838 αἰτία,
3106 2772 3138 2844 ῆ
3168 2773 3219 2825 τί
3249 2773 3277 2825 ὃ
3323 2772 3741 2845 παρεσκεύασεν
3769 2787 3823 2824 σε

2246 2865 2385 2920 ὅπλα
2421 2865 2788 2937 στρατιωτικὰ
2815 2865 3050 2920 λαϐόντα
3081 2883 3138 2919 σε
3177 2865 3468 2940 ἐπιρμψαι
3511 2867 3626 2929 τοῖς
3672 2863 3826 2936 μονάς

2249 2959 2433 3023 ζουσιν
2461 2957 2695 3023 τούτοις,
2726 2959 2821 3012 καὶ
2849 2957 3144 3012 σκυλεῦσαι
3172 2959 3267 3012 καὶ
3299 2957 3579 3028 βακλίζειν
3614 2956 3709 3010 καὶ
3737 2957 3826 3010 ἐκ·

2247 3049 2434 3117 διῶξαι
2463 3050 2579 3122 ἅμα
2613 3049 2868 3123 Ἰσιδώρῳ
2905 3050 2983 3121 τῷ
3019 3050 3378 3122 πρεσϐυτέρῳ
3414 3049 3496 3122 τῷ
3535 3050 3704 3115 δντως
3735 3065 3830 3103 πε-

2254 3139 2509 3214 ριϐοήτῳ,
2558 3141 2650 3195 τὸν
2685 3141 2779 3195 τοῦ
2815 3141 2952 3196 Θεοῦ
3009 3141 3174 3211 φόϐον
3226 3142 3549 3213 παριδόντα,
3598 3141 3692 3196 καὶ
3727 3138 3830 3194 τῶν

2249 3233 2523 3290 δεσποτῶν
2542 3234 2641 3307 τὴν
2675 3235 3019 3307 άπαρόρατον
3063 3235 3378 3306 ἐκδίκησιν;
3429 3255 3448 3286 ι
3483 3235 3628 3308 Πρὸς
3666 3232 3834 3288 ταῦτα

2250 3327 2507 3398 Θεόφιλος
2555 3327 2695 3399 ἐφη·
2739 3347 2758 3380 ι
2795 3327 2881 3392 Ὠς
2927 3329 3224 3398 αἱρετικοῖς
3274 3324 3369 3382 καὶ
3398 3329 3836 3404 τδιαστρέφουσιν

2248 3418 2350 3489 τὴν
2402 3418 2615 3492 ἐνορίαν
2667 3435 2769 3490 μου
2817 3420 3138 3492 ἐχρησάμην
3173 3421 3373 3484 αὐτοῖς.
3423 3440 3445 3474 ι
3493 3423 3554 3477 ὐ
3593 3421 3835 3492 κυέστωρ

2251 3511 2356 3582 ἐφη
2376 3526 2389 3542 ·
2429 3531 2447 3564 ι
2481 3511 2594 3565 Ούκ
2627 3511 2818 3575 ἐλαϐες
2834 3513 2893 3566 ἐν
2926 3512 3024 3583 τῷ,
3055 3512 3166 3567 Τὸν
3190 3514 3500 3582 αἱρετικὸν
3533 3515 3838 3584 ἄνθρωπον

2246 3605 2396 3676 μετὰ
2418 3606 2567 3678 μίαν
2590 3605 2690 3660 καὶ
2714 3604 3002 3675 δευτέραν
3038 3605 3371 3660 νουθεσίαν
3407 3605 3740 3676 παραιτοῦο
3779 3604 3837 3658 οὐ

2256 3700 2440 3770 μέντοι
2480 3699 2740 3763 τοιούτοις
2791 3698 3051 3771 περίϐαλε
3112 3698 3296 3761 πόνοις
3339 3700 3445 3755 καὶ
3489 3699 3840 3761 παντοδαποῖς

2254 3791 2442 3852 κακοῖς
2467 3805 2481 3853 ;
2508 3806 2526 3839 ι
2578 3789 2634 3840 '0
2661 3788 2716 3841 δέ
2754 3787 3024 3858 φιμωθεῖς
3044 3786 3277 3858 ἔμεινεν.
3313 3784 3457 3845 Εἶτα
3488 3793 3586 3848 καὶ
3614 3794 3726 3856 τοῖς
3757 3805 3840 3860 μο-

2253 3881 2504 3946 νάζουσιν
2549 3880 2730 3948 λέγει·
2764 3901 2781 3932 ι
2815 3880 3120 3945 Τοσαύταις
3167 3881 3533 3954 πειραθέντες
3577 3882 3839 3957 δαιμόνων

2255 3973 2602 4044 προσϐολαῖς,
2625 3973 2720 4027 νῦν
2747 3974 2838 4029 τὸν
2861 3977 2960 4047 τῆς
2983 3976 3278 4048 καρτερίας
3306 3976 3604 4045 ἐξελύσατε
3621 3975 3767 4032 τόνον
3790 3990 3832 4039 ;ι

2255 4065 2317 4117 Οί
2346 4063 2404 4117 δέ
2429 4058 2610 4115 εἷπονο
2653 4083 2671 4114 ι
2709 4062 2770 4116 Ἦ
2801 4063 3169 4130 ἀνυπόστατος
3191 4063 3283 4136 βία
3312 4067 3564 4122 ἐκκλῖναι
3589 4067 3737 4138 ἡμᾶς
3750 4057 3839 4117 τοῦ

2255 4154 2518 4227 προτέρου
2544 4156 2747 4228 τρόπου
2769 4157 3108 4228 ἠνάγκασεν·
3148 4158 3243 4211 καλ⁸
3263 4157 3373 4231 γὰρ
3403 4153 3839 4231 τεσσαρακοστὸν

2257 4247 2374 4312 ἔτος
2403 4247 2781 4320 διετελέσαμεν
2815 4251 2873 4304 ἐν
2903 4251 2983 4305 ἐνὶ
3005 4251 3284 4322 οἰκήματι.
3319 4251 3395 4305 Ού
3432 4251 3544 4322 μὴν
3589 4250 3726 4305 ἀλλὰ
3754 4245 3841 4304 καὶ

2255 4341 2304 4393 οί
2335 4339 2564 4410 ἀοίδιμοι
2625 4343 2867 4412 Πατέρες
2895 4343 3098 4414 Πέτρος
3125 4341 3216 4395 καὶ
3250 4342 3516 4412 Τιμόθεος
3564 4337 3845 4412 συντυχόν-

2255 4448 2346 4496 τες
2373 4434 2526 4504 ἡμῖν,
2557 4436 2653 4487 καί
2699 4434 2922 4502 γνόντες
2949 4434 3100 4497 τινὰς
3116 4432 3222 4486 τῶν
3250 4433 3347 4486 σὺν
3389 4435 3526 4502 ἡμῖν
3563 4432 3744 4486 ὁποῖοί
3780 4432 3844 4486 είς

2257 4539 2363 4588 σιν,
2392 4523 2644 4595 οὐδαμῶς
2662 4527 2796 4596 ἡμῖν
2826 4523 3317 4596 άντωφθάλμησαν,
3357 4523 3498 4578 ἀλλὰ
3535 4524 3634 4576 καὶ
3682 4523 3848 4595 εὐχάς

2256 4615 2512 4681 λαϐόντες
2537 4620 2666 4689 παρ’
2686 4617 2718 4688 ή
2727 4616 2842 4688 μῶν
2863 4617 2956 4670 καὶ
2973 4619 3300 4688 τιμήσαντες
3320 4617 3415 4669 καὶ
3443 4614 3848 4689 ύποστηρίζονο

2254 4723 2366 4772 τες,
2397 4709 2520 4761 κατ’
2540 4708 2720 4776 ὀλίγον
2741 4707 3030 4771 ἐπιστολὰς
3058 4706 3354 4778 ἐχάραττον
3389 4707 3529 4776 ἡμῖν
3571 4705 3717 4762 ὥστε
3763 4724 3846 4778 μι-

2257 4798 2592 4871 μνήσκεσθαι
2623 4799 2821 4854 αὐτῶν.
2861 4798 3294 4870 Παρακαλοῦμεν
3319 4796 3437 4861 οὗν,
3472 4797 3588 4852 εἴτε
3613 4800 3849 4868 ἐτυπτή-

2255 4893 2426 4966 θημεν
2451 4933 2464 4956 ,
2510 4893 2617 4946 εἴτε
2665 4891 3019 4964 ἐδιώχθημεν,
3054 4891 3174 4964 Θεῷ
3211 4891 3654 4965 καταλείπομεν,
3687 4889 3843 4963 μόνον

2254 4982 2580 5054 χαρισθῆναι
2633 4984 2766 5054 ἡμῖν
2793 4984 2892 5052 τὴν
2937 4985 3067 5056 πρὶν
3120 4985 3408 5039 κατοικίαν
3441 4985 3628 5058 ἡμῶν,
3680 4983 3763 5037 ῐνα
3787 4983 3842 5033 ἐν

2252 5075 2390 5147 αὐτῇ
2454 5075 2885 5146 μετανοήσαντες
2935 5075 3373 5149 ἀνακτησώμεθα
3417 5077 3668 5143 ἑαυτούς.
3711 5096 3728 5127 ι
3777 5071 3839 5129 Οἱ

2252 5161 2574 5238 ἐξοχώτατοι
2606 5167 2901 5238 στρατηγοὶ
2929 5167 3043 5237 ἅμα
3077 5165 3343 5240 ’Λκυλίνῳ
3363 5163 3530 5224 εἶπαν
3549 5185 3560 5199 ·
3602 5188 3620 5220 ι
3647 5164 3855 5228 Καλῶς.

2253 5257 2827 5328 ποιεῖτεογέγραπται
2877 5259 3024 5331 γάρ·
3068 5259 3166 5326 Τίς
3221 5259 3380 5330 ἡμᾶς
3423 5261 3674 5332 χωρίσει
3726 5255 3841 5312 ἁ.τὸ

2254 5348 2366 5419 τῆς
2400 5351 2640 5420 ἀγάπης
2679 5350 2786 5405 τοῦ
2830 5352 3265 5420 Χριστοῦ;δθεν
3295 5354 3418 5409 δέον
3451 5355 3838 5427 φρονήσαντες,

2249 5445 2312 5511 τῇ
2335 5444 2597 5516 παροικίᾳ
2615 5444 2825 5498 ἑαυτῶν
2851 5445 3087 5516 εὐλόγως
3114 5446 3462 5502 ἐπιϐήσεσθε.
3498 5468 3516 5499 ι
3538 5447 3650 5502 Kal
3677 5445 3841 5513 ἔπεμ·

2245 5609 2350 5662 qua
2382 5596 2448 5652 dc
2478 5598 2578 5655 hac
2609 5599 2724 5670 ipsa

2382 5599 2448 5652 dc
2478 5599 2578 5655 hac
2609 5599 2724 5670 ipsa
2770 5602 2976 5674 synodo
3036 5604 3165 5674 agit,
3215 5619 3333 5673 qum
3379 5603 3490 5661 fuit
3541 5602 3614 5660 ad
3669 5599 3841 5666 Quer-
