2758 4350
197 258 301 288 ιιιχι

194 331 332 369 tradita
349 331 652 382 obtemperarent,
675 339 842 382 discessit
860 345 906 382 ab
929 348 1082 387 ecc‘fesia
1103 357 1141 388 et
1159 354 1239 401 epi-

193 401 332 450 scopio,
361 403 463 442 tertio
493 404 785 450 Resurrcctionis
821 413 1019 456 Dominicae
1045 421 1119 458 die.
1154 422 1240 462 Fuit

191 477 306 510 autem
323 483 366 511 eo
393 473 450 512 die
475 475 593 516 luctus
616 480 742 530 ingens
762 487 961 525 amantium
981 489 1154 540 Joannis,
1175 495 1237 543 qui

190 540 220 578 ei
241 542 480 586 valedicebant
500 548 662 590 derelicti
683 554 729 592 ab
753 566 798 593 eo
813 585 822 601 ,
853 564 1025 608 tanquam
1047 575 1066 600 a
1087 567 1236 614 proprio

188 618 326 663 pastore
354 627 451 656 oves.
480 617 638 669 Populus
661 631 780 666 tamen
809 631 968 670 urbanus
985 635 1121 674 exitum
1155 639 1235 686 ejus

187 685 378 735 ignoravit;
398 691 459 738 qui
480 693 508 730 si
531 695 760 746 innotuisset,
779 703 965 750 sanguinis
984 707 1114 745 ellusio
1137 709 1234 748 inter

185 757 281 796 cives
308 770 348 798 ac
367 762 498 802 milites
525 765 644 806 futura
665 777 754 809 erat.
789 773 928 813 Idcirco
957 779 1118 818 Joannes
1138 783 1231 821 clam

184 828 314 875 populo
331 841 495 880 egressus
509 843 577 874 est.
603 838 705 878 Tunc
721 843 753 879 ei
770 844 844 882 dati
863 854 948 884 sunt
965 849 1128 889 Thraces
1147 854 1231 901 qui-

181 899 260 936 dam
282 900 510 943 inverecundi
527 912 709 956 custodes,
732 921 772 952 ut
791 926 874 954 eum
895 919 932 954 in
955 921 1119 959 exsilium
1144 935 1228 972 per-

179 969 363 1011 traherent
377 986 386 1019 ;
399 977 458 1023 qui
473 978 517 1016 de
532 979 611 1018 loco
625 983 660 1020 in
678 985 796 1024 locum
814 991 1009 1030 transferre
1023 1004 1224 1042 coeperunt.

177 1038 338 1089 Cumque
354 1044 426 1092 jam
441 1048 485 1085 ad
505 1051 674 1098 oppidum
691 1057 785 1102 quod
801 1059 934 1098 dicitur
948 1038 1112 1102 Cucusus
1129 1075 1226 1106 esset

175 1120 424 1162 perventurus,
446 1129 595 1168 apparet
608 1125 640 1161 ei
657 1125 692 1162 in
714 1131 850 1168 somnis
869 1141 1016 1174 sanctus
1032 1137 1226 1180 Basiliscus

173 1181 362 1232 episcopus
375 1197 417 1225 ac
433 1197 566 1240 martyr
578 1194 702 1234 dicens
719 1212 728 1236 :
751 1213 763 1234 ι
790 1201 916 1241 Frater
931 1205 1084 1254 Joanne,
1105 1218 1224 1250 macte

173 1250 305 1298 animo,
338 1257 524 1298 nobiscum
553 1265 648 1302 enim
679 1269 845 1316 quiesces
866 1274 902 1311 in
934 1287 1018 1315 arca
1039 1281 1101 1318 ubi
1130 1293 1222 1322 meae

171 1320 392 1374 aliorumque
413 1338 610 1381 martyrum
637 1339 798 1388 reliquiae
818 1352 916 1390 sunt,
939 1349 1118 1400 Eutropii,
1143 1354 1222 1393 Ru-

171 1389 229 1432 ﬁni
253 1401 360 1445 atque
379 1397 550 1441 Colluthi.
578 1419 590 1440 ι
613 1407 732 1457 Atque
751 1413 880 1452 eadem
900 1389 1036 1465 pariter
1054 1389 1146 1462 visio
1165 1436 1222 1464 ec-

169 1465 282 1506 clesia:
313 1473 557 1514 mansionario
584 1479 703 1519 oblata
733 1483 822 1533 fuit,
856 1489 996 1529 scilicet
1022 1505 1031 1529 :
1057 1507 1070 1530 ι
1094 1495 1222 1536 Frater

165 1535 334 1588 Joannes,
355 1545 417 1592 qui
437 1547 509 1586 huc
534 1551 693 1600 advenit,
712 1558 757 1594 ad
784 1557 978 1602 Dominum
999 1568 1221 1618 migraturus

165 1613 221 1645 est
249 1621 258 1645 :
294 1615 330 1648 tu
365 1624 451 1652 vero
473 1625 727 1667 corpusculum
755 1629 835 1676 ejus
865 1635 1054 1676 nobiscum
1082 1652 1220 1690 ponere

165 1676 250 1690 __..A
325 1680 356 1690 ..

165 1676 265 1716 velis.
291 1693 304 1715 ι
325 1680 482 1723 Ventum
501 1699 587 1738 ergo
609 1701 666 1731 est
683 1696 728 1734 ad
745 1697 864 1738 locum
886 1704 947 1742 tibi
968 1676 1146 1759 martyres
1159 1714 1220 1762 ja-

1063 1747 1075 1759 δ
1091 1747 1096 1748 ⁷
1111 1747 1144 1750 ν’
1159 1747 1197 1762 δ’·

162 1747 290 1787 oebant
311 1764 320 1788 :
342 1757 552 1806 rogavitque
580 1762 740 1805 Joannes
759 1773 949 1820 custodes,
972 1784 1011 1815 ut
1033 1790 1074 1818 se
1100 1767 1214 1833 usque

163 1817 204 1833 -.Ι
228 1819 246 1833 l
258 1831 282 1833 -ν
421 1827 429 1833 ¹

162 1817 204 1855 ad
228 1819 351 1860 horam
369 1827 530 1872 quintam
552 1833 752 1876 subsistere
773 1841 961 1892 sinerent;
983 1817 1212 1896 quorumjal-

164 1894 215 1926 ter
239 1893 381 1940 quidem
409 1899 572 1949 volebat,
602 1905 694 1945 alter
711 1917 832 1951 autem
869 1917 996 1958 immiti
1025 1925 1147 1965 animo
1169 1941 1212 1968 ac

163 1968 256 1998 more
283 1967 468 2007 renuebat.
495 1971 584 2026 ipsis
602 1975 712 2024 igitur
738 1993 851 2033 usque
869 1988 913 2026 ad
930 1995 1124 2039 quemdam
1155 1999 1211 2037 lo-

162 2039 238 2068 cum
257 2033 324 2072 itcr
345 2047 660 2094 prosequentibus,
683 2062 811 2103 magna
837 2059 958 2107 pluvia
985 2063 1140 2114 ingruit,
1160 2071 1208 2110 ita

163 2107 198 2141 ut
213 2108 373 2154 progredi
387 2121 629 2164 nequeuntes,
651 2123 697 2159 ad
719 2127 912 2168 stationem
933 2141 1130 2184 martyrum
1149 2141 1210 2179 ἰη-

161 2171 218 2210 viti
230 2184 508 2223 reverterentur.
523 2186 727 2239 Statimque
745 2195 906 2238 Joannes
919 2207 1074 2252 sumptis
1094 2219 1208 2250 sacrae

159 2240 303 2294 liturgite
323 2253 562 2302 vestimentis,
585 2267 622 2298 et
646 2262 778 2303 divinis
798 2274 980 2318 mysteriis
999 2283 1207 2319 communi-

157 2321 249 2360 cans,
268 2317 488 2372 largitusque
507 2329 774 2374 benedictionis
791 2339 871 2378 loco
890 2345 1064 2394 quidquid
1081 2361 1206 2392 secum

899 2381 912 2390 ι
959 2381 1064 2394 Ἴ---
1081 2381 1206 2392 ww...

157 2381 286 2426 ferebat
301 2395 517 2444 astantibus,
535 2401 661 2451 eisque
676 2407 894 2458 valedicens,
911 2426 1012 2455 more
1032 2421 1100 2458 sibi
1119 2434 1206 2462 con-

159 2465 255 2496 sueto
269 2462 382 2503 dixit:
409 2481 421 2503 ι
451 2469 570 2510 Gloria
600 2475 675 2514 Deo
699 2487 850 2528 propter
883 2488 1030 2533 omnia;
1056 2503 1068 2525 ι
1093 2503 1206 2542 seque

158 2529 350 2581 reclinans,
381 2538 525 2580 Christo
559 2545 634 2584 Deo
665 2557 794 2590 nostro
831 2556 1001 2603 spiritum
1034 2564 1202 2614 tradidit,

153 2603 282 2640 sanctis
301 2617 440 2656 quoque
461 2617 676 2665 martyribus
693 2623 878 2673 salutatis,
899 2640 984 2669 cum
1004 2633 1122 2684 iisque
1144 2639 1205 2678 die

153 2667 274 2684 4-)-“
300 2683 310 2684 γ
382 2677 404 2684 “·

869 2667 877 2673 ,
1004 2667 1122 2684 -.ηπ
1145 2667 1204 2678 ...ν

153 2667 276 2707 eadem
297 2677 478 2726 sepelitur,
506 2687 618 2724 multa
637 2691 682 2728 ab
710 2693 922 2737 inhumanis
950 2701 1020 2740 illis
1043 2705 1204 2747 homini-

151 2735 219 2820 bus
248 2750 388 2788 passus.
421 2748 479 2788 Sic
499 2756 594 2794 enim
623 2762 798 2804 militibus
825 2768 914 2817 ipsis
942 2773 1198 2820 denuntiatum

838 2805 912 2817 Γ.-
943 2805 1197 2820 --..........ιι..ιι

151 2805 277 2855 fuerat,
299 2823 430 2865 nempe
449 2825 545 2868 quod
567 2827 597 2863 si
612 2828 669 2868 ille
689 2837 842 2880 pessime
858 2842 903 2879 ab
922 2844 966 2882 iis
983 2847 1138 2890 aﬂ’ectus
1153 2865 1197 2892 ex

151 2888 304 2922 aerumna
319 2897 534 2940 moreretur,
561 2899 671 2938 multa
690 2903 808 2944 forent
823 2921 971 2954 munera
993 2926 1194 2971 accepturi.

190 2951 234 2971 ορ
265 2955 350 2971 πμ-
426 2968 433 2971 -
565 2968 572 2971 ‘
589 2969 596 2971 λ

921 2951 924 2952 ν
936 2951 943 2952 κ
954 2951 971 2954 ν-
993 2951 1071 2959 νιννι.
1081 2951 1194 2971 VIIII.-

190 2951 246 2998 26.
263 2955 355 2996 Ecce
373 2968 494 3007 autem
511 2968 657 3015 quidam
675 2975 718 3014 de
735 2977 886 3021 Joannis
899 2988 1026 3028 amicis
1039 2992 1194 3035 Romam

192 3021 237 3035 -3.
267 3026 288 3035 -ο

901 3021 1026 3028 ἢ----η
1039 3021 1190 3035 -.νηιωιι

151 3021 302 3071 pmfecti,
325 3039 455 3070 cuncta
469 3035 546 3076 haec
561 3039 774 3087 Innocentio
786 3063 889 3102 papae
909 3062 1190 3116 nuntiaverunt,

151 3091 202 3116 nni
221 3095 266 3116 in.
285 3109 405 3116 n—A—L
453 3107 468 3116 '

150 3095 204 3168 qui
219 3095 268 3133 ira
285 3109 430 3150 propter
449 3107 624 3152 Joannem
640 3119 742 3158 valde
758 3133 978 3176 commotus,

646 3303 657 3307 -
873 3303 1010 3310 ~—-v---
1038 3303 1126 3314 nun:
1153 3303 1189 3318 CI

144 3303 288 3390 lArcadio
305 3323 408 3365 atque
422 3323 592 3366 Eudoxiae
605 3339 1018 3382 excommunicationem
1041 3347 1098 3386 his
1111 3363 1189 3390 ver-

749 3371 765 3372 ,,
777 3371 1018 3382 ..η-ν-.-.νιινιυ
1041 3371 1098 3386 um
1114 3371 1186 3390 νιπ-

146 3371 196 3413 bis
213 3379 335 3420 mittit:
359 3401 371 3422 ι
391 3389 544 3435 Arcadio
571 3404 607 3435 et
633 3401 804 3444 Eudoxite
829 3408 1080 3455 Innocentius.
1107 3419 1186 3459 Vox

144 3451 319 3496 sanguinis
335 3457 478 3502 Joannis
509 3467 632 3509 fratris
652 3476 723 3512 mei
747 3479 880 3518 clamat
907 3485 953 3522 ad
979 3486 1118 3534 Deum,
1147 3499 1185 3531 et

144 3520 282 3560 omnino
317 3535 456 3581 sanguis
491 3540 571 3588 ejus
609 3545 865 3590 vindicabitur.
903 3555 948 3592 Et
978 3569 1046 3596 nos
1079 3573 1179 3611 ergo,

144 3597 304 3611 n........_
328 3600 335 3608 -
427 3607 458 3611 .-

1086 3597 1179 3611 νος,

143 3597 306 3634 quantum
325 3600 361 3638 in
379 3607 478 3647 nobis
491 3618 560 3659 est,
576 3615 817 3666 vindicantes,
834 3626 973 3664 caelesti
999 3637 1180 3677 sententia

158 3779 166 3787 .
185 3735 228 3791 (li)
254 3741 339 3788 Quis
356 3759 426 3788 non
445 3755 505 3800 pio
520 3767 630 3796 sensu
647 3772 892 3811 prosequatur
911 3770 1010 3810 hunc
1027 3777 1176 3826 religio-

158 3790 307 3826 IsSlmum
332 3805 374 3826 an
400 3799 544 3826 nam..."
581 3809 696 3826 mm:
727 3811 794 3826 -.ε-ε

140 3789 185 3817 ηδ
206 3789 211 3791 _
446 3789 500 3800 r,,
521 3789 630 3796 --.μιν
648 3789 885 3823 r..vm.,‘q:1uula
911 3789 1010 3810 nunc
1027 3789 1176 3826 rctlgto-

140 3793 707 3868 iiiiiii'liﬂnafﬁiifaujan99,
826 3815 986 3868 οιιιιιιηιν
1015 3832 1090 3868 nm
1114 3827 1176 3866 ίιιο

141 3831 179 3861 ι’
217 3833 224 3840 ·
263 3836 270 3844 -
359 3831 370 3833 '
401 3831 545 3840 ’ν’-ἰηι-
581 3831 698 3845 vanu:-
732 3831 796 3848 vlrl
826 3831 986 3862 υυιιυῐη,
1015 3832 1090 3868 pra;
1114 3831 1175 3866 “[0

141 3837 337 3912 [ἐξέξδῆἮὲ
348 3853 621 3912 ΡΞΞῨΞὟΞῩΨΨ
650 3855 742 3902 eius,
759 3869 868 3912 (litem
895 3863 1060 3906 hiSlorici
1089 3884 1175 3912 nar-

349 3881 359 3890 ·
398 3881 621 3890 ν’“““·ν·“···
651 3881 742 3902 "tuo,
759 3881 868 3905 quam
895 3881 1060 3906 ιιιδιυηει
1089 3884 1172 3912 nar-

139 3881 725 3960 zmiliogifniﬁiiiiqgigrﬂm,.non
757 3906 923 3960 “meti”,
955 3923 1035 3960 (ιυεε
1057 3924 1172 3960 l0tum

138 3923 294 3970 Μίκωτῇ
324 3923 334 3924 κ
369 3923 446 3949 ηιξ..
471 3923 622 3955 nam.qu
652 3923 725 3940 ιιυιι
757 3923 923 3954 miretur,
955 3923 1035 3970 quae
1057 3924 1169 3960 totum

299 3938 469 3984 mplevrt?
493 3946 590 3984 Sane
619 3955 654 3986 et
676 3960 830 4000 magnus
860 3955 1085 4006 Augustinus
1105 3969 1169 4016 Op.

695 259 754 298 DE
783 262 890 301 VlTA
918 265 978 302 ET
1005 267 1190 309 EXSlLlO
1219 273 1257 311 ὃ.
1285 275 1480 318 ιοΑΝΝιε
1503 281 1857 328 CHRYSOSTUMI.

2259 310 2383 338 ικλχιι

1309 358 1496 408 verboque
1530 361 1594 400 Dei
1623 367 1754 406 ambos
1786 381 1852 408 vos
1871 372 2063 422 alligamus
2093 375 2277 416 insolubili
2311 379 2382 418 vin-

1307 429 1391 466 culo
1404 442 1413 466 :
1427 437 1462 468 te
1480 432 1656 472 nimirum
1671 447 1713 474 ac
1730 437 1909 487 Dalidam,
1933 455 2016 492 quae
2034 453 2070 484 te
2091 449 2269 496 paulatim
2288 451 2385 492 frau-

1305 499 1362 538 dis
1386 506 1562 543 novacula
1583 509 1709 554 erasit,
1727 513 1828 550 omni
1851 517 2110 563 mysteriorum
2132 531 2284 560 accessu
2303 534 2385 572 pro-

1304 572 1497 620 hibemus,
1529 585 1564 615 te
1584 580 1735 627 quidem
1763 594 1826 621 sex
1849 587 2066 633 mensibus,
2089 590 2188 629 illam
2215 593 2380 633 biennio.

1301 646 1421 694 Atque
1441 649 1512 687 hoc
1531 651 1676 697 scitote,
1697 655 1795 701 quod
1813 656 1845 693 si
1863 657 2093 698 violaveritis
2112 663 2264 702 missam
2281 678 2300 703 a
2317 679 2382 705 no-

1300 708 1356 746 bis
1379 711 1525 750 ccelitus
1554 715 1790 764 sententiam,
1812 719 1870 758 vel
1899 721 1944 758 ad
1963 721 2088 761 divina
2114 727 2290 773 mysteria
2315 741 2380 767 ac-

1299 771 1504 812 cedendum
1529 779 1761 825 putaveritis,
1793 789 1915 820 vestra
1941 785 2090 832 quidem
2122 788 2264 828 viscera
2297 799 2379 830 tan-

1297 847 1408 884 quam
1428 839 1544 887 ignito
1561 842 1724 880 carbone
1743 853 2025 885 consumentur.
2044 849 2090 887 Et
2109 850 2141 887 si
2157 852 2238 899 quis
2254 863 2297 891 ea
2318 867 2380 892 v0-

1297 898 1354 936 bis
1371 900 1550 948 impertiri
1572 905 1720 950 audeat,
1741 907 1820 946 sive
1835 908 2048 958 episcopus,
2069 913 2148 952 sive
2167 898 2374 966 presbyter,

1296 962 1326 998 si
1358 973 1522 1010 prorsus,
1543 966 1706 1015 inquam,
1737 971 1808 1008 tale
1841 972 1986 1011 iacinus
2022 981 2162 1016 temere
2201 986 2373 1024 attentet.

1294 1035 1428 1073 nempe
1455 1032 1496 1064 ut
1512 1029 1701 1068 decretam
1721 1033 1900 1072 divinitus
1927 1035 2027 1074 Petri
2042 1040 2198 1086 apostoli
2225 1050 2376 1080 senten-

1295 1087 1380 1124 tiam
1401 1088 1587 1140 infringat,
1613 1099 1650 1130 et
1675 1105 1752 1132 rem
1777 1098 1981 1144 quamlibet
2008 1111 2150 1139 sacram
2176 1104 2282 1142 vobis
2305 1105 2378 1143 lar-

1292 1149 1412 1198 giatur
1428 1164 1436 1188 :
1455 1152 1517 1191 ille
1535 1155 1678 1194 caelesti
1706 1159 1840 1206 gratia,
1863 1166 1900 1198 et
1921 1167 2069 1201 terrena
2090 1177 2237 1214 quoque
2256 1169 2375 1218 digni-

1294 1218 1366 1250 tate
1397 1215 1562 1262 privatus
1599 1218 1812 1258 habebitur.
1850 1222 2004 1272 Depone
2034 1227 2123 1265 item
2161 1215 2370 1270 adulterum

1291 1275 1510 1322 Arsacium;
1531 1285 1642 1327 atque
1658 1292 1789 1320 omnes
1817 1286 1879 1332 qui
1905 1298 1990 1325 cum
2017 1299 2062 1327 eo
2077 1295 2368 1341 communicant,

1291 1345 1374 1373 cum
1403 1337 1533 1376 eodem
1563 1339 1853 1381 damnabuntur.
1886 1345 2083 1396 Theophili
2115 1361 2203 1389 vero
2226 1337 2372 1402 deposi;

1291 1396 1382 1434 tioni
1413 1405 1489 1437 tres
1519 1411 1650 1448 pmnas
1675 1403 1886 1452 adjicimus,
1924 1413 2366 1461 excommunicationem,

1289 1461 1498 1507 anathema,
1520 1470 1558 1502 et
1577 1465 1827 1506 omnimodam
1849 1468 2047 1510 Christiani
2062 1475 2225 1512 nominis
2239 1477 2367 1525 priva-

1289 1522 1441 1562 tionem.
1461 1537 1473 1560 ι

1335 1589 1396 1627 27.
1424 1589 1619 1631 Scribebat
1660 1595 1771 1634 etiam
1816 1597 2002 1638 Honorius
2053 1601 2156 1640 fratri
2204 1604 2366 1642 Arcadio

1288 1649 1410 1688 verbis
1449 1652 1536 1691 his:
1572 1669 1584 1691 ι
1611 1656 1768 1696 Arcadio
1808 1659 1910 1698 fratri
1949 1669 2077 1701 nostro
2117 1668 2363 1715 conregnanti

1287 1710 1469 1752 Honorius
1494 1717 1666 1756 salutem.
1701 1719 1834 1760 Nescio
1858 1735 2028 1771 quaenam
2063 1728 2275 1768 adversaria
2306 1733 2362 1771 vis

1283 1775 1470 1824 deceperit
1503 1785 1550 1823 te,
1575 1788 1616 1818 ut
1655 1781 1802 1823 feminae
1843 1788 2005 1827 conﬁsus
2042 1792 2138 1830 mala
2177 1800 2370 1842 patrares-

1280 1837 1400 1886 Atque
1424 1841 1485 1879 hic
1514 1853 1644 1883 omnes
1671 1846 1815 1895 imperii
1841 1853 1957 1888 nostri
1987 1853 2152 1904 episcopi
2175 1837 2358 1901 clamant.

1279 1901 1377 1946 quod
1410 1902 1516 1952 legati
1547 1907 1593 1943 ad
1622 1912 1720 1944 tuam
1751 1911 1982 1958 majestatem
2013 1901 2132 1962 missi,
2167 1923 2278 1966 atque
2311 1922 2360 1960 ad

1279 1971 1442 2002 coactam
1481 1970 1661 2016 synodum
1699 1973 2006 2022 confirmandam,
2047 1986 2146 2019 arcta
2189 1985 2358 2023 custodia

1279 2025 1434 2072 detenti,
1479 2029 1576 2068 fame
1617 2034 1877 2074 conﬁciantur.
1923 2039 2019 2077 Tum
2057 2044 2156 2090 quod
2205 2049 2356 2094 propria

1278 2091 1466 2131 voluntate
1489 2097 1713 2146 proprioque
1730 2100 1872 2148 judicio
1903 2105 2019 2152 pulsis
2039 2091 2236 2158 episcopis,
2262 2113 2358 2150 alios

1277 2150 1526 2202 sebstitucris,
1549 2160 1749 2206 apostolica
1772 2150 1993 2204 auctoritate
2015 2150 2248 2218 contempta;
2270 2184 2354 2221 qua:

1277 2215 1422 2262 quidem
1454 2229 1512 2256 res
1541 2222 1746 2268 periculum
1773 2226 1819 2264 ab
1852 2227 2066 2269 hominibus
2094 2233 2203 2272 nobis
2228 2244 2353 2281 creat:

1277 2288 1359 2314 nam
1381 2285 1418 2316 et
1437 2281 1504 2328 ipsi
1527 2284 1616 2321 mihi
1648 2287 1758 2326 rebus
1789 2292 1903 2328 sacris
1933 2291 2171 2333 interdictum
2208 2297 2291 2344 fuit,
2315 2307 2353 2338 et

1278 2339 1314 2376 iu
1334 2341 1392 2378 his
1411 2345 1576 2390 partibus
1592 2359 1666 2385 non
1687 2351 1829 2390 modica
1850 2355 2013 2393 turbatio
2030 2363 2100 2394 est.
2135 2359 2218 2398 Cito
2240 2361 2352 2410 igitur

1275 2411 1350 2437 non
1378 2404 1512 2449 verbis.
1533 2407 1595 2444 sed
1613 2408 1733 2455 factis,
1756 2413 1853 2450 malo
1873 2414 1959 2452 huic
1981 2417 2129 2456 medere
2152 2431 2160 2456 :
2181 2431 2267 2458 nam
2288 2433 2350 2461 sa-

1275 2463 1466 2502 cerdotum
1491 2478 1558 2514 pro
1587 2471 1696 2508 nobis
1720 2483 1850 2519 preces
1870 2485 1981 2524 regna
2011 2486 2138 2517 nostra
2169 2489 2350 2530 perpetuo

1275 2524 1435 2564 ﬁrmant.
1467 2540 1480 2563 ι

1321 2586 1380 2626 28.
1413 2589 1504 2628 Dum
1531 2603 1619 2642 ergo
1647 2595 1684 2632 in
1717 2597 1814 2646 regia
1853 2600 1944 2638 urbe
1979 2601 2208 2652 Theophilus
2235 2608 2353 2647 innu-

1273 2660 1394 2689 meras
1423 2653 1649 2694 calamitates
1673 2658 1848 2707 elliceret,
1873 2663 2107 2704 advenerunt
2129 2667 2348 2717 Byzantium

1270 2712 1440 2762 Romani,
1471 2719 1666 2764 prtedictas
1700 2722 1844 2762 litteras
1859 2725 2022 2766 ferentes
2047 2741 2056 2766 :
2081 2712 2216 2778 quibus
2240 2744 2348 2772 rece-

1269 2777 1362 2824 ptis,
1387 2778 1584 2827 imperator
1615 2787 1858 2825 conturbatus
1875 2796 1947 2834 est,
1971 2777 2196 2842 prorsusque
2221 2797 2347 2835 animo

1267 2839 1479 2881 dissolutus.
1522 2845 1752 2895 Theophilus
1783 2849 1906 2899 itaque
1938 2864 2006 2901 pro
2042 2865 2109 2911 sua
2136 2839 2345 2899 calliditate

1265 2904 1475 2954 intelligens
1514 2908 1584 2947 hoc
1610 2911 1686 2958 jam
1728 2923 1810 2951 esse
1846 2916 2026 2956 malorum
2063 2909 2223 2968 initium,
2256 2924 2341 2974 fuga

1265 2967 1373 3004 saluti
1405 2979 1482 3008 sua:
1511 2971 1611 3009 solus
1638 2976 1844 3022 consuluit;
1865 2978 2055 3028 Augustus
2073 2989 2213 3030 autem,
2235 2989 2339 3035 quasi

1265 3035 1417 3068 veterno
1437 3033 1625 3082 evigilans,
1661 3040 1902 3085 praetorianos
1925 3044 2028 3082 misit
2044 3046 2090 3084 ad
2117 3033 2338 3096 capiendum

1264 3091 1523 3142 Theophilum,
1561 3098 1623 3146 qui
1659 3101 1828 3141 sobrinos
1865 3105 1948 3152 ejus
1979 3107 2138 3153 Menam,
2163 3091 2338 3165 -Theote-

1262 3163 1392 3200 cnum,
1416 3163 1452 3194 el
1477 3157 1742 3208 lschyrionem,
1765 3164 1979 3206 verberatos
2003 3158 2249 3211 adduxerunt.
2275 3174 2338 3214 Si-

1261 3217 1398 3255 militer
1431 3226 1467 3258 et
1498 3223 1696 3269 Acacium,
1733 3233 1960 3278 cunctosque
1995 3233 2088 3272 alios
2105 3235 2265 3276 violenta
2298 3240 2334 3277 vi

1258 3285 1462 3324 pertractos
1483 3283 1520 3320 in
1552 3295 1741 3324 carcerem
1765 3290 1862 3328 trudi
1886 3292 1996 3341 jussit
2017 3295 2245 3345 imperator:
2269 3302 2336 3349 qui

1257 3351 1342 3378 mox
1367 3344 1413 3380 ad
1447 3345 1650 3385 Eudoxiam
1674 3349 1876 3400 ingressus,
1897 3361 1938 3394 ut
1957 3367 2036 3395 eam
2059 3344 2329 3408 pessumdaret,

1255 3405 1347 3442 vidit
1364 3406 1438 3444 illic
1455 3408 1650 3456 episcopos
1669 3412 1731 3458 qui
1749 3422 1877 3454 contra
1896 3405 2144 3469 Theophilum
2166 3405 2328 3467 fuerant,

1254 3465 1388 3512 quibus
1410 3469 1462 3506 ait
1482 3482 1490 3505 :
1519 3483 1530 3505 ι
1556 3471 1652 3515 Quid
1671 3473 1731 3512 hic
1749 3477 1883 3524 agitis?
1905 3491 1917 3514 ι
1941 3465 2141 3521 Illi—autem
2167 3497 2175 3522 :
2197 3499 2209 3520 ι
2235 3465 2337 3521 Μυιζ

1255 3527 1300 3564 tis
1315 3529 1392 3576 jam
1411 3530 1542 3569 diebus
1566 3533 1627 3572 hic
1658 3539 1902 3586 custodiatur,
1921 3553 1970 3580 ne
1987 3545 2182 3583 veritatem
2203 3546 2328 3583 dicere

1253 3589 1373 3629 liceat.
1402 3606 1414 3628 ι
1431 3614 1480 3621 -
1497 3608 1510 3629 ι
1536 3594 1566 3632 Α
1579 3607 1754 3647 quonam,
1773 3602 1905 3651 inquit,
1919 3615 1986 3644 vos
2001 3605 2283 3654 comprehensi?
2308 3617 2320 3636 ι

1251 3673 1298 3679 -
1315 3667 1326 3688 ι
1343 3655 1369 3690 Α
1386 3654 1559 3703 Mariano,
1577 3672 1589 3694 ι
1605 3660 1790 3703 dixerunt.
1803 3665 1936 3703 Statim
1949 3666 2136 3716 Augustus
2155 3664 2233 3702 dari
2251 3663 2325 3701 illis

1248 3788 1389 3855 imperi.
1407 3795 1643 3855 fonhtfthlul.
1665 3799 1728 3837 lib.
1756 3812 1805 3855 vi,
1836 3803 1870 3855 7,
1892 3802 1946 3855 sic
1969 3801 2014 3854 de
2041 3799 2103 3834 illo
2123 3809 2131 3832 :
2161 3797 2320 3855 Joannes

1245 3836 1664 3888 Constdntinopolitanus
1682 3836 1884 3882 etcellénti's
1901 3836 2026 3892 glorier
2041 3847 2231 3900 sacerdos._
2279 3893 2287 3901 ι

1294 3885 1340 3932 (ε)
1363 3886 1413 3924 na
1444 3888 1606 3932 loquitur
1633 3891 1712 3932 ipse
1731 3893 2014 3932 Chrysostomus
2029 3889 2076 3926 de
2107 3893 2258 3930 Arsacia
2279 3904 2326 3932 tn.

1294 3885 1340 3932 (ε)
1363 3886 1413 3924 Ita
1444 3885 1606 3936 loquitur
1633 3891 1712 3938 ipse
1731 3885 2036 3929 Chrvsost'omuSt

1243 3931 1397 3978 epistola
1425 3935 1491 3974 l25
1512 3938 1572 3974 ed.
1590 3938 1733 3981 Montf.,
1761 3943 1786 3972 t.
1809 3929 1869 3980 Ill,
1894 3945 1930 3980 p.
1954 3934 2036 3973 670.
