2758 4350
335 233 402 262 χον

335 304 450 340 fuisse
473 297 641 337 Ecclesiae
667 289 995 337 llelenopolitanre,
1027 287 1136 324 [idem
1167 283 1306 322 faciunt
1329 282 1409 319 haec

335 363 430 401 tituli
443 360 564 402 verba,
581 356 750 403 Dialogus
762 351 924 390 Palladii
937 350 1092 397 episcopi
1103 346 1352 394 Helenopolim
1359 346 1410 389 ni,

335 427 462 465 eadem
477 425 513 460 in
529 421 601 458 ﬁne
617 417 728 455 libelli
741 415 912 464 repetita.
930 412 1038 462 Apud
1055 411 1235 449 Savilium
1252 411 1411 448 habetur

335 487 509 526 elenchus
525 489 738 524 auctorum,
757 481 820 528 qui
841 478 982 528 aliquid
1009 477 1055 516 de
1077 475 1222 514 Joanne
1247 473 1410 522 Chryso-

335 557 452 588 stomo
474 546 716 594 scripserunt.
741 543 828 581 Fuit
849 549 974 580 autem
995 545 1192 589 excerptus
1212 537 1350 576 Patavii
1365 547 1410 574 ex

333 612 460 651 codice
482 609 736 648 vetustissimo
760 607 952 644 Michaelis
983 603 1178 653 Sopliiani,
1199 609 1237 640 et
1252 599 1412 650 praeﬁgi—

332 683 394 714 tur
411 675 508 724 apud
543 673 714 712 eumdem
743 671 922 709 Savilium
942 669 1036 707 Vitae
1051 668 1089 706 S.
1111 667 1267 706 Joannis
1289 665 1412 713 Chry-

333 737 500 781 sostomi,
521 736 667 784 scriptae
691 735 739 772 ab
759 739 913 771 auctore
935 731 1098 780 quodam
1123 738 1325 777 anonymo,
1349 725 1414 776 qui

335 812 377 840 se
404 811 486 838 eam
515 798 759 837 concinnasse
777 795 868 834 dicit
885 806 932 833 ex
960 793 1136 832 omnibus
1163 791 1226 840 qui
1255 791 1293 828 in
1315 791 1414 827 dicto

337 862 494 902 elencho
515 861 754 899 nominantur
777 857 1034 907 scriptoribus.
1059 855 1136 893 llos
1159 855 1257 892 inter
1287 853 1416 891 Graece

338 924 470 975 legitur
487 924 675 963 Palladius
703 924 887 972 episcopus
916 919 1184 968 Helenopoleos.
1221 917 1414 966 Georgius,

339 988 610 1026 Alexandrinus
638 987 860 1036 patriarcha,
889 985 951 1034 qui
972 984 1086 1022 multa
1107 995 1150 1021 ex
1173 983 1246 1020 hoc
1272 981 1418 1030 dialogo

340 1054 377 1090 in
395 1051 514 1090 Vitam
533 1052 686 1090 Joannis
704 1050 954 1100 Chrysostomi
975 1060 996 1086 a
1019 1060 1060 1087 se
1080 1047 1258 1096 scriptam
1291 1053 1416 1084 trans-

341 1113 449 1156 tulit.
483 1123 524 1150 ea
551 1112 674 1150 omnia
705 1117 856 1160 accepta
882 1109 996 1148 reiert
1022 1108 1184 1146 Palladio
1207 1107 1384 1156 episeopo
1409 1117 1418 1122 ε

340 1187 424 1225 qua:
447 1175 576 1213 eadem
599 1175 721 1213 omnia
739 1175 776 1212 in
792 1175 863 1212 hoc
882 1173 1026 1222 dialogo
1049 1172 1186 1220 scripta
1203 1171 1378 1219 leguntur
1398 1183 1406 1206 :

342 1238 515 1284 Quwdam
527 1249 645 1275 eorum
659 1249 702 1274 ea:
713 1237 856 1286 dialogo
869 1236 1030 1273 Palladii
1044 1234 1198 1283 episcopi
1213 1245 1294 1270 cum
1309 1233 1421 1270 Theo-

341 1303 444 1346 doro,
470 1301 638 1339 Romana:
657 1300 821 1337 Ecclesia:
842 1300 1008 1343 diacono,
1021 1299 1222 1336 hausimus.
1241 1296 1306 1334 Ille
1327 1303 1420 1333 tem-

341 1365 484 1410 poribus
507 1364 583 1400 istis
610 1363 696 1400 vixit
719 1362 1041 1410 Constantinopoli,
1064 1368 1096 1398 et
1125 1361 1287 1409 interfuit
1306 1361 1422 1397 omni-

342 1429 404 1463 bus
425 1436 503 1471 qua:
518 1431 600 1462 acta
615 1431 697 1462 sunt
715 1435 727 1461 :
746 1431 867 1470 postea
888 1435 968 1460 rero
989 1423 1074 1460 urbe
1087 1429 1196 1471 atque
1215 1422 1422 1470 episcopatu

340 1500 405 1526 suo
425 1488 586 1532 decessit,
609 1487 838 1524 abominatus
857 1485 1142 1523 communionem
1168 1496 1249 1521 cum
1285 1484 1344 1528 iis,
1361 1484 1422 1531 qui

342 1547 494 1589 insidias
521 1557 728 1588 struxerant
749 1550 919 1586 adversus
938 1549 1081 1586 beatum
1106 1548 1296 1592 Joannem,
1315 1554 1424 1595 atque

327 1623 465 1667 contra
495 1615 626 1663 ipsum,
646 1615 718 1651 imo
735 1621 857 1651 contra
877 1626 944 1652 sua
973 1614 1094 1661 capita
1112 1612 1308 1650 sententias
1331 1611 1424 1648 tule-

344 1685 440 1723 rant,
477 1677 576 1714 nulla
615 1688 794 1713 canonum
831 1676 954 1713 habita
989 1677 1140 1712 ratione.
1172 1674 1342 1718 Photius,
1359 1675 1422 1722 qui

345 1741 441 1780 hanc
473 1739 591 1779 sancti
620 1739 774 1778 Joannis
793 1738 989 1788 aGeorgio
1025 1737 1268 1785 compositam
1303 1735 1425 1774 Vitam

347 1804 444 1854 legit,
461 1810 497 1842 ct
517 1814 560 1841 ex
584 1814 627 1840 ea
648 1803 816 1850 qmedam
837 1803 872 1839 in
893 1813 959 1839 sua
987 1800 1208 1838 Bibliotheca
1238 1798 1346 1836 nobis
1368 1809 1425 1836 re-

347 1865 466 1915 liquit,
485 1867 564 1904 lnee
585 1867 712 1903 Graiae
729 1865 841 1903 habet
862 1877 871 1901 :
893 1863 1013 1912 Refert
1041 1863 1208 1912 qutedam
1233 1873 1276 1898 ea:
1296 1861 1426 1898 Palla-

347 1929 428 1966 dio:
448 1929 635 1966 Palladius
661 1929 718 1966 ille
753 1929 937 1976 episcopus
972 1927 1054 1976 fuit,
1087 1933 1118 1962 et
1149 1925 1284 1974 dialogi
1310 1925 1426 1972 {arma

349 1992 494 2037 pulchre
509 1999 541 2029 et
559 1992 714 2030 studiose
734 2003 788 2028 res
803 1989 1046 2039 Chrysostonii
1062 1989 1287 2036 conscripsit.
1303 1986 1428 2024 Theo-

349 2055 476 2099 dorus,
505 2055 768 2093 'l'rimithuntis
787 2055 823 2092 in
841 2054 963 2104 Cypro
986 2051 1106 2090 insula
1127 2051 1340 2100 episcopus,
1365 2049 1428 2097 qui

349 2115 474 2156 Graece
493 2118 640 2166 scripsit
659 2118 846 2156 homiliam
865 2117 914 2154 De
927 2117 1000 2154 vita
1017 2123 1050 2153 et
1069 2115 1209 2160 exsilio,
1233 2125 1371 2150 necnon
1385 2113 1429 2149 de

351 2181 640 2218 tribulationibus
659 2181 858 2218 beatissimi
877 2179 1030 2218 Joannis
1049 2177 1292 2226 Chrysostomi
1309 2177 1431 2214 archi-

353 2243 505 2290 episcopi
519 2243 922 2290 Coustantinopolitani,
941 2243 987 2280 de
1000 2242 1116 2280 nostri
1131 2247 1283 2279 auctore
1295 2238 1430 2288 dialogi

354 2299 432 2343 hrec
445 2305 554 2344 habet
570 2318 578 2343 :
594 2307 742 2344 Disserit
763 2307 806 2343 de
818 2305 958 2343 Joanne
978 2307 1067 2342 etde
1081 2304 1246 2341 omnibus
1261 2315 1340 2351 qua:
1363 2303 1432 2351 ipsi

353 2365 575 2411 acciderunt,
586 2376 666 2404 cunt
678 2367 1016 2415 Theodoronnagiue
1028 2366 1124 2404 urbis
1136 2365 1257 2403 Ronim
1264 2367 1430 2411 diacono,

355 2428 408 2464 vir
418 2429 561 2476 quidam
572 2429 804 2476 venerandus,
823 2425 1012 2468 Palladius
1023 2430 1180 2467 nomine.
1195 2424 1262 2467 Ille
1274 2430 1430 2475 primum

355 2489 483 2528 multos
500 2504 612 2531 annos
628 2505 784 2530 cremant
797 2488 960 2539 incoluit,
974 2493 1102 2530 deinde
1125 2495 1173 2530 ad
1184 2494 1433 2541 episcopatum

355 2554 392 2589 in
416 2554 581 2604 Bithynia
604 2564 787 2603 promotus
815 2559 896 2606 fuit,
920 2565 952 2594 et
970 2558 1114 2605 scripsit
1135 2558 1282 2594 virtutes
1307 2556 1436 2593 multo-

355 2627 435 2652 rum
457 2616 620 2655 Patrum.
638 2618 738 2656 Idem
764 2619 838 2666 ipse
870 2620 1146 2656 communicavit
1173 2631 1254 2656 cum
1279 2619 1430 2664 Joanne,

357 2685 390 2714 et
423 2681 460 2716 in
497 2681 646 2718 obscura
690 2683 907 2720 domuncula
941 2683 1105 2720 undecim
1145 2694 1280 2720 menses
1310 2681 1431 2718 latuit.

357 2740 411 2778 Ex
446 2743 503 2782 his
535 2745 705 2794 colligere
740 2745 825 2784 licet
845 2745 1074 2794 episcopum,
1098 2754 1289 2783 auctorem
1325 2745 1435 2791 hujus

359 2804 515 2854 diaIOgi,
551 2808 779 2845 nominatum
835 2809 951 2847 fuisse
993 2808 1192 2846 Palladium
1233 2819 1252 2845 a
1277 2807 1436 2856 Georgio

360 2866 606 2907 Alexandrino
625 2877 738 2918 atque
759 2881 778 2908 τι
799 2871 945 2908 Photio.
964 2871 1074 2908 Addit
1099 2871 1332 2912 Theodorus,
1351 2868 1436 2906 Tri-

363 2928 558 2968 milliuntis
577 2933 786 2979 episcopus,
807 2945 891 2970 eum
913 2934 948 2970 in
966 2934 1134 2982 Bithynia
1148 2934 1325 2971 donatum
1355 2931 1437 2979 cpi-

363 2997 529 3037 scopalu.
550 2991 658 3031 Solus
676 2995 804 3030 lllllllls
840 2995 980 3032 codicis
1003 2993 1118 3033 Grrcci
1155 2994 1302 3042 dialogi,
1324 2999 1361 3029 et
1387 2991 1439 3028 in-

363 3047 583 3099 diculusqui
607 3061 729 3091 exstat
754 3055 850 3102 apud
878 3055 1070 3100 Savilimn,
1099 3057 1200 3094 hunc
1223 3055 1437 3103 episcopum

367 3111 479 3153 fuisse
515 3113 859 3164 llclenopolitanum
890 3124 1086 3156 testantur.

416 3220 494 3258 Hoc
506 3233 616 3270 porro
630 3226 994 3266 animadvertendum
1009 3236 1078 3273 est,
1097 3229 1133 3266 in
1146 3227 1274 3266 codice
1285 3226 1418 3263 Floren
1427 3245 1438 3250 -

370 3281 448 3317 tino
457 3285 527 3328 (est
549 3290 671 3322 autem
683 3295 941 3326 sescentorum
956 3288 1154 3336 annoruin)
1175 3288 1301 3326 Graece
1323 3284 1440 3322 ascri-

369 3347 474 3388 ptum
496 3343 622 3381 haberi
639 3345 674 3382 in
687 3348 864 3396 margine,
875 3350 912 3386 in
921 3351 1004 3388 aliis
1015 3351 1198 3394 scribitur,
1209 3349 1403 3394 deponunt.
1420 3355 1441 3381 ο

370 3408 520 3452 regione
541 3407 640 3444 vocis
654 3407 924 3456 llelenopoleos:
943 3424 1026 3462 qua!
1041 3411 1180 3450 notatio
1193 3407 1442 3447 indicathunc

370 3467 492 3514 ipsum
507 3468 792 3522 Palladium,qui
805 3475 939 3513 dicitur
961 3473 1306 3523 Helenopolitanus,
1329 3469 1442 3506 etiam

371 3529 510 3567 dictum
543 3531 656 3572 fuisse
682 3535 728 3573 ab
750 3537 832 3575 aliis
849 3539 1064 3587 episcopum
1086 3537 1356 3584 Asponensem.
1375 3529 1443 3568 llis

372 3593 565 3641 astipulari
589 3597 734 3636 videtur
757 3599 942 3646 Socrates,
963 3601 1025 3649 qui
1054 3601 1149 3637 libro
1168 3597 1338 3646 septimo,
1359 3603 1441 3640 ωρ-

370 3656 418 3692 26
439 3658 609 3696 Historia:
627 3661 892 3707 ecclesiasticae,
917 3664 954 3700 in
979 3663 1146 3710 catalogo
1169 3659 1442 3708 episcoporum,

372 3718 433 3763 qni
445 3719 492 3756 ab
503 3731 576 3758 uno
592 3723 806 3773 episcopatu
815 3726 862 3763 ad
879 3725 991 3762 alium
1012 3723 1178 3760 translati
1193 3722 1360 3764 fuerunt,
1371 3719 1442 3755 ait:

374 3779 561 3822 Palladius
578 3786 622 3822 ab
643 3787 850 3834 Helenopoli
866 3787 1048 3832 Asportam
1063 3783 1260 3819 translatus
1284 3788 1356 3818 est:
1370 3777 1448 3816 Ale-

375 3845 510 3882 xander
518 3847 562 3884 ab
573 3847 776 3895 Helenopoli
789 3848 966 3884 Adrianos
978 3845 1134 3881 transiit.
1149 3843 1384 3890 Helenopolis
1391 3847 1447 3878 est

378 3901 415 3938 in
439 3904 614 3956 Bithynia,
635 3910 796 3962 Asponia
820 3919 908 3948 vero
926 3909 962 3944 in
979 3907 1116 3945 Galatia
1140 3905 1270 3953 prima,
1285 3904 1354 3942 sub
1367 3903 1446 3940 An-

911 207 991 245 EM.
1021 203 1193 244 BlGOTll
1220 196 1475 240 PIleEFATlO
1504 196 1554 235 IN
1583 197 1867 236 PALLADIL'M.

2478 209 2555 237 και

1481 288 1566 326 cyra
1588 277 1800 325 metropoli.
1826 276 1915 313 Mihi
1943 281 2066 312 autem
2083 273 2281 312 admodum
2308 275 2492 322 probabile
2506 281 2556 314 vi-

1483 341 1604 385 detur,
1623 346 1813 376 auctorem
1844 339 1956 386 hujus
1983 335 2116 388 dialogi
2138 350 2273 378 nomen
2306 349 2414 377 suum
2442 341 2556 380 dedit:

1484 410 1597 447 opera
1617 399 1811 437 reticuisse
1825 426 1834 443 ,
1853 409 1975 446 neque
1995 399 2212 448 ascripsisse
2230 400 2342 438 fronti
2359 402 2491 450 operis,
2499 411 2558 442 aut

1485 463 1710 500 narrationis
1721 463 1867 511 corpori
1884 462 2088 500 inseruisse
2105 475 2112 499 :
2132 463 2204 501 hoc
2223 463 2342 501 solum
2361 465 2407 502 de
2424 475 2464 503 se
2476 466 2557 504 sciri

1487 526 1618 571 voluit,
1629 526 1729 573 quod
1739 526 1938 574 episcopus
1951 525 2064 562 fuerit
2077 535 2219 574 magna:
2239 526 2408 571 civitatis,
2417 534 2452 565 et
2467 528 2556 575 quod

1486 588 1586 626 lauta
1603 594 1716 636 atque
1729 588 1880 636 opipara
1898 588 2068 626 convivia
2078 588 2276 636 aliquando
2290 589 2512 636 instruxerit,
2521 598 2555 628 ut

1488 651 1567 699 ipse
1589 651 1727 689 fatetur
1743 651 1780 688 in
1803 650 1994 701 Apologia,
2013 648 2123 700 quam
2145 651 2306 700 scripsit,
2323 663 2390 690 cur
2407 652 2558 692 Joannes

1487 719 1615 752 noster
1635 715 1738 753 solus
1758 715 1985 752 comederet.
2003 715 2217 762 Diaconum
2241 721 2368 753 contra
2395 715 2450 754 bis
2466 722 2557 755 terve

1488 778 1612 826 ipsum
1624 777 1864 816 Theodorum
1876 777 2074 824 vocitavit;
2089 777 2242 815 Palladii
2259 788 2396 816 nomen
2405 778 2555 816 additu

1489 841 1624 878 deinde
1645 841 1710 878 fuit
1729 853 1738 886 ;
1753 851 1797 878 ac
1819 841 1969 879 tandem
1977 841 2162 878 Palladius
2173 841 2220 878 ab
2234 840 2418 888 aliquibus
2431 839 2555 888 episco-

1488 913 1560 952 pus
1581 902 1927 950 Helenopolitanus,
1953 903 2000 940 ab
2019 902 2102 940 aliis
2121 902 2318 950 episcopus
2342 902 2556 950 Asponensis

1489 966 1721 1012 nominatur,
1743 966 1791 1004 ab
1815 965 1898 1004 aliis
1917 972 2043 1003 autem
2067 966 2232 1004 creditus
2250 971 2308 1002 est
2325 966 2510 1014 episcopus
2524 964 2556 1002 in

1490 1025 1661 1078 Bithynia
1673 1055 1682 1072 ,
1701 1035 1740 1066 et
1759 1028 1857 1066 idem
1873 1034 2003 1066 auctor
2014 1027 2184 1065 Historia:
2203 1028 2393 1065 eremiticte
2409 1027 2455 1064 ad
2469 1027 2556 1064 Lau-

1490 1103 1584 1135 sum,
1609 1103 1692 1139 qua:
1713 1093 1822 1141 vulgo
1844 1093 2024 1130 Lausiaca
2044 1091 2195 1129 dicitur.
2219 1089 2299 1136 Qua
2329 1090 2366 1128 in
2389 1089 2557 1128 sententia

1491 1154 1508 1194 t‘
1509 1155 1606 1192 uisse
1615 1154 1867 1199 Theodorum,
1882 1154 2216 1191 Trimitliuntinum
2227 1154 2452 1202 episcopum,
2466 1160 2558 1192 certe

1491 1218 1688 1256 allirmabit
1707 1219 1769 1267 qui
1794 1219 2046 1257 observaverit
2064 1219 2194 1256 eadem
2213 1218 2260 1256 de
2289 1224 2437 1256 auctore
2459 1218 2560 1266 hujus

1492 1282 1626 1331 dialogi
1649 1282 1831 1325 scribere,
1853 1292 1936 1329 quae
1967 1281 2014 1319 de
2044 1292 2083 1319 se
2115 1281 2245 1319 scribit
2265 1288 2392 1320 auctor
2408 1281 2560 1319 Historia

1494 1345 1707 1382 Lausiacae:
1723 1344 1860 1382 Relicta
1882 1344 2097 1388 Palwstina,
2120 1345 2245 1392 repetii
2263 1344 2465 1393 Bithyniam
2483 1349 2513 1381 et
2529 1344 2561 1380 in

1495 1420 1552 1453 ea,
1567 1419 1637 1445 non
1658 1420 1800 1456 possum
1812 1409 1928 1445 dicere
1949 1409 2126 1456 quomodo
2145 1409 2183 1446 id
2204 1410 2338 1458 factum
2351 1409 2408 1453 sit,
2421 1409 2490 1445 sive
2503 1407 2562 1444 ho-

1496 1467 1634 1506 minum
1657 1470 1799 1512 studiis,
1813 1469 1886 1506 sive
1906 1469 1970 1506 Dei
1986 1469 2168 1516 beneﬁcio,
2180 1468 2276 1506 solus
2295 1468 2332 1505 id
2353 1467 2446 1504 novit
2463 1466 2562 1508 Deus,

1495 1534 1624 1582 dignus
1645 1528 1788 1570 habitus
1805 1545 1885 1570 sunt
1903 1533 2128 1570 ordinatione
2144 1544 2224 1581 quin
2246 1533 2335 1569 vires
2357 1542 2450 1569 meas
2466 1540 2564 1576 supe-

1497 1603 1568 1640 rat,
1581 1603 1615 1633 et
1635 1598 1814 1644 particeps
1834 1597 1888 1645 fui
1905 1596 2162 1644 persecutionis
2181 1595 2275 1632 beati
2292 1594 2450 1636 Joannis,
2466 1599 2564 1641 atque

1498 1653 1659 1696 undecim
1677 1671 1812 1696 menses
1831 1660 1867 1695 in
1881 1659 2033 1696 obscura
2047 1658 2135 1696 cella
2151 1658 2253 1695 latui.
2264 1656 2438 1706 Agnoscis
2457 1654 2564 1692 Palla-

1496 1723 1614 1767 dium,
1641 1723 1992 1772 llelenopolitanum
2011 1723 2240 1770 episcopum,
2258 1721 2319 1769 qui
2354 1725 2436 1768 post
2463 1718 2565 1766 Euly-

1499 1787 1598 1823 sium
1614 1793 1652 1824 et
1669 1787 1898 1824 Demetrium
1915 1787 2127 1834 episcopos,
2139 1785 2290 1823 Romam
2301 1783 2435 1820 missus
2449 1779 2567 1818 iuitad

1499 1845 1758 1885 Innocentium
1795 1858 1951 1896 papam;
1971 1849 2109 1896 quique
2131 1853 2256 1895 postea
2294 1844 2467 1882 remissus
2488 1851 2568 1880 cum

1500 1903 1644 1948 Latinis
1664 1911 1852 1958 episcopis
1871 1911 2014 1948 litteras
2023 1910 2178 1948 Honorii
2197 1907 2426 1958 imperatoris
2443 1907 2489 1942 ad
2502 1905 2568 1942 Ar-

1499 1973 1646 2010 cadium
1677 1973 1954 2019 deferentibus,
1976 1974 2014 2011 in
2035 1984 2222 2012 carcerem
2241 1972 2430 2021 coniectus
2445 1975 2512 2015 est,
2533 1977 2570 2008 ut

1500 2035 1719 2084 perhibetur
1745 2036 1784 2073 in
1803 2037 1962 2086 dialogo.
1987 2037 2026 2074 Si
2055 2037 2106 2074 ita
2127 2048 2167 2074 se
2187 2048 2246 2075 res
2266 2037 2428 2080 haberet,
2448 2035 2569 2072 dicen-

1501 2097 1588 2134 dum
1605 2103 1718 2142 esset,
1739 2098 1912 2136 eumdem
1931 2109 2014 2136 esse
2033 2099 2448 2143 Palladium,auctorem
2469 2095 2572 2144 hujus

1501 2153 1704 2208 dialogi,ac
1716 2159 1921 2198 Palladium
1933 2161 1995 2209 qui
2007 2161 2162 2200 Romam
2179 2173 2200 2199 a
2213 2161 2356 2200 Joanne
2368 2157 2572 2198 Constanti-

1502 2223 1720 2270 nopolitano
1745 2223 1884 2262 missus
1902 2223 1984 2268 fuit,
2006 2231 2044 2263 et
2060 2225 2124 2273 qui
2145 2225 2344 2262 Historiam
2362 2221 2571 2260 eremiticam

1503 2280 1551 2322 ad
1572 2279 1732 2322 [ausum
1753 2286 1926 2334 scripsit:
1949 2287 2048 2334 quod
2077 2287 2188 2324 simul
2211 2292 2309 2325 stare
2336 2283 2487 2322 omnino
2504 2290 2573 2319 non

1503 2354 1638 2396 potest.
1649 2349 1740 2386 Nam
1753 2356 1884 2387 auctor
1894 2350 2006 2398 hujus
2016 2349 2162 2399 dialogi,
2173 2350 2425 2398 cujuscunque
2435 2345 2574 2385 tandem

1503 2410 1664 2448 civitatis
1685 2412 1886 2461 episcopus
1907 2412 2032 2457 fuerit,
2043 2413 2232 2460 aliquanto
2250 2417 2334 2460 post
2361 2417 2523 2457 tempore
2537 2415 2574 2444 se

1505 2464 1669 2520 primum
1682 2474 1840 2512 Romam
1861 2475 2008 2513 venisse
2022 2475 2088 2518 ait,
2101 2485 2212 2522 quam
2223 2469 2572 2512 veneratPalladius,

1505 2536 1703 2584 cpiscopus
1713 2537 2043 2585 Helenopolitanus
2053 2549 2063 2582 ;
2075 2548 2186 2584 quem
2199 2542 2366 2584 tempore
2381 2530 2575 2572 Innocentii

1504 2599 1660 2636 Romam
1675 2599 1925 2646 venisse,ipse
1941 2599 2083 2643 scribit,
2101 2607 2300 2644 antequam
2309 2599 2506 2636 haberetur
2522 2593 2576 2631 hic

1506 2661 1684 2710 dialogus.
1697 2661 1880 2698 Praeterea
1901 2671 1987 2697 eum
2005 2661 2128 2698 adhuc
2145 2661 2244 2708 apud
2262 2661 2472 2709 Blemmyas
2487 2656 2575 2696 deti-

1506 2724 1585 2762 neri
1601 2723 1730 2761 scribit
1750 2734 1795 2760 eo
1811 2723 1890 2772 ipso
1907 2730 2086 2771 tempore,
2107 2735 2182 2772 quo
2201 2725 2299 2762 hanc
2309 2723 2466 2769 διάλεξιν
2484 2718 2576 2758 insti-

1509 2783 1636 2820 tuebat
1655 2793 1739 2820 cum
1759 2782 1956 2821 Theodoro
1981 2797 1988 2821 :
2011 2795 2092 2832 quae
2110 2784 2206 2822 inter
2222 2795 2262 2822 se
2282 2783 2468 2822 conciliari
2483 2779 2576 2819 nullo

1508 2847 1618 2885 modo
1645 2852 1816 2895 possunt.
1842 2845 1998 2884 Domum
2020 2847 2181 2884 Historia
2203 2847 2383 2884 Lausiaca
2417 2844 2505 2884 mihi
2526 2842 2579 2880 vi—

1508 2909 1617 2947 detur
1633 2909 1771 2956 scripta
1790 2909 1888 2946 circa
1906 2919 2045 2945 annum
2056 2908 2122 2946 421
2141 2918 2236 2956 :quo
2253 2918 2351 2945 anno
2369 2912 2498 2945 auctor
2513 2905 2580 2942 hu-

1506 2972 1567 3020 jus
1581 2971 1744 3009 historiae
1763 2977 1891 3008 natum
1909 2981 1950 3008 se
1969 2981 2052 3008 esse
2073 2980 2190 3007 annos
2209 2970 2472 3018 quinquaginta
2495 2974 2581 3009 tres.

1509 3040 1573 3070 eta
1583 3033 1710 3082 viginti
1721 3032 1830 3070 annis
1842 3032 1877 3068 in
1898 3031 2068 3080 Bithynia
2085 3031 2300 3080 episcopum
2318 3041 2400 3068 esse
2415 3037 2580 3068 testatur.

1509 3097 1589 3134 Jam
1614 3095 1645 3132 si
1667 3095 1842 3133 detrahas
1867 3105 1910 3130 ex
1943 3095 2049 3131 annis
2069 3094 2135 3130 421
2159 3103 2276 3130 annos
2292 3092 2581 3140 quatuordeciin,

1510 3167 1609 3194 anno
1639 3154 1724 3201 407,
1748 3167 1822 3203 quo
1842 3162 2010 3192 mortuus
2041 3160 2099 3192 est
2118 3154 2418 3202 Chrysostomus,
2445 3163 2582 3190 annum

1513 3226 1600 3256 tunc
1619 3219 1749 3267 agebat
1768 3217 1951 3255 Palladius
1972 3216 2200 3265 trigesimum
2222 3225 2375 3252 nonum.
2387 3215 2502 3264 Igitur
2518 3226 2580 3252 vc-

1510 3281 1663 3318 risimile
1686 3285 1743 3317 est
1771 3289 1817 3316 ex
1850 3278 2022 3326 superius
2049 3277 2188 3322 allatis,
2213 3277 2398 3326 dialogum
2419 3279 2581 3324 habitum

1512 3339 1626 3378 fuisse
1639 3340 1748 3388 paulo
1766 3345 1850 3386 post
1866 3345 2022 3376 mortem
2033 3337 2187 3376 Joannis
2203 3339 2468 3388 Chrysostomi,
2487 3340 2579 3378 circa

1511 3413 1649 3440 annum
1681 3398 1766 3445 403,
1797 3411 1871 3448 quo
1903 3411 2001 3438 anno
2034 3401 2231 3446 Palladius,
2256 3408 2386 3441 auctor
2417 3402 2580 3442 Historiis

1513 3464 1714 3510 Lausiacta,
1724 3463 1834 3501 natus
1855 3469 1934 3500 erat
1953 3474 2070 3501 annos
2090 3463 2456 3514 quadraginta:un
2472 3463 2582 3508 omni:

1512 3536 1562 3564 no
1592 3525 1910 3564 animadversione
1944 3520 2098 3574 dignum
2129 3531 2232 3574 puto,
2253 3527 2340 3574 quia
2373 3525 2582 3565 Theodorus

1513 3597 1611 3636 srepe
1631 3583 1828 3637 compellat
1847 3587 2048 3635 episcopum
2077 3594 2267 3626 auctorem
2287 3589 2421 3638 dialogi
2437 3615 2448 3634 ,
2473 3584 2581 3625 veluti

1514 3659 1656 3696 senem,
1670 3662 1829 3700 eumque
1845 3661 1912 3700 per
1921 3660 2035 3688 canos
2045 3651 2128 3699 ejus
2143 3651 2302 3700 adiurat,
2315 3657 2356 3689 ut
2373 3659 2499 3689 verum
2515 3643 2581 3696 ipsi

1515 3720 1640 3752 narret
1661 3727 1669 3750 :
1689 3725 1772 3762 quae
1791 3713 2025 3763 compellatio
2049 3713 2182 3752 cadere
2199 3713 2259 3751 vix
2279 3719 2400 3762 potest
2417 3713 2454 3749 in
2466 3710 2580 3748 virum

1515 3787 1698 3815 annorum
1721 3777 1974 3826 quadraginta.

1564 3838 1602 3876 Si
1645 3841 1868 3878 sententiam
1912 3839 1981 3877 hac
2023 3840 2070 3877 de
2108 3851 2148 3877 re
2194 3848 2312 3876 meam
2355 3836 2581 3882 interponere

1517 3903 1577 3941 hic
1602 3903 1743 3952 ticeret,
1769 3903 1859 3943 illud
1893 3909 2037 3942 tantum
2062 3903 2108 3942 de
2125 3909 2276 3941 auctore
2303 3899 2412 3948 hujus
2441 3890 2580 3941 dialogi:
