4060 6196
301 265 440 304 “IV”

307 377 441 448 luod
500 375 614 442 ipse
683 372 752 429 de
814 386 876 427 se
926 373 1096 435 dixit,
1152 375 1610 444 pronuntiandum
1671 391 1873 434 cense-

301 486 410 527 rem
431 485 445 522 :
462 469 640 538 ipsum
657 465 862 520 scilicet
883 480 1093 536 magnae
1108 466 1337 520 civitatis
1356 466 1669 537 cpiscOpum
1686 467 1869 534 fuisse,

298 562 453 620 sicuti
496 558 758 631 Georgius
785 557 1181 613 Alexandrinus
1197 566 1251 613 et
1269 558 1493 614 Photius
1519 561 1870 630 scripserunt.

292 655 348 711 Si
371 671 502 710 vero
527 651 798 707 Palladius
819 649 1082 705 dicendus
1106 659 1190 705 est
1216 652 1503 722 episcopus
1524 652 1873 724 Helenopoli-

292 757 471 808 '.anus,
500 743 790 798 dicendum
822 757 1036 810 quoque
1068 742 1199 795 mihi
1232 743 1527 810 videretur,
1546 759 1611 798 ex
1638 745 1875 800 Heleno-

291 833 397 901 poli
429 833 748 887 translatum
774 831 944 885 fuisse
972 831 1262 902 Asponam,
1281 843 1442 904 atque
1474 835 1526 889 in
1557 836 1870 904 ejuslocum

289 922 578 978 suﬂectum
605 937 725 976 esse
742 922 1038 977 Palladium
1058 923 1306 985 alterum,
1321 925 1411 994 qui
1434 926 1658 980 Romam
1678 928 1872 982 missus

292 1013 455 1067 fuerit
479 1029 507 1066 a
529 1013 736 1068 Joanne
754 1015 823 1068 ad
854 1030 1047 1084 papam
1077 1015 1449 1071 Innocentium
1473 1017 1653 1087 :isque
1681 1027 1871 1072 auctor

294 1107 401 1160 erit
434 1104 678 1159 Historia:
716 1103 1012 1170 Lamiam,
1046 1115 1100 1161 et
1127 1103 1421 1177 discipulus
1452 1102 1682 1178 Evagrii.
1705 1107 1870 1162 Porro

290 1196 584 1250 Palladium
603 1211 668 1250 ex
691 1195 1012 1266 Helenopoli
1040 1197 1361 1252 translatum
1389 1198 1686 1267 Asponam,
1708 1199 1872 1254 tradit

286 1283 570 1351 Socrates;
602 1295 879 1342 auctorem
907 1303 1038 1343 vero
1061 1288 1254 1359 dialogi
1280 1289 1594 1358 episcopatu
1615 1289 1863 1354 cessisse,

286 1391 354 1430 ex
385 1377 603 1450 Georgii
630 1379 810 1434 verbis
828 1379 1077 1449 superius
1106 1381 1289 1435 relatis
1314 1381 1616 1436 coniicitur.
1638 1381 1748 1436 Hac
1780 1397 1866 1435 ra-

287 1469 445 1524 tione
473 1471 561 1524 via
591 1471 930 1540 prmeluditur
958 1473 1144 1528 multis
1172 1472 1506 1543 ambagibus,
1539 1487 1672 1542 quas
1710 1470 1868 1527 aliter

282 1560 522 1615 evadere
549 1561 732 1616 nullus
776 1562 968 1632 possit.
1005 1563 1058 1618 Si
1101 1564 1230 1634 quid
1259 1572 1439 1618 tamen
1472 1564 1663 1618 rationi
1702 1573 1864 1633 atque

282 1651 561 1706 historicas
587 1651 799 1707 veritati
823 1653 993 1725 magis
1021 1662 1448 1710 consentaneum
1482 1657 1603 1726 quis
1623 1657 1866 1712 attulerit

278 1741 342 1795 in
375 1741 962 1804 medium,nullatenus
988 1745 1585 1816 repugnabozquinimo
1604 1745 1867 1814 quidquid

280 1830 418 1886 illud
437 1831 556 1896 erit,
578 1832 841 1888 ambabus
868 1834 1014 1889 ulnis
1035 1835 1176 1891 ultro
1198 1835 1481 1906 excipiam.
1515 1835 1622 1891 Sed
1644 1836 1773 1890 dum
1797 1836 1866 1890 de

276 1922 548 1993 scriptore
579 1924 741 1994 hujus
781 1925 976 1981 diaIOvi
1032 1927 1204 1983 fusius
1251 1929 1492 1984 edissere
1515 1970 1528 1994 ,
1562 1943 1702 1999 pene
1733 1928 1864 1983 mihi

560 5719 852 5807 Ρηιιοι..
895 5721 1010 5783 Gn.
1060 5721 1312 5785 XLVII.

1297 245 1406 298 ΕΜ.
1450 242 1698 300 ΒΙΕΘΤΙΙ
1737 243 2106 318 PREFAIIO
2126 245 2192 300 IN
2214 246 2630 304 PALLADIUM.

3386 279 3551 322 XCVI“

1977 364 2248 423 exciderat
2282 369 2423 440 loqui
2451 372 2518 426 de
2544 371 2857 441 Theodoro;
2890 390 3048 444 quem
3080 376 3242 451 aliqui
3271 389 3546 435 auctorem

1979 457 2269 526 perhibent
2299 459 2460 529 hujus
2483 460 2697 532 dialogi,
2720 463 2813 518 sed
2839 463 2941 518 levi
2971 479 3194 534 prorsus
3215 479 3554 538 argumento.

1979 546 2316 611 Theodorus,
2347 551 2616 622 inquiunt,
2641 556 2969 624 compellans
2998 556 3339 629 episcopum,
3367 577 3428 618 se
3451 563 3553 618 ali-

1975 640 2192 708 quando
2212 639 2346 696 l‘orte
2367 642 2434 697 de
2450 644 2614 698 rebus
2630 645 2801 700 sancti
2827 646 3195 718 Cbrysostomi
3225 653 3554 722 scripturum

1975 731 2068 785 ait.
2085 731 2217 798 Quis
2231 732 2636 804 dialogistarum
2664 751 2868 792 morem
2891 753 3002 792 non
3019 742 3417 810 animadvertit,
3438 745 3552 814 qui,

1976 831 2036 878 ut
2062 825 2148 878 vel
2201 826 2424 880 minima
2453 843 2678 896 quaeque
2719 830 2787 883 ab
2840 829 3225 888 interlocutore
3283 836 3552 905 expiscari

1973 916 2204 985 possint,
2236 917 2414 974 varias
2441 918 2751 974 sciscitandi
2781 920 3020 976 rationes
3043 923 3550 995 comminiscuntur,

1973 1017 2133 1076 atque
2161 1009 2300 1064 hanc
2329 1009 2383 1064 in
2412 1011 2730 1080 primis,aut
2759 1013 2891 1068 alias
2912 1013 3258 1081 similes?Qui
3290 1017 3432 1072 banc
3456 1033 3554 1073 su-

1975 1097 2274 1167 spicionem
2328 1100 2487 1171 primi
2525 1102 2889 1172 protulerunt,
2917 1119 3258 1175 nequaquam
3301 1109 3551 1165 attende—

1972 1201 2119 1256 runt,
2135 1192 2348 1262 opinor,
2368 1195 2547 1249 omnia
2584 1194 2989 1261 incohmrentia,
3009 1213 3129 1266 quae
3158 1199 3320 1254 modo
3344 1202 3549 1268 notavi,

1970 1301 1999 1339 a
2018 1284 2257 1342 Palladio
2286 1302 2394 1342 non
2427 1288 2716 1358 depellere,
2737 1288 2823 1344 cui
2852 1297 3029 1344 tamen
3060 1291 3136 1345 rei
3159 1293 3429 1363 praecipue
3456 1309 3552 1349 ca-

1970 1376 2204 1431 vendum
2237 1377 2356 1432 fuit.
2379 1378 2586 1433 Deinde
2617 1379 2816 1434 faciant
2835 1379 2968 1434 mihi
2999 1381 3148 1445 satis,
3171 1381 3214 1436 si
3245 1382 3472 1451 possint,
3496 1394 3552 1439 et

1969 1467 2235 1535 quaerenti
2293 1469 2685 1538 respondeant,
2718 1486 2885 1541 quare
2915 1471 3253 1538 Theodorus,
3291 1474 3552 1532 Romana:

1969 1553 2223 1612 Ecclesia!
2253 1559 2532 1624 diaconus,
2565 1558 2756 1614 Latine
2779 1576 2890 1615 non
2911 1561 3225 1632 scripserit:
3253 1571 3346 1618 aut
3369 1564 3413 1620 si
3444 1565 3553 1619 La—

1967 1649 2080 1704 tine
2118 1650 2352 1720 scripsit,
2387 1661 2448 1706 ut
2493 1668 2604 1707 non
2643 1653 2849 1708 nemini
2887 1654 3064 1710 visum
3097 1665 3200 1721 est,
3234 1672 3404 1727 quare
3445 1659 3550 1717 hee

1964 1753 2101 1805 opus
2124 1739 2404 1809 hucusque
2423 1739 2632 1795 Latinis
2654 1741 2878 1796 auribus
2907 1742 3210 1799 inauditum
3238 1745 3546 1804 fuerit.Sed

1962 1829 2125 1886 missa
2156 1831 2256 1886 ista
2281 1831 2562 1896 faciamus,
2598 1848 2720 1903 qua:
2747 1832 2895 1888 omni
2923 1833 3133 1891 ratione
3157 1844 3321 1905 atque
3343 1837 3547 1906 proba—

1964 1921 2058 1976 bili
2093 1922 2406 1992 eonjectura
2437 1932 2640 1978 carent.
2680 1942 2698 1975 ι
