2758 4350
225 283 249 320 ,
874 262 931 302 ne
962 261 1066 301 VI’I'A
1089 262 1129 301 s.
1155 261 1344 301 JOANNIS
1366 261 1702 301 CHRYSOS‘I'OMI.
2382 267 2426 300 tu

226 357 324 404 ξιιιιω
337 352 426 392 illius
443 343 648 386 offensionis
664 342 823 380 invenire
839 350 1045 404 possemus;
1061 344 1217 404 attamen
1230 337 1276 378 fac

227 401 355 456 cientes
369 413 404 452 id
419 409 513 460 quod
527 407 762 454 nosmetipsos
779 403 942 446 decebat.
959 409 994 441 et
1005 401 1147 440 assidue
1159 402 1276 449 ipsum

225 478 451 516 adhortantes
475 478 514 510 ιιι
537 467 814 518 congrederetur
841 465 1024 502 nobiscum
1037 490 1048 506 ,
1075 469 1112 500 et
1141 463 1279 501 diceret

228 551 292 588 qua
305 540 349 578 de
361 547 465 577 causa
482 535 600 574 statim
617 532 662 570 ab
677 530 778 570 initio
791 534 926 566 tantum
943 527 1074 565 bellum
1091 525 1280 588 accendis-

227 587 292 646 set.
314 607 488 647 tantaeque
503 595 635 636 civitati
649 593 839 633 excitasset
855 589 1073 630 scandalum.
1089 587 1177 627 Cum
1192 597 1278 626 vero
1296 628 1299 630 ,

230 673 340 711 neque
351 663 425 710 ipse
438 668 580 698 causam
596 657 716 696 dicere
730 654 863 697 voluit,
885 659 921 690 et
941 658 1106 700 urgerent
1120 651 1198 698 ejus
1217 660 1278 688 ac-

229 732 420 770 ensatores,
441 733 505 760 nos
523 722 558 760 in
578 719 782 759 ulteriorem
807 716 905 754 urbis
937 715 1118 763 regionem
1137 713 1196 751 ubi
1217 713 1280 750 de-

232 788 348 836 gebat,
369 785 543 834 piissimus
571 782 766 830 Imperator
789 777 972 821 evocavit,
1000 783 1108 824 atque
1135 786 1280 813 causam

233 848 309 894 ejus
321 847 424 894 jussit
436 844 568 883 audire.
585 842 673 881 Nam
691 847 728 879 et
741 840 971 888 irruptionem
982 845 1018 876 et
1030 837 1152 876 caedes
1160 844 1196 874 et
1209 836 1275 874 alia

233 909 412 948 innumera
431 905 658 954 objiciebant.
677 903 748 943 Sed
768 912 834 940 nos
855 902 916 949 qui
937 907 973 940 et
995 901 1094 948 leges
1117 905 1253 948 patrum
1269 925 1280 943 ,

233 979 269 1008 et
282 971 393 1006 virum
410 967 544 1004 honore
560 976 602 1003 ac
616 964 812 1003 reverentia
828 972 1137 1012 prosequeremur,
1153 961 1285 998 haben-

236 1038 290 1068 tes
313 1030 419 1068 etiam
445 1038 551 1076 super
568 1027 634 1064 hac
651 1036 690 1063 re
709 1025 786 1073 ejus
802 1025 936 1069 literas,
952 1024 1027 1061 Non
1042 1030 1208 1072 Oporterc
1223 1023 1283 1071 ju-

237 1092 326 1129 dicia
344 1097 441 1128 extra
459 1089 588 1126 limites
609 1087 714 1130 trahi.
733 1086 795 1124 sed
825 1087 862 1124 in
891 1085 976 1133 ipsis
1004 1084 1197 1132 provinciis
1227 1095 1286 1122 res

238 1153 466 1201 provinciales
499 1150 698 1189 tractandas
730 1159 830 1194 esse;
862 1158 932 1186 non
957 1148 1071 1185 solum
1113 1147 1285 1194 judicium

237 1226 306 1252 non
350 1215 502 1252 obiimus
525 1241 536 1260 ,
573 1211 636 1250 sed
676 1210 983 1249 vehementissime
1030 1208 1285 1246 recusavimus.

239 1277 347 1315 Porro
373 1275 453 1318 ille.
483 1273 581 1322 quasi
607 1283 687 1310 cum
713 1271 890 1319 prioribus
919 1277 1082 1315 certans,
1103 1275 1206 1307 vocat
1228 1280 1286 1306 ar—

237 1337 478 1374 cliidiaconunt
511 1345 628 1373 meum
659 1344 785 1381 magna
815 1343 897 1371 cum
927 1333 1161 1376 auctoritate,
1189 1333 1288 1379 quasi

235 1401 306 1448 jam
340 1399 442 1436 vidua
469 1404 564 1436 esset
591 1397 750 1436 Ecclesia
777 1407 844 1434 nec
873 1395 1078 1443 episcopum
1111 1393 1288 1432 haberet:

239 1472 300 1508 per
320 1461 432 1506 illum,
454 1461 589 1498 clerum
607 1468 750 1496 omnem
766 1458 802 1495 in
819 1467 858 1495 se
876 1457 1073 1494 transtulit.
1099 1455 1292 1494 Subvcrte-

239 1525 363 1560 bantur
390 1521 572 1567 Ecclesia,
589 1530 669 1558 cum
693 1519 953 1557 abducerentur
970 1519 1190 1567 singularum
1216 1518 1291 1555 cle—

239 1585 315 1630 rici,
335 1590 372 1622 et
396 1585 674 1621 subornarentur
687 1588 726 1618 ut
741 1581 911 1618 adversus
929 1590 995 1617 nos
1011 1580 1151 1618 libellos
1167 1578 1296 1616 darent

241 1655 276 1684 et
291 1646 336 1684 ad
354 1645 615 1684 accusationem
633 1644 912 1692 accingerentur.
935 1642 996 1679 IIis
1013 1643 1123 1685 actis.
1143 1641 1240 1678 misit
1259 1646 1296 1678 et

243 1709 380 1747 \ocavit
399 1717 464 1746 nos
477 1708 512 1744 in
523 1706 710 1754 judicium,
727 1705 882 1742 nondum
899 1704 1057 1752 purgatis
1075 1713 1154 1751 qure
1166 1702 1294 1740 adver-

240 1780 300 1808 sus
317 1779 358 1807 se
375 1774 476 1807 erant
495 1767 700 1806 criminibus
720 1778 729 1802 :
747 1766 843 1813 quod
863 1766 1016 1802 maxime
1043 1770 1164 1802 contra
1183 1773 1293 1802 cano-

242 1841 302 1868 nes
318 1837 354 1868 et
368 1836 492 1868 contra
509 1829 606 1877 leges
619 1838 744 1866 omnes
756 1835 845 1865 erat.
867 1827 936 1865 Sed
955 1838 1020 1865 nos
1035 1827 1182 1870 conscii.
1197 1826 1293 1874 quod

243 1902 308 1930 non
326 1891 370 1930 ad
390 1891 545 1939 judicem
562 1889 699 1928 venturi
717 1899 860 1926 eramus
881 1888 1062 1937 (alioquin
1081 1888 1210 1926 millies
1227 1887 1292 1926 ad-

244 1953 456 2001 fuissemus),
477 1951 540 1990 sed
557 1951 602 1989 ad
619 1951 798 1988 inimicum
813 1957 849 1988 et
866 1951 1026 1988 hostem:
1047 1949 1082 1987 id
1098 1949 1192 1997 quod
1207 1949 1296 1987 satis

243 2015 418 2054 declarant
448 2024 526 2062 qua:
557 2019 593 2051 et
619 2012 716 2061 prius
747 2019 784 2050 et
815 2011 1041 2060 postmodum
1071 2018 1150 2048 acta
1181 2017 1292 2048 sunt:

246 2077 400 2114 misimus
431 2075 474 2113 ad
500 2085 581 2113 eum
611 2075 812 2122 episcopos,
841 2074 1060 2111 Demetrium
1089 2073 1294 2120 episcopum

246 2139 450 2182 l'isinuntis,
474 2137 656 2187 Eulysium
674 2137 881 2184 episcopum
899 2136 1082 2183 Apameae,
1108 2134 1296 2182 Luppicia—

246 2211 325 2238 num
340 2200 515 2250 Appiaria:
537 2211 546 2236 :
566 2198 793 2247 presbyteros
815 2203 934 2233 autem
948 2195 1166 2234 Germanum
1185 2201 1220 2233 et
1233 2195 1298 2234 Se-

241 2272 378 2308 verum,
395 2260 620 2301 convenienti
639 2259 744 2297 nobis
761 2258 934 2296 modestia
955 2257 1234 2305 respondentes,
1257 2266 1299 2294 ac

246 2325 421 2368 dicentes,
449 2333 515 2361 nos
544 2332 614 2360 non
642 2321 811 2368 defugere
826 2320 1011 2367 judicium,
1029 2319 1094 2358 sed
1116 2319 1298 2357 inimicum

249 2394 405 2433 apertum
421 2393 526 2434 atque
544 2385 685 2422 hostem
702 2383 942 2420 manifestum.
961 2381 1049 2419 Nam
1063 2381 1122 2430 qui
1142 2379 1300 2418 nondum

247 2449 395 2496 acceptis
413 2448 542 2486 libellis
559 2447 678 2484 statim
703 2445 748 2482 ab
779 2444 880 2482 initio
909 2444 989 2481 talia
1021 2444 1180 2488 fecisset,
1198 2449 1236 2480 et
1258 2442 1303 2479 ab

249 2509 404 2547 Ecclesia
418 2511 574 2557 seipsum
590 2507 806 2556 abrupisset,
827 2517 846 2542 a
865 2505 1132 2550 communione,
1155 2515 1173 2540 a
1194 2503 1304 2551 preci-

249 2569 331 2615 bus;
359 2577 581 2608 accusatores
609 2570 810 2613 instruens,
840 2567 976 2605 clerum
1004 2567 1049 2603 ad
1075 2576 1115 2604 se
1143 2565 1300 2608 trahens.

250 2631 421 2669 Ecclesias
434 2633 596 2670 desolans
616 2645 624 2669 :
641 2630 820 2680 quomodo
835 2629 963 2677 dignus
983 2635 1094 2672 esset,
1113 2628 1174 2675 qui
1197 2627 1231 2664 in
1247 2627 1306 2675 ju-

253 2693 340 2729 dicis
353 2693 515 2731 thronum
541 2694 627 2731 nihil
655 2693 700 2731 ad
725 2704 765 2732 se
788 2693 1026 2742 pertinentem
1044 2689 1304 2728 adscenderet?

253 2751 328 2790 Non
348 2753 442 2791 enim
463 2761 736 2792 consentaneum
761 2765 853 2798 esse,
876 2760 914 2792 ut
930 2753 992 2791 ille
1008 2753 1067 2802 qui
1085 2763 1131 2791 ex
1147 2751 1305 2802 Egypto

251 2819 360 2860 esset,
381 2814 417 2852 in
429 2814 577 2852 Thracia
588 2813 774 2861 judicaret,
794 2815 868 2862 ipse
881 2815 1092 2852 criminibus
1108 2813 1303 2857 obnoxius,

253 2877 413 2916 inimicus
435 2882 540 2925 atque
568 2877 693 2915 hostis.
711 2877 964 2915 Verumtamen
989 2878 1077 2915 nihil
1097 2877 1157 2915 ille
1175 2876 1310 2914 horum.

253 2939 435 2982 reveritus.
457 2938 519 2976 scd
549 2949 677 2986 urgens
701 2938 794 2986 quod
821 2939 967 2986 implere
997 2946 1193 2982 statuerat,
1221 2949 1315 2976 cum.

255 2999 528 3037 declarassemus
551 3007 691 3048 paratos
720 3009 785 3037 nos
812 3011 891 3038 esse
914 3001 1052 3038 diluere
1069 3001 1219 3038 crimina
1241 3011 1305 3038 co-

257 3070 326 3098 ram
341 3068 480 3100 centum
497 3067 534 3099 et
545 3061 641 3098 mille
655 3062 842 3110 episcopis,
858 3069 893 3100 et
908 3073 1016 3110 puros
1029 3062 1075 3100 ab
1089 3063 1186 3100 omni
1202 3062 1305 3110 culpa

261 3131 321 3159 nos
337 3123 536 3169 ostendere,
558 3130 596 3160 ut
613 3133 735 3161 revera
761 3135 884 3162 sumus
909 3137 918 3162 :
944 3134 1016 3161 non
1047 3125 1127 3161 tulit
1149 3124 1222 3167 ille,
1242 3123 1306 3160 sed

259 3182 352 3221 nobis
369 3184 570 3222 absentibus
586 3191 621 3222 et
637 3185 680 3222 ad
698 3185 872 3233 synodum
890 3185 1159 3234 appellantibus
1181 3195 1224 3221 ac
1245 3183 1306 3230 ju-

259 3241 378 3282 dicium
391 3244 620 3293 ﬂagitantibus
633 3273 644 3291 ,
665 3256 732 3284 nec
749 3247 966 3284 auditionem
991 3245 1222 3294 fugientibus,
1243 3245 1307 3282 sed

259 3306 472 3346 manifestum
488 3309 608 3346 odium
621 3336 632 3354 ,
653 3310 728 3357 ipse
745 3316 973 3347 accusatores
988 3308 1146 3353 admisit,
1163 3313 1199 3345 et
1217 3318 1308 3356 quos

261 3367 440 3416 liBavcram
465 3373 590 3419 solvit,
610 3379 716 3420 atque
729 3373 775 3410 ah
789 3373 872 3417 illis,
893 3372 952 3420 qui
972 3372 1120 3409 crimina
1139 3380 1203 3407 sna
1219 3381 1308 3406 non-

261 3429 339 3467 duiu
371 3433 554 3478 exuissent,
589 3433 728 3472 libellos
760 3434 910 3480 accepit,
941 3439 978 3470 et
1006 3437 1083 3468 acta
1119 3430 1306 3468 confecit:

261 3500 336 3536 qua:
353 3494 464 3530 ointiia
477 3501 511 3532 et
527 3503 648 3534 contra
665 3496 725 3544 jus
743 3503 781 3533 et
797 3501 922 3533 contra
939 3504 1096 3531 canones
1115 3499 1152 3529 et
1168 3503 1308 3529 morem

262 3559 371 3590 erant.
411 3555 453 3592 Et
482 3558 562 3605 quid
593 3560 719 3597 attinet
750 3559 851 3607 plura
882 3557 1034 3595 dicere?
1068 3567 1139 3594 non
1173 3555 1310 3592 destitit

264 3617 374 3653 otiinia
393 3617 502 3658 facere
514 3631 554 3659 ac
572 3622 702 3665 moliri,
721 3622 836 3659 donec
851 3630 918 3658 nos
932 3630 996 3668 per
1007 3620 1078 3656 vim
1093 3629 1135 3656 ac
1149 3620 1308 3668 tyranni-

265 3686 336 3714 ram
355 3678 622 3721 dominationem
651 3695 673 3722 e
697 3684 840 3721 civitate
867 3688 974 3730 atque
1005 3681 1164 3718 Ecclesia
1190 3681 1308 3728 ejecil.

268 3736 367 3783 ιείιιιτ
383 3743 591 3788 procedente
605 3745 679 3792 jam
695 3753 844 3790 vespere
858 3769 867 3786 ,
882 3752 965 3779 cum
983 3752 1049 3779 nos
1067 3741 1185 3778 omnis
1199 3752 1312 3789 popu—

270 3796 319 3834 lus
335 3803 570 3850 comitaretur,
592 3811 726 3843 tractus
749 3814 768 3841 a
791 3803 944 3841 Curioso
961 3803 1058 3840 urbis
1078 3813 1140 3848 per
1158 3802 1310 3839 mediam

270 3857 434 3900 civitatem
453 3866 484 3902 vi
499 3866 669 3911 abducor.
689 3871 727 3903 et
747 3865 782 3901 in
809 3864 926 3901 navim
953 3862 1137 3909 conjicior,
1157 3868 1193 3899 et
1207 3869 1312 3900 noctu

273 3919 452 3971 abnavigo,
479 3929 556 3974 quia
585 3927 758 3976 synodum
783 3925 826 3962 ad
845 3925 977 3972 justum
997 3923 1168 3972 judicium
1192 3925 1312 3971 appel-

1348 339 1480 378 labant.
1500 338 1589 383 Quis
1603 338 1681 377 hac
1698 340 1778 377 sine
1795 340 1977 388 lacrymis,
1996 341 2105 379 etiam
2121 340 2150 377 si
2164 350 2226 378 eor
2240 341 2423 387 lapidemu

1348 403 1492 448 habeat,
1514 402 1690 440 audierit?
1710 403 1842 442 Verum
1861 405 1959 452 quia.
1979 406 2072 443 sicut
2098 405 2197 453 prius
2225 405 2297 446 disi
2313 434 2322 449 .
2352 415 2423 443 non

1348 466 1467 504 solum
1495 465 1685 502 lamentari
1709 471 1864 512 oportet.
1888 467 1952 504 sed
1977 474 2013 504 et
2030 468 2248 512 emendare;
2270 469 2425 506 obsecro

1349 530 1534 567 caritatem
1557 535 1712 567 vestram
1731 557 1742 572 .
1772 535 1810 566 ut
1839 537 2008 576 exsurgat
2032 537 2068 568 et
2093 531 2298 575 condoltsat,
2319 538 2424 577 atque
2455 543 2460 550 -

1349 591 1468 628 onmia
1490 591 1618 635 faciat,
1640 597 1679 628 ut
1704 591 1796 628 mala
1825 589 1903 628 hmc
1930 591 2072 628 sistant.
2106 592 2230 638 Neque
2250 593 2348 630 enim
2369 592 2426 628 hic

1350 653 1519 700 iniquitas
1544 663 1669 691 eorum
1697 653 1810 694 stetit.
1839 652 1903 689 sed
1934 652 1978 690 ad
2011 653 2130 700 priora
2156 654 2376 700 adjecerunt-
2392 663 2426 690 et

1350 716 1431 753 alia.
1468 716 1662 763 Postquam
1692 715 1787 753 enim
1821 713 2003 761 piissimus
2034 714 2233 761 Imperator
2259 725 2338 758 eos,
2365 717 2426 762 qui

1353 777 1549 815 Ecclesium
1573 776 1798 824 impudenter
1816 783 1922 824 atque
1947 775 2079 822 injuste
2105 776 2330 820 invaserant,
2349 776 2426 822 eje-

1352 841 1414 883 cit.
1433 848 1468 877 et
1484 840 1584 877 multi
1603 839 1761 887 episcopi
1792 840 1866 876 visa
1896 849 2022 876 eorum
2051 838 2282 884 improbitate
2299 839 2343 875 ad
2362 850 2427 876 sua

1354 901 1549 947 redierunt,
1563 901 1734 948 impetum
1753 910 1878 938 eorum
1891 900 1998 938 veluti
2012 899 2216 936 incendium
2228 900 2349 938 Omnia
2360 899 2407 936 de
2417 922 2427 928 -

1353 973 1504 1010 pascens
1518 962 1693 1012 fugientes
1710 975 1717 999 :
1735 973 1801 1001 nos
1814 961 1956 1010 quidem
1973 962 2102 1000 iterum
2124 962 2158 1001 in
2180 961 2306 998 urbem
2323 967 2431 1007 atque

1355 1027 1390 1064 in
1408 1026 1620 1071 Ecclesiam,
1646 1037 1666 1064 e
1696 1037 1763 1073 qua
1796 1026 1928 1072 injuste
1956 1036 2101 1064 eramus
2123 1025 2245 1073 ejecti,
2271 1026 2430 1062 revocati

1355 1099 1491 1132 sumus.
1511 1087 1760 1127 inducentibus
1774 1098 1840 1126 nos
1853 1087 2030 1136 episcopis
2048 1088 2206 1136 triginta.
2218 1093 2256 1129 et
2269 1088 2432 1135 piissimo

1357 1149 1576 1196 Imperatore
1595 1150 1654 1198 qui
1681 1149 1866 1187 Notarium
1886 1150 1933 1187 ad
1950 1150 1986 1187 id
2004 1151 2154 1188 miserat
2173 1162 2182 1188 :
2208 1149 2436 1197 Theophilus

1357 1222 1443 1248 vero
1471 1211 1591 1248 statim
1619 1211 1768 1259 aufugit.
1798 1223 1863 1250 cur
1887 1219 1922 1250 et
1947 1223 2018 1260 qua
2034 1212 2078 1251 de
2095 1224 2135 1251 re
2153 1213 2349 1252 nescimus.
2376 1212 2433 1250 In-

1358 1275 1470 1321 gressi
1500 1273 1606 1320 igitur
1633 1273 1910 1310 obsecrabamus
1935 1274 2136 1320 piissimum
2160 1275 2431 1321 Imperatorem.

1359 1341 1398 1372 ut
1416 1334 1591 1382 synodum
1611 1340 1756 1382 cogeret
1771 1333 1816 1372 ad
1831 1333 2022 1374 vindictam
2041 1344 2165 1372 eorum
2189 1345 2269 1382 qua:
2296 1341 2433 1382 patrata

1359 1401 1474 1434 erant.
1493 1395 1669 1434 Conscius
1684 1405 1770 1444 ergo
1790 1395 1963 1433 factorum
1982 1405 2130 1435 suorum
2151 1395 2384 1442 Theophilus.
2400 1402 2435 1433 et

1360 1457 1677 1505 reprehensiOnem
1708 1458 1840 1496 veritus
1856 1485 1867 1502 ,
1894 1468 1976 1496 cum
2003 1458 2232 1505 Imperatoris
2257 1457 2374 1496 litera:
2399 1458 2447 1496 in.

1362 1529 1506 1556 omnem
1525 1525 1663 1566 partem
1685 1519 1804 1557 missa:
1826 1519 2076 1568 undecumque
2099 1530 2226 1557 onmes
2249 1528 2435 1568 cogerent,

1364 1580 1502 1618 occulte
1517 1580 1632 1618 media
1647 1587 1750 1618 nocte
1767 1581 1802 1618 in
1818 1581 1940 1619 navim
1953 1591 1993 1620 se
2006 1582 2201 1630 conjiciens
2217 1582 2265 1619 ita
2283 1582 2434 1631 aufugit,

1365 1651 1491 1679 omnes
1509 1651 1594 1679 suos
1617 1652 1741 1680 secum
1767 1642 1960 1680 abducens.
1993 1643 2112 1681 Porro.
2129 1654 2194 1681 nos
2217 1644 2437 1682 conscientia

1366 1709 1486 1740 nostra
1501 1702 1595 1746 freti,
1611 1713 1727 1752 neque
1746 1704 1797 1742 sie
1811 1704 2013 1742 destitimus
2026 1705 2154 1743 eadem
2168 1705 2296 1744 iterum
2310 1716 2438 1754 rogare

1364 1765 1668 1813 religiosissimum
1688 1765 1943 1814 Imperatorem
1964 1781 1972 1806 :
1993 1768 2056 1816 qui
2075 1779 2142 1817 pro
2159 1779 2223 1806 sua
2241 1769 2374 1816 pietate
2393 1769 2438 1806 ad

1363 1838 1444 1866 eum
1463 1828 1582 1866 denuo
1601 1828 1711 1875 misit,
1730 1836 1770 1866 ut
1795 1831 1915 1868 statim
1945 1841 1990 1869 ex
2011 1831 2169 1880 Egypto
2194 1831 2334 1870 veniret
2357 1842 2438 1869 cnut

1362 1889 1528 1928 omnibus
1547 1890 1622 1928 suis
1641 1891 1883 1938 consortibus,
1903 1898 1940 1930 et
1957 1893 2133 1932 rationem
2160 1894 2336 1932 factorum
2358 1895 2441 1932 red-

1363 1951 1486 1997 deret,
1508 1962 1625 2000 neque
1651 1951 1818 1991 sufficere
1846 1962 1989 2001 putaret
2007 1955 2051 1994 ad
2071 1955 2317 1994 defensionem
2339 1966 2440 1994 suam

1364 2023 1406 2052 ea
1422 2025 1502 2062 qua:
1521 2021 1592 2052 tam
1613 2014 1744 2062 injuste
1760 2015 1807 2054 ab
1827 2027 1896 2054 una
1914 2023 2014 2064 parte
2032 2018 2135 2056 nobis
2151 2019 2362 2056 absentibus
2379 2029 2441 2066 pa-

1367 2081 1456 2114 trata
1476 2075 1630 2122 fuerant,
1649 2077 1756 2114 etiam
1775 2084 1900 2116 contra
1927 2084 1978 2116 tot
2001 2089 2173 2116 canones.
2209 2079 2271 2116 Ille
2291 2089 2378 2116 vero
2397 2090 2442 2117 ne

1367 2137 1611 2186 Imperatoriis
1643 2138 1787 2187 quidem
1818 2139 1931 2178 literis
1956 2139 2239 2188 obtemperavit.
2259 2139 2324 2178 sed
2344 2139 2449 2177 domi.

1367 2200 1510 2243 mansit.
1538 2206 1740 2247 praetexens
1764 2199 1979 2238 seditionem
2009 2201 2128 2249 populi
2155 2208 2192 2239 et
2219 2201 2442 2248 intempesti-

1368 2271 1450 2297 vum
1465 2261 1620 2298 studium
1637 2262 1874 2309 quorumdam
1893 2263 2029 2301 scilicet
2047 2264 2106 2312 qni
2122 2264 2154 2301 ei
2174 2263 2355 2307 faverent;
2374 2263 2443 2302 etsi

1369 2328 1455 2359 ante
1474 2322 1538 2359 has
1553 2322 1804 2369 Imperatorias
1822 2324 1944 2362 literas
1961 2325 2039 2363 hzrc
2056 2326 2133 2374 ipsa
2151 2325 2253 2373 plebs
2277 2326 2443 2363 innume-

1371 2383 1421 2418 ris
1437 2392 1518 2419 eum
1537 2383 1707 2420 conviciis
1727 2383 1968 2431 adsperscr-at.
1989 2384 2124 2422 Verum
2143 2387 2210 2422 ista
2232 2398 2302 2423 non
2324 2387 2442 2434 inqui-

1372 2443 1504 2487 rimus,
1518 2443 1580 2480 sed
1607 2443 1798 2481 ostendere
1818 2444 1977 2481 volentes
1994 2446 2089 2491 quod
2113 2445 2147 2482 in
2166 2447 2342 2483 maleficio
2361 2459 2442 2493 per-

1373 2505 1557 2549 manserit.
1588 2503 1665 2543 hate
1685 2505 1858 2543 diximus.
1885 2505 2063 2544 Caeterum
2081 2517 2128 2544 ne
2144 2509 2196 2544 sic
2213 2508 2355 2555 quidem
2379 2519 2446 2546 nos

1374 2566 1587 2614 quievimus.
1599 2566 1662 2604 sed
1681 2566 1874 2604 institimus
1888 2567 2122 2614 postulantes,
2141 2575 2179 2605 ut
2191 2568 2362 2615 judicium
2383 2569 2446 2606 ha-

1376 2630 1521 2667 beretur
1549 2629 1744 2666 seCundum
1767 2629 1984 2677 interrogata
2013 2637 2050 2667 et
2073 2639 2247 2677 responsa
2271 2642 2280 2666 :
2302 2638 2446 2678 paratos

1375 2692 1471 2730 enim
1494 2702 1574 2730 esse
1594 2691 1801 2730 dicebamus
1814 2692 2006 2730 ostendere
2021 2703 2087 2730 nos
2097 2693 2201 2740 culpa
2211 2702 2352 2736 vacare.
2367 2693 2448 2730 illos

1374 2761 1493 2792 autem
1515 2759 1674 2792 extrema
1699 2764 1849 2802 quaeque
1865 2763 1972 2790 ausos
1989 2764 2082 2792 esse.
2104 2753 2170 2791 Hie
2187 2754 2282 2791 enim
2304 2763 2450 2790 reman-

1376 2822 1498 2853 serant
1527 2815 1700 2864 Syrorum
1729 2814 1875 2863 quidam
1893 2815 1952 2862 qui
1981 2821 2064 2851 tunc
2083 2813 2284 2861 adfuerant,
2315 2821 2352 2853 et
2379 2827 2447 2852 una

1375 2888 1455 2916 cum
1472 2878 1550 2926 ipso
1566 2877 1685 2914 omnia
1701 2883 1895 2925 patrarant.
1917 2876 2033 2914 Etiam
2044 2875 2216 2914 adversus
2232 2877 2319 2915 istos
2336 2879 2448 2924 parati

1374 2951 1518 2979 eramus
1544 2939 1716 2988 judicium
1744 2939 1880 2985 subire,
1910 2944 1947 2976 et
1973 2939 2104 2987 smpius
2133 2948 2241 2985 super
2258 2939 2319 2976 illo
2339 2939 2450 2976 inter-

1376 3004 1606 3052 pellavimus,
1628 3009 1796 3050 rogantes
1816 3008 1856 3039 ut
1873 3007 1934 3039 aut
1957 3007 2035 3038 acta
2058 3001 2161 3038 nobis
2186 2999 2370 3045 darentur,
2389 3008 2451 3038 aut

1376 3065 1485 3102 libelli
1505 3071 1767 3108 accusatorum,
1791 3069 1853 3100 aut
1877 3062 2069 3099 crimimnn
2089 3071 2202 3110 genus
2219 3061 2448 3099 examinare-

1377 3132 1448 3172 tur,
1471 3132 1531 3162 aut
1560 3125 1626 3173 ipsi
1659 3130 1909 3165 accusatores;
1941 3129 1976 3159 et
2005 3123 2092 3159 nihil
2125 3122 2251 3159 horum
2282 3123 2450 3170 impetra-

1379 3187 1510 3231 vimus,
1529 3185 1591 3223 sed
1613 3195 1736 3222 rursus
1755 3183 1915 3221 Ecclesia
1940 3183 2078 3230 expulsi
2108 3193 2246 3220 sumus.
2280 3183 2358 3230 Quo
2388 3196 2450 3231 pa-

1376 3256 1435 3287 cto
1451 3260 1531 3297 qua:
1549 3247 1631 3286 inde
1647 3253 1726 3285 acta
1747 3251 1831 3283 sunt
1850 3245 2020 3293 deinceps
2039 3255 2187 3283 narrare
2207 3257 2351 3293 queam,
2370 3257 2450 3294 quae

1377 3321 1522 3348 omnem
1553 3314 1725 3356 superant
1757 3307 1991 3355 tragaadiam?
2019 3308 2100 3355 quis
2129 3318 2171 3346 ea
2201 3317 2321 3345 sermo
2345 3308 2450 3345 exhi-

1379 3371 1502 3408 bebit?
1531 3380 1611 3418 quae
1637 3369 1734 3406 auris
1766 3368 1842 3405 sine
1869 3368 2016 3406 horrore
2035 3369 2209 3417 accipiet?
2235 3369 2326 3406 Cum
2355 3368 2451 3405 enim

1379 3444 1419 3470 ea
1459 3433 1532 3480 ipsa
1551 3461 1559 3476 ,
1598 3431 1692 3468 sicut
1723 3436 1806 3467 ante
1835 3429 1932 3474 dixi,
1966 3431 2246 3469 obtenderemus
2271 3442 2280 3466 :
2306 3433 2454 3476 repente

1380 3495 1568 3533 multitudo
1602 3494 1754 3530 militum
1786 3494 1864 3540 ipso
1892 3504 2022 3542 magno
2051 3493 2224 3536 sabbato,
2254 3491 2298 3528 ad
2325 3497 2455 3534 vespe-

1381 3567 1456 3592 ram
1476 3556 1548 3602 jam
1570 3552 1762 3592 inclinante
1783 3555 1840 3592 die
1853 3584 1864 3601 ,
1884 3555 1918 3592 in
1939 3555 2111 3592 ecclesias
2130 3555 2272 3590 irruens
2285 3577 2295 3594 ,
2315 3549 2453 3584 clerum

1381 3628 1524 3654 omnem
1559 3616 1617 3666 qui
1654 3616 1839 3653 nobiscum
1865 3622 1957 3661 erat,
1982 3616 2017 3652 vi
2049 3615 2248 3662 ejecerunt,
2275 3613 2313 3644 et
2344 3603 2454 3639 amis

1383 3679 1494 3714 altare
1518 3677 1673 3724 undique
1693 3677 1969 3714 circumsessum
2001 3681 2082 3712 est:
2115 3678 2152 3708 et
2179 3667 2349 3706 mulieres
2374 3672 2454 3707 qua:

1384 3741 1419 3776 in
1455 3738 1568 3776 sacris
1613 3739 1750 3776 aedibus
1789 3738 1824 3776 id
1867 3737 2038 3784 temporis
2077 3733 2122 3769 ad
2160 3727 2375 3790 baptismum

1384 3807 1584 3846 exuerant,
1629 3807 1725 3837 metu
1770 3799 1911 3836 acerbae
1957 3795 2052 3832 illius
2094 3783 2303 3846 ἰπυριίφξιίε
2349 3782 2455 3846 ῐξυίίευ

1384 3863 1624 3912 aufugerunt;
1645 3873 1726 3899 cum
1747 3871 1792 3897 ne
1808 3869 1887 3895 eam
1906 3854 2152 3912 quidem
2165 3844 2337 3912 milliens
2353 3842 2458 3912 ’Ῐθθέί

1387 3907 1522 3960 κιειειέιη
1543 3923 1693 3960 imp.ch
1709 3917 2017 3968 pel-"querentur.
2041 3907 2158 3944 Multa:
2173 3907 2282 3942 etiam
2294 3907 2460 3952 acceptis
