2758 4350
251 309 288 348 η
1091 267 1333 312 “manu
1357 259 1594 304 DIALOGUS
2441 249 2483 290 η

252 383 463 427 vulneribus
491 368 792 416 exturbabantur,
813 367 850 402 et
881 358 1062 408 sanguine
1089 353 1335 403 implebantur

251 449 415 499 piscinae,
436 449 474 480 et
491 437 583 477 sacri
614 432 740 470 latices
761 435 894 466 cruore
923 419 1184 462 rubescebant.
1211 415 1337 463 Neque

593 497 598 499 ‘
622 496 630 499 λ
737 491 748 499 “
803 490 813 499 ·
830 490 838 498 ·
887 496 960 499 νυ·
988 488 1086 499 --Α--ι
1105 478 1266 499 -.ι-...ειη
1286 477 1337 499 ι..-

253 477 312 548 hic
325 477 458 546 malum
485 496 662 538 subStitit.
685 491 750 531 sed
780 490 840 528 ubi
860 496 965 526 sacra
985 488 1089 522 erant
1105 478 1267 530 reposita
1286 477 1338 514 ir-

251 572 459 617 rumpentes
475 592 486 611 ,
507 569 662 611 quorum
684 554 825 604 aliqui,
847 556 888 588 ut
916 545 1165 594 comperimus
1182 571 1193 588 ,
1215 551 1262 578 ne
1281 539 1346 578 in-.

251 603 350 671 itiatir
369 603 672 678 quidem-erant,
705 624 744 658 et
761 615 933 654 viderunt
964 609 1086 648 omnia
1125 615 1208 654 qua:
1243 603 1341 640 intus

251 699 356 733 erant
377 704 388 730 ς
419 697 456 729 et
475 686 730 728 sanctissimus
747 677 883 719 Christi
911 673 1084 722 sanguis,
1116 675 1158 707 ut
1180 668 1217 706 in
1240 671 1342 704 tanto

253 757 434 800 tumultu,
463 754 500 790 in
532 749 789 799 praedictorum
819 746 944 779 vestes
971 733 1240 775 etl‘undebatur,
1276 727 1344 765 lie-

253 790 576 866 bantquebmuia,
594 817 632 848 ut
666 820 704 846 tn
735 803 926 844 barbarica
957 796 1183 847 captivitate.
1204 790 1346 838 Vulgus

256 884 294 921 in
329 879 564 920 solitudinem
595 870 869 921 exponebatur,
893 869 930 903 et
964 863 1157 900 universus
1191 853 1346 904 populus

257 952 362 985 extra
398 942 585 980 civitatem
620 917 808 984 fugiebat,
841 933 1018 975 erantque
1054 923 1090 960 in
1121 924 1222 958 tanto
1254 917 1348 955 festo

405 979 556 1054 populis
575 979 741 1038 ecclesias
753 1025 762 1039 ,
782 1000 818 1032 et
839 992 964 1041 plures
981 996 1090 1036 quam
1110 979 1350 1032 quadraginta

261 1067 449 1120 episcopi,
470 1067 531 1114 qui
549 1061 741 1101 nobiscum
765 1049 1085 1094 commtmicabant
1099 1075 1111 1092 ,
1131 1055 1213 1083 cum
1244 1041 1351 1090 plebe

827 1117 850 1120 “-
877 1115 886 1120 ·
1039 1109 1080 1120 ι’·
1097 1109 1178 1120 ’γηη
1193 1104 1350 1120 ..ι..ι..ι..,.

262 1104 401 1172 ιὲιῐιετέ
419 1104 456 1167 ei
477 1104 572 1164 nulla
591 1124 638 1162 de
657 1129 766 1158 causa
781 1115 1022 1166 pellebantur.
1039 1109 1181 1156 Ubique
1193 1104 1352 1142 ululatus

265 1201 303 1233 et
322 1195 480 1239 lamenta
497 1195 534 1226 ct
559 1186 666 1224 ﬂetus
685 1189 723 1220 et
751 1182 868 1218 fontes
899 1177 1144 1223 lacrymarum
1168 1179 1232 1216 per
1259 1166 1351 1209 fora»,

267 1271 334 1310 per
351 1259 482 1296 domos
499 1282 509 1300 ,
544 1261 611 1300 pea-
625 1245 846 1288 solitudines
867 1253 876 1277 :
908 1246 944 1277 et
967 1245 1097 1276 omnes
1117 1230 1272 1278 civitatis
1293 1239 1354 1266 rc-

773 1307 779 1310 ‘
849 1305 857 1310 '
885 1303 893 1310 '
960 1307 968 1310 -
1053 1297 1140 1310 In-"
1170 1294 1204 1310 .t.
1224 1292 1335 1310 :..:....:

267 1292 394 1372 giones
410 1319 466 1356 his
483 1292 752 1354 calamitatibus
772 1303 1031 1353 implebantur.
1053 1297 1143 1335 Nam
1159 1294 1206 1332 ob
1224 1292 1357 1340 iniqui-

831 1367 840 1372 -
979 1363 987 1370 .
1055 1359 1256 1372 ηελλ-η--
1293 1351 1355 1372 ω.

269 1351 354 1430 ratis
370 1376 656 1428 magnitudinem
685 1381 758 1409 non
787 1351 909 1406 solum
927 1363 989 1412 qui
1025 1359 1270 1408 patiebantur,
1292 1351 1357 1391 sed

269 1421 391 1494 tit-qui
413 1421 504 1481 nihil
524 1439 597 1478 tale
617 1434 864 1486 patiebantur,
877 1428 984 1466 nobis
1002 1421 1268 1464 condolebant;
1285 1427 1359 1454 non

273 1478 386 1548 modo
411 1501 589 1544 Catholici
645 1497 709 1536 sed
729 1502 764 1534 et
783 1490 964 1534 haeretici,
983 1494 1021 1525 et
1043 1485 1158 1524 Judaei
1187 1488 1223 1520 et
1241 1478 1362 1529 genti-

272 1574 326 1612 les
345 1581 354 1608 :
377 1576 414 1608 et
432 1566 534 1616 quasi
567 1574 632 1613 per
650 1562 724 1598 vim
757 1563 863 1606 capta
894 1553 1058 1597 civitate,
1077 1550 1126 1586 ita
1147 1547 1183 1584 itt
1204 1543 1361 1583 tumultu

273 1646 317 1674 ac
335 1610 608 1683 perturbatione
642 1633 679 1664 et
707 1620 902 1672 ejulatibus
934 1615 1056 1655 omnia
1087 1617 1204 1651 erant.
1243 1610 1363 1656 Atque

276 1669 316 1674 -ν
727 1669 736 1672 -

276 1699 354 1737 iure
365 1695 498 1734 ﬁebant
511 1696 642 1740 prater
659 1683 878 1725 sententiam
889 1674 1156 1726 religiosissimi
1173 1669 1362 1720 principis,

277 1772 360 1801 cum
382 1769 455 1797 nox
473 1757 688 1804 ingrueret,
717 1745 902 1796 episcopis
934 1743 1014 1780 htec
1043 1736 1362 1786 comparantibus,

281 1835 374 1874 quos
389 1833 461 1861 non
479 1797 636 1869 pudebat
656 1811 960 1860 Campiductores
981 1808 1187 1854 praeeuntes
1203 1810 1270 1847 pro
1286 1797 1366 1835 dia-

279 1887 382 1926 eonis
395 1880 624 1923 habere.Ubi
643 1887 732 1916 vero
751 1873 870 1913 illuxit
881 1871 974 1915 dies,
994 1867 1114 1906 omnis
1124 1864 1253 1903 civitas
1265 1866 1368 1900 extra

281 1962 405 1990 muros
423 1945 652 1995 demigravit,
673 1940 776 1990 quasi
797 1947 884 1976 oves
911 1934 1104 1982 dispersae,
1121 1929 1253 1966 festum
1272 1925 1369 1962 diem

286 2014 477 2053 celebrans
502 1987 571 2047 sub
601 1987 796 2044 arboribus
813 2007 851 2038 et
879 1999 915 2036 in
943 1995 1110 2034 saltibus.
1128 1992 1183 2030 Ex
1213 1989 1270 2026 his
1287 1987 1372 2024 licet

286 2076 390 2114 vobis
409 2084 450 2112 ea
471 2082 552 2122 qua:
573 2072 769 2108 consecuta
790 2068 889 2106 sunt,
909 2059 1086 2104 deinceps
1103 2058 1275 2100 reputare
1293 2059 1374 2086 om-

289 2140 347 2178 uia
369 2151 378 2176 :
404 2110 502 2180 nam:
523 2139 563 2170 ut
595 2137 678 2168 ante
715 2127 788 2166 dixi
805 2155 816 2171 ,
838 2133 920 2172 qua:
951 2127 1033 2158 acta
1054 2122 1139 2156 sunt
1163 2110 1373 2161 singillatim

290 2199 441 2245 exsequi
459 2175 686 2242 impossibile
705 2195 773 2228 est.
806 2188 850 2224 Et
870 2183 968 2234 quod
1000 2190 1088 2218 Sane
1117 2175 1375 2224 permolestum

293 2267 374 2306 est,
413 2263 465 2296 tot
507 2239 544 2294 et
581 2254 666 2291 talia
711 2261 758 2288 ne
788 2259 884 2287 nunc
909 2244 1056 2294 quidem
1090 2239 1201 2276 ﬁnem
1227 2243 1378 2282 accepe-

295 2327 392 2366 runt,
411 2329 454 2356 ac
479 2328 526 2355 ne
550 2325 636 2365 spes
666 2313 812 2362 quidem
833 2309 905 2348 ulla
927 2305 1011 2344 linis
1031 2299 1208 2343 faciendi;
1230 2297 1295 2336 sed
1311 2307 1379 2332 au-

295 2390 400 2433 getur
428 2382 464 2418 in
493 2357 726 2417 dies.malum
740 2403 750 2420 ,
770 2380 911 2420 nosque
933 2366 1114 2416 plerisque
1134 2360 1277 2400 ridiculi
1297 2357 1380 2395 facti

297 2454 423 2485 sumus
441 2456 451 2482 :
467 2443 576 2480 immo
595 2449 682 2478 vero
699 2437 795 2476 ridet
813 2433 959 2483 quidem
975 2437 1098 2472 nemo,
1121 2423 1264 2464 etiamsi
1284 2431 1384 2460 sum-

297 2519 367 2547 ma:
385 2507 432 2544 sit
459 2501 728 2552 improbitatis;
758 2499 883 2544 lugent
907 2500 1030 2530 autem
1045 2516 1056 2532 ,
1077 2493 1116 2526 ut
1133 2485 1234 2530 dixi,
1255 2493 1384 2521 omnes

300 2571 439 2620 apicem
473 2567 652 2606 malorum
670 2592 680 2608 ,
701 2559 899 2598 inauditam
921 2555 1018 2592 hanc
1043 2549 1284 2598 iniquitatem.
1305 2545 1384 2582 Jam

301 2644 388 2672 vero
400 2632 621 2679 reliquarum
639 2623 888 2664 Eeclcsiarum
908 2613 1203 2666 perturbationes
1221 2608 1300 2656 quis
1313 2607 1388 2644 elo-

303 2696 466 2746 quatur?
493 2693 572 2731 Non
609 2689 709 2728 enim
743 2685 803 2722 hic
823 2681 932 2720 desiit
962 2679 1033 2715 hoc
1072 2675 1205 2712 malum
1224 2700 1233 2714 .
1255 2669 1320 2708 sed
1353 2673 1390 2704 et

857 2745 861 2746 ⁷
917 2741 948 2746 ⁵·
1066 2744 1072 2746 Α
1204 2734 1272 2746 πυ-
1295 2729 1390 2746 ..-1,-

307 2729 428 2746 .,.._-__
454 2729 462 2732 .
495 2729 506 2731 _
533 2729 541 2730 ,

307 2771 420 2808 uSque
439 2759 475 2796 in
507 2756 694 2794 Orientem
716 2745 894 2797 pervenit.
917 2741 1009 2779 Nam
1038 2744 1078 2776 ut
1107 2747 1128 2774 τι
1159 2734 1277 2781 capite
1295 2729 1391 2768 malo

309 2791 420 2808 --.ιη
515 2791 584 2794 ,ην
717 2791 728 2797 ,

309 2825 460 2860 hutnore
476 2817 591 2857 eﬂ‘uso
622 2812 761 2859 reliqua
796 2804 961 2845 membra
991 2801 1275 2844 corrumpuntur
1305 2803 1312 2827 :
1344 2791 1392 2827 ita

309 2883 448 2922 exortis
473 2881 580 2926 hujus
612 2883 755 2922 magna:
775 2867 934 2908 civitatis
960 2863 1081 2906 malis,
1101 2859 1200 2896 velut
1218 2867 1262 2893 ex
1279 2854 1392 2894 fonte,

315 2912 447 2922 υ¹¹ν“““”’
474 2912 578 2926 -““δ““
612 2912 633 2914 "
674 2912 694 2922 υ

315 2942 496 2980 tumultus
522 2943 751 2987 quocumque
777 2931 836 2965 via
867 2923 1052 2974 progressi
1079 2926 1162 2958 sunt
1178 2945 1186 2960 .
1209 2922 1246 2952 et
1274 2912 1395 2952 clerici

1140 2984 1146 2987 ·
1219 2986 1224 2987 γ
1285 2975 1305 2987 I!
1339 2973 1395 2987 -I22

315 2973 494 2980 ...ην-η.-
525 2973 610 2987 γη
693 2973 704 2981 _
874 2973 878 2974 ν

315 3005 447 3052 ubique
485 3003 521 3039 in
550 2999 744 3046 episcopos
771 2987 1049 3027 insurrexerunt
1067 3007 1077 3023 ,
1115 2984 1152 3015 et
1185 2975 1308 3023 pepuli
1337 2973 1396 3008 alii

814 3047 848 3052 η’
997 3041 1078 3052 ’κη
1115 3037 1326 3052 --:_..a....._._
1363 3039 1396 3052 Δ,

317 3037 462 3113 quidem
481 3037 623 3099 discissi
657 3037 744 3092 sunt
760 3078 770 3093 ,
791 3047 850 3084 alii
871 3041 1084 3093 propediem
1113 3037 1339 3078 scindentur,
1362 3039 1400 3070 et

873 3107 880 3113 .
970 3104 977 3113 ι
995 3105 1002 3112 ι
1084 3111 1092 3113 -
1117 3099 1226 3113 .-ιΞη-
1246 3097 1380 3113 -..μημι-

320 3097 462 3113 .,_._-..-
484 3097 514 3099 _,

320 3128 454 3173 ubique
474 3123 654 3160 malorum
682 3107 908 3159 exspectatio
925 3104 1097 3150 orbisque
1117 3099 1228 3136 totius
1245 3097 1400 3134 subver—

803 3172 807 3173 ν
926 3169 934 3173 -
1195 3161 1216 3173 I!
1253 3165 1279 3173 ,ι
1312 3159 1378 3173 --ιι

323 3159 452 3173 ___.,_,-
475 3159 495 3160 η

321 3189 391 3224 sio.
421 3187 547 3233 Igitur,
567 3177 707 3219 domini
740 3172 811 3210 tnei
841 3169 997 3206 maxime
1021 3161 1220 3202 venerandi
1247 3165 1283 3196 et
1312 3159 1402 3196 reli-

324 3245 536 3297 giosissitni,
557 3251 640 3278 cum
668 3237 748 3274 haec
777 3233 825 3269 ita
852 3241 892 3267 se
917 3229 1052 3265 habere
1079 3221 1301 3266 didicet'itis,
1323 3229 1402 3256 eam

325 3288 406 3358 qua:
420 3316 485 3343 vos
501 3305 631 3344 decet,
647 3294 893 3335 fortitudinem
907 3297 944 3328 et
960 3288 1118 3326 studium
1135 3293 1260 3332 quaeso
1283 3288 1406 3318 osten-

327 3341 418 3412 dite,
437 3372 476 3402 ut
497 3369 593 3401 tanta
619 3357 790 3406 iniquitas
808 3363 888 3402 quae
919 3349 1103 3389 Ecclesias
1136 3343 1268 3382 invasit
1293 3341 1407 3388 repri-

331 3439 465 3473 matur.
486 3427 526 3465 Si
545 3424 642 3463 enim
662 3421 722 3458 hic
740 3428 821 3456 mos
839 3413 1045 3456 invaluerit,
1067 3417 1104 3448 et
1131 3408 1160 3445 si
1182 3405 1306 3443 licebit
1329 3403 1408 3440 eui-

330 3498 386 3534 vis
403 3495 440 3532 in
473 3490 610 3528 alienas
643 3481 819 3520 invadere
854 3475 1058 3524 provincias
1074 3500 1084 3516 ,
1107 3470 1217 3516 idque
1237 3477 1281 3504 ex
1301 3463 1410 3502 tantis

331 3554 546 3600 intervallis,
559 3555 596 3588 et
606 3547 739 3595 ejicere
755 3551 846 3590 quos
857 3539 936 3586 quis
949 3535 1124 3578 voluerit,
1139 3543 1184 3570 ex
1198 3527 1412 3568 auctoritate

333 3633 398 3660 sua
415 3613 603 3668 quodlibet
619 3592 785 3658 agendo;
801 3601 902 3640 scitis
929 3599 1051 3638 omnia
1082 3603 1229 3647 pessum
1249 3592 1356 3634 itura,
1376 3593 1417 3626 et

337 3655 556 3730 inexpiabile
583 3655 722 3712 bellum
747 3663 932 3716 quoddam
951 3660 1078 3698 orbem
1095 3664 1273 3694 terrarum
1292 3655 1414 3690 incur-

339 3717 480 3730 .-.πρ

337 3755 484 3788 surum,
513 3737 681 3778 omnibus
696 3739 826 3770 omnes
860 3723 1089 3774 ejicientibus
1107 3728 1143 3758 et
1161 3717 1320 3760 vicissim
1339 3718 1416 3763 eje-

340 3775 484 3788 ....ν.-.,

340 3809 422 3844 etis.
442 3806 493 3842 Ne
512 3804 622 3850 igitur
639 3801 740 3834 tanta
759 3789 924 3830 confusio
941 3793 1089 3822 omnem
1121 3791 1202 3828 qute
1234 3779 1302 3816 sub
1330 3775 1422 3815 (θεἶο

341 3875 396 3904 est
427 3839 559 3902 terrain
605 3857 779 3899 invadat,
797 3860 886 3900 rogo
919 3854 959 3885 ut
985 3855 1048 3894 per
1077 3840 1250 3890 epistulas
1277 3839 1420 3878 denun-

346 3925 442 3964 tietis
463 3953 473 3968 ,
493 3936 536 3962 ea
553 3934 634 3972 qua:
652 3928 725 3959 tam
755 3916 877 3964 inique
913 3916 993 3948 acta
1023 3913 1107 3946 sunt
1135 3906 1181 3941 ab
1202 3912 1274 3939 una
1293 3907 1395 3950 parte
1411 3928 1420 3944 ,

347 3986 554 4026 absentibus
599 3985 703 4022 nobis
745 3986 780 4018 et
812 3988 883 4016 nott
921 3969 1185 4013 declinantibus
1213 3965 1386 4016 judicium
1411 3993 1420 4010 ,

1411 347 1552 384 nullum
1583 344 1721 382 habere
1753 338 1880 383 robur,
1905 337 1999 374 sicut
2019 341 2064 373 ex
2101 341 2164 371 sua
2194 326 2318 371 natura
2353 335 2482 374 “unum

1410 408 1542 450 habet;
1563 412 1600 444 et
1616 411 1654 442 ut
1671 403 1733 452 qui
1756 401 1840 439 talia
1860 400 1940 438 ausi
1959 405 2046 438 sunt
2063 427 2072 444 ,
2095 398 2421 436 ecclesiasticarum
2440 399 2486 435 lea

1410 479 1496 519 gum
1516 467 1636 516 poenis
1653 465 1908 513 subjiciantur.
1930 461 2004 500 Nos
2025 461 2144 510 igitur,
2165 460 2226 508 qui
2245 469 2311 498 nec
2325 461 2484 503 convicti.

1413 543 1482 571 nec
1500 543 1539 570 re
1545 529 1714 579 prehensi
1729 537 1870 571 sumus,
1886 535 1955 564 nec
1965 525 2022 563 rei
2041 520 2294 566 demonstrati.
2307 522 2417 560 literis
2427 529 2486 560 te»

1414 595 1500 634 stris
1519 593 1589 630 frui
1611 592 1709 636 date,
1729 597 1768 629 et
1785 589 1939 628 caritate
1957 593 2078 626 vestra
2096 586 2312 633 exterisque
2331 584 2470 623 omnibu

1415 664 1458 696 ut
1473 665 1593 696 antea.
1616 655 1654 694 Si
1671 664 1760 694 vero
1777 654 1838 702 qui
1857 652 1941 690 talia
1955 656 2160 700 patrarunt,
2171 649 2282 688 velint
2297 659 2388 686 nunc
2405 657 2488 696 quo.

1417 735 1488 773 que
1505 722 1661 762 crimina
1681 719 1844 767 objicere
1862 718 1910 756 ob
1930 727 2012 766 quae
2045 725 2113 753 nos
2145 714 2277 762 injuste
2295 713 2488 760 eiecerunt,

1417 787 1514 826 datis
1527 785 1637 824 nobis
1652 784 1758 829 actis,
1771 789 1808 821 et
1827 793 1910 820 cum
1929 779 2039 818 libelli
2053 784 2091 816 et
2102 781 2332 816 accusatores
2353 785 2491 822 compa-

1421 850 1578 894 rueriut,
1606 845 1827 895 incorruptis
1843 843 2027 893 iudicibus
2056 839 2266 879 sedentibus
2285 847 2424 876 causam
2442 837 2493 875 di-

1421 923 1562 959 cemus,
1583 917 1622 951 et
1642 909 1880 948 ostendemus
1903 913 2006 944 extra
2023 904 2165 952 culpam
2187 912 2252 940 nos
2272 911 2351 940 esse
2377 910 2493 938 eorum

1422 989 1504 1028 quae
1525 977 1632 1016 nobis
1649 973 1886 1023 objiciuntur,
1907 970 2002 1007 sicut
2022 968 2130 1016 plane
2149 975 2289 1004 sumus.
2309 963 2395 1002 Nam
2421 973 2495 1011 quin

1423 1043 1470 1080 ab
1489 1041 1562 1079 illis
1589 1039 1698 1083 facta,
1721 1042 1848 1074 contra
1877 1042 2026 1071 omnem
2055 1036 2140 1068 sunt
2170 1028 2332 1066 ordinem
2351 1055 2360 1072 ,
2381 1031 2495 1062 contra

1425 1114 1554 1144 omnes
1574 1103 1675 1150 leges
1693 1105 1731 1138 et
1749 1107 1910 1137 canones
1928 1093 2196 1134 ecclesiasticos
2213 1104 2222 1128 :
2237 1100 2352 1138 neque
2370 1089 2402 1126 in
2421 1097 2497 1136 gen-

1429 1169 1546 1206 tilium
1563 1164 1726 1214 judiciis,
1752 1169 1872 1208 neque
1899 1159 1934 1196 in
1967 1155 2159 1196 barbarico
2179 1154 2323 1202 quidem
2343 1150 2498 1189 tribunali

1429 1231 1514 1268 talia
1547 1212 1720 1274 umquam
1746 1229 1826 1261 acta
1847 1226 1956 1264 sunt;
1989 1221 2102 1256 immo
2120 1226 2210 1254 vero
2228 1225 2344 1262 neque
2365 1212 2500 1262 Scytha:

1431 1303 1552 1342 neque
1580 1291 1759 1328 Sarmata:
1779 1287 1827 1323 ita
1848 1293 2019 1331 umquam
2037 1280 2258 1329 iudicarunt,
2277 1277 2445 1325 judicium
2461 1274 2502 1311 ab

1432 1367 1503 1394 una
1539 1359 1642 1402 parte
1675 1350 1862 1393 ferentes,
1883 1347 2036 1384 absente
2065 1354 2111 1381 eo
2136 1343 2198 1390 qui
2229 1346 2426 1383 accusatur,
2444 1347 2504 1376 nec

1434 1422 1630 1458 recusante
1647 1412 1839 1462 judicium,
1863 1409 1926 1447 sed
1945 1407 2198 1450 hostilitatem,
2213 1410 2362 1441 vocante
2375 1401 2505 1450 judices

1434 1482 1650 1519 innumeros
1667 1505 1678 1522 ,
1698 1480 1803 1512 extra
1821 1472 1967 1520 culpam
1990 1480 2030 1508 se
2055 1479 2138 1507 esse
2169 1468 2324 1512 dicente,
2341 1471 2376 1504 et
2393 1473 2506 1502 coram

1436 1551 1617 1583 terrarum
1637 1539 1726 1578 orbe
1747 1537 1900 1576 crimina
1920 1534 2156 1582 depulsurum
2174 1560 2184 1576 ,
2206 1537 2314 1578 atque
2345 1530 2380 1566 in
2397 1537 2509 1565 omm-

1437 1609 1505 1647 bus
1524 1607 1708 1644 insontem
1741 1601 1902 1648 seipsum
1931 1607 2014 1636 esse
2044 1602 2288 1633 ostensurum.
2306 1591 2387 1629 "me
2413 1589 2510 1638 igitur

1437 1672 1561 1712 omnia
1579 1671 1815 1717 reputantes,
1839 1674 1858 1700 a
1879 1662 2038 1700 dominis
2061 1659 2152 1697 meis
2169 1655 2336 1706 piissimis
2352 1653 2512 1692 fratribus

1438 1733 1621 1782 episcOpis
1646 1739 1728 1768 cum
1750 1725 1888 1775 liquido
1907 1721 2174 1770 compereritis,
2193 1718 2346 1758 studium
2361 1721 2514 1754 vestrum

1441 1777 1788 1845 qumso'adjungite.
1807 1788 1858 1824 lta
1893 1796 1966 1822 non
1985 1790 2124 1822 tantum
2153 1781 2196 1819 de
2220 1779 2321 1817 nobis
2337 1777 2426 1815 bene
2443 1785 2516 1812 me-

1441 1856 1627 1899 rebimini,
1653 1854 1718 1892 sed
1753 1857 1790 1890 et
1809 1850 1855 1887 de
1875 1847 2060 1886 communi
2083 1843 2320 1883 Ecelesiarum
2351 1845 2464 1882 statu,
2483 1843 2519 1874 et

1445 1919 1656 1958 mercedem
1676 1928 1697 1955 a
1718 1917 1793 1954 Deo
1813 1911 2002 1958 accipietis
2019 1938 2028 1954 ,
2049 1909 2110 1957 qui
2129 1908 2176 1944 ob
2198 1903 2436 1943 Ecclesiarum
2457 1910 2519 1948 pa—

1444 1994 1524 2022 cem
1544 1981 1667 2019 omnia
1691 1980 1828 2028 jugiter
1851 1978 1950 2016 facrt,
1973 1973 2059 2010 Haec
2081 1971 2157 2018 ipsa
2187 1969 2295 2006 etiam
2315 1965 2442 2013 scripta
2469 1967 2523 2000 est

1447 2046 1492 2084 ad
1506 2025 1702 2082 Venerium
1719 2025 1932 2090 episcopum
1953 2032 2208 2077 Mediolani,et
2226 2029 2270 2066 ad
2285 2025 2522 2066 Chromatium

1448 2108 1625 2156 Aquileiae
1641 2107 1868 2153 episcopum.
1891 2102 1982 2140 Vale
1997 2097 2034 2135 in
2053 2095 2220 2132 Domino.
2241 2104 2256 2128 ι

1495 2144 1584 2204 διν.
1603 2144 1718 2202 ιιι.’-
1731 2144 1786 2200 Ad
1797 2161 1874 2199 haec
1884 2160 2016 2197 beatus
2031 2153 2271 2194 lnnocentius
2282 2158 2372 2199 papa
2383 2144 2524 2192 utrique

1448 2231 1543 2279 parti
1569 2239 1682 2277 pares
1710 2227 1840 2264 literas
1861 2221 2140 2261 communionis
2171 2216 2288 2258 misit,
2316 2209 2524 2260 improbans

1445 2269 1628 2339 judicium
1650 2290 1750 2338 quod
1771 2298 1792 2326 a
1825 2286 2033 2334 Theophila
2068 2284 2208 2320 factum
2235 2276 2450 2316 videbatur:
2471 2269 2526 2306 di-

1447 2363 1538 2391 cens
1557 2352 1694 2389 debere
1715 2351 1825 2387 aliam
1851 2333 1942 2396 cogi,
1961 2346 2152 2396 Synodum
2169 2333 2525 2388 irreprehensibilem

1449 2415 1751 2454 Occidentalium
1767 2420 1804 2450 et
1819 2410 2084 2452 Orientalium,
2097 2407 2256 2456 primum
2268 2399 2415 2450 quidem
2435 2402 2529 2434 sece-

1450 2479 1629 2516 dentibus
1647 2477 1770 2514 abillo
1783 2484 1966 2512 consessu
1984 2471 2130 2513 amicis.
2148 2467 2281 2506 deinde
2294 2470 2331 2502 ct
2348 2457 2530 2498 inimicis:

1451 2552 1472 2578 a
1484 2541 1628 2579 neutris
1642 2541 1756 2583 enim,
1774 2543 1814 2575 ut
1825 2537 2042 2584 plurimum,
2057 2538 2200 2570 rectum
2216 2518 2534 2577 proficiscitttrlu'

1453 2603 1608 2640 dicium.
1628 2599 1768 2638 Paucis
1787 2583 1870 2643 post
1885 2595 2018 2632 diebus
2034 2604 2166 2631 rursus
2185 2589 2336 2628 advertit
2352 2583 2536 2634 presbyter

1461 2663 1609 2712 quidam
1645 2656 1838 2704 Theophili
1870 2655 2029 2697 Petrus,
2051 2657 2134 2688 cum
2168 2649 2340 2698 Martyrio
2373 2645 2536 2684 Ecclesia:

1462 2705 1876 2766 (ionstantinopolitanac
1895 2715 2063 2756 diacono,
2095 2712 2156 2760 qui
2187 2711 2420 2748 reddiderunt
2446 2705 2538 2752 ejus-

1465 2788 1548 2824 dem
1567 2785 1706 2824 literas,
1727 2785 1764 2816 et
1785 2777 1960 2825 quosdam
1980 2781 2143 2812 actorum
2160 2769 2474 2810 commentariolos
2493 2764 2542 2800 vi-

1466 2849 1600 2886 delicet
1617 2873 1627 2890 ,
1661 2845 1697 2880 in
1719 2841 1851 2890 quibus
1871 2839 2064 2876 videbatur
2083 2836 2242 2874 Joannes
2260 2845 2278 2871 a
2311 2833 2454 2881 triginta
2483 2837 2540 2864 sex

1468 2908 1650 2958 episcopis
1685 2903 1972 2944 condemnatus;
1993 2909 2146 2947 quorum
2182 2895 2424 2942 undetriginta
2445 2894 2544 2928 erant

1471 2969 1656 3020 Egyptii,
1693 2971 1832 3012 septem
1874 2973 1962 3000 vero
1995 2962 2147 2998 aliarum
2175 2959 2379 3004 regionum.
2414 2953 2548 3000 Quibus

1472 3033 1562 3070 actis
1597 3027 1766 3077 perlectis
1782 3054 1791 3069 ,
1815 3035 1906 3072 papa
1941 3021 2186 3063 Innocentius,
2206 3028 2288 3054 cum
2310 3015 2547 3062 comperisset

1474 3095 1594 3132 nullas
1613 3100 1742 3140 graves
1763 3098 1845 3125 esse
1862 3085 2134 3127 accusationes,
2160 3089 2276 3126 neque
2293 3077 2468 3114 Joannem
2485 3075 2551 3109 ad-

1477 3157 1607 3201 fuisse,
1629 3163 1746 3200 neque
1772 3159 1896 3188 coram
1935 3145 2194 3192 reprehensum
2223 3149 2306 3177 esse
2323 3165 2332 3181 ,
2362 3135 2553 3183 Theophili

1477 3219 1636 3256 furorem
1657 3213 1851 3253 exsibilarc
1873 3207 2056 3256 perstitit,
2079 3203 2175 3251 quod
2204 3207 2329 3238 contra
2363 3199 2550 3236 absentem

1478 3288 1552 3318 tam
1575 3275 1796 3325 prteeipitem
1815 3278 1852 3308 et
1884 3269 2072 3314 abruptam
2098 3263 2316 3302 sententiam
2347 3258 2546 3298 ciludisset.

1481 3339 1646 3378 Dimissis
1667 3336 1775 3384 igitur
1797 3333 1866 3370 illis
1883 3341 1966 3367 eum
1989 3325 2238 3372 increpatoriis
2269 3323 2384 3360 literis
2399 3351 2408 3367 ,
2433 3329 2554 3369 prcca-

1483 3403 1588 3440 batttr
1609 3399 1722 3436 Deum
1749 3393 1958 3441 supplicans
1993 3399 2074 3426 cum
2108 3387 2247 3435 jejunio
2269 3415 2278 3431 ,
2301 3391 2340 3422 ttt
2372 3384 2554 3422 sedaretur

1483 3463 1629 3512 quidem
1642 3457 1815 3497 Ecclesiae
1831 3453 2027 3496 discordia,
2042 3450 2221 3487 fraternus
2235 3457 2322 3485 vero
2342 3457 2444 3484 amor
2459 3451 2554 3482 cotu-

1487 3530 1708 3576 pingcrctur.
1728 3521 1813 3557 Erat
1829 3523 1952 3554 autem
1976 3512 2140 3562 epistola:
2159 3519 2263 3548 tenor
2282 3509 2340 3546 hic
2361 3521 2368 3544 :

1539 3601 1553 3624 ι
1592 3585 1720 3623 Frater
1753 3578 1981 3627 Theophila,
2018 3585 2086 3612 nos
2125 3573 2271 3622 quidem
2316 3570 2486 3607 habemus
2522 3568 2555 3599 ct

1491 3657 1525 3687 te
1543 3655 1579 3687 et
1597 3647 1748 3684 fratrem
1767 3643 1944 3680 Joannem
1966 3637 2072 3675 nobis
2100 3633 2408 3672 communicantes
2427 3657 2436 3672 ,
2457 3633 2493 3661 ιιι
2527 3623 2558 3658 in

1493 3710 1672 3760 prioribus
1701 3707 1816 3744 literis
1845 3709 2003 3740 mentem
2025 3704 2186 3736 nostram
2218 3694 2443 3733 manifestam
2477 3684 2560 3722 feci-

1493 3785 1588 3817 mus,
1608 3782 1650 3808 ae
1661 3781 1706 3807 ne
1723 3777 1821 3806 nunc
1837 3764 1982 3814 quidem
2003 3762 2050 3798 ab
2067 3770 2113 3798 eo
2129 3757 2313 3808 proposito
2331 3753 2556 3790 desinentes,

1495 3844 1622 3874 rursus
1641 3832 1771 3870 eadem
1806 3828 1870 3865 tibi
1901 3825 2092 3864 scribimus
2111 3805 2180 3867 ,iet
2199 3805 2504 3865 quotiescumque
2522 3805 2562 3840 ad

1498 3908 1565 3936 nos
1593 3894 1767 3933 miseris:
1790 3889 1886 3944 quod
1917 3887 1985 3925 nisi
2021 3889 2220 3930 congruum
2252 3875 2422 3924 judicium
2441 3869 2561 3907 subsc'

1499 3967 1628 4010 quatur
1647 3958 1683 3994 in
1702 3956 1758 3992 his
1777 3941 1856 4002 qum
1876 3962 1939 4000 per
1961 3948 2152 3986 ludibrium
2168 3947 2266 3990 gesta
2287 3943 2381 3981 sunt,
2405 3932 2478 3970 fieri
2500 3936 2566 3966 nun
