4060 6196
256 305 330 360 13-
1315 294 1402 350 DE
1445 293 1600 349 ινιτι
1639 292 1694 347 5.
1735 289 1849 348 ,1οΑ

1955 288 2012 347 lS
2047 287 2539 349 CllRYSOSTOMI.
3464 299 3531 356 M

259 429 430 492 potest
453 425 513 473 ut
539 417 657 473 sine
692 402 912 472 "ratione
936 425 966 466 a
993 410 1213 467 Joannis
1239 409 1615 466 communione
1651 406 1833 463 disce-

261 515 466 570 damus.
495 510 574 565 Tn
629 508 790 578 igitur
814 548 830 573 ,
876 507 921 560 si
957 505 1158 576 judicio
1208 502 1436 559 conﬁdis
1463 541 1482 570 ,
1506 501 1636 557 siste
1687 511 1742 555 te
1769 501 1836 556 ad

261 603 524 676 Synodum
545 642 560 665 ,
589 615 714 670 qua:
754 596 1048 652 secundum
1096 595 1365 652 Christum
1404 595 1650 662 cogitur;
1682 603 1737 650 et
1767 594 1838 648 ibi

261 693 506 762 expositis
530 687 994 745 criminationibus
1021 686 1121 740 sub
1148 686 1369 742 testibus
1395 685 1594 741 Nicaeni
1615 684 1841 741 Concilii

266 783 556 839 canonibus
585 782 604 852 (
633 780 793 835 alium
839 777 985 833 enim
1033 792 1292 833 canonem
1325 777 1561 832 Romana
1607 792 1712 832 non
1747 776 1842 832 ad-

263 875 418 929 mittit
438 872 728 939 Ecclesia),
751 869 1173 941 irrefragabilem
1200 871 1541 926 securitatem
1560 870 1801 927 habebis.
1816 891 1835 924 ι

329 965 538 1020 Modico
567 970 687 1033 post
721 973 962 1031 tempore
991 959 1206 1015 advenit
1255 961 1537 1032 presbyter
1581 961 1844 1017 Constan-

263 1055 621 1125 iinOpoliltttta‘:
662 1053 952 1116 Ecclesiae,
979 1051 1313 1107 Theotecnus
1339 1055 1584 1119 nomine,
1612 1054 1842 1109 reddens

266 1148 520 1218 epistolas
548 1146 747 1218 Synodi
785 1145 1006 1199 Joannis
1029 1185 1044 1206 ,
1077 1145 1262 1215 viginti
1299 1145 1534 1216 quinque
1557 1146 1841 1216 episcOpo-

271 1254 384 1293 rum
411 1246 504 1293 aut
531 1237 694 1308 paulo
745 1236 862 1305 plus
892 1253 906 1289 :
938 1235 1134 1304 quibus
1179 1236 1465 1300 docebant,
1497 1247 1550 1291 et
1581 1237 1840 1292 Joannem

266 1328 484 1384 militari
508 1343 672 1382 manu
711 1328 843 1380 urbe
883 1325 1165 1393 expulsum
1187 1367 1203 1390 ,
1231 1336 1285 1381 et
1309 1328 1574 1382 (Incusum
1605 1329 1656 1382 in
1696 1330 1840 1383 exsi-

266 1419 391 1474 lium
417 1433 541 1474 esse
587 1419 805 1473 missum
829 1459 843 1482 ,
871 1427 1029 1487 atque
1057 1433 1368 1474 succensam
1395 1434 1515 1474 esse
1539 1421 1842 1478 ecclesiam.

267 1508 360 1564 Cui
385 1510 547 1565 etiam
580 1507 728 1565 dedit
771 1508 1105 1562 innocentius
1132 1510 1630 1565 commnnicatorias
1663 1510 1844 1566 literas

265 1611 315 1656 et
338 1601 404 1655 ad
433 1601 696 1656 Joannem
727 1603 1034 1672 episcopum
1057 1611 1110 1656 et
1147 1603 1212 1656 ad
1238 1618 1426 1658 omnes
1453 1605 1503 1658 ei
1539 1605 1842 1659 communi-

263 1700 446 1746 cantes
472 1691 782 1762 episcopos,
817 1690 1036 1746 hortans
1059 1707 1180 1746 cum
1217 1692 1468 1764 lacrymis
1493 1703 1550 1748 ut
1581 1694 1845 1763 patienter

266 1785 468 1851 lerant,
492 1799 612 1839 cum
639 1799 791 1853 opem
834 1784 975 1840 ferre
1001 1801 1106 1840 non
1135 1795 1334 1855 posset,
1357 1801 1423 1841 eo
1461 1786 1602 1856 quod
1630 1786 1698 1841 ad
1726 1802 1842 1841 ma-

265 1875 372 1928 lum
405 1883 646 1944 potentes
697 1873 916 1944 quidam
974 1876 1271 1931 obstarent.
1323 1877 1487 1931 Paulo
1539 1887 1658 1947 post
1701 1879 1845 1934 venit

267 1965 549 2019 homuncio
587 1964 805 2034 quidam
829 2007 845 2032 ,
875 1967 994 2021 visu
1018 1965 1292 2032 deformis,
1321 1977 1377 2023 et
1405 1968 1493 2038 qui
1533 1969 1748 2024 difﬁcile
1773 1971 1847 2025 in-

266 2057 422 2127 trlligi
457 2067 657 2126 posset,
686 2059 945 2114 Paternus
972 2060 1207 2123 nomine,
1233 2060 1597 2132 presbyterum
1623 2077 1682 2117 se
1707 2063 1847 2118 Con-

263 2151 746 2219 stantinopolitana:
791 2153 1042 2207 Ecclesize
1079 2152 1306 2208 dicens:
1351 2155 1441 2223 qui
1485 2163 1539 2210 et
1563 2155 1676 2225 ipse
1705 2166 1846 2212 tctus

265 2240 514 2297 efferatus
538 2283 553 2306 ,
595 2241 901 2297 inimicitias
940 2243 1198 2300 adversus
1240 2245 1501 2300 Joannem
1546 2249 1694 2302 vultu
1731 2249 1845 2318 ipso

265 2331 539 2402 puniens.
581 2333 864 2405 multisque
929 2351 1051 2390 eum
1104 2337 1313 2406 probris
1361 2337 1634 2404 lacerans,
1663 2341 1846 2396 literas

271 2437 559 2490 paucorum
588 2426 960 2494 episcoporum
992 2427 1261 2491 reddidit,
1299 2429 1498 2495 Aeacii,
1529 2430 1698 2493 Pauli,
1731 2431 1844 2485 An.

267 2513 424 2567 tiochi
456 2555 471 2573 .
509 2513 690 2586 Cyrini
715 2555 732 2580 ,
779 2513 1050 2572 Severiani
1091 2527 1146 2573 et
1189 2519 1410 2574 aliorum
1447 2522 1795 2590 quorumdam
1827 2540 1842 2576 :

267 2605 318 2659 in
345 2604 536 2676 quibus
572 2607 1030 2663 calumniabantur
1057 2609 1350 2677 Joannem,
1381 2613 1532 2682 quasi
1561 2615 1842 2669 ecclesiam

268 2695 610 2752 incendisset.
650 2697 781 2752 Tam
835 2699 961 2753 falsa
995 2701 1148 2756 nobis
1177 2703 1348 2757 oratio
1389 2705 1668 2775 apparuit,
1697 2718 1752 2762 nt
1780 2723 1844 2762 ne

267 2787 500 2844 Joannes
546 2790 762 2859 quidem
808 2793 860 2846 in
885 2793 1084 2848 celebri
1114 2795 1333 2866 Synodo
1352 2795 1509 2868 hujus
1551 2798 1629 2854 rei
1658 2799 1841 2857 defen-

268 2879 469 2936 sionem
501 2881 741 2936 attulerit
768 2899 780 2935 :
815 2897 973 2952 quem
1011 2898 1183 2955 usque
1207 2898 1274 2940 eo
1295 2885 1544 2954 despexit
1591 2907 1726 2963 papa
1759 2895 1844 2948 ln-

268 2969 587 3035 oocentins,
630 2978 689 3025 ut
737 2971 1066 3041 respondere
1111 2972 1356 3044 dignatus
1397 2993 1502 3030 non
1551 2983 1641 3038 sit.
1667 2983 1842 3038 Eplsc.

271 3058 495 3130 Dignare
527 3061 692 3130 igitur
741 3077 897 3118 aures
935 3063 1063 3118 mihi
1101 3066 1337 3132 prtebere
1363 3112 1381 3141 ,
1428 3083 1486 3128 nt
1513 3074 1611 3129 tibi
1641 3076 1845 3147 singula

267 3167 531 3221 exponam
563 3171 577 3205 :
604 3152 758 3208 valde
785 3155 950 3219 enim,
984 3161 1042 3208 ut
1067 3154 1142 3208 ait
1165 3157 1315 3214 Elius
1338 3164 1405 3220 ad
1427 3163 1530 3221 Job
1553 3207 1568 3232 ,
1596 3165 1849 3222 Camn-in.

276 3258 343 3328 git
389 3276 472 3312 me
513 3261 721 3328 spiritus
767 3263 950 3317 ventris
995 3261 1112 3334 (Job
1159 3260 1246 3314 52.
1299 3257 1434 3332 18):
1488 3266 1725 3313 ventrem
1775 3257 1856 3312 in-

275 3361 440 3402 nuens
503 3363 738 3408 utentem
785 3353 1118 3408 sermonibus
1177 3352 1402 3420 plenam.
1447 3350 1593 3404 Duc.
1627 3349 1855 3404 Necesse

272 3451 350 3495 est
375 3456 496 3505 me,
523 3441 726 3510 optime
765 3448 919 3503 Pater
945 3484 960 3506 ,
1005 3451 1194 3496 exacte
1233 3441 1452 3511 explere
1490 3445 1848 3498 narrationem

271 3545 464 3589 comm
488 3573 505 3597 ,
533 3547 653 3600 qua:
703 3531 770 3587 ad
815 3533 1056 3587 notitiam
1109 3543 1343 3587 nostram
1376 3544 1765 3602 pervenerunt,
1794 3544 1852 3590 ιιι

272 3623 347 3676 sic
376 3623 660 3692 aggrediar
699 3622 1035 3695 interrogare
1064 3634 1132 3679 te.
1166 3624 1374 3681 Rursus
1418 3625 1577 3695 igitur
1604 3635 1726 3695 post
1749 3628 1851 3682 ali-

272 3721 399 3780 quot
425 3713 540 3766 dies
565 3713 732 3768 adfuit
769 3714 1137 3788 Synnadorum
1179 3717 1461 3786 episcopus
1485 3718 1757 3788 (Syriacus,
1785 3717 1852 3772 li-

277 3811 420 3857 teras
449 3805 660 3873 quidem
705 3806 878 3860 nullas
920 3807 1121 3862 habens
1152 3849 1167 3872 ,
1199 3809 1422 3864 idoneus
1459 3824 1588 3863 vero
1626 3809 1692 3864 ad
1732 3822 1853 3880 apte

275 3906 330 3949 et
355 3897 613 3953 concinne
656 3899 980 3955 narrandum
1017 3920 1030 3955 ε
1068 3902 1157 3972 qui
1203 3901 1412 3957 dicebat
1454 3902 1650 3974 fugisse
1690 3919 1749 3959 se
1785 3906 1855 3959 ob

277 3985 570 4056 lmperialis
601 3989 758 4044 edicti
785 3992 1270 4059 comminationem,
1301 3993 1440 4063 quod
1463 3995 1542 4050 sic
1569 3993 1760 4050 habet:
1794 3994 1857 4049 Si

275 4077 386 4142 quis
404 4094 508 4130 non
539 4081 868 4134 communicat
893 4080 1175 4153 TlteOpltilo
1198 4123 1214 4148 ,
1236 4082 1444 4137 Arsacia
1469 4093 1514 4138 et
1539 4083 1854 4156 Porpltyrio,

275 4167 360 4220 ille
393 4168 598 4238 quidem
617 4171 905 4241 episcopatu
931 4184 1161 4227 arceatur
1184 4190 1202 4238 ,'
1231 4175 1382 4228 simul
1403 4177 1552 4229 etiam
1593 4177 1789 4230 amittat
1813 4177 1857 4229 si

276 4275 421 4327 nam
450 4263 587 4316 risus
633 4266 784 4336 fuerit
815 4266 996 4320 habere
1023 4267 1352 4321 substantiam
1400 4270 1728 4336 pecuniarum
1769 4278 1858 4322 aut

279 4357 602 4423 praediorum.
629 4356 753 4411 Post
781 4358 1057 4430 (Syriacum
1101 4360 1316 4416 advenit
1350 4362 1616 4433 Eulysins,
1644 4363 1856 4432 episco-

281 4461 375 4513 pus
415 4449 668 4513 Apamea:
718 4448 979 4520 Bithynia:
1010 4491 1024 4516 ,
1056 4451 1284 4506 reddens
1339 4452 1518 4508 literas
1551 4453 1856 4523 quindecim

279 4537 648 4607 episcoporum
706 4557 738 4594 e
789 4541 994 4613 synodo
1043 4542 1302 4609 Joannis,
1352 4555 1406 4599 et
1457 4546 1641 4614 optimi
1713 4547 1860 4603 senis

279 4629 482 4697 Anysii,
512 4629 923 4688 'l'hessalonices
961 4633 1194 4704 episc0pi
1225 4652 1240 4699 ;
1287 4637 1338 4689 in
1383 4636 1576 4706 quibus
1615 4648 1668 4691 et
1713 4637 1857 4707 prio-

279 4732 388 4772 rem
421 4730 476 4774 et
507 4731 822 4790 prtesentem
867 4723 1030 4779 totius
1072 4726 1559 4798 Constantinopolis
1600 4727 1859 4798 direptio-

278 4825 400 4864 nem
429 4813 830 4880 perscribebant
853 4831 866 4868 :
887 4815 1118 4886 Anysins
1132 4833 1258 4872 vero
1273 4819 1561 4887 scribebat,
1582 4835 1641 4876 se
1659 4819 1861 4889 judicio

279 4899 539 4956 Romana:
567 4901 817 4960 Ecclesize
842 4908 1183 4978 acquiescere
1213 4927 1226 4962 :
1268 4909 1381 4978 ipse
1410 4910 1658 4983 Eulysius
1682 4913 1860 4966 omnia

277 4992 509 5064 Cyriaco
538 5007 885 5056 consentanea
921 5003 1172 5055 narravit.
1201 5001 1392 5072 Elapso
1418 5019 1602 5058 mense
1628 5045 1640 5068 ,
1674 5018 1858 5059 acces-

278 5086 344 5139 sit
376 5085 668 5157 Palladius,
698 5094 980 5164 episcopus
1015 5093 1358 5165 llelenopolis
1379 5136 1393 5156 ,
1419 5095 1620 5167 absque
1646 5097 1816 5152 literis
1843 5115 1859 5153 :

278 5180 365 5245 qui
398 5190 451 5234 et
479 5182 591 5250 ipse
617 5181 813 5254 fugisse
843 5199 902 5241 se
931 5186 1338 5256 magistratuum
1369 5188 1599 5242 furorem
1626 5188 1859 5256 dicebat,

277 5278 330 5322 et
359 5271 514 5325 nobis
541 5275 717 5328 omnia
743 5278 1050 5346 expressius
1072 5278 1361 5333 declaravit
1384 5294 1398 5343 ;
1430 5280 1724 5335 ostendens
1749 5281 1863 5337 edi-

278 5362 348 5414 cti
370 5367 694 5433 exemplum,
722 5368 863 5438 quod
891 5370 972 5425 sic
1002 5369 1162 5425 habet
1189 5389 1200 5423 :
1235 5371 1546 5444 Quicumque
1578 5374 1858 5429 occultare-

279 5451 345 5503 γει
361 5453 654 5525 episcopum
699 5468 789 5511 aut
826 5460 1106 5526 clericum,
1134 5473 1222 5516 aut
1279 5464 1483 5518 omnino
1515 5468 1764 5534 exceperit
1809 5469 1862 5522 in

280 5542 489 5597 Mum
511 5563 656 5599 suam
684 5549 901 5618 aliquem
952 5552 1037 5621 qui
1080 5555 1409 5608 communicet
1442 5553 1656 5623 loanm',
1686 5557 1863 5612 domus

281 5634 398 5704 ejus
437 5637 734 5707 publicator.
767 5642 890 5697 Post
917 5643 1234 5713 Palladium,
1257 5647 1521 5704 advenere
1562 5649 1860 5706 Germanus

291 5727 478 5788 Presbr
490 5739 567 5785 ter
592 5747 694 5787 una
721 5747 843 5787 cum
863 5732 1114 5794 Cassiano
1141 5738 1384 5808 diacono,
1409 5742 1496 5806 qui
1515 5753 1664 5798 erant
1681 5759 1708 5797 e
1731 5760 1855 5810 pur-

1947 409 2086 464 tibns
2098 408 2339 476 Joannis,
2359 409 2460 464 viri
2489 408 2742 478 religiosi,
2765 409 2944 464 literas
2968 410 3131 466 totius
3153 411 3282 468 cieri
3310 409 3530 468 Joannis

1945 501 2232 556 reddentes
2257 518 2270 554 :
2299 501 2494 570 quibus
2539 500 2782 554 scribunt
2820 502 3110 557 Ecclesium
3158 503 3396 573 ipsorum
3425 505 3531 557 vim

1947 600 2106 660 atque
2134 592 2468 663 tyrannidem
2497 605 2806 662 perpessam
2833 607 2972 655 esse,
3011 594 3250 664 ipsorum
3277 595 3532 666 episcopo

1948 684 2161 739 militari
2193 700 2354 739 manu
2380 685 2575 753 ejecto,
2606 694 2766 754 atque
2809 685 2861 738 in
2907 685 3152 740 exsilium
3181 694 3300 740 acto
3323 700 3418 756 per
3449 686 3530 740 fa-

1946 775 2178 832 ctioncm
2211 776 2409 839 Aracii,
2446 775 2647 831 Berma:
2675 775 2909 844 episcopi
2941 816 2955 838 ,
2988 775 3268 844 'l'thphili
3297 777 3531 831 Alexan-

1947 866 2099 932 driae,
2149 867 2396 921 Antiochi
2452 867 2832 933 Ptolemaidos,
2867 881 2922 922 et
2973 867 3249 924 Severiani
3302 868 3534 924 Gabalo-

1948 975 2087 1013 rnm.
2140 959 2343 1015 lnterea
2390 961 2717 1016 breviculum
2738 960 3294 1029 prmdictiGermanns
3316 971 3370 1017 et
3403 963 3528 1016 Cas-

1948 1053 2129 1107 sianus
2174 1053 2564 1119 ostenderunt,
2609 1069 2714 1123 quo
2747 1055 2976 1123 pretiosa
3029 1071 3152 1108 vasa
3207 1055 3536 1110 tradiderant

1948 1160 2128 1200 coram
2151 1145 2439 1214 judicibus.
2455 1145 2644 1201 Studio
2664 1145 2918 1216 pracfecto
2931 1147 3111 1210 Urbis,
3128 1157 3181 1202 et
3204 1149 3536 1221 Eutychiano

1948 1238 2202 1306 prtefeeto
2251 1237 2514 1306 Praeterii,
2545 1248 2598 1294 et
2627 1239 2834 1296 Joanne
2875 1241 3071 1295 comite
3115 1241 3532 1306 thesaurorum,

1948 1340 2003 1385 et
2046 1329 2327 1386 Eustathio
2355 1341 2625 1400 qntestore
2655 1372 2672 1397 ,
2721 1347 2787 1387 ae
2825 1332 3100 1387 tabulariis
3129 1375 3143 1398 ,
3191 1334 3242 1388 in
3272 1349 3424 1398 auro,
3449 1350 3534 1390 ar-

1948 1430 2110 1491 gento
2135 1432 2190 1476 et
2209 1421 2470 1487 vestibus,
2501 1423 2822 1478 calumniam
2851 1439 2881 1478 a
2910 1423 3117 1479 Joanne
3143 1426 3396 1497 cpiscOpo
3436 1427 3535 1480 dc-

1952 1515 2230 1583 pelleutes.
2283 1515 2412 1570 Post
2461 1515 2582 1570 illos
2623 1515 2802 1571 denuo
2845 1519 2992 1572 venit
3023 1517 3358 1582 Demetrius,
3403 1518 3536 1572 Pisio

1949 1607 2128 1662 nuntis
2143 1609 2448 1679 episcopus,
2463 1609 2554 1678 qui
2575 1608 2846 1664 Orientem
2865 1622 3220 1682 percurrent,
3241 1613 3537 1683 prtedicans

1949 1699 2310 1754 Romanorum
2355 1701 2788 1756 communionem
2837 1718 2956 1757 cum
3002 1704 3206 1759 Joanne
3235 1707 3488 1776 episcopo
3517 1747 3534 1767 ,

1947 1793 2178 1847 ostensis
2205 1808 2354 1862 papa:
2377 1793 2668 1848 Innocentii
2713 1795 2900 1858 literis,
2930 1795 3159 1850 all'ereus
3188 1799 3442 1867 epistolas
3467 1797 3536 1852 ab

1949 1884 2212 1955 episcOpis
2241 1882 2411 1938 Cariae
2436 1925 2450 1950 ,
2482 1884 2676 1954 quibus
2734 1884 2804 1938 illi
2836 1884 3057 1939 Joannis
3101 1887 3532 1940 communionem

1950 1975 2402 2044 complectuntur,
2437 1985 2598 2046 atque
2622 1975 2755 2029 alias
2783 1992 2811 2029 a
2862 1974 3190 2045 presbyteris
3215 1975 3531 2038 Antiocbim,

1950 2067 2145 2137 quibus
2177 2067 2538 2120 Romanorum
2562 2065 2899 2135 disciplinam
2929 2076 3239 2134 sequuntur,
3264 2075 3316 2120 et
3345 2066 3532 2136 deplos

1949 2167 2072 2212 rant
2119 2157 2398 2228 Porphyrii
2443 2157 2834 2213 ordinationem
2881 2156 3072 2210 factam
3121 2165 3304 2210 contra
3354 2156 3446 2222 jus
3477 2165 3532 2210 et

1950 2249 2048 2304 fas.
2092 2249 2218 2304 Post
2265 2265 2402 2319 quos
2447 2264 2638 2304 omnes
2664 2249 2810 2304 venit
2853 2249 3130 2318 presbyter
3181 2248 3533 2311 Domitianus,

1949 2355 2260 2398 meonomus
2290 2341 2543 2396 Ecclesia:
2562 2341 2691 2396 Con-
2711 2340 3187 2409 tantinopolitante,
3220 2347 3274 2393 et
3295 2339 3536 2406 Vallagas

1951 2432 2188 2502 quidam,
2221 2433 2503 2503 presbyter
2545 2432 2832 2487 Nisibenus
2860 2472 2873 2493 ,
2915 2445 3139 2484 narrans
3181 2431 3537 2484 monasterio.

1953 2542 2071 2581 rttm
2102 2541 2224 2596 qua:
2276 2535 2404 2581 sunt
2463 2526 2516 2579 in
2571 2523 2954 2596 Mesopotamia
3007 2523 3400 2579 afllictionrm:
3449 2526 3535 2591 qui

1949 2615 2110 2672 etiam
2143 2616 2488 2671 reddiderunt
2510 2616 2688 2687 Optati
2718 2615 2990 2687 cujusdam
3034 2616 3267 2685 praefecti
3309 2625 3448 2680 acta,
3485 2615 3535 2667 in

1950 2707 2142 2777 quibus
2172 2706 2411 2763 bonestte
2448 2707 2700 2763 mulieres
2738 2722 2805 2763 ex
2846 2721 3046 2778 genere
3082 2704 3386 2775 eonsnlum,
3425 2705 3537 2760 dia-

1950 2801 2174 2856 conisste
2189 2798 2445 2856 Ecclesiae
2461 2799 3158 2870 Constantiuopo!itan.e.iu
3172 2802 3345 2857 oculis
3357 2799 3535 2869 populi

1951 2889 2016 2944 ad
2046 2906 2167 2946 eum
2198 2891 2486 2957 ducuntur,
2518 2901 2718 2946 coacta:
2745 2899 2837 2944 aut
2877 2890 3270 2945 communicare
3297 2889 3534 2950 Arsacio,

1950 2993 2040 3037 aut
2071 2982 2200 3037 ﬁsco
2219 2983 2348 3038 dare
2373 2983 2629 3039 ducentas
2673 2981 2787 3037 auri
2820 2983 3004 3037 libras.
3037 2983 3111 3038 De
3139 2983 3334 3037 ascetis
3360 2981 3535 3035 etvir-

1949 3075 2160 3144 ginibus
2188 3075 2314 3147 quid
2336 3075 2525 3130 attinet
2564 3075 2782 3131 dicere?
2809 3074 2899 3146 qui
2930 3073 3287 3130 ostendebant
3327 3072 3533 3128 sulcata

1954 3171 2118 3225 latera
2149 3170 2202 3224 in
2227 3169 2418 3225 eculeo
2446 3177 2500 3224 et
2543 3170 2594 3223 in
2627 3177 2776 3240 tergo
2822 3168 3104 3223 verberum
3151 3175 3326 3220 notas.
3377 3164 3451 3218 ita
3481 3171 3538 3218 ut

1953 3281 2057 3317 non
2099 3263 2329 3333 amplius
2359 3263 2629 3318 sustinens
2666 3276 2797 3332 papa
2837 3261 3198 3321 innocentius,
3236 3257 3440 3312 miserit
3471 3255 3538 3310 ad

1953 3357 2096 3426 pium
2119 3356 2498 3424 imperatorem
2523 3355 2835 3419 llonorium,
2865 3352 3168 3424 singillatim
3192 3351 3318 3421 quid
3342 3350 3540 3405 ferrent

1953 3446 2192 3516 epistolae
2219 3447 2322 3500 illa:
2349 3445 2693 3516 subjungens.
2722 3444 2926 3511 Quibus
2947 3455 3182 3512 permota
3211 3441 3326 3510 ejus
3372 3439 3542 3508 pietas

1950 3537 2102 3607 jubet
2131 3537 2562 3598 Occidentalium
2583 3537 2863 3608 Synodum
2879 3533 2996 3602 cogi
3028 3574 3044 3598 ,
3083 3542 3283 3587 etcum
3331 3545 3432 3584 una
3469 3529 3540 3586 si-

1958 3627 2065 3682 mni
2093 3627 2411 3681 sententiam
2435 3625 2684 3680 tulissent
2708 3664 2722 3689 ,
2751 3637 2867 3677 eam
2897 3622 2961 3676 ad
2992 3637 3140 3677 suam
3169 3622 3419 3692 pietatem
3450 3636 3540 3676 re-

1959 3718 2119 3776 ferre.
2148 3719 2249 3788 Qui
2294 3717 2510 3790 quidem
2554 3715 2792 3788 episcopi
2823 3715 2984 3771 Italire
3021 3714 3357 3787 congregati,
3386 3723 3541 3768 orant

1961 3814 2361 3883 imperatorem,
2393 3809 2592 3864 scribat
2641 3807 2792 3862 fratri
2837 3822 2935 3861 suo
2973 3814 3026 3861 et
3066 3805 3302 3861 consorti
3333 3803 3541 3875 imperii

1961 3905 2208 3969 Arcadio,
2235 3912 2294 3957 ut
2317 3903 2501 3972 jubeat
2527 3901 2924 3958 Thessalonica:
2959 3899 3237 3971 Synodum
3272 3899 3406 3962 ﬁeri,
3436 3913 3544 3968 quo

1963 3995 2165 4049 litt-ilius
2203 4003 2427 4065 utraque
2454 4008 2576 4064 pars
2602 3991 2835 4047 Orientis
2869 3999 2924 4045 et
2952 3989 3256 4045 Occidentis
3292 3989 3344 4042 in
3378 4003 3542 4042 unum

1961 4101 2242 4141 accurrere
2291 4083 2501 4156 possit,
2533 4091 2588 4138 et
2630 4081 2879 4154 Synodns
2917 4097 3020 4135 non
3064 4081 3115 4134 in
3166 4080 3549 4150 episc0poruut

1965 4193 2205 4240 numero,
2237 4176 2328 4231 sed
2350 4176 2400 4229 in
2430 4174 2664 4245 pondere
2684 4173 2961 4228 sententia-
2989 4171 3241 4241 perfecta,
3266 4183 3471 4226 certum
3492 4180 3551 4226 et

1965 4271 2313 4326 indubitatum
2337 4266 2962 4338 feratjudicium.Quibus
2977 4280 3198 4320 accensa
3219 4265 3336 4331 ejus
3355 4263 3544 4332 pietas,

1963 4364 2218 4434 episcopo
2245 4361 2457 4432 quidem
2503 4360 2760 4415 Romamn
2810 4358 3061 4413 Ecclesia:
3101 4357 3326 4410 scribit:
3375 4355 3553 4411 mittat.

1964 4455 2195 4524 quinque
2215 4453 2514 4523 episcopos.
2559 4450 2896 4520 presbyteros
2923 4456 3098 4501 autem
3143 4444 3398 4500 Romana:
3445 4443 3546 4498 Ec-

1965 4545 2144 4600 clesia:
2171 4544 2307 4598 duos
2357 4553 2412 4598 et
2438 4541 2720 4597 diaconum
2750 4554 2931 4604 unum,
2965 4537 3054 4608 qni
3085 4536 3257 4592 ferant
3281 4553 3430 4590 suam
3480 4535 3549 4590 ad

1969 4637 2182 4691 fratrem
2223 4651 2377 4692 suum
2422 4634 2722 4703 epistolam.
2754 4631 2906 4701 cujus
2936 4630 3050 4684 lure
3100 4630 3358 4684 sententia
3408 4637 3556 4687 erat:

2044 4748 2062 4779 ι
2086 4728 2266 4782 Tertio
2277 4727 2385 4797 jam
2415 4725 2590 4780 scribo
2605 4723 2670 4777 ad
2688 4721 3144 4778 mansuetudinem
3173 4729 3337 4784 tuam,
3357 4733 3553 4790 rogans

1968 4830 2026 4876 ut
2046 4836 2164 4892 qua:
2187 4836 2253 4876 ex
2279 4827 2555 4889 compacto
2581 4825 2763 4872 contra
2779 4815 3036 4871 Joannem
3066 4813 3372 4884 episc0pum
3403 4823 3551 4882 gesta

1967 4923 2090 4968 sunt
2114 4955 2129 4979 ,
2161 4911 2512 4968 emendentur
2544 4927 2556 4962 :
2590 4919 2644 4964 et
2671 4917 2726 4963 ut
2755 4906 2963 4962 videtur
2992 4905 3228 4963 nondum
3258 4905 3554 4977 perfectum

1967 5013 2068 5061 est.
2101 5004 2275 5070 Quare
2299 5001 2478 5058 denuo
2499 5000 2687 5070 scripsi
2731 5014 2825 5069 per
2853 4997 3015 5054 hosce
3040 4999 3319 5067 episcopos
3347 5005 3401 5050 et
3427 5011 3550 5065 prc—

1969 5100 2252 5169 shyteros,
2298 5097 2520 5151 multum
2567 5093 2825 5149 sollicitus
2867 5092 2934 5148 de
2980 5107 3110 5164 pace
3152 5088 3507 5147 ecclesiastica
3534 5125 3550 5148 ,

1971 5207 2066 5261 per
2106 5204 2263 5260 quam
2306 5199 2360 5243 et
2387 5195 2628 5242 nostrum
2660 5185 2943 5254 imperium
2981 5199 3164 5254 pacem
3208 5180 3450 5242 obtinet,
3497 5185 3554 5229 nt

1964 5283 2152 5352 jubere
2181 5280 2412 5351 digneris
2437 5279 2668 5336 Orientis
2707 5280 2985 5350 episcopos
3009 5271 3398 5334 Thessalonica:
3425 5282 3554 5321 con-

1972 5374 2172 5427 venire.
2204 5373 2408 5429 Etenim
2433 5370 2736 5428 Occidentis
2764 5369 2931 5426 nostri
2961 5364 3216 5436 episcopi,
3249 5359 3398 5416 lectis
3426 5357 3555 5411 Viris

1972 5467 2226 5522 adversus
2250 5465 2446 5521 malum
2473 5481 2538 5520 ac
2565 5463 2897 5520 mendacium
2926 5454 3265 5520 ﬁrmissimis,
3295 5451 3558 5505 miserunt

1971 5560 2250 5630 episcopos
2276 5558 2529 5630 quinque,
2571 5555 2911 5627 presbyteros
2938 5564 3065 5604 vero
3105 5546 3260 5607 duos,
3290 5552 3345 5599 et
3373 5542 3557 5598 diaco—

1971 5667 2096 5705 num
2146 5666 2307 5705 unum
2352 5664 2555 5721 magna:
2597 5645 2847 5702 Ecclesia:
2887 5643 3162 5698 Romanae.
3207 5637 3354 5706 Quos
3399 5637 3562 5692 velint

1971 5746 2112 5800 omni
2159 5743 2361 5798 honore
2391 5738 2621 5812 digneris
2654 5753 2668 5793 :
2704 5745 2760 5791 nt
2784 5775 2798 5800 ,
2844 5735 2887 5789 si
2916 5730 3155 5808 persuasi
3181 5729 3376 5787 fuerint
3419 5723 3570 5803 quod
