2758 4350
9 3923 16 3934 .

9 3939 18 4014 ἓ

316 305 360 342 l5

317 379 394 416 iure
410 373 580 421 expulsus
607 367 652 404 sit
669 364 826 401 Joannes
843 388 852 404 ,
873 357 1026 395 doceant
1044 364 1102 390 me
1119 352 1163 388 ab
1181 350 1260 398 ejus
1287 357 1388 384 com-

317 409 488 477 munione
507 428 676 468 recedere
697 435 707 460 :
729 430 788 460 aut
819 422 849 458 si
879 417 1107 466 eoargucrint
1135 421 1265 461 sponte
1283 409 1388 447 mali-

317 511 405 550 gnos
434 505 514 534 esse
532 491 688 530 Orientis
707 487 898 535 episcopos
915 512 924 528 ,
954 483 1000 519 ah
1017 489 1143 518 eorum
1175 485 1209 514 te
1227 483 1391 512 commu-

901 546 909 550 -
988 544 995 550 .
1040 543 1065 550 ..
1111 540 1144 550 ..
1197 545 1206 550 _
1351 535 1391 550 ,μ

319 535 424 598 :ionc
452 558 628 593 avertant.
659 551 834 596 Quaenam
853 546 948 584 enitn
969 544 1014 580 sit
1037 538 1320 580 Occidentalium
1347 535 1392 571 de

315 624 454 659 Joanne
469 617 638 665 episcopo
657 610 835 650 sententia
853 638 862 653 ,
881 618 925 645 ex
945 605 1112 642 omnibus
1131 599 1294 650 epistolis
1313 607 1394 645 qua:

317 683 360 719 ad
395 691 453 718 me
481 663 625 724 scriptze
656 681 739 712 sunt
768 673 858 709 duas
886 667 1052 714 Subjunri
1072 695 1080 708 ,
1116 663 1279 712 ejusdem
1311 669 1394 696 cum

317 741 458 781 caeteris
481 737 683 778 setttetttite,
703 745 810 772 unam
833 730 998 773 Romani,
1023 729 1171 764 alterunt
1191 722 1397 770 Aquileien-

319 806 369 841 sis
379 801 550 849 epismpi.
565 801 677 836 Porro
689 797 758 833 hoc
767 801 851 830 ante
869 791 988 828 omnia
1005 789 1156 825 obsecro
1168 783 1396 822 clementiam

321 846 418 904 tuam
435 893 446 910 ,
468 846 705 910 Theophilum
725 888 734 903 ,
756 854 982 895 Alexandria:
1018 852 1226 898 episcopum
1244 876 1253 892 ,
1289 846 1398 884 etiam

321 930 504 973 nolentem
519 955 530 971 ,
552 927 681 962 sistere
694 922 820 970 jubcas
837 947 846 964 ,
869 918 928 966 qui
947 916 1106 952 omnittm
1125 912 1303 950 malorum
1325 919 1402 946 Ina-

322 993 419 1030 xime
430 996 554 1027 auctor
565 997 646 1025 esse
665 985 816 1027 dicitur;
829 989 868 1018 ut
879 981 1130 1028 episcoporum
1142 975 1202 1023 qui
1221 972 1402 1010 adfuerint

321 1053 490 1102 Synodus
506 1051 654 1088 minime
673 1045 859 1094 impedita,
878 1041 1154 1080 convenientetn
1178 1033 1403 1083 temporibus

325 1116 458 1153 nostris
479 1123 602 1162 pacem
623 1110 775 1148 sanciat.
807 1121 820 1142 ›

373 1177 461 1215 Car.
480 1159 543 1212 VIV.
563 1194 612 1201 —
630 1173 720 1210 Ctttn
753 1171 858 1218 igitur
887 1172 1032 1204 sanctus
1061 1161 1231 1200 Emilius
1247 1187 1256 1203 ,
1289 1159 1406 1196 Bene-

328 1239 423 1282 venti
441 1238 644 1285 episcopus,
664 1242 700 1272 et
717 1231 912 1282 Cythcgius
929 1236 964 1266 et
983 1226 1218 1266 Gaudentius,
1239 1233 1306 1260 una
1325 1231 1406 1258 cum

333 1300 582 1338 Valentiniano
616 1304 653 1335 et
685 1295 869 1334 Bonil'acio
903 1290 1150 1340 presbyteris,
1184 1285 1409 1331 accepissent

331 1365 452 1400 literas
479 1360 710 1408 Imperatoris
731 1357 878 1395 Honorii
897 1384 905 1398 ,
927 1351 1124 1390 Innocentii
1143 1377 1152 1392 ,
1175 1355 1212 1385 et
1237 1347 1408 1383 Italorum

331 1426 596 1472 episcoporum,
618 1418 819 1458 Chromatii
841 1413 1094 1463 Aquileiensis,
1115 1417 1150 1448 et
1168 1408 1312 1446 Venerii
1334 1405 1410 1442 Me-

333 1485 556 1523 diolaucnsis
573 1511 582 1526 ,
608 1490 715 1528 atque
735 1481 888 1516 aliorum
907 1505 916 1520 ,
936 1486 1078 1512 necnon
1097 1468 1410 1508 commonitorium

334 1547 468 1596 Synodi
505 1546 615 1581 totius
649 1542 880 1584 Occidentis,
915 1538 1054 1586 publica
1092 1534 1279 1572 evectione
1316 1531 1411 1566 (1on-

341 1593 609 1652 stautinopolim
628 1603 777 1651 profecti
804 1607 888 1639 sunt
905 1611 986 1638 cum
1005 1599 1156 1646 Cymaeo
1173 1623 1184 1640 ,
1204 1593 1386 1630 Demetrio
1401 1619 1411 1635 ,

340 1668 500 1707 Palladio
518 1673 554 1704 et
577 1666 725 1712 Eulysio
744 1663 935 1710 episcopis.
955 1658 1276 1698 Commonitorium
1295 1663 1415 1692 autem

341 1728 548 1766 continebat
565 1753 575 1770 ,
592 1725 766 1762 Joannem
794 1723 965 1770 judicium
986 1721 1124 1766 ingredi
1153 1729 1225 1755 non
1256 1717 1416 1760 debere,

345 1791 412 1828 nisi
431 1789 497 1836 ipsi
518 1788 615 1836 prius
636 1787 801 1823 restituta
825 1784 950 1820 luisset
970 1789 1006 1818 et
1024 1779 1185 1818 Ecclesia
1205 1785 1240 1815 et
1257 1787 1420 1814 comnm-

345 1852 430 1894 nio;
452 1856 490 1886 ιιι
507 1848 646 1884 sublata
665 1856 772 1883 eausa
792 1841 1014 1881 detrectandi
1038 1840 1162 1887 judieii
1179 1866 1190 1884 ,
1207 1848 1271 1874 sua
1291 1843 1421 1884 sponte

346 1920 556 1948 eonsessutn
591 1908 711 1944 iniret.
733 1905 887 1942 Profecti
917 1904 1024 1951 igitur
1043 1898 1420 1946 Constantinopolim,

350 1979 430 2020 post
460 1977 614 2019 quatuor
633 1979 777 2007 menses
811 1967 1021 2010 redierunt,
1044 1969 1230 2000 narrantes
1261 1961 1424 1998 facinora

353 2035 578 2083 Babylonica.
607 2032 696 2070 Cum
727 2037 858 2079 praeter
885 2028 1061 2067 Graeciam
1089 2026 1248 2063 Athenas
1276 2024 1423 2070 naviga-

352 2107 499 2140 remus,
529 2093 665 2131 detenti
697 2103 820 2129 sumus
850 2091 896 2127 ab
929 2089 1059 2126 infesto
1091 2087 1245 2135 quodam
1281 2087 1425 2122 tribuno

355 2157 520 2198 militum,
534 2156 593 2202 qui
611 2155 730 2190 statim
746 2152 994 2190 centurionem
1007 2160 1114 2187 unum
1133 2149 1236 2186 nobis
1248 2149 1423 2195 adjunxit,

355 2228 424 2257 non
455 2215 578 2252 sincns
608 2225 674 2251 nos
694 2213 986 2250 Thessalonicam
1018 2211 1202 2248 accedere.
1225 2209 1298 2247 lllic
1329 2210 1425 2246 enim

356 2275 576 2323 propositum
608 2274 712 2310 nobis
741 2279 820 2310 erat
844 2274 966 2310 literas
997 2273 1150 2319 primum
1179 2271 1266 2308 dare
1292 2271 1427 2318 Anysio

355 2337 538 2384 episcopo.
559 2335 750 2382 Conjcctos
768 2335 874 2383 igitur
891 2345 956 2371 nos
972 2362 981 2378 ,
1001 2334 1126 2379 aiunt,
1147 2333 1184 2370 in
1201 2333 1273 2370 duo
1290 2333 1427 2380 navigia

359 2399 506 2435 dimisit.
521 2399 710 2446 ingruente
725 2405 847 2446 postea
861 2403 986 2434 austro
1001 2397 1218 2442 vehementi,
1231 2396 1344 2434 tribus
1357 2396 1428 2433 die-

361 2460 426 2497 bus
436 2460 595 2508 .digaeum
613 2471 712 2498 mare
729 2467 765 2498 et
781 2461 869 2497 freta
888 2461 966 2496 sine
979 2461 1060 2497 cibo
1076 2459 1282 2508 trajecimus
1306 2473 1314 2496 :
1332 2460 1428 2497 circa

361 2520 607 2558 duodecimam
637 2523 729 2559 tertii
745 2522 815 2558 diei
838 2522 962 2558 horam
981 2522 1187 2568 appulimus
1201 2527 1284 2558 ante
1303 2522 1428 2558 urbem

362 2582 494 2630 regiam
503 2582 602 2630 juxta
613 2583 815 2620 suburbana
826 2582 994 2620 Victoris.
1009 2582 1074 2620 Ubi
1089 2583 1216 2620 retenti
1231 2583 1276 2620 ab
1288 2589 1431 2619 exacto-

360 2645 458 2682 ribus
476 2651 655 2692 portuum,
674 2652 771 2682 retro
790 2646 1156 2694 discessimus;cnjus
1176 2653 1292 2682 autem
1311 2645 1430 2692 jussu,

361 2707 564 2754 ignoramus
600 2718 610 2744 :
645 2714 682 2744 et
711 2707 870 2744 conclusi
903 2718 1026 2744 sumus
1058 2708 1236 2744 tuaritimo
1270 2707 1432 2744 Thraciae

360 2768 521 2812 castello,
535 2769 670 2817 Athyra
689 2769 796 2813 dicto.
809 2769 962 2807 Romani
979 2771 1122 2818 quidem
1141 2772 1174 2807 in
1194 2782 1261 2806 una
1279 2771 1433 2808 don‘tun-

362 2831 456 2874 cula,
471 2831 505 2867 in
527 2831 686 2878 pluribus
703 2843 788 2869 vero
808 2833 868 2880 qui
887 2843 967 2869 cum
989 2833 1138 2881 Cyriaco
1157 2839 1273 2878 erant,
1289 2828 1433 2880 ἱῐΙὶειμιθ

363 2892 506 2957 vexati;
529 2892 576 2928 ita
605 2899 644 2930 ut
672 2904 718 2931 ne
748 2893 903 2930 famulus
922 2894 1065 2941 quidem
1099 2901 1229 2940 praesto
1259 2901 1355 2931 esset
1373 2894 1434 2940 qui

365 2951 597 2990 ministraret.
625 2954 715 2990 Cum
743 2955 870 2992 literas
895 2954 1108 3001 petiissent,
1140 2965 1210 2990 non
1242 2955 1406 2990 dedimus
1423 2983 1432 2997 ,

365 3009 548 3049 dicentes:
562 3013 628 3058 Qui
649 3013 724 3050 fieri
745 3020 875 3060 potest,
895 3019 933 3050 ut
951 3014 1011 3062 qui
1030 3015 1135 3061 legati
1154 3024 1292 3058 sumus,
1313 3014 1436 3051 literas

369 3071 594 3119 Imperatoris
611 3081 646 3112 et
656 3075 908 3122 episcoporum
923 3076 988 3122 ipsi
1002 3075 1210 3123 Imperatori
1225 3086 1294 3112 non
1308 3075 1437 3113 redda-

369 3135 705 3174 ιιιυεῖϐυιιιωηθηι
726 3148 869 3176 casnon
890 3138 976 3176 dare
997 3139 1287 3186 persisxcremtts,
1303 3139 1438 3186 primus

371 3197 467 3232 venit
492 3198 535 3233 ad
555 3208 619 3234 .105
639 3199 814 3237 Patricius
830 3202 991 3238 notarius
1009 3230 1018 3246 ,
1037 3202 1166 3239 deinde
1187 3203 1332 3250 quidam
1351 3202 1409 3238 alii
1429 3214 1436 3237 :

377 3263 592 3302 Ροδῑνειιιιηη
611 3262 705 3296 "Cll"
722 3263 865 3308 Quidam
885 3264 1094 3302 Valerianus
1113 3267 1258 3303 nomine
1275 3293 1284 3308 ,
1306 3275 1328 3302 c
1347 3265 1440 3311 Cap-

375 3317 518 3386 lf‘df’cia
535 3347 544 3362 ,
567 3322 777 3386 p_r:cpositus
794 3326 897 3361 unius
914 3327 1076 3364 militaris
1096 3327 1234 3364 muneri
1250 3354 1261 3367 ,
1283 3333 1317 3362 et
1336 3331 1440 3370 rupto

375 3376 520 3414 Miltiadi
540 3381 696 3429 episcopi
716 3383 857 3430 pollice,
871 3388 1045 3434 signatam
1058 3388 1288 3434 Imperatoris
1307 3387 1442 3432 episto-

375 3438 444 3475 lam
465 3451 544 3476 cum
557 3442 700 3490 reliquis
718 3445 876 3484 abstulit.
893 3450 1184 3496 l'ostridieigitur
1205 3449 1380 3484 miserunt
1396 3445 1440 3480 ad

377 3511 455 3544 nos,
477 3513 521 3540 au
539 3505 644 3542 aulici
664 3506 904 3555 Imperatoris,
926 3523 971 3547 att
995 3511 1131 3547 Atticus
1152 3510 1331 3546 nescimus
1350 3508 1441 3553 (ipse

375 3567 469 3603 enim
481 3566 665 3606 dicebatur
677 3571 844 3610 Ecclesia:
857 3573 1023 3610 thronum
1043 3569 1230 3617 invasisse)
1247 3581 1254 3604 :
1269 3569 1326 3615 qui
1340 3567 1442 3603 nol-is

375 3628 440 3664 tria
461 3629 568 3666 millia
590 3634 845 3669 numismatnm
876 3633 1036 3674 dabant,
1059 3637 1203 3667 orantes
1224 3635 1262 3664 ut
1282 3627 1440 3674 persuasi

377 3688 494 3727 Attico
524 3694 872 3730 commutticaremus
889 3720 898 3736 ,
919 3700 956 3729 et
987 3692 1032 3728 de
1051 3691 1198 3727 Joannis
1225 3689 1357 3734 judicio
1388 3695 1442 3724 ta-

378 3758 552 3788 ceremus.
569 3753 706 3799 Quibus
723 3764 794 3789 non
815 3751 1066 3796 asscntienles,
1085 3750 1305 3797 pcrstitimus
1323 3759 1440 3791 orare,

379 3818 457 3845 cum
490 3813 575 3850 nihil
595 3813 780 3860 pacificum
799 3818 1030 3860 perageretur
1047 3838 1056 3853 ,
1077 3817 1114 3846 ut
1131 3811 1206 3846 siue
1226 3809 1384 3856 periculo
1400 3807 1442 3844 ad

382 3879 520 3910 “OSlras
540 3875 716 3914 Ecclesias
741 3875 940 3912 rediremus
958 3901 968 3918 ,
989 3875 1063 3910 visa
1083 3873 1142 3909 tali
1171 3872 1444 3909 inhumanitate.

385 3929 534 3976 |dil’sum
567 3939 672 3974 variis
705 3937 982 3974 revelationibus
1013 3935 1180 3972 Scrrator
1214 3935 1308 3970 Deus
1341 3933 1446 3966 nobis

1175 266 1388 312 PALLADII
1416 253 1642 304 DIALOGUS
2495 251 2534 292 te

1464 341 1688 386 declaravit,
1723 338 1812 375 adeo
1842 343 1880 374 ut
1910 335 2026 373 sancti
2059 334 2168 371 etiam
2197 330 2364 370 Ennnelii
2392 332 2536 370 diacono

1464 404 1588 448 Paulo,
1613 403 1691 438 viro
1710 399 1903 437 mitissimo
1921 404 1957 435 et
1979 395 2160 444 prudenti,
2183 395 2217 432 in
2239 395 2323 431 navi
2343 395 2538 442 apparuerit

1465 467 1592 504 beatus
1610 465 1741 503 Paulus
1757 461 1956 511 apostolus,
1972 461 2098 498 dicens
2114 459 2180 508 ipsi
2205 471 2214 495 :
2245 457 2362 496 Videte
2375 457 2538 505 quomodo

1465 527 1646 565 ambulett‘s
1659 539 1670 564 :
1685 537 1753 562 non
1772 531 1808 562 ut
1825 525 2038 572 insipientes,
2057 522 2118 559 sed
2137 527 2174 558 ut
2195 521 2377 568 sapientes,
2399 520 2538 557 videntes

1465 592 1558 640 quod
1577 591 1648 627 dies
1669 590 1752 626 mali
1769 594 1848 626 sunt
1867 591 1878 635 (
1896 586 2026 634 Epltes.
2046 586 2082 622 5.
2104 585 2163 623 15.
2199 584 2270 632 l6)
2295 596 2302 619 :
2325 583 2539 630 significante

1467 655 1610 692 somnio
1639 652 1774 688 variam
1807 651 1950 687 illorum
1983 647 2146 684 fraudem
2165 675 2174 690 ,
2203 655 2353 692 eantque
2381 644 2481 681 donis
2507 649 2540 682 et

1469 713 1654 754 blanditiis
1683 713 1728 750 ad
1749 711 2023 750 adulteraudam
2051 709 2258 746 veritatem.
2290 706 2426 743 lnstans
2444 707 2540 752 igitur

1470 777 1565 815 idem
1597 777 1676 824 ipse
1705 775 1870 812 tribunus
1895 773 2105 810 Valerianus
2121 800 2131 816 ,
2159 769 2314 816 conjecit
2335 779 2398 806 nos
2418 768 2450 805 in
2479 767 2540 806 de-

1472 841 1658 878 terrimam
1686 848 1814 876 navem
1832 865 1843 884 ,
1865 835 2033 874 mercede
2049 863 2060 881 ,
2079 840 2120 872 ut
2137 843 2263 871 rumor
2280 833 2329 868 ait
2345 860 2354 877 ,
2383 830 2544 868 ttauclero

1473 901 1555 939 data
1587 908 1626 938 ttt
1653 900 1822 948 perderet
1842 899 2033 946 episcopos
2063 896 2272 942 navigantes
2291 921 2300 936 ,
2320 903 2399 930 cum
2428 891 2544 938 viginti

1475 965 1648 1002 militibus
1666 963 1847 1000 variorum
1868 961 2072 998 officiorum
2094 969 2104 995 :
2127 963 2164 994 et
2187 955 2306 992 Statim
2327 965 2390 991 nos
2408 953 2544 1001 Athyris

1474 1027 1624 1073 expulit.
1639 1025 1729 1062 Cum
1752 1024 2022 1070 navigassemus
2043 1019 2158 1057 stadia
2180 1017 2393 1066 plurima,et
2407 1014 2543 1062 jamjant

1477 1087 1626 1136 perituri
1656 1095 1846 1128 essemus,
1879 1083 2086 1130 appulimus
2114 1080 2378 1126 Lampsacum;
2406 1081 2442 1114 et
2467 1075 2542 1112 inde

1477 1159 1614 1190 mutata
1646 1162 1738 1189 nave
1768 1149 1944 1188 vicesimo
1973 1147 2033 1184 die
2065 1145 2304 1194 applicuimus
2338 1141 2545 1191 llydrunteut

1479 1214 1667 1253 Calabriae.
1687 1213 1812 1260 Neque
1829 1210 1982 1258 amplius
2000 1208 2105 1246 nobis
2122 1207 2245 1244 dicere
2263 1209 2462 1252 potuerunt,
2481 1211 2544 1248 quo

1481 1278 1516 1314 in
1537 1283 1633 1314 statu
1653 1281 1752 1313 esset
1781 1273 1907 1311 beatus
1927 1271 2086 1309 Joannes
2114 1269 2306 1316 episcopus
2323 1295 2332 1310 ,
2355 1274 2465 1311 neque
2492 1262 2545 1299 ubi

1481 1339 1554 1376 sint
1572 1338 1775 1375 Demetrius
1791 1365 1800 1382 ,
1819 1335 1994 1384 Cyriacus
2010 1362 2020 1379 ,
2042 1333 2208 1381 Eulysius
2226 1360 2235 1374 ,
2257 1336 2362 1377 atque
2381 1325 2548 1364 Palladius

1482 1400 1643 1448 episcOpi
1660 1427 1669 1443 ,
1697 1399 1759 1446 qui
1789 1408 1870 1435 cum
1905 1396 2040 1433 nostris
2071 1393 2252 1442 episcopis
2280 1390 2384 1438 legati
2413 1385 2548 1436 profecti

1484 1468 1602 1500 erant.
1625 1462 1743 1498 EPISC.
1763 1461 1839 1508 Age
1854 1459 1928 1507 jam
1946 1488 1956 1504 ,
1978 1469 2000 1496 ο
2021 1456 2264 1494 sacratissime
2280 1483 2290 1499 ,
2310 1453 2452 1490 adverte
2470 1447 2550 1486 mihi

1485 1525 1659 1567 animum,
1673 1521 1866 1560 attendens
1884 1521 1926 1557 iis
1943 1530 2024 1568 qua:
2041 1519 2139 1555 clare
2153 1517 2331 1559 dicentur,
2344 1521 2378 1550 et
2393 1511 2552 1557 deinceps

1487 1587 1550 1623 tibi
1587 1585 1781 1623 declarabo
1821 1584 1984 1632 publicos
2023 1581 2130 1618 totius
2171 1578 2352 1626 tragtediae
2389 1574 2552 1622 satyricos

1489 1647 1692 1693 tumultus,
1726 1646 1821 1684 unde
1849 1645 1944 1682 hanc
1974 1641 2219 1681 temulentiam
2249 1639 2368 1677 exorsi
2398 1639 2491 1677 sint,
2521 1639 2554 1670 et

1489 1719 1677 1757 quousque
1693 1718 1858 1746 cessasse
1875 1707 1940 1744 visi
1961 1706 2048 1748 sint,
2069 1703 2219 1741 necdum
2240 1708 2356 1738 tamen
2377 1698 2554 1735 desierint.

1490 1770 1659 1808 Omnium
1678 1770 1871 1812 malorum,
1891 1774 1930 1804 ut
1946 1767 2027 1815 quis
2043 1765 2186 1808 dixerit,
2207 1763 2284 1800 fons
2299 1766 2335 1798 et
2351 1758 2556 1806 principium

1492 1831 1557 1868 Dei
1589 1841 1675 1868 osor
1694 1830 1836 1867 d:etnon
1855 1858 1866 1874 ,
1887 1839 2032 1876 semper
2063 1827 2234 1864 insidians
2254 1829 2290 1860 ut
2321 1822 2421 1868 lupus
2449 1819 2558 1855 ratio-

1493 1891 1672 1929 nabilihus
1691 1891 1823 1928 Christi
1850 1890 2020 1938 gregibus
2037 1917 2048 1934 ,
2067 1888 2203 1936 peritos
2219 1892 2378 1932 quosque
2405 1887 2562 1926 pastores

1495 1954 1603 1991 variis
1633 1953 1738 1990 malis
1769 1953 1940 1990 atrociter
1970 1951 2172 1990 infestans.
2201 1947 2293 1984 sicut
2317 1941 2560 1991 Egyptiorum

1495 2028 1560 2054 rex
1571 2017 1750 2054 masculos
1761 2016 1984 2060 Judaeorum,
1998 2015 2136 2052 fucatos
2147 2022 2231 2049 vero
2241 2017 2276 2048 et
2291 2009 2398 2046 falsos
2411 2011 2562 2053 pastores

1496 2085 1722 2117 terrenarum
1741 2079 1967 2126 voluptatum
1989 2077 2138 2114 fallaciis
2155 2075 2335 2122 saginans.
2358 2071 2466 2108 Porro
2483 2075 2563 2114 pes-

1496 2141 1578 2178 simi
1609 2140 1717 2178 l'ontis
1737 2141 1843 2189 hujus
1872 2139 2017 2178 canales
2035 2165 2044 2181 ,
2063 2144 2104 2175 ut
2121 2136 2239 2173 omnis
2269 2141 2442 2171 terrarum
2471 2127 2567 2165 orbis

1499 2204 1624 2247 novit,
1663 2209 1748 2240 sunt
1783 2202 1964 2243 Aeacius,
2001 2199 2240 2242 Antiochius,
2280 2193 2498 2240 Theophilus
2531 2195 2568 2226 et

1497 2266 1741 2310 Severianus;
1761 2266 1820 2312 qui
1840 2270 2014 2302 vocantur
2033 2262 2179 2310 quidem
2206 2259 2242 2296 id
2262 2257 2355 2306 quod
2376 2266 2446 2293 non
2462 2257 2541 2290 sunt
2555 2279 2570 2295 ,

1499 2335 1584 2366 sunt
1602 2339 1688 2366 vero
1705 2328 1800 2375 quod
1826 2327 1897 2364 dici
1927 2337 1967 2364 se
1987 2335 2059 2362 non
2081 2325 2199 2360 ferunt
2222 2334 2230 2357 :
2253 2331 2298 2357 ex
2313 2318 2439 2356 ordine
2455 2321 2570 2351 autem

1500 2391 1714 2428 clericorum
1755 2387 1956 2436 presbyteri
1993 2387 2093 2430 duo,
2133 2389 2170 2421 et
2207 2381 2349 2420 diaconi
2385 2377 2573 2425 quinque,

1503 2453 1630 2499 partim
1652 2451 1795 2499 quidem
1827 2461 1872 2487 ex
1905 2449 2072 2495 impuro,
2093 2445 2224 2492 partim
2256 2453 2299 2480 ex
2332 2438 2567 2478 maleficorunt

1503 2525 1653 2552 numero
1671 2511 1878 2561 congregati
1902 2524 1910 2545 :
1934 2520 2000 2546 nec
2018 2518 2104 2545 vero
2129 2506 2206 2543 scio
2231 2515 2274 2541 an
2295 2510 2408 2540 tutum
2427 2501 2471 2536 sit
2489 2497 2570 2534 tales

1504 2578 1734 2625 presbyteros
1769 2581 1830 2610 aut
1861 2573 2032 2609 diaconos
2063 2578 2195 2605 vocare
2229 2579 2238 2602 :
2273 2575 2318 2608 ex
2353 2557 2571 2608 Imperatoris

1503 2617 1624 2676 autem
1634 2638 1715 2673 aula
1727 2635 1798 2672 duo
1809 2639 1870 2670 aut
1882 2640 1955 2668 tres
1965 2629 2192 2667 solummodo
2204 2627 2318 2668 fuere,
2331 2625 2390 2672 qui
2401 2617 2572 2666 Theophi-

1506 2701 1578 2736 lum
1599 2699 1828 2739 roborarunt,
1850 2693 1994 2730 militari
2015 2690 2182 2738 prtesidio
2199 2699 2304 2736 opem
2325 2687 2374 2724 illt
2397 2687 2570 2722 ferentes:

1505 2773 1525 2799 e
1544 2760 1753 2798 mulieribus
1770 2763 1900 2805 praeter
1918 2755 1996 2791 illas
2013 2764 2093 2801 qu:e
2109 2752 2216 2799 vulgo
2236 2756 2332 2787 notae
2351 2753 2432 2785 sunt
2449 2774 2459 2789 ,
2480 2750 2548 2781 tres
2561 2769 2578 2784 .,

1507 2823 1622 2860 viduae
1651 2821 1794 2868 quidem
1813 2847 1824 2864 ,
1857 2819 1920 2855 sed
1949 2828 1969 2854 τι
2000 2817 2086 2853 viris
2117 2815 2245 2852 divites
2276 2814 2403 2854 factte,
2436 2808 2580 2846 multant.

1507 2896 1550 2922 ex
1573 2883 1708 2931 rapinis
1740 2881 1926 2929 pecuniam
1958 2878 2186 2926 possidentes
2206 2876 2242 2911 itt
2276 2873 2430 2920 propria:
2458 2867 2582 2906 salutis

1509 2948 1704 2996 perniciem
1722 2957 1732 2990 ;
1754 2944 1970 2980 tumultuum
1991 2947 2027 2978 et
2053 2939 2268 2976 seditionum
2299 2932 2548 2972 commotrices
2568 2939 2581 2962 :.

1510 2991 1622 3046 ilarsa
1636 3007 1794 3045 Promoti
1815 3015 1918 3047 uxor,
1932 3002 2105 3040 Castricia
2123 2997 2322 3040 Saturnini,
2335 3002 2370 3031 et
2383 2991 2583 3040 Eugrapbia

1510 3072 1673 3116 quatdam
1703 3074 1960 3114 usquequaque
1980 3063 2112 3098 furiosa
2137 3072 2145 3094 :
2169 3057 2305 3102 reliqua
2325 3061 2444 3091 autem
2475 3051 2584 3098 pudet

1511 3135 1646 3170 dicere.
1665 3113 1845 3168 Caeterum
1872 3127 1927 3162 ha:
1955 3131 2063 3170 atque
2091 3121 2166 3163 illi,
2189 3117 2290 3154 lardo
2319 3114 2429 3152 cardo
2449 3114 2484 3150 in
2516 3113 2585 3149 fide

1511 3205 1592 3232 cum
1609 3193 1694 3236 sint,
1707 3191 1805 3226 velut
1822 3187 1975 3232 phalanx
1999 3185 2116 3218 furore
2133 3179 2246 3220 ebria,
2261 3177 2294 3212 in
2311 3185 2420 3212 unam
2439 3183 2584 3211 senten-

1513 3257 1596 3291 tiatn
1616 3244 1699 3289 odio
1717 3249 1890 3287 doctrinae
1904 3242 2062 3286 adunati,
2081 3239 2178 3276 exitii
2198 3243 2394 3274 torrentem
2413 3235 2583 3272 adversus

1515 3314 1685 3352 Ecclesiae
1706 3319 1829 3356 pacem
1849 3305 2086 3343 concitarunt.
2103 3299 2309 3336 DIAC.VeiiS
2322 3297 2448 3344 igitur,
2468 3293 2580 3335 Pater,

1513 3385 1548 3414 et
1581 3375 1733 3411 libenter
1751 3369 1839 3406 velis
1867 3376 1988 3404 coram
2010 3365 2086 3400 Deo
2118 3361 2224 3398 nobis
2252 3360 2374 3396 dicere
2391 3388 2400 3402 ,
2426 3358 2520 3395 unde
2552 3361 2581 3390 t-t

1515 3437 1656 3472 illorum
1693 3431 1868 3467 adversus
1901 3427 2077 3464 Joannem
2113 3423 2262 3466 odium,
2297 3428 2333 3460 et
2367 3432 2446 3470 qum
2485 3415 2583 3455 fuerit

1513 3495 1663 3534 Joannis
1681 3491 1839 3540 episcopi
1861 3487 2057 3536 pertinacia
2080 3492 2198 3522 tantas
2214 3491 2411 3532 potestates
2430 3481 2581 3518 laedere:

1514 3555 1622 3592 simul
1649 3554 1793 3591 declara
1823 3551 1926 3588 nobis
1949 3548 2044 3586 unde
2064 3548 2172 3584 vitam
2193 3557 2344 3584 exorsus
2373 3545 2442 3588 sit,
2463 3549 2496 3578 ct
2515 3547 2582 3586 quo

1517 3622 1620 3663 pacto
1649 3615 1692 3652 ad
1712 3611 2042 3657 Constantinopolis
2062 3609 2307 3656 episcopatum
2339 3607 2384 3642 sit
2414 3608 2554 3641 evectus
2570 3625 2580 3641 ,

1516 3687 1553 3718 et
1570 3687 1704 3727 quanto
1725 3685 1884 3724 tempore
1903 3685 1986 3712 cum
2017 3673 2176 3710 tenuerit
2191 3699 2200 3716 ,
2221 3676 2257 3708 et
2281 3670 2340 3718 qui
2360 3667 2486 3704 fuerint
2509 3661 2582 3708 ejus

1519 3752 1652 3784 mores,
1671 3747 1705 3777 et
1724 3740 1804 3788 quis
1824 3739 1902 3786 ejus
1925 3738 2007 3774 vitae
2029 3736 2124 3781 linis,
2145 3734 2321 3783 siquidem
2341 3737 2499 3768 mortuus
2516 3730 2580 3765 est.

1523 3813 1556 3841 ut.
1590 3804 1768 3841 audimus.
1807 3801 1880 3838 [Etsi
1921 3811 1984 3848 per
2019 3809 2147 3836 omnes
2189 3796 2343 3834 maxime
2379 3793 2582 3840 pervagatur

1520 3867 1691 3905 tttit-abilis
1709 3872 1745 3903 et
1775 3873 1897 3903 sancta
1926 3864 1990 3900 viri
2012 3863 2108 3900 illius
2139 3859 2230 3898 fama
2249 3870 2258 3902 ;
2281 3863 2398 3894 tamen
2420 3847 2582 3890 consuevi

1522 3942 1594 3964 non
1624 3930 1714 3966 adeo
1743 3929 1843 3966 facile
1873 3927 2078 3964 rumoribus
2105 3923 2278 3964 caedere.
2310 3918 2512 3964 ltl‘il'stjttam
2541 3908 2584 3948 ah
