4060 6196
233 215 293 270 l7
1261 212 1346 265 DF.
1392 210 1546 264 VITA
1589 210 1647 262 S.
1691 206 1969 262 JOANNIS
2007 205 2508 262 CHRYSOSTOMI.
3463 216 3529 267 ut

224 327 529 383 hominibus
557 328 646 398 qui
681 328 982 394 vituperare
1007 334 1059 378 et
1100 322 1312 376 laudare
1345 333 1486 377 recte
1515 329 1813 386 noverunt,

225 436 336 474 rem
383 416 582 486 liquido
626 415 990 486 cognoverim.
1040 414 1212 467 Ense.
1261 412 1440 466 Laudo
1487 411 1813 482 diligentiam

227 522 408 575 tuam,
464 507 861 562 distinctionem
917 519 1045 562 vero
1100 521 1203 558 non
1256 503 1519 568 admitto,
1578 503 1817 558 veritatis

224 599 584 653 amantissime
627 608 682 652 et
733 599 841 652 Deo
886 612 1011 651 care
1059 596 1138 650 vir
1182 595 1483 649 Theodore.
1522 594 1651 648 Nam
1705 593 1816 663 ipsa

223 690 441 744 canities
465 698 520 743 et
548 687 783 758 dignitas
812 696 1016 746 nostra.
1051 695 1106 740 ut
1133 684 1202 740 de
1229 700 1313 740 me
1343 685 1458 754 ipso
1486 684 1692 754 loquar,
1725 683 1816 738 tibi

221 781 462 837 sufﬁcere
479 778 767 840 debebant,
789 786 847 830 ut
863 792 986 830 vera
1017 791 1136 830 esse
1161 774 1413 829 crederes
1430 791 1547 845 qua:
1564 775 1814 830 dicimus.

221 869 479 935 Quoniam
500 883 628 922 vero
646 867 699 922 id
719 881 823 921 non
853 865 1044 929 fecisti,
1064 874 1116 920 et
1134 865 1214 918 bis
1242 880 1325 918 me
1342 864 1452 934 jam
1478 863 1814 933 adjudieium

225 960 314 1017 Dei
359 974 556 1023 vocas;
591 967 712 1029 post
755 956 856 1011 hac
902 956 1091 1010 saltem
1124 955 1323 1009 omisso
1365 955 1510 1008 oumi
1557 962 1815 1024 prmlextu

223 1068 381 1107 aures
407 1051 534 1105 mihi
562 1048 932 1112 accommoda,
955 1063 1020 1102 ne
1052 1049 1102 1102 in
1121 1064 1313 1102 vanum
1347 1047 1595 1102 decurrat
1621 1048 1812 1101 oratio.

224 1144 346 1198 Scio
374 1144 514 1200 enim
543 1159 662 1213 qua:
708 1142 759 1196 in
792 1143 909 1210 lege
955 1141 1131 1194 divina
1179 1145 1380 1210 scripta
1427 1151 1594 1194 sunt:
1633 1139 1815 1193 Perdet

225 1233 361 1288 Deus
401 1252 574 1288 omnes
599 1234 686 1302 qui
723 1236 994 1303 loquuntur
1038 1232 1351 1285 mendacium
1396 1241 1413 1302 (
1442 1230 1584 1284 l’sal.
1615 1231 1668 1286 5.
1701 1232 1812 1301 7);

224 1336 277 1380 et
302 1325 444 1395 apud
470 1326 768 1395 apostolum
793 1323 1051 1380 Joannem
1077 1364 1092 1390 ,
1128 1323 1228 1390 Qui
1253 1322 1476 1388 loquitur
1502 1321 1816 1375 mendacium

226 1434 327 1471 non
351 1427 424 1472 est
448 1434 511 1472 ea:
541 1416 650 1471 Deo
676 1415 845 1487 (Joan.
864 1415 918 1471 8.
954 1412 1072 1487 ι4);
1101 1424 1154 1470 et
1171 1430 1355 1470 rursus
1378 1414 1516 1484 apud
1540 1414 1810 1476 Davidem.

228 1506 482 1574 Quoniam
526 1509 826 1560 obstructum
869 1515 941 1560 est
971 1522 1025 1560 os
1055 1506 1363 1577 loquentium
1403 1505 1578 1576 iniqua
1621 1503 1810 1577 (I’sal.

221 1596 309 1654 δε.
344 1599 474 1668 12).
511 1599 716 1654 Revera
755 1598 896 1654 enim
941 1597 1120 1667 inique
1162 1599 1268 1666 agit
1295 1598 1385 1667 qui
1415 1596 1547 1652 fallit
1581 1612 1702 1653 eum
1729 1598 1812 1652 cui

221 1690 539 1760 persuadet;
567 1700 621 1744 ct
648 1691 732 1760 qui
758 1689 930 1744 credit
957 1690 1254 1754 mentienti,
1289 1689 1446 1743 etiam
1480 1690 1658 1758 inique
1683 1692 1808 1758 agit,

219 1780 348 1835 dtuu
369 1781 520 1836 facile
535 1780 719 1836 credit.
739 1779 872 1834 Cum
900 1781 1057 1851 igitur
1071 1781 1350 1850 aequaliter
1368 1790 1587 1850 uterque
1605 1789 1808 1850 peccet,

221 1883 411 1929 uenter
437 1883 678 1928 nostrum
721 1873 914 1943 injuria
942 1871 1142 1927 afficiat
1183 1873 1504 1942 proximum.
1535 1873 1628 1926 Est
1670 1871 1812 1927 enim

221 1965 332 2020 lucc
377 1966 548 2020 virtus
572 2007 585 2030 ,
618 1965 845 2020 dicentis
893 1963 1107 2035 quidem
1143 1979 1266 2020 vera
1312 1963 1494 2035 loqui,
1527 1965 1642 2034 ejus
1687 1979 1814 2020 vero

219 2059 307 2126 qui
353 2057 538 2124 audit,
590 2056 769 2126 iniqua
818 2056 1128 2126 dijudicare.
1181 2055 1368 2110 Estote
1415 2055 1595 2120 enim,
1645 2055 1812 2125 inquit

220 2149 513 2220 Scriptura,
539 2150 688 2220 probi
710 2149 999 2217 trapezitae,
1020 2148 1206 2203 falsum
1225 2163 1254 2202 a
1278 2147 1443 2218 probo
1473 2148 1770 2216 rejicientes
1795 2163 1808 2200 :

220 2255 328 2296 non
375 2252 432 2294 ut
463 2239 650 2295 tinnitu
679 2241 1020 2310 explorantes
1045 2241 1276 2294 sonitum
1321 2241 1644 2308 accipiamus
1669 2279 1684 2304 ,
1716 2239 1810 2294 sed

217 2333 363 2387 utin
394 2332 486 2386 Dei
532 2334 718 2387 timore
763 2348 885 2388 cum
916 2342 1059 2388 recta
1086 2333 1412 2388 conscientia
1454 2333 1630 2386 omnia
1673 2334 1810 2388 dicta

220 2433 314 2477 aut
331 2424 524 2492 scripta
546 2424 920 2493 ponderantes,
941 2441 1120 2480 rerum
1139 2424 1418 2479 veritatem
1437 2425 1808 2494 suscipiamus.

218 2514 444 2568 Aurinm
470 2523 520 2568 et
549 2514 738 2585 lingua:
762 2531 1012 2585 magnum
1043 2515 1341 2584 periculum
1368 2525 1452 2571 est
1483 2533 1496 2567 :
1530 2515 1650 2571 ideo
1677 2517 1814 2586 opti-

217 2620 339 2660 mus
385 2621 566 2660 rerum
613 2607 804 2662 artifex
857 2608 995 2662 Deus
1041 2607 1271 2677 linguam
1320 2621 1350 2660 a
1397 2606 1607 2662 duobus
1653 2607 1813 2662 labris

220 2695 444 2750 interius
469 2697 576 2751 fixo
599 2696 834 2752 dentium
863 2707 1015 2768 septo
1037 2696 1295 2754 custodiri
1319 2699 1524 2763 statuit,
1558 2707 1614 2753 ut
1643 2710 1811 2754 tutum

221 2786 348 2840 illud
379 2787 686 2856 praesidium
718 2788 834 2857 ejus
860 2787 1164 2844 facilitatem
1195 2798 1486 2853 coerceret.
1516 2789 1811 2845 secundant

222 2879 272 2933 id
298 2879 438 2949 quod
466 2880 724 2950 scriptum
754 2890 838 2936 est
871 2898 883 2933 :
915 2880 1060 2934 Pone
1084 2921 1100 2946 ,
1131 2880 1348 2935 Domine
1370 2922 1385 2946 ,
1429 2882 1711 2937 custodiam
1735 2884 1813 2937 ori

217 2987 325 3024 meo
347 3010 365 3036 ,
391 2981 439 3023 et
466 2971 653 3025 ostium
688 2971 982 3025 munitionis
1007 2973 1140 3025 circa
1167 2972 1300 3025 labia
1328 2989 1440 3026 mea
1465 2973 1482 3043 (
1510 2971 1655 3027 Psal.
1692 2973 1809 3029 140.

217 3063 290 3131 3)
319 3104 334 3125 ,
392 3073 452 3117 ut
489 3080 596 3116 non
626 3063 932 3133 delinquam
965 3064 1018 3118 in
1061 3063 1236 3134 lingua
1268 3079 1406 3120 mea.
1437 3066 1656 3120 Aurium
1685 3082 1812 3121 vero

188 3137 461 3207 foramen
495 3153 732 3208 ﬂexuoso
757 3155 1007 3220 tornavit,
1039 3153 1203 3224 figura
1231 3154 1343 3224 ipsa
1372 3154 1676 3224 significans
1707 3170 1812 3210 non

215 3245 321 3297 cito
369 3243 761 3298 admittendum
812 3257 934 3299 esse
979 3259 1326 3312 sermonem,
1359 3255 1416 3301 nt
1459 3245 1586 3301 dum
1618 3247 1814 3303 diutius

218 3334 488 3399 volvitur,
538 3333 801 3389 mendacii
848 3336 1124 3390 materiam
1156 3351 1276 3390 cum
1323 3337 1538 3392 malitia:
1568 3339 1814 3394 sordibus

217 3425 405 3480 leviter
437 3426 736 3480 insinuatus
780 3425 847 3480 ad
883 3427 1092 3480 aurium
1121 3426 1322 3482 aditum
1368 3428 1649 3498 relinquat.
1696 3429 1810 3485 Non

212 3515 387 3570 solum
435 3525 616 3568 autem
664 3514 850 3570 horum
899 3517 1377 3571 instrumentorum
1418 3532 1599 3572 curam
1632 3518 1815 3573 habuit

219 3605 378 3672 Deus,
413 3607 567 3675 quasi
601 3605 713 3661 sola
746 3615 1046 3676 peccarcnt,
1079 3607 1173 3662 sed
1201 3617 1253 3663 et
1295 3607 1566 3661 oculorum
1603 3609 1815 3677 pupillis

219 3697 379 3753 veluti
432 3697 683 3751 fenestris
733 3697 996 3752 velamina
1043 3699 1328 3768 apposuit,
1360 3714 1428 3753 ne
1475 3697 1815 3768 impudicitia:

217 3795 452 3840 mortem
479 3786 762 3842 admittant
785 3829 800 3850 ,
833 3802 990 3856 quam
1031 3788 1289 3858 propheta
1333 3797 1555 3843 testatur
1583 3789 1766 3844 dicens
1799 3808 1811 3844 :

220 3875 370 3929 Mors
411 3878 638 3930 ascendit
662 3894 754 3942 per
780 3877 1025 3946 fenestras
1054 3877 1198 3950 (Jer.
1231 3879 1285 3934 9.
1316 3879 1443 3951 21).
1479 3881 1627 3936 Duc.
1653 3882 1706 3937 Si
1748 3883 1816 3938 de

216 3967 421 4036 vulgari
473 3982 536 4021 ac
583 3967 712 4021 levis
760 3969 1014 4022 momenti
1059 3970 1272 4040 negotio
1319 3969 1592 4040 inquisitio
1632 3981 1811 4037 esset,

215 4059 588 4113 sacratissime
623 4054 815 4124 Pater,
860 4058 1129 4114 sufficeret
1169 4059 1452 4128 adspectus
1496 4062 1569 4115 ttti
1609 4065 1817 4131 species

216 4149 282 4203 ad
315 4149 620 4204 faciendam
668 4150 844 4204 verbis
891 4153 994 4205 tuis
1036 4150 1196 4207 fidem
1230 4164 1244 4204 :
1277 4152 1370 4206 sed
1399 4154 1651 4223 quoniam
1692 4171 1814 4210 eum

218 4239 284 4296 de
313 4241 542 4295 veritate
587 4241 904 4310 inquiritur,
941 4258 1043 4298 non
1091 4243 1368 4299 minimam
1416 4260 1559 4301 nunc
1601 4247 1815 4316 quidem

219 4331 695 4400 reprehensionem
725 4331 900 4400 affert,
931 4344 1112 4403 postea
1142 4350 1269 4390 vero
1293 4335 1816 4403 condemnationem,

222 4424 599 4478 assistentibus
613 4424 770 4480 simul
792 4425 1116 4496 principibus
1133 4435 1182 4481 et
1217 4428 1427 4498 papulis
1443 4436 1566 4482 ante
1585 4437 1820 4484 tremen-

222 4514 347 4569 dum
375 4517 611 4572 tribunal
644 4534 658 4569 :
691 4517 905 4588 ignosce
949 4519 1076 4573 mihi
1103 4562 1115 4583 ,
1147 4520 1349 4590 optime
1373 4561 1388 4584 ,
1421 4535 1519 4574 nec
1549 4519 1676 4575 mihi
1723 4537 1818 4575 ca-

223 4624 321 4664 nos
345 4611 568 4682 capillos
593 4618 758 4665 testes
784 4609 965 4680 profer
997 4629 1010 4664 :
1045 4623 1340 4666 senuerunt
1364 4612 1506 4666 enim
1534 4613 1693 4667 etiam
1723 4614 1821 4668 im-

186 4767 190 4772 _
224 4699 373 4770 probi
413 4701 507 4770 qui
556 4716 664 4756 non
707 4701 942 4756 animam
972 4702 1254 4757 virtutibus
1297 4718 1484 4759 canam
1536 4703 1815 4770 fecerunt,

219 4790 314 4845 sed
343 4805 574 4860 corpora
615 4793 876 4862 temporis
902 4792 1252 4849 diuturnitate
1293 4795 1440 4865 rugis
1484 4805 1770 4850 exararunt
1801 4813 1813 4848 :

221 4883 414 4951 quales
464 4891 614 4936 erant
659 4884 711 4938 in
757 4882 1028 4955 Babylone
1077 4885 1192 4938 filiai
1238 4900 1433 4950 senes,
1478 4895 1532 4940 et
1575 4887 1626 4940 in
1663 4886 1819 4942 Jere-

223 4974 326 5026 mia
365 4971 618 5040 Ephraitu
641 5015 658 5040 ,
686 4973 752 5029 de
779 4990 886 5046 quo
915 4975 1247 5044 exprobrans
1273 4976 1545 5046 Scriptura
1575 4977 1770 5031 clamat
1801 4993 1816 5030 :

223 5059 479 5132 Ephrnim
525 5065 754 5120 columba
792 5067 1060 5138 insipiens,
1092 5083 1192 5121 non
1231 5067 1416 5120 habens
1455 5083 1582 5122 cor:
1614 5069 1820 5122 canities

221 5153 321 5214 ipsi
345 5153 568 5222 advertit,
602 5154 710 5225 ipse
745 5172 860 5210 vero
899 5172 1000 5210 non
1043 5157 1272 5227 cognovit
1317 5155 1471 5227 (Osee
1511 5159 1561 5212 7.
1602 5159 1684 5213 ll.
1734 5159 1815 5230 9).

226 5242 423 5300 lterum
450 5259 579 5301 vero
601 5247 846 5318 asperius
871 5247 1039 5303 dixit:
1069 5246 1260 5304 Factus
1282 5257 1354 5302 est
1387 5248 1632 5317 Epitraim
1671 5254 1820 5322 panis

225 5336 610 5402 subcinericius,
654 5340 740 5408 qui
768 5355 869 5392 non
891 5341 1220 5408 conuertitur,
1249 5349 1295 5395 et
1317 5340 1472 5396 alieni
1496 5345 1818 5398 comederunt

225 5424 377 5480 robur
403 5431 516 5498 ejus
532 5426 702 5500 (Ibid.
724 5445 776 5484 ν.
799 5429 854 5485 8.
871 5429 954 5496 9).
984 5429 1114 5486 Illud
1142 5446 1354 5503 quoque
1371 5431 1586 5501 addam,
1609 5434 1817 5490 etiamsi

225 5531 404 5574 sermo
435 5519 528 5576 ttat
564 5521 812 5594 longior:
851 5522 971 5593 quis
997 5524 1168 5594 magis
1205 5538 1394 5591 canus,
1436 5535 1530 5580 aut
1556 5525 1674 5596 quis
1702 5527 1817 5582 visu

227 5611 524 5668 modestior
549 5613 742 5668 Acacio
761 5611 1058 5688 Berteeusi,
1085 5629 1244 5688 quem
1267 5629 1363 5674 vos
1387 5632 1529 5674 nuuc
1552 5620 1816 5676 accusatis

1929 327 1984 372 ut
2010 317 2286 373 seditionis
2316 329 2608 384 auctorem,
2631 329 2683 374 et
2707 319 2888 376 delicti
2916 323 3308 378 eontmducem
3329 325 3526 394 quires

1927 423 2090 462 novas
2121 409 2456 464 excitarunt?
2498 411 2648 481 cujus
2686 412 2767 466 vel
2809 429 2970 469 nares
3016 416 3144 483 ipsa:
3173 431 3336 471 canos
3367 418 3523 474 habe-

1925 499 2051 554 bant
2077 501 2211 569 pilos
2241 501 2598 570 longissimos,
2631 518 2751 556 cum
2791 503 3010 557 Romam
3037 506 3182 560 venit
3220 507 3396 563 ferens
3423 524 3515 564 or-

1924 590 2212 647 dinationis
2257 592 2480 648 Joannis
2521 593 2756 664 episcopi
2799 595 3090 650 decretum.
3149 598 3325 653 Ertsc.
3369 600 3521 657 Nunc

1924 681 2068 738 clare
2099 684 2220 737 novi
2247 693 2296 738 te
2323 685 2546 752 probum
2574 699 2695 739 esse
2724 687 3049 754 trapezitam,
3085 689 3172 757 qui
3205 705 3309 742 non
3331 689 3522 746 cra-das

1928 774 2153 844 pelliceo
2189 775 2554 842 tabernaculo,
2579 776 2674 831 sed
2701 776 2979 832 scientiam
3005 779 3124 848 ejus
3143 781 3231 850 qui
3261 780 3520 836 inhabitat

1926 866 2181 938 inquiras.
2236 867 2447 922 Etenim
2473 877 2528 921 et
2552 866 2928 938 Egyptiorutn
2957 870 3151 938 templa
3189 872 3517 942 amplissima

1923 972 2042 1010 cum
2074 959 2198 1021 sint,
2231 971 2285 1013 et
2316 959 2549 1029 lapidum
2586 960 2765 1030 specie
2795 975 2854 1015 se
2879 962 3104 1030 jactent,
3147 963 3293 1018 intus
3336 965 3523 1019 simias

1926 1047 2122 1102 habent
2154 1059 2208 1103 et
2251 1049 2362 1104 ibes
2399 1060 2453 1105 et
2487 1065 2646 1104 canes
2673 1066 2770 1120 pro
2799 1051 2921 1106 diis.
2966 1051 3233 1109 Cancrum
3265 1056 3522 1111 Dominus

1922 1149 2105 1193 noster
2163 1149 2218 1194 et
2271 1141 2407 1194 Deus
2461 1140 2684 1210 loquens
2747 1141 2982 1198 Samueli
3027 1143 3095 1199 de
3142 1145 3522 1202 constituendo

1923 1227 2058 1284 duce
2106 1230 2340 1298 lsraelis,
2389 1231 2632 1300 prtecipit
2685 1248 2752 1288 ne
2819 1234 3124 1290 consideret
3183 1236 3421 1292 habitum
3463 1249 3519 1292 et

1923 1316 2232 1388 figmentum
2277 1321 2402 1376 lutei
2449 1323 2719 1389 Corporis,
2761 1324 2946 1378 dicens
2981 1341 2994 1377 :
3041 1323 3161 1380 Non
3199 1326 3330 1381 sicut
3366 1329 3519 1382 homo

1921 1409 2100 1464 videbit
2128 1410 2266 1465 Deus
2293 1428 2312 1466 :
2339 1413 2488 1466 homo
2519 1415 2651 1467 enim
2678 1416 2729 1468 in
2765 1417 2967 1486 facient,
2996 1415 3131 1472 Deus
3152 1429 3323 1474 autent
3350 1421 3402 1474 in
3431 1438 3519 1474 cor

1921 1499 1988 1571 (ll
2018 1500 2146 1573 Reg.
2196 1504 2282 1557 16.
2336 1505 2412 1573 7).
2458 1507 2635 1572 Quare
2685 1507 2774 1576 qui
2824 1508 2877 1561 in
2933 1509 3083 1563 omni
3137 1526 3195 1565 re
3245 1512 3520 1568 imitantur

1922 1593 2110 1657 Deum,
2142 1596 2398 1650 interiora
2432 1608 2859 1665 perserutautnr.
2891 1599 3042 1656 Unde
3065 1619 3148 1656 me
3175 1603 3265 1658 tibi
3293 1605 3521 1660 libenter

1919 1688 2190 1755 permitto,
2233 1689 2320 1756 qui
2352 1689 2606 1742 trutinam
2639 1699 2782 1744 tuam
2815 1692 2865 1745 in
2911 1701 3159 1748 neutram
3198 1705 3405 1763 partem
3439 1697 3519 1748 in-

1919 1777 2116 1831 clinare
2140 1779 2551 1847 exploraverim.
2601 1778 2878 1850 Babylonii
2907 1797 3058 1845 vero,
3105 1798 3264 1839 senes
3295 1787 3513 1854 quidem

1919 1881 2164 1938 corpore,
2181 1868 2358 1922 animo
2382 1879 2560 1924 autem
2579 1870 2649 1925 ob
2663 1879 2930 1941 stuporem
2954 1873 3240 1928 admodum
3258 1875 3510 1939 infantes,

1917 1960 1962 2014 si
1981 1969 2312 2016 mortuormn
2337 1963 2715 2018 resurrectioni
2733 1962 3112 2030 credidissent,
3133 1966 3278 2033 prius
3293 1967 3510 2035 quidem

1920 2049 2230 2107 habuissent
2273 2067 2457 2107 sanam
2487 2053 2828 2123 sapientiam,
2871 2069 2972 2109 nec
3011 2053 3372 2123 deperiissent
3409 2058 3513 2110 Su-

1918 2157 2137 2198 sannam
2191 2145 2413 2200 alterius
2447 2160 2716 2200 uxorem:
2752 2145 2980 2211 deinde,
3030 2146 3076 2202 si
3122 2147 3212 2202 Dei
3265 2147 3512 2202 timorem

1919 2236 2262 2300 habuissent,
2311 2235 2660 2307 impudicitia:
2714 2253 2828 2294 sua:
2867 2253 3153 2309 numquam
3192 2240 3512 2294 calumniam

1917 2326 2302 2397 adjunxissent.
2337 2327 2572 2384 Infamia:
2602 2329 2654 2383 in
2683 2343 2812 2385 sene
2843 2328 3100 2384 indicium
3133 2338 3231 2396 est,
3266 2331 3516 2399 juvenilis

1919 2417 2102 2472 forma)
2129 2419 2424 2489 corruptio.

1988 2508 2116 2564 Car.
2135 2525 2185 2562 v.
2203 2539 2273 2550 --
2287 2510 2522 2565 Joannes
2540 2510 2626 2566 ille
2642 2526 2840 2582 genere
2850 2511 3067 2581 quidem
3085 2523 3200 2568 erat
3217 2515 3513 2569 Antioche-

1919 2616 2019 2654 utts
2052 2599 2316 2672 (mortuus
2342 2602 2483 2656 enim
2512 2602 2639 2673 est),
2671 2612 2826 2656 natus
2849 2617 2882 2658 θ
2903 2604 3232 2672 parentibus,
3251 2606 3338 2675 qui
3360 2607 3514 2660 nobi-

1919 2692 2040 2748 liter
2056 2693 2306 2748 vixerunt
2323 2693 2374 2746 in
2393 2693 2569 2747 officio
2586 2693 2822 2763 magistri
2846 2695 3072 2749 militum
3093 2695 3284 2767 Syriae,
3303 2697 3440 2768 patri
3462 2699 3513 2752 in

1918 2784 2088 2839 lucem
2112 2784 2288 2839 editus
2327 2793 2450 2854 post
2469 2797 2734 2839 sororem.
2767 2783 2900 2839 Cum
2926 2796 3106 2840 autem
3131 2795 3276 2843 esset
3303 2789 3515 2857 ingenio

1915 2873 2218 2939 solertiori,
2250 2889 2372 2930 sese
2396 2875 2450 2929 in
2495 2874 2770 2930 literarum
2801 2875 2980 2930 studio
3025 2879 3273 2932 exercuit
3321 2879 3387 2932 ad
3418 2895 3510 2933 sa-

1917 2981 2131 3022 crarum
2187 2965 2589 3036 Scripturarum
2639 2967 3018 3023 ministerium.
3050 2967 3186 3024 lline
3230 2968 3414 3025 decem
3459 2980 3513 3024 ιιι

1917 3069 2039 3113 octo
2065 3072 2235 3113 annos
2263 3066 2449 3123 natus,
2496 3072 2528 3112 a
2568 3057 2844 3128 sophistis,
2877 3059 2966 3129 qui
2996 3061 3214 3116 voculas
3253 3071 3513 3132 captant,

1917 3149 2141 3205 descivit
2173 3168 2187 3204 :
2217 3150 2305 3206 ubi
2356 3165 2485 3204 vero
2531 3159 2710 3204 mente
2741 3151 2876 3205 virili
2911 3150 3045 3215 fuit,
3093 3167 3279 3209 amore
3322 3163 3512 3224 captus

1923 3247 2008 3294 est
2045 3254 2318 3295 sacrarmn
2356 3238 2678 3296 Literarum.
2706 3240 2940 3296 Praeerat
2967 3250 3092 3297 tunc
3121 3243 3378 3312 temporis
3401 3246 3500 3296 An-

1919 3328 2181 3386 tiochena:
2210 3331 2463 3386 Ecclesia:
2490 3332 2677 3387 beatus
2700 3332 2944 3387 Meletius
2969 3332 3276 3395 Confessor,
3308 3350 3507 3403 genere

1925 3421 2218 3475 Armenius
2253 3439 2266 3475 :
2298 3421 2388 3490 qni
2418 3422 3080 3491 animadvertensjuvenis
3103 3424 3246 3478 illius
3277 3424 3402 3479 felix
3429 3426 3510 3478 iu-

1917 3513 2132 3583 gcnium
2153 3553 2165 3573 ,
2201 3523 2254 3566 et
2285 3513 2684 3582 pulchritudine
2716 3515 2910 3567 mentis
2959 3515 3101 3568 illius
3141 3525 3358 3584 eapttts,
3389 3533 3513 3584 pcr-

1920 3602 2168 3657 tnittebat
2197 3603 2246 3657 ei
2278 3613 2336 3657 ut
2367 3619 2550 3658 secum
2580 3603 2794 3658 assidue
2821 3616 3147 3672 versaretur,
3180 3606 3379 3661 lumine
3401 3622 3513 3675 pro-

1919 3692 2138 3764 phetico
2167 3695 2466 3762 praevidens
2488 3694 2700 3765 juvenis
2733 3696 2873 3750 illius
2902 3713 3233 3752 successum.
3265 3697 3396 3753 Cum
3420 3715 3511 3753 ve»

1921 3800 1984 3839 ro
2013 3793 2122 3839 tres
2146 3799 2316 3840 annos
2337 3785 2551 3841 assidue
2578 3786 2716 3855 apud
2748 3802 2869 3840 eum
2899 3788 3186 3844 mansisset
3207 3831 3222 3852 ,
3251 3803 3408 3843 sacro
3440 3794 3509 3843 la-

1923 3890 2084 3930 vacro
2116 3875 2185 3930 ab
2213 3876 2404 3931 eodem
2431 3876 2668 3932 initiatus
2692 3919 2706 3944 ,
2739 3879 2906 3933 lector
2935 3890 3297 3948 promovetur.
3318 3879 3507 3935 Verum

1921 3967 2231 4038 impellente
2256 3983 2378 4023 eum
2406 3969 2590 4022 animo
2615 4011 2628 4032 ,
2659 3981 2713 4022 ut
2741 3979 3025 4025 contentus
3047 3986 3151 4024 non
3177 3978 3295 4026 erat
3315 3971 3507 4026 civita-

1923 4062 1989 4115 tis
2034 4061 2346 4128 lahoribns,
2395 4062 2446 4115 in
2491 4063 2686 4116 ardore
2727 4062 3058 4130 juventutis,
3105 4064 3314 4119 tametsi
3357 4078 3506 4118 meus

1920 4167 2049 4206 sana
2075 4163 2219 4208 esset
2248 4195 2263 4219 ,
2294 4153 2360 4208 ad
2395 4153 2599 4208 vicinos
2632 4163 2840 4210 montes
2865 4154 2996 4209 adit.
3029 4155 3123 4210 llic
3161 4171 3281 4211 eum
3318 4157 3370 4210 in
3401 4157 3502 4226 Sy-

1929 4259 2047 4298 rum
2098 4244 2384 4314 quemdam
2438 4245 2713 4300 incidisset
2770 4245 3124 4301 severissima:
3167 4246 3506 4302 continentia

1921 4349 2105 4389 senem
2135 4377 2150 4400 ,
2197 4333 2412 4390 duriora
2447 4336 2569 4390 vitm
2617 4335 2734 4406 ejus
2786 4337 3026 4391 instituta
3071 4337 3309 4393 imitatur
3353 4353 3508 4392 amns

1922 4434 2170 4496 quatuor,
2219 4441 2355 4495 quos
2399 4427 2541 4498 apud
2592 4428 2762 4496 ipsum
2790 4467 2806 4493 ,
2857 4427 3065 4482 luctans
3103 4443 3226 4482 cum
3268 4429 3506 4498 volupta-

1925 4526 2035 4572 tum
2065 4519 2346 4583 cautibus,
2399 4519 2614 4589 exegit:
2645 4533 2778 4588 quas
2819 4518 2908 4573 ubi
2962 4518 3206 4584 facilius.
3252 4537 3361 4578 non
3404 4533 3510 4578 tant

1924 4609 2104 4664 labore
2131 4625 2291 4679 quam
2323 4611 2544 4671 ratione,
2575 4609 2883 4678 superavit,
2917 4620 3026 4664 tum
3055 4613 3282 4668 secessit
3309 4616 3362 4668 in
3385 4627 3507 4683 spe-

1924 4699 2135 4756 luncam
2162 4701 2308 4756 solus
2330 4742 2348 4768 ,
2374 4701 2694 4757 delitescere
2714 4704 2956 4770 cupiens.
2985 4702 3097 4758 Illic
3139 4720 3310 4761 annos
3341 4724 3488 4762 mora

1925 4801 2010 4848 tus
2036 4803 2119 4848 est
2143 4793 2279 4847 duos
2301 4834 2316 4857 ,
2339 4793 2533 4864 quibus
2563 4793 2822 4849 insomnis
2848 4801 2904 4848 ut
2933 4794 3215 4863 plurimum
3246 4799 3513 4866 perstitit,

1923 4881 2122 4938 Christi
2176 4893 2590 4948 testamentum,
2636 4899 2745 4953 quo
2788 4885 3140 4953 ignorantiam
3186 4889 3512 4959 expelleret,

1924 4974 2228 5031 addiscens.
2271 4973 2403 5031 Cum
2454 4984 2566 5030 toto
2602 4975 2694 5030 illo
2729 4975 2944 5031 biennio
2991 4993 3090 5034 nec
3123 4979 3388 5044 interdiu,
3419 4993 3516 5033 nec

1925 5077 2084 5123 noctu
2106 5067 2448 5122 decubuisset
2481 5083 2493 5120 :
2525 5067 2765 5139 proxima
2791 5068 2961 5122 ventri
2993 5069 3040 5123 ei
3072 5079 3194 5124 sunt
3229 5079 3468 5126 emortua
3497 5110 3512 5129 ,

1925 5159 2334 5228 lumborumque
2359 5158 2500 5213 vires
2531 5174 2640 5228 prae
2684 5157 2880 5230 frigore
2910 5159 3221 5230 proﬂigata.
3255 5158 3386 5212 Cum
3418 5172 3484 5209 an

1926 5259 2032 5306 tem
2052 5249 2156 5306 sibi
2177 5263 2334 5318 opem
2356 5248 2495 5305 ferre
2516 5266 2620 5304 non
2645 5259 2822 5320 posset
2843 5289 2859 5313 ,
2883 5264 3070 5305 rursus
3096 5247 3510 5305 ecclesiasticam:

1925 5352 2136 5414 portum
2192 5342 2564 5415 apprehendit.
2611 5345 2786 5414 Atque
2833 5342 2883 5400 id
2927 5342 3123 5398 divina:
3167 5338 3513 5409 providentia:

1924 5451 2058 5506 opus
2089 5435 2221 5503 fuit,
2251 5452 2370 5507 qua
2398 5437 2464 5492 ad
2488 5436 2765 5491 utilitatem
2803 5434 3058 5490 Ecclesia:
3087 5445 3208 5486 eum
3239 5444 3335 5501 per
3363 5429 3482 5484 infir
3503 5459 3525 5467 —

1925 5530 2168 5586 mitatem
2213 5545 2243 5583 a
2305 5529 2616 5585 monastieze
2665 5527 2789 5580 vita:
2836 5523 3111 5579 laboribus
3158 5522 3384 5578 retraxit
3412 5537 3426 5572 :
3457 5531 3512 5574 ut

1926 5625 2246 5682 necessitate
2268 5624 2552 5680 impeditos
2571 5659 2587 5685 .
2625 5635 2654 5674 a
2682 5615 2948 5686 speluncis
2981 5615 3320 5673 avelleretur.
3350 5615 3475 5671 lude
3503 5653 3516 5674 .
