2758 4350
331 251 371 287 ιθ
1191 243 1338 280 ΡΜᾸΑ
1347 243 1405 281 Dll

1498 242 1666 282 ιιοουε.
2516 243 2558 282 ‘20

329 331 516 373 postquam
532 323 632 359 altari
651 329 765 357 annos
782 320 944 368 quinque
964 320 1208 358 ministrasset
1227 348 1236 364 ,
1257 330 1275 356 a
1297 319 1411 358 Mele-

330 390 378 424 tio
396 387 568 423 diaconus
589 381 791 419 ordinatur.
825 381 1007 419 Czeterum
1027 411 1036 428 ,
1069 392 1152 418 cum
1181 381 1262 430 ejus
1280 381 1324 418 ad
1345 381 1414 419 do-

327 448 479 486 eeoduui
501 444 651 481 facultas
679 443 754 491 jam
791 444 1075 488 inclaresceret,
1111 451 1148 482 et
1178 445 1332 492 populus
1367 454 1414 482 ex

329 509 448 545 szucttii
469 506 716 544 amaritudine
741 507 973 544 dulcesceret
994 507 1074 554 ejus
1103 508 1382 544 conversatione
1405 518 1414 543 :

326 582 345 607 ει
377 570 548 606 Flaviano
581 569 752 617 episeopo
785 570 977 618 presbyter
1014 569 1220 610 ordinatur.
1253 570 1418 618 Cumque

326 632 520 669 duodecim
549 642 664 669 annos
693 631 727 668 in
759 632 922 670 Ecclesia
967 632 1171 670 Antiochire
1196 632 1416 674 eﬁ‘ulsisset,

327 703 452 731 exacta
467 695 548 731 vitm
563 704 687 731 norma
701 694 838 731 elerum
853 694 1137 732 Antiochensem
1154 695 1330 731 illustrat:
1354 693 1420 732 hos

329 758 516 805 Sapientia:
534 759 609 795 Sale
627 758 820 803 condiens,
834 758 901 795 hos
915 759 1078 796 doctrina
1096 759 1320 800 illuminans.
1337 758 1420 795 illos

333 822 490 868 Spiritus
511 822 626 858 sancti
642 821 810 858 laticibus
826 822 995 870 irrigans.
1015 822 1105 858 Dum
1123 822 1201 858 lucc
1219 821 1264 858 ad
1286 820 1420 858 Christi

335 884 495 920 ﬁdelium
516 883 816 931 gubernationem
837 885 973 931 optime
993 885 1046 922 sic
1070 884 1290 929 succedunt,
1311 884 1422 920 mori—

336 954 394 984 tur
413 947 540 984 bcatus
559 947 748 984 Nectarius
765 976 774 991 ,
798 948 990 994 episcopus
1007 946 1422 994 Constantinopolitanze

336 1009 525 1045 Ecclesize.
547 1008 651 1046 Tunc
672 1015 893 1045 concurrunt
925 1009 1070 1056 quidam
1091 1010 1151 1056 qui
1187 1019 1257 1045 non
1279 1019 1422 1056 quer-

335 1071 488 1113 bantur,
505 1071 706 1107 ambientes
723 1070 972 1117 episcopatum
987 1100 996 1115 ,
1019 1072 1084 1107 viri
1105 1071 1251 1118 quidam
1273 1070 1422 1108 minime

341 1133 433 1177 viri,
455 1133 659 1181 presbyteri
682 1133 828 1178 quidem
853 1132 1042 1181 dignitate,
1064 1135 1126 1170 sed
1145 1133 1349 1170 sacerdotio
1369 1135 1424 1170 in-

334 1196 432 1243 digni
457 1196 536 1232 :alii
556 1197 766 1244 przetorium
790 1197 980 1244 fatigautes
998 1226 1007 1241 ,
1037 1197 1097 1233 alii
1130 1197 1236 1233 donis
1259 1207 1422 1234 corrum-

339 1265 478 1304 pentes,
493 1259 551 1294 alii
569 1269 654 1294 vero
669 1258 713 1295 ad
731 1259 846 1306 plebis
865 1259 973 1295 etiam
990 1269 1107 1306 genua
1126 1259 1421 1306 procumbentes.

338 1319 455 1366 Super
475 1319 530 1355 his
541 1329 792 1357 commOvetur
806 1320 1093 1358 orthodoxorutn
1113 1321 1282 1369 populus,
1305 1321 1424 1369 Impe-

341 1388 496 1418 ratorem
525 1382 748 1426 sollicitans,
789 1383 982 1421 sacerdotii
1020 1384 1174 1431 peritum
1219 1385 1424 1431 requirens.

336 1444 522 1480 Summam
550 1451 670 1481 autem
698 1456 821 1482 rerum
847 1446 991 1483 tenebat
1008 1447 1204 1494 Eutmpius
1219 1447 1424 1492 eunuchus,

338 1508 554 1554 prrepositus
589 1508 680 1544 sacri
719 1509 892 1545 eubieuli.
935 1508 1027 1546 Cum
1067 1509 1247 1547 Joannem
1282 1517 1427 1558 optaret

337 1580 548 1617 pra-ponere
575 1571 710 1608 civitati
731 1571 838 1620 (ejus
859 1573 955 1609 enim
983 1573 1098 1609 virtus
1126 1580 1209 1610 nota
1227 1573 1260 1610 ei
1293 1573 1424 1618 fuerat,

335 1641 416 1668 cum
432 1632 812 1681 lmperatorisnegotia
826 1635 941 1681 ipsum
955 1634 999 1671 ad
1018 1635 1229 1672 interiorem
1246 1636 1425 1674 orientem

336 1693 569 1732 aliduvissent
585 1695 596 1740 )
615 1723 624 1738 ,
646 1695 758 1733 efficit
781 1697 859 1745 ipse
877 1705 916 1734 ut
935 1697 1136 1745 Imperator
1151 1699 1276 1736 literas
1291 1699 1427 1736 scribat

336 1757 380 1793 ad
409 1759 577 1796 comitem
598 1759 778 1806 Orientis,
802 1766 842 1797 ut
865 1761 946 1798 sine
973 1762 1142 1808 strepitu,
1172 1762 1262 1798 nihil
1279 1769 1428 1799 contur-

340 1820 427 1857 bans
457 1822 685 1860 Antiochiam
703 1853 712 1866 ,
735 1823 914 1860 Joannem
937 1825 1135 1862 emitteret.
1160 1825 1191 1862 Is
1210 1825 1332 1862 statim
1367 1836 1428 1863 ac-

339 1884 453 1930 ceptis
486 1885 622 1929 literis,
657 1885 825 1923 hortatur
858 1887 1002 1934 ipsmu,
1036 1893 1073 1923 ιιι
1106 1894 1206 1924 extra
1242 1887 1426 1924 civitatem

343 1955 456 1992 usque
487 1945 533 1982 ad
553 1947 744 1996 Martyria,
771 1951 874 1996 juxta
901 1956 1042 1997 portam
1072 1950 1338 1987 Romanensem
1369 1951 1427 1988 di-

340 2014 451 2050 ctam,
467 2007 571 2045 sistat
591 2020 630 2046 se
651 2022 659 2045 :
680 2017 713 2047 et
735 2011 888 2058 publica:
911 2012 1034 2049 rheda:
1055 2012 1281 2059 impositum,
1309 2024 1426 2050 eunu-

341 2069 410 2106 cho
443 2070 488 2106 ad
532 2071 566 2108 id
603 2072 715 2110 misso
749 2084 832 2111 eum
865 2074 978 2111 milite
1012 2074 1171 2122 Magistri
1209 2075 1333 2112 tradit.
1368 2076 1428 2112 Sic

342 2131 519 2170 adductus
555 2134 747 2172 ordinatur
782 2135 977 2183 episcopus
1011 2137 1426 2184 Constantinopolitanze

342 2194 528 2232 Ecclesize.
550 2196 606 2233 ΔΙ)
633 2196 736 2233 initio
770 2197 879 2245 igitur
895 2197 1134 2246 Theophilus,
1160 2199 1428 2237 Alexandrinus

339 2256 552 2304 cpiscopus,
577 2267 658 2295 cum
683 2258 727 2295 ad
753 2259 836 2306 ejus
850 2259 1114 2298 ordinationem
1136 2262 1314 2306 venisset,
1338 2263 1427 2300 irre-

341 2319 620 2364 preheusihilem
643 2319 722 2366 ejus
751 2320 922 2368 loquendi
943 2321 1146 2359 libertatem
1171 2321 1321 2367 videns,
1350 2323 1427 2371 ejus

343 2380 568 2417 ordinatione
589 2383 818 2420 exanimatus
838 2391 906 2420 cst.
942 2384 1052 2422 Vafer
1070 2385 1166 2422 enim
1187 2391 1242 2423 est
1277 2396 1322 2424 ex
1347 2386 1427 2434 ipso

341 2441 510 2489 adspectu
550 2457 558 2480 :
595 2445 776 2481 occultum
807 2446 902 2482 enim
934 2447 1110 2495 cujusque
1145 2447 1302 2484 hominis
1334 2458 1424 2484 con-

341 2504 460 2542 silium
512 2513 548 2543 et
591 2515 748 2546 mentem
789 2509 1018 2556 dignoscere.
1059 2511 1166 2548 Duc.
1214 2511 1421 2559 Exspecta,

339 2567 473 2614 Pater,
501 2577 541 2606 ut
575 2581 686 2617 pauca
719 2581 915 2618 oppouam.
947 2573 1065 2610 Ense.
1086 2573 1178 2619 Quid
1211 2573 1280 2611 hoc
1303 2580 1424 2612 autem

345 2631 499 2668 tttaxime
513 2633 594 2668 est?
605 2633 706 2669 Duc.
722 2633 758 2670 Si
775 2634 858 2670 talis
871 2642 927 2671 est
941 2635 1179 2683 Theophilus,
1194 2643 1232 2672 ut
1245 2635 1289 2673 ad
1307 2637 1423 2673 solum

345 2692 555 2739 aJSpectum
589 2695 720 2732 mentis
740 2697 817 2733 acie
849 2698 969 2734 omnia
1004 2699 1188 2745 pervident
1213 2712 1222 2735 :
1243 2699 1426 2747 quomodo

346 2754 543 2800 ignoravit,
576 2757 734 2804 expulso
761 2757 925 2803 Joanne,
957 2761 1082 2797 orbem
1118 2762 1327 2798 universum
1346 2772 1364 2797 a
1385 2771 1425 2798 se

345 2818 561 2856 turbandam
595 2821 701 2858 esse?
723 2821 842 2860 Ertsc.
867 2823 942 2860 lloc
963 2824 1168 2862 mirandum
1189 2835 1260 2862 non
1292 2831 1350 2862 est
1366 2853 1375 2868 ,
1404 2836 1425 2861 ‹)

344 2880 491 2924 optime.
527 2883 669 2920 Etenim
695 2884 905 2929 dmmones,
931 2887 991 2934 qui
1009 2887 1205 2924 adventum
1222 2887 1424 2925 Servatoris

345 2939 597 2988 declararunt,
617 2946 830 2992 ignorarunt
845 2957 918 2984 uno
932 2949 1070 2985 Christi
1089 2949 1247 2986 ﬁdelium
1269 2956 1368 2988 statu
1386 2961 1427 2987 se

349 3004 646 3051 :onstringendos
667 3017 766 3043 esse.
786 3007 890 3044 Duc.
916 3009 982 3046 Ubi
1001 3016 1121 3047 autem
1137 3011 1343 3050 Servatoris
1362 3013 1426 3050 ad-

357 3070 494 3102 :entum
513 3065 771 3104 declararunt?
793 3069 916 3106 Ertsc.
940 3071 1030 3108 Cum
1062 3071 1294 3111 clamabant:
1318 3074 1428 3111 Nori-

349 3135 422 3161 mus
436 3133 468 3162 te
482 3155 492 3170 ,
511 3129 571 3171 qui
588 3129 635 3166 sis
650 3157 660 3173 ,
681 3137 820 3168 sanctus
841 3131 904 3168 Dei
925 3145 936 3176 ,'
957 3133 1042 3180 quid
1061 3135 1179 3170 venisti
1194 3142 1274 3171 ante
1293 3142 1426 3184 tempus

355 3196 505 3231 .orquere
520 3200 582 3225 nos
597 3191 739 3236 (Matth.
760 3193 796 3231 8.
817 3193 916 3242 29)?
937 3195 1046 3233 Vides
1062 3202 1100 3233 ut
1133 3202 1219 3234 ante
1243 3199 1428 3236 novissent

357 3254 420 3308 .tnn
449 3249 564 3286 solum
594 3259 758 3290 sanctum
777 3265 860 3293 cum
892 3268 1000 3303 esse,
1032 3259 1095 3296 sed
1116 3260 1224 3297 etiam
1253 3261 1425 3308 judicent.

353 3306 442 3350 Quin
462 3320 549 3346 vero
579 3312 705 3359 loquor
722 3315 767 3352 de
785 3317 1038 3358 daemonibus?
1064 3322 1228 3360 infelices
1255 3306 1428 3360 meretri-

349 3368 441 3404 culre
459 3380 502 3406 ex
523 3373 706 3411 oculorum
727 3383 822 3415 statu
835 3387 955 3420 castos
970 3384 1066 3421 viros
1084 3384 1303 3432 dignoseunt
1316 3413 1326 3429 ,
1343 3394 1425 3420 cos-

351 3440 421 3476 que
438 3440 650 3472 aversantur
673 3449 681 3473 :
703 3445 742 3475 ut
760 3439 922 3480 inﬁrmus
940 3446 1066 3482 oculus
1095 3447 1183 3482 solis
1203 3446 1343 3481 radium
1359 3473 1368 3487 ,
1391 3452 1428 3480 et

351 3493 470 3530 vultur
489 3504 720 3543 unguentum.
746 3502 847 3542 Unde
872 3513 992 3545 autem
1019 3507 1269 3556 peccatoribus
1299 3507 1426 3552 religio

349 3555 608 3596 abominationi
629 3568 684 3598 est
698 3592 708 3608 ,
730 3565 760 3602 si
777 3577 855 3604 eam
883 3579 954 3606 non
972 3555 1147 3607 nossent?
1164 3569 1224 3606 Sic
1244 3575 1280 3605 et
1309 3568 1427 3604 Theo-

349 3616 469 3660 philus
484 3646 494 3663 ,
516 3630 558 3656 es
581 3631 652 3669 quo
671 3624 706 3661 in
726 3626 875 3666 Joannis
892 3631 1065 3678 adspectu
1084 3641 1155 3668 nou
1178 3629 1313 3667 invenit
1330 3628 1426 3676 quod

349 3680 463 3718 oculis
476 3682 552 3719 suis
570 3687 807 3732 responderet
821 3697 883 3728 aut
901 3699 1042 3739 gratum
1063 3698 1178 3736 esset,
1201 3691 1426 3737 conjectum.

350 3750 419 3778 non
445 3751 544 3781 certa
577 3748 726 3787 scientia
753 3754 975 3790 contrarium
1007 3753 1212 3800 suspicatus
1232 3759 1300 3790 est.
1323 3751 1424 3788 Duc.

354 3801 438 3840 Mira
457 3806 578 3846 dixiSti
594 3837 604 3854 ,
624 3811 741 3850 Pater.
767 3813 840 3851 Cur
855 3825 942 3850 vero
963 3814 1164 3850 obsistebat
1188 3814 1267 3860 ejus
1281 3812 1427 3850 ordina-

352 3864 464 3902 tioni!
482 3869 599 3909 Ense.
619 3872 695 3911 Mos
715 3876 783 3922 ipsi
798 3876 880 3912 talis
899 3880 978 3911 erat
991 3903 1001 3916 ,
1021 3881 1060 3910 ut
1077 3874 1191 3910 bonos
1209 3879 1246 3910 et
1259 3873 1428 3911 cordatos

355 3934 423 3960 non
442 3929 623 3969 ordinaret
637 3963 646 3979 ,
664 3937 730 3973 nisi
752 3936 896 3984 quando
917 3946 980 3973 sua
995 3945 1078 3973 eum
1097 3935 1305 3982 conjectura
1323 3934 1427 3971 fefel-

1491 320 1594 358 lisset
1617 333 1626 357 :
1649 321 1818 358 omnibus
1848 320 2028 367 imperare
2054 321 2178 358 volens
2201 328 2239 358 ut
2267 319 2440 368 stupidis,
2458 323 2557 359 satius

1485 382 1653 430 judicans
1695 382 1950 430 insipientibus
1978 383 2180 430 imperare,
2212 394 2317 431 quam
2348 383 2554 431 sapientibus

1491 455 1634 493 parere.
1658 446 1688 482 Α
1708 444 1843 482 salubri
1877 451 1998 482 tamen
2031 445 2261 494 providentia
2291 445 2414 482 volens
2445 446 2558 484 nolens

1490 514 1684 556 superatus
1703 513 1772 545 est.
1796 507 1857 545 Sic
1878 507 2069 546 ordinatus
2090 507 2272 554 Joannes,
2302 518 2420 545 rerum
2448 519 2558 546 curam

1491 571 1721 619 aggreditur,
1760 581 1826 618 per
1858 571 2073 608 rationalem
2110 571 2265 608 fistulam
2302 581 2386 609 oves
2423 571 2559 619 probare

1491 644 1658 671 exorsus.
1682 632 1780 670 Raro
1800 639 1922 670 autem
1941 633 2118 671 adhibens
2137 634 2246 670 etiam
2266 633 2394 680 pedum
2414 634 2560 682 increpa-

1494 695 1624 739 tiones,
1643 695 1798 734 intendit
1815 706 2021 734 sermonem
2051 696 2228 734 adversus
2248 696 2365 734 ﬁctam
2383 697 2558 742 sororiam,

1496 763 1536 795 ut
1555 764 1711 804 vocant,
1733 759 1817 796 vitae
1836 759 2077 803 societatem;
2110 770 2235 796 revera
2264 765 2381 796 autem
2407 759 2561 796 adversus

1494 820 1777 860 inverecundam
1793 827 1831 859 et
1853 821 2054 870 improbam
2068 823 2177 859 vitam
2192 833 2274 859 cum
2289 823 2490 860 mulieribus
2503 823 2560 860 illis

1494 893 1576 930 qua:
1597 882 1766 920 dieurtur
1787 883 2072 921 subintroducta:
2091 913 2101 930 ,
2123 884 2336 928 ostendens,
2361 885 2389 921 si
2405 885 2558 923 malorum

1495 944 1603 983 detur
1616 945 1730 992 optio,
1743 945 1915 983 meliores
1928 946 2008 983 istis
2019 947 2169 984 lenones
2181 956 2278 984 esse.
2295 945 2347 982 llli
2361 946 2451 983 enim
2465 946 2554 994 longe

1495 1019 1514 1044 a
1545 1007 1770 1046 medicorum
1795 1008 1941 1046 ofﬁcina
1971 1008 2201 1054 habitantes,
2232 1008 2326 1056 apud
2343 1019 2382 1046 se
2411 1009 2554 1046 morbum

1496 1068 1654 1114 habent,
1685 1069 1750 1106 sed
1779 1069 1986 1106 volentibus
2007 1081 2016 1105 :
2037 1069 2072 1106 hi
2091 1076 2214 1106 autem
2237 1069 2272 1106 in
2294 1070 2416 1107 salutis
2433 1069 2556 1106 ofﬁcina

1497 1131 1703 1168 habitantes
1716 1160 1725 1175 ,
1744 1131 1854 1168 etiam
1890 1141 1998 1168 sanos
2017 1131 2210 1179 impellunt
2229 1131 2273 1168 ad
2297 1131 2466 1168 morbum.
2486 1130 2560 1168 Inde

1497 1205 1581 1242 pars
1601 1194 1712 1240 cleri,
1736 1195 1886 1232 minime
1906 1194 2090 1243 religiosa,
2109 1205 2261 1243 quzeque
2288 1196 2410 1233 morbo
2433 1195 2486 1232 illo
2511 1201 2557 1231 tc-

1498 1257 1676 1300 nebatur,
1711 1263 1894 1294 commota
1930 1263 2000 1295 est.
2043 1258 2131 1294 Post
2163 1257 2340 1305 ejusmodi
2373 1266 2557 1295 sermonem

1497 1319 1706 1367 aggreditur
1736 1319 1948 1368 injustitiam
1964 1349 1975 1365 ,
1995 1320 2189 1358 destruens
2215 1321 2389 1358 malorum
2418 1319 2557 1356 omnium

1499 1382 1730 1429 tnetropolim
1748 1410 1758 1424 ,
1789 1383 1978 1420 avaritiam
1995 1412 2004 1426 ,
2028 1389 2067 1420 ut
2098 1383 2289 1420 mdiﬁeium
2320 1383 2460 1432 justitia)
2485 1392 2560 1420 con-

1498 1449 1670 1481 strueret.
1701 1444 1778 1481 lloc
1812 1444 1910 1482 enim
1931 1445 2120 1492 proprium
2149 1451 2204 1483 est
2233 1447 2428 1493 sapientum
2459 1442 2562 1480 archi-

1500 1513 1677 1544 tectorum
1694 1535 1702 1551 ,
1723 1507 1824 1555 prius
1846 1507 2024 1546 mendacii
2042 1507 2234 1546 :ediﬁcium
2253 1507 2448 1550 destruere,
2468 1505 2560 1543 dein-

1499 1571 1544 1608 de
1564 1571 1729 1608 veritatis
1746 1571 1869 1619 jacere
1889 1571 2122 1609 fundamenta
2142 1600 2152 1617 ,
2181 1577 2220 1609 ut
2239 1571 2368 1608 dicitur
2383 1568 2468 1617 apud
2489 1577 2563 1615 pro-

1500 1635 1644 1681 phetam
1665 1646 1672 1670 :
1694 1633 1862 1671 Constitui
1885 1640 1917 1671 te
1937 1645 2040 1682 super
2060 1640 2174 1682 gentes
2192 1641 2224 1671 et
2247 1644 2349 1682 regna
2364 1660 2373 1676 ,
2395 1637 2430 1668 ut
2452 1629 2561 1668 evellas

1500 1705 1529 1733 rt
1545 1698 1679 1744 plautas
1695 1726 1703 1741 ,
1724 1704 1760 1733 ut
1779 1697 1937 1734 destruas
1963 1703 1994 1734 et
2013 1698 2201 1744 retudi/ires
2227 1695 2322 1744 (Jer.
2354 1696 2385 1731 l.
2408 1691 2473 1740 l0)
2495 1703 2503 1736 ;
2523 1691 2562 1727 il-

1501 1759 1561 1796 lud
1580 1758 1726 1806 quidem
1742 1788 1752 1803 ,
1772 1766 1811 1796 ut
1842 1759 2024 1807 agricola;
2053 1759 2124 1797 hoc
2144 1764 2260 1796 autem
2279 1763 2317 1793 ut
2345 1754 2560 1792 architectus.

1501 1821 1555 1858 Es
1579 1831 1622 1858 eo
1643 1830 1768 1857 rursus
1792 1820 2027 1867 perturbatur
2044 1831 2127 1868 pars
2153 1829 2274 1857 eorum
2302 1817 2360 1865 qui
2389 1813 2559 1861 marsupia

1500 1888 1679 1930 spectant.
1704 1883 1791 1919 Post
1806 1882 1884 1918 hrec
1909 1893 2034 1920 curam
2051 1883 2170 1920 vietus
2199 1890 2320 1918 eorum
2339 1877 2465 1922 habet,
2486 1875 2564 1912 hor-

1501 1950 1582 1981 tans
1601 1953 1665 1980 eos
1686 1950 1724 1980 ut
1745 1944 1908 1981 contenti
1933 1944 2007 1982 sint
2033 1945 2109 1982 suis
2137 1942 2314 1987 obsoniis,
2342 1949 2408 1978 nec
2423 1937 2562 1976 divitum

1499 2006 1647 2043 nidores
1665 2012 1886 2054 sequantur,
1909 2017 1956 2043 ne
1969 2034 1978 2050 ,
1998 2007 2084 2044 dum
2105 2007 2233 2044 ducem
2252 2003 2384 2042 habent
2407 2001 2538 2039 fumum
2551 2026 2561 2044 ,

1501 2069 1793 2116 intemperantia:
1813 2069 1886 2116 igni
1903 2069 2095 2106 tradantur
2111 2097 2121 2114 ,
2139 2068 2362 2105 adulatorum
2387 2071 2422 2102 et
2440 2060 2564 2111 parasi-

1501 2139 1618 2168 torum
1634 2131 1743 2167 vitam
1759 2131 1901 2168 sectati.
1919 2131 2010 2168 Hine
2025 2132 2188 2179 plerique
2201 2141 2221 2168 e
2237 2126 2442 2167 lurconibus
2454 2133 2562 2163 emer-

1499 2205 1584 2241 gere
1603 2195 1801 2242 incipiunt,
1837 2201 1871 2232 et
1905 2196 2124 2242 copulantur
2151 2193 2340 2231 calumnia:
2368 2187 2562 2228 artiﬁcibus.

1499 2258 1587 2294 Post
1605 2257 1683 2294 time
1699 2258 1881 2295 arconomi
1902 2257 2044 2294 tabulas
2063 2262 2258 2301 scrutatur,
2273 2261 2309 2292 ct
2323 2251 2454 2301 reperit
2470 2259 2559 2288 sum-

1491 2325 1575 2364 ptus
1587 2315 1938 2362 Ecclesiaainutiles;
1950 2326 1986 2357 et
2002 2319 2130 2357 horum
2150 2318 2348 2356 subsidium
2364 2322 2500 2354 cessare
2512 2310 2563 2359 ju-

1501 2381 1573 2418 bet.
1593 2380 1700 2417 Venit
1717 2380 1801 2418 inde
1820 2381 1865 2418 ad
1883 2380 2145 2418 examinandos
2160 2385 2324 2427 sumptus
2339 2373 2490 2425 episcOpi
2503 2401 2512 2418 ,
2531 2375 2562 2409 et

1500 2443 1638 2480 invenit
1657 2444 1888 2481 immodicam
1911 2444 2177 2492 profusionem;
2208 2449 2315 2490 atque
2335 2441 2472 2478 illorum
2490 2443 2563 2484 pro-

1499 2505 1599 2542 fusos
1619 2511 1783 2554 sumptus
1809 2506 1853 2543 ad
1871 2506 2119 2544 nosocomium
2143 2504 2326 2542 transferri
2345 2502 2456 2551 jubet.
2477 2497 2558 2536 Cum

1499 2575 1618 2604 autem
1639 2569 1836 2605 necessitas
1862 2568 2120 2612 invalesceret,
2142 2568 2244 2614 plura
2267 2563 2470 2604 nosocomia
2489 2558 2564 2598 :edi~

1501 2631 1583 2666 tieat
1597 2659 1606 2674 ,
1624 2639 1841 2676 praeponens
1874 2629 2104 2677 presbyteros
2120 2629 2198 2677 pios
2213 2629 2330 2671 duos;
2351 2631 2516 2674 praeterea
2531 2623 2563 2656 ei

1500 2691 1660 2728 medicos
1677 2697 1714 2728 et
1727 2701 1864 2738 coquos
1878 2697 1986 2739 atque
2000 2691 2114 2728 bonos
2129 2691 2278 2738 opiﬁces
2307 2700 2328 2727 e
2341 2688 2498 2727 etelibum
2511 2691 2562 2721 or-

1498 2753 1583 2790 dine
1596 2753 1642 2790 ad
1653 2763 1780 2790 eorum
1793 2753 2033 2790 ministerium
2052 2765 2062 2790 :
2078 2758 2116 2789 ut
2130 2752 2362 2790 advenientes
2377 2748 2526 2796 hospites
2534 2748 2565 2780 el

1501 2816 1627 2854 morbo
1644 2816 1800 2863 correpti
1819 2821 2046 2861 curarentur,
2063 2815 2170 2864 idque
2185 2825 2266 2853 cttm
2283 2821 2429 2862 propter
2445 2811 2564 2847 bonum

1500 2880 1615 2927 ipsum
1631 2908 1640 2924 ,
1663 2885 1737 2915 tum
1757 2884 1904 2925 propter
1923 2877 2076 2926 gloriam
2091 2876 2306 2915 Servaloris.
2323 2875 2410 2911 Post
2429 2872 2496 2908 hoc
2512 2865 2567 2904 ad»

1500 2950 1606 2981 vocat
1622 2943 1812 2980 viduarum
1833 2941 1998 2979 ordinem
2014 2969 2023 2985 ,
2043 2941 2274 2987 undiquaque
2297 2943 2463 2985 quaerens
2480 2938 2568 2980 qua:-

1501 3017 1582 3043 nam
1620 3005 1714 3042 inter
1741 3014 1802 3040 eas
1822 3013 1892 3040 non
1915 3008 2014 3040 recte
2047 3002 2234 3043 viverent;
2258 2999 2341 3036 etsi
2363 3006 2452 3045 quas
2483 2995 2571 3030 in'cv

1501 3069 1615 3104 uisset
1637 3065 1781 3113 corpori
1799 3064 1961 3106 deditas,
1987 3061 2204 3099 admonebat
2232 3063 2348 3095 utaut
2361 3057 2568 3104 jejunarcut.

1500 3129 1724 3166 abstinentes
1743 3136 1761 3162 τι
1783 3124 1922 3162 balneis
1947 3130 2055 3171 atque
2086 3119 2277 3168 exquisitis
2305 3117 2498 3160 vestibus;
2518 3117 2570 3150 aut

1501 3193 1665 3239 protinus
1695 3190 1740 3226 ad
1771 3187 1948 3225 secundas
1979 3185 2121 3232 nuptias
2153 3180 2417 3222 concederent,
2445 3188 2492 3216 ne
2521 3177 2569 3213 lex

1502 3253 1644 3291 Domini
1661 3251 1826 3298 injuriam
1846 3253 2040 3295 pateretur.
2067 3243 2204 3282 Deinde
2225 3241 2438 3279 hortabatur
2465 3247 2570 3288 popu-

1501 3316 1577 3357 los,
1596 3319 1634 3349 ut
1654 3313 1688 3349 in
1717 3310 1904 3348 nocturnis
1926 3307 2093 3356 precibus
2111 3305 2247 3343 assidui
2273 3309 2396 3341 essent
2411 3332 2420 3348 ,
2450 3302 2568 3339 horum

1499 3381 1619 3412 autem
1653 3383 1786 3409 uxores
1815 3371 1914 3408 dumi
1949 3373 2162 3410 manerent,
2195 3377 2259 3405 eas
2290 3365 2450 3404 interdiu
2475 3368 2569 3399 orare

1499 3436 1697 3473 exhortans
1713 3462 1724 3479 ,
1742 3433 1837 3480 quod
1857 3432 1922 3469 viri
1945 3430 2103 3469 interdiu
2120 3439 2192 3466 non
2210 3433 2394 3466 vacarent.
2411 3425 2493 3464 llaec
2511 3428 2570 3456 au-

1502 3504 1572 3534 tem
1592 3495 1712 3533 omnia
1740 3494 1920 3543 angebant
1940 3493 2220 3541 negligentiores
2248 3502 2268 3529 e
2287 3491 2408 3534 clero,
2435 3488 2568 3524 noctem

1501 3565 1611 3596 totam
1627 3558 1786 3595 dormire
1801 3557 1940 3594 Solitos.
1957 3557 2044 3594 Post
2070 3555 2149 3592 hmo
2169 3551 2406 3603 apprehendit
2421 3545 2566 3598 gladium

1501 3621 1795 3670 reprehensionis
1813 3620 1990 3658 adversus
2006 3619 2150 3664 divites,
2171 3618 2364 3656 abscessus
2391 3609 2495 3651 animi
2512 3614 2567 3670 eo-

1501 3669 1580 3721 rum
1602 3695 1730 3722 secans
1746 3712 1757 3729 ,
1780 3683 2019 3721 humilitatem
2038 3683 2138 3730 ipsos
2156 3681 2312 3719 edocens
2348 3683 2385 3716 et
2411 3682 2490 3713 cum
2510 3669 2568 3735 llo:

1500 3746 1658 3784 minibus
1675 3745 1826 3794 reliquis
1843 3745 2008 3783 modeste
2022 3755 2130 3792 agere
2143 3772 2153 3788 ,
2184 3741 2382 3790 apostolico
2415 3739 2566 3794 sermont

1501 3818 1640 3845 morem
1661 3792 1790 3856 gerens
1803 3836 1813 3853 ,
1834 3808 1896 3856 qui
1916 3812 1973 3844 est
1991 3806 2036 3844 ad
2055 3805 2283 3843 Timotheum
2303 3797 2491 3838 :Divitibus
2509 3792 2568 3827 hu-

1499 3871 1557 3918 jus
1574 3871 1691 3908 ueculi
1712 3871 1879 3920 precipe,
1896 3881 1964 3907 non
1986 3869 2130 3908 sublime
2153 3876 2284 3913 sapere,
2318 3870 2423 3909 neque
2441 3859 2568 3920 ερενητέ

1503 3935 1539 3971 in
1558 3935 1688 3972 incerto
1719 3935 1916 3972 divitiarum
1935 3933 1968 3982 (l
1993 3932 2082 3970 Tim.
2104 3931 2139 3967 6.
2174 3929 2217 3966 l7
2233 3929 2260 3976 ).
2285 3924 2374 3963 Cum
2394 3920 2496 3970 igitur
2514 3919 2566 3951 rei
