2758 4350
217 186 253 222 2i
884 187 941 222 DE
970 186 1071 223 ΥΙΤΑ
1101 187 1137 224 5.
1166 188 1228 224 J0.

1302 191 1351 228 ilS
1376 191 1463 228 (ΣΗΙέ
1475 193 1709 232 YSOSTOMI.
2363 205 2410 240 ΞΕ

218 263 262 300 ita
280 273 312 300 st
337 262 522 307 haberent,
543 262 701 300 Ecclesia
725 263 759 300 itt
780 263 855 300 dics
875 263 1120 301 efflorescente
1135 266 1168 300 in
1185 276 1260 302 me-

218 324 282 360 lins
296 351 307 368 ,
324 329 357 360 et
377 329 444 360 tota
463 324 602 360 civitate
623 324 656 360 iu
681 323 850 370 pietatem
881 325 1128 362 transformata
1145 354 1154 370 ,
1177 327 1256 363 ani-

217 383 401 430 mabusq’te
419 384 578 420 castitate
598 390 634 420 et
652 384 849 432 psalmodia
881 385 1153 432 exsultantibus,
1185 397 1254 423 non

217 445 291 482 tulit
309 445 475 481 bonorum
495 455 577 481 osor
591 445 728 482 daemon
748 445 864 493 fugam
883 456 1004 483 eorum
1022 447 1080 494 qui
1100 447 1144 484 ab
1177 448 1255 494 ipso

215 507 416 544 tenebantur
428 535 437 552 ,
451 518 538 554 quos
556 509 692 544 Domini
711 518 828 546 sermo
843 519 904 556 per
919 509 1066 546 Joannis
1084 510 1254 556 prmdica-

213 568 338 604 tionem
357 568 402 605 ab
420 579 462 606 eo
481 576 685 606 amoverat;
707 570 752 606 ita
770 577 808 606 ut
824 570 882 617 qui
909 571 991 608 circi
1017 582 1138 608 amore
1158 572 1253 608 insa-

209 629 348 666 niebant
377 635 413 666 et
443 629 664 667 theatralium
682 631 986 678 spectaculorum,
1015 633 1148 670 relictis
1174 633 1251 670 dia-

211 691 276 728 boli
294 691 414 735 atriis,
433 693 561 728 cursim
579 693 623 730 ad
640 694 758 730 caulas
787 694 986 732 Servatoris
1014 698 1248 741 accederent,

207 753 297 798 Capti
316 763 434 790 amore
454 755 575 790 fistula:
595 756 742 800 pastoris
763 757 881 792 ovium
901 757 1067 794 amantis.

251 813 334 850 Cu».
355 825 447 851 vt.—-—
463 815 515 852 Ex
533 817 600 853 hoc
628 819 929 856 mercenariorum
945 825 1126 866 pastorum
1148 831 1248 857 men-

206 881 258 910 tes
278 875 365 912 livor
383 884 528 924 occupat
544 905 553 921 ,
575 879 634 925 qui
653 889 694 916 ex
717 881 980 927 comparatione
996 881 1245 929 arguebantur.

203 936 268 982 Qui
287 947 364 974 cum
378 948 458 976 eum
477 950 643 986 superare
661 951 732 978 non
753 942 945 980 valuissent
960 971 969 986 ,
991 953 1035 980 eo
1059 943 1153 992 quod
1176 955 1246 982 non

203 997 412 1036 advocarent
429 1000 570 1038 invidiae
585 1001 840 1040 destructorem
871 1003 1059 1042 Dominum
1077 1017 1084 1039 :
1106 1006 1241 1042 calum-

202 1059 277 1095 nias
295 1066 437 1096 nectunt
452 1060 617 1098 adversus
628 1062 798 1100 Joannem
814 1091 825 1108 ,
844 1064 1016 1112 aliquibus
1033 1066 1109 1113 ejus
1130 1065 1243 1104 homi-

200 1119 254 1156 liis
277 1119 423 1157 detortis
450 1121 484 1157 in
507 1124 606 1168 jocos
621 1123 792 1161 adversus
808 1125 1001 1172 Augustam
1029 1134 1064 1164 et
1090 1127 1178 1165 alios
1199 1140 1242 1166 ex

197 1181 274 1217 aula
293 1182 530 1228 Imperatoris.
545 1183 698 1232 Contigit
713 1193 829 1224 autem
847 1194 883 1224 ut
899 1187 934 1224 id
955 1189 1125 1236 temporis
1150 1191 1242 1227 Aca-

197 1244 292 1288 cius,
311 1244 494 1292 episcopus
514 1247 660 1292 Bertnzv,
683 1247 741 1294 qui
767 1247 958 1286 advenerat
985 1249 1240 1288 Constantino-

195 1307 313 1351 polim,
326 1307 591 1356 haudquaquam
606 1310 736 1347 bonum
755 1311 945 1359 hospitium
961 1314 1238 1360 nancisceretur,

195 1375 227 1404 ut
257 1368 394 1406 ditebat
413 1399 422 1415 ,
445 1377 479 1408 et
510 1371 556 1408 ob
586 1371 652 1410 ltoc
679 1383 854 1418 mcerens,
877 1375 926 1412 ira
957 1377 1236 1422 intutnescebat,

192 1429 287 1475 quasi
313 1431 491 1478 neglectus
517 1443 536 1469 a
556 1433 704 1472 Joanne.
723 1434 1002 1483 Cogitationihus
1031 1447 1149 1476 autem
1169 1440 1238 1476 im-

192 1489 379 1528 moderatis
411 1493 548 1536 victus.
584 1496 773 1533 ab~urdum
817 1508 1018 1536 sermonem
1053 1510 1096 1537 ex
1131 1501 1239 1538 abun-

189 1551 307 1590 dantia
327 1554 443 1592 cordis
462 1555 562 1592 etii-rt
583 1557 723 1604 dignum
751 1570 814 1596 sua
842 1568 962 1598 mente
977 1591 986 1607 ,
1005 1564 1239 1610 praesentibus

188 1615 395 1660 quibusdam
413 1616 560 1654 Joannis
590 1619 752 1664 clericis,
779 1621 901 1658 dicens
919 1635 927 1658 :
947 1623 1022 1670 Ego
1039 1625 1105 1671 ipsi
1130 1625 1238 1664 ollam

187 1677 326 1714 condio.
353 1679 490 1716 Exinde
509 1680 614 1726 igitur
631 1681 840 1729 conjunctus
860 1691 914 1722 est
931 1685 1145 1730 Severiano,
1162 1689 1236 1725 An-

187 1737 324 1781 tiocho,
355 1738 486 1776 lsaacio
509 1739 652 1788 Syrisco
669 1771 678 1787 ,
712 1744 990 1784 circumforaneo
1005 1775 1014 1792 ,
1043 1750 1234 1796 praeposito

189 1796 276 1834 ‘alsis
297 1799 488 1845 monachis,
506 1802 586 1838 trito
607 1803 640 1838 in
657 1805 836 1852 perpetuis
854 1807 1026 1846 adversus
1045 1810 1232 1858 episcopos

184 1857 364 1896 mluntniis
385 1872 393 1896 :
415 1860 613 1900 deliberant
631 1867 761 1902 armari
781 1867 915 1905 scilicet
935 1869 1106 1908 adversus
1122 1871 1230 1910 Joan-

186 1929 261 1954 nt-m
278 1931 286 1964 ;
305 1931 424 1958 revera
443 1930 558 1960 autem
579 1932 701 1962 contra
718 1927 868 1974 gloriam
889 1929 1100 1968 Servatoris.
1115 1931 1230 1971 Cazte-

185 1988 282 2024 rtttn,
312 1991 390 2017 cum
423 1983 602 2022 misissent
637 1987 790 2034 primum
824 1991 1076 2037 Antiochiam,
1113 1993 1229 2032 adule-

183 2041 319 2078 scentia:
339 2043 414 2089 ejus
439 2043 566 2082 delicta
595 2049 816 2094 perquirunt.
834 2050 900 2088 Ubi
921 2063 1004 2089 vero
1036 2054 1228 2101 defecerunt

182 2109 356 2140 scrutantes
385 2108 604 2145 scrutationes
622 2109 734 2157 (Paul.
757 2111 815 2148 63.
835 2113 888 2160 7),
905 2121 941 2151 et
967 2116 1054 2153 nihil
1081 2118 1227 2156 invene-

182 2168 280 2205 runt,
301 2165 442 2204 tnittunt
459 2168 710 2207 Alexandriam
743 2172 788 2208 ad
809 2173 996 2221 Theophili
1021 2177 1194 2216 vafritiem
1216 2209 1225 2225 ,

179 2222 234 2267 qui
252 2224 430 2263 dicebatur
443 2227 646 2275 Cathttrnus,
661 2231 804 2269 solertis
825 2235 906 2272 talia
921 2236 1037 2274 tnoliri
1060 2251 1067 2274 :
1087 2240 1146 2287 qui
1161 2247 1228 2277 sta-

181 2284 236 2320 tim
253 2287 421 2334 replicans
437 2293 566 2329 mentis
585 2302 659 2330 sua:
673 2295 850 2332 volumina
869 2308 948 2334 cum
965 2300 1036 2336 otio
1055 2307 1091 2338 ct
1107 2303 1226 2350 quiete

177 2345 388 2395 latrocinali,
408 2353 566 2400 cujusvis
597 2355 704 2392 etiam
739 2363 934 2403 pra-textus
960 2363 1115 2408 speciem
1143 2365 1224 2402 dili-

176 2414 294 2452 genter
321 2414 619 2457 perscrutabatur.
641 2417 742 2454 Dtac.
763 2417 879 2464 Siste,
902 2421 1031 2467 Pater,
1049 2426 1226 2463 SCI'lIlOlIlS

177 2470 222 2504 tui
239 2479 375 2509 cursum
392 2502 401 2518 ,
421 2481 611 2524 antequam
628 2478 836 2526 obliviscar,
860 2488 898 2519 ut
917 2483 978 2519 tibi
999 2483 1115 2521 dicam
1141 2497 1226 2522 cau-

175 2538 246 2566 sam
263 2560 272 2573 .
291 2544 368 2580 qua:
384 2536 426 2572 ad
445 2548 510 2578 nos
529 2549 640 2587 usque
658 2541 874 2581 Alexandria
907 2547 1070 2592 pervenit
1087 2555 1122 2584 et
1141 2559 1223 2595 pcr-

174 2591 318 2628 crebuit.
337 2594 507 2635 Joannem
543 2601 637 2638 enim
670 2603 770 2640 aiunt
797 2604 947 2643 clericos
978 2618 998 2644 a
1023 2609 1224 2658 Theophilo

176 2648 350 2694 depositos
386 2657 568 2697 admisisse
601 2662 645 2698 ad
689 2667 1000 2713 communionem;
1029 2676 1137 2718 atque
1173 2673 1218 2710 ita

175 2707 404 2757 Theophilum
421 2717 608 2758 oﬂ‘endisse
629 2735 637 2759 :
659 2725 752 2770 quod
779 2728 926 2766 minime
954 2707 1090 2768 factuni
1113 2743 1220 2780 opor-

173 2771 237 2806 tuit
255 2783 264 2807 :
285 2772 374 2810 adeo
399 2782 435 2812 ut
448 2788 491 2814 ex
507 2790 549 2816 eo
568 2781 725 2822 infensus
743 2786 883 2834 Joanni,
911 2801 1118 2841 oppugnare
1135 2806 1218 2832 eutn

172 2843 356 2879 aggressus
373 2839 430 2876 sit.
453 2839 566 2878 EPlSC.
586 2843 714 2882 Demus
733 2848 826 2888 hunc
843 2839 1036 2900 rumorem,
1056 2857 1116 2904 qui
1135 2868 1216 2904 per-

173 2893 320 2939 rrebuit,
342 2907 420 2934 esse
442 2911 562 2938 verum
585 2916 594 2939 :
620 2916 665 2942 an
683 2908 838 2957 episcopi
858 2919 933 2959 est,
955 2917 1088 2954 malum
1122 2920 1216 2956 malo

172 2964 288 2994 curare
302 2959 316 2994 ?
330 2966 366 2996 et
387 2960 443 2998 ubi
462 2969 515 3000 est
541 2965 628 3003 illud
655 2968 832 3019 Evangelii
851 2976 944 3022 quod
961 2979 1009 3015 ait
1025 3008 1034 3024 ,
1055 2979 1121 3017 Sol
1148 2993 1215 3018 non

173 3017 292 3054 occidat
307 3031 406 3068 super
423 3023 632 3064 iracundiam
643 3017 782 3068 vestram
795 3017 939 3083 (Ep-I188.
955 3017 1055 3090 42(3)
1072 3042 1087 3077 ?
1101 3043 1160 3080 ubi
1173 3045 1215 3080 il-

174 3075 224 3090 ._,.
541 3089 546 3090 γ

174 3075 226 3112 lud
240 3083 398 3128 apostoli,
426 3083 524 3122 Vince
536 3089 569 3124 in
581 3089 666 3128 bono
682 3075 808 3131 malum
827 3075 944 3144 (liam.
968 3102 1024 3138 12.
1039 3075 1133 3151 ill)?
1153 3105 1214 3142 ulti

173 3136 254 3214 illud
264 3145 453 3214 prophetae,
469 3147 508 3185 Si
521 3151 652 3189 reddidi
665 3136 918 3198 retribuentibus
929 3136 1117 3202 titilt—i-tttttlla
1131 3167 1211 3214 (Ps.

908 3197 913 3198 ,
1131 3197 1162 3214 κ-
1179 3197 1211 3204 ν.

173 3197 282 3266 7ο.5)ἳ
301 3204 429 3245 Deinde
448 3221 531 3248 num
551 3219 736 3261 operosius
758 3227 834 3258 erat
859 3233 980 3260 coram
1006 3230 1212 3267 reverendis

171 3259 334 3336 filiscopis
351 3277 430 3306 cum
457 3281 624 3314 accusare
650 3285 685 3316 et
709 3279 830 3320 dicere
849 3295 858 3321 :
881 3284 1006 3323 Frater
1023 3287 1183 3328 Joannes
1200 3321 1209 3336 ,

849 3317 857 3321 ,
881 3317 998 3323 ___.-.
1023 3317 1183 3328 nam...
1200 3321 1209 3336 ,

171 3317 310 3392 liceant
325 3327 406 3366 illud
425 3341 470 3370 an
492 3335 696 3384 imprudens
717 3341 828 3382 fecisti
847 3346 863 3381 τ’
881 3353 918 3384 et
945 3348 1121 3388 Joannem
1145 3354 1212 3392 de-

543 3377 550 3384 .
687 3377 690 3378 ν
719 3377 828 3382 ν,,.--,
851 3377 856 3381 .
883 3377 918 3384 ν-
945 3377 1121 3388 ννιιιιιιυιυ
1145 3377 1210 3392 υἵ-

170 3377 330 3453 feusionis
356 3389 430 3428 loco
445 3394 576 3443 dicere,
590 3411 664 3437 rem
683 3403 863 3450 ignorasse
877 3409 944 3446 se?
963 3411 1062 3449 Duc.
1081 3413 1210 3453 Verum

567 3439 574 3443 _
695 3439 714 3450 υ
732 3439 861 3444 πη---
877 3439 938 3446 η.
963 3439 1062 3449 ........
1089 3439 1210 3453 ,υιυιιι

169 3439 266 3518 dlicis,
281 3446 309 3481 si
327 3446 358 3483 in
379 3460 418 3488 eo
437 3453 558 3494 fuisset
572 3461 735 3500 voluntas
756 3466 862 3512 bona,
879 3479 945 3507 nec
961 3477 1211 3518 prietexuisset

241 3503 247 3510 .
765 3500 771 3502 π
789 3500 862 3512 νπ--τ
879 3500 945 3507 -.v~
961 3500 1206 3518 r-wvvautdahl

169 3500 369 3582 :lcricorpm
406 3523 569 3564 causam,
609 3529 646 3559 ut
683 3527 862 3572 propriam
897 3529 984 3566 iram
1031 3536 1206 3582 expleret.

560 3559 568 3564 ,
684 3559 693 3570 ,
712 3559 715 3560 ,
733 3559 862 3572 τη---
1032 3559 1076 3570 ω,
1095 3559 1206 3574 ηιμ..

170 3559 279 3603 EPIsc.
299 3567 364 3606 Per
383 3573 539 3616 timorem
561 3581 624 3619 Dei
641 3585 700 3630 qui
721 3585 868 3624 inliuitis
886 3559 1206 3636 timoribusldomi-

169 3630 277 3672 natur,
299 3639 364 3668 non
397 3636 496 3675 aliter
517 3641 578 3678 tibi
597 3643 738 3691 dicam,
759 3657 866 3694 quam
893 3656 933 3687 ut
961 3662 999 3690 se
1021 3654 1126 3694 habet
1157 3663 1208 3698 rei

169 3692 283 3768 :atura
300 3692 345 3768 de
361 3695 402 3734 iis
420 3700 576 3749 clericis,
597 3717 687 3754 quos
715 3713 935 3749 memorasti.
954 3714 1108 3756 lsidorus
1126 3724 1207 3768 qui-

567 3744 574 3749 ν
609 3744 619 3754 _
757 3744 769 3746 _
788 3744 795 3746 _
816 3744 935 3749 μη-..
954 3744 1108 3756 .-.υνηω
1152 3744 1206 3760 ut-

169 3744 241 3784 dam
261 3756 434 3805 presbyter
453 3773 496 3800 ex
525 3765 619 3802 beati
639 3771 756 3816 magni
775 3772 958 3812 Athanasii
981 3744 1206 3822 ordinatione

169 3816 336 3856 sul't‘rerat
353 3847 362 3863 ,
384 3827 638 3872 octogesimum
656 3833 772 3870 relatis
797 3845 926 3874 annum
945 3849 1076 3889 agens,
1096 3855 1202 3893 quem

1335 271 1724 309 noruntllotuanorum
1754 274 1914 322 plerique
1931 277 2254 317 ecclesiasticarum
2287 291 2406 318 rerum

1331 338 1438 366 causa
1476 330 1628 368 Romam
1661 335 1828 380 venisse,
1850 347 1931 374 cum
1967 340 2192 379 Alexandria:
2223 342 2404 390 hospitum

1330 397 1517 437 susceptor
1547 402 1655 430 esset.
1680 395 1732 431 'l'u
1767 408 1854 434 vero
1889 406 1926 436 et
1961 402 2038 448 ipse
2072 404 2168 440 nosti
2205 404 2404 450 hominem,

1328 453 1472 498 quando
1503 465 1583 491 cum
1613 457 1744 494 Acacio
1776 461 1952 507 veniens,
1976 465 2136 502 Flaviani
2168 478 2248 505 cum
2275 469 2398 508 Theo-

1328 515 1423 560 philo
1444 518 1735 556 communionem
1755 522 1875 558 attulit
1894 551 1902 566 ,
1925 525 2047 572 viginti
2069 537 2183 566 annos
2211 531 2402 579 abruptam

1323 575 1418 612 beati
1437 577 1580 625 Evagrii
1597 589 1705 617 causa
1721 593 1728 617 :
1746 585 1805 630 qui
1827 585 1978 630 plurima
1999 592 2196 628 certamina
2215 593 2249 629 in
2270 595 2402 632 obeun-

1323 637 1378 674 dis
1405 639 1660 678 ecclesiasticis
1690 643 1875 682 laboribus
1897 648 2056 693 pertulit.
2087 651 2176 688 Huic
2201 654 2310 701 igitur
2335 655 2399 693 isi-

1322 700 1411 738 doro
1431 703 1561 740 mulier
1585 705 1752 752 quaedam
1782 707 1887 744 vidua
1909 720 1929 746 e
1958 714 2186 758 ttiaguatibus
2211 717 2272 753 dat
2300 721 2400 758 mille
2423 768 2426 771 _

1320 772 1470 808 aureos,
1491 765 1681 816 adrgitque
1710 769 1946 817 jurejurando
1967 784 2032 820 per
2051 774 2256 816 Servatoris
2289 791 2396 818 men-

1319 835 1410 871 sam,
1424 829 1556 876 emptis
1575 831 1734 869 vestibus
1747 835 1979 880 pauperiores
1997 838 2224 878 Alexandria:
2241 841 2396 882 feminas

1319 897 1564 929 conlecturum
1601 894 1692 930 clam
1727 895 1947 943 Theophilo,
1970 910 2014 937 ne
2049 901 2079 937 is
2117 913 2286 942 nummos
2313 907 2394 944 illos

1317 959 1475 998 caperet,
1489 960 1595 1000 atque
1607 957 1859 1002 comparandis
1879 959 2060 1006 lapidibus
2079 962 2294 1003 insumeret.
2317 967 2390 1004 La-

1317 1013 1438 1059 pidum
1469 1017 1566 1052 enim
1598 1017 1697 1054 furor
1715 1019 1859 1066 quidam
1884 1021 2108 1060 Pharaonius
2127 1025 2247 1072 ipsum
2272 1031 2390 1074 possi-

1313 1074 1371 1110 det
1389 1103 1398 1118 ,
1421 1076 1464 1112 ad
1485 1077 1633 1115 aedilicia
1653 1081 1782 1127 quibus
1798 1083 1886 1119 nihil
1907 1083 2040 1132 indiget
2057 1086 2233 1126 Ecclesia.
2249 1091 2293 1128 Et
2310 1091 2389 1130 haec

1313 1137 1456 1183 quidem
1475 1140 1684 1180 mittamus:
1704 1144 1798 1190 quod
1817 1151 1937 1182 autem
1957 1146 2002 1184 de
2025 1147 2163 1187 Isidoro
2185 1158 2301 1200 urget,
2325 1165 2388 1190 au-

1313 1199 1361 1235 di.
1381 1200 1471 1238 Cum
1489 1203 1594 1249 igitur
1612 1203 1770 1242 lsidorus
1789 1217 1852 1244 eos
1881 1219 2047 1247 nummos
2068 1214 2268 1260 accepisset
2287 1244 2296 1260 ,
2319 1217 2386 1253 im-

1313 1262 1436 1308 pendit
1457 1266 1685 1311 pauperculis
1704 1274 1740 1304 et
1761 1268 1878 1304 viduis
1898 1271 2125 1310 mulieribus.
2145 1275 2322 1316 Alicunde
2349 1280 2384 1317 id

1312 1324 1414 1360 novit
1445 1325 1692 1372 Theophilus:
1713 1328 1802 1364 nihil
1829 1329 1926 1366 enim
1948 1331 2065 1378 ipsum
2097 1334 2231 1374 latebat
2257 1350 2381 1378 corum

1311 1397 1391 1434 qua:
1409 1388 1538 1436 ubique
1559 1390 1690 1428 fierent
1709 1398 1744 1428 et
1763 1391 1986 1439 dicerentur,
2007 1401 2131 1442 utpote
2149 1399 2210 1446 qui
2231 1399 2383 1440 haberet

1309 1454 1345 1485 et
1363 1449 1535 1486 factorum
1557 1458 1592 1488 et
1613 1453 1790 1490 dictorum
1819 1455 2067 1502 exploratores
2083 1486 2094 1503 ,
2113 1470 2158 1496 ne
2189 1461 2295 1500 aliter
2317 1473 2382 1502 eos

1309 1511 1496 1556 appellem.
1519 1513 1692 1550 lsiduruni
1725 1522 1878 1561 evocat,
1905 1517 2094 1556 moderate
2127 1520 2378 1571 interrogans,

1308 1583 1352 1610 an
1370 1583 1410 1610 ea
1430 1575 1477 1612 ita
1496 1586 1535 1613 se
1562 1577 1748 1616 haberent.
1769 1579 1846 1617 Non
1874 1583 2018 1630 negavit
2045 1583 2204 1624 lsidorus
2223 1615 2232 1632 ,
2251 1589 2377 1636 reique

1309 1637 1417 1673 totius
1434 1638 1782 1680 administrationem
1811 1643 1930 1681 fassus
1945 1652 2013 1683 est.
2035 1647 2113 1692 Quo
2145 1649 2204 1686 ille
2227 1651 2350 1690 audito
2365 1681 2376 1698 ,

1306 1707 1450 1734 scenam
1471 1707 1584 1737 mutat
1603 1714 1610 1734 :
1633 1708 1668 1738 et
1687 1703 1746 1750 qui
1773 1705 1880 1752 paulo
1903 1713 1988 1744 ante
2025 1709 2060 1745 in
2093 1709 2378 1760 interrogatione

1303 1760 1508 1798 moderatus
1527 1773 1568 1800 ac
1587 1764 1678 1802 lenis
1699 1776 1930 1816 apparuerat,
1952 1779 2138 1810 momento
2154 1784 2232 1822 post
2251 1777 2376 1815 audito

1303 1819 1427 1858 lsidori
1465 1834 1662 1872 responso,
1693 1834 1787 1866 totus
1821 1831 2015 1879 intumuit,
2047 1843 2182 1873 mutata
2217 1839 2372 1876 Subinde

1300 1880 1403 1918 facie.
1427 1883 1471 1920 Et
1489 1896 1570 1922 cum
1592 1889 1774 1934 paululum
1795 1893 2006 1939 quievisset,
2027 1903 2064 1932 ut
2082 1899 2182 1934 canis
2200 1900 2260 1945 qui
2279 1901 2372 1938 clam

1299 1945 1467 1990 mordet,
1489 1953 1570 1993 post
1589 1959 1730 1986 menses
1761 1951 1854 1989 duos
1887 1964 2084 1994 convocato
2101 1959 2214 2004 clero,
2235 1961 2375 2008 profert

1299 2004 1498 2044 chartulam
1530 2017 1706 2055 prtesente
1744 2012 1912 2059 lsodoro,
1943 2017 2096 2055 dicens:
2121 2019 2220 2058 llauc
2249 2025 2373 2071 accepi

1298 2073 1382 2104 ante
1403 2069 1525 2106 αυευιιι
1543 2077 1578 2108 ct
1599 2079 1680 2109 octo
1697 2085 1811 2112 annos
1825 2105 1834 2120 ,
1855 2076 1990 2116 Isidore
2005 2107 2014 2124 ,
2046 2079 2220 2119 adversus
2251 2089 2312 2127 te;
2335 2092 2372 2122 et

1297 2129 1465 2174 quoniam
1485 2131 1586 2168 valde
1605 2143 1800 2182 occupatus
1814 2149 1926 2183 eram,
1950 2151 2026 2178 rem
2046 2141 2192 2180 silentio
2209 2145 2339 2184 tradidi
2361 2159 2370 2183 :

1298 2198 1392 2225 nunc
1409 2200 1494 2228 vero
1521 2192 1608 2230 alias
1625 2196 1768 2234 chartas
1800 2210 1968 2246 qmerens
1983 2230 1993 2246 ,
2017 2202 2112 2241 hanc
2131 2205 2176 2242 de
2205 2213 2238 2243 tc
2261 2207 2370 2244 char-

1299 2249 1408 2286 tulatn
1427 2251 1546 2290 inveni
1567 2267 1576 2290 .
1599 2264 1724 2294 eontra
1746 2259 1838 2296 hanc
1857 2261 2002 2300 institue
2018 2264 2282 2304 defensionem.
2305 2269 2370 2306 illa

1297 2318 1414 2348 autem
1443 2314 1604 2353 chartula
1633 2321 1842 2359 continebat
1861 2327 2130 2364 accusationem
2149 2327 2362 2368 Sodotttilit‘i

1299 2373 1479 2410 criminis.
1515 2377 1569 2413 Ad
1606 2378 1685 2416 hmc
1724 2382 1894 2420 lsodorus
1926 2385 2126 2433 Theophilo
2161 2393 2368 2439 respondit,

1297 2432 1494 2472 defendens
1520 2447 1558 2474 se
1581 2450 1588 2473 :
1610 2439 1858 2479 Concedamus
1879 2445 1948 2480 hoc
1966 2457 2090 2485 verum
2111 2460 2206 2496 esse,
2227 2460 2262 2488 et
2293 2464 2312 2488 a
2333 2462 2366 2491 te

1299 2502 1481 2540 acceptant
1503 2507 1582 2535 esse
1603 2500 1829 2548 chartulam,
1861 2511 1898 2541 et
1929 2506 1993 2542 tibi
2023 2509 2200 2547 excidisse
2222 2524 2368 2552 :nonno

1295 2555 1422 2593 aderat
1439 2559 1499 2605 qui
1515 2560 1672 2598 libellum
1690 2563 1808 2608 dedit,
1831 2572 1868 2602 ut
1889 2566 2006 2605 denuo
2022 2569 2084 2608 ille
2100 2581 2120 2608 a
2143 2579 2177 2609 te
2197 2583 2367 2621 reposce-

1297 2619 1425 2654 retur?
1443 2621 1496 2657 Ad
1527 2622 1602 2660 haec
1631 2624 1851 2674 Theophilus
1873 2641 1881 2666 :
1903 2629 1975 2668 Sed
2007 2642 2078 2668 non
2100 2619 2365 2683 aderatlpucr,

1297 2679 1484 2726 navigabat
1499 2684 1595 2720 enim
1616 2685 1649 2722 in
1666 2687 1770 2724 mari.
1782 2688 1824 2724 Et
1841 2689 1998 2728 lsidorus
2011 2704 2020 2728 :
2033 2693 2111 2730 Non
2127 2694 2250 2732 aderat
2265 2703 2364 2742 tunc,

1295 2747 1332 2776 ut
1347 2740 1450 2787 dicis,
1473 2753 1562 2791 papa
1585 2758 1592 2781 :
1619 2754 1697 2793 post
1714 2750 1976 2797 navigationem
1997 2765 2116 2791 nonne
2135 2756 2276 2794 adfuit?
2294 2770 2365 2796 non

1291 2803 1477 2840 secundo?
1497 2816 1565 2842 non
1587 2809 1692 2846 tertio
1709 2812 1828 2847 anno?
1842 2818 1878 2848 et
1900 2825 1992 2850 nunc
2010 2816 2039 2851 si
2061 2816 2182 2861 adest,
2195 2818 2282 2864 jube
2301 2819 2367 2858 ho-

1290 2864 1423 2901 minem
1454 2867 1582 2904 sistere
1605 2879 1657 2906 sc.
1693 2871 1746 2908 Ad
1777 2872 1856 2910 haec
1889 2874 2132 2923 Theophilus,
2153 2890 2260 2927 quem
2287 2883 2364 2930 ipsa

1289 2927 1420 2963 veritas
1439 2933 1746 2978 contemptibilem
1769 2935 1952 2976 redditura
1973 2945 2073 2985 erat,
2105 2952 2181 2979 rem
2203 2945 2237 2980 in
2255 2927 2362 2984 alium

1287 2987 1381 3024 diem
1409 2989 1525 3036 rejicit
1547 3003 1555 3026 :
1577 2994 1796 3041 etjuvencm
1825 2999 2018 3045 quemdam
2047 3002 2364 3048 pollicitationibus

1287 3050 1407 3088 multis
1426 3051 1636 3091 demulcens
1649 3084 1659 3101 ,
1681 3057 1725 3094 ad
1744 3061 2008 3098 aceusatiouetn
2035 3071 2160 3101 contra
2177 3066 2362 3107 lsodorum

1287 3111 1478 3161 instruxit,
1495 3115 1588 3154 datis
1603 3118 1692 3164 ipsi,
1715 3127 1753 3156 ut
1771 3122 1893 3167 aiunt,
1913 3125 2122 3171 quindecim
2143 3131 2285 3168 aureis:
2303 3135 2363 3180 qui

1286 3175 1406 3212 statim
1429 3187 1493 3214 eos
1512 3181 1617 3216 matri
1647 3181 1764 3218 affert.
1792 3183 1852 3221 Illa
1881 3191 2002 3224 autem
2023 3191 2154 3236 partim
2185 3201 2283 3232 metu
2308 3175 2363 3233 iu-

1285 3237 1510 3276 Conniventis
1535 3243 1628 3278 oculi
1647 3253 1710 3280 eos
1737 3255 1809 3281 non
1838 3249 2002 3296 accepit,
2024 3253 2154 3300 partim
2175 3255 2294 3304 legum
2319 3259 2363 3294 ti-

1286 3307 1386 3335 more
1406 3302 1584 3348 perculsa,
1601 3306 1764 3352 cogitans
1777 3319 1823 3346 nc
1841 3312 1986 3358 quando
2001 3313 2161 3355 lsidorus
2181 3320 2360 3357 calumnia

1285 3361 1482 3407 appetitus,
1510 3365 1554 3402 ad
1574 3368 1764 3413 praesidem
1787 3375 1980 3419 provinciae
2001 3387 2232 3424 provocarct.
2250 3383 2363 3420 lsido-

1285 3432 1364 3458 l'llln
1381 3427 1574 3472 convenit,
1597 3435 1704 3476 atque
1735 3432 1802 3480 ipsi
1831 3440 1940 3474 lotam
1971 3441 2182 3488 tragoediam
2212 3443 2358 3486 fatetur,

1283 3483 1314 3518 ei
1336 3486 1530 3524 ostendens
1544 3499 1674 3528 aureos
1687 3519 1696 3536 ,
1717 3504 1806 3540 quos
1825 3507 1845 3533 a
1865 3509 1992 3537 sorore
2007 3501 2195 3550 TheOphili
2216 3514 2358 3540 mercc-

1282 3544 1337 3581 dls
1357 3545 1435 3584 loco
1454 3551 1636 3596 accepisse
1649 3563 1688 3590 se
1701 3555 1842 3596 dicebat
1868 3561 2042 3600 adversus
2057 3564 2233 3600 lsidoruin
2252 3565 2356 3598 inno-

1281 3614 1437 3645 centem.
1459 3610 1502 3648 Et
1523 3612 1580 3649 illa
1595 3615 1738 3662 quidem
1759 3630 1842 3658 cum
1859 3622 1906 3660 ob
1930 3624 2054 3668 multa,
2078 3631 2151 3660 tttm
2173 3623 2353 3669 prmcittuc

1280 3668 1327 3704 ob
1353 3679 1432 3706 eam
1456 3681 1598 3712 causam
1614 3704 1623 3720 ,
1645 3680 1782 3717 meritis
1811 3683 1928 3728 pcenis
1964 3683 2156 3730 persolutis
2187 3681 2350 3719 moritur.

1281 3728 1447 3778 chirurgo
1465 3737 1643 3774 mamillas
1661 3740 1740 3786 ejus
1760 3749 1922 3778 curante.
1943 3728 2082 3778 interea
2105 3739 2262 3776 lsidorus
2281 3739 2349 3776 (Ιο-

1278 3792 1327 3828 nti
1345 3795 1534 3841 manebat,
1559 3799 1669 3836 Deum
1697 3813 1818 3838 orans.
1838 3803 1933 3839 Puer
1957 3807 2076 3836 autem
2097 3800 2226 3845 parum
2254 3803 2350 3845 icti-‘5

1279 3853 1411 3891 veritus
1427 3885 1436 3902 ,
1460 3859 1588 3904 partim
1616 3863 1836 3908 asperiorem
1857 3859 2095 3906 Theophilum
2115 3861 2320 3907 conjectaus
2338 3893 2347 3910 ,
