2758 4350
242 235 291 271 25

246 309 274 346 si
309 313 420 353 scopo
457 299 660 340 excideret,
684 293 726 330 ad
753 290 947 328 ecclesiam
967 317 976 332 ,
995 285 1082 324 utile
1120 291 1328 332 propugna-

249 345 393 412 culum,
423 362 600 410 confugit,
623 357 727 395 altari
754 355 959 393 adhaerens.
995 351 1046 388 lla
1075 345 1304 396 Theophilus
1321 373 1331 390 ,

251 411 388 470 silente
411 424 574 475 justitia,
613 419 789 458 lsidorum
830 414 993 454 Ecclesia
1024 411 1214 454 eliminat,
1253 417 1334 445 cum

253 474 472 532 exsecranda
507 483 755 532 divulgasset,
789 477 1001 526 injustitiam
1037 474 1214 523 gravitate
1241 479 1337 518 pra:-

255 562 394 592 taxcns.
417 548 555 587 Deinde
575 548 708 583 timens
726 541 886 580 Isidorus
901 569 911 585 ,
939 550 985 577 ne
1013 536 1158 574 tandem
1175 530 1338 582 graviori

257 627 308 655 n-a
328 615 520 662 instigatus
541 607 766 657 Theophilus
783 634 793 652 ,
812 605 920 642 saluti
949 613 1024 640 sua:
1056 599 1205 638 insidias
1227 595 1342 634 medi-

257 684 393 717 ta‘retnr
411 661 519 726 (fuam
538 673 582 710 ad
601 673 680 709 hsce
700 679 814 717 usque
831 668 941 705 etiam
969 663 1136 714 progredi
1167 661 1284 706 Solet,
1305 663 1344 695 ut

259 741 390 788 aiunt),
410 724 518 776 cursu
549 735 639 784 petit
671 738 832 770 montem
853 729 980 768 Nitriae
1012 727 1056 764 ad
1081 724 1343 764 monachorum

261 804 426 843 ordinem
446 829 456 847 ,
478 799 540 837 ubi
569 801 814 835 commoratus
845 793 962 830 fuerat
989 789 1204 828 adolescens
1221 798 1228 823 :
1245 791 1282 823 et
1309 784 1346 821 in

261 857 351 904 cella
370 874 436 902 sua
455 861 586 900 sedens
605 889 614 904 ,
634 857 850 906 precabatur
863 882 872 900 ,
894 851 1200 903 patientissimum
1229 848 1348 886 Deum

265 927 515 976 interpellans.
536 924 654 971 Super
674 921 730 958 his
751 920 931 958 indecora.-
949 922 985 954 et
1015 916 1162 952 incerta:
1187 909 1350 950 victoria:

269 991 338 1032 sibi
365 972 542 1028 conscius
571 983 824 1032 Theophilus,
863 979 976 1018 mittit
1017 979 1143 1015 literas
1181 974 1226 1012 ad
1259 972 1350 1010 vici-

269 1065 336 1093 nos
377 1053 590 1102 episcopos,
626 1053 663 1086 et
699 1046 802 1094 jubet
845 1041 1023 1092 quosdam
1058 1050 1080 1078 e
1115 1035 1296 1086 primariis
1331 1044 1354 1071 ιι

271 1096 457 1154 monte-et
485 1096 530 1149 ab
551 1109 714 1148 interiori
742 1116 867 1144 eremo
887 1103 1039 1152 expelli,
1061 1109 1198 1149 eosque
1228 1096 1358 1146 pricci—

277 1187 370 1226 puos
401 1175 619 1217 monachos,
640 1171 788 1208 minime
814 1167 938 1205 addita
955 1163 1158 1208 εδοξε).οιιὶ
1188 1159 1358 1198 monachi

275 1224 357 1277 cum
390 1237 596 1276 senioribus
634 1230 892 1270 Alexandriam
930 1237 1012 1265 cum
1055 1224 1356 1267 descendissent,

275 1303 429 1341 orabant
455 1297 696 1346 Theophilum
712 1323 724 1340 ,
756 1303 904 1330 causam
930 1296 970 1328 ut
993 1289 1156 1332 diceret,
1179 1287 1226 1325 ob
1251 1295 1360 1334 quam

275 1363 506 1403 condemnati
538 1360 717 1408 cjcctiqne
746 1362 884 1396 essent.
913 1355 976 1392 Ille
1008 1359 1130 1390 autem
1165 1348 1362 1397 sanguino-

277 1428 387 1466 lentis
418 1425 534 1464 oculis
567 1424 766 1462 draconum
801 1421 921 1458 instar
955 1415 1176 1459 intendens,
1215 1419 1362 1450 torvum

280 1491 422 1528 taurino
441 1498 542 1526 more
557 1485 788 1528 intuebatur;
807 1481 915 1520 modo
933 1479 1078 1528 quidem
1097 1475 1242 1521 lividus,
1257 1472 1366 1510 modo

283 1553 436 1602 pallidus
451 1581 462 1598 ,
482 1549 590 1588 modo
609 1555 728 1586 autem
747 1556 871 1584 amare
889 1543 1097 1586 subridens,
1113 1540 1159 1578 ab
1174 1536 1367 1576 immodica

282 1599 334 1652 ira
367 1615 560 1662 abreptus,
595 1610 814 1654 Ammonio,
833 1609 914 1644 vita
942 1604 1138 1654 grandmvo
1155 1630 1165 1648 ,
1191 1599 1369 1647 omopho-

283 1679 378 1716 rium
399 1676 566 1714 manibus
585 1675 662 1721 ipse
680 1674 757 1709 suis
777 1671 891 1718 injicit
913 1670 947 1706 in
968 1669 1102 1706 collum
1118 1695 1130 1712 ,
1151 1675 1234 1704 cum
1265 1662 1370 1700 malis

285 1740 366 1788 ejus
383 1738 505 1786 plagas
522 1735 736 1778 inflexisset,
755 1738 793 1769 et
811 1731 941 1778 pugnis
961 1739 1068 1766 nares
1085 1728 1164 1775 ejus
1183 1730 1372 1762 cruentas-

217 1798 224 1807 ”
289 1786 347 1839 set
363 1830 372 1846 ,
393 1801 596 1838 inclamans
614 1796 672 1833 his
687 1794 838 1832 vocibus
855 1805 864 1830 :
883 1791 1085 1835 Hmretice,
1105 1786 1372 1825 anathematiza

288 1863 481 1910 Origenem
503 1873 511 1896 :
530 1869 616 1896 cum
647 1856 736 1894 nihil
765 1861 862 1892 esset
889 1853 1116 1902 propositum
1141 1850 1188 1888 de
1217 1849 1376 1896 Origene

291 1930 422 1970 pneter
438 1920 716 1969 postulationem
733 1916 858 1954 lsidori
875 1925 998 1954 causa.
1013 1913 1112 1952 Talis
1125 1913 1222 1951 enim
1239 1912 1290 1949 ira
1305 1917 1374 1954 est,

293 1986 402 2022 veluti
421 1991 554 2028 canes,
573 1991 669 2018 eatea
695 1987 732 2018 et
753 1979 847 2017 dicta
874 1984 911 2016 et
943 1977 1036 2014 facta
1055 1976 1166 2024 parit.
1188 1974 1300 2023 Igitur
1325 1973 1378 2010 sic

295 2047 472 2094 sanguine
491 2044 677 2093 adspersi,
700 2050 737 2080 et
761 2044 838 2080 sine
869 2051 1049 2089 responso
1075 2039 1212 2078 reversi
1244 2039 1289 2077 ad
1313 2047 1376 2074 sua

295 2108 514 2146 monasteria
551 2107 774 2154 propositum
811 2105 893 2140 vitae
933 2104 1136 2140 institutum
1181 2110 1380 2148 perseque-

297 2169 442 2212 bantur,
456 2167 726 2214 Scripturarum
739 2165 889 2202 scientia
913 2165 1097 2212 ingenium
1112 2168 1299 2206 acuentes,
1317 2173 1380 2209 per

299 2238 390 2276 quas
420 2228 518 2264 Salus
548 2227 770 2274 acquiritur,
791 2226 887 2262 illius
921 2225 1099 2262 insaniam
1136 2235 1182 2262 eo
1211 2230 1380 2262 curantes

301 2291 441 2334 minus,
462 2289 558 2337 quod
577 2289 712 2326 nullius
727 2289 811 2326 mali
833 2289 900 2326 sibi
920 2289 1058 2327 conscii
1077 2295 1216 2327 essent.

347 2350 434 2390 Car.
455 2361 520 2388 vn.
538 2371 589 2378 —
608 2350 670 2388 llis
686 2361 758 2388 non
777 2351 1014 2398 adquiescens
1033 2350 1272 2398 Theophilus,
1295 2351 1381 2388 mit-

302 2415 344 2451 tit
362 2413 406 2450 ad
427 2413 564 2451 vicinos
583 2413 774 2462 episcopos
787 2441 797 2457 ,
817 2420 854 2452 et
873 2414 1048 2452 adversus
1066 2415 1267 2452 monachos
1287 2415 1384 2463 cogit

301 2476 514 2520 concilium,
537 2485 654 2524 neque
678 2475 724 2513 ad
751 2475 999 2514 defensionem
1021 2477 1157 2514 vocatis
1176 2477 1263 2524 ipsis
1279 2505 1290 2521 ,
1317 2487 1384 2515 nec

303 2539 391 2576 facta
413 2539 484 2576 illis
497 2538 639 2577 dicendi
658 2546 849 2587 potestate,
866 2546 939 2577 tres
955 2540 1052 2578 viros
1073 2551 1094 2578 e
1113 2540 1304 2589 praecipuis
1317 2551 1382 2579 ex-

303 2601 544 2638 eom'tnunicat
560 2630 570 2646 ,
589 2601 724 2639 veritus
743 2602 850 2639 simul
869 2609 996 2639 contra
1015 2602 1284 2641 mulu'tudinem
1307 2614 1385 2652 pte-

305 2673 385 2700 nam
403 2662 615 2708 decernere,
634 2670 839 2711 praetexens
856 2663 1064 2712 dogmatum
1083 2665 1357 2712 perversitatem
1373 2677 1382 2710 ;

303 2731 340 2762 et
355 2735 446 2772 quos
459 2737 554 2774 sche
569 2727 648 2774 plus
663 2736 769 2774 quam
783 2727 974 2775 episcopos
993 2727 1236 2765 honoraverat
1251 2734 1289 2765 ut
1308 2738 1386 2765 ma-

303 2788 447 2834 gistros,
469 2795 616 2837 propter
635 2789 759 2833 vitam,
775 2788 976 2826 doctrinam
999 2795 1034 2827 et
1052 2796 1211 2836 aetatem,
1231 2800 1294 2828 eos
1311 2801 1384 2827 non

308 2850 432 2896 puduit
451 2852 632 2898 appellare
660 2853 942 2900 prmstigiatores
957 2883 968 2900 ,
989 2864 1033 2891 eo
1051 2853 1148 2903 quod
1167 2865 1252 2903 erga
1273 2855 1388 2892 Isido-

309 2921 388 2948 rum
407 2913 542 2959 optimo
563 2913 680 2952 allecti
707 2920 843 2952 essent.
866 2915 914 2952 Et
940 2921 1020 2963 post
1045 2917 1389 2954 excommunicatio-

309 2982 391 3010 uem
410 2983 454 3011 ex
473 2974 552 3022 ipso
571 2981 696 3012 monte
715 2975 861 3013 instruit
877 2975 1118 3016 homunculos
1133 2979 1306 3026 quinque,
1327 2979 1388 3026 qui

311 3045 505 3084 numquam
526 3037 561 3074 in
583 3044 679 3076 coetu
693 3037 878 3076 seniorum
897 3039 1010 3076 eremi
1031 3046 1219 3085 steterant,
1237 3046 1273 3078 et
1291 3040 1388 3078 indi-

309 3097 368 3143 gni
381 3105 498 3145 erant,
517 3101 613 3148 piget
629 3100 763 3146 dicere,
775 3101 838 3150 qui
853 3102 911 3140 vel
929 3102 1068 3140 cstiarii
1081 3109 1203 3142 essent
1216 3115 1224 3140 :
1241 3110 1278 3142 et
1293 3103 1390 3143 hunc

311 3159 452 3227 qpidem
471 3160 612 3198 ordinat
625 3163 850 3211 episcopum,
866 3165 986 3202 viculo
1007 3165 1222 3213 praeficiens,
1238 3177 1321 3204 cum
1335 3167 1390 3204 ei-

313 3224 458 3288 vitatem
473 3233 545 3288 non
561 3224 707 3262 haberet
723 3226 874 3273 (etenim
893 3228 972 3266 sine
987 3228 1061 3266 ullo
1079 3228 1218 3276 pudore
1232 3230 1310 3268 illas
1325 3241 1391 3268 no-

311 3284 440 3318 vitates
460 3284 640 3330 audebat,
661 3297 702 3324 se
724 3287 879 3326 alterum
907 3290 1068 3340 Moysem
1087 3293 1238 3341 vocans)
1253 3321 1262 3337 ,
1289 3293 1389 3332 illum

312 3353 399 3380 vero
417 3345 680 3394 presbyterum,
696 3355 732 3386 et
751 3355 824 3388 tres
839 3351 930 3391 alios
948 3353 1121 3392 diaconos
1141 3354 1286 3392 ordinat
1299 3384 1309 3402 ,
1327 3357 1390 3405 qui

313 3415 385 3442 non
412 3412 515 3443 erant
540 3406 698 3457 Egyptii
716 3438 727 3456 ,
757 3412 822 3450 sed
839 3423 860 3451 c
879 3415 1032 3453 diversis
1059 3416 1162 3454 locis.
1186 3417 1274 3454 Erat
1293 3419 1391 3456 enim

313 3477 406 3537 unus
423 3477 548 3537 cor-um
568 3469 676 3519 Libys
690 3499 700 3515 ,
719 3473 811 3512 alius
828 3475 1095 3516 Alexandrinus
1107 3507 1119 3526 ,
1137 3479 1231 3518 alius
1253 3479 1390 3517 Phara-

314 3530 431 3574 nites,
458 3530 553 3591 alius
581 3543 668 3570 vero
698 3534 919 3576 Paraleotes.
941 3540 1057 3586 Quam
1077 3543 1126 3581 ob
1143 3553 1291 3581 causam
1311 3544 1391 3591 ejus

313 3599 405 3652 vano
420 3590 533 3628 labori
548 3602 824 3642 consenserunt,
839 3608 920 3636 cum
940 3601 1077 3640 nullum
1098 3604 1285 3651 praemium
1297 3614 1392 3652 epa-

314 3651 381 3687 tria
400 3653 618 3700 Sperandum
640 3655 826 3695 haberent.
849 3657 922 3698 Eos
943 3661 1063 3711 itaque
1080 3664 1268 3710 subornat,
1292 3651 1336 3702 ut
1350 3666 1394 3702 li-

316 3711 431 3752 bellos
451 3715 579 3754 darent
599 3718 771 3758 adversus
791 3728 862 3760 tres
884 3723 966 3761 illos
991 3737 1097 3764 senes
1120 3741 1127 3762 :
1150 3735 1187 3766 et
1208 3729 1308 3766 falsa:
1327 3739 1391 3766 ac-

318 3776 512 3815 cusationis
532 3780 640 3818 verba
658 3781 734 3830 ipse
750 3786 951 3832 contexuit,
967 3789 1023 3826 cui
1046 3801 1156 3827 unum
1175 3791 1209 3828 id
1229 3791 1286 3828 isti
1306 3801 1394 3828 con-

316 3833 475 3902 ﬁlerunt
489 3867 500 3884 ,
522 3847 561 3878 ut
591 3844 874 3885 subscriberent.
905 3849 1040 3888 Deinde
1057 3880 1066 3896 ,
1095 3853 1254 3897 acceptis
1273 3853 1319 3888 ab
1339 3852 1393 3888 eis

317 3891 443 3931 “belli!
461 3908 582 3939 coram
601 3905 774 3954 Ecclesia,
798 3908 996 3958 ingreditur
1015 3891 1066 3949 ad
1079 3891 1312 3960 Augustalem
1329 3941 1338 3957 .
1355 3919 1393 3949 et

1114 200 1328 243 PALLADII
1359 199 1371 236 Ι

1444 197 1527 235 LOG
1534 197 1590 235 US
2440 184 2483 220 93

1406 283 1532 314 contra
1554 277 1643 314 istos
1656 273 1855 322 supplicem
1878 271 2039 308 libellum
2055 267 2150 316 apud
2166 277 2249 307 cum
2265 266 2408 304 nemine
2424 277 2485 302 suo

1407 339 1557 388 deponit
1584 338 1662 386 ipse
1675 364 1686 383 ,
1703 335 1883 384 Egyptian:
1903 333 2104 371 diceeeseos
2123 329 2296 378 pontifex,
2314 327 2486 376 adjunctis

1409 403 1510 440 falsa:
1527 400 1770 440 accusationis
1792 397 1926 436 libellis
1941 425 1952 442 ,
1981 395 2144 444 petitque
2162 399 2200 430 ut
2219 392 2364 430 militari
2385 402 2486 430 manu

1410 466 1641 515 expellantur
1662 464 1685 500 ii
1704 462 1873 500 homines
1891 471 1939 498 ex
1960 459 2128 496 universa
2149 455 2320 504 Egypto.
2339 455 2489 502 Accepto

1413 531 1522 578 igitur
1539 529 1575 566 in
1595 527 1756 576 speciem
1779 525 1893 563 milite
1909 533 1982 561 una
2000 533 2082 560 cum
2103 519 2288 564 mandato,
2306 517 2492 555 scelerato-

1413 603 1494 631 rum
1509 589 1777 629 multitudinem
1793 591 2005 636 eongregat,
2019 585 2080 633 qui
2096 583 2191 622 circa
2212 586 2406 630 potestates
2418 591 2491 617 ver-

1415 662 1544 694 santur
1561 654 1606 692 ad
1624 653 1745 691 omnia
1769 653 1906 700 parati;
1927 657 1966 688 et
1983 653 2136 698 repente
2155 646 2373 685 monasteria
2393 651 2492 682 noctu

1418 717 1570 764 invadit,
1593 727 1676 755 cum
1694 716 1795 763 prius
1816 723 1965 763 pueros,
1983 713 2044 760 qui
2067 721 2190 750 secum
2209 714 2326 754 erant,
2343 707 2426 745 vino
2442 707 2492 744 in-

1418 780 1650 830 gurgitasset.
1680 778 1726 816 Et
1745 777 1903 826 primum
1923 775 2071 824 quidem
2090 773 2234 811 illorum
2255 770 2398 808 fratrem
2417 769 2495 806 Dio-

1421 854 1583 887 scorum,
1605 847 1772 880 sanctum
1789 840 2018 888 episcopum,
2040 837 2102 886 qui
2121 841 2202 874 erat
2215 845 2260 872 ex
2279 833 2339 870 illo
2357 839 2470 870 monte
2485 859 2494 876 ,

1421 905 1524 954 jubet
1539 905 1670 942 throno
1683 903 1782 952 ejici,
1803 909 1956 940 tractum
1969 911 1990 938 a
2005 900 2122 938 servis
2133 896 2374 944 Ethiopibus,
2393 895 2497 942 iisque

1424 969 1579 1006 fortasse
1606 965 1769 1004 nundum
1793 963 2012 1013 baptizatis;
2035 961 2105 1000 sibi
2132 959 2320 998 vindicans
2343 958 2416 1006 ejus
2441 967 2496 1004 pa-

1425 1031 1592 1076 rteciam,
1613 1040 1722 1078 quam
1742 1039 1761 1065 a
1782 1027 1918 1066 Christi
1937 1026 2092 1064 adventu
2116 1023 2273 1062 habebat
2287 1022 2408 1059 civitas
2424 1019 2498 1058 Dio-

1428 1095 1537 1133 scori.
1559 1093 1647 1130 Inde
1666 1091 1850 1141 przcdatur
1869 1096 2030 1128 montem
2045 1117 2056 1134 ,
2085 1086 2346 1126 monachorum
2373 1082 2500 1121 reculas

1427 1157 1634 1206 junioribus
1662 1155 1823 1204 praedam
1848 1153 2037 1192 addicens.
2069 1149 2245 1197 Expilatis
2273 1146 2426 1190 cellulis,
2453 1145 2501 1182 in-

1431 1219 1542 1268 quirit
1564 1225 1638 1256 tres
1659 1218 1740 1256 illos
1759 1225 1852 1266 quos
1873 1216 1908 1253 in
1929 1220 2079 1264 puteum
2099 1211 2332 1253 dcmiserant,
2353 1207 2502 1256 imposita

1433 1283 1486 1320 ori
1518 1281 1618 1330 putei
1651 1288 1805 1319 storea:
1832 1290 1917 1317 cum
1949 1285 2072 1316 autem
2103 1285 2168 1314 eos
2195 1284 2267 1312 non
2295 1272 2502 1315 invenisset,

1435 1355 1562 1382 eorum
1583 1343 1733 1382 cellulas
1751 1341 1949 1380 sarmentis
1969 1338 2132 1378 incendit
2145 1367 2156 1384 ,
2173 1335 2368 1376 combustis
2385 1343 2449 1372 una
2465 1333 2506 1370 li-

1437 1407 1514 1444 bris
1529 1405 1700 1444 omnibus
1709 1405 1846 1442 veteris
1863 1413 1906 1442 ac
1919 1403 2004 1440 novi
2015 1399 2256 1444 Testamenti,
2267 1397 2409 1444 aliisque
2422 1394 2508 1442 opti-

1437 1471 1509 1509 mis
1528 1470 1713 1509 codicibus
1727 1499 1736 1514 .
1759 1475 1798 1507 et
1815 1477 1928 1516 puero
1943 1477 2016 1505 uno
2033 1495 2043 1512 ,
2065 1467 2160 1504 sicut
2185 1462 2317 1502 oculati
2337 1466 2442 1499 testes
2456 1457 2508 1496 di-

1440 1545 1542 1580 xere,
1562 1539 1599 1572 et
1614 1543 1716 1572 sacra
1737 1531 1981 1570 Encharistia.
2001 1531 2092 1568 Cum
2111 1534 2231 1566 autem
2253 1527 2421 1574 impotens
2438 1523 2511 1570 ejus

1441 1597 1493 1635 ira
1509 1597 1692 1646 paululum
1708 1595 1966 1639 deferbuisset,
1983 1591 2236 1631 Alexandriam
2253 1588 2390 1636 repetit,
2403 1587 2512 1622 locum

1443 1659 1526 1709 fuge
1545 1659 1636 1698 dans
1655 1659 1790 1696 sanctis
1811 1658 1884 1696 illis
1898 1657 2009 1694 viris:
2025 1655 2086 1704 qui
2107 1655 2259 1702 sumptis
2277 1651 2394 1690 statim
2407 1647 2512 1687 melo-

1445 1723 1491 1760 tis
1521 1723 1600 1760 suis
1620 1724 1658 1760 in
1684 1721 1918 1760 Palmstinam
1952 1719 2130 1768 profecti,
2161 1717 2290 1755 Ellam
2317 1713 2513 1752 adventant.

1445 1783 1534 1822 Cum
1558 1785 1604 1822 iis
1623 1784 1762 1832 egressi
1782 1789 1882 1828 sunt,
1912 1790 2045 1830 praeter
2065 1781 2290 1830 presbyteros
2306 1775 2517 1814 ctdiaconos

1447 1849 1544 1886 illius
1562 1849 1697 1885 montis
1713 1875 1722 1891 ,
1745 1846 1898 1884 trecenti
1919 1846 2140 1894 Optimorum
2161 1840 2410 1881 monachorum
2432 1849 2441 1874 :
2460 1835 2519 1872 alii

1448 1920 1536 1947 vero
1557 1920 1621 1957 per
1640 1909 1784 1946 diversa
1804 1909 1882 1946 loca
1901 1907 2056 1956 diSpersi
2077 1913 2174 1944 sunt.
2197 1905 2379 1943 Secessum
2399 1907 2520 1937 eorum

1449 1983 1522 2009 non
1543 1972 1666 2010 ferens
1682 1971 1819 2020 obliqui
1837 1981 1967 2010 cursus
1986 1971 2150 2014 coluber,
2172 1976 2298 2006 rursus
2315 1969 2436 2003 contra
2461 1969 2522 2000 eos

1449 2035 1691 2083 Theophilum
1713 2035 1866 2072 suscitat
1886 2047 1894 2072 :
1914 2035 1974 2082 qui
1995 2035 2046 2071 ira
2065 2041 2261 2071 succensus
2277 2031 2394 2067 literas
2407 2029 2523 2064 exarat

1449 2097 1496 2135 ad
1525 2098 1717 2146 episcopos
1747 2098 1982 2135 Palazstinazz
2008 2107 2078 2134 non
2107 2094 2322 2144 oportebat,
2341 2089 2522 2138 inquiens,

1452 2173 1516 2200 vos
1535 2169 1670 2212 praeter
1690 2163 1914 2200 voluntatem
1945 2171 2063 2198 meam
2083 2161 2118 2197 in
2139 2159 2301 2196 civitates
2317 2160 2450 2192 vestras
2464 2151 2524 2188 hos

1452 2227 1638 2274 recipere;
1659 2225 1724 2262 sed
1743 2225 1916 2273 quoniam
1939 2223 2055 2271 ignari
2077 2222 2113 2260 id
2131 2220 2268 2258 fecistis
2285 2247 2295 2265 ,
2315 2217 2413 2255 vobis
2431 2214 2525 2262 igno-

1453 2299 1530 2326 sco.
1553 2289 1589 2325 In
1610 2294 1798 2335 posterum
1819 2287 1929 2335 igitur
1946 2291 2087 2330 cavete,
2109 2294 2152 2320 ne
2178 2283 2260 2320 illos
2280 2285 2342 2317 aut
2361 2280 2394 2316 in
2415 2275 2522 2314 eccle'

1453 2351 1638 2388 siasticum
1657 2356 1721 2387 aut
1739 2351 1774 2386 in
1794 2350 1972 2398 privatum
1993 2349 2150 2396 aliquem
2173 2347 2291 2384 locum
2308 2339 2498 2380 admittatis
2519 2349 2526 2373 :

1453 2413 1562 2452 deum
1580 2423 1662 2451 esse
1681 2423 1720 2450 se
1739 2423 1811 2450 non
1831 2412 1956 2450 dicens
1976 2417 2117 2449 tantum
2132 2437 2142 2453 ,
2167 2407 2230 2446 sed
2251 2407 2357 2444 etiam
2376 2412 2447 2452 prce
2466 2401 2529 2438 im-

1456 2477 1600 2516 modica
1627 2477 1836 2525 arrogantia
1863 2476 2078 2524 imaginans.
2108 2473 2162 2510 llli
2189 2471 2301 2509 nmlta
2326 2466 2530 2506 necessitate

1455 2540 1541 2586 acti,
1563 2549 1647 2578 cum
1671 2539 1705 2576 in
1723 2538 1794 2575 alia
1815 2549 1859 2576 ex
1880 2537 1961 2574 aliis
1978 2537 2056 2574 loca
2087 2535 2312 2584 migrarent,
2336 2529 2474 2568 tandem
2498 2529 2530 2562 in

1455 2602 1675 2640 Comitatum
1706 2601 1884 2645 veniunt,
1913 2599 1973 2636 ubi
1992 2597 2115 2635 divina
2144 2607 2254 2634 manu
2273 2594 2318 2632 ad
2338 2601 2456 2632 curam
2477 2599 2532 2636 p0-

1458 2665 1611 2702 tentium
1632 2663 1810 2712 agendam
1827 2661 1987 2699 Joannes
2013 2660 2214 2697 collocatus
2232 2663 2310 2696 erat
2327 2656 2532 2704 episcopus;

1457 2736 1566 2777 atque
1591 2727 1638 2765 ad
1658 2727 1738 2775 ejus
1762 2735 1880 2775 genua
1909 2723 2120 2772 provoluti,
2140 2722 2294 2760 orabant
2319 2718 2536 2758 succurreret

1457 2774 1649 2827 animabus
1661 2774 1881 2826 calumniam
1902 2785 2018 2833 passis
2031 2812 2042 2830 ,
2059 2789 2096 2822 et
2115 2782 2316 2822 devastatis
2332 2781 2376 2817 ab
2396 2779 2438 2816 iis
2451 2807 2460 2822 ,
2479 2774 2535 2824 qui

1459 2851 1495 2890 id
1515 2851 1634 2900 potius
1647 2859 1755 2898 quam
1773 2847 1991 2886 benefacere
2009 2845 2297 2884 conSuevissent.
2317 2841 2422 2880 Stetit
2435 2839 2538 2877 Joano

1460 2924 1526 2953 nes
1545 2925 1555 2950 :
1577 2919 1684 2960 atque
1703 2917 1741 2948 ut
1759 2911 1848 2948 vidit
1862 2908 2120 2958 quinquaginta
2140 2906 2337 2944 electorum
2358 2901 2536 2939 hominum

1460 2976 1646 3020 canitiem,
1667 2974 1782 3012 sacris
1801 2971 1986 3010 laboribus
2007 2971 2156 3007 tinctam
2176 2973 2212 3005 ct
2231 2971 2412 3010 ornatam,
2435 2958 2539 3000 veluti

1459 3038 1612 3088 Ioseph,
1635 3036 1784 3075 fraterni
1802 3035 1938 3072 amoris
1959 3032 2034 3070 acri
2051 3031 2176 3068 dolore
2196 3027 2416 3070 stimulatus,
2437 3025 2471 3061 in
2493 3023 2542 3060 la-

1461 3087 1606 3150 crymas
1625 3098 1761 3137 effusus
1781 3103 1851 3141 est,
1871 3100 2112 3142 percunctans
2129 3101 2174 3128 ex
2191 3089 2258 3133 eis,
2275 3087 2441 3135 quisnam
2458 3095 2543 3132 aper

1461 3165 1507 3203 de
1533 3164 1622 3202 silva
1646 3170 1709 3200 aut
1737 3159 1930 3208 singularis
1953 3157 2051 3194 ferus
2071 3155 2152 3192 huic
2178 3149 2462 3190 ftecundissima:
2481 3147 2541 3184 viti

1463 3227 1662 3266 invidisset.
1686 3223 1739 3260 llli
1761 3228 1882 3260 autem
1904 3231 1912 3255 :
1934 3217 2030 3255 Sede
2045 3244 2054 3262 ,
2070 3211 2191 3258 Pater,
2211 3217 2248 3248 et
2275 3209 2380 3248 nobis
2399 3209 2542 3247 medere

1463 3301 1536 3328 non
1557 3287 1788 3326 mediocriter
1805 3280 2004 3320 vulneratis
2021 3289 2042 3314 a
2063 3274 2254 3322 Theophili
2275 3283 2379 3322 papae
2401 3273 2518 3310 furore
2531 3299 2540 3314 ,

1463 3354 1493 3390 si
1513 3359 1632 3389 tamen
1653 3346 1790 3396 poteris
1809 3343 2000 3382 vulnerum
2023 3345 2231 3376 nostrorum
2251 3342 2414 3373 tumores
2432 3333 2475 3370 ad
2495 3332 2541 3368 ti-

1463 3415 1634 3452 catricem
1653 3394 1865 3458 perducere.
1880 3403 1971 3441 Nam
1983 3401 2014 3440 si
2027 3407 2064 3438 et
2077 3400 2155 3448 ipse
2169 3408 2238 3436 nos
2249 3397 2415 3446 negligis,
2429 3394 2539 3433 Theo-

1464 3476 1551 3526 phili
1563 3485 1626 3512 seu
1638 3455 1840 3510 reverentia
1854 3477 1917 3505 seu
1931 3465 2061 3504 timore
2075 3462 2218 3506 ductus,
2230 3466 2270 3498 ut
2288 3459 2349 3497 alii
2369 3455 2536 3506 episcopi.

1465 3522 1553 3578 nihil
1569 3538 1643 3586 jam
1662 3533 1791 3582 reliqui
1817 3529 1924 3569 nobis
1941 3528 1982 3566 lit
2009 3537 2030 3563 a
2047 3525 2150 3564 vobis
2165 3553 2176 3570 ,
2197 3524 2268 3562 nisi
2295 3528 2334 3560 ut
2353 3522 2538 3569 Imperato‘

1465 3612 1543 3640 rem
1564 3579 1763 3641 adeamus,
1785 3599 1824 3633 et
1849 3601 1960 3641 prava
1986 3589 2084 3627 illius
2111 3586 2204 3624 facta
2237 3586 2272 3624 in
2291 3579 2539 3623 contumeliam

1467 3663 1639 3702 Ecclesia:
1656 3639 1896 3708 exponamus.
1913 3654 1951 3692 Si
1969 3662 2057 3701 ergo
2073 3649 2330 3689 ecclesiasticae
2347 3645 2408 3685 tibi
2424 3639 2539 3685 existi-

1465 3725 1636 3762 mationis
1654 3733 1742 3761 cura
1764 3726 1843 3766 est,
1865 3717 1972 3756 nobis
1987 3725 2120 3759 annue,
2143 3714 2283 3762 ipsique
2299 3705 2487 3759 persuade,
2505 3708 2540 3739 ul

1467 3787 1572 3824 nobis
1594 3793 1758 3824 nostrutn
1781 3783 1818 3821 in
1833 3763 1998 3830 ⁷Ᾱὲδζγριο
2018 3777 2241 3816 domicilium
2269 3771 2440 3810 concedat
2454 3795 2464 3812 ,
2483 3763 2540 3813 qui

1465 3849 1556 3887 nihil
1574 3847 1818 3896 peccavimus,
1836 3852 1954 3890 neque
1972 3847 2096 3879 contra
2119 3840 2232 3886 legem
2249 3831 2463 3874 Servatoris.
2482 3838 2541 3864 υθ-

1465 3921 1535 3958 quc
1555 3891 1589 3946 in
1611 3918 1694 3946 eum
1713 3908 1846 3955 ipsum.
1867 3903 1922 3942 Ad
1942 3903 2020 3941 hac
2039 3901 2196 3938 Joannes
2217 3904 2366 3944 sperans
2384 3891 2485 3929 facile
2502 3895 2539 3924 se
