2758 4350
209 257 255 294 25
818 257 876 293 DE
906 257 1008 294 VITA
1037 258 1074 295 S.
1101 259 1288 298 JUANNlS
1315 259 1648 300 CHRYSOSTOMI.
2347 279 2394 317 25

209 329 386 378 Thcophni
404 331 568 368 adversus
584 340 645 369 eos
664 331 781 368 odium
801 331 1076 377 demutaturnm,
1098 333 1248 370 libenter

209 392 378 439 negotium
397 391 537 440 arripit,
559 391 753 430 admonens
770 403 832 430 eos
849 399 888 429 ut
912 393 1004 440 apud
1021 403 1146 430 omnes
1165 395 1248 430 reli-

205 456 300 502 gioso
325 455 459 492 silentio
477 454 649 492 adventus
673 455 728 492 sui
753 464 895 492 causam
929 461 1108 501 tegerent,
1131 455 1246 492 donec

205 517 288 564 ipse,
310 517 432 564 inquit,
452 517 581 554 misero
596 517 640 554 ad
662 516 808 554 fratrem
828 516 1076 564 Theophilum.
1099 517 1143 554 Et
1160 518 1244 554 dato

201 577 250 614 eis
267 579 298 614 in
317 579 461 623 ecclesia
475 579 565 616 dicta
583 579 766 616 Anastasio
787 579 938 626 hospitio
953 580 997 617 ad
1014 581 1244 628 requiescen-

198 638 294 683 dum,
312 639 384 686 ipse
399 639 536 687 quidem
554 651 622 676 non
641 641 884 688 suppeditabat
900 652 978 688 quae
991 641 1035 679 ad
1051 653 1153 679 usum
1171 643 1241 680 illis

199 701 394 736 necessaria
411 707 531 745 erant;
549 701 609 738 sed
630 701 802 748 religiosae
821 703 987 740 mulieres
1005 705 1134 740 vietum
1155 704 1241 751 ipsis

196 761 518 806 subministrabant,
539 769 574 800 et
591 762 655 809 ipsi
673 772 812 810 quoque
831 764 990 800 nonnihil
1008 765 1240 802 conferebant

196 831 238 857 cx
256 831 360 868 opere
384 833 560 860 manuum.
586 825 786 872 Contigerat
810 831 929 862 autem
949 826 1016 862 sub
1039 827 1073 863 id
1101 833 1238 874 tempus

195 889 228 917 ut
249 883 365 920 clerici
380 885 520 931 quidam
532 885 718 932 Theophili
735 887 1038 934 C0nstantinopoli
1055 889 1234 934 adessent,

195 944 458 990 magistratuum
489 947 548 994 qui
583 947 744 994 regenda:
778 948 932 997 IEgypto
965 950 1237 998 designabantur

194 1007 430 1052 promotiones
446 1015 717 1054 pnemercantes
733 1037 742 1054 ,
765 1016 799 1046 et
819 1010 1100 1048 benevolentiam
1118 1013 1235 1050 Theo—

193 1067 286 1112 philo
300 1068 523 1106 conciliantes
537 1069 571 1106 in
588 1071 776 1116 perniciem
795 1081 916 1108 eorum
933 1074 991 1120 qui
1014 1074 1062 1110 illi
1086 1075 1232 1112 minime

191 1127 382 1173 placebant.
397 1129 469 1166 Hos
486 1130 589 1176 igitur
601 1131 644 1168 ad
658 1141 696 1168 se
709 1132 839 1170 accitos
853 1133 1007 1172 Joannes
1027 1143 1232 1182 percuncta-

188 1191 302 1233 batur,
319 1199 361 1226 an
379 1198 569 1236 praesentes
587 1193 776 1231 mouachos
794 1195 992 1235 novissent.
1013 1197 1062 1234 Illi
1080 1199 1231 1237 candide

185 1248 229 1286 de
249 1249 333 1296 ipsis
347 1252 582 1290 testimonium
599 1255 821 1302 perhibuere,
837 1257 993 1296 dicentes
1008 1259 1136 1297 Joanni
1157 1273 1165 1298 :
1185 1261 1230 1298 Et

185 1310 342 1347 novimus
359 1321 439 1356 eos,
463 1318 498 1350 et
525 1314 593 1350 vim
625 1325 786 1364 magnam
817 1321 974 1366 perpessi
1003 1329 1085 1358 sunt
1107 1335 1115 1358 :
1137 1333 1178 1360 ac
1197 1324 1228 1360 si

183 1369 312 1416 placet,
331 1371 493 1417 domine,
512 1375 706 1422 spiritalem
721 1378 772 1414 eis
789 1381 1074 1418 connnuniouem
1097 1383 1228 1431 imper-

183 1432 246 1468 tire
263 1431 359 1478 noli,
381 1444 425 1471 ne
441 1434 597 1473 offendas
616 1437 849 1484 Theophilum
869 1453 877 1477 :
899 1441 934 1478 in
963 1445 1101 1482 caeteris
1127 1445 1228 1484 beni-

179 1503 282 1538 gnum
314 1500 348 1531 te
377 1497 524 1542 praebe;
556 1499 624 1535 hoc
651 1500 744 1536 enim
773 1507 808 1538 te
829 1508 864 1538 ut
883 1505 1087 1552 episcopum
1107 1507 1224 1544 decet.

178 1555 233 1592 Sic
250 1556 404 1595 Joannes
423 1569 484 1596 eos
501 1561 641 1607 quidem
659 1562 702 1598 ad
719 1566 1003 1604 communionem
1026 1579 1094 1605 non
1114 1569 1227 1606 arlmi-

176 1619 221 1654 sit
244 1631 252 1654 :
275 1619 470 1667 Theophi-lo
489 1628 606 1660 autem
621 1625 769 1670 scribit,
789 1637 894 1665 orans
914 1640 923 1664 :
945 1629 982 1666 In
1003 1630 1068 1666 hoc
1088 1631 1171 1668 mihi
1189 1639 1226 1669 ut

177 1679 248 1717 ﬁlio
264 1686 298 1718 et
319 1681 415 1719 fratri
435 1683 632 1730 gratificare
645 1714 654 1729 ,
676 1687 784 1726 hosce
801 1689 898 1728 viros
913 1693 1150 1740 amplectitur.
1171 1695 1223 1732 Ad

174 1741 248 1778 haec
275 1741 516 1791 Theophilus,
545 1748 692 1794 gratiam
723 1751 866 1798 quidem
898 1755 1038 1801 negavit
1064 1756 1218 1802 Joanni;

175 1803 274 1840 mittit
293 1811 408 1842 autem
429 1807 598 1854 quosdam
615 1809 660 1846 ad
679 1813 918 1850 contentiosas
941 1816 1129 1854 verborum
1156 1829 1220 1866 pu—

175 1873 256 1911 gnas
273 1866 494 1909 exercitatos,
515 1869 560 1906 de
579 1871 706 1916 quibus
725 1873 889 1920 superius
905 1874 1072 1923 diximus,
1092 1887 1127 1916 et
1141 1890 1218 1917 mo-

175 1929 241 1968 uel,
259 1924 342 1962 dent
359 1926 409 1963 illi
426 1927 564 1966 libellos
579 1939 738 1978 precum,
757 1944 848 1982 quos
866 1947 964 1974 more
981 1949 1046 1976 suo
1068 1941 1143 1988 ipse
1161 1941 1217 1979 di-

173 1990 322 2024 ctaverat
341 1999 352 2024 :
369 1989 426 2036 qui
455 1991 683 2030 continebant
707 2002 867 2042 apertum
895 1999 1038 2045 quidem
1069 2003 1216 2040 menda.—

171 2045 281 2091 cium,
314 2049 480 2088 amictum
511 2062 595 2091 vero
621 2054 719 2092 varia
753 2063 790 2094 et
822 2059 1006 2107 multiplici
1038 2063 1214 2102 calumnia

171 2115 285 2146 eorum
304 2120 382 2158 quae
397 2120 480 2151 sunt
499 2115 684 2154 invisibilia
697 2146 707 2164 ,
726 2129 806 2156 cum
835 2121 924 2159 nihil
955 2123 1102 2163 haberet
1120 2127 1216 2166 unde

169 2177 282 2206 eorum
311 2172 416 2210 vitam
449 2175 754 2224 calumniaretur;
781 2179 934 2230 facitque
963 2191 1002 2221 ut
1029 2185 1063 2222 in
1085 2187 1215 2233 palatio

168 2231 258 2276 quasi
278 2235 550 2284 praestigiatores
563 2238 672 2286 digito
684 2248 982 2282 monstrarentur.
999 2231 1158 2286 Monaclii
1177 2257 1216 2288 ut

167 2292 320 2332 Viderunt
338 2307 376 2334 se
394 2309 465 2336 non
484 2301 601 2337 solum
621 2301 858 2350 Theophilum
877 2317 947 2344 non
968 2308 1130 2356 placare,
1149 2312 1213 2350 sed

166 2351 197 2388 in
211 2356 375 2402 majorem
390 2359 478 2396 iram
493 2361 692 2410 impellere,
705 2364 790 2402 dum
809 2367 940 2405 multos
956 2369 1214 2412 intercessores

165 2415 206 2451 ad
231 2417 326 2456 illum
356 2422 525 2468 mittunt,
553 2425 700 2472 insuper
729 2434 872 2474 paratos
893 2439 933 2468 se
950 2441 1030 2470 esse
1052 2433 1214 2474 dicentes

163 2476 279 2516 falsam
299 2491 440 2520 omnem
465 2484 663 2524 doctrinam
681 2489 983 2530 anatltematizare
1002 2506 1012 2530 :
1033 2497 1212 2544 supplices

162 2537 294 2578 l-bcllos
309 2542 435 2583 Joanui
452 2548 604 2586 olTerunt
619 2578 628 2593 ,
647 2549 788 2590 diversa
804 2553 990 2603 Theophili
1013 2537 1212 2606 tyrannidis

161 2608 285 2644 genera
312 2603 518 2668 deuotantes
533 2639 542 2654 ,
573 2611 750 2658 adjunctis
778 2615 990 2662 quibusdam
1011 2603 1180 2668 capitulis
1196 2652 1206 2668 ,

161 2668 238 2704 qua:
258 2661 361 2706 pudet
376 2673 492 2703 coram
509 2661 934 2724 simplicioribusidicere,
955 2690 1001 2717 ne
1018 2661 1081 2718 eos
1093 2692 1112 2718 a
1131 2693 1211 2721 cre-

159 2719 274 2787 dendo
290 2721 500 2772 deterream,
519 2729 668 2770 fortasse
683 2736 788 2774 etiam
805 2739 897 2785 apud
916 2719 1150 2787 perfectiores
1166 2745 1209 2782 fi-

158 2779 236 2817 dem
252 2793 321 2820 non
337 2785 554 2826 inventurus.
568 2791 702 2832 Rursus
715 2803 750 2834 et
761 2809 822 2844 per
833 2801 990 2848 seipsum
1003 2811 1037 2842 ct
1053 2816 1117 2852 per
1127 2806 1207 2845 illos

158 2841 338 2891 episcopos
368 2847 530 2886 hortatur
547 2861 609 2889 eos
633 2854 812 2905 Joannes,
833 2867 870 2898 ut
895 2863 1062 2904 desinant
1087 2868 1204 2915 ipsum

157 2909 318 2942 accusare
347 2907 393 2944 ob
421 2910 618 2950 molestiam
647 2927 726 2963 quae
755 2929 798 2956 ex
829 2921 1032 2970 lmjusmodi
1059 2907 1204 2976 juiliciis

159 2965 247 3038 pasci
273 2968 389 3006 solet:
411 2978 448 3009 et
475 2975 599 3014 scribit
619 2977 814 3028 Theophilo
835 2997 842 3020 :
865 2965 916 3024 ἑο
943 2965 1203 3038 desperationis

161 3023 309 3095 homines
324 3031 496 3078 ejusmodi
515 3037 692 3080 devenere
708 3070 718 3088 ,
747 3051 784 3081 ut
807 3049 940 3096 scripto
963 3023 1199 3093 teraccusettt.

159 3085 318 3157 Caeterum
338 3097 430 3142 quod
452 3098 513 3136 tibi
541 3101 678 3140 videtur
703 3109 858 3148 rescribe
912 3124 982 3151 non
1014 3117 1110 3154 enim
1141 3130 1200 3157 me

158 3150 291 3190 audiunt
305 3183 314 3200 ,
338 3164 376 3194 ut
393 3169 413 3196 a
431 3160 608 3202 Comitalu
631 3167 828 3208 discedant.
847 3173 902 3210 Ob
917 3150 1201 3223 ejusmodi

159 3218 208 3282 lita
222 3219 318 3282 totus
334 3219 384 3257 ira
405 3222 568 3264 incensus
585 3228 815 3278 Theophilus,
835 3237 881 3274 ab
899 3218 1058 3277 Ecclesia
1079 3244 1200 3282 exclu—

686 3269 694 3278 Ι
767 3269 815 3278 Ni,
836 3269 878 3274 ἡ...
899 3269 1058 3277 -υν-μιιιιι
1079 3269 1198 3282 ...πριιι-

157 3269 357 3354 ditrfraltrem
375 3287 627 3328 monachorum
653 3293 864 3335 Dioscorum
887 3301 1118 3350 episcopum,
1137 3308 1198 3354 qui

157 3341 188 3354 In
215 3344 270 3354 Ann
285 3339 348 3354 ιι-εΑ
370 3351 397 3354 αν
665 3352 671 3354 ⁸

157 3333 165 3337 _
843 3333 864 3335 ,_
891 3333 1006 3347 φη.--
1025 3333 1094 3340 ......
1109 3334 1118 3350 ,
1137 3333 1146 3342 .
1165 3333 1198 3345 ...

205 3333 351 3410 Ecclesia
368 3351 530 3386 senuerat
548 3362 556 3386 :
576 3357 612 3388 et
629 3352 674 3390 ad
691 3353 864 3396 Joannem
883 3333 1091 3410 episcopum
1109 3333 1199 3405 scii-

179 3394 186 3400 .
773 3392 778 3394 ἡ
886 3392 1091 3410 -.νηνηηηη
1109 3392 1196 3405 οι...-

155 3392 227 3433 htt:
249 3398 402 3441 Arbitror
423 3411 584 3456 equidem
605 3425 675 3453 non
695 3418 860 3466 ignorare
883 3428 918 3461 te
935 3435 1114 3466 canonum
1135 3429 1196 3468 Ni-

155 3463 324 3535 carporpm
342 3464 531 3518 decretum,
547 3485 616 3522 quo
636 3480 807 3526 sancitur,
825 3493 870 3521 ne
887 3487 1076 3535 episcopus
1095 3491 1192 3530 litem

558 3519 568 3522 _
799 3519 807 3526 ,
841 3519 866 3521 ν-
891 3519 1076 3535 τηητν.-

153 3521 245 3598 ωεξςέ
263 3519 350 3598 Ilines
367 3532 593 3579 suosjudicet
609 3549 618 3573 :
637 3540 666 3576 si
688 3547 807 3578 autem
828 3544 996 3593 ignoras,
1017 3549 1116 3588 disce
1130 3581 1139 3598 ,
1159 3561 1195 3592 et

153 3584 168 3598 Ο
209 3590 216 3598 .
243 3591 260 3598 ιι
289 3583 314 3598 2-
338 3595 349 3598 Α
369 3586 377 3598 Ι

460 3576 469 3579 _
740 3576 807 3578 μμ-
829 3576 836 3580 ,
865 3576 996 3593 ..πμ-υ,
1018 3576 1116 3588 uuam.
1159 3576 1194 3592 cl

153 3584 170 3612 ι
196 3576 316 3620 libellis
335 3586 499 3630 adversus
526 3607 582 3634 me
607 3599 759 3638 abstine.
784 3576 874 3640 Nar-ri
903 3606 931 3642 si
962 3607 1108 3654 iudicari
1130 3581 1194 3652 ine

153 3643 319 3723 :ponelret
336 3675 346 3690 ,
367 3650 416 3716 Iab
440 3652 616 3704 Egyptiis
643 3661 821 3710 episcopis

153 3703 216 3795 :3:
233 3711 251 3738 η
269 3710 301 3741 te
319 3709 374 3754 qui
391 3703 610 3765 septuaginta
625 3703 782 3770 quinque
798 3703 936 3764 dierum
958 3729 1084 3770 itinere
1110 3703 1193 3775 hinc

212 3769 240 3795 ι.

153 3765 240 3797 anes.

195 3821 270 3861 Car.
283 3839 368 3895 lvm.
387 3856 432 3863 —-
448 3840 601 3888 Accepta
623 3843 783 3892 lectaque
803 3859 846 3885 ea
864 3851 1012 3898 epistola
1033 3855 1190 3896 Joannes

151 3888 220 3917 eam
237 3889 368 3932 quidem
382 3906 488 3942 penes
503 3912 542 3938 sc
574 3906 741 3951 servavit,
763 3912 947 3950 monachis
966 3922 1082 3953 autem
1102 3929 1187 3966 par-

1325 335 1368 370 tis
1390 336 1576 384 utriusque
1595 349 1643 375 ea
1664 341 1754 378 dixit
1773 353 1854 390 qum
1879 347 1924 383 ad
1958 358 2080 394 pacem
2111 358 2228 389 erant.
2256 353 2391 398 Quibus

1320 395 1462 440 auditis,
1487 407 1698 446 exasperata
1723 411 1780 440 est
1797 410 1948 452 utraque
1977 419 2074 454 pars,
2114 411 2172 448 illa
2190 395 2332 459 quidem
2351 423 2389 451 ut

1321 457 1506 504 tyrannide
1525 469 1712 506 oppressa,
1743 463 1856 501 altera
1885 477 1972 504 vero
1999 471 2094 516 quod
2115 457 2251 520 absque
2269 475 2389 512 Theo-

1319 519 1415 566 philo
1434 519 1641 558 facultatem
1663 533 1734 560 non
1756 525 1906 564 haberet
1943 530 2108 570 incunda:
2143 519 2254 582 pacis,
2287 538 2388 584 cujus

1311 579 1414 627 jussu
1433 581 1583 620 dederat
1609 584 1751 622 libellos
1770 587 1961 626 calumniis
1992 593 2131 639 plenos.
2145 579 2216 634 VSic
2230 597 2388 637 Joannes

1314 641 1398 680 dato
1409 644 1461 680 eis
1479 655 1666 692 responso,
1681 657 1744 684 eos
1761 649 1806 686 ab
1819 659 1881 686 sua
1895 661 1980 688 cura
1999 659 2034 690 ct
2048 657 2264 704 cogitatione
2279 661 2384 698 diuti-

1311 705 1370 742 sit.
1391 706 1565 745 Postluec
1582 711 1763 755 monachi,
1779 714 1839 759 qui
1857 713 1986 760 injuria
2007 717 2125 754 affecti
2144 719 2300 765 fuerant,
2321 734 2379 760 re-

1311 769 1493 812 cedentes,
1526 771 1666 810 libellos
1685 775 1840 820 grandes
1859 783 1892 813 et
1916 777 2090 816 verbosos
2127 791 2350 830 componunt
2372 799 2379 821 :

1309 831 1505 868 monachos
1521 833 1667 880 quidem
1703 841 1884 884 tamquam
1903 839 2184 879 calumniatores
2202 853 2371 882 accusan-

1308 896 1376 935 tes,
1399 892 1572 931 adversus
1589 895 1827 944 Theophilum
1847 910 1947 946 vero,
1970 911 2014 938 nc
2031 903 2116 950 quid
2128 904 2224 941 aliud
2244 905 2374 951 dicam,

1307 962 1348 989 ea
1366 953 1602 993 inscribentes
1621 969 1701 1004 qua:
1721 966 1825 996 erant
1837 961 2041 1010 Theophili,
2057 971 2093 1002 et
2111 972 2198 1012 quot
2211 974 2246 1004 ct
2260 979 2374 1014 quan-

1306 1020 1340 1050 ta
1354 1016 1506 1062 quisque
1527 1025 1689 1056 noverat.
1713 1021 1872 1070 Cumque
1908 1024 2048 1062 libellos
2066 1027 2282 1066 obtulissent
2297 1031 2374 1068 Au-

1303 1077 1430 1123 gustis,
1448 1077 1714 1126 lmperatriccm
1733 1083 1866 1121 adeunt
1885 1085 1919 1122 in
1934 1085 2104 1136 Mat-tyrio
2130 1091 2245 1128 sancti
2261 1091 2373 1130 Joan-

1303 1140 1372 1183 nis,
1393 1148 1581 1188 orantqne,
1597 1151 1634 1180 ut
1649 1144 1938 1186 adversariorum
1951 1151 2094 1196 quidem
2111 1153 2370 1192 monachorum

1307 1201 1450 1239 libellus
1485 1204 1580 1250 apud
1621 1206 1810 1251 praefectos
1859 1212 2149 1258 examinaretur,
2186 1215 2372 1264 Theophi-

1304 1261 1360 1298 los
1379 1273 1465 1300 vero
1485 1265 1542 1300 vel
1569 1265 1701 1302 invitus
1731 1267 1886 1314 adesset,
1915 1277 1951 1308 et
1980 1283 2102 1310 coram
2121 1275 2370 1324 Jounuejudi-

1299 1330 1458 1362 caretur.
1476 1325 1643 1364 Admissa
1659 1335 1715 1366 est
1731 1331 1936 1376 postulatio,
1956 1344 2036 1380 qua:
2069 1335 2138 1373 hoc
2159 1348 2370 1385 responsum

1299 1385 1402 1422 tulit:
1420 1385 1466 1424 Ut
1487 1387 1706 1436 The0philus
1730 1391 1854 1430 volens
1874 1393 2002 1432 nolens
2021 1395 2201 1436 exhibitus
2219 1409 2283 1446 per
2298 1401 2373 1440 Ma-

1297 1447 1464 1494 gistrum,
1483 1459 1606 1488 coram
1619 1451 1758 1491 Joanne
1772 1465 1917 1493 causam
1933 1457 2070 1496 dioeret
2087 1471 2096 1504 ;
2120 1463 2288 1500 monachi
2300 1475 2366 1502 au-

1299 1513 1370 1544 tem
1391 1519 1435 1546 ex
1462 1512 1624 1558 partibus
1645 1513 1839 1563 Theophili
1857 1523 1894 1555 ut
1917 1519 1984 1556 sibi
2013 1528 2221 1560 constarent
2237 1525 2272 1562 in
2294 1525 2362 1571 his,

1297 1579 1448 1616 quorum
1465 1579 1609 1611 sanctos
1625 1585 1732 1614 senes
1764 1587 2034 1628 accusaverunt,
2055 1585 2365 1625 autcaluumiato-

1297 1639 1376 1667 rum
1395 1641 1520 1678 poenas
1537 1635 1711 1674 subirent.
1733 1637 1791 1676 Sic
1821 1641 1928 1688 igitur
1947 1643 2202 1682 Alexandriam
2234 1647 2366 1687 missus

1295 1699 1347 1729 est
1369 1693 1555 1741 Elaphius,
1588 1699 1647 1745 qui
1665 1710 1760 1738 nunc
1787 1712 1832 1739 ex
1851 1703 2072 1752 principibus
2089 1715 2158 1752 est,
2181 1715 2219 1746 ut
2240 1710 2362 1749 Theo-

1293 1753 1428 1800 philum
1457 1757 1654 1798 adduceret
1672 1774 1682 1798 ι
1702 1763 1838 1811 reliqua
1865 1768 2028 1814 responsi
2050 1769 2247 1818 imperialis
2267 1783 2360 1820 pra:-

1290 1816 1372 1853 feCti
1387 1821 1574 1867 exsequuti
1595 1829 1692 1861 sunt.
1709 1825 1798 1862 Cum
1825 1829 2008 1867 accusatio
2036 1816 2306 1871 exaininaretur
2325 1841 2362 1872 et

1289 1879 1323 1916 in
1336 1880 1510 1920 incertum
1522 1883 1715 1932 desineret,
1733 1888 1831 1936 leges
1845 1891 1988 1938 quidem
2008 1894 2188 1933 instabant
2201 1896 2358 1944 gladium

1288 1943 1524 1988 renudantes;
1543 1948 1662 1984 miseri
1683 1958 1802 1987 autem
1819 1953 1869 1989 illi
1888 1964 2056 1992 eventum
2069 1959 2188 2004 veriti,
2209 1959 2355 1997 dilatio-

1287 2013 1370 2041 nem
1389 2012 1514 2052 petunt
1529 2018 1640 2056 usque
1652 2011 1697 2047 ad
1715 2012 1905 2061 Theophili
1923 2017 2131 2063 adventum,
2145 2023 2278 2069 quippe
2298 2024 2358 2070 qui

1287 2067 1384 2114 ipsos
1415 2069 1649 2110 subornasset
1686 2079 1723 2110 et
1745 2076 2026 2124 supplicationes
2059 2067 2280 2120 dictavisset.
2307 2067 2357 2121 ita

1285 2127 1457 2166 olliciales
1473 2141 1536 2168 eos
1551 2131 1586 2168 in
1601 2143 1784 2172 carcerem
1803 2137 2000 2186 conjiciunt
2021 2151 2134 2190 usque
2155 2142 2200 2180 ad
2216 2143 2354 2182 adven-

1287 2195 1360 2226 tum
1380 2191 1584 2240 Theophili,
1600 2196 1762 2234 nolentes
1781 2199 1816 2236 in
1837 2200 1898 2237 tali
1915 2211 2022 2240 causa
2035 2203 2150 2242 vades
2169 2207 2352 2254 accipere.

1289 2248 1336 2286 Et
1353 2249 1478 2288 horum
1497 2254 1641 2300 quidem
1657 2258 1858 2296 moriuntur
1882 2263 2042 2300 nouuulli
2065 2265 2100 2302 in
2121 2266 2278 2304 vinculis
2291 2266 2352 2305 diu

1285 2309 1460 2350 demorati
1475 2315 1520 2352 ob
1544 2316 1718 2355 adventus
1740 2319 1928 2368 Theophili
1941 2325 2144 2364 tardantem
2167 2340 2176 2365 :
2196 2328 2257 2366 alii
2269 2339 2354 2366 vero

1286 2379 1368 2418 post
1385 2372 1576 2412 adventum
1597 2376 1799 2426 Theophili,
1821 2382 1882 2428 qui
1914 2393 1988 2420 rem
2025 2388 2176 2432 pecunia
2209 2388 2349 2428 facilem

1285 2432 1509 2480 reddiderat,
1524 2436 1560 2472 in
1576 2445 1754 2484 postrema
1776 2442 2066 2491 interrogatione,
2090 2453 2271 2496 tamquam
2287 2462 2350 2488 ca-

1285 2495 1532 2542 lumniatores,
1552 2499 1820 2540 Proconncsum
1835 2515 1855 2541 a
1871 2506 2054 2552 judicibus
2083 2511 2230 2558 relegati
2253 2521 2349 2551 sunt.

1283 2555 1342 2594 Sic
1357 2557 1552 2598 adveniens
1571 2561 1791 2610 Theophilus
1809 2565 1918 2604 veluti
1937 2569 2140 2609 scarabzrus
2156 2572 2241 2609 fimo
2258 2585 2351 2612 ouu-

1281 2626 1360 2658 stus
1387 2622 1707 2668 pulcherrimarum
1735 2637 1948 2676 rerumquze
1969 2631 2003 2668 iu
2034 2631 2192 2681 Egyplo
2221 2643 2306 2674 sunt
2319 2645 2355 2674 et

1281 2682 1315 2718 in
1338 2682 1413 2730 ipsa
1431 2682 1530 2721 ludia
1546 2687 1796 2726 suavissimum
1819 2691 1969 2730 odorem
2001 2704 2066 2742 pro
2081 2694 2203 2734 ftetida
2222 2697 2354 2736 invidia

1279 2755 1469 2792 spargens,
1489 2753 1589 2785 sexta
1611 2749 1713 2796 hora,
1733 2753 1858 2799 quinta
1876 2755 2016 2793 sabbati
2043 2757 2350 2807 Constantinopo-

1279 2806 1340 2844 lim
1359 2808 1470 2854 venit,
1490 2811 1608 2848 nautis
1638 2813 2046 2864 circumplaudentibus,
2065 2819 2234 2858 infamem
2255 2821 2352 2860 refe-

1277 2880 1361 2906 rens
1393 2870 1557 2918 gloriam,
1577 2873 1623 2910 de
1659 2886 1726 2922 qua
1765 2877 1878 2914 multo
1911 2885 1996 2917 ante
2015 2879 2110 2918 dixit
2134 2884 2320 2930 apostolus
2342 2897 2350 2922 :

1278 2931 1434 2977 Quorum
1465 2934 1578 2982 gloria
1603 2936 1638 2972 in
1667 2939 1870 2986 confusione
1896 2941 2080 2988 ipsorum:
2107 2944 2257 2991 addens,
2281 2947 2348 2993 Qui

1275 3000 1408 3031 terrena
1442 2997 1782 3050 sapiunt(.P/tilipp.
1819 3004 1854 3041 3.
1884 3004 1986 3052 19):
2021 3012 2059 3044 et
2091 3006 2346 3056 hospitaturin

1275 3058 1437 3096 tentoriis
1451 3059 1681 3108 injustorum,
1699 3063 1839 3112 fugiens
1867 3069 2059 3107 ecclesiam
2080 3071 2240 3110 :oblitus
2275 3075 2346 3112 Da-

1273 3119 1379 3156 vidici
1412 3121 1508 3159 illius
1527 3135 1541 3159 ει
1572 3124 1835 3174 Elegiahjectus
1861 3141 1934 3168 esse
1969 3133 2006 3170 in
2035 3134 2138 3171 domo
2176 3135 2238 3174 Dei
2267 3141 2346 3182 mei,

1272 3182 1380 3228 ntagis
1397 3194 1500 3230 quam
1516 3185 1668 3224 habitare
1685 3189 1720 3224 in
1739 3190 1966 3230 tabernaculis
1985 3205 2198 3241 peccatorum
2216 3200 2228 3248 (
2248 3199 2344 3238 l’sal.

1271 3242 1330 3279 85.
1344 3245 1358 3280 l
1372 3245 1382 3280 l
1399 3243 1412 3293 )
1429 3258 1438 3290 ;
1459 3247 1524 3285 sed
1533 3247 1577 3285 ab
1591 3249 1747 3287 ecclesia
1761 3261 1843 3289 eum
1864 3256 2010 3294 arcebat
2030 3267 2092 3294 sua
2105 3242 2342 3300 conscientia.

1271 3304 1522 3345 Commoratus
1543 3309 1648 3356 igitur
1663 3316 1736 3350 tres
1755 3318 1988 3364 septimanos,
2006 3329 2123 3368 neque
2136 3332 2218 3360 cum
2237 3323 2348 3362 Joan-

1270 3377 1314 3404 ne
1329 3369 1498 3417 episcopo
1515 3381 1732 3420 congressus
1750 3383 1819 3422 est,
1837 3385 1874 3414 ut
1888 3381 2006 3418 solent
2020 3383 2194 3431 episcOpi,
2225 3397 2344 3434 neque

1269 3431 1416 3468 omnino
1434 3433 1589 3470 accessit
1605 3435 1649 3472 ad
1663 3438 1852 3478 ecclesiam
1876 3454 1885 3478 :
1905 3453 2030 3482 verum
2063 3447 2208 3485 assidue
2229 3449 2343 3484 inter-

1267 3489 1326 3527 diu
1354 3498 1390 3528 ct
1407 3499 1514 3531 noctu
1535 3497 1775 3537 contendebat
1797 3512 1928 3541 novum
1947 3507 2067 3544 odium
2093 3509 2206 3546 veteri
2229 3519 2339 3544 accu-

1268 3553 1423 3600 mulans,
1447 3555 1673 3596 utJoaunem
1691 3561 1900 3612 cpiscopmn
1931 3577 2000 3605 non
2035 3570 2152 3606 solum
2178 3568 2339 3604 Ecclesia

1266 3617 1476 3664 expelleret,
1493 3619 1556 3657 sed
1577 3621 1652 3668 ipsa
1679 3625 1752 3662 vita
1789 3629 1961 3674 privaret,
1995 3631 2125 3677 partim
2149 3627 2338 3672 largitione

1265 3677 1342 3713 auri
1361 3686 1484 3716 contra
1503 3683 1690 3722 veritatem
1711 3689 1982 3734 superstitiosos
1997 3699 2018 3725 c
2037 3687 2242 3734 potentibus
2257 3685 2341 3721 red-

1266 3739 1396 3784 imens,
1421 3743 1552 3788 partim
1590 3746 1801 3786 lautioribus
1839 3750 1958 3796 epulis
1987 3749 2081 3794 gula:
2109 3746 2250 3782 deditos
2269 3746 2340 3782 sibi

1264 3804 1487 3851 mzmcipaus,
1507 3810 1634 3854 partim
1657 3811 1837 3848 blanditiis
1855 3818 1892 3847 et
1910 3819 1974 3854 spe
1993 3807 2138 3852 majoris
2155 3807 2338 3852 dignitatis

1264 3865 1318 3900 sui
1337 3866 1474 3904 similes
1497 3870 1712 3916 impostores
1725 3882 1746 3907 e
1767 3869 1908 3906 clericis
1928 3869 1962 3902 in
1979 3876 2063 3902 suas
2077 3873 2199 3912 partes
2215 3867 2330 3904 abduc

1263 3935 1362 3962 ερηδ,
1385 3928 1474 3966 Mos
1489 3941 1569 3968 cum
1594 3933 1672 3968 sine
1698 3929 1856 3966 funiculo
1873 3925 2116 3972 voluptatibus
2132 3927 2336 3974 colligasth

2672 1373 2677 1476 ἐ

2668 1487 2677 1650 ἕ

2666 1653 2677 1696 l
