2758 4350
308 274 355 310 g7
1189 269 1337 306 PALLA
1346 269 1405 306 Dll

1489 270 1666 308 ALOGUS
2489 273 2533 312 98

306 357 447 390 (llltllcs.
468 345 576 382 veluti
595 344 764 382 seductor
775 343 920 390 quidam
935 343 1091 388 daemon,
1109 345 1384 392 animorumque

305 409 476 455 judicium
495 405 720 450 fascinasset,
733 406 778 442 ad
799 405 928 443 fabula:
943 406 1182 444 ministerium
1191 407 1387 445 daemonia-

307 479 385 505 cam
417 476 609 514 personam
639 468 782 514 quaesiit
803 479 811 502 :
834 477 941 514 quam
961 468 1108 515 quidem
1129 469 1236 506 etiam
1257 477 1312 507 cst
1329 479 1388 506 as-

306 535 493 574 sequutus.
515 527 604 566 Nam
643 539 726 566 cum
755 529 898 567 diaconi
917 530 988 566 duo
1017 541 1038 568 a
1058 531 1196 568 Joanne
1217 533 1390 580 episcopo

305 590 411 635 ejeeti
425 597 548 628 essent
578 602 621 628 ex
644 591 806 629 Ecclesia
833 592 879 629 ob
896 593 1059 630 enormia
1080 594 1233 638 scelera,
1262 594 1390 632 horum

309 651 366 687 ille
391 651 536 690 levitate
568 653 717 699 abusus,
748 655 943 702 persuadet
973 661 1011 692 ut
1045 655 1184 694 libellos
1218 657 1394 694 adversus

313 713 485 751 loannem
504 713 603 759 dent,
623 717 804 763 pollicitus
843 727 908 754 eos
925 718 958 754 in
988 718 1108 755 locum
1129 718 1322 756 ministerii
1339 721 1395 756 sui

311 786 351 812 se
367 777 648 826 restituturum(
674 786 752 816 erat
783 787 904 817 autem
940 791 1067 818 eorum
1101 782 1256 827 crimen,
1288 781 1396 830 hujus

313 837 459 886 quidem
485 839 718 884 adulterium,
741 841 836 880 illius
863 853 950 880 vero
987 843 1248 892 homicidium)
1272 858 1280 882 :
1301 845 1396 894 quod

314 901 544 947 etprzestilit.
572 901 660 938 Nam
688 909 771 950 post
788 903 954 941 exsilium
993 905 1144 942 Joannis
1161 916 1226 944 eos
1247 907 1282 943 in
1317 908 1396 944 loca

315 971 380 999 Sua
399 964 572 1009 reposuit,
592 973 675 1000 cum
697 965 835 1003 scilicet
857 966 998 1003 libellos
1015 967 1212 1012 dedissent,
1233 979 1325 1016 quos
1341 969 1400 1006 ille

319 1024 394 1069 ipse
410 1023 622 1069 dictaverat,
644 1026 889 1074 ttihilquidem
905 1028 979 1064 veri
1004 1029 1246 1075 continentes,
1268 1037 1400 1076 prtutcr

319 1085 388 1124 hoc
405 1098 530 1132 unum,
552 1089 650 1136 quod
667 1089 884 1127 admonebat
919 1097 958 1128 ut
981 1101 1108 1129 omnes
1137 1099 1218 1140 post
1235 1103 1400 1130 commu-

320 1149 464 1186 nionem
482 1160 612 1198 aquam
631 1158 694 1189 aut
710 1153 892 1200 pastillum
909 1153 1156 1201 degustarent,
1175 1164 1220 1192 ne
1240 1165 1323 1192 cum
1344 1165 1403 1192 sa—

320 1210 391 1250 liva
411 1215 609 1260 autpituita
625 1215 758 1262 aliquid
775 1226 796 1252 e
827 1216 994 1263 symbolo
1029 1218 1248 1254 sacramenti
1270 1224 1404 1265 praeter

323 1276 542 1314 voluntatem
557 1284 774 1324 exspuerent
797 1290 805 1313 :
827 1277 922 1325 quod
953 1279 1090 1325 primus
1128 1280 1205 1325 ipse
1234 1279 1402 1324 faciebat,

323 1345 360 1375 et
377 1350 440 1377 eos
461 1341 520 1388 qui
536 1341 668 1378 vellent
684 1341 728 1378 ad
751 1342 962 1389 religionem
989 1353 1032 1380 ac
1049 1344 1291 1381 reverentiam
1319 1355 1406 1382 eru-

323 1400 458 1438 diebat.
491 1403 659 1450 Acceptis
686 1403 830 1448 libellis,
852 1405 926 1441 coit
953 1405 988 1441 in
1019 1405 1158 1442 aedibus
1191 1405 1406 1454 Engrapbite

324 1475 406 1501 cum
425 1464 639 1511 Severiano,
662 1467 855 1511 Antiocho,
879 1469 1024 1510 Aeaeio,
1045 1475 1082 1505 et
1110 1469 1260 1516 reliquis
1277 1469 1406 1506 Joanni

326 1527 476 1564 infensis
496 1534 643 1574 propter
664 1529 847 1567 modestas
864 1530 944 1577 ejus
959 1531 1240 1570 admonitiones.
1263 1532 1410 1570 Solebat

326 1589 422 1627 enim
433 1589 560 1627 beatus
579 1591 638 1628 ille
654 1592 822 1638 exemplo
847 1593 948 1629 Pauli
967 1599 1004 1630 et
1021 1593 1164 1640 publice
1177 1599 1215 1632 et
1245 1595 1409 1642 privatim

329 1651 520 1689 honestum
531 1653 748 1689 etdecornm
763 1653 929 1697 edocere,
947 1655 1146 1702 praesertim
1160 1656 1249 1693 tales
1267 1657 1412 1695 assidue

331 1713 546 1761 increpans:
565 1715 658 1760 Quid
675 1721 783 1752 aetate
799 1715 873 1762 jam
892 1726 996 1760 anus,
1020 1718 1130 1754 etiam
1149 1727 1282 1764 corpus
1306 1729 1413 1765 repn-

332 1773 482 1812 bescere
501 1777 642 1824 cogitis,
659 1777 847 1813 cincinnos
868 1777 976 1814 veluti
995 1779 1414 1826 meretrieultc‘gercntes

332 1834 370 1870 itt
389 1835 517 1878 fron’te.
536 1837 753 1874 contumelia
775 1837 974 1875 ai'licientes
998 1839 1106 1876 etiam
1126 1839 1297 1878 honestas
1331 1842 1414 1878 reli-

333 1906 436 1944 quas,
449 1905 487 1936 et
499 1899 723 1945 decipientes
741 1909 804 1936 eos
827 1901 887 1946 qui
911 1901 1095 1938 vobiscum
1129 1903 1340 1950 10quuntur,
1357 1903 1414 1941 id-

337 1971 405 2007 que
422 1961 567 1997 vidum?
591 1961 808 2010 Congregati
841 1970 958 2000 autem
991 1965 1203 2012 qumrebant
1233 1967 1416 2014 quomodo

333 2023 508 2068 judicium
521 2025 740 2062 ordirentur.
756 2026 856 2064 Unus
867 2037 954 2064 vero
967 2029 1066 2064 exiis
1079 2028 1312 2076 quiaderant,
1332 2039 1418 2077 sug-

337 2085 477 2129 gessit:
501 2086 630 2123 darent
663 2087 804 2124 libellos
832 2087 1057 2135 Imperatori,
1079 2097 1115 2126 et
1147 2090 1323 2128 Joannem
1359 2093 1416 2130 vel

339 2147 490 2184 invitum
507 2149 551 2184 ad
589 2159 798 2186 consessum
820 2149 1018 2188 traherent.
1039 2151 1076 2188 ld
1117 2153 1222 2200 igitur
1242 2154 1295 2199 ﬁt,
1326 2156 1419 2194 sicut

341 2206 426 2240 olim
439 2207 532 2252 apud
547 2207 706 2251 Judxos,
722 2219 812 2246 auro
822 2211 942 2247 omnia
955 2222 1068 2259 prona
1083 2219 1120 2250 et
1136 2213 1252 2252 facilia
1264 2216 1419 2255 redden-

343 2273 390 2302 te.
411 2267 563 2304 Eramus
579 2268 816 2317 quadraginta
835 2272 994 2320 episcopi
1013 2284 1094 2310 cum
1121 2274 1260 2314 Joanne
1279 2279 1420 2325 episco-

345 2340 404 2374 po,
424 2330 593 2368 sedentes
626 2332 660 2368 in
693 2333 850 2370 triclinio
887 2336 1089 2384 episcopii;
1119 2344 1306 2386 stupentes
1328 2352 1418 2389 quo-

344 2390 451 2428 modo
467 2402 562 2444 reus,
583 2399 620 2430 et
634 2401 780 2442 propter
797 2396 906 2444 impia
941 2399 1091 2436 erimina
1113 2401 1210 2438 solus
1231 2402 1275 2439 ad
1294 2403 1419 2440 Comi-

345 2459 456 2491 tatum
475 2455 599 2494 venire
614 2456 750 2504 jussus,
779 2467 862 2496 eum
894 2465 947 2496 tot
964 2461 1144 2510 episcopis
1180 2463 1386 2503 advenisset
1409 2479 1418 2503 :

343 2527 414 2564 quo
431 2525 534 2565 pacto
553 2520 755 2568 principmn
776 2530 812 2560 et
841 2525 1114 2572 magistratuum
1137 2529 1336 2566 sententias
1354 2541 1418 2566 su-

345 2579 418 2614 bito
437 2587 708 2628 commutasset,
740 2583 920 2632 plerisque
950 2585 996 2622 de
1023 2587 1123 2625 clero
1161 2589 1196 2625 in
1213 2591 1315 2638 pejus
1336 2603 1420 2638 pcr-

344 2642 467 2678 versis.
489 2641 668 2681 (holerum
685 2645 944 2685 admirantibus
957 2651 1074 2693 nobis,
1096 2651 1159 2688 Dei
1171 2653 1298 2699 spiritu
1315 2653 1420 2690 afﬂa-

345 2707 404 2740 tus
419 2703 576 2742 Joannes
588 2707 756 2744 omnibus
771 2709 861 2746 dixit
883 2722 891 2746 :
911 2711 1034 2755 Orate,
1049 2711 1238 2757 fratres,et
1257 2715 1287 2752 si
1314 2727 1416 2752 ama-

344 2765 391 2802 tis
407 2765 603 2811 Christum,
626 2779 732 2807 nemo
751 2771 822 2808 mei
849 2781 957 2809 causa
976 2773 1175 2811 Ecclesiam
1196 2787 1297 2812 suam
1312 2777 1421 2814 dese-

344 2833 401 2863 rat.
421 2839 432 2865 ε
450 2827 524 2876 Ego
540 2831 629 2867 enim
643 2831 719 2880 jam
738 2832 881 2879 delibor,
895 2842 927 2871 et
944 2842 1074 2883 tempus
1098 2839 1316 2875 resolutionis
1340 2851 1425 2876 metu

348 2888 532 2939 lustra”.
553 2891 643 2928 Tim.
681 2895 716 2930 4.
748 2896 770 2932 6
793 2896 934 2942 ),jnxla
963 2898 1110 2935 Paulum
1129 2900 1234 2946 cujus
1263 2911 1306 2938 ea
1339 2909 1424 2938 sunt

348 2949 456 2986 verba
479 2958 540 2988 :et
557 2955 689 2990 multas
710 2966 904 3002 perpessus
930 2958 1158 3002 altlictioncs,
1192 2961 1300 2997 vitam
1321 2969 1358 2998 ut
1374 2963 1426 2998 vi-

346 3009 414 3048 deo
435 3013 626 3051 relicturus
655 3026 749 3053 sam.
783 3018 874 3056 Novi
893 3021 988 3056 enim
1026 3028 1162 3060 satana:
1195 3023 1359 3069 insidias,
1379 3036 1424 3063 eo

348 3076 440 3120 quod
463 3087 532 3114 non
553 3079 708 3126 amplius
733 3082 910 3120 sustineat
947 3084 1086 3130 pondus
1117 3095 1279 3123 meorum
1292 3086 1422 3124 adver-

348 3146 410 3173 sus
430 3139 544 3184 ipsum
561 3151 784 3180 sermonum.
817 3144 867 3181 lta
900 3146 1184 3184 misericordiam
1218 3157 1424 3196 consequa-

349 3199 449 3234 mini.
491 3200 528 3236 ln
564 3203 788 3241 orationibus
817 3207 947 3244 vestris
979 3219 1159 3246 memores
1189 3216 1306 3247 estote
1339 3212 1422 3247 mei.

351 3259 555 3299 Incredibili
584 3265 692 3312 igitur
719 3278 876 3306 mterore
902 3272 1074 3319 c0rrepti,
1115 3273 1177 3309 alii
1206 3273 1350 3320 quidem
1372 3273 1426 3309 la~

324 3323 620 3370 Ici‘vmabantur,
657 3327 718 3363 alii
762 3340 848 3367 vero
885 3333 1164 3380 egrediebantur
1185 3346 1205 3372 e
1235 3345 1422 3376 consessu,

349 3383 476 3420 oculos
495 3391 531 3421 et
546 3395 686 3425 sacrum
707 3399 812 3438 caput
847 3400 953 3442 atque
983 3397 1174 3433 tacendum
1209 3407 1251 3433 ac
1280 3397 1422 3433 beatum

349 3443 428 3489 ejus
445 3454 486 3482 os
506 3445 818 3497 deosculabantur,
843 3455 876 3491 in
903 3457 1082 3506 lacrymas
1109 3458 1211 3495 cll‘usi
1232 3465 1266 3494 et
1285 3458 1421 3503 singul-

352 3515 420 3545 tus.
453 3510 636 3551 Cumvero
653 3526 716 3554 eos
744 3519 970 3559 obsecrasset
997 3523 1169 3565 Joannes,
1200 3529 1234 3558 ut
1255 3522 1297 3557 ad
1335 3531 1424 3556 eon-

350 3578 490 3608 scssum
524 3574 696 3619 redirent,
726 3579 794 3618 huc
830 3583 915 3620 illuc
941 3585 1159 3625 volitantes,
1199 3582 1308 3620 veluti
1339 3591 1426 3628 apes

353 3636 444 3670 circa
478 3635 633 3675 alvearia
669 3641 950 3691 obstrepentes:
979 3645 1140 3688 Sedete,
1183 3645 1246 3687 ait,
1283 3643 1424 3682 fratres.

350 3707 381 3732 et
406 3697 492 3736 ﬂere
512 3699 666 3740 desinite
720 3715 764 3742 eo
793 3709 946 3755 amplius
981 3719 1038 3744 me
1065 3708 1292 3744 emollientes
1313 3717 1321 3740 :
1340 3703 1428 3740 Mihi

306 3773 313 3779 -
347 3762 437 3796 enim
455 3763 564 3801 uiuere
581 3766 720 3806 Citristu
755 3777 826 3811 est,
848 3778 878 3806 et
898 3772 983 3807 mori
1005 3771 1137 3806 lucrum
1163 3769 1176 3816 (
1197 3767 1364 3816 Philipp.
1385 3767 1419 3802 1.

351 3818 436 3868 91)-
459 3823 546 3863 Nam
566 3832 816 3875 percrebuerat
834 3833 931 3868 illum
953 3831 1068 3868 securi
1089 3839 1300 3876 percussum
1324 3829 1365 3864 iri
1381 3827 1428 3864 ob

355 3882 497 3919 nimiam
513 3887 677 3932 loquendi
698 3891 915 3932 libertatem.
933 3893 976 3928 Et
995 3895 1023 3928 si
1045 3891 1273 3930 meministis,
1292 3898 1428 3925 metuo-

359 3937 426 3975 rias
450 3951 582 3982 vestras
617 3954 784 3998 rt‘plicale
813 3953 908 4002 qnnd
939 3962 1083 4000 semper
1111 3951 1212 3987 vobis
1241 3949 1394 3986 dixerim
1419 3961 1426 3984 :

1468 345 1534 383 Via
1552 354 1608 384 est
1628 347 1698 383 vita
1719 356 1902 393 prmsens,
1925 347 2028 394 cujus
2056 347 2135 383 ltcta
2165 351 2272 395 atque
2292 347 2438 384 molesta
2459 359 2532 395 per-

1470 414 1677 446 transeunt:
1694 415 1732 446 et
1741 414 1922 446 mercatus
1933 415 1989 446 est
2000 418 2161 456 ρτωεειιε
2175 409 2341 446 ςωουιυιη
2357 410 2531 453 :emimus,

1467 471 1711 514 vendidimus,
1729 476 1766 507 et
1785 469 2020 508 discedimus.
2039 469 2131 506 Num
2151 471 2319 508 meliores
2339 481 2458 509 sumus
2475 482 2531 519 pa-

1471 533 1652 578 triarchis,
1673 533 1875 580 prophetis,
1895 533 2084 580 apostolis,
2107 537 2143 568 at
2161 533 2264 570 nobis
2284 532 2351 570 hoc
2371 533 2448 569 vita:
2467 533 2527 570 im-

1471 595 1624 632 mortale
1642 595 1880 642 permaneat?
1898 593 2000 632 'l‘unc
2017 593 2162 642 quidam
2181 605 2226 632 ex
2246 594 2288 632 iis
2305 594 2362 642 qui
2383 593 2532 640 aderant,

1469 657 1610 703 ejulans
1636 657 1751 694 dixit:
1770 655 1842 694 Sed
1873 657 2116 694 lamentamur
2144 655 2334 693 orbitatem
2362 661 2532 701 nostram,

1473 719 1648 756 Ecclesiae
1667 719 1880 756 viduitatem
1897 745 1907 763 ,
1939 727 2124 755 sacrarum
2156 717 2274 764 legum
2301 717 2508 754 eversionem
2523 745 2532 763 ,

1472 783 1707 820 ambitionem
1725 792 1850 819 eorum
1871 781 1932 829 qui
1951 791 2023 818 non
2045 781 2173 818 timent
2195 779 2381 816 Dominum
2395 807 2404 824 ,
2423 785 2456 816 et
2476 779 2532 816 Ee-

1473 846 1595 884 clesia:
1623 845 1868 892 gubernacula
1905 843 2106 887 invadunt,
2135 843 2234 880 omni
2265 853 2332 890 ope
2362 841 2534 880 destitutus

1476 919 1654 955 pauperes
1668 935 1678 952 ,
1700 913 1738 945 et
1755 907 1932 944 doctrinae
1961 905 2161 954 penuriam.
2189 904 2280 941 Cum
2305 908 2419 940 autem
2436 902 2534 950 digito

1476 970 1594 1008 indice
1612 971 1769 1018 palmam
1790 969 1948 1006 sinistrae
1969 978 2097 1005 manus
2116 967 2353 1015 percussisset
2372 966 2532 1012 (consue-

1475 1040 1580 1072 verat
1598 1034 1695 1072 enim
1715 1033 1850 1070 Christi
1872 1042 1998 1068 amans
2016 1031 2189 1076 Joannes,
2205 1040 2286 1067 cum
2307 1035 2399 1066 esset
2417 1027 2534 1075 cogita-

1477 1096 1623 1135 bundus
1643 1095 1678 1132 id
1699 1095 1856 1142 facere),
1873 1104 1914 1131 se
1931 1093 2129 1142 alloqucnti
2149 1093 2200 1129 ait
2217 1103 2226 1128 :
2245 1091 2382 1130 Sul‘licit
2395 1119 2403 1135 ,
2425 1091 2533 1134 frater,

1479 1169 1524 1197 ne
1544 1159 1646 1207 plura
1666 1159 1830 1206 loquere,
1852 1157 1914 1194 sed
1935 1157 2029 1204 quod
2046 1156 2120 1193 dixi
2139 1183 2150 1200 ,
2165 1155 2343 1192 Ecclesias
2359 1160 2486 1192 vestras
2497 1163 2536 1190 ne

1479 1222 1663 1259 dimittite.
1680 1221 1804 1268 Neque
1821 1220 1916 1258 enim
1936 1230 1956 1256 a
1974 1230 2032 1256 me
2049 1219 2182 1266 incepit
2199 1217 2454 1266 praedicationis
2467 1225 2536 1252 mn-

1480 1295 1562 1330 nus,
1584 1295 1702 1332 neque
1721 1284 1756 1320 in
1778 1293 1836 1320 me
1855 1282 1974 1320 desiit.
1989 1280 2120 1318 Nonne
2141 1287 2302 1318 mortuus
2319 1285 2374 1316 est
2389 1277 2536 1326 Moyses?

1480 1356 1517 1384 et
1535 1359 1606 1384 non
1627 1347 1793 1384 inventus
1814 1352 1870 1382 est
1886 1344 2016 1382 Jesus?
2029 1343 2158 1382 Nonne
2173 1343 2326 1380 decessit
2341 1339 2495 1378 Samuel?
2507 1345 2538 1374 et

1483 1420 1554 1446 non
1575 1414 1705 1446 unctus
1723 1414 1779 1445 est
1792 1406 1926 1444 David?
1943 1407 2062 1443 Vitam
2078 1405 2223 1452 reliquit
2237 1403 2418 1446 Jeremias,
2433 1410 2540 1439 nonne

1482 1471 1620 1509 exstitit
1639 1470 1808 1508 Baruch?
1827 1470 2044 1517 Assumptus
2062 1475 2118 1506 est
2133 1468 2242 1512 Elius,
2263 1476 2380 1504 nonne
2396 1462 2540 1512 proiihc-

1486 1535 1574 1571 tavit
1588 1534 1741 1571 Elismus
1755 1535 1772 1569 ἲ
1787 1533 1898 1570 Paulo
1916 1537 2142 1578 amputatum
2161 1537 2216 1568 est
2233 1535 2350 1576 caput,
2369 1536 2478 1564 nonne
2491 1534 2542 1561 re-

1487 1597 1591 1644 liquit
1605 1595 1853 1637 Timotheum,
1874 1593 2010 1638 Titum,
2030 1593 2162 1640 Apollo
2175 1597 2212 1629 et
2227 1592 2315 1628 alios
2330 1586 2542 1626 innumeros?

1487 1659 1574 1696 Post
1597 1659 1674 1696 htuc
1693 1659 1817 1702 verba,
1836 1656 2020 1706 Eulysius,
2039 1656 2231 1703 episcopus
2249 1653 2412 1700 Apameae
2438 1649 2470 1685 in
2489 1648 2542 1684 Bi-

1489 1721 1610 1768 thynia
1624 1749 1634 1758 .
1657 1721 1706 1757 ait
1725 1732 1733 1756 :
1751 1719 1908 1756 Necesse
1937 1725 1994 1755 est
2021 1727 2089 1754 nos
2112 1716 2287 1754 Ecclesias
2309 1717 2445 1750 nostras
2461 1710 2544 1746 obti-

1487 1789 1616 1820 nentes
1650 1783 1728 1828 cogi
1761 1788 1798 1818 et
1831 1781 2106 1818 communicare
2132 1785 2169 1816 et
2198 1775 2426 1815 subscribere.
2457 1771 2544 1808 Dixit

1488 1849 1633 1881 sanctus
1653 1843 1813 1880 Joannes
1830 1854 1840 1880 ε
1857 1842 2134 1880 Communicate
2151 1839 2305 1889 quidem.
2323 1846 2366 1873 ne
2384 1832 2546 1872 δοῖηάδίίε

1490 1907 1704 1952 Ecclesiam,
1726 1906 1790 1944 sed
1810 1906 1922 1944 nolite
1942 1906 2170 1944 subscribere
2187 1917 2197 1942 :
2216 1902 2341 1940 nullius
2358 1898 2450 1937 enim
2467 1895 2546 1932 taci-

1491 1969 1590 2005 noris
1608 1968 1696 2004 mihi
1717 1968 1885 2005 conscius
1905 1978 1984 2004 sum
1999 1995 2009 2012 ,
2040 1972 2188 2014 propter
2208 1962 2300 2012 quod
2325 1959 2450 2006 deponi
2479 1966 2549 1994 me-

1491 2029 1640 2066 ruerint.
1669 2029 1755 2066 Haec
1782 2039 1864 2066 eum
1896 2030 1944 2066 ita
1974 2039 2056 2066 sese
2078 2027 2273 2068 baberent,
2295 2021 2487 2060 nuntiatum
2503 2023 2552 2054 est

1492 2091 1637 2129 adstare
1653 2091 1715 2139 qui
1748 2102 1768 2128 a
1787 2091 1990 2138 Theopltilo
2021 2091 2122 2128 missi
2152 2093 2286 2125 essent.
2306 2081 2552 2122 Jubeteosin-

1491 2155 1624 2199 troire,
1658 2154 1844 2202 ingressos
1873 2154 2096 2200 interrogat,
2127 2151 2230 2198 cujus
2261 2146 2391 2196 gradus
2417 2148 2550 2180 essent:

1492 2217 1638 2262 dicunt,
1657 2217 1848 2264 Episcopi.~
1865 2216 1927 2253 llle
1947 2220 2027 2252 orat
2050 2213 2225 2256 sedeant,
2257 2216 2293 2247 et
2321 2208 2437 2244 dicant.
2463 2204 2554 2248 (ιςὲη5

1491 2288 1600 2316 causa
1615 2279 1748 2316 adsint.
1766 2279 1818 2315 Illi
1835 2285 1954 2314 autem
1970 2277 2116 2314 dicunt:
2134 2274 2206 2311 Has
2220 2267 2440 2310 solummodo
2457 2266 2554 2302 selte-

1493 2341 1597 2378 dulas
1612 2341 1783 2388 legendas
1801 2341 1978 2377 habemus
1992 2351 2000 2375 :
2014 2338 2140 2386 jubete
2152 2337 2259 2384 igitur
2273 2335 2350 2371 illas
2369 2331 2446 2378 legi.
2459 2329 2557 2366 Jubet

1493 2403 1654 2440 Joannes
1673 2402 1756 2450 legi.
1777 2402 1869 2438 Tum
1901 2403 1957 2438 isti
1989 2401 2170 2447 imperant
2187 2393 2376 2442 Theophili
2403 2399 2506 2460 Due"?
2524 2392 2558 2423 ¹¹ί

1494 2465 1628 2502 dictata
1649 2465 1708 2502 illa
1728 2465 1866 2512 legeret
1885 2476 1894 2501 :
1915 2471 1952 2501 et
1973 2463 2072 2510 legit.
2089 2462 2226 2498 Textus
2245 2465 2364 2496 autem
2384 2461 2458 2493 erat
2473 2460 2558 2500 ejus-

1496 2528 1592 2565 modi
1613 2541 1622 2565 :
1643 2528 1772 2566 Sancta
1792 2528 1955 2575 Synodus
1973 2527 2019 2562 ad
2039 2525 2211 2569 Quercth
2227 2526 2428 2570 congregata
2447 2517 2558 2564 (locus

1495 2597 1552 2628 cst
1569 2591 1622 2628 sic
1639 2591 1757 2627 dictus
1773 2597 1872 2626 trans
1893 2599 2007 2632 mare,
2025 2587 2145 2624 Ruﬁni
2167 2585 2425 2625 suburbanum,
2446 2583 2478 2615 iu
2496 2585 2559 2624 quo

1496 2661 1601 2690 erant
1620 2651 1828 2700 congregati
1846 2651 1858 2698 )
1884 2649 2016 2686 Joanni
2041 2648 2284 2697 (omittebant
2303 2645 2336 2682 id
2366 2640 2457 2691 quod
2479 2642 2558 2680 erat,

1497 2715 1686 2762 Episcopo.
1714 2713 1814 2751 Solet
1843 2713 1941 2750 enim
1971 2711 2086 2748 ferme
2114 2711 2320 2747 obctccatus
2345 2707 2480 2743 animus
2499 2710 2560 2770 uolt

1497 2782 1596 2814 recte
1615 2786 1780 2819 cernere,
1799 2775 1862 2812 sed
1881 2785 1922 2812 ea
1941 2773 2010 2810 sibi
2029 2772 2216 2820 imaginari
2233 2781 2314 2818 quae
2333 2768 2478 2805 alfeetus
2503 2768 2560 2829 ἰμξι

1498 2838 1695 2886 suggerit).
1714 2836 1862 2873 Libellos
1887 2836 2080 2882 accepimus
2097 2833 2260 2869 adversus
2281 2837 2333 2874 te,
2355 2828 2488 2875 inﬁnita
2505 2828 2564 2859 crt-

1498 2902 1592 2937 mina
1612 2901 1833 2936 continentes.
1856 2898 1981 2934 Adesto
1999 2897 2118 2944 igitur,
2141 2900 2248 2931 tecum
2268 2892 2440 2928 adducens
2468 2887 2567 2924 Sara-

1500 2967 1636 3012 pianem
1653 2971 1684 3002 et
1705 2964 1857 3013 Tigrium
1872 2962 2084 3009 presbyteros
2097 2971 2108 2994 :
2121 2959 2162 2994 iis
2178 2957 2268 2993 enim
2283 2966 2370 3002 opus
2385 2959 2448 3015 est.
2465 2951 2566 3015 Erant

1499 3032 1620 3063 autem
1637 3026 1697 3072 qui
1715 3026 1759 3062 ad
1781 3034 1862 3061 eum
1883 3026 2073 3062 venerant,
2094 3019 2285 3055 Dioscorus
2301 3021 2336 3051 et
2353 3014 2499 3055 Paulus,
2515 3014 2566 3056 qui

1501 3097 1615 3132 nuper
1631 3087 1665 3122 in
1683 3084 1794 3130 Libya
1813 3083 1968 3120 Ordinati
1989 3082 2144 3121 fuerant,
2161 3078 2324 3141 juvenes.
2343 3074 2462 3141 Lectis
2478 3073 2584 3141 char-j

1501 3149 1585 3185 tnlis
1599 3175 1609 3192 ,
1635 3147 1695 3194 qui
1725 3156 1806 3182 cum
1829 3145 1934 3180 beato
1953 3142 2094 3178 Joanne
2112 3143 2215 3174 erant
2233 3134 2392 3182 episcopi
2406 3161 2420 3202 ἶ
2433 3134 2584 3190 coutra—L

1502 3210 1648 3251 dicunt,
1669 3206 1924 3244 denuntiantes
1941 3200 2144 3246 Theopliilo
2167 3208 2232 3244 per
2261 3203 2334 3233 tres
2363 3200 2568 3242 episcopos,

1502 3271 1714 3317 Lupicinum
1730 3295 1740 3310 ,
1762 3264 1983 3302 Demetrium
2003 3267 2040 3298 et
2060 3260 2246 3308 Eulysium
2261 3286 2270 3302 ,
2296 3264 2330 3296 ct
2352 3258 2570 3322 presbyteros

1502 3332 1606 3373 duos,
1628 3329 1847 3366 Germanum
1869 3331 1979 3371 atque
1997 3323 2192 3366 Severum,
2216 3331 2345 3358 omnes
2363 3320 2504 3374 quidem
2525 3320 2569 3350 vt-

1503 3402 1561 3428 ros
1582 3395 1726 3426 sanctos
1744 3393 1779 3424 et
1799 3387 1868 3422 [ide
1885 3385 2038 3432 dignos:
2055 3383 2136 3420 Noli
2158 3393 2216 3420 res
2241 3383 2413 3420 Ecclesia:
2429 3380 2569 3418 subver—

1502 3459 1577 3487 tere
1595 3477 1604 3492 ,
1638 3459 1706 3485 nec
1737 3447 1932 3484 Ecclesiam
1955 3445 2078 3482 scinde
2105 3450 2253 3492 propter
2282 3454 2389 3491 quam
2418 3443 2508 3479 Deus
2540 3439 2570 3472 in

1501 3522 1650 3550 carnem
1672 3510 1874 3548 descendit.
1899 3508 1937 3545 Si
1965 3516 2084 3544 autem
2115 3507 2318 3544 inordinate
2335 3507 2496 3544 Nicaenos
2515 3509 2570 3536 ca-

1505 3586 1618 3612 nones
1635 3575 1817 3611 subverlis
1835 3579 2078 3610 trecentorum
2096 3571 2222 3608 decem
2242 3577 2277 3608 et
2295 3577 2376 3608 octo
2395 3569 2571 3616 cpiscopo‘

1504 3648 1582 3674 rum
1599 3666 1608 3681 ,
1639 3645 1675 3674 et
1703 3642 1804 3674 extra
1835 3636 1970 3672 limites
1989 3635 2088 3671 litem
2117 3633 2288 3681 judieas:
2310 3639 2344 3669 tn
2368 3628 2514 3667 transito
2532 3620 2571 3657 ml

1504 3709 1570 3736 nos
1587 3699 1622 3736 in
1642 3699 1766 3736 urbem
1785 3698 1931 3744 optimis
1951 3696 2090 3744 legibus
2113 3695 2294 3732 fundatam
2313 3722 2322 3737 ,
2345 3703 2413 3728 non
2443 3693 2566 3751 provo-

1504 3771 1591 3796 cans
1613 3769 1713 3797 more
1734 3759 1834 3796 Caini
1856 3759 2004 3796 Abelem
2029 3759 2062 3794 in
2085 3767 2266 3804 campum,
2287 3760 2324 3790 ut
2342 3761 2407 3789 nos
2426 3756 2460 3786 te
2481 3752 2572 3793 prliis

1505 3823 1706 3859 audiamus.
1725 3823 1906 3859 Habemus
1921 3821 2016 3858 enim
2036 3819 2209 3856 adversus
2228 3824 2262 3853 te
2283 3815 2422 3852 libellus
2435 3811 2573 3854 Selium"

1506 3888 1604 3933 ginta
1641 3887 1823 3934 capitum,
1859 3884 2052 3922 manifesta
2087 3882 2223 3929 piacula
2262 3877 2512 3914 continentesi'
2540 3869 2573 3934 ξι

1511 3951 1629 3996 plures
1648 3933 1773 3986 sumus
1794 3959 1898 3995 quam
1921 3954 1977 3982 tua
1999 3943 2166 3992 Synodns
2181 3971 2190 3985 ,
2211 3940 2270 3976 Dei
2292 3937 2402 3985 gratia
2430 3933 2570 3974 COHSW‘
