4060 6196
250 249 326 302 27
1268 263 1353 318 DF}
1391 264 1552 320 VITA
1595 266 1652 321 S.
1695 267 1982 326 JOANNIS
2020 271 2527 329 CHRYSOSTOMI.
3469 281 3542 338 98

251 363 564 430 λαοπλάνος
589 380 673 429 τις
725 366 955 439 δαίμων,
992 371 1052 424 10
1100 377 1343 443 κριτικὸν
1389 377 1498 430 τῶν
1541 380 1727 449 ψυχῶν
1757 400 1853 434 κα-

249 455 651 541 ταγοητεύσας,
681 458 865 529 ἐζήτει
904 461 1196 530 πρόσωπον
1231 465 1583 536 δαιμονιῶδες
1637 471 1715 534 εἰς
1753 471 1850 541 τὴν

1959 384 2058 448 τὰς
2093 389 2332 456 μνήμας,
2359 387 2441 438 ὅτι
2484 386 2708 439 πάντοτε
2741 386 2926 456 ἔλεγον
2964 389 3113 460 ύμῖν·
3159 391 3305 457 ὐδὸς
3342 395 3489 449 ἐστιν
3512 397 3544 452 0

1953 467 2141 539 παρὼν
2161 467 2291 536 βίος,
2310 470 2406 520 καὶ
2428 468 2496 519 τὰ
2521 468 2732 538 χρηστά
2757 471 2922 524 αὐτοῦ
2946 473 3040 524 καὶ
3061 473 3128 526 τὰ
3149 473 3370 546 λυπηρά
3399 493 3543 548 παρα

247 539 349 630 τοῦ
371 533 643 630 δράματος
675 541 1003 630 ύπηρεσίαν,
1057 545 1086 597 ὃ
1229 560 1252 587 α
1304 533 1396 602 καὶ
1428 533 1709 622 ἐπέτυχεν.
1747 533 1852 607 Δύο
1951 533 2214 603 οδεύεται·
2263 551 2358 604 καὶ
2417 533 2723 622 παν-ἧῗδρῑς
2763 553 2832 606 τὰ
2869 557 3131 626 παρόντω
3163 533 3537 630 ἠγορἆσαμεῖο.

227 625 360 706 ,γὰρ
393 623 658 676 διακόνων
684 625 1060 697 ἐκϐληθέντων
1104 627 1203 698 τῆς
1244 631 1575 703 Ἐκκλησίας
1620 635 1722 688 ὑπὸ
1754 636 1847 689 τοῦ

226 706 552 789 ίέπισκόπου
601 707 850 761 Ἰωάννου
881 711 974 762 ἐπὶ
1009 710 1444 784 πλημμελήμασι
1478 717 1846 789 παρανόμοις,

223 769 603 865 ἷάπεχρήσατο
635 795 702 864 τῇ
752 795 1072 865 κουφότητι,
1131 797 1224 849 καὶ
1265 797 1443 851 πείθει
1494 769 1847 865 αὐτοὺςιέπιΣ

241 872 430 927 δοῦναι
483 874 764 938 λι6έλλους
797 876 941 930 κατὰ
997 877 1090 930 τοῦ
1143 880 1414 948 Ἰωάννου,
1479 882 1849 956 ὑποσχόμενος

243 959 432 1036 αὐτοῖς
459 957 913 1028 ἀποκαταστῆσαι
943 961 1024 1024 εἰς
1046 961 1136 1014 τὸν
1155 966 1256 1034 τῆς
1285 963 1628 1036 λειτουργίας
1661 968 1842 1024 τόπον.

241 1034 357 1093 Ἦν
387 1041 444 1095 δέ
473 1041 653 1095 αὐτῶν
688 1043 759 1094 τά
809 1044 1152 1114 πταίσματα,
1187 1046 1282 1099 τοῦ
1321 1048 1420 1118 μὲν
1454 1034 1634 1120 φόνος,
1664 1051 1758 1103 τοῦ
1787 1052 1844 1105 δὲ

248 1125 489 1194 μοιχεία·
519 1125 548 1178 0
579 1125 643 1196 δὴ
675 1125 770 1179 καὶ
801 1127 1090 1198 πεποίηκε.
1138 1130 1294 1184 Μετὰ
1334 1131 1445 1205 γὰρ
1497 1134 1595 1204 τὴν
1630 1134 1845 1205 ἐξορίαν

257 1209 507 1262 Ἰωάννου
537 1210 990 1280 ἀποκατέστησεν
1017 1213 1217 1276 αὐτοὺς
1249 1217 1330 1278 είς
1361 1219 1488 1279 τοὺς
1513 1217 1710 1281 τόπους
1744 1220 1843 1272 αὺ-

243 1291 377 1355 τῶν,
399 1292 607 1363 δηλαδὴ
625 1293 750 1356 τοὺς
780 1293 1056 1357 λιδέλλους
1089 1296 1393 1362 ἐπιδόντας,
1422 1299 1516 1362 οὓς
1545 1302 1844 1373 ὑπηγόρευ-

247 1393 342 1428 σεν
367 1377 532 1440 αὐτὸς
563 1379 791 1441 ἐκεῖνος,
823 1378 1043 1448 ἔχοντας
1081 1381 1179 1449 μέν
1219 1380 1420 1453 ἀληθὲς
1472 1385 1642 1451 ούδέν,
1697 1385 1839 1457 πλὴν

242 1457 460 1524 τούτου,
499 1461 581 1512 ὅτι
611 1463 842 1533 παρῄνει
902 1463 1038 1514 πᾶσι
1083 1463 1223 1532 μετά
1255 1464 1354 1535 τὴν
1389 1468 1672 1523 κοινωνίαν
1701 1470 1838 1522 ἀπο-

241 1542 501 1609 γεύεσθαι
530 1543 792 1616 ὕδατοςῆ
851 1545 1138 1611 παστίλου,
1185 1547 1270 1600 ἵνα
1331 1551 1405 1619 μὴ
1468 1551 1737 1615 ἀκουσίως
1762 1550 1840 1622 τῷ

243 1627 407 1698 σιέλῳ
435 1629 470 1698 ἢ
496 1629 574 1698 τῷ
594 1629 865 1700 φλέγματι
893 1631 1306 1687 συνεκπτύσωσί
1334 1652 1386 1686 τι
1427 1634 1520 1687 τοῦ
1546 1636 1836 1706 συμϐόλου·

236 1711 407 1774 αύτδς
461 1713 677 1784 πρῶτος
726 1714 898 1767 ποιῶν
950 1715 1010 1767 τὸ
1075 1717 1328 1787 πρᾶγμα,
1360 1717 1646 1772 εὐλάϐειαν
1691 1719 1834 1771 ἐκδι-

236 1796 457 1849 δάσκων
489 1799 613 1862 τοὺς
655 1798 1036 1870 βουλομένους.
1064 1801 1223 1854 Μετὰ
1251 1801 1310 1854 δέ
1341 1802 1401 1854 τὸ
1421 1802 1677 1866 δέξασθαι
1707 1804 1836 1868 τοὺς

234 1878 549 1945 λιϐέλλους,
605 1882 968 1953 συστρέφεται
1033 1882 1185 1955 παρά
1247 1888 1314 1955 τῇ
1358 1884 1664 1956 Εὐγραφίᾳ,
1722 1886 1837 1955 ἅμα

232 1964 571 2036 Σευηριανῷ,
604 1966 702 2019 καὶ
743 1967 1020 2038 Ἀντιόχῳ,
1056 1968 1153 2020 καὶ
1195 1967 1456 2040 Ἀκακίῳ,
1495 1969 1589 2021 καὶ
1627 1969 1836 2032 λοιποῖς

232 2046 418 2117 έχουσι
461 2049 834 2120 μνησικακίαν
863 2051 1004 2103 κατὰ
1035 2049 1131 2103 τοῦ
1160 2051 1409 2104 Ἰωάννου
1433 2053 1526 2104 ἐπὶ
1553 2053 1671 2114 ταῖς
1694 2069 1838 2122 παρη

232 2132 479 2184 αινέσεσι
539 2135 662 2194 ταῖς
727 2133 1004 2203 κοσμίαις.
1058 2132 1255 2185 Εἰώθει
1307 2134 1415 2205 γάρ
1462 2136 1490 2186 0
1533 2135 1831 2205 μακάριος,

231 2217 378 2268 κατά
407 2216 498 2269 τὸν
527 2216 762 2280 Παῦλον,
788 2218 1024 2289 δημοσίᾳ
1055 2234 1116 2270 τε
1151 2219 1244 2272 καὶ
1276 2219 1395 2272 κατ’
1429 2220 1609 2282 οἴκους
1637 2236 1833 2290 σεμνο-

232 2301 517 2372 πρέπειαν
542 2303 901 2364 ἐκδιδάσκειν,
954 2304 1189 2374 μάλιστα
1230 2303 1473 2374 συνεχῶς
1500 2307 1620 2367 ταῖς
1649 2304 1833 2357 τοιαύ-

226 2401 356 2448 ταις
392 2386 744 2456 ἐπισκήπτων
764 2427 778 2446 ,
823 2388 904 2439 ὃτι
938 2386 1164 2459 Γραῖδες
1197 2381 1352 2440 οὖσαι
1381 2387 1468 2440 διὰ
1499 2387 1590 2440 τὸν
1621 2388 1830 2457 χρόνον,

225 2469 280 2520 τί
328 2468 546 2539 ἀνηδᾷν
594 2468 1001 2540 παραϐιάζεσθε
1055 2469 1118 2522 10
1154 2469 1333 2541 σῶμα,
1381 2469 1709 2542 βοστρύχους
1741 2471 1833 2522 ἐπὶ

230 2550 489 2620 μετώπου
554 2552 817 2624 φέρουσαι
870 2552 1124 2623 καθάπερ
1173 2553 1462 2624 ἐταιρίδες,
1510 2553 1831 2623 ὑϐρίζουσαι

225 2637 318 2688 καὶ
342 2636 447 2699 τὰς
475 2636 673 2700 λοιπάς
702 2636 1018 2708 ἐλευθέρας,
1049 2638 1142 2690 ἐπὶ
1180 2638 1366 2709 ἀπάτῃ
1395 2637 1502 2690 τῶν
1536 2653 1832 2708 συντυγχα-

225 2721 448 2783 νόντων,
476 2721 761 2775 καὶτοῦτο
812 2723 1014 2794 χῆραι;
1057 2722 1422 2793 Συναχθέντες
1468 2721 1546 2785 δὲ,
1603 2720 1831 2794 ἐζήτουν

224 2804 430 2874 τρόπον
464 2805 586 2868 πῶς
622 2805 876 2876 ἄρξονται
908 2809 1008 2877 τῆς
1029 2806 1202 2877 δίκης.
1238 2801 1332 2871 Εἷς
1361 2805 1417 2860 δέ
1446 2823 1530 2870 τις
1559 2807 1667 2860 τῶν
1697 2823 1833 2876 παρ-

223 2889 396 2942 όντων
450 2887 707 2951 ὑπέθετο,
771 2888 961 2953 δόντας
1021 2889 1234 2960 δεήσεις
1304 2888 1381 2959 τῷ
1436 2888 1683 2958 βασιλεῖ,
1737 2889 1830 2942 καὶ

222 2972 434 3027 ἄκοντα
478 2973 648 3026 αὐτὸν
699 2972 925 3026 ἑλκύσαι
975 2975 1054 3036 είς
1083 2972 1144 3025 τὸ
1204 2972 1499 3044 συνέδριον,
1535 2971 1706 3025 Τοῦτο
1737 2969 1831 3026 οῦν

221 3057 438 3124 γίνεται
462 3055 718 3126 καθάπερ
742 3057 836 3108 ἐπὶ
863 3055 970 3108 τῶν
1001 3055 1291 3117 Ἰουδαίων,
1309 3055 1534 3126 χρυσίου
1557 3054 1626 3108 τά
1655 3055 1832 3108 πάντα

220 3141 412 3203 αὐτοῖς
441 3138 883 3210 ἐξομαλίςοντος.
921 3135 1105 3208 Ἦμεν
1133 3137 1188 3190 δέ
1229 3139 1391 3208 ἡμεῖς
1422 3137 1831 3209 τεσσαράκοντα

220 3225 523 3277 ἐπίσκοποι
563 3223 920 3294 καθεζόμενοι
954 3223 1051 3275 σὺν
1081 3221 1158 3292 τῷ
1189 3221 1476 3292 ἐπισκόπῳ
1514 3221 1737 3293 Ἰωάννῃ
1773 3223 1830 3274 ἐν

219 3309 298 3380 τῷ
347 3309 623 3380 τρικλίνῳ
651 3307 774 3362 ,τοῦ
828 3306 1204 3371 ἐπισκοπείου,
1269 3306 1614 3377 ἐξιστάμενοι
1659 3306 1776 3368 πῶς
1803 3307 1831 3358 ὁ

220 3393 520 3463 ἀγώγιμος
549 3392 646 3446 καὶ
687 3392 846 3463 μόνος
908 3391 1221 3455 κελευσθεὶς
1266 3390 1613 3462 παραστῆναι
1646 3391 1726 3453 είς
1771 3390 1832 3442 τὸ

221 3475 601 3548 στρατόπεδον
625 3474 712 3528 ἐπ’
746 3475 1086 3546 ἐγκλήμασιν
1115 3475 1371 3537 ἀνοσίοις,
1399 3473 1537 3544 μετά
1562 3471 1830 3524 τοσούτων

222 3559 572 3629 παρεγένετο
606 3559 946 3611 ἐπισκόπων·
978 3557 1095 3621 πῶς
1134 3575 1196 3610 τε
1251 3557 1448 3627 ἀθρόον
1495 3554 1830 3626 μετεκέρασε

219 3643 319 3704 1‘1;
347 3642 469 3694 τῶν
495 3639 846 3711 κρατούντων
877 3640 1124 3712 γνώμας,
1152 3641 1245 3694 ἐπὶ
1287 3640 1349 3692 τὸ
1379 3639 1560 3709 χεῖρον
1583 3636 1832 3706 διαστρέ-

220 3727 333 3795 ψας
385 3726 516 3788 τοὺς
575 3724 828 3788 πλείονας
881 3723 978 3776 τοῦ
1037 3724 1263 3796 κλήρου.
1319 3720 1727 3793 Διαπορούντων
1774 3721 1831 3773 δέ

221 3807 412 3877 ἡμῶν,
439 3807 803 3871 ἐμπνευσθεὶς
831 3807 860 3858 ό
904 3807 1159 3877 Ἰωάννης
1212 3806 1288 3877 τῷ
1342 3804 1646 3875 Πνεύματι,
1683 3801 1830 3870 λέγει

217 3893 338 3956 τοῖς
369 3892 559 3944 πᾶσιν·
589 3889 858 3957 Εὕξασθε,
878 3891 1116 3960 ἀδελφοὶ,
1145 3893 1241 3944 καὶ
1274 3893 1321 3944 εί
1349 3889 1552 3960 φιλεῖτε
1575 3888 1668 3941 τὸν
1700 3889 1741 3940 Χ
1752 3904 1832 3958 ρι-

225 3974 376 4033 στὸν,
415 3973 551 4045 ἐμοῦ
605 3974 793 4027 ἕνεκεν
832 3975 906 4044 μή
954 3990 1035 4036 τις
1066 3973 1340 4043 ἀπολείπῃ
1386 3973 1484 4042 τὴν
1513 3968 1705 4025 ἑαυτοῦ
1736 3970 1829 4021 ἐκ-

221 4058 484 4129 κλησίαν·
530 4057 672 4127 Ἐγὼ
713 4057 823 4128 γὰρ
853 4056 969 4126 ἤδη
1016 4057 1388 4124 σπένδομαι,
1421 4055 1522 4109 καὶ
1563 4058 1595 4110 d
1626 4053 1832 4121 καιρὸς

224 4142 336 4210 τῆς
364 4142 729 4208 ἀναλύσεώς
749 4159 871 4211 μου
906 4141 1225 4211 ἐφέστηκε,
1276 4139 1419 4194 κατὰ
1462 4141 1551 4193 τὸν
1584 4139 1827 4203 εἰπόντα,

223 4229 321 4280 καὶ
357 4226 562 4290 πολλὰς
596 4226 805 4297 θλίψεις
853 4225 1115 4289 ὑποστὰς,
1157 4225 1437 4294 ἀπολείψω
1496 4225 1557 4276 τὸ
1604 4225 1725 4295 ζῇν,
1756 4223 1832 4288 ὡς

223 4311 358 4381 δρῶ.
390 4305 525 4365 Οἶδα
548 4308 659 4382 γάρ
712 4309 810 4381 τὴν
866 4311 1173 4382 σκευωρίαν
1219 4308 1314 4362 τοῦ
1351 4310 1588 4374 Σατανᾶ,
1622 4311 1705 4363 ὅτι
1732 4311 1831 4364 οὐκ

188 4387 312 4448 Ὶτι
346 4397 501 4466 φέρει
554 4412 658 4466 μου
690 4395 791 4466 τὴν
841 4395 1138 4464 ἐπάχθειαν
1191 4394 1301 4447 τῶν
1340 4394 1513 4463 λόγων
1573 4395 1683 4448 τῶν
1711 4404 1843 4448 κατ’

223 4477 394 4548 ρύτοῦ
452 4477 779 4548 γινομένων.
841 4479 953 4530 Καὶ
1030 4476 1203 4541 οὕτως
1262 4476 1552 4546 ἐλεηθῆτε·
1607 4478 1666 4528 ἐν
1712 4478 1832 4540 ταῖς

215 4546 746 4633 ξτροσευχαῖςύμῶν
780 4559 1149 4631 μνημονεύετέ
1195 4577 1320 4630 μου.
1382 4558 1741 4633 Συσχεθέντες
1773 4560 1830 4613 δέ

239 4646 422 4716 τφάτῳ
448 4646 678 4717 ἀθυμίᾳ,
716 4647 765 4698 οί
807 4645 906 4716 μὲν
947 4644 1316 4715 ἐδακρύομεν,
1364 4646 1540 4716 ἕτεροι
1581 4644 1636 4697 δὲ
1668 4645 1830 4718 ἐξήρ-

225 4728 387 4798 χοντο
420 4729 513 4782 τοῦ
549 4730 852 4801 συνεδρίου,
883 4731 1008 4792 τοὺς
1046 4728 1357 4798 ὀφθαλμοὺς
1411 4728 1506 4781 καὶ
1546 4729 1644 4799 τὴν
1680 4729 1830 4800 ἱερὰν

223 4812 480 4882 κεφαλὴν
517 4814 612 4867 σὺν
665 4814 743 4883 τῷ
793 4814 1038 4884 εὐστόχῳ
1080 4813 1106 4852 δ
1142 4814 1234 4865 καὶ
1295 4813 1548 4884 μακαρίῳ
1601 4813 1828 4883 στόματι

221 4897 546 4968 ἠσπάζοντο
602 4897 994 4969 δεδακρυμένοι
1037 4897 1130 4950 καὶ
1191 4897 1517 4968 κεκομμένῳ
1553 4897 1630 4966 τῷ
1670 4897 1832 4950 πνεύ-

228 4997 391 5051 ματι.
424 4979 820 5052 Παρακαλέσας
852 4979 908 5033 δέ
958 4979 1276 5033 ἐπανελθεῖν
1329 4981 1407 5041 είς
1459 4980 1520 5032 τὸ
1557 4981 1830 5052 συνέδριον

224 5059 336 5117 ὦδε
400 5063 626 5117 κάκεῖσε
695 5063 1189 5134 περιπετομένους,
1259 5062 1510 5125 καθάπερ
1572 5063 1830 5132 μελίσσας

226 5147 659 5218 περιόομϐώσας
696 5160 717 5187 ε
765 5148 996 5218 κυψέλῃ,
1042 5145 1212 5214 λέγει·
1251 5145 1549 5209 Καθίσατε,
1589 5146 1826 5218 ἀδελφοὶ,

227 5230 329 5283 καὶ
357 5231 431 5301 μὴ
455 5231 690 5292 κλαίετε,
727 5232 820 5283 ἐπὶ
845 5231 1006 5283 πλέον
1036 5247 1102 5301 με
1135 5228 1485 5301 θρύπτοντες.
1527 5229 1689 5299 Ἐμοί
1722 5233 1829 5302 γὰρ

225 5315 296 5366 τὸ
329 5313 435 5383 ζῇν
461 5315 716 5383 Χριστὸς
742 5316 839 5370 καὶ
886 5316 953 5368 τὸ
984 5313 1312 5370 ἀποθανεῖν
1341 5314 1571 5383 κέρδος.
1611 5315 1830 5387 Ἐθρυλ-

221 5396 374 5450 λεῖτο
405 5399 515 5470 γὰρ
585 5399 1019 5471 καρατομεῖσθαι
1078 5400 1166 5452 διὰ
1218 5401 1314 5469 τὴν
1371 5399 1674 5471 ὑπερϐολὴν
1728 5401 1827 5471 τῆς

226 5480 566 5551 παρρησίας.
607 5485 715 5537 Καὶ
771 5486 818 5535 εί
866 5485 1250 5554 μνημονεύετε,
1285 5484 1625 5549 ἀναπτύξατε
1678 5486 1826 5556 ὑμῶν

295 5601 324 5630 ⁸
351 5604 482 5653 Fort.
522 5607 575 5654 οὗ
601 5608 675 5662 δή.

293 5662 482 5734 ξηρὴ
499 5669 688 5734 ἀρχέτω
713 5667 877 5734 (1901's
904 5669 1138 5734 ,εὐτρόχῳ
1162 5672 1237 5720 vel
1268 5670 1484 5731 εύστομφ
1513 5670 1710 5725 conjivil
1745 5671 1824 5718 Bi-

226 5723 428 5793 gogiqfi
453 5729 538 5773 sed
564 5723 948 5793 EIOC'mvplatiﬁnn
973 5723 1380 5793 nitenﬁnnjoclura
1405 5723 1527 5791 ι’νιίιιεε
1551 5723 1641 5778 τεςέ.

297 5788 323 5818 ε
351 5787 446 5836 Plu
470 5789 862 5850 περιεομῗὲούντας.

1949 633 2338 706 ἐπωλήσαμεν,
2377 633 2740 705 καταλύομεν.
2786 638 2878 708 Μὴ
2915 639 3169 708 ἀμείνους
3211 642 3379 714 ἐσμὲν
3429 645 3540 699 τῶν

1950 716 2332 788 πατριαρχῶν,
2393 714 2501 768 τῶν
2547 717 2863 788 προφητῶν,
2896 720 3003 773 τῶν
3063 723 3399 790 ἀποστόλων,
3450 727 3537 781 ἴνα

1949 801 2215 855 ἀθάνατον
2235 803 2368 872 ἡμῖν
2400 803 2712 874 παραμείνῃ
2746 802 2903 856 τοῦτο
2935 805 2996 858 τὺ
3018 805 3154 877 ζῇν;
3183 808 3538 874 Ἐπολολύξας

1947 886 2003 938 δέ
2042 903 2124 949 τις
2151 885 2261 938 τῶν
2300 885 2579 957 παρόντων
2635 881 2806 939 εἶπεν·
2872 888 3032 942 ’Λλλά
3085 890 3390 963 θρηνοῦμεν
3439 894 3538 964 τὴν

1947 969 2103 1039 ἡμῶν
2129 969 2413 1039 ὀρφανίαν,
2469 975 2568 1040 τὴν
2619 970 2722 1040 τῆς
2779 972 3107 1044 Ἐκκλησίας
3155 976 3539 1049 χηρείαν,τὴν

1945 1051 2055 1105 τῶν
2085 1051 2302 1122 θεσμῶν
2332 1051 2615 1122 σύγχυσιν,
2650 1054 2749 1124 τὴν
2777 1055 3068 1127 φιλαρχίαν
3102 1057 3209 1110 τῶν
3236 1057 3310 1129 μὴ
3343 1059 3538 1128 190600-

1949 1135 2127 1205 μένων
2175 1136 2267 1189 τὸν
2319 1135 2540 1207 Κύριον,
2581 1137 2675 1190 καὶ
2724 1142 2845 1202 ταῖς
2907 1140 3267 1211 προστασίαις
3333 1145 3535 1215 ἐπιπη-

1945 1219 2160 1274 δώντων
2189 1220 2239 1284 ά,
2273 1221 2383 1274 τῶν
2435 1221 2664 1292 πτωχῶν
2702 1224 2762 1274 τὸ
2815 1224 3274 1294 ἀπροστάτευτον,
3305 1225 3407 1296 τῆς
3459 1227 3537 1282 δι·-
3637 1296 3639 1298 η

1943 1303 2238 1368 δασκαλίας
2281 1305 2378 1375 τὴν
2418 1306 2674 1376 ἐρημίαν.
2717 1306 3083 1376 Ἐπικρούσας
3112 1307 3170 1362 δέ
3222 1309 3300 1378 τῷ
3332 1309 3538 1382 λιχανῷ

1940 1387 2186 1458 δακτύλῳ
2205 1387 2296 1441 τὸν
2317 1388 2518 1461 ταρσὸν
2545 1389 2644 1457 τῆς
2673 1389 2970 1460 ἀριστερᾶς
2993 1388 3176 1462 χειρὸς
3201 1390 3400 1462 (εἰώθει
3426 1393 3537 1466 γὰρ

1941 1471 1970 1523 0
2000 1471 2344 1542 φιλόχριστος
2409 1474 2466 1524 ἐν
2517 1474 2638 1535 ταῖς
2701 1471 2842 1525 κατά
2887 1471 3013 1526 νοῦν
3068 1474 3346 1544 φροντίσιν
3403 1478 3536 1530 αύτδ

1940 1556 2158 1622 ποιεῖν),
2188 1555 2266 1624 τῷ
2303 1554 2580 1624 ὁμιλοῦντι
2626 1554 2777 1624 αύτῷ
2832 1549 3004 1609 εἶπεν·
3056 1557 3270 1628 Ἀρκεῖ,
3315 1557 3531 1628 ἀδελφὲ,

1942 1638 2016 1706 μὴ
2043 1637 2214 1689 πολλά
2246 1637 2391 1704 λέγε,
2418 1636 2532 1689 ἀλλ’
2565 1638 2594 1688 ὃ
2639 1633 2812 1700 εἷπον,
2875 1638 2975 1702 τὰς
3013 1639 3344 1711 Ἐκκλησίας
3381 1641 3534 1711 ὑμῶν

1943 1718 2017 1788 μὴ
2054 1719 2252 1788 ἀφῆτε.
2289 1716 2428 1770 Οὔτε
2475 1717 2583 1788 γὰρ
2634 1719 2730 1771 ἀπ’
2767 1719 2900 1789 ἐμοῦ
2947 1721 3152 1791 ἤρξατο
3179 1722 3240 1774 τὸ
3279 1722 3534 1776 διδασκά-

1936 1801 2068 1866 λιον,
2097 1799 2221 1854 οὔτε
2249 1803 2328 1864 είς
2358 1800 2457 1871 ἐμὲ
2480 1799 2821 1871 ἐτελεύτησε.
2853 1801 2946 1872 Μὴ
2971 1802 3072 1855 οὐκ
3097 1803 3338 1856 ἀπέθανε
3369 1805 3533 1857 M106-

1938 1885 2079 1954 σῆς;
2132 1885 2231 1953 οὐχ
2292 1883 2520 1954 εὓρηται
2588 1883 2836 1954 Ἰησοῦς;
2890 1884 3004 1937 Ούκ
3057 1883 3374 1954 ἐτελεύτησε
3429 1886 3532 1939 Σα-

1939 1967 2148 2040 μουήλ;
2183 1969 2244 2020 ού
2297 1968 2583 2038 κέχρισται
2631 1969 2660 2021 0
2711 1967 2917 2033 Δαυῒδς
2969 1968 3227 2021 Ἀπέλιπε
3276 1969 3368 2021 τὸν
3416 1967 3530 2038 βίον

1946 2052 2238 2122 Ἱερεμίας,
2267 2053 2367 2105 οὐκ
2401 2048 2467 2122 ἦν
2519 2053 2547 2103 0
2577 2051 2793 2122 Βαρούχ
2819 2068 2833 2116 ;
2884 2051 3184 2123 Ἀνελήφθη
3233 2053 3437 2115 Ἠλίας,
3465 2053 3527 2106 οὐ

1936 2137 2343 2207 προεφήτευσεν
2413 2135 2752 2200 Ἐλισσαῖοςς
2801 2135 3226 2207 Ἐκαρατομήθη
3283 2137 3525 2200 Παῦλος,

1931 2219 2032 2272 οὐκ
2061 2219 2294 2272 ἀπέλιπε
2355 2219 2641 2289 Τιμόθεον,
2693 2217 2873 2282 Τίτον,
2924 2220 3164 2273 Ἀπολλὼ
3205 2221 3300 2274 καὶ
3338 2221 3528 2283 ἄλλους

1937 2301 2203 2373 μυρίους;
2234 2303 2390 2355 Μετά
2412 2301 2637 2365 τούτους
2673 2305 2797 2366 τοὺς
2829 2303 3023 2371 λόγους
3069 2303 3216 2371 λέγει
3269 2301 3530 2366 Εύλύσιος

1931 2389 1959 2439 ὁ
1997 2385 2299 2456 Ἀπαμείας
2348 2386 2448 2455 τῆς
2506 2385 2783 2449 Βιθυνίας·
2844 2387 3186 2454 Ἐπάναγκες
3235 2387 3382 2456 ἡμᾶς
3412 2388 3527 2440 ἐστι

1932 2471 2260 2541 κατέχοντας
2283 2467 2384 2532 τὰς
2418 2469 2748 2540 Ἐκκλησίας
2781 2470 3195 2540 ἀναγκασθῆναι
3223 2471 3318 2522 καὶ
3344 2487 3530 2523 κοινω-

1931 2556 2092 2627 νῆσαι
2119 2555 2215 2608 καὶ
2270 2554 2613 2625 ὑπογράψαι.
2654 2555 2799 2626 Ἔφη
2828 2557 2856 2608 0
2884 2555 3038 2623 ὂῒγιος
3079 2555 3350 2624 Ἰωάννης·
3399 2556 3528 2606 Κοι-

1930 2639 2208 2709 νωνήσατε
2251 2639 2370 2709 μὲν,
2406 2639 2491 2691 ἵνα
2527 2639 2602 2709 μὴ
2654 2637 2876 2709 σχίσητε
2923 2637 3020 2709 τὴν
3063 2636 3409 2706 Ἐκκλησίαν,
3447 2635 3523 2707 μὴ

1932 2720 2284 2792 ὑπογράψητε
2315 2721 2392 2772 δέ·
2460 2721 2612 2774 οὐδὲν
2672 2720 2780 2790 γὰρ
2816 2719 3042 2790 ἐμαυτῷ
3097 2719 3313 2773 σύνοιδα
3367 2717 3516 2782 ἄξιον

1931 2803 2306 2875 καθαιρέσεως
2333 2803 2611 2873 ἐννοήσας.
2633 2803 2851 2855 Τούτων
2881 2802 3052 2862 οὕτως
3078 2802 3311 2872 ἐχόντων
3328 2798 3528 2872 ἐδηλώ-

1932 2888 2103 2957 θησαν
2132 2888 2179 2939 οἱ
2211 2887 2606 2948 ἀποσταλέντες
2629 2886 2732 2938 ὑπὸ
2762 2885 3044 2953 Θεοφίλου·
3088 2883 3298 2936 κελεύει
3329 2883 3524 2944 αὐτοὺς

1932 2968 2212 3023 εἰσελθεῖν·
2252 2968 2593 3030 εἰσελθόντας
2628 2969 2812 3037 ήρετο,
2848 2967 3002 3019 ποίου
3036 2962 3145 3018 εἷεν
3179 2963 3409 3035 βαθμοῦ·
3437 2963 3526 3014 λέ-

1929 3069 2146 3122 γουσιν·
2202 3052 2545 3104 Ἐπίσκοποι.
2599 3049 2919 3121 Παρακαλεῖ
2967 3047 3301 3110 καθίσαντας
3349 3046 3524 3097 εἰπεῖν

1931 3138 2016 3205 ἐφ’
2068 3130 2112 3203 ᾧ
2161 3135 2434 3206 πάρεισιν.
2493 3134 2557 3186 Οἱ
2586 3133 2641 3185 δὲ
2690 3133 2947 3202 λέγουσι·
2995 3127 3525 3202 Παραναγνωστικὺν

1930 3220 2125 3290 ἔχομεν
2159 3219 2338 3289 μόνον·
2372 3219 2634 3287 ποιήσατε
2668 3214 2760 3271 οὖν
2787 3219 2918 3271 αὐτὸ
2946 3215 3382 3284 ἀναγνωσθῆναι.
3411 3213 3524 3264 Κε-

1929 3302 2075 3354 λεύει
2126 3304 2154 3354 0
2196 3301 2450 3370 Ἰωάννης
2501 3300 2940 3370 ἀναγνωσθῆναι.
3005 3298 3417 3370 Προστάσσουσι
3447 3294 3525 3364 τῷ

1930 3384 2202 3454 παιδαρίῳ
2239 3383 2334 3436 τοῦ
2368 3382 2628 3450 Θεοφίλου
2683 3382 2993 3452 ἀναγνῶναι
3043 3382 3143 3450 τὴν
3178 3377 3522 3448 ὑπηγορίαν,

1931 3467 2024 3520 κοιλ¹
2052 3466 2282 3533 ἀνέγνω.
2309 3461 2419 3518 Ἦν
2445 3465 2501 3517 δέ
2550 3465 2613 3518 τὸ
2669 3464 2804 3532 ὕφος
2843 3463 3040 3516 ’τοῦτοο
3083 3463 3147 3516 Ἠ
3172 3460 3434 3524 σύνοδος
3482 3461 3522 3527 ἠ

1930 3549 2069 3618 ἁγία
2101 3550 2138 3616 ἠ
2172 3547 2272 3600 ἐπὶ
2308 3547 2464 3615 Δρῦν
2494 3546 2874 3615 συναχθεῖσα
2905 3545 3089 3615 (τόπος
3115 3543 3172 3596 δέ
3207 3545 3352 3596 ἐστιν
3379 3540 3524 3594 οὕτω

1930 3630 2261 3700 καλούμενος
2287 3629 2460 3701 πέραν
2493 3628 2791 3698 θαλάσσης,
2833 3626 3117 3696 Ῥουφίνου
3173 3625 3519 3696 προάστειον,

1930 3716 1986 3766 ἐν
2019 3708 2063 3781 ᾧ
2095 3711 2234 3785 ἦσαν
2278 3712 2746 3784 συνηθροισμένοι)
2790 3709 3028 3778 Ἰωάννῃ
3065 3707 3522 3780 (παραλείψαντες

1928 3799 1956 3849 ὃ
1992 3795 2081 3868 ἦν,
2120 3797 2199 3863 τῷ
2230 3795 2557 3860 ἑπισκόπῳ·
2595 3795 2740 3864 φιλεῖ
2771 3795 2879 3866 γάρ
2909 3811 3026 3857 πως
3073 3796 3106 3865 ή
3155 3790 3519 3860 ἐσκοτισμένη

1928 3883 2074 3954 ψυχὴ
2095 3884 2193 3935 ούκ
2221 3880 2529 3943 ἀκολούθως
2565 3880 2805 3950 βλέπειν,
2843 3878 2978 3932 ἀλλὰ
3007 3876 3375 3946 φαντάζεσθαι
3401 3874 3436 3928 ἃ
3460 3873 3522 3926 τὸ

1932 3965 2104 4030 πάθος
2163 3964 2540 4036 ὑπαγορεύει)·
2599 3965 2934 4028 Λιόἐνιλους
2992 3959 3320 4025 ἐδεξάμεθα
3369 3956 3520 4010 κατὰ

1929 4049 2067 4113 σοῦ,
2103 4048 2493 4116 περιέχοντας
2530 4047 2718 4116 μιφία
2773 4044 2947 4100 κακά.
2985 4045 3370 4110 Ἀπὰντησον
3399 4041 3520 4096 τοί-

1929 4150 2064 4195 νυν,
2092 4134 2463 4201 ἐπαγόμενος
2489 4131 2843 4200 Σαραπίωνα
2895 4128 2996 4183 καὶ
3035 4129 3267 4197 Τίγριον
3294 4139 3316 4166 ο
3377 4125 3522 4192 τοὺς

1929 4215 2390 4284 πρεσϐυτέρους·
2425 4215 2557 4269 ἐστι
2592 4215 2703 4283 γὰρ
2730 4212 2932 4268 αὐτῶν
2958 4212 3146 4281 χρεία.
3177 4207 3358 4264 Ἶῐσαν
3385 4209 3439 4260 δὲ
3470 4211 3519 4261 οί

1930 4299 2178 4362 ἐλθόντες
2215 4299 2352 4370 πρὸς
2371 4298 2536 4353 αὑτὸν
2564 4299 2854 4368 Διόσκορος
2880 4297 2974 4350 καὶ
3005 4293 3217 4356 Παῦλος
3242 4295 3300 4346 ἐν
3342 4289 3518 4362 Λιϐύῃ

1930 4383 2166 4451 ὑπόγυον
2219 4383 2592 4445 καταστάντες
2613 4382 2743 4435 νέοι.
2787 4381 2943 4434 Μετά
2981 4380 3041 4432 τὺ
3092 4375 3517 4446 ἀναγνωσθῆναι
3597 4424 3604 4432 ,

1928 4466 2028 4536 τὴν
2048 4465 2252 4530 δέλτον,
2281 4465 2652 4534 ἀντιλέγουσιν
2684 4465 2732 4517 οἱ
2765 4465 2861 4517 σὺν
2883 4463 2959 4533 τῷ
2984 4461 3266 4531 ἐπισκόπῳ
3295 4459 3520 4530 Ἰωάννῃ

1929 4550 2239 4615 ἐπίσκοποι,
2273 4548 2613 4622 δηλώσαντες
2651 4549 2728 4619 τῷ
2755 4547 2999 4618 Θεοφίλῳ
3036 4547 3125 4599 διά
3168 4544 3339 4618 τριῶν
3399 4545 3522 4595 ἐπια

1932 4633 2171 4698 σκόπων,
2208 4633 2580 4688 Δουππικίνου
2613 4635 2706 4685 καὶ
2735 4633 3048 4703 Δημητρίου
3087 4631 3182 4685 καὶ
3230 4628 3516 4688 Εύλυσίου,

1930 4719 2024 4772 καὶ
2058 4717 2446 4791 πρεσϐυτέρων
2503 4717 2598 4771 δύο
2628 4715 2910 4787 Γερμανοῦ
2954 4718 3049 4770 καὶ
3107 4715 3373 4787 Σευήρου,
3412 4704 3516 4767 τῶν

1933 4804 2148 4856 πάντων
2171 4803 2342 4870 ἁγίων
2393 4801 2602 4872 ἀνδρῶν
2659 4800 2753 4854 καὶ
2784 4800 3099 4868 ἀξιολόγων·
3133 4799 3226 4871 Μὴ
3282 4797 3515 4852 κατάλυε

1931 4887 1997 4938 τά
2031 4886 2330 4956 πράγματα
2390 4885 2492 4955 τῆς
2527 4883 2873 4955 Ἐκκλησίας,
2942 4884 3035 4936 καὶ
3095 4883 3169 4954 μὴ
3225 4881 3376 4952 σχίζε
3421 4881 3516 4950 τὴν

1944 4970 2290 5041 Ἐκκλησίαν.
2322 4968 2388 5022 δι’
2418 4968 2485 5039 ἣν
2507 4969 2536 5021 0
2556 4968 2688 5031 θεὸς
2726 4970 2806 5032 είς
2837 4968 3016 5040 σάρκα
3050 4967 3340 5038 κατῆλθεν·
3377 4967 3424 5017 εί
3460 4963 3516 5015 δὲ

1931 5054 2209 5106 ἀστεκτῶν
2248 5051 2264 5090 τ
2303 5052 2592 5115 καταλύεις
2625 5054 2751 5114 τοὺς
2796 5053 2852 5105 ἐν
2895 5052 3103 5123 Νικαίᾳ
3152 5050 3383 5110 κανόνας
3409 5045 3516 5097 τῶν

1929 5146 2032 5208 τιη⁹
2063 5139 2397 5201 ἐπισκόπων,
2450 5139 2544 5190 καὶ
2605 5137 2894 5209 ὑπερόριον
2937 5137 3178 5202 δικάζεις
3233 5133 3408 5199 δίκην,
3449 5127 3513 5209 ετξ)

1931 5207 2168 5290 πέρασον
2196 5219 2329 5289 πρὸς
2365 5219 2512 5290 ἡμᾶς
2543 5221 2622 5283 είς
2667 5207 3205 5290 τῆνέύνομουμένην
3229 5211 3404 5290 πόλιν,
3437 5207 3510 5276 μὴ

1931 5285 2494 5368 προκαλούμενος-τὸν
2528 5293 2693 5347 ’Λδελ
2722 5285 2868 5347 κατά
2911 5285 3001 5347 τὸν
3041 5285 3190 5345 ’Κάῖν
3221 5290 3299 5349 εἰς
3325 5285 3386 5336 τὸ
3418 5300 3514 5368 πε-

1928 5363 2058 5437 δίον,
2092 5375 2180 5428 ἵνα
2215 5363 2306 5427 σου
2340 5377 2499 5447 ἡμεῖς
2533 5376 2740 5446 πρῶτοι
2765 5374 3106 5442 ἀκούσωμεν.
3140 5370 3378 5436 Ἐχομεν
3403 5363 3511 5433 γὰρ

1931 5457 2069 5508 κατὰ
2106 5454 2196 5508 σοῦ
2246 5455 2621 5526 ἐϐδομήκοντα
2673 5453 2982 5523 κεφαλαίων
3031 5447 3336 5507 λισέλλους,
3379 5461 3514 5516 προ-

1928 5543 2119 5610 δήλους
2157 5541 2583 5613 ἀθεμιτουργίας
2636 5541 2874 5608 ἔχοντας,
2936 5536 3030 5586 καὶ
3085 5531 3303 5593 πλείους
3345 5527 3512 5601 ἐσμὲν

1993 5665 2016 5702 δ
2056 5668 2088 5716 (ἰ
2100 5681 2218 5728 Porg
2261 5667 2578 5714 ἐπιδιδόντων.

1989 5729 2007 5746 ⁰
2043 5729 2138 5773 ("nd
2148 5764 2157 5774 .
2187 5728 2361 5774 Τίγοιν.

1998 5729 2007 5746 '
2043 5731 2108 5773 (".0
2148 5764 2157 5774 .
2213 5729 2361 5772 ἐνοι-θ.

1998 5787 2014 5826 ί
2049 5729 2331 5850 [ιεέράιιίιίη
2359 5785 2519 5849 promi
2545 5783 2692 5831 dubio
2720 5783 2939 5833 ὰτακτῶν
2962 5800 3068 5835 cum
3091 5786 3276 5847 Georg.
