2758 4350
199 261 273 298 ‘23-

197 339 266 384 gati
299 349 365 375 non
393 339 435 376 ad
455 341 675 378 eversionem
698 341 894 386 Ecclesiae,
923 344 984 380 sed
1008 344 1042 380 in
1071 354 1170 390 pace.
1195 345 1248 381 Tu

198 399 290 436 enim
309 399 500 436 tricesimus
535 408 656 438 sextus
679 413 718 440 cs
745 414 788 439 ex
815 405 917 441 unica
944 405 1146 452 provincia;
1181 416 1246 442 nos

197 471 277 497 vero
295 472 414 499 sumus
430 464 662 512 quadraginta
691 477 711 502 e
731 467 882 505 diversis
911 469 1102 515 provinciis
1119 498 1128 514 ,
1151 471 1246 508 inter

194 534 276 570 quos
295 534 414 562 sumus
432 527 536 562 etiam
557 534 692 574 septem
712 529 943 577 Metropolitae
961 543 969 566 :
986 537 1022 568 et
1048 540 1242 570 consenta-

193 597 292 623 neum
319 595 373 625 est
399 595 436 626 ut
465 590 582 628 minor
605 602 776 630 numerus
796 603 816 629 a
835 594 960 640 majori
981 600 1089 643 atque
1111 597 1240 643 potiori

190 649 379 686 secundum
395 661 548 689 canones
565 653 756 700 judicetur.
791 655 971 694 llabemus
991 659 1086 694 enim
1105 665 1140 696 et
1161 661 1239 706 epi-

188 709 316 747 stolam
333 717 438 755 tuam,
459 723 523 760 per
541 725 646 762 quam
667 727 792 754 mones
807 718 1060 766 coepiscopum
1077 727 1238 758 nostrum

186 771 358 812 Joannem
385 777 641 816 accusationem
661 786 758 818 extra
786 781 918 820 limites
936 793 1006 820 non
1025 783 1158 822 debere
1175 786 1238 822 ad-

187 835 338 872 mittere.
361 837 459 874 Unde
487 839 623 886 legibus
649 843 899 880 ecclesiasticis
920 855 1072 892 parcns,
1092 856 1238 884 accusa-

186 903 277 934 tores
298 904 376 936 tuos
395 911 456 937 ora
471 930 482 945 ,
502 908 541 939 ut
557 903 603 940 ab
622 906 822 943 accusando
841 913 875 944 te
893 907 1090 953 desistant,
1111 915 1174 946 aut
1191 911 1236 948 ab

184 969 326 997 accessu
353 969 386 998 et
416 964 574 1012 perfugio
591 967 635 1002 ad
659 966 845 1007 Joannem.
875 970 927 1008 Ad
952 971 1028 1008 hcce
1052 980 1234 1020 permotus

181 1021 356 1067 Joannes,
387 1027 560 1073 episcopis
592 1029 732 1075 quidem
763 1041 904 1068 suarum
933 1034 1084 1080 partium
1115 1035 1230 1072 dixit:

183 1083 274 1128 Vos,
303 1086 398 1132 quod
429 1087 527 1124 vobis
547 1089 697 1136 videtur,
731 1093 928 1140 significate
946 1109 954 1132 :
973 1103 1141 1135 eceterum
1173 1111 1231 1138 me

179 1151 316 1191 oportet
332 1147 375 1184 ad
391 1159 430 1184 ea
448 1159 526 1196 quae
542 1151 627 1188 mihi
647 1152 761 1192 delata
779 1162 863 1193 sunt
881 1159 1091 1197 rescribere.
1111 1161 1230 1199 Theo-

178 1209 260 1254 phili
275 1215 390 1247 autem
407 1213 558 1260 partium
573 1215 750 1264 episcopis
768 1218 844 1256 hrec
861 1222 1044 1269 rescripsit
1065 1235 1074 1260 :
1093 1225 1168 1271 Ego
1183 1236 1227 1262 an

175 1271 252 1315 quis
269 1279 389 1308 contra
409 1283 466 1310 me
485 1274 674 1315 dicendurm
703 1279 836 1327 aliquid
869 1281 998 1320 habeat
1015 1313 1024 1328 ,
1056 1284 1228 1324 hactenus

175 1332 318 1368 omnino
339 1335 477 1372 nescius
494 1347 572 1379 sum
591 1351 598 1375 :
616 1339 645 1376 si
665 1341 745 1388 quis
762 1353 847 1380 vero
863 1345 1034 1384 adversus
1051 1359 1108 1384 me
1123 1349 1226 1386 dixe-

175 1395 229 1438 rit,
245 1402 279 1432 et
299 1396 424 1436 adesse
442 1409 498 1436 me
519 1401 640 1446 vultis,
670 1405 878 1444 manifestos
905 1408 1069 1447 inimicos
1101 1423 1222 1456 meos,

173 1457 228 1501 qui
248 1468 288 1497 ex
309 1469 370 1496 Sua
390 1462 602 1509 negligentia
622 1475 702 1513 erga
719 1477 777 1505 me
792 1469 885 1506 male
903 1471 1046 1508 animati
1066 1480 1161 1518 sunt,
1179 1485 1224 1511 ex

171 1529 341 1558 ciuivcntu
360 1530 478 1562 vestro
505 1526 636 1572 cjicite.
656 1529 778 1577 Neque
798 1531 842 1568 de
861 1533 941 1570 loco
963 1536 1140 1573 contendo
1155 1566 1164 1580 ,
1188 1539 1222 1575 in

169 1581 418 1628 quojndieium
439 1586 558 1624 subire
579 1599 636 1626 me
655 1597 816 1637 oportet,
839 1595 907 1632 etsi
939 1595 974 1632 id
1005 1599 1158 1636 maxime
1188 1600 1222 1636 in

165 1643 306 1680 civitate
329 1645 402 1682 fieri
417 1649 586 1694 oportuit.
603 1649 693 1688 Sunt
712 1659 828 1690 autem
845 1666 934 1702 quos
949 1658 1086 1704 rcjicio,
1105 1660 1224 1698 Theo-

165 1703 304 1749 philus,
327 1717 432 1754 quem
461 1710 606 1748 reviuco
633 1713 767 1752 dixisse
795 1721 831 1752 et
859 1718 1085 1758 Alexandri-e
1115 1728 1150 1759 et
1184 1724 1218 1760 in

165 1765 262 1814 Lycia
281 1779 288 1804 :
305 1767 342 1804 lu
363 1769 565 1808 comitatum
593 1774 811 1821 proﬁciscor,
843 1784 882 1814 ut
908 1779 1081 1818 Joannem
1107 1783 1218 1831 depo-

163 1838 253 1865 nam.
269 1829 302 1866 Id
317 1837 434 1870 autem
451 1843 572 1871 verum
589 1844 643 1874 est
661 1847 707 1875 ex
724 1849 768 1876 eo
779 1841 871 1888 quod
892 1849 1078 1891 postquam
1093 1857 1215 1886 acces-

162 1889 216 1934 sit,
237 1901 346 1938 neque
365 1905 420 1932 me
439 1895 642 1944 alloquutns
662 1906 736 1944 est,
761 1913 876 1950 neque
894 1915 1033 1943 mecum
1051 1918 1212 1948 commu-

162 1951 292 1988 nicavit.
307 1953 370 1998 Qui
387 1955 490 2004 igitur
503 1965 586 1996 ante
601 1960 820 2000 auditionem
836 1964 1012 2004 hostiliter
1029 1979 1068 2006 se
1083 1971 1208 2018 gessit,

159 2014 235 2058 quid
255 2023 329 2062 post
353 2018 523 2066 judicium
554 2021 710 2062 facturus
739 2028 819 2064 est?
849 2028 1022 2068 Similiter
1047 2014 1100 2070 et.
1114 2034 1209 2072 Aca-

158 2077 241 2112 cium
258 2089 421 2129 coarguo,
441 2085 500 2131 qui
519 2085 650 2124 dixerit
671 2101 678 2124 :
702 2089 778 2136 Ego
795 2091 844 2128 illi
865 2093 972 2130 ollam
997 2097 1140 2134 condio.
1160 2099 1209 2137 De

157 2137 334 2178 Severiano
352 2149 386 2180 et
405 2146 582 2183 Antiocho
596 2150 680 2196 quid
697 2153 822 2190 attinet
843 2153 978 2200 dicere,
1001 2169 1091 2204 quos
1103 2160 1208 2198 citius

155 2200 295 2248 excipiet
320 2204 436 2242 divina
453 2208 590 2255 justitia
605 2239 614 2253 ,
633 2222 785 2258 quorum
817 2219 1029 2256 temerarios
1059 2229 1208 2260 conatus

154 2261 250 2298 etiam
267 2267 448 2305 szccularia
465 2269 601 2308 theatra
617 2275 772 2311 canunt?
784 2275 892 2323 igitur
901 2279 930 2315 si
943 2269 1066 2319 revera
1081 2283 1208 2322 adesse

153 2332 204 2359 me
220 2326 342 2374 vultis,
359 2341 482 2377 quccso
501 2343 564 2370 eos
585 2341 759 2382 quatuor,
780 2338 809 2374 si
829 2340 972 2386 quidem
991 2349 1030 2379 ut
1043 2343 1181 2391 judices
1194 2374 1204 2391 ,

151 2397 189 2422 ex
205 2397 366 2430 consessu:
381 2395 498 2442 cjicite
514 2408 523 2440 ;
541 2397 596 2434 sin
616 2405 652 2434 ut
667 2407 907 2447 accusatores,
924 2405 1060 2450 judicio
1075 2409 1204 2453 sistite,

150 2453 185 2482 nt
201 2451 304 2488 sciam
323 2456 501 2500 quomodo
519 2469 576 2496 me
591 2459 635 2496 ad
655 2467 838 2500 certamen
861 2463 1034 2502 instruam
1051 2495 1061 2512 ,
1089 2478 1135 2504 an
1167 2476 1206 2506 ιιι

147 2517 262 2550 contra
281 2515 502 2557 adversarios
516 2549 525 2565 ,
546 2532 591 2559 an
611 2528 649 2560 ut
667 2531 792 2562 contra
815 2527 958 2574 judices
975 2541 984 2566 :
1005 2537 1040 2567 et
1057 2533 1204 2570 omnino

146 2573 278 2610 veniam
305 2588 375 2616 non
407 2583 520 2620 solum
548 2585 592 2622 ad
623 2593 778 2625 vestram
799 2591 1001 2638 caritatem,
1019 2594 1082 2631 sed
1102 2601 1138 2632 et
1157 2597 1202 2634 ad

144 2637 302 2678 quamvis
326 2640 422 2678 orbis
447 2649 620 2684 terrarum
647 2650 838 2698 synodum.
865 2653 1001 2692 Scitote
1023 2666 1108 2704 ergo
1125 2685 1136 2702 ,
1167 2659 1198 2694 si

143 2693 260 2734 decies
279 2699 404 2738 millies
429 2704 472 2740 ad
489 2717 546 2744 me
565 2710 730 2749 miseritis
744 2742 754 2758 ,
785 2715 873 2754 nihil
899 2719 1056 2766 amplius
1077 2731 1120 2758 ex
1140 2733 1199 2760 me

143 2766 203 2793 vos
227 2759 424 2800 audituros.
456 2765 526 2804 illis
555 2773 728 2819 egressis,
757 2778 854 2814 venit
881 2782 1000 2818 statim
1030 2782 1198 2823 Notarius

145 2817 271 2857 habens
290 2826 500 2873 rescriptum
521 2829 762 2880 hnperatoris,
783 2840 838 2876 cui
859 2841 991 2881 inserta
1006 2852 1086 2883 erat
1105 2857 1194 2895 sup-

146 2881 252 2895 _..,,..
339 2886 347 2895 .

1075 2881 1085 2883 -
1106 2881 1170 2895 --Γ

145 2881 278 2927 plicatio
291 2886 537 2937 episcoporum
553 2899 746 2942 petentium
763 2908 801 2938 ut
817 2901 973 2944 Joannes
993 2907 1130 2947 invitus
1147 2911 1192 2948 ad

143 2941 300 2987 judicium
331 2949 530 3000 sisteretur,
555 2941 716 3007 eumque
749 2961 792 2999 ad
822 2963 996 3010 judicium
1028 2971 1190 3018 urgebat.

146 3000 215 3018 τι-..
237 3005 252 3018 ρ
293 3014 300 3018 .
493 3015 500 3018 λ

145 3000 218 3042 Post
235 3005 362 3046 factum
386 3015 526 3052 notario
545 3000 768 3066 responsum,
792 3000 1002 3071 prodierunt
1021 3000 1094 3068 du:
1111 3043 1193 3080 pre-

793 3066 802 3071 _
1028 3066 1043 3068 ,,
1077 3066 1088 3068 _
1113 3066 1173 3080 ,.-

144 3066 262 3115 sbyteri
295 3072 464 3122 Joannis,
499 3079 679 3128 Eugenius
711 3087 881 3134 quidam,
915 3093 974 3138 qui
1005 3093 1190 3133 Heraclea:

143 3132 368 3182 episcopatum
393 3142 670 3187 conspirationis
690 3151 892 3188 mercedem
913 3162 1131 3201 acceperat,
1155 3164 1192 3194 et

142 3192 284 3235 lsaacius
301 3203 493 3242 monachus
507 3234 516 3251 ,
539 3218 585 3246 ne
603 3210 686 3256 quid
711 3212 808 3250 aliud
835 3214 952 3253 dicam
967 3245 978 3261 ,
1000 3218 1162 3258 dicentes
1179 3235 1187 3258 :

143 3254 280 3306 Scripsit
299 3265 358 3302 tibi
375 3265 537 3316 Synodus
558 3284 566 3307 :
587 3254 714 3311 Transi
736 3277 778 3312 ad
797 3288 876 3322 nos,
900 3286 940 3316 ut
958 3281 1099 3328 objecta
1117 3285 1188 3321 eri-

141 3319 225 3356 mina
241 3323 363 3364 diluas.
378 3329 430 3366 Ad
447 3330 524 3368 inec
539 3333 698 3374 Joannes
719 3349 782 3384 per
807 3340 898 3378 alios
919 3343 1108 3392 episcopos
1127 3357 1186 3384 re—

139 3385 483 3435 uuutiavit:Quonam
497 3397 635 3435 tandem
649 3401 774 3439 ordine
791 3405 974 3451 judiCatis,
993 3409 1054 3456 qui
1070 3421 1186 3458 nequc

791 3442 803 3450 .
966 3442 974 3451 ι
998 3442 1054 3456 1"
1071 3442 1186 3458 ""1""

141 3442 290 3485 inimicos
319 3462 414 3490 meos
438 3457 635 3506 ejeccritis,
665 3471 702 3500 ct
733 3477 790 3504 me
822 3479 886 3514 per
905 3471 1058 3508 clericos
1085 3485 1186 3512 meos

139 3510 339 3548 acccrsatis?
357 3513 407 3551 llli
429 3526 542 3557 autem
565 3525 718 3570 arreptis
743 3528 923 3576 episcopis
938 3558 946 3574 ,
968 3531 1078 3569 alium
1100 3545 1183 3572 ver-

141 3564 271 3608 beribus
300 3574 510 3627 affecerunt,
545 3585 692 3623 alterius
722 3596 842 3626 vestes
880 3601 1182 3643 concerpserunt,

141 3627 255 3643 σαι-ηιμ

912 3627 1003 3630 ,,,-_,
1017 3627 1025 3640 ,
1039 3627 1089 3632 __.

139 3627 228 3668 alteri
239 3632 367 3676 ferreas
376 3648 516 3682 catenas
528 3647 622 3684 collo
635 3650 938 3698 circumposuerc,
957 3665 1046 3702 quas
1059 3666 1184 3697 Sancto

146 3687 154 3702 .
163 3701 171 3702 ,
181 3701 188 3702 η
243 3696 250 3702 .

777 3687 784 3698 ,
809 3687 897 3689 ν
911 3687 938 3697 _,
958 3687 1045 3702 Ἰν.-
1060 3687 1182 3697 -....-...

139 3687 251 3731 Joanni
268 3707 495 3752 paraverant,
521 3716 560 3744 ιιι
584 3711 636 3746 sie
655 3713 842 3759 conjectus
867 3715 902 3751 in
924 3719 1124 3758 naviculam
1147 3734 1182 3760 ιιι

140 3748 280 3823 Ξειιοιιιιιι
311 3761 422 3802 locum
451 3771 726 3818 amandaretur,
759 3775 925 3815 dmmone
961 3781 1040 3818 illos
1076 3785 1182 3823 veluti

716 3809 726 3818 ,
764 3809 925 3815 _____._..-
962 3809 1040 3818 ...νυ
1081 3809 1180 3823 wn...

142 3809 251 3854 leones
263 3821 436 3864 eil‘eraute.
457 3829 502 3866 Et
521 3831 647 3870 beatus
662 3835 806 3880 quidem
822 3839 966 3884 Cognito
985 3841 1180 3890 impudenti

140 3882 248 3916 Corum
273 3887 416 3924 consilio
444 3892 601 3938 scipsum
631 3895 804 3934 cohibuit.
831 3898 885 3936 illi
907 3911 992 3938 vero
1017 3908 1181 3950 generosi

141 3935 256 3950 Mn,“
359 3946 372 3950 _

499 3935 508 3938 _
937 3935 989 3938 η-
1017 3935 1176 3950 οων-..μ

139 3935 272 3983 scilicet,
289 3946 454 3987 confectis
473 3953 561 3991 dicis
579 3965 686 3994 causa
708 3958 809 4003 actis,
833 3970 972 4000 araneae
990 3965 1058 4002 tela
1075 3968 1176 4006 infir-

826 265 885 302 DE
909 265 1015 302 VlTA
1044 265 1083 302 S.
1110 264 1301 305 JOANNIS
1325 267 1656 314 CllliYSOSTOlll.
2354 298 2399 336 30

1325 347 1512 394 mioribus,
1534 352 1734 395 decernunt
1749 361 1924 402 adversus
1939 367 2128 418 Joannem,
2144 375 2244 422 cujus
2262 378 2395 418 vultum

1321 419 1366 446 ne
1384 410 1548 451 viderant
1568 417 1728 466 quidem,
1751 433 1866 470 neque
1887 438 2010 466 vocem
2029 433 2237 474 audiverant
2253 467 2262 482 ,
2291 441 2396 489 longo

1320 478 1482 520 tempore
1513 485 1718 518 coutextam
1757 487 1930 526 malitiam
1962 503 2032 530 uno
2067 497 2126 534 die
2163 501 2394 541 terminautes

1320 534 1553 582 (dtemoniaca
1575 543 1670 579 enim
1704 546 1852 584 audacia
1875 553 2038 592 cohiberi
2066 569 2136 596 non
2166 569 2306 608 potest,
2329 577 2394 604 nec

1319 598 1510 636 consilium
1524 601 1708 653 admittit).
1726 607 1890 648 Etmissa
1911 615 1955 651 ad
1973 598 2229 665 Imperatorem
2249 628 2392 666 reiali0~

1311 669 1370 704 ne,
1391 660 1443 698 sic
1461 663 1534 700 orsi
1552 673 1636 702 sunt
1656 679 1665 704 :
1683 669 1857 714 Quoniam
1873 681 2108 722 quorumdam
2125 686 2312 726 criminum
2333 703 2391 730 ac-

1313 728 1460 760 cusatus
1477 723 1637 766 Joannes
1657 737 1694 766 et
1710 732 1778 769 sibi
1799 738 1978 783 conscius,
1997 742 2109 780 noluit
2128 746 2270 795 adesse,
2295 751 2388 800 leges

1313 783 1414 800 lnlnm
1451 785 1511 800 1“
1525 797 1559 800 -η
1621 796 1628 800 -
1767 795 1776 800 ·
1874 799 1881 800 ί

1310 783 1416 821 talem
1447 785 1632 834 deponunt
1651 803 1660 827 :
1681 795 1776 840 quod
1807 803 1844 834 et
1873 799 1948 846 ipse
1967 803 2090 841 subiit.
2109 805 2237 846 Libelli
2261 783 2386 852 1...th

1306 845 1414 882 etiam
1438 847 1532 886 lrcsrc
1550 852 1748 899 majestatis
1768 858 1904 897 crimen
1923 864 2122 903 continent.
2143 869 2289 910 Jubebit
2318 876 2385 924 igi-

1308 913 1364 924 ιι...
1380 908 1493 924 n:-.__
1516 923 1525 924 κ
1547 923 1553 924 κ
1583 920 1590 924 .
1796 921 1804 924 -
1823 921 1830 924 .
1887 923 1891 924 .

2224 908 2228 909 ,
2263 908 2288 910 __
2318 908 2362 924 Ὃ.

1308 913 1364 942 tur
1378 908 1496 948 Pietas
1515 920 1633 950 vestra
1649 927 1730 954 eum
1749 921 1805 957 vel
1822 921 1970 961 invitum
1984 927 2080 974 ejici,
2096 938 2130 967 et
2147 942 2273 980 peeuas
2289 936 2384 976 laesa:

1306 969 1506 1016 majestatis
1527 973 1636 1020 dare;
1657 980 1946 1029 quandoquidem
1966 989 1999 1024 in
2021 989 2097 1028 lucc
2117 992 2297 1040 inquirere
2319 1010 2381 1036 no-

1303 1030 1358 1067 bis
1377 1042 1446 1069 non
1468 1034 1564 1072 licet.
1581 1039 1611 1074 0
1628 1045 1682 1076 ter
1700 1042 1844 1081 miseri!
1863 1055 1944 1093 qure
1960 1051 2126 1098 cogitatis
2143 1062 2179 1092 et
2198 1055 2326 1104 facitis,
2339 1071 2380 1098 ea

1302 1103 1366 1130 vos
1385 1096 1492 1142 pudet
1510 1103 1672 1149 exsequi,
1696 1115 1766 1141 non
1787 1107 1912 1154 Deum,
1934 1112 1997 1149 sed
2019 1113 2181 1154 homines
2198 1122 2300 1158 veriti
2318 1131 2377 1162 aut

1301 1158 1614 1203 pertimescentes.
1637 1165 1723 1203 Erat
1749 1170 1884 1208 crimen
1914 1173 2010 1212 laesa:
2035 1179 2230 1226 majestatis
2257 1187 2371 1222 convi-

1299 1219 1394 1256 cium
1415 1221 1450 1257 in
1472 1224 1682 1271 Augustam,
1700 1235 1739 1265 ut
1760 1231 1826 1277 ipsi
1845 1235 2070 1281 retulerunt,
2091 1242 2186 1287 quod
2205 1255 2282 1282 eam
2311 1257 2375 1284 vo-

1299 1290 1418 1320 casset
1436 1285 1593 1325 Jezabcl.
1619 1289 1662 1326 Et
1683 1291 1733 1328 illi
1753 1294 1896 1340 quidem
1924 1285 2111 1338 mirabiles
2136 1305 2226 1350 viri,
2258 1309 2374 1355 ipsum

1297 1345 1416 1392 gladio
1445 1354 1646 1389 truncatum
1677 1356 1863 1402 cupientes
1891 1359 2036 1406 videre,
2069 1364 2120 1401 sic
2149 1369 2372 1408 retulerunt:

1296 1419 1422 1446 verum
1441 1412 1534 1450 Deus
1558 1415 1806 1456 absconditam
1833 1431 1958 1458 eorum
1988 1426 2159 1464 malitiam
2181 1431 2371 1477 patefecit,

1295 1477 1330 1506 et
1352 1473 1552 1522 principum
1571 1487 1634 1514 eor
1650 1481 1824 1519 emollivit
1841 1495 1848 1520 :
1870 1490 1908 1520 ut
1928 1486 2063 1525 Danieli
2083 1473 2265 1540 Babylone
2279 1505 2370 1532 con-

1297 1534 1386 1582 tigit.
1411 1536 1485 1574 illic
1503 1541 1598 1576 enim
1617 1541 1740 1580 leones
1755 1545 1900 1584 cicurati
1921 1556 2018 1595 sunt,
2037 1563 2224 1598 parcentes
2242 1557 2368 1596 Dauic.

1295 1595 1339 1638 li;
1361 1596 1526 1637 homines
1547 1609 1666 1640 autem
1683 1605 1819 1644 cil'erati
1834 1637 1843 1652 ,
1861 1620 1932 1646 non
1949 1621 2136 1659 parcentes
2157 1618 2344 1664 propheta:
2358 1634 2367 1642 ο

1293 1663 1328 1692 et
1347 1659 1482 1704 pudore
1501 1663 1619 1701 all‘ecit
1643 1666 1734 1705 Dens
1755 1668 1919 1710 homines
1941 1682 2070 1720 praeter
2089 1685 2252 1718 naturam
2280 1683 2371 1722 cil'e-

1291 1727 1402 1764 ratos,
1424 1733 1488 1769 per
1506 1725 1672 1764 animalia
1693 1738 1823 1776 przeter
1840 1741 2002 1772 naturam
2022 1739 2192 1778 cicurata.

1335 1783 1421 1820 Car.
1445 1797 1494 1824 ιιι.
1517 1807 1566 1814 -
1593 1789 1652 1826 Sic
1677 1791 1722 1827 ab
1743 1793 1904 1832 Ecclesia
1925 1799 2096 1844 expulsus
2115 1809 2171 1840 est
2187 1804 2359 1854 Joannes,

1287 1845 1398 1882 misso
1417 1848 1462 1884 ad
1483 1849 1516 1886 id
1535 1851 1678 1889 Comite
1698 1865 1780 1892 cum
1814 1859 1959 1897 militari
1983 1873 2092 1901 manu
2111 1895 2121 1912 ,
2155 1878 2228 1905 non
2255 1879 2358 1909 secus

1283 1917 1325 1944 ac
1351 1910 1398 1946 ad
1427 1913 1590 1958 praelium
1613 1915 1784 1956 adversus
1817 1920 2004 1962 barbaros.
2035 1927 2180 1975 Ejectus
2202 1935 2302 1971 venit
2320 1936 2356 1972 in

1284 1971 1454 2016 przediola
1471 1977 1516 2013 ad
1536 1977 1741 2018 Przrnetum
1759 1981 1948 2032 Bithyniae.
1982 1987 2060 2026 Una
2082 2002 2167 2029 vero
2193 1994 2272 2034 dies
2300 1997 2355 2034 in-

1279 2033 1505 2078 terccsserat,
1525 2045 1606 2072 cum
1630 2040 1770 2086 plagam
1791 2045 1984 2090 quamdam
2005 2049 2040 2084 in
2062 2053 2161 2099 regio
2181 2057 2350 2094 cubicoio

1275 2089 1352 2128 ﬁeri
1373 2095 1534 2143 coutigit.
1564 2099 1617 2136 Eo
1647 2089 1827 2148 perterriti
1859 2119 1992 2153 paucos
2023 2089 2208 2158 postvdics
2233 2119 2346 2159 Joan-

1274 2161 1356 2189 nem
1375 2165 1547 2195 rcvocant
1565 2171 1628 2207 per
1646 2163 1884 2206 domesticum
1898 2174 2093 2221 notarium,
2113 2189 2268 2228 eumque
2279 2194 2346 2222 suo

1274 2211 1394 2228 "hu,
1490 2220 1498 2228 .
1516 2221 1536 2228 ..
1554 2222 1561 2228 .
1723 2227 1730 2228 κ

1274 2211 1403 2254 throno
1437 2220 1682 2262 reddiderunt.
1720 2227 1769 2265 lta
1792 2230 2014 2281 Theophilus
2046 2249 2127 2278 eum
2163 2211 2343 2294 jEigyptiis

1279 2283 1354 2320 suis
1369 2283 1448 2332 fuga
1465 2287 1615 2328 salutem
1633 2300 1763 2340 quaerit
1778 2312 1786 2336 :
1801 2303 1898 2340 cives
1913 2307 2008 2343 enim
2021 2319 2103 2347 eum
2122 2317 2344 2364 qua'reban:,

1279 2350 1313 2364 ..ι
1349 2347 1382 2364 ε.-
1417 2358 1512 2364 nun
1547 2351 1583 2364 J~
1615 2363 1618 2364 ν

2133 2347 2142 2360 ,
2159 2347 2344 2364 ..-.--.....,

1279 2350 1318 2378 ut
1349 2347 1382 2380 in
1415 2358 1516 2386 mare
1543 2351 1811 2404 demerge-rent.
1849 2364 1936 2402 Post
1963 2369 2054 2407 duos
2075 2385 2217 2414 menses
2233 2390 2348 2418 euma

1278 2406 1379 2454 plaga
1399 2412 1574 2450 tantillum
1596 2422 1859 2470 respirasscnt,
1893 2429 2012 2468 denuo
2040 2435 2214 2475 ath'l'rus
2239 2442 2348 2481 Joan-

1278 2478 1359 2504 nem
1383 2470 1539 2512 fremunt
1557 2489 1564 2512 :
1583 2490 1649 2516 nee
1665 2482 1836 2523 habentes
1847 2490 1938 2527 unde
1952 2495 2114 2538 speciose
2127 2501 2346 2552 ordirentur,

1278 2531 1418 2552 sum“...
1446 2537 1571 2552 AI-_._.,,
1593 2540 1600 2552 ι
1625 2542 1632 2549 σ
1737 2545 1746 2552 .
1800 2548 1822 2552 ..

1275 2531 1422 2570 mittunt
1438 2537 1692 2579 Alexandriam
1703 2545 1747 2582 ad
1763 2548 1886 2586 talium
1901 2531 2076 2594 artii‘ieem
2093 2535 2346 2612 Theophilum:

1275 2597 1473 2612 M_,,,___.A_
1535 2603 1546 2612 .
1587 2610 1593 2612 Α

2158 2597 2162 2598 ,
2195 2597 2343 2612 ,ην-..η

1274 2597 1475 2636 scribentes
1498 2613 1506 2636 :
1527 2603 1598 2640 Aut
1629 2616 1755 2646 rursus
1783 2621 1932 2652 accurre
1961 2617 2136 2658 adversus
2166 2623 2343 2667 Joannem

1272 2656 1344 2695 dux
1365 2660 1526 2708 futurus;
1555 2672 1640 2712 aut,
1668 2669 1698 2705 si
1718 2671 1858 2718 plebem
1888 2677 2124 2728 reformidas,
2147 2687 2250 2724 nobis
2269 2701 2346 2728 mo-

1271 2719 1356 2758 dum
1383 2725 1575 2770 quemdam
1605 2739 1778 2779 suggere,
1807 2737 1902 2776 unde
1923 2749 2110 2781 sumamus
2140 2749 2342 2789 exordium.

1269 2782 1325 2820 Ad
1349 2783 1428 2822 hinc
1445 2785 1669 2836 Theophilus
1694 2793 1771 2840 ipse
1789 2797 1934 2844 quidem
1954 2812 2024 2840 non
2047 2782 2340 2852 v'enitfnte-mor

1269 2847 1454 2892 quomodo
1467 2849 1674 2900 effugisset;
1697 2857 1793 2894 misit
1807 2866 1928 2898 autem
1943 2863 2168 2906 miserabiles
2181 2876 2252 2908 tres
2263 2874 2342 2921 epi-

1267 2917 1418 2955 scopos,
1440 2910 1614 2958 Paulum,
1631 2915 1854 2965 Pwmenem,
1875 2929 1911 2960 et
1923 2923 2034 2962 alium
2051 2937 2178 2968 recens
2195 2933 2340 2972 ordina-

1267 2975 1355 3006 ιιιιιι.
1377 2972 1465 3009 Cum
1482 2973 1524 3011 iis
1543 2976 1640 3013 misit
1657 2985 1693 3016 et
1711 2981 1886 3027 quosdam
1906 2995 2080 3034 canones,
2099 3000 2190 3038 quos
2207 2995 2336 3034 adver~

1265 3043 1326 3068 sus
1365 3033 1508 3073 beatum
1545 3038 1785 3079 Athanasium
1821 3045 1944 3083 Ariani
1982 3033 2227 3092 conﬂaverant
2258 3068 2268 3093 :
2299 3066 2338 3097 ut

1263 3094 1440 3141 ejusmodi
1463 3101 1664 3138 cauonibus
1683 3109 1826 3142 utentes
1842 3133 1853 3151 ,
1883 3107 2013 3147 Joanni
2033 3112 2115 3152 lites
2138 3125 2336 3166 necterent,

1263 3159 1359 3204 quod
1380 3167 1458 3206 post
1477 3161 1738 3209 dispositionem
1757 3177 1822 3214 per
1837 3179 1878 3206 se
1891 3171 2072 3212 rediissct.
2094 3177 2221 3217 Audax
2239 3184 2334 3222 enim

1263 3221 1460 3260 natura'est
1480 3225 1702 3272 Theophilus
1719 3257 1727 3272 ,
1751 3239 1914 3279 prmceps
1930 3261 1940 3277 ,
1963 3240 2177 3278 temerarius
2194 3271 2202 3286 ,
2223 3251 2259 3280 et
2273 3247 2336 3282 ad.

1261 3283 1408 3320 modutn
1441 3288 1691 3326 contentiosus
1714 3301 1722 3325 :
1744 3301 1826 3328 nam
1859 3294 1945 3332 nihil
1965 3304 2019 3335 est
2050 3303 2145 3347 quod
2171 3304 2236 3351 ipsi
2267 3310 2334 3344 sub

1260 3344 1470 3392 adspeetum
1491 3351 1656 3395 venerit,
1687 3353 1781 3399 quod
1809 3355 1914 3394 citius
1937 3370 2042 3406 quam
2064 3373 2128 3409 par
2145 3373 2199 3402 est
2221 3368 2334 3416 impa—

1261 3409 1392 3447 tienter
1411 3421 1482 3448 non
1503 3419 1647 3460 appetat
1665 3443 1674 3458 ,
1695 3416 1729 3451 in
1747 3417 1868 3466 seipso
1885 3432 2002 3470 neque
2019 3424 2192 3470 judicium
2215 3442 2332 3478 neque

1259 3471 1482 3510 deliberandi
1516 3486 1654 3513 moram
1691 3481 1889 3520 sustinens.
1929 3484 2168 3527 lrrationabili
2208 3500 2330 3530 autem

1259 3533 1394 3580 impetu
1421 3537 1592 3584 abreptus
1606 3566 1616 3582 ,
1646 3539 1850 3582 inordinate
1869 3546 1914 3583 ad
1935 3548 2013 3595 ejus
2033 3553 2330 3597 approbationem

1259 3596 1392 3642 fertur,
1412 3605 1448 3635 et
1471 3599 1626 3638 decretae
1645 3606 1834 3644 sententia:
1855 3607 2007 3647 ﬁrmiter
2027 3611 2201 3647 insistens
2218 3637 2226 3653 .
2249 3620 2332 3654 pcr-

1258 3659 1425 3697 Iinaciter
1444 3667 1480 3698 et
1499 3665 1724 3705 contentiose
1743 3669 1887 3706 Obsislll
1909 3672 2050 3708 eunetis
2069 3672 2129 3716 qui
2149 3669 2330 3704 voluerint.

1255 3722 1506 3762 contradicere
1525 3737 1534 3761 :
1557 3730 1781 3766 contendens
1811 3741 1957 3776 semper
1978 3737 2013 3766 ιιι
2029 3729 2203 3792 ,ἱυξῙίείυητ
2223 3737 2328 3792 ⁵¹ξ¹¹¹¹¹

1255 3791 1362 3831 atque
1381 3789 1557 3825 sententia
1573 3791 1693 3826 vincat
1713 3797 1750 3827 et
1773 3791 1948 3827 obtineat.
1979 3786 2082 3829 Quod
2103 3791 2202 3820 οθτίθ
2219 3786 2326 3822 dim"

1255 3845 1418 3885 fecerunt
1433 3849 1493 3896 qui
1511 3851 1692 3897 ingenium
1709 3851 1786 3897 ejus
1806 3853 1949 3884 norant.
1969 3844 2059 3880 Nam
2081 3853 2290 3882 convocmis
2307 3857 2328 3883 e

1253 3907 1355 3954 syria
1370 3937 1380 3952 ,
1397 3909 1624 3957 Lappadocia
1639 3939 1648 3954 ,
1673 3911 1787 3946 Ponto
1807 3913 1855 3970 et.
1878 3904 2032 3970 Phrygia
2053 3903 2236 3970 universis
2257 3917 2330 3943 me»

1259 3948 1486 4013 “inpol'uan'i;
1521 3977 1556 4007 οι
1586 3948 1766 4016 θρίδεορίς
1785 3993 1794 4008 ,
1829 3962 2143 4009 Constantinopoli
2163 3975 2226 4002 eos
2243 3976 2328 4002 eum
