4060 6196
417 337 477 392 ει
1678 301 1991 360 PALLADII
2033 299 2362 356 DIALOGUS
3573 295 3651 351 ss

411 455 644 518 gregaut.
680 443 755 497 Illi
783 454 900 496 cum
940 437 1206 490 venissent
1227 476 1240 496 ,
1278 431 1424 500 juxta
1452 439 1712 482 canonum
1735 421 1975 518 ordinem

417 512 872 593 communicarunt
916 543 1035 582 cum
1074 526 1316 590 Joanne,
1366 537 1432 577 ne
1460 518 1644 573 eadem
1689 529 1804 586 qua!
1835 512 1979 582 prius

413 627 821 683 committerent.
875 619 1025 686 Quod
1070 617 1160 672 ubi
1206 615 1475 670 rescivere
1502 609 1766 681 principes
1792 647 1808 671 ,
1841 617 1980 673 :egre

414 717 647 775 tulerunt
663 727 848 768 eorum
875 726 994 766 cum
1015 709 1215 764 Joanne
1235 701 1682 760 communionem.
1712 696 1781 751 Et
1807 695 1984 750 Theo-

366 801 578 862 idorus
623 803 869 873 quidem,
921 799 1224 870 Tyanorum
1268 794 1551 864 episcopus
1577 831 1592 856 ,
1634 788 1714 842 vir
1741 793 1978 846 ornatus,

412 895 678 953 intellecta
725 890 1119 961 couSpiratione
1165 903 1230 941 ex
1284 885 1367 938 his
1404 897 1522 952 quze
1553 880 1618 935 ad
1663 879 1778 947 ejus
1825 889 1982 929 aures

378 1047 380 1050 ,
414 995 701 1051 venerant,
746 999 812 1039 ne
839 980 1122 1050 TbeOphili
1151 975 1506 1033 temeritatem
1531 977 1841 1039 sequeretur
1859 1007 1874 1031 ,
1904 965 1983 1017 in-

375 1053 654 1131 isalutatis
701 1073 899 1128 relictis
945 1070 1192 1125 omnibus
1234 1064 1525 1121 Eeclesiam
1554 1075 1703 1116 suam
1747 1055 1978 1126 repetiit,

417 1165 628 1236 longum
658 1165 774 1218 vale
800 1163 983 1217 dicens
1009 1157 1293 1215 Comitatui
1313 1197 1328 1222 ,
1373 1167 1629 1222 suamque
1657 1147 1981 1219 provinciam

417 1254 625 1324 pietatis
647 1267 797 1306 muro
827 1250 1184 1321 permunieus,
1211 1246 1276 1302 ad
1309 1245 1465 1300 ﬁnem
1484 1255 1652 1311 usque
1673 1241 1985 1322 incommu-

419 1323 576 1399 nioue
617 1342 848 1396 ﬁdelium
880 1339 1241 1394 Romanorum
1291 1345 1666 1404 perseverans;
1704 1323 1771 1382 de
1793 1326 1987 1397 quibus

419 1435 613 1489 Paulus
653 1440 879 1486 testatur
907 1447 919 1482 :
949 1427 1105 1481 Fides
1134 1436 1296 1480 vestra
1330 1425 1384 1477 in
1421 1422 1649 1476 universo
1675 1417 1860 1472 mundo
1889 1432 1985 1468 an-

418 1524 678 1576 nuntiatur
700 1520 872 1590 (Rom.
902 1520 959 1572 I.
989 1518 1067 1586 8).
1124 1514 1433 1571 Pharetrius
1461 1520 1634 1566 autem
1655 1550 1672 1576 ,
1708 1507 1989 1578 episcopus

420 1613 680 1666 Cresareze
715 1624 833 1678 qua:
858 1616 941 1662 est
966 1607 1031 1660 ad
1061 1607 1304 1674 Argzeum
1327 1642 1340 1665 ,
1379 1615 1537 1670 supra
1571 1598 1782 1653 modum
1807 1595 2020 1650 formi-.

420 1700 584 1764 dans,
630 1707 688 1752 ut
730 1697 904 1751 larvas
954 1695 1192 1765 pueruli,
1237 1707 1333 1746 sua
1376 1691 1589 1744 civitate
1636 1703 1702 1741 ne
1745 1697 1992 1754 egressus

420 1789 634 1860 quidem
652 1831 666 1854 ,
712 1803 806 1857 per
834 1787 1015 1840 literas
1039 1799 1158 1838 eum
1180 1779 1498 1836 adversariis
1524 1776 1742 1832 Joannis
1768 1789 1994 1829 consen-

423 1882 523 1945 tit,
578 1881 818 1947 quamvis
867 1889 975 1929 non
1019 1880 1238 1928 vocatus
1287 1871 1338 1924 in
1385 1867 1618 1924 medium
1647 1907 1660 1932 ,
1709 1867 1886 1936 inepte
1938 1863 1991 1917 in

421 1970 726 2037 episcopatu
757 1979 880 2021 sese
907 1977 1096 2034 gerens
1120 2003 1135 2027 ,
1177 1961 1457 2016 meliorum
1497 1957 1723 2012 inscitia.
1759 1955 1994 2023 Denique

425 2061 676 2116 Leontius
695 2099 710 2123 ,
739 2061 964 2130 Ancyra:
994 2055 1213 2112 Galatire
1239 2055 1518 2123 epise0pus
1539 2093 1553 2115 ,
1577 2048 1888 2118 conjunctus
1914 2054 1996 2100 est

425 2167 546 2207 eum
573 2148 853 2205 Ammonio
870 2189 884 2212 ,
915 2149 1167 2216 episcopo
1197 2143 1471 2199 Laodicea:
1496 2140 1698 2195 adusta:
1725 2179 1739 2202 ,
1770 2146 1826 2193 et
1851 2151 1998 2190 eom-

426 2245 632 2297 bustam
664 2238 892 2294 reddidit
922 2236 1234 2292 Ecelesiam.
1264 2233 1328 2288 Hi
1354 2248 1459 2286 non
1487 2231 1658 2285 solum
1691 2227 1813 2283 victi
1853 2225 1998 2295 prin-

440 2333 614 2400 cipum
647 2331 832 2394 minis,
865 2327 956 2382 sed
984 2342 1015 2382 e
1055 2324 1322 2381 contrario
1354 2322 1706 2392 lmperialium
1736 2317 1996 2372 donorum

428 2439 524 2491 spe
557 2421 804 2490 decepti,
841 2419 894 2473 in
928 2417 1163 2472 secunda
1191 2415 1408 2487 Synodo
1449 2414 1743 2484 improbam
1782 2419 1997 2465 senten-

430 2515 554 2566 tiam
584 2511 774 2565 Acacio
798 2517 852 2564 et
877 2507 1135 2562 Antiocho
1160 2511 1483 2576 suggerunt,
1514 2515 1570 2557 ut
1595 2502 1793 2554 valeret
1822 2499 1997 2553 Theo-

431 2605 558 2675 phili
601 2618 703 2657 non
748 2601 1032 2672 juridicum
1075 2599 1352 2668 judicium,
1381 2606 1434 2650 et
1467 2595 1612 2648 nullo
1651 2592 1808 2647 modo
1855 2593 2001 2647 locus

429 2697 645 2748 daretur
699 2689 888 2746 Joauui
937 2688 1294 2753 defensionis,
1344 2687 1656 2756 allegatione
1683 2685 1943 2738 eanonum
1971 2698 1998 2736 a

431 2784 724 2852 'I'heophilo
753 2784 1054 2847 missorum,
1077 2796 1209 2850 quos
1228 2774 2001 2847 composuerantquadraginta

431 2880 499 2934 de
527 2878 637 2932 Arii
686 2874 1089 2939 communione,
1143 2871 1229 2942 qui
1278 2871 1354 2924 sic
1399 2869 1629 2924 habent:
1658 2867 1712 2922 Si
1743 2867 1858 2937 quis
1885 2865 2002 2934 epi-

433 2984 624 3039 sc0pus
652 2978 742 3022 aut
769 2967 1044 3037 presbyter
1071 2965 1189 3034 jure
1214 2971 1304 3016 aut
1342 2961 1530 3030 injuria
1556 2959 1824 3028 depositus
1847 2998 1861 3022 ,
1909 2972 2002 3026 per

433 3076 492 3115 se
515 3059 693 3114 redeat
717 3057 782 3111 ad
811 3056 1103 3112 Ecclesium
1126 3063 1325 3123 absque
1347 3051 1562 3124 Synodo
1585 3092 1598 3114 ,
1629 3050 1748 3103 talis
1778 3066 1880 3102 non
1905 3048 2002 3102 ha-

435 3151 556 3204 heat
582 3149 810 3218 amplius
847 3147 1021 3202 locum
1048 3143 1402 3208 defensionis,
1435 3144 1528 3198 sed
1559 3141 1799 3195 absolute
1825 3141 2005 3210 expel-

437 3241 591 3294 latur.
641 3240 704 3292 Et
749 3237 834 3292 hic
860 3236 1070 3306 quidem
1101 3250 1268 3290 canon
1300 3245 1355 3287 ut
1386 3234 1575 3301 impius
1601 3233 1666 3286 ab
1694 3233 1866 3300 impiis
1895 3231 2007 3285 edi-

436 3339 541 3393 tus,
573 3329 622 3382 iu
648 3327 948 3383 Sardicensi
977 3327 1211 3382 Concilio
1239 3341 1267 3379 a
1294 3325 1564 3390 Romanis,
1597 3323 1758 3388 Italis,
1792 3323 2005 3392 Illyriis,

439 3419 805 3473 Macedonibus
849 3427 1005 3488 atque
1031 3416 1231 3473 Grmcis
1275 3415 1556 3483 abrogatus
1583 3423 1665 3468 est
1687 3455 1700 3477 ,
1737 3422 1790 3466 ut
1820 3413 2007 3467 melius

438 3525 522 3564 me
556 3510 667 3579 ipse
711 3510 881 3573 nosti,
924 3526 955 3561 o
982 3509 1154 3578 magni
1185 3507 1412 3560 nominis
1433 3506 1713 3561 Theodore
1742 3546 1756 3571 ,
1799 3504 2008 3574 quando

434 3599 678 3653 Liberius
729 3609 818 3653 aut
858 3599 1030 3653 Julius
1053 3639 1067 3664 ,
1099 3597 1400 3652 Constantis
1430 3597 1742 3666 principatu,
1774 3597 2007 3649 Athana-

439 3692 572 3745 sium
592 3690 640 3742 in
662 3689 1084 3744 communionem
1113 3687 1344 3752 admisit,
1359 3698 1410 3742 et
1429 3686 1730 3742 Marcellum
1749 3686 2005 3751 Galatam,

440 3787 656 3849 propter
677 3795 808 3848 quos
835 3788 889 3833 et
930 3779 1015 3833 hic
1053 3793 1222 3833 canon
1266 3779 1430 3832 Iactus
1459 3775 1648 3832 fuerat.
1700 3776 2010 3830 Ammonius

443 3883 616 3925 tamen
643 3880 695 3925 et
719 3869 989 3933 Leontius,
1029 3884 1126 3937 par
1147 3867 1474 3932 admirabile,
1498 3867 1765 3936 conjuncti
1795 3866 2008 3932 Aeaeio,

443 3962 704 4018 Antiocho
728 4002 743 4028 ,
781 3961 979 4032 Cyrino
1005 3959 1423 4015 Chalcedonensi
1460 3973 1522 4012 ac
1546 3957 1832 4012 Severiano
1861 3998 1877 4023 ,
1929 3957 2006 4010 in-

440 4055 605 4122 gressi
632 4061 756 4106 sunt
785 4052 847 4104 ad
873 4051 1268 4120 Imperatorem,
1297 4049 1545 4103 monituri
1569 4049 1868 4104 evocandos
1894 4063 2012 4103 esse

441 4160 510 4197 ex
567 4155 716 4211 parte
763 4142 979 4197 Joannis
1029 4143 1214 4197 decem
1268 4143 1577 4212 CpiSC‘OpOS,
1626 4143 1796 4212 (erant
1837 4149 2010 4194 autem

446 4235 622 4303 plures
647 4233 1052 4304 quadraginta),
1102 4233 1168 4287 ad
1193 4232 1574 4287 conciliandam
1602 4233 1890 4287 canouibus
1921 4249 2014 4285 au-

443 4327 775 4388 etoritatem;
822 4324 940 4377 aliis
983 4322 1194 4392 quidem
1225 4321 1664 4376 contendentibus
1690 4321 2014 4375 orthodoxe-

447 4431 562 4469 rum
598 4431 690 4471 eos
725 4430 878 4480 esse,
922 4414 1040 4468 aliis
1081 4423 1255 4467 autem
1288 4413 1600 4467 Arianorum
1633 4427 1753 4468 esse
1791 4413 2015 4467 demon-

445 4508 749 4561 sttautihus.
781 4505 1006 4576 Iugressi
1032 4515 1206 4560 autem
1234 4504 1489 4574 Elpidius,
1518 4505 1796 4574 episcopus
1822 4504 2016 4559 Laodi-

447 4613 556 4652 cea:
593 4597 782 4669 Syria,
821 4613 980 4652 senex
1012 4607 1066 4652 et
1113 4607 1288 4652 mente
1313 4606 1366 4651 et
1391 4598 1584 4651 canitie
1608 4639 1622 4662 ,
1665 4606 1822 4666 atque
1851 4596 2018 4650 Tran-

447 4689 672 4758 quillus,
715 4689 1006 4743 suadebant
1035 4690 1342 4757 Imperatori
1387 4705 1490 4742 non
1536 4701 1781 4757 oportere
1824 4689 2016 4744 indicta

448 4794 604 4835 causa
652 4781 771 4848 ejiei
819 4780 1096 4835 Joannem.
1148 4780 1328 4849 Neque
1371 4781 1512 4835 enim
1560 4782 1704 4850 prius
1745 4781 2019 4850 depositus

448 4870 637 4934 fuerat,
671 4871 762 4924 sed
799 4870 998 4940 ejectus
1031 4885 1059 4923 a
1097 4871 1299 4925 Comite
1321 4914 1335 4937 ,
1375 4888 1541 4942 neque
1569 4889 1660 4943 per
1688 4889 1745 4927 se
1768 4873 2016 4933 redierat.

449 4963 542 5018 sed
567 4963 716 5031 jussu
742 4971 842 5017 tute
868 4962 1080 5034 pietatis
1103 5005 1116 5028 ,
1158 4967 1321 5018 misso
1355 4965 1421 5018 ad
1452 4966 1502 5019 id
1530 4966 1735 5020 notario
1765 4983 1776 5019 :
1807 4975 1859 5020 et
1887 4981 2020 5034 quos

450 5070 588 5109 nunc
612 5053 884 5124 proferunt
907 5067 1158 5120 canones,
1185 5054 1554 5111 hereticorum
1572 5071 1663 5111 eos
1692 5071 1809 5112 esse
1838 5066 2019 5111 osten-

448 5146 642 5199 dimus.
697 5143 829 5198 Cum
883 5152 1058 5200 autem
1112 5145 1330 5201 Joannis
1383 5145 1672 5200 adversarii
1725 5145 2019 5200 inordinate

449 5236 693 5293 altercari
723 5237 1099 5307 persistereut,
1148 5238 1236 5292 alii
1270 5237 1481 5308 quidem
1513 5238 1830 5292 contentiori
1866 5252 2014 5297 voce,

449 5331 537 5383 alii
599 5330 923 5384 tumultuoso
978 5331 1207 5399 pectoris
1257 5341 1400 5384 motu
1457 5331 1789 5398 impudenter
1841 5330 2018 5400 agitati

447 5435 626 5474 ceram
658 5421 981 5491 Imperatore
1011 5435 1306 5475 :eanouum
1329 5419 1712 5474 scientissimus
1738 5431 1894 5489 atque
1921 5420 2019 5474 ob-

448 5513 876 5567 servantissimus
902 5511 1141 5581 Elpidius
1167 5553 1182 5577 ,
1215 5511 1418 5565 modica
1461 5511 1590 5565 facta
1620 5512 1794 5580 quiete
1813 5552 1827 5576 ,
1865 5513 2020 5566 veluti

449 5600 704 5668 malacia,
751 5604 943 5659 leniter
993 5603 1301 5675 Imperatori
1354 5603 1485 5657 dixit
1531 5621 1543 5655 :
1585 5605 1908 5672 Imperator,
1956 5623 2020 5660 ne

451 5685 648 5741 diutius
679 5694 1132 5749 mansuetudinem
1162 5705 1301 5750 tuam
1339 5711 1624 5766 vexemus,
1657 5695 1748 5752 sed
1779 5713 1936 5752 unum
1971 5699 2019 5752 id

2087 418 2178 472 Iiat
2205 435 2218 481 ;
2243 418 2576 473 subscribam
2599 419 2788 473 fratres
2808 419 2974 473 nostri
3002 417 3226 473 Aeacius
3255 426 3305 474 et
3334 418 3650 485 Antiochus,

2083 507 2321 578 ejusdem
2351 522 2468 562 esse
2512 523 2571 562 se
2609 507 2734 566 fidei,
2757 524 2816 562 ac
2845 523 2939 564 eos
2964 509 3055 580 qui
3082 523 3311 564 canones
3347 508 3651 573 ediderunt,

2084 614 2219 669 quos
2267 609 2512 669 tanquam
2557 599 2624 653 ab
2659 599 2971 654 orthodoxis
3013 599 3183 654 editos
3225 610 3567 669 proponunt:
3600 611 3655 657 et

2085 689 2256 743 soluta
2283 689 2640 744 controversia
2671 699 2770 744 est.
2814 687 3106 758 Imperator
3131 689 3494 745 animadversa
3525 706 3656 760 pro-

2087 778 2358 846 positionis
2397 779 2773 847 simplicitate,
2828 779 3106 834 subridens
3157 779 3291 834 dixit
3342 781 3654 837 Antiocho.

2087 865 2222 920 Nihil
2254 869 2355 921 isto
2383 867 2510 922 mihi
2558 867 2766 923 videtur
2799 869 2995 924 utilius.
3045 869 3171 929 Erat
3212 879 3386 926 autem
3416 873 3654 930 omnium

2087 971 2205 1024 quae
2233 966 2348 1010 aeta
2397 967 2520 1011 sunt
2569 958 2750 1012 insons
2791 958 3118 1027 Imperator,
3165 959 3284 1016 aliis
3327 963 3656 1018 mutantibus

2088 1060 2205 1112 quae
2248 1045 2383 1100 bene
2420 1046 2709 1102 constituta
2757 1055 2930 1102 erant.
3002 1047 3269 1118 Vertigiue
3320 1048 3478 1118 igitur
3525 1053 3652 1116 acti,

2087 1145 2242 1206 atque
2274 1137 2325 1190 in
2356 1152 2415 1192 se
2443 1139 2684 1193 conversi
2705 1139 2794 1208 qui
2823 1153 2942 1193 eum
2968 1136 3256 1194 Severiano
3280 1149 3450 1205 erant,
3491 1144 3658 1197 instar

2089 1242 2239 1295 aqua:
2264 1228 2542 1292 instabilis,
2570 1229 2638 1284 ob
2665 1229 2715 1283 id
2737 1228 2875 1299 quod
2902 1228 3072 1284 fuerat
3098 1229 3385 1298 prudenter
3407 1231 3473 1285 ab
3502 1232 3655 1302 Elpi-

2099 1316 2189 1372 dio
2219 1317 2415 1372 dictum
2440 1360 2456 1384 ,
2508 1328 2561 1373 et
2605 1319 2942 1387 Imperatoris
2990 1318 3188 1389 judicio
3231 1320 3656 1389 comprobatum.

2090 1409 2423 1464 obticuerunt
2465 1409 2599 1464 facie
2645 1409 2930 1466 livescente
2967 1427 2980 1462 :
3027 1411 3281 1480 angustiis
3332 1420 3505 1466 tamen
3555 1414 3659 1468 loci

2091 1503 2400 1568 constricti,
2449 1503 2608 1557 etiam
2658 1504 2899 1556 uolentes
2947 1503 3259 1572 promittunt
3300 1503 3657 1559 subscribere.

2092 1592 2178 1648 Sic
2203 1593 2400 1663 egressi
2426 1633 2442 1659 ,
2473 1593 2790 1662 promissum
2820 1591 3031 1662 quidem
3059 1608 3161 1647 non
3190 1593 3414 1663 implent
3433 1635 3448 1661 ,
3479 1605 3662 1666 utpote

2095 1686 2502 1740 involuntarium
2529 1726 2543 1749 ,
2573 1693 2868 1739 metuentes
2893 1699 2958 1739 ne
2988 1686 3354 1749 vincerentur;
3384 1686 3662 1741 machina-

2094 1777 2286 1831 bantur
2323 1785 2498 1830 autem
2523 1791 2627 1844 quo
2658 1784 2812 1844 pacto
2848 1775 3202 1843 expelleretur
3221 1775 3472 1830 Joannes.
3524 1776 3660 1830 Dum

2098 1867 2210 1921 hare
2248 1866 2324 1920 sic
2349 1873 2506 1936 atque
2533 1865 2633 1919 alia
2663 1866 2816 1920 aliter
2838 1875 3113 1936 geruntur,
3144 1882 3332 1921 novem
3360 1876 3450 1920 aut
3473 1867 3662 1923 decem

2097 1975 2306 2015 menses
2353 1962 2758 2032 praeterierunt,
2804 1976 2924 2016 eum
2969 1962 3201 2016 Joannes
3243 1962 3523 2032 cpiscopus
3565 1964 3666 2016 ad-

2092 2053 2289 2123 juuetis
2306 2055 2646 2126 quadraginta
2663 2055 2866 2110 duobus
2881 2056 3140 2125 episcopis
3158 2065 3446 2110 conventus
3463 2065 3664 2126 ageret,

2097 2155 2151 2199 et
2177 2146 2400 2215 populus
2425 2161 2613 2216 magna
2644 2161 2762 2200 cum
2803 2146 2963 2200 animi
2989 2144 3260 2200 alacritate
3285 2146 3402 2214 ejus
3426 2145 3664 2200 doctrina

2101 2236 2379 2294 frueretur.
2414 2235 2562 2292 Solet
2591 2237 2730 2291 enim
2761 2245 2910 2290 vame’
2931 2235 3114 2305 gloria:
3135 2250 3324 2304 expers
3349 2237 3573 2300 animus,
3609 2235 3664 2288 in

2100 2327 2470 2382 afﬂictionibus
2506 2326 2874 2396 jucundiorem
2901 2335 2955 2381 et
2991 2328 3337 2395 potentiorem
3365 2341 3666 2380 sermonem

2101 2419 2391 2474 etl‘uudere.
2437 2417 2640 2473 Interea
2668 2417 2896 2472 efﬂoruit
2925 2416 3250 2470 Dominicum
3271 2415 3549 2486 jejunium,
3583 2417 3672 2469 iu-

2103 2517 2213 2563 star
2255 2509 2394 2563 veris
2425 2518 2544 2577 post
2583 2523 2776 2560 annum
2825 2506 3130 2561 adveniens.
3179 2504 3450 2576 Ingressus
3509 2505 3674 2574 igitur

2103 2599 2348 2670 privatim
2389 2615 2508 2653 eum
2553 2601 2663 2653 suis
2691 2599 2981 2653 Antiochus
3006 2641 3019 2665 ,
3048 2599 3124 2653 sic
3152 2597 3218 2653 de
3247 2596 3450 2652 Joanne
3488 2596 3673 2664 Impe-

2102 2693 2265 2748 ratori
2292 2692 2498 2747 locutus
2527 2700 2645 2756 est,
2697 2702 2940 2761 tauquam
2989 2692 3032 2744 is
3068 2692 3179 2760 jam
3204 2690 3366 2744 victus
3395 2697 3570 2753 esset,
3613 2697 3680 2741 ut

2105 2784 2413 2839 imminente
2454 2783 2654 2838 Pascha
2693 2783 2904 2853 juberet
2943 2783 3082 2852 ejici.
3136 2783 3424 2850 Imperator
3460 2796 3578 2836 eum
3603 2781 3680 2836 ab

2106 2874 2210 2928 illis
2237 2883 2511 2944 urgeretur
2535 2914 2549 2938 ,
2593 2875 2656 2928 iis
2694 2884 2873 2942 utpOte
2898 2872 3164 2941 episcopis
3190 2871 3347 2926 Iidem
3375 2870 3680 2926 necessario

2106 2964 2363 3018 adhibuit.
2391 2963 2490 3030 Qui
2522 2963 2660 3018 enim
2689 2978 2812 3016 vere
2844 2963 3121 3032 presbyter
3147 2971 3236 3015 aut
3263 2961 3546 3030 episc0pus
3569 2969 3674 3025 est,

2107 3053 2438 3108 mendacium
2488 3069 2590 3107 non
2639 3053 2802 3106 novit.
2870 3052 2942 3106 Ea
2986 3051 3128 3106 enim
3181 3051 3391 3104 nomina
3449 3049 3682 3104 ea-Iestis

2109 3145 2338 3216 regionis
2362 3154 2505 3209 sunt,
2534 3159 2652 3198 eum
2682 3145 2751 3198 sit
2774 3144 2878 3198 Deo
2905 3143 3032 3196 nihil
3059 3143 3344 3213 antiquius,
3376 3143 3502 3195 nihil
3531 3141 3674 3209 quod

2111 3238 2410 3308 vigilantius
2451 3237 2696 3306 inspiciat
2726 3255 2737 3289 :
2774 3251 2893 3291 nam
2941 3237 3080 3290 Deus
3107 3235 3157 3289 in
3184 3234 3359 3290 omnia
3390 3234 3598 3302 inspicit
3625 3242 3686 3288 et

2110 3327 2520 3398 contemplatur.
2573 3328 2736 3398 Igitur
2789 3328 3068 3397 episcopus
3118 3337 3210 3380 aut
3257 3325 3567 3396 presbyter,
3621 3332 3688 3377 ut

2112 3417 2384 3472 uomimnn
2410 3460 2424 3482 ,
2456 3419 2532 3473 sic
2559 3429 2611 3472 et
2637 3433 2814 3472 rerum
2847 3419 3113 3486 particeps
3139 3431 3257 3470 esse
3281 3414 3457 3469 debet.
3487 3413 3683 3468 Joanni

2111 3523 2238 3578 ergo
2269 3508 2544 3562 denuntiat
2573 3508 2864 3578 Imperator
2889 3515 2944 3561 ut
2983 3507 3217 3561 Ecclesia
3239 3505 3557 3576 egrediatur.
3591 3505 3688 3559 Ille

2111 3602 2420 3656 renuntiat:
2465 3600 2578 3672 Ego
2613 3615 2644 3655 a
2684 3602 2790 3655 Deo
2835 3599 3118 3655 Servatore
3159 3599 3335 3669 accepi
3387 3598 3680 3653 Ecclesiam

2115 3693 2250 3747 hanc
2271 3735 2284 3757 ,
2336 3703 2395 3747 ut
2436 3708 2617 3748 curam
2653 3707 2832 3762 geram
2863 3692 3047 3747 salutis
3076 3691 3255 3760 populi
3281 3733 3295 3756 ,
3338 3708 3436 3745 nee
3469 3705 3685 3760 possum

2113 3799 2230 3838 eam
2261 3784 2578 3854 relinquere.
2623 3783 2678 3839 Si
2713 3792 2889 3837 autem
2921 3783 2971 3837 id
3003 3783 3079 3836 vis
3111 3783 3208 3852 (ad
3255 3792 3304 3836 te
3330 3783 3467 3836 enim
3497 3782 3689 3834 civitas

2115 3875 2414 3944 pertinet),
2461 3873 2513 3926 vi
2540 3889 2622 3928 me
2643 3874 2822 3939 ejieito
2846 3914 2860 3938 ,
2910 3881 2966 3927 ut
3001 3872 3195 3927 deserti
3223 3873 3426 3926 ordinis
3460 3887 3692 3926 excusa-

2116 3967 2316 4017 tionem
2369 3963 2590 4017 habeam
2647 3971 2789 4016 tuam
2839 3963 3233 4018 auctoritatem.
3292 3961 3364 4015 Ita
3418 3979 3535 4016 cum
3589 3978 3689 4015 ve-

2118 4053 2364 4108 recundia
2413 4052 2637 4122 quadam
2687 4053 2956 4107 mittentes
2980 4068 3044 4107 ex
3089 4053 3320 4123 palatio,
3361 4069 3480 4106 eum
3517 4066 3690 4120 expu-

2118 4147 2328 4212 Icruut,
2388 4146 2633 4215 jubentes
2690 4145 2899 4201 interim
2963 4155 3019 4199 ut
3081 4145 3130 4198 in
3183 4145 3344 4199 domo
3401 4143 3692 4212 epise0pali

2120 4245 2376 4302 maneret,
2404 4236 2593 4290 divina:
2625 4236 2718 4289 ira:
2743 4245 2988 4290 eventum
3017 4235 3244 4304 aliquem
3275 4243 3646 4303 exspectantes
3674 4252 3692 4288 :

2120 4339 2194 4394 ut,
2228 4330 2271 4384 si
2301 4329 2425 4399 quid
2451 4329 2579 4398 ipsis
2607 4328 2756 4384 triste
2785 4328 3068 4392 accideret,
3092 4329 3247 4381 citius
3269 4327 3412 4380 illum
3439 4326 3696 4380 Ecclesia!

2121 4419 2434 4485 redderent,
2462 4428 2515 4473 et
2545 4419 2709 4474 Deum
2743 4419 3007 4487 placarent
3042 4435 3056 4467 ε
3083 4417 3161 4472 sin
3191 4419 3390 4479 minus,
3424 4426 3479 4468 ut
3507 4431 3702 4469 rursus

2121 4512 2340 4567 insidias
2361 4520 2645 4576 struerent,
2677 4511 2837 4564 veluti
2863 4510 3069 4564 Pharao
3096 4508 3279 4579 Moysi.
3314 4507 3514 4561 Interea
3544 4507 3702 4560 venit

2124 4605 2298 4674 magni
2347 4603 2551 4658 sabbati
2589 4601 2703 4658 dies
2723 4644 2737 4668 ,
2767 4618 2872 4672 quo
2916 4602 3165 4656 Servatur
3189 4597 3472 4652 crucifixus
3501 4613 3703 4666 exspo-

2125 4695 2270 4750 liavil
2298 4694 2556 4749 infernum
2592 4713 2604 4748 :
2636 4708 2951 4761 rursumque
2977 4692 3048 4745 illi
3076 4689 3404 4749 denuntiant,
3433 4695 3489 4739 ut
3515 4687 3699 4740 eecle-
3730 4748 3739 4758 ο

2126 4788 2202 4841 sia
2229 4786 2588 4856 egrederetur.
2621 4783 2881 4839 Rescribit
2900 4783 2984 4836 ille
3002 4799 3117 4852 qua:
3143 4790 3502 4836 consentanea
3521 4789 3694 4833 erant.

2126 4878 2386 4932 Cancrum
2409 4878 2610 4931 veritus
2643 4871 2931 4943 Imperator
2951 4873 3052 4926 diei
3080 4871 3482 4925 sanctimoniam
3510 4879 3556 4923 et
3583 4881 3697 4920 mo-

2129 4978 2237 5022 tum
2269 4967 2516 5031 civitatis,
2545 4966 2768 5020 accersit
2801 4965 3044 5018 Acacium
3090 4973 3142 5016 ot
3185 4961 3518 5022 Antiochum,
3567 4960 3697 5028 ipsis

2127 5059 2310 5112 dicens
2341 5075 2354 5111 :
2381 5055 2514 5123 Quid
2555 5056 2692 5110 Iacto
2735 5064 2814 5109 est
2856 5054 3028 5122 opus?
3081 5051 3257 5105 videte
3297 5068 3364 5105 ne
3404 5066 3505 5104 non
3553 5060 3702 5104 recte

2126 5149 2519 5204 consulueritis.
2537 5146 2684 5201 Tunc
2709 5145 2950 5215 generosi
2983 5144 3057 5197 illi
3084 5153 3138 5196 et
3163 5158 3320 5211 supra
3347 5141 3556 5196 modum
3584 5155 3700 5192 ma-

2127 5243 2361 5312 gnanimi
2390 5241 2639 5296 dixerunt
2678 5237 2982 5307 Imperatori
3016 5253 3027 5287 :
3064 5236 3388 5304 Imperator,
3439 5235 3489 5287 in
3539 5242 3703 5300 caput

2129 5345 2368 5390 nostrum
2413 5334 2478 5388 sit
2527 5331 2742 5386 Joannis
2771 5327 3052 5397 depositio.
3083 5327 3336 5382 Ultimum
3362 5324 3650 5381 subsidium
3681 5364 3701 5388 ,

2128 5428 2216 5496 qui
2245 5441 2360 5478 eum
2391 5424 2592 5478 Joanne
2617 5428 2767 5474 erant
2796 5417 3031 5487 episcopi
3057 5417 3420 5487 quadraginta,
3453 5415 3586 5469 sacri
3609 5415 3666 5484 je
3685 5444 3699 5454 ο

2127 5517 2258 5587 junii
2283 5517 2465 5570 diebus
2490 5525 2712 5566 numero
2742 5523 2911 5578 pares,
2951 5507 3196 5563 adierunt
3225 5508 3517 5575 Augustum
3543 5513 3708 5573 atque

2132 5611 2419 5677 Augustam
2471 5609 2520 5660 in
2577 5605 2865 5676 martyriis,
2913 5613 3124 5658 orantes
3173 5617 3290 5655 eum
3342 5601 3590 5670 Iacrymis
3647 5609 3706 5653 ut

2134 5698 2326 5753 Christi
2358 5697 2605 5751 Ecclesia!
2643 5704 2939 5765 parcerent,
2985 5695 3211 5748 maxime
3254 5701 3467 5761 propter
3501 5691 3701 5744 Pascha
