4060 6196
316 251 375 306 3|
1325 252 1410 307 DE
1452 255 1612 309 ΠΤΑ
1658 257 1714 311 S.
1758 257 2045 320 JOANNIS
2082 265 2591 323 CHRYSUSTOMI.
3509 290 3581 343 ες

297 367 621 423 ἀκολουθίαν
649 366 1016 437 ἐκοινώνησαν
1053 367 1129 438 τῷ
1164 369 1404 443 Ἰωάννῃ,
1438 372 1522 424 ἵνα
1555 373 1630 443 μὴ
1655 375 1725 428 τά
1753 378 1894 433 αύτά

299 456 418 518 τοῖς
450 451 689 523 πρώτοις
731 452 1096 522 ἐργάσωνται.
1141 451 1364 515 Γνόντες
1391 453 1448 506 δὲ
1479 457 1529 507 οί
1565 460 1894 528 κρατοῦντες

300 536 696 607 ἠγανάκτησαν
731 535 824 586 ἐπὶ
857 536 922 604 τῇ
966 534 1222 605 κοινωνία
1248 536 1428 589 αὑτῶν
1451 554 1462 567 ·
1502 539 1593 592 καὶ
1619 540 1892 614 Θεόδωρος

303 621 406 691 μὲν
432 620 461 672 6
485 617 708 670 Τυάνων
740 616 1060 696 ἐπίσκοπος,
1083 617 1221 688 ἀνὴρ
1248 619 1412 696 εύσχή
1423 637 1558 690 μων,
1586 625 1766 687 συνεὶς
1793 625 1891 696 τὴν

300 702 607 773 σκευωρίαν
637 701 698 766 ἐξ
732 693 809 753 ῶν
855 696 1020 770 ἦλθεν
1067 702 1147 764 είς
1195 701 1262 754 τὰ
1295 695 1410 755 ὦτα
1447 703 1634 766 αὑτοῦ,
1683 707 1770 760 ἵνα
1814 693 1890 778 μὴ

295 785 707 855 ἐξακολουθῆσῃ
752 786 817 854 τῇ
861 784 1165 855 προπετείᾳ
1207 783 1486 852 Θεοφίλου,
1536 788 1891 854 ἀσυντάκτως

296 868 617 925 καταλιπὼν
647 869 775 932 τοὺς
806 867 1037 930 πάντας,
1076 866 1372 921 κατέλαϐεν
1407 870 1601 923 ἐαυτοῦ
1631 871 1727 944 τὴν
1772 874 1892 926 Ἐκ-

296 952 551 1023 κλησίαν,
591 950 811 1022 μακράν
836 950 1050 1020 χαίρειν
1084 948 1254 1002 εἰπὼν
1277 949 1354 1020 τῷ
1385 953 1681 1024 κομιτάτῳ,
1711 955 1884 1025 ἀσφα-

294 1036 592 1106 λισάμενος
637 1031 832 1086 ἐαυτοῦ
868 1035 967 1104 τὴν
1000 1033 1270 1105 ἐπαρχίαν
1300 1033 1378 1104 τῷ
1406 1035 1574 1105 τείχει
1605 1038 1704 1107 τῆς
1736 1039 1890 1091 εὐσε-

294 1119 474 1182 ϐείας,
517 1117 682 1190 μέχρι
731 1116 921 1178 τέλους
961 1115 1226 1186 ἐμμείνας
1271 1120 1336 1187 τῇ
1372 1117 1480 1172 τῶν
1515 1119 1720 1172 πιστῶν
1762 1120 1892 1174 Ῥω-

299 1204 484 1272 μαίων
514 1199 786 1270 κοινωνίᾳ,
817 1195 902 1260 οἴς
944 1202 1211 1270 μαρτυρεῖ
1245 1201 1273 1252 6
1318 1200 1531 1263 Παῦλος
1573 1201 1746 1270 λέγων
1770 1219 1782 1232 .
1824 1205 1895 1258 Ἡ

297 1288 508 1352 alarm
543 1281 714 1352 ὑμῶν
750 1284 821 1336 ἐν
855 1281 978 1348 ὅλῳ
1022 1280 1101 1346 τῷ
1145 1283 1353 1351 κόσμῳ
1403 1284 1886 1353 καταγγέλλεται.

296 1369 598 1439 Φαρέτριος
624 1365 705 1427 δέ,
745 1367 773 1418 6
807 1363 1148 1435 Καισαρείας
1187 1365 1285 1434 τῆς
1320 1366 1460 1438 πρὸς
1504 1366 1583 1437 τῷ
1629 1369 1888 1439 Ἀργαίῳ,

301 1451 584 1523 ὑπερϐολῇ
632 1448 931 1512 δειλιάσας,
978 1446 1229 1525 καθάπερ
1267 1450 1315 1501 οἱ
1363 1449 1558 1521 κομιδῇ
1605 1451 1792 1515 παῖδες
1823 1454 1893 1507 τά

303 1534 704 1608 μορμολύκεια,
748 1531 871 1604 μηδ’
904 1529 1136 1595 ἐξελθὼν
1183 1530 1379 1584 ἐαυτοῦ
1409 1533 1509 1603 τὴν
1544 1534 1724 1599 πόλιν,
1764 1552 1891 1590 συν-

299 1620 511 1674 τίθεται
546 1619 659 1681 τοίς
690 1615 958 1678 ἐναντίοις
984 1615 1071 1670 διά
1115 1617 1484 1687 γραμμάτων,
1515 1619 1718 1690 καίπερ
1755 1622 1890 1692 μηδὲ

302 1702 528 1773 κληθεὶς
571 1704 653 1765 είς
699 1701 759 1754 τὸ
794 1699 980 1771 μέσον,
1016 1699 1397 1771 ἀπειροκάλως
1436 1701 1574 1772 έχων
1630 1706 1759 1774 περὶ
1790 1706 1890 1775 τὴν

302 1786 602 1860 προεδρίαν
650 1784 840 1858 ἀγνοίᾳ
886 1784 996 1838 τῶν
1054 1785 1396 1854 κρειττόνων.
1444 1787 1694 1851 Λεόντιος
1738 1788 1818 1854 δέ,
1863 1792 1892 1842 6

311 1871 594 1942 ’Λγκύρας
621 1869 719 1940 τῆς
740 1868 1027 1934 Γαλατίας,
1059 1868 1427 1938 συγκλωσθεὶς
1467 1870 1764 1941 Ἀμμωνίῳ
1814 1871 1892 1944 τῷ

301 1953 630 2014 Λαοδικείας
673 1952 773 2023 τῆς
815 1952 1182 2022 κεκαυμένης,
1231 1953 1576 2024 κεκαυμένην
1628 1954 1892 2024 ἐποίησαν

301 2039 402 2107 τὴν
437 2035 789 2105 Ἐκκλησίαν.
816 2035 890 2088 Ού
925 2034 1084 2104 μόνον
1119 2034 1444 2105 ἡττηθέντες
1472 2039 1593 2099 ταῖς
1620 2036 1728 2091 τῶν
1759 2055 1893 2110 κρα-

300 2121 538 2175 τούντων
592 2118 875 2182 ἀπειλαῖς,
925 2117 1064 2170 ἀλλά
1107 2118 1418 2172 τούναντίον
1471 2119 1646 2172 ἐλπίδι
1703 2119 1892 2192 δώρων

303 2202 604 2275 βασιλικῶν
651 2199 1026 2271 ἀπατηθέντες
1060 2203 1118 2254 ἐν
1150 2203 1216 2271 τῇ
1250 2201 1482 2273 δευτέρα
1525 2202 1748 2274 συνόδῳ,
1784 2207 1894 2257 είσ-

303 2288 530 2356 φέρουσι
562 2284 792 2355 γνώμην
843 2282 1125 2354 μοχθηράν
1167 2287 1282 2346 τοῖς
1324 2285 1454 2356 περὶ
1501 2285 1755 2338 Ἀκάκιον
1801 2288 1894 2340 καὶ

318 2370 618 2439 Ἀντίοχον,
663 2367 940 2439 κρατῆσαι
972 2367 1070 2437 τὴν
1111 2366 1372 2436 Θεοφίλου
1420 2367 1642 2439 ἄκριτον
1689 2370 1890 2440 κρίσιν,

303 2457 407 2509 καὶ
445 2452 567 2524 μηδ’
591 2453 724 2517 ὅλως
763 2452 946 2505 δοῦναι
989 2452 1153 2504 τόπον
1192 2450 1490 2520 ἀπολογίας
1530 2452 1608 2523 τῷ
1652 2453 1892 2525 Ἰωάννῃ,

299 2537 644 2609 δικαιολογία
695 2539 763 2608 τῇ
829 2535 937 2588 τῶν
990 2535 1229 2589 κανόνων
1298 2534 1406 2588 τῶν
1471 2535 1578 2588 ὑπὸ
1634 2536 1892 2606 Θεοφίλου

296 2620 742 2683 ἀποσταλέντων,
783 2618 878 2680 οὑς
909 2618 1204 2672 ἐθέσπισαν
1251 2618 1301 2670 οἱ
1331 2618 1745 2690 τεσσαράκοντα
1786 2620 1896 2674 τῶν

313 2703 530 2775 ’Δρείου
563 2701 919 2766 κοινωνικῶν,
956 2701 1290 2772 γράψαντες
1322 2701 1391 2755 Εἴ
1428 2719 1512 2765 τις
1540 2702 1835 2768 ἐπίσκοπος
1860 2706 1894 2775 ἢ

298 2785 699 2856 πρεσϐύτερος,
733 2783 934 2847 ἀδίκως
976 2784 1010 2854 ἢ
1039 2783 1265 2847 δικαίως
1302 2776 1671 2854 καθαιρεθεὶς,
1719 2787 1898 2858 ἐαυτῷ

299 2869 610 2923 ἐπεισέλθοι
662 2868 786 2938 δίχα
842 2866 1062 2920 συνόδου
1120 2868 1199 2930 είς
1246 2867 1344 2936 τὴν
1403 2865 1754 2939 Ἐκκλησίαν,
1805 2871 1896 2922 τὸν

297 2951 544 3006 τοιοῦτον
572 2951 770 3023 μηκέτι
806 2950 949 3020 ἐχειν
985 2948 1168 3020 χώραν
1198 2949 1518 3017 ἀπολογίας,
1549 2951 1690 3004 ἀλλά
1716 2951 1898 3006 τέλεον

297 3035 649 3100 ἐξωθεῖσθαι.
678 3034 789 3088 Καὶ
831 3025 984 3096 οὗτος
1021 3034 1119 3104 μὲν
1161 3035 1188 3086 6
1226 3030 1406 3086 κανὼν
1427 3073 1442 3097 ,
1474 3032 1550 3096 ὡς
1583 3035 1898 3104 παράνομος

297 3119 414 3174 ὑπὸ
449 3118 789 3188 παρανόμων
841 3116 1040 3181 τεθεὶς,
1085 3115 1499 3186 ἐξωστρακίσθη
1555 3117 1612 3169 ἐν
1659 3118 1895 3188 Σαρδικῇ

297 3204 411 3259 ὑπὸ
451 3202 738 3273 Ῥωμαίων
785 3201 880 3254 καὶ
930 3200 1150 3255 Ἰταλῶν
1189 3201 1283 3254 καὶ
1323 3199 1592 3271 Ἰλλυρίων
1639 3201 1733 3255 καὶ
1784 3201 1898 3255 Μα-

295 3286 544 3342 κεδόνων
596 3286 691 3339 καὶ
733 3283 1080 3347 Ἑλλαδικῶν,
1121 3283 1198 3345 ὡς
1247 3283 1445 3352 μᾶλλον
1503 3282 1666 3347 αὑτὸς
1721 3279 1896 3349 οἶσθα,

297 3370 670 3442 μεγαλώνυμε
721 3368 988 3440 Θεόδωρε,
1020 3368 1258 3439 ὁπηνίκα
1300 3367 1551 3439 Λιϐέριος
1599 3368 1631 3438 ἢ
1687 3369 1901 3434 Ἰούλιος

298 3456 400 3510 ἐπὶ
455 3455 815 3517 Κώνσταντος
869 3452 1138 3524 βασιλέως
1189 3450 1406 3517 ἐδέξατο
1455 3451 1547 3506 τὸν
1585 3452 1900 3508 ’Λθανάσιον

299 3545 387 3604 είς
431 3538 740 3604 κοινωνίαν,
783 3539 878 3593 καὶ
917 3537 1237 3610 Μάρκελλον
1279 3538 1373 3591 τὸν
1413 3537 1682 3608 Γαλάτην,
1718 3539 1785 3591 δι’
1809 3538 1900 3603 οὑς

296 3627 402 3680 καὶ
439 3626 468 3678 6
498 3623 681 3678 κανὼν
720 3624 926 3685 ἐκεῖνος
953 3621 1134 3692 ἐτέθη.
1171 3621 1236 3674 Ἦ
1267 3622 1449 3691 μέντοι
1479 3621 1608 3684 δυὰς
1637 3622 1744 3676 τῶν
1774 3622 1902 3675 θαυ-

300 3708 528 3779 μασίων
567 3707 674 3759 τῶν
717 3705 844 3776 περὶ
884 3703 1191 3775 Ἀμμώνιον
1223 3705 1316 3757 καὶ
1345 3704 1614 3770 Λεόντιον,
1649 3704 1900 3775 συμπλα-

300 3789 782 3859 κέντεςᾍκακίῳ,
814 3789 908 3842 καὶ
923 3786 1198 3857 Ἀντιόχῳ,
1232 3786 1324 3842 καὶ
1355 3787 1575 3859 Κυρίνῳ
1600 3786 1677 3858 τῷ
1691 3787 1902 3857 Χαλκη.

293 3875 490 3935 δόνος,
539 3873 632 3926 καὶ
680 3869 1017 3942 Σευηριανῷ,
1049 3864 1296 3938 εἰσῆλθον
1359 3865 1493 3937 πρὸς
1540 3866 1630 3919 τὸν
1679 3867 1900 3935 βασιλέα

298 3955 727 4020 άναδιδάξοντες
768 3953 1127 4023 είσκληθῆναι
1163 3948 1259 4002 τοῦ
1292 3950 1493 4020 μέρους
1520 3948 1614 4003 τοῦ
1653 3951 1898 4004 Ἰωάννου

297 4043 452 4096 δέκα
504 4041 836 4102 ἐπισκόπους
875 4032 1050 4108 (ἦσαν
1093 4034 1152 4088 δὲ
1201 4032 1421 4096 πλείους
1472 4033 1580 4086 τῶν
1627 4034 1899 4104 τεσσαρά-

296 4124 523 4192 κοντα),
554 4123 647 4175 ἐπὶ
688 4120 946 4175 συστάσει
983 4119 1092 4172 τῶν
1122 4116 1386 4180 κανόνων,
1418 4115 1525 4170 τῶν
1557 4116 1657 4187 μὲν
1694 4117 1901 4186 διισχυ-

298 4207 616 4279 ριζομένων
649 4204 944 4279 όρθοδόξων
977 4203 1176 4267 αὑτοὺς
1215 4196 1375 4266 εἶναι,
1409 4200 1519 4254 τῶν
1569 4201 1627 4254 δὲ
1679 4202 1900 4255 ἀποδει-

297 4291 587 4345 κνυόντων
633 4290 830 4353 αὐτοὺς
878 4285 1174 4358 ’Λρειανῶν
1221 4285 1510 4355 ὑπάρχειν.
1556 4283 1902 4348 Είσελθόντες

296 4376 361 4431 δέ
394 4377 452 4428 οἱ
480 4375 606 4446 περὶ
632 4374 726 4427 τὸν
755 4372 991 4444 γέροντα
1018 4369 1163 4441 ψυχῇ
1196 4387 1254 4424 τε
1291 4369 1385 4423 καὶ
1420 4369 1580 4442 πολιᾷ
1613 4369 1898 4436 Ἐλπίδιον,

295 4462 403 4515 τον
441 4457 757 4522 Λαοδικείας
788 4457 888 4527 τῆς
914 4456 1136 4527 Συρίας,
1163 4456 1258 4508 καὶ
1291 4453 1654 4525 Τραγκύλιον,
1683 4454 1901 4508 ἔπειθον

301 4545 406 4597 τὸν
449 4541 671 4612 βασιλέα
713 4541 789 4613 μὴ
817 4540 930 4594 δεῖν
959 4537 1173 4607 ἀλόγως
1203 4537 1563 4592 ἐκϐάλλεσθαι
1595 4538 1686 4592 τὸν
1725 4538 1902 4594 Ἰωάν-

291 4644 443 4698 νην.
483 4623 614 4679 Οῦτε
643 4623 754 4694 γάρ
781 4623 844 4676 τὸ
883 4621 1146 4693 πρότερον
1187 4620 1516 4693 καθῄρηται,
1552 4620 1664 4674 ἀλλ’
1690 4619 1900 4692 ἐξώσθη

293 4710 419 4766 ὑπὸ
455 4707 545 4760 τοῦ
581 4708 848 4779 κόμητος·
878 4704 1004 4760 οὗτε
1043 4703 1148 4776 μὴν
1179 4704 1359 4775 ἐαυτῷ
1389 4703 1736 4775 ἐπεισῆλθεν,
1766 4704 1900 4758 ἀλλά

292 4791 698 4862 προστάγματι
731 4789 834 4860 τῆς
869 4789 968 4860 σῆς
1013 4787 1316 4851 εὐσεϐείας,
1358 4787 1605 4858 νοταρίου
1655 4788 1899 4841 ἀποστα-

278 4878 537 4938 λέντος’
572 4873 667 4927 καὶ
698 4873 792 4928 νῦν
825 4871 882 4927 δέ
920 4870 1014 4935 οὓς
1049 4869 1385 4942 προφέρουσι
1423 4870 1673 4935 κανόνας,
1703 4872 1902 4943 αἱρετι-

279 4959 425 5015 κῶν
460 4956 658 5018 αὐτοὺς
679 4955 966 5025 δείκνυμεν
989 4952 1168 5014 ὄντας.
1200 4953 1284 5016 Ὠς
1308 4951 1353 5004 δ’
1377 4952 1670 5024 ἐπέμειναν
1694 4954 1902 5009 ἄτακτα

283 5037 756 5111 ζυγομαχοῦντες
792 5041 840 5094 οἱ
873 5037 1013 5092 κατά
1049 5035 1317 5102 Ἰωάννου,
1350 5038 1400 5090 οί
1433 5037 1531 5106 μὲν
1558 5039 1902 5111 γεγωνοτέρᾳ

283 5127 497 5198 φωνῇ,
521 5125 571 5178 oi
606 5123 662 5178 δέ
711 5123 1068 5195 σεσοϐημένοι
1103 5121 1343 5194 στέρνων
1389 5121 1600 5192 κινήσει
1649 5122 1900 5175 ἀνασειό-

283 5225 474 5284 μινοι
511 5208 717 5279 ίταμῶς
757 5209 850 5262 ἐπὶ
885 5207 980 5260 τοῦ
1022 5205 1323 5278 βασιλέωςο
1368 5204 1559 5275 πράως
1585 5205 1614 5257 6
1645 5204 1901 5278 ἐνθεσμό-

283 5308 483 5351 cato:
531 5291 830 5356 Ἐλπίδιος,
876 5291 1076 5362 μικράς
1132 5286 1586 5358 παραγενομένης
1623 5288 1898 5361 γαλήνης,

280 5379 490 5449 ἔφησε
512 5374 589 5446 τῷ
623 5373 868 5444 βασιλεῖ’
899 5371 1152 5435 Βασιλεῦ,
1189 5371 1262 5443 μὴ
1298 5370 1612 5441 σκύλλωμεν
1643 5373 1736 5425 ἐπὶ
1766 5373 1898 5428 πολὺ

277 5461 410 5534 τὴν
463 5459 558 5529 σὴν
601 5458 940 5531 ἡμερότητα,
968 5455 1110 5510 άλλά
1151 5455 1308 5509 τοῦτο
1355 5456 1619 5524 γενέσθω·
1655 5458 1897 5528 ὑπογρα-

274 5544 576 5616 ψὰτωσαν
600 5543 650 5595 οί
679 5542 806 5614 περὶ
833 5541 925 5594 τὸν
958 5539 1184 5609 ἀδελφὸν
1218 5539 1469 5592 Ἀκάκιον
1501 5541 1594 5593 καὶ
1629 5540 1898 5611 Ἀντίοχον

275 5627 402 5690 οὓς
485 5624 880 5694 προϐάλλονται
922 5624 996 5688 ὡς
1044 5623 1337 5693 ὀρθοδόξων
1381 5624 1630 5685 κανόνας,
1673 5624 1754 5676 ὃτι
1785 5625 1896 5695 Τῆς

276 5708 553 5772 πίστεώς
585 5709 750 5779 ἐσμεν
789 5707 896 5760 τῶν
933 5705 1244 5778 ἐκθεμένων
1277 5707 1497 5771 αὑτοὺς,
1548 5709 1637 5761 καὶ
1682 5708 1894 5764 λέλυται

2001 385 2128 476 ἡμῖν
2171 385 2202 455 ἡ
2234 387 2550 476 ἀμφιϐολία,
2576 390 2846 476 ⁸Προσχῶν
2883 391 2941 446 δέ
2979 395 3007 447 6
3039 394 3289 476 βασιλεὺς
3319 401 3397 472 τῷ
3425 402 3584 476 ἁπλῷ

1996 467 2530 556 τοῦ-προϐλήματος,
2567 472 2960 556 ὑπομειδιάσας
3011 472 3132 529 ε’ίπε
3174 480 3252 550 τῷ
3286 467 3579 556 Ἀντιόχῳῖ

1997 549 2164 603 Οὐδὲν
2195 551 2398 604 τούτων
2430 552 2886 627 λυσιτελέστερον.
2913 553 3021 612 Ἦν
3041 558 3085 611 δ’
3115 560 3206 613 ἐπὶ
3225 549 3452 619 πάντων
3464 549 3583 622 ’τῶν

1995 634 2376 705 γεγενημένων
2400 635 2635 699 ἀναίτιος
2655 641 2683 690 6
2709 637 2981 706 βασιλεὺς,
3017 640 3190 695 ἄλλων
3223 648 3580 714 μεταποιούν-

1992 734 2101 770 των
2177 717 2246 770 τὰ
2309 718 2489 781 καλῶς
2537 721 2912 791 τετυπωμένα.
2992 722 3411 793 ’ἰλιγγιάσαντες
3455 729 3578 798 οὑν,

1996 801 2088 854 καὶ
2137 803 2216 864 εἰς
2248 801 2512 873 ἀλλήλους
2563 803 2895 874 έλιττόμενοι
2943 807 2991 856 οί
3048 809 3176 876 ’περὶ⁸
3228 811 3578 883 Σευηριανὸν,

1996 883 2252 966 καθάπερ
2274 884 2505 939 ἄτακτον
2531 885 2694 956 ὕδωρ,
2725 887 2816 939 ἐπί
2847 905 2903 940 τε
2938 887 3016 958 τῷ
3047 891 3320 961 φρονίμως
3365 897 3581 966 ῥηθέντι

1994 965 2089 1019 καὶ
2122 968 2214 1019 ἐπὶ
2245 970 2309 1038 τῇ
2343 967 2436 1020 τοῦ
2469 968 2734 1038 βασιλέως
2773 969 2973 1042 κρίσει,
3003 965 3583 1048 κατεσχέθησανάφα.

1997 1051 2109 1122 σία,
2143 1051 2237 1103 ἐπὶ
2268 1051 2328 1103 τὸ
2384 1051 2760 1121 πελιδνότερον
2798 1052 3194 1122 μεταϐαλόντες
3246 1056 3426 1111 αὑτῶν
3480 1061 3581 1130 τὴν

2000 1136 2217 1206 μορφήν
2239 1151 2251 1166 ·
2290 1137 2441 1206 ὅμως
2476 1135 2582 1187 ὑπὸ
2609 1136 2706 1206 τῆς
2749 1137 2995 1208 ἀνάγκης
3023 1137 3118 1189 τοῦ
3149 1137 3314 1192 τόπου
3351 1144 3578 1212 σφιγγό‹

1998 1234 2169 1288 μενοι,
2211 1217 2599 1287 ὑπισχνοῦνται
2634 1218 2727 1271 καὶ
2751 1219 2974 1283 ἄκοντες
3015 1220 3351 1291 ὑπογράψαι.
3379 1217 3583 1290 Ὀὕτως

1994 1300 2331 1365 ἐξελθόντες,
2384 1301 2481 1371 τὴν
2537 1301 2636 1372 μὲν
2691 1303 2982 1373 ὑπόσχεσιν
3035 1304 3098 1356 οὑ
3154 1303 3453 1375 πληροῦσιν
3506 1309 3582 1374 ὡς

1994 1382 2293 1454 ἀϐούλητον
2322 1379 2508 1447 οὖσαν,
2538 1386 2840 1449 δεδοικότες
2873 1386 2970 1457 τὴν
3002 1381 3192 1458 ἧτταν,
3228 1389 3583 1458 ἐμηχανῶντο

1993 1466 2051 1520 δέ
2085 1468 2224 1538 ποίῳ
2259 1468 2446 1539 τρόπῳ
2494 1468 2702 1539 ἐξωσθῇ
2754 1470 2782 1521 6
2825 1469 3098 1540 Ἰωάννης.
3147 1470 3364 1524 Τούτων
3409 1471 3582 1536 οὕτως

1993 1550 2168 1604 ἄλλων
2197 1569 2256 1604 τε
2286 1552 2461 1615 ἄλλως
2486 1551 2989 1623 διαπραττομένων,
3023 1554 3383 1626 παρίππασαν
3413 1555 3582 1626 μῆνες

1993 1635 2150 1688 ἐννέα
2184 1635 2217 1705 ἢ
2263 1635 2416 1698 δέκα,
2461 1635 2556 1687 τοῦ
2590 1635 2890 1688 ἐπισκόπου
2928 1637 3174 1691 Ἰωάννου
3211 1640 3580 1709 συναγομένου

1998 1717 2093 1770 σὺν
2131 1720 2245 1779 τοῖς
2289 1718 2698 1787 τεσσαράκοντα
2743 1719 3064 1782 ἐπισκόποις
3091 1718 3188 1773 καὶ
3227 1721 3341 1785 δύο,
3374 1721 3485 1774 τῶν
3523 1721 3581 1775 δὲ

1995 1799 2137 1852 λαῶν
2169 1801 2548 1852 ἀπολαυόντων
2593 1799 2731 1870 μετά
2777 1801 2980 1870 πολλῆς
3021 1802 3123 1872 τῆς
3172 1803 3437 1874 εὐθυμίας
3481 1807 3582 1876 τῆς

1996 1883 2158 1936 αὑτοῦ
2186 1882 2552 1946 διδασκαλίας.
2579 1883 2729 1936 Φιλεῖ
2760 1882 2869 1953 γάρ
2907 1900 3024 1947 πως
3053 1887 3082 1937 6
3115 1885 3431 1952 άκενόδοξος
3457 1888 3583 1950 νοῦς

1995 1966 2054 2020 ἐν
2085 1971 2205 2031 ταῖς
2249 1967 2603 2036 περιστάσεσι
2635 1967 2991 2037 χαριέστερον
3021 1968 3116 2020 καὶ
3154 1965 3524 2040 δυνατώτερον
3551 1983 3579 2011 ι

1995 2051 2287 2124 ἀπορρέειν
2319 2051 2498 2119 λόγον.
2535 2050 2621 2102 Ἐν
2641 2049 2850 2112 τούτοις
2875 2050 3181 2120 ἐπήνθησεν
3211 2051 3244 2120 ἡ
3273 2053 3579 2124 Δεσποτικὴ

1994 2134 2258 2204 νηστεία,
2285 2133 2539 2204 καθάπερ
2574 2133 2693 2204 ἔαρ,
2727 2132 2795 2186 δι’
2834 2132 3081 2186 ἐνιαυτοῦ
3136 2135 3578 2206 παραγενομένη.

1994 2216 2341 2280 Είσελθόντες
2369 2217 2426 2270 δὲ
2472 2216 2634 2270 πάλιν
2667 2217 2788 2270 κατ’
2829 2215 2966 2270 ίδίαν
3009 2217 3059 2268 οί
3113 2218 3244 2288 περὶ
3285 2217 3579 2288 ’Λντίοχον,

1995 2300 2309 2365 ἀνεδιδαξαν
2340 2301 2432 2356 τὸν
2463 2300 2685 2370 βασιλέα
2719 2301 2795 2363 ὡς
2827 2299 3131 2372 ἡττηθέντα
3167 2299 3260 2357 τὸν
3305 2301 3580 2372 Ἰωάννην,

1996 2385 2084 2438 ἵνα
2116 2385 2394 2456 προστάξῃ
2438 2384 2598 2437 αὑτὸν
2644 2383 2966 2454 ἐξωσθῆναι,
3009 2383 3104 2437 τοῦ
3134 2383 3326 2455 Πάσχα
3373 2385 3583 2438 ἐπικει-

2001 2468 2191 2539 μένου·
2227 2471 2256 2522 6
2282 2469 2340 2522 δέ
2393 2468 2650 2538 βασιλεὺς
2701 2467 2762 2532 ἐξ
2812 2467 3062 2539 ἀνάγκης
3111 2466 3436 2538 ὀχλούμενος
3489 2469 3580 2520 ὑπ’

1997 2551 2199 2613 αὐτῶν,
2249 2551 2325 2614 ὡς
2358 2550 2678 2614 ἐπισκόποις
2728 2550 3070 2604 ἐπίστευσεν.
3110 2551 3168 2603 ’0
3202 2550 3310 2622 γάρ
3365 2550 3582 2621 άληθῶς

1999 2639 2368 2712 πρεσϐύτερος
2415 2639 2448 2710 ἦ
2480 2639 2778 2702 ἐπίσκοπος
2808 2638 3002 2708 ψεῦδος
3053 2639 3153 2692 οὐκ
3190 2635 3326 2691 οἶδε’
3362 2637 3429 2691 τὰ
3472 2637 3583 2708 γάρ

1997 2727 2238 2798 ὀνόματα
2270 2725 2443 2780 ταῦτα
2471 2728 2568 2797 τῆς
2598 2727 2709 2781 άνω
2737 2725 2942 2796 λήξεως
2985 2726 3238 2799 ὑπάρχει,
3272 2726 3394 2778 ἐπεὶ
3430 2725 3584 2778 οὑδέν

1999 2815 2370 2886 πρεσϐύτερον
2416 2815 2574 2879 Θεοῦ,
2615 2816 2735 2869 οὑδέ
2781 2817 3254 2888 ἐπισκοπώτερον·
3300 2816 3434 2878 Θεδς
3472 2817 3581 2887 γάρ

1997 2907 2026 2958 6
2055 2903 2370 2958 ἐπισκοπῶν
2407 2904 2440 2974 ἢ
2486 2903 2758 2975 θεώμενός
2790 2907 2902 2958 ἐστι
2953 2907 3022 2959 τά
3071 2895 3270 2959 πάντα.
3313 2906 3370 2958 Ὀ
3403 2907 3582 2958 τοίνυν

1999 2993 2294 3056 ἐπίσκοπος
2319 2993 2353 3063 ἢ
2402 2991 2790 3063 πρεσϐύτερος,
2825 2992 2900 3055 ὠς
2942 2991 3197 3054 κοινωνὸς
3231 2991 3339 3044 τῶν
3383 2993 3582 3062 ὀνομά-

1998 3097 2129 3145 των,
2157 3079 2300 3134 οὑτω
2352 3083 2447 3134 καὶ
2497 3080 2605 3135 τῶν
2637 3082 2978 3152 πραγμάτων
3012 3081 3216 3150 ὀφείλει
3263 3076 3425 3136 εἶναι.
3471 3081 3584 3135 Καὶ

1999 3169 2150 3240 δηλοῖ
2175 3169 2252 3240 τῷ
2285 3170 2534 3242 Ἰωάννῃο
2572 3169 2792 3235 Ἔξελθε
2822 3171 2886 3222 ἐκ
2915 3170 3016 3239 τῆς
3057 3169 3402 3240 Ἐκκλησίας.
3440 3168 3497 3222 ὐ
3527 3169 3583 3222 δὲ

2002 3256 2271 3326 ἀντιδηλοῖ
2287 3273 2300 3287 ⁸
2330 3255 2471 3326 Ἐγὼ
2499 3256 2646 3328 παρά
2667 3256 2761 3309 τοῦ
2787 3257 3036 3328 Σωτῆρος
3058 3255 3190 3309 Θεοῦ
3218 3257 3584 3327 ὑποδέδεγμαι

2000 3347 2099 3416 τὴν
2145 3345 2472 3415 Ἐκκλησίαν
2498 3345 2702 3414 ταύτην
2727 3345 2808 3408 είς
2846 3341 3162 3416 ἐπιμέλειαν
3191 3345 3291 3416 τῆς
3326 3343 3420 3398 τοῦ
3453 3344 3584 3398 λαοῦ

2003 3434 2296 3506 σωτηρίας,
2328 3434 2420 3487 καὶ
2458 3434 2518 3486 οὑ
2555 3433 2792 3504 δύναμαι
2829 3432 2999 3505 αὑτὴν
3045 3433 3367 3501 καταλεῖψαι
3389 3451 3402 3466 ·
3437 3436 3486 3486 εί
3527 3434 3585 3488 δέ

2001 3520 2160 3575 τοῦτο
2189 3520 2367 3591 βούλει
2399 3521 2454 3590 (ἡ
2485 3519 2594 3590 γάρ
2622 3520 2774 3582 πόλις
2820 3536 2902 3571 σοι
2930 3519 3218 3590 διαφέρει),
3253 3521 3344 3592 βίᾳ
3388 3537 3456 3587 με
3499 3521 3587 3585 ἐξ·

2003 3612 2191 3675 έωσον,
2223 3612 2309 3663 ἵνα
2350 3609 2457 3681 ἔχω
2486 3608 2782 3678 ἀπολογίαν
2810 3608 2910 3678 τῆς
2958 3607 3304 3675 λειποταξίας
3331 3611 3430 3681 τὴν
3483 3611 3584 3681 σὴν

2003 3699 2338 3754 αὑθεντείαν.
2363 3698 2551 3761 Οὕτως
2597 3698 2734 3769 μετά
2771 3696 2954 3761 αἰδοῦς
2995 3715 3141 3762 τινος
3166 3693 3585 3763 ἀποστείλαντες

2004 3789 2069 3840 ἐκ
2099 3786 2193 3841 τοῦ
2233 3785 2518 3850 παλατίου,
2565 3785 2804 3850 ἐξέωσαν
2837 3785 3024 3848 αὐτὸν,
3061 3785 3416 3849 κελεύσαντες
3447 3786 3585 3849 τέως

2003 3876 2210 3944 διάγειν
2244 3876 2302 3927 ἐν
2333 3874 2410 3945 τῷ
2443 3873 2799 3944 ἐπισκοπείῳ,
2846 3872 2907 3928 τὸ
2953 3873 3298 3944 ἐνδεχόμενον
3343 3878 3442 3946 τῆς
3489 3876 3584 3928 τοῦ

2003 3963 2136 4017 Θεοῦ
2158 3963 2327 4035 ὀργῆς
2347 3960 2775 4032 προσδοκῶντες,
2802 3961 2910 4023 ἵνα,
2933 3960 3027 4014 ἐὰν
3053 3961 3152 4030 μὲν
3175 3961 3354 4032 συμϐῇ
3378 3979 3431 4014 τι
3457 3979 3523 4015 πε
3532 3964 3586 4033 pl

2003 4053 2199 4116 αὑτοὺς
2231 4050 2495 4120 λυπηρὸν,
2529 4048 2720 4101 θάττον
2750 4048 2911 4102 αὑτὸν
2945 4048 3333 4116 είσαγαγόντες
3361 4052 3442 4112 εἰς
3485 4050 3584 4120 τὴν

2017 4138 2362 4208 Ἐκκλησίαν,
2413 4137 2805 4202 ἐξιλεώσωνται
2857 4137 2919 4190 τὸ
2949 4137 3135 4191 Θεῖον·
3181 4139 3229 4190 εί
3275 4137 3332 4191 δὲ
3369 4138 3464 4209 μὴ,
3497 4138 3583 4191 ἵνα

2005 4227 2166 4282 πάλιν
2206 4225 2500 4281 ἐπιθῶνται
2529 4228 2606 4291 ὡς
2634 4225 2832 4297 Φαραὼ
2858 4225 2936 4296 τῷ
2981 4227 3218 4298 Μωῦσῇ.
3250 4227 3338 4280 Ἑν
3373 4227 3586 4292 τούτοις

2007 4319 2206 4390 ἐπέστη
2234 4321 2266 4390 ἠ
2295 4317 2388 4372 τοῦ
2424 4317 2661 4389 μεγάλου
2703 4315 2983 4370 Σαϐϐάτου
3029 4315 3229 4387 ἡμέρα,
3262 4318 3319 4370 ἐν
3412 4317 3442 4370 6
3472 4317 3588 4369 Σω-

2002 4408 2108 4479 τὴρ
2136 4405 2472 4478 σταυρωθεὶς
2498 4405 2791 4459 ἐσκύλευσε
2816 4404 2909 4457 τὸν
2936 4403 3089 4475 ᾅδην.
3110 4404 3218 4456 Καὶ
3246 4404 3409 4458 πάλιν
3436 4404 3585 4474 αὑτῷ

2002 4494 2252 4564 δηλοῦσιν
2272 4513 2285 4526 ο
2315 4493 2538 4561 Ἔξελθε
2565 4493 2666 4564 τῆς
2699 4492 3038 4564 Ἐκκλησίας.
3082 4491 3378 4563 Ἀντιδηλοῖ
3408 4491 3477 4546 τὰ
3509 4496 3588 4546 εί-

2007 4583 2160 4640 κότα.
2217 4581 2630 4653 Εὑλαϐούμενος
2679 4578 2967 4652 τοιγαροῦν
3006 4580 3035 4630 6
3072 4577 3324 4648 βασιλεὺς
3386 4579 3448 4634 τὸ
3495 4581 3581 4634 εύ-

2007 4670 2336 4724 καθοσίωτον
2368 4669 2466 4741 τῆς
2488 4669 2720 4740 ἡμέρας,
2753 4667 2844 4720 καὶ
2872 4666 2962 4720 τὸν
3000 4666 3102 4736 τῆς
3142 4667 3351 4732 πόλεως
3375 4667 3581 4738 κλόνον,

2009 4757 2429 4830 μεταστέλλεται
2459 4757 2582 4819 τοὺς
2609 4754 2738 4826 περὶ
2767 4753 3016 4809 ’Λκάκιον
3039 4754 3132 4808 καὶ
3161 4754 3454 4827 Ἀντίοχον,
3480 4759 3582 4829 φή·-

2007 4864 2106 4911 σας
2136 4847 2352 4910 αὐτοῖς’
2387 4843 2450 4897 Τί
2495 4843 2602 4897 δέοι
2649 4841 2932 4912 γενέσθαι;
2973 4841 3200 4912 βλέπετε
3241 4844 3452 4915 μήποτε
3484 4846 3584 4898 οὐκ

2004 4933 2179 5006 ὀρθῶς
2207 4930 2544 5004 βουλεύεσθε.
2561 4931 2691 4984 Τότε
2711 4930 2759 4983 οί
2791 4929 3042 4998 γεννάδες
3067 4929 3161 4982 καὶ
3195 4931 3585 5002 περισσόψυχι.ι

2005 5017 2156 5076 εἶπον
2186 5019 2264 5091 τῷ
2301 5019 2540 5090 βασιλεῖ’
2587 5018 2838 5082 Βασιλεῦ,
2873 5019 2967 5072 ἐπὶ
3011 5018 3108 5089 τὴν
3143 5019 3386 5092 κεφαλὴν
3429 5020 3585 5091 ἡμῶν

2003 5112 2035 5181 ἡ
2074 5110 2319 5164 Ἰωάννου
2368 5107 2705 5180 καθαίρεσις.
2735 5107 3055 5161 Τελευταῖον
3103 5106 3375 5180 βοήθημα,
3411 5109 3461 5162 οί
3507 5105 3587 5176 τῷ

2016 5199 2234 5270 Ἰωάννῃ
2268 5198 2516 5261 συνόντες
2542 5196 2830 5250 ἐπίσκοποι
2863 5194 3140 5267 ίσάριθμοι
3177 5196 3276 5267 τῆς
3301 5195 3461 5264 άγίας
3488 5210 3582 5264 νη-

2005 5290 2207 5352 στείας,
2226 5286 2530 5358 προσῆλθον
2550 5284 2630 5356 τῷ
2652 5283 2860 5356 βασιλεῖ
2881 5286 2976 5338 καὶ
2995 5287 3061 5356 τῇ
3086 5283 3373 5357 βασιλίσσῃ
3389 5283 3447 5336 ἐν
3466 5282 3584 5339 τοῖς

2006 5377 2324 5450 μαρτυρίοις
2347 5375 2483 5447 μετὰ
2503 5375 2756 5447 δακρύων
2775 5372 3238 5446 παρακαλοῦντες,
3257 5369 3468 5439 φειδοῦς
3488 5385 3582 5421 τι.-

2003 5473 2116 5543 χείν
2155 5468 2251 5538 τὴν
2295 5467 2387 5521 τοῦ
2435 5465 2672 5540 Χριστοῦ
2726 5463 3072 5534 Ἐκκλησίαν,
3126 5461 3359 5531 μάλιστα
3389 5458 3480 5514 διά
3517 5462 3583 5514 1'6

2067 5648 2092 5676 "
2115 5645 2246 5704 Haec,
2268 5644 2348 5692 καὶ
2369 5641 2922 5704 δυνατώτερον,ᾱερι·εῃῑ
2940 5634 2990 5684 in
3014 5635 3206 5704 (igneo;
3231 5634 3326 5704 sed
3343 5647 3372 5682 θ
3395 5635 3504 5704 φᾶ.
3530 5637 3583 5686 in

2004 5713 2194 5757 textum
2207 5696 2380 5754 τὲιυιιι
2393 5696 2622 5766 Βίῳιυεί
2644 5696 2814 5751 ιὰιὶοε
2827 5698 2971 5746 etiam
2992 5696 3178 5747 addens
3194 5696 3585 5761 etpolmliorcm.
