2030 3098
253 121 288 150 55

255 180 308 207 Deo
321 179 549 207 commendaveris
559 198 566 209 ,
591 176 719 212 egredere
731 175 859 204 Ecclesia.
877 174 914 201 Ita
926 173 1043 201 Joannes

253 225 394 260 episcopus
407 228 467 259 post
486 227 605 258 apertam
619 230 649 250 ac
664 222 773 249 minime
787 220 970 248 adumbratam
983 219 1044 253 jus-

252 275 354 297 sionem
372 277 404 296 ex
417 268 553 303 episcopio
568 267 708 295 discedens
731 274 791 294 cum
815 266 957 301 episcopis,
978 264 1043 292 dicit

252 315 374 342 omnibus
390 323 396 340 :
413 313 518 346 Venite,
535 321 652 344 oremus.
677 318 704 340 et
724 312 818 347 angelo
846 311 972 338 Ecclesite
993 317 1041 336 va-

252 359 395 387 ledicamus
418 368 424 386 :
448 359 524 387 ianus
548 359 655 394 quidem
677 358 713 385 ob
741 365 784 385 res
809 357 897 392 ipsas,
926 363 1042 383 mmrens

250 410 339 432 autem
359 406 394 433 ob
416 406 504 440 populi
530 412 684 432 maerorem.
710 404 833 431 Protinus
860 402 989 438 quispiam
1009 409 1042 429 ex

251 450 380 485 religiosis
400 451 555 485 proceribus
567 450 625 477 haec
638 449 732 477 Joanni
747 449 878 484 signiﬁcat
892 457 898 475 :
915 447 1041 482 Quando-

250 497 356 531 quidem
372 497 479 529 Lucius,
496 497 536 524 vir
549 497 635 523 audax
650 502 676 524 et
688 496 755 523 facie
767 496 918 530 impudens,
934 499 1041 529 paratus

250 547 291 568 est
314 541 340 568 in
364 541 470 576 publico
495 540 601 569 lavacro
623 549 684 569 cum
706 541 834 568 militibus
849 541 920 573 suis,
937 541 958 566 si
974 539 1041 566 forte

250 587 416 614 contradicas
427 592 472 614 aut
486 587 604 620 dilTeras,
620 586 661 613 vel
678 586 788 613 invitum
803 589 829 613 te
843 585 949 612 trahere
962 589 1041 618 atque

249 632 392 667 expellere,
408 631 484 666 plebs
495 636 582 658 autem
602 631 717 658 civitatis
731 634 928 661 commovetur;
945 629 1040 656 iestina

249 679 316 705 clam
328 678 435 712 egredi,
449 685 483 705 ne
499 682 525 705 te
540 676 686 705 defendens
700 677 824 712 populus,
838 683 898 703 cum
913 674 1040 702 militibus

250 730 363 758 pugnam
378 723 537 750 committat.
554 723 628 750 Tunc
643 722 759 750 Joannes
779 729 839 749 cum
853 721 977 757 lacrymis
991 720 1041 747 ali-

249 777 315 804 quos
335 777 367 796 ex
391 770 524 804 episcopis
544 769 678 796 osculatus
694 768 821 805 (reliquos
835 768 906 796 enim
925 767 1040 795 osculari

249 821 301 841 non
325 815 430 843 sinebat
452 813 551 851 dolor),
574 814 633 841 vale
656 814 722 841 dixit
735 814 839 841 cteteris
854 814 880 841 in
901 813 1037 840 sacrario:

248 860 361 893 Manete,
377 861 507 895 inquiens,
524 859 567 887 hic
580 859 685 886 interim
698 880 706 893 ,
719 863 749 886 ut
761 859 895 894 profectus
906 858 1039 886 modicntn

248 907 392 941 quiescam.
404 906 540 940 Ingressus
551 911 639 933 autem
649 905 844 940 baptisterium,
856 904 1038 940 Olympiadem

249 957 336 984 vocat,
349 959 407 987 quae
419 951 453 978 ab
465 951 585 979 Ecclesia
600 959 652 978 non
667 951 828 982 discedebat,
846 951 923 978 simul
934 955 961 978 et
971 950 1040 978 Pen-

248 998 346 1025 tadiam
371 1001 398 1024 et
421 997 541 1024 Proclam
567 997 741 1030 diaconissas,
768 1000 796 1024 et
817 996 944 1023 Silvinam
967 995 1038 1023 beati

247 1043 366 1071 Nebridii
381 1049 490 1070 uxorem
500 1063 507 1074 ,
524 1050 584 1078 qua:
597 1042 750 1070 viduitatem
768 1048 842 1069 suam
857 1041 996 1069 honestate
1007 1048 1040 1068 ac

248 1088 376 1116 modestia
390 1088 551 1120 decorabat;
567 1093 646 1123 atque
658 1088 697 1116 eis
708 1088 772 1115 dicit
785 1097 791 1115 :
806 1087 917 1120 Venite,
934 1095 950 1114 ο
966 1087 1037 1120 tilize,

249 1134 337 1160 audite
351 1141 403 1160 me.
427 1133 492 1166 Qum
511 1133 544 1160 ad
560 1141 603 1160 me
615 1133 747 1165 attinent,
762 1133 840 1160 tinem
859 1137 885 1160 ut
900 1132 978 1160 video
994 1133 1040 1159 ha-

249 1178 450 1207 hent:cursum
471 1185 560 1205 meum
582 1179 777 1211 consummavi,
800 1183 828 1206 et
852 1178 920 1206 forte
938 1179 1039 1206 vultum

249 1231 340 1251 meum
361 1231 413 1250 non
436 1223 551 1257 amplius
573 1223 706 1251 videbitis.
730 1224 786 1251 Hoc
799 1231 880 1251 unum
895 1228 936 1251 est
947 1244 954 1256 ,
969 1223 1040 1258 quod

249 1276 313 1305 rogo
324 1290 332 1301 ,
350 1277 384 1297 ne
398 1277 448 1303 qua
464 1274 582 1296 vestrum
595 1269 704 1305 aisolita
716 1276 779 1304 erga
797 1268 944 1296 Ecclesiam
957 1269 1038 1296 bene-

249 1315 363 1342 volentia
382 1314 529 1346 avellatur;
552 1304 751 1354 ﬁicumque
766 1313 900 1341 reluctans
913 1313 994 1341 fuerit
1006 1313 1040 1341 ad

248 1360 443 1387 ordinationem
455 1359 584 1387 deductus
593 1380 600 1391 ,
614 1367 647 1387 ex
659 1366 790 1386 consensu
802 1359 931 1391 omnium,
945 1366 998 1386 non
1013 1357 1040 1386 id

248 1407 384 1439 ambiens,
400 1406 425 1433 ei
440 1410 574 1441 tamquam
585 1405 681 1433 Joanni
700 1409 780 1440 caput
792 1409 910 1432 vestrum
924 1405 1038 1432 submit-

248 1453 294 1479 tite
312 1462 318 1479 :
338 1460 391 1480 non
405 1456 493 1486 potest
512 1452 583 1479 enim
607 1451 725 1478 Ecclesia
739 1458 798 1478 esse
820 1450 879 1478 sine
902 1450 1057 1499 ερίεοοὲΙ

249 1498 285 1524 Ita
301 1497 513 1525 misericordiam
525 1496 725 1531 conscquamini
738 1516 744 1525 .
769 1500 796 1523 et
809 1503 943 1523 memores
954 1496 1039 1522 estote

249 1543 300 1569 mei
316 1543 341 1569 in
355 1542 519 1569 orationibus
530 1541 637 1568 vestris.
660 1540 714 1568 lllze
727 1541 851 1576 lacrymis
872 1540 986 1576 perfusae
1005 1541 1038 1568 ad

246 1587 304 1621 ejus
327 1587 409 1621 pedes
433 1586 652 1614 advolvebantur.
673 1586 747 1613 Tunc
770 1587 882 1614 innuens
896 1586 1001 1614 cuidam
1022 1594 1038 1614 e

247 1632 405 1659 venerandis
419 1632 582 1668 presbyteris
596 1632 634 1659 ait
646 1641 652 1659 :
668 1631 744 1659 Tolle
754 1640 800 1659 eas
814 1633 886 1665 hinc,
903 1640 937 1660 ne
952 1640 1037 1668 popu-

246 1676 300 1705 lum
315 1677 480 1712 perturbent.
504 1677 549 1704 Sic
571 1677 650 1712 igitur
668 1677 804 1711 paululum
826 1682 952 1711 retentae,
975 1679 1038 1706 visre

246 1728 308 1750 sunt
327 1723 508 1757 acquiescere.
530 1722 563 1749 Et
581 1722 619 1750 sic
641 1722 706 1750 abiit
718 1723 744 1750 in
762 1728 863 1757 partem
879 1724 1037 1750 orientalem

247 1769 327 1804 (nihil
333 1769 403 1796 enim
414 1768 483 1804 apud
493 1768 567 1796 illum
578 1773 635 1796 erat
645 1768 830 1803 occidentale).
841 1768 869 1795 In
880 1769 1038 1797 occidentali

245 1820 335 1843 autem
358 1820 433 1850 parte
444 1835 451 1847 ,
466 1814 510 1842 ubi
524 1818 565 1841 est
583 1822 705 1849 magnum
720 1815 847 1842 Ecclesiae
861 1815 1019 1843 vestibulum
1029 1836 1036 1848 ,

244 1861 393 1895 jumentum
415 1861 457 1887 cui
470 1860 572 1888 solebat
586 1860 704 1888 Joannes
726 1860 862 1891 insidere,
882 1866 954 1888 stare
976 1866 1038 1888 ante

247 1910 349 1940 portam
358 1906 437 1940 jussit
446 1925 454 1937 ,
475 1910 505 1932 ut
518 1906 643 1940 p0pulum
656 1913 687 1933 ea
701 1913 734 1933 ex
749 1911 824 1940 parte
837 1910 1037 1941 exspectantem

246 1951 294 1978 abs
308 1958 337 1978 se
348 1950 505 1977 dimoveret.
521 1950 579 1978 Una
601 1957 662 1977 cum
680 1958 714 1978 eo
727 1958 851 1985 egressus
873 1956 914 1978 est
929 1952 1038 1986 angelus

248 1998 392 2031 Ecclesia),
414 1998 583 2026 solitudinem
607 1998 735 2026 Ecclesiae
755 2006 809 2026 non
834 1999 937 2032 ferens,
958 2006 1036 2033 quam

246 2044 410 2078 principatus
422 2051 536 2079 nequam
557 2049 584 2071 et
599 2049 743 2078 potestates
762 2044 897 2076 fecerant,
920 2045 1037 2079 speciem

246 2088 341 2116 theatri
368 2089 535 2123 iniquitatum
564 2089 731 2116 exhibentes.
756 2089 821 2116 Erat
841 2090 935 2122 enim,
961 2094 990 2116 ut
1011 2089 1037 2116 in

246 2133 362 2167 tlteatro,
378 2134 471 2161 sibilus
487 2134 632 2168 impiorum
652 2134 851 2168 explodentiurn
875 2139 902 2161 ct
924 2134 1038 2162 irriden-

247 2182 324 2214 tium,
340 2180 493 2209 Jndmorum
507 2188 539 2208 ac
553 2180 691 2215 gentilium
704 2180 847 2208 immodice
860 2180 1036 2208 deridentium

247 2236 279 2255 ac
292 2229 512 2255 subsannantium
529 2235 536 2253 :
560 2231 588 2253 ut
611 2231 698 2253 autem
721 2226 747 2253 in
770 2234 876 2254 carcere
887 2247 895 2259 ,
910 2226 994 2261 plagas
1011 2231 1038 2254 ct

248 2274 274 2301 in
288 2275 387 2301 viscera
405 2274 465 2301 illisi
476 2274 609 2301 cruciatus
623 2281 638 2299 a
652 2272 789 2306 militibus,
803 2277 830 2300 et
839 2273 955 2300 omnium
968 2281 1038 2300 men-

249 2319 283 2347 tis
295 2320 391 2346 virium
406 2319 542 2351 distentio,
558 2326 619 2346 cum
633 2318 668 2345 ob
681 2318 798 2345 ablatum
811 2318 947 2345 doctorem
959 2339 965 2351 ,
982 2323 1036 2345 tum

248 2364 283 2391 ob
295 2364 487 2399 blasphemiam
511 2365 536 2391 in
552 2364 645 2391 Deum.
669 2363 719 2392 Ubi
733 2365 805 2391 enim
820 2369 988 2399 peccatorum
1009 2364 1038 2392 ﬁt

248 2409 370 2436 remissio
380 2430 387 2441 ,
407 2409 443 2436 ibi
457 2409 591 2443 sanguinis
605 2408 685 2436 ﬁebat
705 2408 809 2436 eﬂ‘usio.
826 2409 890 2436 Post
904 2409 975 2436 illam
989 2417 1035 2436 au.

249 2459 303 2482 tem
323 2454 527 2483 inenarrabilem
550 2460 628 2491 atque
650 2456 860 2490 inexplicabilem
879 2455 1036 2492 caliginem,

249 2502 356 2529 ﬂamma
370 2509 385 2529 e
399 2502 484 2529 media
499 2502 563 2530 sede
576 2503 601 2529 in
618 2511 668 2538 qua
679 2504 906 2533 solebatJoannes
920 2506 1017 2533 sedens
1028 2527 1036 2539 ,

249 2550 330 2578 veluti
343 2550 430 2577 medio
444 2550 469 2577 in
483 2557 595 2585 corpore
607 2558 663 2584 cor,
680 2552 806 2580 membris
819 2553 923 2580 eteteris
933 2553 1037 2580 Domini

248 2597 352 2631 eloquia
375 2596 561 2631 interpretari,
585 2597 640 2624 visa
656 2597 728 2625 verbi
750 2597 797 2625 Dei
812 2598 982 2633 interpretem
995 2606 1038 2626 re-

247 2643 379 2678 quirehat,
393 2649 447 2677 quo
460 2650 511 2669 non
524 2642 631 2670 invento
646 2642 736 2670 sedem
751 2643 954 2678 depascebatur,
970 2648 997 2671 et
1011 2643 1038 2672 in

246 2690 331 2716 altum
349 2689 524 2716 arborescens
538 2696 586 2724 per
600 2693 707 2716 catenas
720 2688 752 2715 ad
773 2695 859 2717 tecum
878 2697 962 2725 usque
982 2696 1038 2716 ser-

247 2736 309 2768 psit,
325 2740 405 2770 atque
414 2735 513 2769 vipera:
524 2735 607 2762 instar
623 2739 716 2762 ventre
730 2741 827 2768 exeso,
843 2736 875 2762 ad
890 2735 1037 2770 posteriora

248 2781 351 2808 :editlcii
365 2781 483 2808 ecclesire
498 2780 640 2812 ferebatur,
663 2780 719 2807 Dco
735 2780 885 2808 mercedem
905 2780 1037 2815 injuslitite

249 2825 328 2852 veluti
349 2825 484 2853 deﬁnitam
507 2827 539 2854 ad
563 2827 588 2854 id
611 2834 717 2862 poenam
734 2826 861 2855 reddente
873 2848 880 2862 ,
897 2827 928 2855 ad
944 2835 1036 2855 corre-

875 114 1031 143 l'ALlADll
1053 113 1221 142 DIALOGUS

1853 120 1889 147 36

1097 173 1214 208 ptionem
1231 179 1258 201 et
1280 175 1486 203 admonitionem
1508 183 1600 203 eorum
1613 176 1657 211 qui
1678 175 1799 204 nesciunt
1823 178 1890 206 resi-

1096 219 1198 253 piscere
1211 220 1262 247 nisi
1272 219 1399 255 adspectu
1410 221 1541 249 malorum
1553 221 1678 249 divinitus
1688 221 1888 250 immissorum:

1095 272 1148 292 non
1163 265 1249 292 solum
1264 272 1353 294 autetn
1368 275 1426 294 eam
1441 267 1476 294 ob
1490 275 1609 300 causam,
1625 267 1672 295 sed
1693 273 1721 295 ut
1736 268 1798 296 fere
1818 269 1889 298 illius

1094 310 1194 346 Synodi
1209 318 1409 340 monumentum
1430 314 1602 349 relinqueret.
1627 314 1682 341 Nec
1697 314 1722 341 id
1738 315 1835 342 mirum
1855 316 1890 344 de

1095 356 1225 390 ecclesia,
1248 365 1308 384 cum
1333 358 1461 385 Senatum
1485 359 1529 393 qui
1556 358 1626 393 apud
1647 364 1755 386 exteros
1777 360 1888 394 dicitur,

1095 403 1184 430 multis
1198 404 1320 438 passibus
1334 404 1454 432 dissitum
1469 412 1501 432 ex
1514 405 1627 432 adverso
1641 406 1761 433 ecclesiae
1783 407 1816 434 ad
1833 415 1889 434 me-

1095 449 1288 485 ridiem,ignis
1313 450 1357 478 ille
1382 451 1547 486 interiectam
1575 452 1662 487 populi
1689 453 1887 481 multitudinem

1094 495 1181 529 pontis
1192 495 1275 522 instar
1287 496 1422 530 sapienter
1433 502 1647 531 prmtergrcssus,
1661 499 1884 531 pessumdedt-rit,

1094 547 1147 566 non
1162 539 1234 574 prius
1244 545 1345 574 partem
1360 541 1480 569 ecclesra:
1494 543 1617 574 vicinam,
1636 552 1667 569 ne
1681 544 1805 571 damnum
1822 546 1885 573 illud

1093 585 1220 612 vicinitati
1234 581 1446 614 adscriberemus
1458 595 1465 619 ;
1478 588 1523 614 sed
1537 593 1636 622 partem
1653 590 1749 622 palatio
1765 591 1884 624 lmpem-

1094 635 1180 657 torum
1203 631 1368 665 proximam,
1389 637 1418 660 ut
1437 634 1476 661 rei
1500 635 1654 661 miraculum
1679 637 1814 670 sapienter
1829 638 1853 664 id
1870 648 1884 665 ιι

1094 675 1151 703 Deo
1172 675 1271 703 factum
1291 684 1352 704 esse
1374 678 1507 712 probaret.
1533 679 1627 707 Videre
1648 681 1719 707 enim
1738 687 1795 708 erat
1815 683 1884 709 inter

1092 721 1160 749 duos
1173 721 1264 757 igneos
1279 728 1384 751 montes
1396 744 1403 757 ,
1419 724 1516 752 illaesos
1538 726 1648 759 populos
1663 726 1695 752 ad
1712 734 1758 753 sua
1778 729 1882 761 negotia

1092 773 1283 796 commeantes.
1299 769 1328 796 In
1346 769 1416 797 hunc
1433 770 1511 806 igitur
1533 771 1638 797 modum
1655 772 1721 806 ignis
1734 773 1882 801 circumvo-

1094 813 1152 840 lans
1166 818 1193 841 et
1208 814 1309 843 undans
1324 820 1448 851 tanquam
1469 824 1541 844 mare
1562 818 1676 844 violento
1698 825 1787 846 austro
1799 820 1882 854 jacta-

1093 862 1159 891 tum,
1175 859 1255 887 veluti
1268 860 1343 895 signo
1357 861 1421 888 dato
1440 863 1612 896 progrediens
1625 884 1631 895 ,
1652 863 1751 891 vicinas
1766 865 1883 892 circum-

1092 911 1195 939 quaque
1206 905 1278 932 :edes
1288 906 1353 933 citra
1363 906 1504 934 discrimen
1517 909 1653 942 corripuit,
1664 913 1689 935 et
1701 909 1749 936 soli
1763 910 1883 938 mdicula:

1093 949 1119 976 in
1134 957 1183 984 qua
1199 957 1335 978 sacrorum
1352 959 1474 979 vasorum
1490 954 1605 987 reposita
1620 960 1676 980 erat
1689 956 1774 989 copia,
1793 964 1883 991 peper-

1093 995 1151 1021 cit:
1173 1003 1267 1023 aurum
1282 1004 1334 1023 non
1358 997 1486 1024 reveritus
1504 1005 1549 1024 aut
1570 1000 1697 1033 reliquam
1719 1002 1819 1035 argenti
1836 1010 1882 1028 su-

1092 1041 1269 1075 pellectilem,
1287 1042 1334 1070 sed
1348 1047 1376 1070 ut
1392 1051 1425 1070 ne
1435 1043 1520 1070 locum
1545 1044 1688 1071 mentiendi
1709 1046 1884 1075 calumniato-

1093 1087 1166 1115 ribus
1179 1087 1255 1115 daret
1269 1088 1395 1115 adversus
1407 1089 1507 1123 justum
1519 1110 1526 1121 ,
1543 1090 1617 1124 quasi
1634 1091 1689 1125 ipse
1705 1092 1881 1124 pulcherrima

1092 1133 1214 1168 quaedam
1227 1134 1276 1161 sibi
1288 1134 1458 1161 vindicasset.
1476 1135 1511 1161 Ita
1527 1136 1592 1169 ignis
1609 1136 1720 1170 agitatus
1736 1142 1881 1165 retrorsum

1093 1185 1122 1206 se
1136 1178 1300 1212 rcﬂectebat,
1313 1180 1509 1215 perverstigans
1523 1180 1648 1207 invidiam
1664 1189 1755 1208 eorum
1769 1184 1812 1217 qui
1825 1184 1881 1210 hzec

1094 1229 1279 1260 perpetrarant
1292 1225 1325 1252 ad
1338 1225 1523 1253 revincendam
1539 1226 1678 1261 Theophili
1693 1227 1837 1259 insaniam,
1855 1230 1879 1256 in

1093 1278 1126 1298 eo
1140 1271 1210 1305 quod
1227 1271 1263 1298 ob
1276 1278 1352 1298 sacra
1365 1279 1426 1299 vasa
1445 1271 1575 1298 Joannem
1591 1272 1699 1306 cjeeisse
1720 1280 1749 1299 se
1769 1275 1882 1301 commi-

1094 1315 1215 1343 niscitur.
1239 1317 1277 1343 Ac
1298 1317 1397 1344 nullius
1420 1317 1526 1352 quidem
1548 1318 1633 1345 anima
1650 1319 1727 1352 periit
1744 1319 1768 1345 in
1789 1320 1834 1346 tali
1852 1329 1882 1348 ac

1096 1366 1169 1389 tanto
1178 1361 1299 1394 tumultu,
1313 1370 1365 1389 non
1375 1362 1500 1394 hominis,
1514 1371 1565 1390 non
1577 1364 1716 1391 animantis
1734 1373 1738 1390 :
1752 1369 1881 1392 castorum

1093 1407 1186 1434 sordes
1201 1407 1236 1435 ibi
1251 1407 1363 1435 sceleste
1372 1409 1585 1435 conversantium
1601 1409 1666 1443 ignis
1681 1410 1777 1436 virtute
1787 1410 1882 1437 ablue-

1094 1452 1190 1479 bantur
1203 1453 1237 1480 ab
1251 1452 1315 1480 hora
1331 1458 1404 1481 sexta
1418 1453 1451 1481 ad
1464 1462 1560 1481 nonam
1572 1475 1580 1488 ,
1595 1455 1678 1482 tribus
1692 1455 1795 1483 diurnis
1808 1456 1883 1484 horis

1094 1498 1237 1525 multorum
1250 1506 1379 1526 annorum
1392 1507 1473 1534 opere
1486 1500 1584 1527 deleto.

1128 1543 1191 1571 CAP.
1214 1552 1296 1571 XL—
1310 1545 1384 1572 Duc.
1406 1545 1438 1573 Et
1452 1546 1507 1573 lucc
1520 1546 1581 1573 dum
1605 1546 1710 1580 ﬁerent,
1730 1545 1819 1580 Pater,
1836 1548 1884 1576 ubi

1093 1590 1199 1617 tandem
1226 1596 1283 1618 erat
1305 1591 1396 1619 beatus
1419 1592 1535 1619 Joannes
1557 1597 1602 1619 aut
1626 1593 1719 1628 reliqui
1743 1594 1883 1629 episcopi?

1093 1636 1182 1664 Ense.
1194 1636 1316 1671 Episcopi
1328 1637 1435 1672 quidem
1449 1638 1553 1672 reliqui,
1565 1638 1608 1665 alii
1623 1639 1716 1666 inclusi
1726 1639 1885 1667 detineban-

1094 1687 1145 1716 tur,
1161 1683 1205 1710 alii
1229 1683 1411 1716 trahebantur,
1434 1684 1479 1711 alii
1498 1689 1586 1712 autem
1607 1684 1778 1712 delituerant.
1798 1685 1885 1712 Porro

1092 1727 1209 1755 Joannes
1233 1735 1284 1754 una
1308 1735 1369 1755 cum
1389 1728 1501 1763 Cyriaco
1516 1733 1542 1755 et
1559 1729 1664 1764 Eulysio
1677 1729 1779 1756 vinctus
1797 1730 1823 1756 in
1838 1730 1885 1757 Bi-

1093 1772 1184 1808 thynia
1206 1772 1372 1800 detinebatur
1392 1781 1407 1799 a
1429 1773 1545 1808 praefecti
1562 1774 1698 1806 militibus,
1722 1775 1883 1809 supplicium

1093 1818 1275 1845 minitantibus
1286 1818 1321 1846 ob
1335 1818 1486 1846 incendium
1499 1819 1629 1846 ecclesim.
1646 1819 1740 1846 Postea
1754 1820 1884 1854 (Syriacus

1092 1869 1120 1892 et
1135 1864 1257 1899 Eulysius
1270 1872 1330 1892 cum
1343 1864 1451 1899 reliquis
1462 1864 1565 1892 clericis
1579 1865 1659 1892 vincti
1674 1865 1788 1897 adducti,
1801 1870 1884 1900 atque

1093 1909 1248 1937 innocentes
1260 1910 1431 1945 pronuntiati,
1454 1910 1556 1937 dimissi
1570 1915 1640 1937 sunt.
1661 1911 1772 1938 Sanctus
1792 1916 1883 1938 autem

1092 1956 1218 1989 Joannes,
1227 1956 1260 1983 ad
1273 1956 1401 1991 reliquam
1418 1956 1539 1984 fiduciam
1553 1964 1603 1992 qua
1617 1964 1722 1991 semper
1732 1962 1807 1984 antea
1818 1965 1884 1985 usus

1092 2002 1188 2035 fuerat,
1200 2002 1268 2029 hanc
1283 2010 1388 2036 qttoque
1403 2002 1521 2029 ultimam
1530 2002 1636 2036 adjecit,
1649 2002 1768 2029 scribens
1777 2002 1815 2029 eis
1825 2003 1886 2030 h:rc

1093 2047 1190 2075 verba:
1205 2047 1261 2075 Etsi
1277 2049 1304 2076 in
1317 2047 1376 2075 aliis
1396 2055 1449 2074 non
1471 2046 1580 2074 dedistis
1603 2047 1668 2074 mihi
1683 2047 1767 2074 locum
1789 2046 1887 2074 defen-

1093 2093 1185 2126 sionis,
1209 2094 1302 2120 saltem
1327 2093 1352 2120 in
1376 2092 1455 2120 rebus
1470 2092 1589 2120 ecclesia:
1610 2092 1712 2125 audiar,
1734 2100 1767 2119 an
1789 2099 1888 2120 aucti»r

1092 2139 1153 2171 sim,
1168 2143 1197 2166 ut
1209 2139 1307 2171 dicitis,
1322 2138 1379 2173 ejus
1390 2137 1514 2165 incendii.
1531 2138 1566 2164 Ita
1580 2145 1614 2164 ne
1628 2138 1654 2164 in
1669 2145 1701 2165 eo
1714 2138 1821 2172 quidem
1837 2146 1888 2165 au-

1093 2184 1173 2217 ditus,
1189 2189 1269 2211 noctu
1282 2183 1380 2218 diuque
1392 2191 1441 2219 per
1455 2183 1553 2210 milites
1565 2182 1671 2210 ducitur
1692 2183 1717 2209 in
1731 2183 1879 2210 desertissi

1093 2238 1166 2258 mum
1181 2230 1314 2258 Armeniae
1327 2229 1491 2264 oppidulum,
1502 2228 1622 2256 Cucusus
1638 2228 1663 2255 id
1678 2232 1727 2259 est.
1740 2228 1774 2254 ab
1786 2228 1888 2256 lsauris

1093 2277 1229 2310 obcssum,
1256 2280 1286 2303 ut
1312 2275 1499 2303 trucidaretur.
1527 2275 1652 2302 Arsacius
1674 2278 1774 2306 autem,
1802 2273 1883 2301 frater

1094 2322 1164 2350 beati
1179 2321 1304 2354 Nectarii,
1320 2321 1479 2348 substitutus
1494 2324 1536 2348 est
1549 2320 1574 2347 in
1593 2319 1679 2346 locum
1689 2318 1813 2351 Joannis,
1830 2327 1882 2346 ma-

1093 2368 1137 2403 gni
1151 2370 1286 2395 sacrorum
1300 2366 1461 2401 interpretis,
1478 2365 1557 2393 homo
1570 2365 1641 2400 pisce
1653 2364 1737 2399 magis
1748 2369 1847 2396 mutus,
1860 2370 1886 2392 et

1093 2420 1157 2440 rana
1182 2413 1263 2440 rebus
1285 2412 1396 2448 agendis
1410 2412 1497 2439 minus
1513 2411 1633 2438 idoneus.
1648 2411 1797 2445 Aliquando
1813 2411 1885 2438 enim

1093 2463 1120 2486 et
1139 2458 1209 2486 actio
1232 2459 1288 2493 ipsa
1312 2458 1438 2493 loquitur,
1462 2464 1522 2484 cum
1544 2456 1668 2491 suiipsius
1688 2463 1767 2483 causa
1783 2455 1885 2482 bonum

1093 2512 1159 2539 opus
1174 2503 1270 2531 factum
1284 2503 1372 2531 fuerit.
1390 2503 1436 2530 Ille
1450 2510 1509 2530 eum
1523 2502 1555 2529 ad
1566 2501 1765 2536 quatuordccim
1776 2508 1886 2527 menses

1092 2551 1174 2577 vitam
1188 2557 1262 2578 suam
1276 2549 1464 2585 protendisset,
1478 2552 1598 2574 mortuus
1610 2551 1662 2579 est,
1680 2547 1775 2573 violato
1793 2553 1844 2572 suo
1858 2547 1887 2573 in

1094 2596 1237 2632 Evangelia
1249 2595 1411 2631 iuramento.
1426 2594 1528 2629 Quippe
1543 2593 1617 2620 l'ratri
1631 2601 1680 2620 suo
1697 2592 1820 2620 Nectar-io
1843 2592 1889 2626 ju-

1093 2647 1209 2677 raverat,
1217 2643 1316 2670 nullius
1325 2649 1447 2677 umquam
1456 2641 1625 2676 episcopatus
1635 2639 1830 2667 ordinationem
1840 2638 1890 2665 ad-

1093 2690 1236 2717 missurum
1247 2696 1287 2720 se,
1301 2687 1407 2723 quando
1419 2686 1556 2714 Nectarius
1569 2684 1742 2720 exprobravit
1754 2683 1806 2718 ipsi
1815 2683 1888 2718 quod

1093 2736 1223 2764 noluisset
1242 2734 1367 2761 Tarsensi
1388 2733 1514 2760 Ecclesize
1537 2732 1646 2768 przetici,
1670 2730 1744 2765 quasi
1770 2735 1886 2757 mortem

1094 2782 1177 2817 ipsius
1191 2774 1379 2816 specularetur.
1397 2780 1458 2807 Fuit
1479 2787 1558 2806 causa
1575 2778 1680 2812 pcrjurii
1698 2776 1813 2810 primunt
1827 2776 1888 2810 qui-

1093 2828 1154 2855 dem
1174 2834 1239 2854 vana
1260 2826 1352 2861 gloria,
1370 2831 1476 2861 propter
1496 2832 1574 2860 quam
1596 2822 1736 2855 ambiebat,
1753 2826 1781 2849 ut
1793 2822 1829 2848 ita
1842 2821 1887 2850 di—
