4060 6196
250 343 322 403 ω
594 309 600 314 ’
1271 341 1356 395 οιῑ
1398 339 1559 395 wn
1601 340 1660 396 s.
1700 338 1851 396 JOA.‘

1953 339 1984 394 S
2024 333 2537 396 CHRYSOSTOMI.
3471 342 3545 398 56

257 457 509 533 βασιλέα.
542 455 722 517 06m;
755 455 1076 519 ἀποστεῦας
1104 454 1129 508 r‘.
1163 455 1412 526 βασιλεὺς
1444 454 1734 524 ἰιατρίκιον
1762 452 1854 505 τὸν

258 545 532 615 νοτάριον,
565 541 715 613 δηλοῖ
751 540 828 612 τῷ
875 541 1098 614 Ἰωάννῃ
1128 540 1254 594 τάδε
1275 557 1288 572 ·
1324 538 1391 593 υι
1425 539 1554 610 περὶ
1599 537 1850 591 Ἀκάκιον
1891 573 1908 601 _-

259 630 360 683 καὶ
411 626 677 696 ’Δηίοχον
717 625 813 678 καὶ
847 624 1182 696 Σευηριανὸν
1213 623 1306 678 καὶ
1351 623 1586 696 Κυρῖνον
1628 620 1688 673 τὸ
1715 619 1854 672 κατὰ

262 712 323 764 σε
359 713 531 782 κρῖμα
570 710 664 762 ἐπὶ
701 708 801 778 τὴν
829 707 1038 762 ἐαυτῶν
1070 707 1270 779 ἔθηκαν
1310 706 1580 776 κεφαλήν·
1616 703 1687 756 τά
1717 703 1855 757 κατά

262 796 458 848 σαυτὸν
492 790 586 847 οῦν
625 793 846 856 ἀναθεὶς
878 792 956 864 τῷ
993 793 1132 864 Θεῷ,
1159 793 1341 858 ἔξελθε
1371 792 1469 862 τῆς
1504 788 1851 858 Ἐκκλησίας.

260 878 414 932 οὕτω
436 876 713 932 κατελθὼν
738 878 767 930 6
805 877 1102 940 ἐπίσκοπος
1142 875 1396 947 Ἰωάννης
1421 877 1487 928 ἐκ
1505 872 1602 927 τοῦ
1628 876 1824 925 ἐπισκο
1840 905 1854 913 -

261 963 414 1015 πείου
463 963 562 1015 σὺν
597 964 712 1024 τοῖς
743 959 1097 1025 ἐπισκόποις,
1130 960 1267 1031 μετὰ
1307 960 1407 1031 τὴν
1447 957 1650 1029 τρανὴν
1692 956 1854 1026 φάσιν

261 1047 356 1098 καὶ
391 1045 838 1106 ἀνεπισκίαστον,
867 1043 1016 1112 λέγει
1049 1046 1184 1097 πᾶσι
1209 1059 1223 1074 ·
1245 1043 1430 1107 Δεῦτε,
1477 1039 1854 1112 προσευξάμε-

259 1144 339 1180 νοι
378 1126 767 1198 ωνταξὼμεθα
793 1126 873 1197 τῷ
897 1125 1118 1197 ἀγγέλῳ
1145 1127 1245 1197 τῆς
1285 1125 1644 1196 Ἐκκλησίαςο
1681 1139 1852 1194 γεγη-

260 1208 372 1274 θὼς
417 1212 517 1280 μέν
549 1211 636 1265 ἐπὶ
678 1210 758 1281 τῷ
804 1209 1130 1281 πράγματι,
1168 1209 1508 1280 λυπούμενος
1551 1207 1609 1260 δέ
1652 1208 1745 1261 ἐπὶ
1783 1210 1849 1278 τῇ

258 1292 354 1347 τοῦ
393 1292 524 1346 λαοῦ
569 1292 860 1364 κακουχίᾳ.
908 1293 1173 1363 Ἑξαυτῆς
1218 1293 1276 1347 δέ
1318 1309 1403 1356 τις
1437 1290 1694 1362 σημαίνει
1742 1290 1851 1344 τῶν

258 1375 528 1445 φιλοθέων
559 1376 834 1430 δυναστῶν
875 1375 952 1446 τῷ
1017 1376 1239 1449 Ἰωάννῃ
1264 1391 1278 1406 ο
1325 1373 1544 1446 Ἐπειδὴ
1590 1372 1848 1438 Λούκιος,

254 1460 635 1532 ίταμδςάνηρ
660 1461 754 1514 καλ⁸
777 1459 994 1531 ἀναιδὴς
1026 1462 1327 1530 προσώπῳ,
1366 1457 1584 1529 ἕτοιμός
1616 1459 1760 1512 ἐστιν
1792 1459 1850 1510 ἐν

255 1543 340 1614 τῷ
372 1543 620 1614 δημοσίῳ
642 1542 846 1615 λουτρῷ
884 1545 981 1597 σὺν
1010 1545 1124 1605 τοῖς
1153 1544 1248 1596 ὑπ’
1270 1542 1434 1595 αὑτὸν
1463 1539 1846 1612 στρατιώταις,

251 1627 430 1693 ὅπως,
465 1627 515 1679 εί
543 1627 861 1698 άντείπῃςῆ
897 1625 1196 1697 ἀναϐάλλῃ,
1234 1625 1330 1678 καὶ
1361 1625 1564 1680 ἀκοντά
1595 1639 1655 1676 σε
1686 1621 1850 1694 σῦραι

256 1712 355 1765 καὶ
381 1710 642 1775 ἐξεῶσαι·
670 1709 1116 1781 περικλονοῦνται
1138 1709 1194 1762 δὲ
1219 1711 1268 1762 οί
1295 1709 1458 1779 δῆμοι
1491 1708 1591 1778 τῆς
1618 1707 1847 1772 πόλεως·

259 1795 572 1849 σπούδασον
597 1793 828 1859 ἐξελθεῖν
849 1793 1174 1864 λεληθότως,
1207 1793 1296 1846 ἴνα
1324 1794 1396 1864 μή
1422 1809 1515 1846 σου
1549 1791 1850 1846 ἀντιποιού-

257 1896 427 1950 μενος
445 1881 477 1931 6
498 1879 643 1942 λαὸς,
674 1879 909 1949 πόλεμον
938 1878 1148 1949 συνάψῃ
1178 1877 1316 1948 μετά
1340 1876 1449 1930 τῶν
1475 1876 1845 1947 στρατιωτῶν.

253 1964 389 2018 Τότε
418 1965 450 2017 6
492 1964 742 2034 Ἰωάννης
774 1963 1156 2034 καταφιλήσας
1197 1960 1352 2026 τινάς
1377 1960 1488 2013 τῶν
1533 1961 1849 2014 ἐπισκόπων

257 2047 398 2119 μετά
443 2046 699 2118 δακρύων
742 2047 907 2115 (τοὺς
948 2045 1058 2116 γὰρ
1100 2044 1320 2108 λοιποὺς
1365 2043 1486 2097 οὐδὲ
1531 2043 1850 2112 καταφιλεῖν

257 2131 556 2204 συνεχώρει
578 2131 639 2182 τὸ
667 2128 906 2200 πάθος),
937 2128 1270 2193 συνετάξατο
1291 2127 1468 2196 λέγων
1497 2130 1614 2190 τοῖς
1641 2126 1849 2190 λοιποῖς

252 2215 400 2270 ἔνδον
442 2217 502 2268 ἐν
531 2213 611 2285 τῷ
643 2212 914 2285 ίερατείῳ·
964 2213 1204 2266 Μείνατε
1248 2211 1383 2274 τέως
1420 2207 1545 2273 ὦδε,
1575 2211 1662 2264 ῖνα
1690 2210 1851 2264 ἀπελ-

257 2300 362 2353 θὼν
399 2299 596 2374 μικρὸν
622 2297 820 2352 ἀνεθῶ.
864 2297 1136 2351 Εἰσελθὼν
1165 2296 1222 2349 δέ
1247 2297 1304 2348 ἐν
1337 2295 1416 2366 τῷ
1445 2294 1846 2374 βαπτιστηρίῳ,

253 2384 416 2437 καλεῖ
467 2373 565 2453 τὴν
606 2381 951 2452 Ὀλυμπιάδα
973 2420 988 2443 ,
1043 2378 1465 2434 ἀναπάλλακτον
1517 2373 1686 2431 οὖσαν
1748 2377 1848 2447 τῆς

267 2466 473 2538 Ἐκκλη
483 2466 598 2530 σίας
631 2465 726 2518 σὺν
753 2463 1020 2534 Πενταδίᾳ
1049 2464 1145 2517 καὶ
1168 2463 1386 2534 Πρόκλῃ
1410 2464 1532 2524 ταῖς
1556 2459 1844 2525 διακόνοις,

255 2553 348 2603 καὶ
369 2549 592 2620 Σιλσίνῃ
621 2551 688 2622 τῇ
731 2547 827 2601 τοῦ
859 2547 1131 2618 μακαρίου
1169 2545 1456 2617 Νεδριδίου
1496 2545 1735 2614 γυναικὶ,
1769 2542 1850 2596 εύ-

258 2638 486 2709 σχήμως
541 2635 829 2707 κοσμούσῃ
869 2635 968 2705 τὴν
1010 2635 1210 2705 ἑαυτῆς
1261 2632 1509 2705 χηρείαν,
1559 2632 1656 2686 καὶ
1700 2631 1849 2700 λέγει

255 2725 480 2785 αὑταῖς·
516 2719 685 2773 Δεῦτε
738 2713 875 2782 ὧδε,
909 2719 1210 2790 θυγατέρες
1235 2759 1248 2780 ,
1279 2716 1560 2775 ἀκούσατέ,
1600 2731 1728 2788 μου·
1768 2715 1850 2768 Τὰ

255 2807 375 2860 κατ’
410 2805 509 2869 ἐμὲ
537 2805 690 2868 τέλος
738 2803 883 2875 ἔχει,
930 2803 1006 2867 ὡς
1029 2804 1140 2875 ὁρῶ
1161 2819 1175 2833 ο
1203 2802 1294 2855 τὸν
1327 2801 1523 2872 δρόμον
1557 2817 1658 2870 μου
1696 2799 1850 2853 τετέο

255 2891 417 2950 λεκα,
467 2890 562 2942 καὶ
624 2889 755 2952 ἴσως
803 2890 987 2940 οὐκέτι
1033 2886 1232 2957 δέκεσθε
1281 2885 1342 2938 τὸ
1387 2884 1677 2956 πρόσωπόν
1722 2899 1847 2953 μου.

257 2974 429 3026 Τοῦτο
469 2974 525 3026 δέ
571 2976 720 3026 ἐστιν
758 2972 786 3024 ὃ
821 2971 1158 3044 παρακαλῶο
1191 2971 1265 3040 μή
1300 2987 1384 3032 τις
1413 2969 1564 3040 ὑμῶν
1599 2969 1847 3038 ἀνακοπῇ

253 3059 351 3130 τῆς
386 3057 659 3128 συνήθους
697 3056 908 3120 εὐνοίας
945 3055 1047 3125 τῆς
1077 3053 1205 3125 περὶ
1227 3052 1325 3123 τὴν
1365 3052 1690 3123 Ἐκκλησίαν
1706 3049 1852 3118 (καὶ

253 3142 310 3204 δς
323 3142 390 3194 ἂν
413 3141 569 3194 ἀκων
586 3140 725 3210 ἀχθῇ
744 3140 838 3192 ἐπὶ
860 3138 959 3210 τὴν
969 3138 1321 3210 χειροτονίαν,
1343 3137 1417 3208 μὴ
1435 3134 1850 3207 ἀμφιὸατεύσας

254 3225 313 3278 τὸ
355 3226 598 3294 πρᾶγμα
625 3263 640 3288 ,
678 3221 820 3275 κατά
856 3222 1160 3275 συναίνεσιν
1206 3219 1314 3273 τῶν
1353 3220 1590 3283 πάντων,
1633 3219 1851 3273 κλίνατε

254 3311 403 3381 αύτῷ
431 3311 538 3381 τὴν
567 3309 812 3380 κεφαλὴν
838 3309 992 3380 ὑμῶν
1019 3309 1096 3372 ὠς
1120 3308 1372 3379 Ἰωάννῃ·
1413 3307 1472 3358 ού
1500 3305 1720 3359 δύναται
1743 3305 1852 3377 γάρ

254 3399 287 3467 ἡ
326 3395 639 3464 Ἐκκλησία
667 3395 795 3448 ἀνευ
837 3394 1137 3447 ἐπισκόπου
1165 3390 1344 3474 εἶναι]
1360 3392 1469 3445 Καὶ
1496 3390 1668 3454 οὕτως
1699 3391 1853 3461 ἐλεη⁸

256 3479 378 3549 θῆτε
404 3497 417 3508 ·
471 3477 757 3549 μέμνησθέ
783 3494 885 3548 μου
915 3477 972 3530 ἐν
1001 3479 1124 3540 ταῖς
1154 3473 1484 3548 προσευχαῖς
1518 3473 1693 3546 ὑμῶν.
1725 3474 1854 3542 Συγ-

255 3565 507 3633 χυθείσαι
538 3563 598 3616 δέ
650 3563 912 3634 δάκρυσιν
955 3561 1328 3616 ἐκυλινδοῦντο
1367 3561 1495 3632 περὶ
1532 3559 1656 3622 τοὺς
1686 3559 1855 3624 πόδας

256 3649 439 3702 αὑτοῦ.
490 3648 626 3700 Τότε
662 3647 862 3710 νεύσας
905 3647 1014 3700 τινὶ
1057 3647 1166 3698 τῶν
1214 3645 1426 3716 σεμνῶν
1466 3642 1851 3714 πρεσϐυτέρων

257 3731 404 3799 λέγει
430 3745 447 3760 ·
505 3729 652 3783 Λάϐε
688 3730 893 3793 ταύτας
923 3727 1192 3790 ἐντεῦθεν,
1243 3729 1332 3782 ἵνα
1379 3726 1454 3798 μὴ
1498 3727 1624 3789 τοὺς
1661 3725 1853 3794 ὄχλους

255 3813 588 3885 ταράξωσιν.
620 3813 806 3878 Οῦτως
839 3809 933 3867 οὖν
972 3813 1168 3884 μικρδν
1195 3812 1634 3883 ἐμποδισθεῖται,
1666 3808 1852 3875 ἔδοξαν

256 3898 413 3968 αύτῷ
451 3901 772 3971 συγχωρεῖν.
802 3898 914 3950 Καὶ
944 3896 1117 3959 οὓτως
1148 3893 1371 3965 ἐξῆλθεν
1392 3895 1484 3947 ἐπὶ
1509 3893 1570 3946 τὸ
1599 3893 1762 3964 μέρος
1791 3890 1853 3942 τὸ

259 3981 584 4035 ἀνατολικὸν
609 3998 622 4010 ·
671 3982 824 4035 οὐδὲν
872 3982 981 4053 γὰρ
1023 3981 1155 4053 παρ’
1204 3977 1353 4046 αὐτῷ
1391 3978 1635 4032 δυτικόν·
1677 3975 1756 4046 τῷ
1794 3973 1852 4027 δὲ

259 4063 468 4134 δυτικῷ
510 4064 689 4135 μέρει,
716 4064 844 4118 ἔνθα
873 4067 901 4120 6
935 4065 1032 4134 τῆς
1061 4062 1358 4135 ἐκκλησίας
1399 4059 1602 4122 πυλὼν,
1632 4059 1693 4112 τὸ
1717 4059 1850 4111 ὑπο-

262 4147 473 4216 ζύγιον,
502 4150 560 4202 ἐν
675 4149 832 4202 είωθε
875 4147 1234 4212 καθέζεσθαι,
1281 4147 1386 4218 πρὸ
1426 4145 1527 4210 τῆς
1558 4144 1732 4214 πύλης
1762 4161 1853 4197 κε-

262 4233 459 4295 λεύσας
487 4233 684 4303 στῆναι
708 4235 787 4295 είς
809 4231 1193 4303 περισπασμδν
1221 4229 1326 4282 τῶν
1353 4228 1497 4282 λαῶν
1519 4227 1727 4281 ἐκεῖθεν
1756 4228 1853 4280 αύο

263 4318 353 4370 τον
412 4315 838 4389 προσδοκῶντων
875 4355 888 4380 ,
949 4313 1356 4381 συνεξελθόντος
1413 4313 1563 4383 αὐτῷ
1612 4313 1706 4366 καὶ
1757 4311 1851 4364 τοῦ

265 4400 521 4469 ἀγγέλου,
563 4399 639 4470 μὴ
671 4401 927 4470 φέροντος
952 4399 1050 4467 τὴν
1084 4397 1318 4470 ἐρημίαν
1351 4397 1453 4468 τῆς
1499 4395 1850 4468 Ἐκκλησίας,

264 4484 330 4553 ἢν
363 4483 529 4555 ἁρχαὶ
561 4483 796 4555 πονηραὶ
825 4483 918 4536 καὶ
943 4481 1180 4546 ἐξουσίαι
1209 4482 1556 4552 εἰργάσαντο,
1602 4479 1852 4552 καθάπερ

265 4567 649 4640 θεατῳνόμιον
672 4576 692 4596 ⁸
731 4565 1102 4631 ἀποδείξασαι.
1149 4565 1238 4628 Ὠς
1279 4565 1377 4636 μὲν
1411 4561 1517 4635 γάρ
1551 4565 1609 4616 ἐν
1639 4562 1853 4636 θεάτρῳ

264 4651 520 4722 κλωσμὸς
545 4647 633 4724 ἦν,
686 4651 1046 4722 συριττὸντων
1083 4648 1191 4702 τῶν
1223 4647 1436 4703 ἀσεδῶν
1467 4646 1562 4699 καὶ
1600 4663 1854 4716 καταμωο

264 4737 550 4804 κωμένων,
577 4735 791 4805 ἄμετρα
815 4733 1180 4805 διασυρόντων
1215 4731 1483 4786 Ἰουδαίων
1512 4747 1570 4782 τε
1605 4729 1700 4782 καὶ
1741 4730 1854 4783 Ἐλ-

260 4819 439 4890 λήνων
460 4835 473 4846 ⁸
507 4819 583 4882 ὡς
623 4818 680 4871 δὲ
709 4819 769 4870 ἐν
801 4819 990 4890 εἱρκτῇ
1011 4858 1026 4882 ,
1070 4816 1276 4887 πληγαὶ
1321 4817 1416 4871 και
1450 4815 1592 4870 κατά
1639 4813 1820 4884 σπλάγ

261 4922 407 4972 χνων
438 4903 737 4976 φερόμεναι
767 4903 992 4974 βάσανοι
1037 4902 1142 4956 ὑπὸ
1181 4901 1291 4954 τῶν
1323 4899 1700 4973 στρατιωτῶνο
1753 4917 1853 4952 κα-

260 4988 523 5052 τατάσεις
552 4987 608 5040 δέ
645 4989 740 5058 τῆς
771 4987 899 5058 ὅλης
938 4987 1220 5056 δυνάμεως
1266 4985 1364 5054 τῆς
1396 4985 1610 5056 ψυχῆς,
1657 4983 1745 5037 διά
1793 5001 1850 5036 τε

261 5072 366 5143 τὴν
403 5069 498 5126 τοῦ
545 5071 868 5126 διδασκάλου
919 5071 1230 5140 ἀφαίρεσιν,
1280 5069 1374 5123 καὶ
1404 5067 1492 5121 διὰ
1531 5067 1628 5138 τὴν
1669 5067 1748 5132 εἰς
1791 5067 1852 5119 τὸ

261 5155 420 5207 Θεῑον
455 5153 802 5226 βλασφημίαν
823 5170 837 5182 ·
882 5153 1011 5207 ἔνθα
1052 5155 1161 5226 γάρ
1190 5150 1606 5223 ἁμαρτημάτων
1636 5148 1850 5220 ἀφεσις,

260 5239 386 5291 ἐκεῖ
422 5239 671 5309 αἱμάτων
715 5238 935 5310 ἔκχυσις
966 5237 1198 5307 ἐγίνετο.
1244 5236 1399 5290 Μετά
1434 5234 1491 5288 δέ
1527 5234 1617 5288 τὸν
1646 5233 1853 5305 ἄφατον

263 5323 364 5375 καὶ
389 5322 825 5394 δυσερμήνευτον
868 5325 1076 5376 ἐκεῖνον
1117 5320 1328 5388 σκότον,
1374 5318 1507 5389 φλὸξ
1544 5318 1652 5373 ἀπὸ
1685 5319 1852 5390 μέσου

261 5406 360 5459 τοῦ
390 5407 603 5478 θρόνου,
638 5410 695 5461 ἐν
719 5399 960 5474 ᾧείὡθει
989 5409 1018 5460 6
1054 5405 1307 5476 Ἰωάννης
1334 5401 1681 5469 καθέζεσθαι,
1715 5401 1851 5456 καθ-

262 5493 412 5563 άπερ
452 5496 511 5546 ἐν
544 5493 696 5563 μέσῳ
751 5491 962 5562 σώματι
993 5490 1220 5561 κειμένη
1264 5487 1480 5561 καρδία,
1507 5490 1618 5552 τοῖς
1649 5488 1852 5550 λοιποῖς

259 5576 586 5646 ἐξηγεῖσθαι
634 5576 819 5648 μέλεσι
866 5575 937 5628 τά
991 5575 1086 5628 τοῦ
1137 5573 1341 5645 Κυρίου
1384 5572 1570 5641 λόγια,
1623 5572 1854 5641 φανεῖσα

261 5661 524 5730 ἐπεζήτει
553 5660 643 5714 τὸν
675 5660 958 5730 ὑποφήτην
991 5655 1086 5711 τοῦ
1134 5657 1323 5725 λόγον’
1358 5657 1417 5711 6v
1446 5657 1544 5726 ούχ
1587 5653 1851 5728 εὑροῦσα,

262 5745 638 5800 κατεδόσκετο
696 5745 796 5814 τὴν
854 5743 1180 5814 σκευωρίαν.
1233 5739 1601 5812 Δενδρωθεῖσα
1648 5737 1706 5793 δέ
1774 5739 1853 5801 είς

327 5885 358 5916 a
383 5869 591 5933 οσηιιειι
617 5867 820 5931 Bigolus
839 5867 1030 5930 θέατρον
1049 5865 1274 5927 ἀνομιῶν,
1297 5876 1394 5912 non
1419 5863 1559 5912 male.

598 5951 874 6011 Ριτιιοι..
920 5952 1034 6011 (in.
1088 5945 1334 6010 XLVII.

1760 5941 1826 5955 νδ..

1963 451 2094 521 ίὒᾲος
2141 449 2294 522 είρψε
2326 451 2414 505 διὰ
2443 451 2551 504 τῶν
2583 450 2822 507 ἁλύσεων
2853 452 2945 505 ἐπὶ
2977 452 3076 524 τὴν
3114 453 3334 522 στέγην⁹
3377 455 3549 527 Exte);

1962 535 2013 587 δέ
2045 535 2202 606 δίκην
2235 536 2332 606 τὴν
2379 536 2624 607 γαστέρα
2665 535 2935 604 φαγοῦσα,
2981 537 3072 589 ἐπὶ
3113 535 3280 589 νῶτον
3319 538 3547 607 ἐφέρετο

1954 619 2060 671 τῶν
2108 620 2375 690 δωμάτων
2423 620 2523 690 τῆς
2566 621 2902 691 ἐκκλησίας,
2933 620 3131 691 -μισθὸν
3181 621 3282 692 τῆς
3329 623 3546 688 ἀδικίας

1955 702 2143 776 ὥσπερ
2186 702 2285 775 τὴν
2327 704 2419 756 ἐπὶ
2462 703 2637 778 ταύτῃ
2667 703 2982 775 ὡρισμένην
3015 705 3172 775 δίκην
3201 706 3547 771 ἀποδιδόντος

1953 789 2110 853 Θεοῦ,
2141 792 2220 853 είς
2249 789 2626 862 σωφρονισμον
2652 790 2747 843 καὶ
2767 789 3048 844 νουθεσίαν
3076 790 3183 843 τῶν
3206 792 3307 844 ούκ
3327 791 3544 845 εἰδότων

1953 890 2016 941 γε
2040 873 2411 927 νουθετεῖσθαι
2433 875 2466 947 ἢ
2507 873 2596 926 διά
2620 875 2719 944 τῆς
2735 873 2910 942 ὂψεως
2934 874 3043 926 τῶν
3073 875 3326 928 τοιούτων
3356 875 3546 946 θεηλάο

1952 972 2063 1008 των
2095 957 2301 1012 κακῶν·
2337 959 2398 1010 ού
2433 958 2593 1029 μόνον
2621 959 2710 1021 δέ,
2751 957 2888 1010 ἀλλὰ
2917 957 3012 1010 καὶ
3047 961 3307 1028 μνημεῖον
3337 959 3543 1014 ὑπολεί-

1954 1037 2062 1106 ψας
2088 1041 2187 1110 τῆς
2213 1042 2412 1112 ἀγρίας
2445 1041 2687 1095 συνόδου.
2719 1042 2829 1094 Καὶ
2858 1041 2918 1093 ού
2947 1040 3262 1110 θαυμαστὸν
3286 1042 3416 1111 περὶ
3445 1043 3545 1111 τῆς

1953 1125 2254 1196 ἐκκλησίας
2277 1166 2292 1190 ,
2324 1128 2459 1180 ὅπου
2506 1144 2570 1194 γε
2619 1127 2714 1180 καὶ
2743 1125 2842 1197 τὴν
2874 1125 3219 1198 καλουμένην
3254 1125 3404 1197 παρά
3432 1129 3548 1192 τοῖς

1953 1209 2058 1274 ἔξω
2085 1212 2407 1282 σύγκλητον,
2442 1212 2550 1265 ἀπὸ
2593 1210 2804 1264 πολλῶν
2831 1211 3092 1281 βημάτων
3117 1210 3376 1282 κειμένην
3398 1211 3546 1265 ἀντι-

1955 1296 2058 1366 κρὺ
2089 1296 2189 1366 τῆς
2223 1295 2516 1367 ἐκκλησίας
2537 1297 2602 1347 ἐκ
2625 1293 2993 1366 μεσημϐρίας,
3023 1295 3298 1366 φρονίμως
3325 1295 3385 1348 τὸ
3411 1295 3544 1367 πῦρ,

1953 1376 2205 1450 καθάπερ
2239 1380 2485 1451 γέφυραν
2517 1378 2606 1432 τὸν
2650 1380 2908 1448 ἀγοραῖον
2933 1377 3104 1448 δῆμον
3138 1378 3229 1430 τὸν
3261 1377 3348 1431 διὰ
3376 1379 3545 1450 μέσου

1951 1461 2312 1534 διαπερᾶσαν,
2363 1462 2690 1534 ἐλυμήνατο,
2726 1462 2786 1514 ού
2838 1461 3104 1534 πρότερον
3159 1461 3220 1514 τὸ
3273 1461 3437 1534 μέρος
3484 1463 3546 1514 τὸ

1953 1544 2254 1616 πλησιάζον
2304 1549 2372 1616 τῇ
2408 1546 2693 1617 ἐκκλησίᾳ,
2739 1547 2824 1599 ἵνα
2861 1546 2935 1617 μὴ
2962 1545 3023 1598 τὸ
3056 1546 3229 1610 πάθος
3271 1549 3337 1617 τῇ
3376 1545 3545 1614 ἐγγύ-

1949 1646 2072 1700 τητι
2104 1631 2522 1703 ἐπιγράψωμεν,
2556 1631 2692 1684 ἀλλά
2733 1633 2793 1684 τὸ
2829 1633 2995 1702 μέρος
3031 1631 3091 1684 τὸ
3123 1631 3216 1684 ἐπὶ
3243 1633 3339 1704 τὴν
3373 1631 3545 1704 αὐλὴν

1949 1714 2057 1768 τῶν
2087 1715 2370 1786 βασιλέων,
2406 1716 2491 1768 ἵνα
2519 1716 2578 1768 τὺ
2608 1715 2790 1786 θαῦμα
2811 1715 2904 1768 τοῦ
2933 1715 3256 1787 πράγματος
3280 1717 3544 1788 θεήλατον

1950 1799 2278 1870 παραστήσῃ
2316 1799 2378 1851 τὸ
2429 1799 2693 1869 σόφισμα.
2731 1795 2840 1852 Ἦν
2872 1798 2982 1867 γὰρ
3020 1800 3148 1852 ἰδεῖν
3201 1800 3403 1870 μεταξὺ
3449 1800 3544 1854 δύο

1949 1883 2119 1955 ὁρέων
2149 1884 2390 1955 πυρίνων
2413 1885 2537 1948 τοὺς
2565 1881 2771 1955 δήμους
2801 1883 3056 1946 ἀϐλαϐῶς
3083 1883 3176 1936 ἐπὶ
3203 1885 3302 1946 τὰς
3329 1884 3543 1948 οίκείας

1951 1967 2138 2038 χρείας
2163 1967 2562 2038 διαπερῶντας.
2613 1965 2771 2020 υῦτω
2798 1965 2854 2019 δέ
2881 1965 3307 2037 περιπετόμενον
3339 1966 3400 2018 τὸ
3430 1965 3541 2038 πῦρ

1949 2053 2044 2104 καὶ
2072 2055 2337 2124 κυμαῖνον
2370 2051 2623 2123 καθάπερ
2654 2050 2898 2106 θάλασσα
2946 2050 3107 2122 βιαίῳ
3141 2051 3278 2121 νότῳ
3329 2049 3542 2122 ῥιπιζο-

1953 2135 2110 2206 μένη,
2153 2135 2342 2207 ῶσπερ
2370 2136 2476 2190 ὑπὸ
2506 2135 2810 2208 συνθήματι
2846 2133 3084 2206 βαδίζον,
3112 2133 3349 2204 ἀφειδῶς
3376 2134 3544 2187 ἀπτό-

1951 2235 2111 2286 μενον
2139 2217 2248 2270 τῶν
2277 2219 2460 2286 κύκλῳ
2489 2219 2778 2289 δωμάτων,
2816 2219 2975 2288 μόνου
3011 2217 3292 2289 ἐφρόντιζε
3325 2217 3419 2271 τοῦ
3459 2219 3542 2272 οίο

1949 2303 2163 2367 κίσκου,
2205 2297 2328 2372 ἐνῷ
2352 2303 2462 2357 τῶν
2499 2302 2660 2371 ίερῶν
2695 2301 2905 2356 σκευῶν
2938 2302 3196 2355 ἀπέκειτο
3215 2303 3276 2354 τὸ
3316 2301 3540 2369 πλῆθος,

1947 2388 2007 2439 οὐ
2042 2388 2132 2441 τὸν
2169 2387 2370 2459 χρυσὸν
2397 2386 2737 2459 αἰδούμενον,
2763 2388 2795 2457 ἢ
2831 2385 2929 2458 τὴν
2956 2385 3149 2458 λοιπὴν
3173 2386 3265 2438 τοῦ
3296 2385 3541 2458 ἀργύρου

1950 2470 2103 2542 ὓλην,
2133 2471 2249 2524 ἀλλ’
2293 2471 2382 2524 ἵνα
2417 2470 2492 2542 μὴ
2528 2473 2639 2534 τοῖς
2675 2471 3043 2538 συκοφάνταις
3076 2468 3262 2542 χώραν
3289 2469 3384 2522 τοῦ
3413 2469 3546 2540 ψεύ-

1948 2555 2072 2618 δους
2100 2554 2357 2628 παράσχῃ
2415 2553 2558 2608 κατά
2586 2553 2681 2607 τοῦ
2711 2553 2945 2617 δικαίου,
2989 2554 3064 2618 ὡς
3097 2552 3261 2606 αὑτοῦ
3293 2568 3545 2628 σφετεριο

1950 2625 2191 2710 σαμένου
2242 2625 2436 2692 τιτῶν
2484 2637 2805 2692 καλλίστων.
2856 2637 3014 2690 Οὕτω
3068 2637 3124 2690 δὲ
3179 2625 3545 2691 διακινοῦνγτδ

1949 2722 2062 2793 πῦρ
2089 2721 2430 2793 άνεχαίτιζεν
2475 2724 2554 2785 είς
2587 2721 2847 2784 τούπίσω,
2882 2721 2972 2774 τὸν
3011 2721 3204 2791 φθόνον
3243 2719 3544 2792 ἐξιχνιάζον

1947 2807 2058 2861 τῶν
2090 2808 2261 2861 ταῦτα
2287 2806 2628 2878 πραξάντων,
2665 2807 2745 2870 είς
2771 2805 2988 2876 ἔλεγχον
3013 2809 3113 2877 τῆς
3141 2806 3401 2876 Θεοφίλου
3436 2823 3544 2878 μα-

1950 2893 2089 2958 νίας,
2126 2893 2184 2956 ὃς
2223 2910 2325 2945 που
2372 2889 2776 2953 κατασκευάζει
2830 2890 2918 2943 διὰ
2952 2889 3020 2942 τά
3070 2890 3328 2960 κειμήλια
3379 2890 3543 2944 αὑτὸν

1951 2977 2364 3049 ἐκϐεδληκέναι.
2407 2977 2518 3029 Καὶ
2548 2973 2790 3046 ἀποϐολὴ
2827 2974 2926 3044 μὲν
2955 2973 3134 3045 ψυχῆς
3165 2975 3222 3026 ἐν
3264 2973 3544 3036 τοσούτοις

1950 3063 2127 3134 ὄχλοις
2155 3063 2260 3116 ὑπὸ
2295 3061 2464 3133 πυρὸς
2480 3059 2705 3131 ούδεμία
2732 3058 3046 3128 γεγένηται,
3077 3059 3137 3111 ού
3163 3057 3408 3127 λογικοῦ,
3441 3059 3544 3111 ούκ

1951 3147 2169 3216 ἀλόγουο
2207 3149 2234 3200 ό
2253 3146 2307 3199 δέ
2336 3146 2507 3217 ῥύπος
2537 3143 2643 3197 τῶν
2668 3141 2879 3212 ἐναγῶς
2919 3144 3098 3196 ἐκεῖσε
3133 3142 3544 3213 ἀναστρεφομέ-

1951 3248 2058 3284 νων
2090 3233 2156 3303 τῇ
2193 3228 2288 3284 τοῦ
2333 3229 2504 3302 πυρὸς
2547 3227 2887 3281 άπεπλύνετο
2928 3225 3177 3297 δυνάμει,
3233 3226 3340 3278 ἀπὸ
3379 3227 3546 3294 ἕκτης

1951 3315 2101 3387 ὧρας
2133 3316 2327 3388 μέχρις
2385 3314 2632 3383 ἑννάτης,
2694 3315 2750 3364 ἐν
2805 3313 2982 3386 τρισὶν
3031 3311 3201 3384 ὥραις
3255 3311 3548 3382 ἡμεριναῖς

1954 3399 2306 3468 πολυχρονίου
2338 3397 2501 3467 ἔργου
2537 3395 2952 3464 ἀφανισθέντος.

2025 3483 2182 3535 ΚΕΦ.
2216 3483 2318 3534 IA'.
2359 3513 2425 3523 -
2461 3480 2518 3532 ὐ
2565 3480 2746 3532 ΔΙΑΚ.
2787 3475 2939 3540 Εἶτα,
2981 3478 3182 3549 Πάτερ,
3214 3478 3419 3531 τούτων
3452 3477 3545 3531 οῦ·

1952 3583 2058 3630 τως
2090 3565 2419 3636 ἀνυομένων,
2465 3563 2566 3616 ποῦ
2597 3562 2865 3634 διέτριϐεν
2899 3562 2926 3614 6
2954 3563 3223 3632 μακάριος
3261 3561 3541 3630 Ἰωάννης,

1953 3651 1986 3721 ἢ
2022 3650 2069 3702 οί
2095 3648 2272 3701 λοιποὶ
2304 3648 2410 3700 τῶν
2443 3645 2796 3712 ἐπισκόπων;
2843 3645 2901 3698 '0
2935 3643 3187 3697 ’EHIXK.
3225 3639 3288 3697 Οἱ
3327 3645 3425 3715 μὲν
3446 3643 3550 3697 λοι-

1956 3735 2049 3788 ποὶ
2077 3733 2186 3786 τῶν
2219 3732 2554 3795 ἐπισκόπων,
2595 3731 2645 3784 οἱ
2679 3729 2778 3800 μὲν
2819 3728 3213 3787 συνεκλείοντο,
3257 3728 3306 3780 οί
3350 3727 3407 3779 δέ
3453 3727 3548 3782 καὶ

1954 3815 2234 3884 ἐσύροντο,
2273 3811 2422 3866 ἄλλοι
2459 3811 2515 3864 δὲ
2565 3811 2659 3864 καὶ
2693 3808 3028 3882 ἐκρύδησανο
3079 3808 3332 3876 Ἰωάννης
3360 3805 3416 3858 δέ
3447 3807 3548 3858 σὺν

1955 3896 2223 3970 Κυριακῷ
2244 3897 2338 3950 κοιλ⁸
2354 3894 2602 3965 Εύλυσίῳ
2635 3892 2784 3966 παρά
2807 3890 3156 3961 στρατιωτῶν
3173 3890 3266 3943 τοῦ
3305 3889 3547 3958 ἐπάρχου

1953 3982 2164 4050 δέσμιοι
2199 3983 2278 4045 είς
2330 3979 2582 4032 Βιθυνίαν
2629 3975 2964 4048 κατείχοντο,
3023 3974 3245 4027 κόλασιν
3295 3971 3545 4026 ἀπειλού⁹

1959 4083 2130 4136 μενοι,
2157 4065 2250 4118 ἐπὶ
2281 4065 2348 4134 τῇ
2384 4063 2658 4133 ἐμπρήσει
2708 4061 2807 4130 τῆς
2846 4058 3165 4130 ἐκκλησίας.
3197 4056 3464 4125 ’Ύστερον
3490 4053 3548 4111 δὲ

1953 4153 1982 4204 ὁ
2017 4151 2116 4221 μὲν
2156 4147 2432 4220 Κυριακδς
2469 4147 2561 4200 καὶ
2611 4144 2870 4207 Εύλύσιος
2904 4143 3117 4212 δέσμιοι
3147 4139 3405 4211 ἀχθέντες
3429 4139 3549 4210 ἅμα

1955 4235 2162 4297 λοιποῖς
2195 4235 2498 4305 κληρικοῖς,
2532 4230 2699 4285 ἀθῶοι
2736 4228 3142 4298 ἀποφανθέντες
3171 4223 3544 4299 ἀπελύθησανο

1953 4323 1982 4374 6
2018 4320 2075 4374 δέ
2109 4320 2262 4389 ἅγιος
2309 4316 2562 4387 Ἰωάννης
2594 4315 2729 4387 πρὸς
2769 4315 2889 4378 ταῖς
2938 4312 3153 4374 λοιπαῖς
3215 4309 3549 4381 παρρησίαις

1956 4403 2049 4458 καὶ
2083 4403 2286 4474 ταύτην
2308 4399 2627 4455 τελευταίαν
2654 4399 2839 4462 αύτοῖς
2888 4395 3229 4468 ἀπέστειλεν,
3267 4391 3454 4446 εἰπών·
3485 4391 3548 4450 Ei

1956 4488 2049 4540 καὶ
2080 4489 2138 4540 ἐν
2168 4489 2278 4550 τοῖς
2305 4484 2485 4547 ἄλλοις
2510 4484 2570 4536 οὐ
2594 4481 2864 4536 δεδώκατέ
2903 4497 2992 4550 μοι
3023 4479 3206 4549 χώραν
3229 4475 3547 4552 ἀπολογίας,

1956 4569 2056 4623 κᾶν
2095 4568 2224 4638 γοῦν
2250 4571 2327 4631 είς
2367 4567 2435 4620 τά
2459 4565 2598 4619 κατὰ
2627 4565 2724 4636 τὴν
2753 4562 3050 4632 ἐκκλησίαν
3087 4558 3361 4626 ἀκουσθῶ,
3403 4553 3456 4612 εἴ
3483 4575 3549 4628 γε

1954 4655 2147 4718 αἴτιος,
2185 4652 2260 4716 ῶς
2287 4668 2448 4721 φατε,
2473 4650 2672 4718 γέγονα
2701 4649 2798 4718 τῆς
2833 4646 3102 4709 καύσεως.
3135 4643 3292 4698 υῦτω
3331 4642 3452 4714 μηδ’
3492 4643 3550 4695 ἐν

1952 4735 2128 4806 τούτῳ
2161 4735 2466 4798 ἁκουσθεὶς,
2504 4730 2887 4804 πέμπεταιδιά
2922 4728 3272 4800 στρατιωτῶν
3307 4729 3387 4792 είς
3418 4726 3550 4800 ἐρη-

1958 4821 2196 4891 μοτάτην
2253 4819 2510 4889 πολίχνην
2570 4817 2664 4887 τῆς
2709 4813 3024 4887 Ἀρμενίας,
3062 4812 3276 4884 νύκτωρ
3309 4812 3404 4865 καὶ
3431 4808 3549 4881 μεθ’

1953 4905 2166 4976 ἡμέραν
2206 4900 2666 4974 πολιορκουμένην
2706 4899 2809 4952 ύπδ
2861 4897 2970 4951 τῶν
3023 4897 3318 4968 Ἰσαύρων,
3357 4893 3450 4952 ἐπὶ
3489 4895 3553 4945 τὸ

1956 4990 2247 5058 σφαγῆναγ
2282 4985 2594 5048 Κουκουσκ
2637 4983 2695 5038 δέ
2729 4985 2876 5036 ἐστιν
2914 4982 3072 5050 αῦτη.
3121 4980 3412 5054 Ἀρσάκιος
3437 4977 3492 5031 δέ
3524 4979 3552 5028 ὁ

1953 5073 2180 5142 ἀδελφὸς
2205 5071 2297 5126 τοῦ
2343 5069 2616 5142 μακαρίου
2668 5066 3000 5139 Νεκταρίου,
3057 5067 3412 5136 ἀντεισήγετο
3468 5060 3546 5129 τῷ

1952 5159 2104 5227 τόπῳ
2154 5154 2247 5210 τοῦ
2297 5155 2571 5215 Ἰωάννου,
2626 5151 2821 5222 ἀνδρὸς
2876 5149 3220 5222 ἱεροφάντου,
3263 5146 3549 5216 ἄνθρωπος

1957 5242 2136 5314 εὶ(θῦος
2165 5239 2525 5313 ἀφωνότερος,
2550 5238 2642 5293 καὶ
2675 5236 2945 5309 βατράχου
2968 5233 3364 5314 άπραγότερος.
3395 5228 3549 5314 ’.Εστι

1954 5307 2064 5398 γάρ
2101 5325 2188 5379 ὅτε
2217 5307 2314 5378 καί
2337 5307 2533 5395 πρδξις
2564 5320 2740 5386 λαλεῖ,
2775 5307 3013 5392 μάλιστα
3047 5318 3176 5371 ὅταν
3213 5314 3279 5366 δι’
3306 5309 3438 5398 alin}
3461 5307 3550 5375 γέ-

1954 5391 2113 5480 νηται
2146 5408 2208 5464 τὸ
2248 5391 2432 5464 καλόν.
2468 5405 2851 5478 Διακρατήσας
2876 5403 2933 5456 δέ
2965 5401 3027 5455 τὸ
3047 5400 3147 5471 ζῇν
3173 5391 3368 5452 ἑαυτοῦ
3391 5392 3551 5445 δεκα-

1955 5500 2230 5570 τέσσαρας
2268 5497 2463 5568 μῆνας,
2495 5495 2849 5566 ἀποθνήσκει,
2878 5491 2956 5553 είς
2978 5489 3046 5541 τά
3065 5482 3373 5553 Εύαγγέλια
3406 5497 3552 5570 παρ.

1955 5569 2225 5659 ορκήσας·
2260 5588 2394 5641 ὅπου
2446 5583 2630 5656 ῶμοσε
2686 5581 2765 5652 τῷ
2797 5574 3010 5646 ἀδελφῷ
3060 5569 3353 5642 Νεκταρίῳ
3383 5569 3549 5642 μηδέ-

1958 5693 2090 5730 ποτε
2149 5673 2537 5741 καταδέξεσθαι
2596 5666 2901 5736 ἐπισκοπῆς
2961 5659 3328 5736 χειροτονίαν,
3388 5659 3555 5731 ἡνίκα

1956 5766 2229 5823 ὠνείδισεν
2253 5765 2404 5834 αύτῷ
2455 5765 2530 5836 μὴ
2567 5756 2876 5831 βουληθέντι
2922 5752 3178 5823 γενέσθαι
3232 5751 3289 5802 ἐν
3326 5749 3552 5822 Ταρσῷ,

1959 5857 2036 5920 ὡς
2066 5854 2156 5908 τδν
2187 5851 2350 5910 αὑτοῦ
2380 5847 2834 5922 καιροσκοποῦντι
2879 5842 3133 5898 θάνατον.
3170 5837 3464 5908 Γεγένηται
3507 5837 3553 5893 δ’

3145 5928 3184 5986 6
