2758 4350
225 237 266 275 3?
873 227 928 265 DE
954 225 1058 264 VlTA
1085 225 1122 263 S.
1151 221 1340 262 JOANNIS
1366 221 1696 262 CHRYSOSTOMI.

225 321 318 355 eam,
333 309 466 358 nuptias
486 309 602 346 uxoris
623 307 739 346 fratris
758 307 832 352 sui;
866 305 994 344 deinde
1015 303 1128 352 pudor
1149 302 1268 340 incre~

225 373 396 420 pationum
417 371 479 419 ipsi
499 381 518 408 a
537 370 642 408 fratre
659 368 864 419 prophetice
885 367 1069 404 factarum.
1091 365 1181 402 Huic
1198 366 1269 401 Ar-

223 433 316 470 sacia
329 432 495 470 sufﬁcitur
511 432 649 469 Atticus
667 442 686 469 e
707 430 938 479 presbyteris,
957 429 1116 466 omnium
1135 427 1266 464 adver-

222 505 280 533 sus
309 495 475 532 Joannem
508 495 727 532 molitionem
761 492 907 530 artifex.
941 491 1107 538 Quicum
1129 489 1264 527 videret

221 557 391 594 neniinem
409 557 632 594 orientalium
651 557 898 605 episcoporum
917 565 1038 593 secum
1064 553 1264 591 communi-

217 629 309 662 care,
329 625 366 656 et
382 630 425 656 ne
443 620 596 658 civitatis
611 620 753 668 quidem
772 619 954 667 populum,
968 624 1112 666 propter
1127 627 1166 655 ea
1183 628 1262 663 quae

218 685 286 717 tant
307 679 438 718 nefarie
468 687 572 728 atque
602 682 728 729 injuste
759 682 794 718 in
827 681 1000 718 Joannem
1021 680 1066 717 ab
1087 680 1164 727 ipso
1183 685 1262 716 acta

219 747 312 777 erant
330 753 338 777 :
358 751 483 789 expers
496 753 574 780 cum
589 749 681 781 esset
695 753 872 780 sacrarum
888 743 1164 789 Scripturarmn,
1182 752 1263 789 per—

216 803 296 842 fecit
315 811 351 840 ut
369 806 603 852 imperialibus
633 806 811 853 rescriptis
829 812 1041 853 cogerentur
1061 805 1082 842 ii
1101 805 1160 853 qui
1179 815 1260 842 cum

216 866 291 912 ipso
321 876 390 903 non
415 869 734 906 communicabant.
756 868 978 914 Rcscriptum
999 873 1117 904 autem
1137 874 1260 904 contra

214 927 414 974 episcopos,
435 929 524 965 tales
553 929 666 965 minas
687 929 862 966 habebat:
881 928 922 965 Si
938 929 1012 976 quis
1031 929 1260 977 episcoporum

215 997 282 1024 non
298 991 518 1026 communicat
535 989 736 1038 Theophila,
761 989 964 1039 Porpliyrio,
983 997 1014 1027 et
1039 991 1162 1035 Attico,
1194 991 1261 1028 Ec-

213 1047 316 1085 clesia
333 1050 464 1094 quidem
482 1052 648 1098 ejiciatur,
667 1059 698 1088 et
711 1063 733 1088 a
749 1053 896 1100 propriis
913 1052 1129 1099 facultatibus
1143 1053 1262 1100 abiga-

213 1117 279 1146 tur.
303 1111 390 1148 lline
407 1112 463 1148 alii
485 1113 542 1159 qui
573 1113 744 1150 bonorum
773 1123 881 1151 onere
903 1115 1110 1162 prtegravati
1141 1123 1258 1160 erant,

212 1171 317 1208 etiam
337 1171 433 1208 inviti
450 1183 530 1210 cum
548 1174 624 1220 ipso
637 1175 891 1212 communicant
917 1187 926 1211 :
946 1176 1005 1213 alii
1025 1187 1111 1214 vero
1127 1187 1262 1225 paupe-

211 1231 323 1270 riores
341 1240 377 1270 et
394 1233 428 1272 in
448 1234 517 1272 ﬁde
541 1246 624 1272 sana
651 1237 876 1280 infirmiores.
899 1237 1072 1276 donorum
1090 1250 1260 1286 quorum-

209 1291 289 1329 datn
308 1294 615 1341 pollicitationibus
648 1297 692 1334 ad
721 1299 1006 1337 communionem
1032 1301 1260 1338 adduceban-

211 1359 290 1392 tur:
307 1355 366 1392 alii
385 1367 515 1402 genere
535 1364 569 1394 et
589 1360 874 1405 possessionibus
892 1367 928 1398 et
946 1363 1056 1409 patria
1077 1369 1113 1400 et
1135 1374 1261 1400 corru-

210 1416 322 1463 ptibili
338 1417 448 1464 gloria
467 1425 574 1465 atque
591 1430 779 1467 corporum
795 1423 980 1460 vexatione
999 1423 1144 1470 insuper
1159 1424 1260 1461 babi-

209 1478 264 1522 tis,
279 1478 384 1514 animi
401 1479 620 1518 nobilitatem
637 1481 718 1530 fuga
738 1485 996 1528 custodiebant,
1012 1487 1256 1534 evangeliCnm

207 1539 290 1578 illud
305 1541 339 1577 in
357 1543 526 1579 memoria
546 1543 732 1588 habentes,
754 1547 795 1582 Si
812 1558 869 1583 vos
886 1548 920 1583 in
951 1549 1014 1584 hac
1032 1549 1164 1586 ciuitate
1183 1562 1261 1596 per-

204 1611 397 1648 sequantur,
419 1606 525 1653 fugite
553 1607 588 1643 in
618 1609 721 1644 aliam
751 1609 891 1658 (Matth.
925 1612 983 1648 10.
1013 1612 1154 1661 25):et
1171 1614 1256 1652 illud

205 1663 473 1703 Proverbiormn
489 1668 553 1706 sibi
573 1668 744 1715 dicentes,
764 1670 844 1708 Non
864 1673 1047 1720 proderunt
1065 1674 1260 1714 substantia

203 1725 237 1762 in
254 1726 308 1762 die
324 1727 384 1763 irin
404 1728 524 1774 (Prov.
543 1731 598 1767 ll.
615 1729 666 1780 4).
687 1731 839 1770 Profecti
857 1734 914 1770 alii
929 1735 1070 1782 quidem
1090 1736 1254 1784 Romam,

203 1787 258 1824 alii
280 1788 322 1826 ad
345 1798 498 1836 montes,
529 1793 586 1830 alii
611 1799 728 1831 autem
751 1795 784 1832 in
803 1803 1002 1834 ascetarum
1021 1801 1252 1847 monasteria,

203 1859 222 1884 a
235 1849 372 1889 Judaica
389 1853 572 1900 iniquitate
587 1857 831 1895 servabantur.
851 1859 1012 1898 Edictum
1028 1873 1112 1900 vero
1126 1863 1255 1902 adver-n

204 1920 260 1947 sus
279 1911 383 1950 laicos
414 1915 490 1952 lucc
519 1919 742 1956 continebat:
765 1919 833 1965 Qui
851 1922 886 1958 in
904 1921 1122 1970 dignitatibus
1143 1934 1252 1964 essent

207 1975 379 2019 constituti,
401 1987 461 2012 suo
490 1978 616 2016 honore
647 1988 677 2016 et
705 1982 870 2031 dignitate
889 1985 1098 2030 excederent,
1129 1989 1252 2026 milites

205 2034 364 2082 cingulum
381 2039 568 2076 amitterent
581 2043 735 2088 .‘Tt’llﬂfl
765 2045 856 2091 plebs
875 2053 974 2094 atque
1001 2048 1138 2095 opiﬁces
1157 2051 1253 2095 gravi

205 2096 274 2132 auri
291 2100 434 2144 pondere
451 2103 596 2148 multati,
617 2105 828 2148 subiacerent
856 2108 988 2144 exsilio.
1017 2108 1193 2146 Caeterum
1213 2117 1252 2149 et

203 2156 273 2195 lucc
298 2160 445 2208 flebant;
465 2169 501 2201 et
529 2175 653 2212 preces
669 2177 689 2204 a
711 2168 812 2205 bonis
831 2175 867 2206 et
887 2170 1007 2216 probis
1024 2182 1150 2219 magna
1169 2183 1250 2210 cum

201 2219 419 2261 afflictatione
437 2226 504 2264 sub
521 2227 580 2264 dio
599 2230 872 2276 peragebantur,
893 2241 912 2267 a
931 2242 1031 2270 more
1050 2233 1250 2274 Servatoris

201 2284 255 2330 qui
273 2285 370 2331 dixit,
389 2287 464 2336 Ego
483 2301 559 2326 sunt
576 2291 630 2326 via
649 2298 680 2328 et
701 2293 844 2338 veritas;
863 2300 898 2331 ct
917 2305 1050 2340 l'lll'SlIS,
1069 2296 1252 2346 Conﬁditr:

199 2357 255 2394 ego
286 2349 346 2386 uici
375 2351 536 2388 mundum
557 2351 676 2401 (Joan.
695 2355 754 2392 M.
773 2355 809 2394 6.
829 2363 859 2392 et
883 2356 938 2394 l6.
957 2359 1034 2406 35).
1055 2362 1106 2398 Ae
1126 2362 1252 2401 beatus

199 2409 333 2456 quidem
351 2411 504 2452 Joannes
523 2415 651 2454 Cuensi
671 2423 832 2455 moratus
847 2429 978 2456 annum
999 2432 1122 2467 unum,
1143 2424 1253 2470 pluri-

200 2480 272 2508 mos
297 2476 470 2512 Armenia:
493 2487 667 2524 pauperes
689 2480 796 2526 pavit,
826 2491 895 2516 non
917 2487 988 2518 tam
1021 2493 1125 2530 pane,
1145 2496 1250 2533 quam

198 2531 325 2569 verbo:
345 2534 517 2574 invaserat
537 2540 631 2576 enim
657 2551 721 2588 per
753 2541 786 2578 id
815 2547 956 2590 tempus
990 2555 1117 2592 magna
1139 2547 1252 2585 fanics

199 2594 373 2640 regionem
401 2598 508 2636 illam.
529 2601 616 2639 Cum
643 2609 761 2641 autem
782 2611 818 2642 et
837 2605 884 2643 ob
903 2607 937 2644 id
960 2607 1026 2655 ipsi
1051 2608 1252 2648 inviderent

199 2651 248 2688 illi
280 2653 476 2704 fratricidte,
505 2661 709 2702 Arabissum
743 2676 824 2704 eum
861 2668 1102 2714 transferunt,
1141 2673 1250 2710 variis

199 2715 440 2754 vexationibus
465 2721 702 2768 subjicientes,
722 2733 762 2763 ut
779 2729 884 2766 vitam
905 2731 1048 2768 tandem
1068 2733 1251 2782 relinque-

197 2779 264 2812 ret.
285 2775 328 2814 Et
347 2777 418 2816 illic
437 2791 557 2819 rursus
575 2794 644 2821 non
671 2787 898 2828 mediocriter
915 2792 1106 2832 virtutibus
1126 2796 1248 2842 Splen-

198 2837 344 2878 desct-ns
357 2840 442 2889 (non
464 2850 577 2889 potest
588 2847 682 2884 enim
699 2849 821 2888 civit-ts
837 2852 1004 2892 abscondi
1025 2866 1132 2904 supra
1146 2868 1249 2896 mou-

199 2904 264 2937 tem
279 2904 405 2949 posita,
419 2915 533 2954 neque
548 2908 690 2947 lucerna
708 2912 892 2958 splendide
905 2917 1023 2956 lucens
1036 2920 1154 2968 ligneo
1169 2932 1248 2958 meo

199 2961 252 2999 dio
267 2967 418 3014 contegi)
435 2969 619 3015 excitavit,
639 2972 746 3010 veluti
764 2985 807 3014 ex
825 2976 1030 3024 ignorantia:
1044 2961 1188 3028 somno,
1201 2984 1244 3022 ad

199 3027 362 3063 sermonis
381 3028 488 3068 divini
507 3031 620 3070 lucem
640 3045 682 3072 ex
703 3037 798 3075 omni
819 3039 932 3077 vicina
950 3043 1096 3090 regione
1110 3055 1174 3082 eos
1183 3046 1245 3094 qui

199 3086 286 3129 gravi
305 3086 520 3131 inﬁdelitatis
536 3103 664 3142 sopore
687 3101 846 3146 oppressi
865 3108 980 3140 erant.
992 3086 1118 3144 'Porro
1137 3086 1247 3146 rebe-

200 3147 342 3185 mentius
369 3149 508 3190 invidiae
536 3154 678 3196 ﬂamma
703 3162 842 3200 accensi
868 3165 1082 3205 Severianus
1101 3175 1138 3206 et
1157 3169 1247 3208 Por-

202 3204 339 3256 phyrius
355 3221 394 3250 ac
409 3215 550 3262 quidam
576 3219 636 3257 alii
654 3222 809 3274 episcopi
831 3225 958 3275 Syrizr,
984 3235 1023 3266 ut
1048 3204 1135 3276 ipse
1149 3204 1246 3272 illine

201 3277 334 3320 Quoque
358 3278 618 3328 transferretur,
649 3287 846 3327 moliuntur
865 3301 873 3325 :
895 3300 976 3328 nam
1011 3295 1130 3342 gravis
1159 3297 1244 3346 ipsis

198 3338 270 3402 erat
283 3343 350 3372 non
367 3339 476 3378 solum
497 3343 530 3379 in
553 3349 732 3396 prosperis
747 3361 828 3399 qua:
849 3338 1156 3402 putantur'rebus,
1171 3338 1244 3398 sed

199 3393 306 3432 multo
321 3401 428 3448 magis
447 3403 480 3442 in
499 3393 669 3448 adversis.
692 3393 906 3461 lgnorabant
923 3418 1059 3457 scilicet
1078 3393 1245 3460 tralatio-

198 3465 462 3530 ttutunpaturam,
479 3479 592 3518 neque
606 3475 842 3514 meminerant
857 3477 968 3517 divini
983 3479 1027 3518 ad
1041 3484 1242 3530 apostolum

199 3518 229 3554 in
239 3521 491 3590 afﬂictionibus
503 3535 635 3574 oraculi
651 3550 659 3574 :
677 3536 810 3587 Sufﬁcit
823 3541 882 3577 tibi
899 3543 1010 3590 gratia
1023 3518 1120 3590 mia;
1139 3547 1244 3584 uirtus

197 3581 278 3654 ςηεηι
295 3596 366 3654 nisi.
380 3589 413 3654 si.
427 3591 620 3639 inﬁrmitate
633 3581 806 3647 perﬁcitur
817 3601 856 3652 (ε
871 3581 949 3639 ὧν.
963 3604 1020 3641 ts.
1039 3604 1092 3654 9).
1107 3581 1244 3646 'viitéii;

199 3647 248 3680 les
271 3648 364 3686 enim
383 3652 638 3697 Antiochenam
664 3647 864 3700 Ecclesiam
885 3664 921 3701 in
950 3647 1157 3706 Armeniam
1179 3671 1246 3708 mi-

197 3711 321 3772 φιξρ,
333 3718 368 3748 et
381 3713 478 3754 illinc
487 3729 611 3758 rursus
621 3723 1122 3772 Antiocliitejucundissimam
1137 3729 1246 3768 Joan-

199 3765 504 3824 ηῖένιὶίὶοθοῃιιίειιιι
517 3784 717 3831 praedicari,
729 3765 903 3834 optabant
913 3789 968 3826 vel
982 3789 1090 3828 vitam

199 3835 292 3902 Poro,
311 3833 364 3872 liis
380 3844 636 3884 narrationibus
653 3849 762 3886 veluti
780 3849 901 3898 flagris
915 3852 1020 3890 terti:
1041 3853 1243 3902 huiusmodi

198 3887 286 3929 cnim
309 3902 360 3934 est
378 3899 546 3943 bonorum
573 3907 686 3948 hostis
705 3887 858 3948 invidial:
881 3911 973 3951 adeo
993 3921 1028 3952 ut
1044 3887 1164 3954 clerici
1182 3917 1242 3966 qui

2379 229 2426 267 $8

1347 309 1411 338 eos
1422 299 1679 346 sequebantur,
1696 311 1776 338 cum
1791 302 1824 338 id
1837 304 2012 350 viderent,
2024 306 2226 344 mirabundi
2237 305 2399 347 dicerem
2412 322 2420 346 :

1345 360 1470 398 Videte
1488 368 1668 398 mortuum
1689 363 1901 411 terribilem,
1922 368 2023 406 vivos
2039 369 2265 420 victoresque
2283 376 2423 410 terrena

1343 429 1428 468 tem,
1458 429 1495 460 ut
1510 433 1642 470 pueros
1663 431 1799 463 terrent
1819 427 1942 466 larvtc.
1964 431 2092 479 Papae!
2114 433 2137 470 ii
2157 433 2219 482 qui
2239 435 2423 473 Steculari-

1343 484 1408 520 bus
1427 485 1664 532 potestatibus
1690 493 1798 534 atque
1815 489 2074 530 ecclesiasticis
2092 496 2221 542 Opibus
2247 497 2420 536 succincti

1338 551 1423 583 sunt
1441 557 1522 584 eum
1547 555 1726 596 potestate
1745 557 1781 586 et
1811 561 1892 588 cum
1921 563 2040 590 rerum
2061 555 2228 605 imperio,
2251 560 2420 596 sacerdo-

1341 613 1427 652 tem,
1449 608 1578 652 solum,
1612 617 1810 656 extorrem,
1843 622 1998 659 corpore
2027 617 2223 663 inlirmmn,
2256 621 2420 659 exsulem

1340 668 1467 706 timent
1487 676 1523 708 et
1539 671 1673 718 pallent
1701 673 1909 712 titubantes.
1936 674 2026 712 Cum
2051 677 2159 724 igitur
2178 691 2249 718 non
2272 693 2422 729 possent

1336 738 1490 785 amplius
1511 745 1717 786 serpentem
1739 750 1821 776 casa
1842 741 2024 779 conditmn
2041 744 2213 790 retinere,
2235 746 2422 788 mittentes

1335 799 1379 836 ad
1398 799 1629 846 Comitatum,
1651 813 1776 840 rursus
1797 804 2010 852 rescriptum
2027 807 2144 844 acrius
2156 809 2321 848 obtinent
2335 822 2418 850 cum

1338 861 1470 898 mulcta
1485 875 1494 899 :
1512 863 1606 900 intra
1627 864 1736 902 breve
1757 871 1898 913 tempus
1928 873 1966 904 ut
1985 869 2243 908 transferretur
2269 873 2421 922 Pityun-

1337 931 1422 969 tem,
1453 926 1571 964 locum
1603 929 1760 976 regionis
1795 929 1998 968 Tzanorum
2031 932 2341 982 descrtissimnm,
2372 940 2417 976 ad

1334 987 1418 1025 litus
1437 989 1573 1027 Pontici
1594 993 1703 1028 miris
1723 993 1845 1030 situm.
1867 993 1998 1032 Milites
2015 1001 2136 1033 autem
2151 998 2308 1044 praefecti
2323 1010 2418 1048 prae-

1336 1051 1426 1088 torio
1446 1053 1505 1098 qui
1527 1064 1608 1090 cum
1629 1053 1823 1100 ducebant,
1843 1065 1907 1102 per
1925 1057 2016 1094 viam
2035 1069 2118 1095 cuin
2135 1061 2291 1098 maxime
2311 1073 2418 1110 urge-

1333 1113 1434 1156 bant,
1455 1114 1615 1152 dicentes
1637 1117 1671 1152 id
1693 1116 1828 1156 habere
1841 1125 1886 1156 ‘se
1903 1119 1938 1156 in
1955 1121 2154 1167 mandatis;
2172 1129 2370 1172 tamquam,
2383 1127 2413 1163 si

1335 1181 1498 1212 mortuus
1515 1183 1613 1213 esset
1629 1178 1665 1214 in
1679 1179 1822 1224 itinere,
1842 1181 1885 1217 ad
1905 1182 2059 1228 majOres
2073 1185 2206 1231 gradus
2219 1187 2413 1226 eVebendi.

1337 1235 1382 1272 Et
1401 1247 1493 1275 unus
1511 1240 1652 1286 quidem
1673 1252 1716 1279 ex
1737 1243 1781 1279 iis
1795 1244 1841 1280 de
1858 1247 2027 1292 praesenti
2055 1249 2179 1286 tnilitia
2201 1251 2321 1290 minus
2340 1255 2412 1292 so!-

1335 1299 1480 1344 licitns,
1519 1305 1683 1342 nonnihil
1717 1306 1950 1346 humanitatis
1983 1311 2250 1356 quodammodo
2289 1317 2410 1356 furtim

1333 1363 1570 1402 ostendebat:
1587 1367 1681 1404 alter
1705 1375 1825 1406 autem
1845 1380 1959 1418 usque
1977 1371 2068 1410 adeo
2086 1375 2243 1412 crudelis
2259 1385 2337 1416 erat
2353 1386 2414 1416 at~

1333 1434 1404 1472 que
1422 1433 1540 1471 atrox,
1561 1434 1598 1464 ut
1621 1428 1810 1468 blanditias
1823 1442 1904 1480 quae
1923 1433 1991 1471 sibi
2006 1434 2052 1471 ab
2063 1439 2340 1478 occurrentibus
2351 1441 2416 1478 llo-

1332 1487 1432 1533 baut,
1449 1496 1485 1526 ut
1497 1498 1622 1528 sancto
1639 1501 1815 1540 parceret,
1831 1495 1979 1542 injurias
1989 1505 2184 1546 reputaret,
2197 1501 2284 1538 illttd
2300 1515 2410 1542 unum

1333 1561 1461 1588 curans
1477 1559 1516 1589 ut
1532 1554 1623 1592 mala
1645 1563 1760 1594 morte
1774 1557 1930 1597 Joannes
1951 1569 2176 1600 enecaretur.
2197 1564 2286 1602 Cum
2311 1568 2409 1604 enim

1334 1611 1449 1650 imber
1467 1621 1564 1652 esset
1581 1617 1788 1662 vehemens,
1815 1621 1902 1658 nihil
1917 1633 2047 1660 curans
2065 1625 2330 1674 egrediebatur,
2361 1631 2408 1667 ita

1333 1681 1370 1711 ut
1387 1679 1420 1712 et
1443 1687 1506 1723 per
1523 1678 1667 1716 dorsum
1687 1689 1722 1718 et
1743 1693 1808 1729 per
1825 1691 1948 1730 pectus
1974 1695 2148 1734 aquarum
2180 1691 2247 1728 rivi
2278 1693 2408 1732 decur~

1331 1745 1464 1775 rercnt.
1489 1740 1674 1788 Ingentem
1695 1755 1818 1784 rursus
1835 1747 1923 1785 solis
1939 1757 2066 1787 aestum
2092 1762 2158 1799 pro
2183 1753 2323 1793 deliciis
2341 1757 2406 1793 ὴμ-

1329 1799 1447 1844 behat.
1472 1813 1552 1840 cum
1575 1814 1695 1844 nosset
1713 1819 1757 1846 co
1775 1809 1870 1848 beati
1891 1811 2042 1850 Joannis
2061 1821 2182 1862 caput,
2207 1817 2330 1856 Eliszei
2350 1820 2406 1858 in—

1325 1871 1401 1902 star
1414 1866 1570 1913 calvum,
1591 1872 1728 1910 vexari.
1761 1873 1939 1912 Cri-terum
1961 1876 1996 1913 in
2028 1879 2115 1916 urbe
2143 1885 2206 1918 aut
2237 1882 2316 1920 vico
2343 1884 2402 1920 ubi

1325 1928 1534 1968 balneorum
1553 1933 1719 1970 solatium
1739 1943 1829 1980 erat,
1847 1948 1893 1974 ne
1908 1947 2092 1978 tnomento
2113 1943 2259 1989 quidem
2277 1945 2401 1984 infelix

1325 1991 1386 2028 ille
1405 1994 1634 2039 permittebat
1653 2004 1814 2035 sanctum
1843 2002 1992 2038 morari.
2026 2002 2062 2039 In
2084 2004 2140 2042 bis
2167 2008 2336 2046 omnibus
2357 2012 2402 2047 ad

1325 2063 1467 2092 menses
1489 2061 1562 2093 tres
1579 2057 1830 2098 difﬁcillimum
1862 2062 1948 2100 illud
1983 2065 2051 2102 iter
2075 2065 2210 2106 faciens
2239 2077 2400 2116 sanctus,

1325 2116 1434 2153 veluti
1463 2118 1564 2155 sidus
1595 2131 1790 2160 coruscans
1813 2127 2011 2173 perstabat,
2035 2128 2172 2167 habens
2199 2142 2400 2180 corpuscu-

1325 2177 1396 2214 lum
1419 2186 1456 2216 ut
1477 2192 1620 2227 pomum
1640 2183 1675 2220 in
1697 2188 1874 2233 supremis
1892 2191 2002 2227 ramis
2016 2201 2034 2228 a
2051 2192 2126 2230 sole
2141 2194 2288 2234 rubens.
2308 2197 2398 2235 Cum

1324 2247 1444 2278 autem
1465 2241 1634 2282 Contanis
1669 2249 2032 2299 appmpinquassent,
2065 2257 2186 2302 pontis
2216 2258 2328 2297 instar
2357 2272 2399 2298 ca

1327 2307 1585 2351 prmtergressi,
1607 2315 1708 2346 extra
1729 2320 1852 2348 muros
1883 2316 1920 2350 in
1948 2317 2121 2365 martyrio
2149 2321 2308 2369 quinque
2336 2332 2399 2360 aut

1325 2370 1389 2398 sex
1409 2363 1566 2402 millibus
1577 2367 1704 2406 dissito
1717 2380 1941 2410 manserunt.
1963 2363 2098 2414 Eadem
2119 2363 2193 2426 ipsa
2213 2363 2319 2420 nocte
2335 2395 2400 2432 ap-

1325 2424 1444 2468 paruit
1473 2426 1508 2462 ei
1539 2425 1609 2464 loci
1639 2429 1734 2466 illius
1754 2439 1904 2480 martyr,
1936 2437 2082 2474 nomine
2113 2424 2320 2488 Basiliscus,
2337 2424 2399 2492 qui

1310 2483 1516 2531 'cpiscopus
1534 2485 1776 2526 Cumanorum
1798 2501 1879 2528 cum
1898 2503 2008 2540 esset,
2041 2501 2252 2548 martyrium
2273 2483 2400 2551 passus

1325 2553 1380 2584 est
1399 2547 1614 2588 Nicomedia:
1633 2552 1668 2589 in
1689 2553 1855 2603 Bithynia
1886 2559 1954 2594 sub
1981 2547 2190 2609 Maximino,
2227 2577 2296 2604 una
2315 2580 2399 2607 cum

1323 2609 1482 2648 Luciano
1499 2615 1712 2664 presbytero
1724 2618 1962 2666 Antiocheam,
1975 2623 2100 2662 dicens
2115 2627 2249 2666 :Macte
2261 2631 2397 2677 animo,

1324 2671 1436 2710 frater
1457 2673 1640 2714 Joannes:
1661 2680 1817 2717 crastina
1837 2683 1932 2720 enim
1953 2683 2012 2724 die
2035 2697 2105 2724 una
2133 2689 2282 2728 erimus.
2304 2693 2402 2732 Prm-

1323 2733 1466 2772 dixcrat
1483 2747 1641 2786 quoque,
1664 2746 1702 2776 ιη
1721 2744 1834 2788 aiunt,
1857 2749 1892 2781 et
1913 2745 1961 2782 ibi
1995 2752 2222 2794 permanenti
2251 2757 2402 2805 presby-

1323 2807 1425 2835 tero:
1442 2798 1532 2837 l’ara
1551 2801 1668 2839 locum
1699 2803 1800 2842 fratri
1829 2806 1980 2854 Joanni;
2000 2810 2096 2848 venit
2114 2813 2225 2850 enim.
2245 2798 2401 2858 Oracttlo

1322 2861 1437 2900 fidens
1453 2863 1630 2910 Joannes,
1647 2869 1810 2916 sequenti
1831 2869 1890 2908 die
1917 2872 2034 2910 oravit
2061 2875 2194 2914 milites
2212 2885 2250 2916 ut
2269 2880 2313 2918 ad
2335 2881 2402 2918 bo-

1320 2935 1397 2962 ram
1417 2927 1577 2974 quintam
1598 2939 1710 2978 usque
1730 2931 1777 2968 ibi
1793 2941 2060 2980 permanerent.
2078 2936 2130 2975 illi
2149 2950 2236 2978 vero
2253 2954 2324 2982 non
2335 2955 2400 2982 an-

1319 2987 1404 3026 ditis
1414 2988 1492 3037 ejus
1509 2992 1690 3038 precibus,
1705 2993 1789 3033 inde
1799 2995 2071 3038 abscesserunt:
2085 3001 2259 3042 confectis
2275 3000 2400 3046 autem

1319 3051 1463 3089 circiter
1495 3053 1638 3100 triginta
1666 3055 1807 3102 stadiis,
1836 3068 1964 3097 rursus
1983 3061 2028 3098 ad
2058 3065 2269 3114 martyrium
2303 3071 2399 3108 unde

1318 3110 1560 3152 discesserant
1574 3116 1772 3163 redierunt,
1789 3129 1870 3156 cum
1885 3122 2044 3168 graviter
2057 3124 2118 3163 ille
2135 3110 2216 3166 sese
2234 3128 2398 3170 haberet.

1319 3172 1380 3212 Sic
1401 3175 1508 3222 igitur
1526 3187 1708 3224 reversus,
1727 3180 1901 3220 candidas
1915 3191 2050 3231 vestes,
2070 3187 2141 3225 vita
2159 3199 2267 3238 quam
2285 3192 2400 3233 duxe—

1319 3243 1376 3274 rat
1391 3237 1533 3287 dignas,
1552 3241 1728 3289 requirit;
1748 3249 1950 3293 exutusque
1970 3237 2244 3298 prioribus,ieas
2262 3255 2329 3293 sibi
2341 3257 2399 3307 je-

1314 3297 1426 3346 junus
1443 3300 1572 3348 induit,
1591 3303 1760 3341 omnibus
1775 3305 1820 3342 ad
1841 3307 2084 3349 calceamenta
2105 3297 2219 3363 usque
2233 3297 2398 3362 mutafis;

1318 3368 1427 3410 atque
1438 3363 1597 3411 reliquas
1613 3367 1854 3414 praesentibus
1872 3369 2069 3413 distribuit.
2092 3376 2138 3416 Et
2149 3382 2304 3430 sumptis
2325 3383 2396 3420 Do-

1320 3423 1462 3462 minicis
1483 3426 1672 3474 symbolis,
1690 3437 1810 3467 coram
1831 3431 2059 3475 adstantibus
2077 3423 2244 3480 ultima
2262 3443 2399 3481 oratio-

1320 3496 1402 3524 nem
1423 3486 1531 3525 facit:
1553 3495 1687 3527 etcum
1705 3491 1856 3532 dixisset
1871 3506 1973 3536 more
1985 3509 2068 3545 suo,
2091 3501 2213 3540 Gloria
2230 3503 2303 3542 Dec
2317 3513 2399 3551 pro-

1322 3554 1395 3594 pter
1411 3549 1540 3594 omnia,
1561 3557 1598 3587 et
1622 3551 1786 3592 ultimum
1816 3557 1932 3596 Amen
1962 3560 2204 3610 obsign-asset,
2235 3549 2398 3599 extendit

1318 3610 1503 3657 speciosus
1521 3611 1647 3660 pedes,
1669 3615 1729 3663 qui
1748 3626 1986 3658 cucurrerunt
2017 3623 2061 3659 ad
2092 3623 2244 3659 salutem
2271 3629 2396 3656 conm.

1318 3672 1379 3718 qtti
1398 3672 1583 3722 elegerant
1604 3678 1870 3728 penitentiam,
1892 3689 1930 3720 et
1946 3683 1990 3720 ad
2011 3681 2330 3730 reprehensionem
2355 3681 2398 3716 il-

1319 3732 1435 3770 lorum
1451 3736 1511 3783 qui
1532 3745 1678 3785 peccata
1696 3742 1844 3790 copiose
1869 3743 2116 3780 excoluerant.
2145 3739 2248 3786 Quod
2268 3740 2298 3776 si
2319 3741 2399 3787 ejus

1319 3796 1622 3843 reprehensiones
1642 3802 1732 3840 nihil
1751 3804 1928 3851 improbis
1945 3802 2173 3850 profuerunt.
2196 3809 2304 3838 causa
2326 3812 2398 3838 “0"

1319 3865 1375 3895 cst
1392 3858 1621 3899 imbecillitas
1637 3862 1799 3901 doctoris
1827 3863 1940 3900 libere
1967 3859 2161 3906 loquentis,
2193 3860 2257 3898 59d
2276 3861 2397 3910 imp“-

1321 3918 1441 3958 demta
1465 3923 1666 3967 hominum,
1686 3923 1746 3969 qui
1767 3930 1828 3958 eas
1849 3929 1920 3958 non
1945 3919 2206 3958 sustinuerunt.
2241 3923 2392 3970 Apposl-
2436 3967 2440 3972 l
