2758 4350
306 250 346 294 5-9
1117 237 1333 277 PALLADII
1362 237 1591 280 DIALOGUS
1862 238 1866 241 ’
2468 250 2510 289 ιο

302 340 355 369 tus
375 332 419 368 ad
441 337 556 378 intres
575 337 673 367 suos,
695 329 730 360 et
747 321 888 368 al-jeeto
918 319 1080 367 pulvere.
1105 317 1150 354 ad
1179 315 1362 354 Christum

301 393 456 434 transiit,
475 395 512 424 ut
527 387 696 433 scriptum
715 388 773 420 est
790 395 798 420 :
819 380 940 419 Venias
967 387 1080 418 autem
1109 380 1156 416 ad
1175 379 1370 428 sepulcrum

300 462 404 494 tuum,
423 457 592 496 tamquam
610 446 819 494 frumentum
835 449 1020 487 maturum,
1040 441 1130 490 quod
1147 448 1296 488 tempore
1307 450 1371 477 suo

299 508 648 554 mctitur:impiorum
667 512 781 542 autem
809 505 936 542 anima
957 505 1151 540 immatura:
1185 508 1372 539 morientur

303 572 394 619 (Job.
407 571 442 608 Β.
457 570 537 618 26).
555 570 670 606 Tanta
691 575 810 605 autem
829 567 1024 605 multitudo
1034 566 1228 614 virginum,
1245 574 1372 602 mona-

297 634 460 677 chorum,
471 638 508 669 et
521 632 582 679 qui
599 631 800 668 sanctitatis
810 628 1056 666 testimonium
1077 627 1269 671 habebant,
1286 625 1372 663 ade-

295 701 348 732 rat
367 693 518 742 eSyria,
533 691 672 738 Cilicia,
690 692 805 729 Ponto
823 697 931 738 atque
943 689 1130 733 Armenia,
1150 693 1193 726 ut
1209 687 1373 736 plerique

295 756 575 804 putarentquasi
588 755 672 792 dato
685 754 788 800 signo
802 762 865 790 eos
883 751 1088 789 advenisse.
1106 749 1374 796 Pollinctusigi-

295 827 352 857 tur
366 819 410 857 ad
431 819 668 866 sepulturam,
685 825 722 854 et
735 815 826 853 festa
841 814 1054 852 celebritate
1069 812 1297 857 honestatus,
1312 822 1374 848 ve-

294 880 343 917 lut
364 881 480 918 vietor
497 881 648 925 athleta,
669 889 739 916 una
759 888 844 915 eum
875 876 1049 914 Basilisco
1065 875 1240 922 sepelitur
1257 874 1292 911 in
1311 883 1374 911 eo-

295 944 377 982 dem
399 944 585 992 martyrio.

340 1005 428 1045 Cap.
457 1019 518 1044 xu.
537 1027 586 1034 —
605 1005 656 1043 Ad
679 1005 758 1042 haec
777 1003 992 1042 Theodorus
1019 1002 1186 1047 miratus,
1216 1001 1372 1039 interro-

295 1071 415 1118 gabat,
434 1070 629 1118 Seripturm
649 1070 769 1106 verbis
789 1078 900 1105 usus:
919 1067 1008 1104 Cum
1028 1067 1202 1114 scriptum
1221 1066 1280 1110 sit,
1301 1065 1376 1102 aieo

298 1135 370 1177 bat,
391 1132 473 1170 Non
493 1132 665 1170 aberrabis
681 1143 704 1168 ιι
722 1131 918 1167 narratione
933 1131 1134 1174 seniorum;
1159 1140 1239 1165 nam
1258 1135 1288 1165 et
1309 1128 1375 1176 ipsi

296 1207 317 1232 a
337 1197 491 1245 patribus
510 1195 699 1232 didicerunt
717 1193 845 1241 (Eccli.
863 1193 902 1237 8,
924 1191 962 1241 9)
983 1205 992 1229 :
1011 1192 1070 1229 dic
1088 1191 1190 1229 nobis
1211 1191 1377 1228 lubenter

297 1267 378 1305 quae
396 1267 505 1294 causa
527 1255 648 1299 fuerit,
671 1265 735 1292 cur
751 1255 850 1292 solus
869 1255 927 1292 ille
941 1255 1062 1292 cibum
1083 1259 1258 1298 sumeret,
1277 1259 1314 1290 et
1329 1263 1375 1289 an

298 1328 382 1356 vere
399 1318 510 1361 solus,
541 1324 578 1355 ut
597 1317 712 1363 aiunt,
731 1317 869 1354 ederet.
891 1317 1012 1354 Ense.
1035 1316 1072 1353 lo
1101 1316 1268 1354 confesso
1297 1315 1376 1362 qui-

296 1378 378 1417 dem
398 1385 452 1416 est
478 1377 574 1426 quod
604 1379 704 1415 solus
720 1377 870 1416 ederet:
891 1378 954 1415 sed
982 1377 1130 1423 nollem,
1153 1377 1376 1424 lepidissime

296 1439 500 1486 Theodore,
521 1450 602 1488 qua:
621 1445 706 1478 sunt
727 1441 936 1488 gulosorum
956 1437 1145 1476 infantium
1163 1438 1376 1486 qumsivisse

299 1511 346 1541 te.
363 1503 428 1542 Vir
445 1504 540 1540 enim
558 1513 639 1540 cum
658 1504 722 1548 sis,
751 1503 910 1540 virorum
935 1503 1086 1540 virtutes
1105 1501 1295 1549 exquirere
1313 1500 1378 1538 de-

300 1565 362 1603 bes
381 1577 390 1600 :
411 1565 715 1613 quemadmodum
735 1571 832 1602 esset
851 1565 1068 1612 intrepidus,
1088 1564 1204 1612 qualis
1225 1570 1321 1601 esset
1341 1563 1376 1600 in

300 1627 472 1672 pecuniis,
494 1627 530 1663 in
553 1627 806 1674 temperantia,
823 1627 858 1664 in
879 1626 1157 1664 mansuetudine
1177 1625 1375 1674 etjustitia,

299 1689 334 1724 in
363 1689 608 1736 eleemosyna,
632 1689 821 1736 prudentia
843 1696 952 1737 atque
969 1689 1194 1733 fortitudine,
1220 1689 1258 1726 in
1285 1689 1376 1726 obli-

299 1749 404 1786 vione
433 1749 489 1786 vel
517 1750 705 1786 memoria.
733 1749 812 1787 Non
843 1751 938 1788 enim
959 1751 1062 1789 cibus
1089 1752 1162 1792 Deo
1189 1760 1254 1787 nos
1274 1761 1376 1787 com—

300 1810 458 1854 mendat,
481 1821 596 1859 neque
626 1812 654 1848 si
675 1811 872 1858 oderimus,
901 1823 1018 1862 neque
1037 1815 1067 1850 si
1086 1825 1157 1850 non
1176 1813 1375 1857 ederimus,

299 1873 362 1910 sed
391 1874 549 1922 cognitio
569 1885 650 1911 cum
681 1876 824 1912 actione
853 1887 1020 1924 operans.
1055 1876 1136 1924 Ipse
1162 1885 1250 1913 vero
1278 1876 1378 1912 solus

300 1934 442 1980 edebat,
460 1941 499 1973 ut
512 1946 556 1973 ex
580 1943 682 1983 parte
697 1938 794 1982 novi,
814 1937 879 1974 has
893 1938 939 1975 ob
957 1948 1098 1976 causas.
1120 1937 1280 1975 Primum
1297 1937 1378 1985 qui-

301 1996 382 2033 dem
399 1998 519 2034 viuum
537 2009 608 2034 non
629 1998 772 2036 bibebat
790 1999 837 2036 ob
854 2001 982 2046 capitis
1001 1999 1173 2044 calorem,
1197 2000 1265 2036 nisi
1283 1999 1379 2036 forte

303 2068 365 2104 per
385 2066 510 2096 aestum
539 2070 688 2098 rosaeeo
717 2067 877 2098 uteretur
895 2074 904 2098 :
925 2061 1096 2104 secundo,
1128 2063 1210 2108 quia
1239 2068 1377 2098 stoma-

301 2119 389 2158 chus
407 2121 484 2168 ejus
499 2122 545 2159 ob
563 2123 754 2170 quamdam
774 2123 1019 2160 inﬁrmitatem
1042 2123 1266 2159 inordinatus
1285 2129 1376 2167 erat,

304 2183 352 2219 ita
374 2188 413 2220 ut
431 2183 548 2220 edulia
576 2184 668 2221 bene
686 2189 885 2231 praeparata
913 2185 980 2230 ipsi
1001 2183 1195 2232 injucunda
1214 2185 1380 2221 videren-

303 2251 372 2288 tur,
407 2251 442 2282 et
469 2246 672 2293 requireret
705 2245 775 2281 alia
807 2255 888 2293 quae
921 2255 993 2283 non
1023 2246 1208 2283 adessent.
1242 2247 1380 2288 Deinde

306 2304 498 2352 aliquando
525 2307 634 2344 edere
654 2306 950 2352 obliviscebatur,
978 2307 1024 2344 ad
1049 2318 1236 2356 vesperam
1265 2320 1380 2356 usque

302 2366 496 2414 dill‘ereus;
518 2370 647 2416 partim
666 2369 764 2406 curis
787 2369 1042 2408 ecclesiasticis
1062 2378 1270 2418 occupatus,
1295 2381 1378 2418 par-

304 2427 366 2464 tim
385 2427 522 2466 divinis
545 2430 912 2476 contemplationibus
931 2430 1149 2468 abstractus.
1169 2432 1378 2475 Contende-

306 2490 365 2526 hat
388 2491 484 2527 enim
514 2497 553 2528 ut
581 2491 672 2528 nihil
690 2491 890 2529 divinarum
911 2491 1180 2540 Scripturarum
1209 2494 1276 2531 sibi
1310 2495 1378 2530 im~

304 2551 466 2595 pervium
492 2558 588 2590 esset
609 2563 618 2588 :
638 2551 720 2588 talia
751 2558 872 2590 autem
895 2559 958 2588 aut
984 2553 1155 2599 inediam,
1185 2560 1248 2591 aut
1265 2555 1380 2592 levem

307 2610 424 2649 cibum
456 2619 591 2650 amant.
627 2613 743 2650 Porro
766 2623 846 2652 mos
882 2620 940 2651 est
969 2615 1160 2660 Convivis,
1197 2617 1264 2654 nisi
1299 2618 1381 2664 quis

307 2683 390 2710 cum
428 2675 515 2722 ipsis
544 2675 676 2721 sudet,
706 2681 767 2712 aut
803 2675 963 2720 sorbeat,
996 2682 1059 2715 aut
1089 2677 1272 2716 indecenti
1305 2679 1382 2717 risu

307 2735 556 2781 cachinnetur,
595 2737 746 2774 summis
776 2737 898 2785 digitis
934 2737 1093 2786 tepidum
1125 2740 1292 2790 poculum
1317 2750 1383 2788 ge-

310 2803 432 2844 stans,
467 2809 603 2839 mensa:
640 2799 848 2839 comitatem
887 2799 924 2836 in
957 2800 1187 2840 maledictum
1224 2810 1380 2842 vertere.

312 2857 366 2893 Ad
387 2869 564 2896 summam
587 2866 708 2901 autem
723 2888 734 2903 ,
761 2867 800 2898 ut
818 2867 902 2907 puto
915 2889 926 2904 ,
943 2867 980 2898 et
996 2861 1114 2899 verius
1131 2890 1140 2907 ,
1161 2863 1266 2903 valde
1298 2874 1382 2911 par-

309 2928 373 2953 cus
406 2926 482 2955 erat
508 2930 594 2971 erga
613 2922 784 2961 convivas
805 2921 1006 2958 luxuriosos
1026 2950 1036 2965 ,
1070 2923 1302 2970 sacrilegium
1323 2935 1382 2962 ra-

310 2983 366 3014 tus
395 2986 559 3028 sumptus
579 2981 638 3028 qui
673 2981 708 3016 in
729 2981 817 3016 tales
838 2981 988 3022 tierent:
1005 2982 1109 3018 simul
1131 2989 1167 3020 et
1185 2985 1386 3024 meonomis

314 3038 452 3076 furandi
473 3041 682 3077 occasiones
707 3040 919 3087 praecidens,
942 3051 986 3078 ne
1009 3042 1243 3090 decuplarcnl
1271 3047 1384 3092 pretia

313 3099 546 3138 obsoniorum
572 3101 609 3138 in
627 3102 811 3146 brevibus,
833 3104 1068 3144 necessitates
1089 3115 1290 3153 pauperum
1315 3109 1386 3151 sibi

313 3159 550 3198 vindicantes.
572 3162 748 3199 Praeterea
766 3163 920 3198 civitatis
937 3165 1200 3206 multitudinem
1217 3170 1385 3210 conside-

314 3229 413 3264 rans,
445 3221 602 3266 videbat,
635 3229 698 3258 aut
727 3234 856 3262 omnes
875 3224 1072 3264 honoratos
1099 3228 1232 3269 debere
1256 3243 1296 3271 se
1323 3235 1383 3274 tali

317 3281 453 3317 honore
477 3282 630 3329 dignari,
660 3290 696 3319 ut
717 3283 851 3321 Christi
878 3285 1178 3337 dispensatorem,
1207 3300 1273 3338 aut.
1296 3298 1384 3336 nulli

316 3351 390 3376 rem
411 3341 506 3378 illam
532 3343 705 3388 praebere.
727 3343 938 3392 Respiciens
955 3359 1095 3399 quoque
1124 3360 1160 3392 et
1179 3355 1223 3394 ad
1251 3368 1383 3398 mensa:

317 3402 488 3440 tumultus
503 3410 538 3440 et
551 3403 594 3441 ad
610 3407 890 3453 magnitudinem
909 3411 1150 3459 impensarum
1171 3429 1380 3468 pauperum,

318 3463 503 3502 exhorruit
533 3477 610 3504 rem
648 3468 760 3515 illam,
791 3471 934 3520 lengum
967 3463 1182 3518 valedieens
1209 3463 1388 3530 ejusmodi

319 3525 541 3573 maledictis;
564 3527 651 3566 illud
677 3530 722 3568 de
740 3533 889 3573 Actibus
905 3537 1158 3585 Apostolorum
1180 3525 1249 3584 sibi
1267 3550 1384 3586 succi-

318 3601 434 3629 nens:
462 3591 534 3629 Viri
552 3596 690 3642 fratres,
718 3608 786 3636 non
814 3599 891 3639 licet
918 3603 1013 3642 nobis
1032 3607 1226 3647 ministrare
1249 3613 1384 3657 mensis,

319 3653 376 3690 sed
393 3655 638 3694 constituamus
657 3658 746 3696 uiros
764 3661 939 3711 religiosos
958 3667 1004 3703 ad
1019 3667 1083 3705 hoc
1102 3681 1210 3718 epos;
1230 3684 1292 3708 nos
1311 3653 1388 3710 vero

321 3722 473 3782 careotas
490 3719 728 3767 prcdicationi
742 3730 775 3760 et
793 3727 937 3764 orationi
955 3727 1044 3777 (Act.
1067 3731 1102 3768 6.
1123 3733 1158 3769 2.
1183 3733 1237 3782 4).
1254 3735 1388 3780 Quent-

318 3776 508 3818 admodum
534 3783 632 3822 enim
653 3794 768 3832 equus
785 3787 969 3838 circensis,
993 3794 1052 3840 qui
1079 3776 1234 3833 stadium
1253 3776 1388 3834 decur-

319 3845 400 3874 l’ere
417 3843 568 3905 amplius
587 3856 656 3884 non
679 3855 810 3896 potest,
839 3852 883 3890 ad
903 3855 1249 3905 molamrelegatnr,
1273 3859 1390 3897 inlini-

319 3906 394 3934 tutn
427 3903 598 3943 circulum
631 3919 762 3956 gyrans
783 3925 791 3933 υ
810 3913 861 3952 sic
891 3915 936 3953 ad
967 3917 1109 3955 virtutis
1137 3903 1323 3958 sermones
1342 3925 1390 3970 pi~

1445 329 1617 366 greseens
1647 320 1774 358 doctor
1801 332 1964 360 mensam
1995 323 2098 370 quasi
2133 324 2221 361 retia
2250 325 2294 362 ad
2323 329 2509 375 captandus

1446 380 1612 420 homines
1626 383 1819 430 prmlendit
1836 396 1845 422 :
1862 391 1970 432 atque
1987 385 2122 423 utinam
2137 385 2263 423 saltem
2278 389 2507 428 esurientibus

1445 449 1481 480 et
1497 445 1642 492 egenis!
1664 445 1761 482 unde
1782 445 1867 484 licet
1887 447 2177 485 benedictionem
2198 449 2339 488 Domini
2359 451 2506 490 lucrari:

1447 503 1606 551 Esurivi,
1630 511 1662 542 et
1693 507 1844 545 satiastt's
1873 509 1952 558 me(
1978 509 2104 546 Matth.
2123 509 2186 556 25,
2205 511 2283 560 55)
2310 524 2320 548 :
2352 513 2414 551 sed
2429 515 2508 553 solis

1445 567 1631 614 divitibus,
1663 577 1701 606 ut
1720 570 1816 608 bene
1841 572 1990 617 audiat,
2019 579 2080 611 aut
2106 575 2363 614 marcescihilis
2393 577 2506 626 gloriat'

1445 639 1569 673 causa,
1599 636 1661 667 aut
1682 637 1720 668 ut
1741 631 1900 670 vicissim
1929 634 1974 672 ab
2003 635 2074 672 illis
2091 635 2272 682 invitetur,
2301 644 2362 675 aut
2381 639 2409 676 si
2427 640 2506 679 nihil

1447 692 1612 739 istorum,
1633 699 1674 731 ut
1689 703 1759 731 non
1774 695 1868 733 male
1884 697 2030 743 audiat;
2052 699 2244 737 immemor
2261 699 2506 741 maledictionis

1447 755 1590 792 Domini
1624 756 1808 795 dicentis:
1837 757 1896 796 Vc
1923 759 2030 806 vobis,
2061 772 2140 798 cum
2170 763 2262 800 vobis
2292 763 2506 803 benedixerint

1447 823 1562 850 omnes
1601 814 1756 851 homines
1787 815 1888 864 (Lac.
1911 816 1948 854 6.
1968 817 2047 865 26).
2077 818 2156 856 Non
2184 819 2288 863 dixit,
2326 821 2504 870 Paupertas,

1446 876 1526 922 sed,
1551 875 1731 915 Homines.
1752 877 1921 916 Similiter
1938 881 2026 918 enim
2047 882 2218 928 faciebant
2237 884 2334 932 falsis
2349 887 2508 934 prophetis

1447 945 1562 987 patres
1579 951 1711 977 eorum.
1739 941 1818 979 Non
1848 953 2054 990 quaeramus
2083 945 2192 992 igitur
2219 952 2256 984 ut
2283 957 2380 984 vana:
2395 948 2508 996 glorite

1446 1002 1584 1048 cupidi,
1613 1013 1635 1040 ο
1661 1002 1866 1049 Theodore,
1901 1003 1978 1042 falsi
2011 1006 2196 1054 prophetae
2224 1009 2386 1056 gloriam.
2419 1009 2507 1048 Venit

1447 1065 1538 1100 enim
1555 1064 1722 1109 Joannes,
1747 1077 1854 1115 neque
1881 1068 2096 1106 manducone
2125 1082 2232 1118 neque
2255 1072 2378 1116 bibens,
2407 1073 2440 1110 in
2455 1074 2506 1112 via

1443 1126 1594 1174 justititn
1607 1139 1617 1172 ;
1632 1135 1664 1165 et
1684 1129 1816 1174 dicunt,
1840 1129 2056 1169 Damioniam
2071 1133 2184 1171 habet.
2211 1134 2308 1172 Venit
2326 1136 2432 1174 Filius
2449 1139 2506 1174 Ιιο-

1447 1190 1550 1226 minis
1567 1191 1782 1230 mnducans
1810 1200 1842 1230 et
1861 1195 1990 1239 bibens,
2017 1203 2052 1233 et
2077 1197 2194 1235 dicunt
2209 1211 2222 1234 :
2243 1197 2330 1236 Ecce
2345 1200 2439 1236 homo
2457 1211 2507 1238 νο-

1437 1262 1526 1306 ζνιιειτ,
1559 1259 1590 1289 et
1606 1253 1676 1290 vini
1694 1261 1808 1302 potor,
1831 1256 2092 1304 publicanorum
2112 1261 2242 1298 amicus
2261 1269 2292 1298 et
2309 1271 2506 1310 peccatorum

1437 1312 1595 1361 (Matth.
1614 1317 1674 1354 ll.
1695 1317 1754 1354 18.
1773 1318 1850 1367 l9).
1867 1319 1971 1358 Duc.
1993 1320 2071 1358 Non
2091 1329 2128 1359 ut
2145 1324 2291 1360 omnino
2310 1325 2504 1371 vitupt-rem.

1447 1376 1585 1424 optime
1605 1375 1726 1424 Pater,
1754 1386 1817 1417 aut
1843 1381 2004 1420 insector
2033 1383 2140 1422 talem
2169 1386 2252 1422 vitae
2280 1386 2504 1431 severitatem,

1449 1439 1542 1478 hanc
1575 1441 1897 1490 interrogationem
1933 1445 2132 1495 interposui
2162 1455 2296 1486 exacta:
2327 1451 2506 1487 narrationi

1449 1508 1546 1540 ture:
1568 1504 1728 1542 sciebam
1757 1506 1855 1544 enim
1884 1514 1920 1545 et
1943 1519 1988 1546 ex
2016 1511 2092 1558 ipsa
2119 1511 2212 1548 fama
2245 1520 2280 1550 et
2308 1524 2349 1550 ex
2378 1513 2506 1560 scriptis

1448 1564 1528 1612 ejus
1545 1577 1625 1614 qua:
1649 1567 1694 1604 ad
1716 1578 1782 1605 nos
1800 1577 2059 1616 pervenerunt,
2081 1579 2118 1610 et
2135 1584 2177 1610 ex
2199 1573 2352 1612 ltomiliis
2369 1582 2426 1612 aut
2441 1575 2507 1620 epi-

1449 1627 1566 1672 stolis,
1595 1628 1662 1666 viri
1690 1629 1787 1667 illius
1818 1633 2043 1679 propositum
2064 1635 2152 1672 :sed
2177 1641 2216 1672 ut
2243 1636 2320 1682 ejus
2341 1637 2506 1684 proposito

1449 1698 1653 1738 comperto,
1669 1703 1746 1730 rem
1762 1693 1859 1730 illam
1879 1697 2085 1734 mmularer.
2106 1698 2194 1743 Quis
2208 1700 2301 1736 enim
2320 1701 2405 1736 adeo
2417 1700 2507 1736 omni

1449 1763 1492 1791 ex
1508 1759 1609 1800 parte
1628 1753 1783 1792 stolidus
1797 1762 1865 1802 est,
1886 1764 1926 1794 ut
1946 1759 2086 1805 ignoret
2101 1761 2218 1808 majus
2231 1771 2312 1798 esse
2327 1761 2509 1798 detrimen-

1449 1819 1524 1851 tum
1545 1825 1590 1852 ει
1608 1825 1732 1852 mensa
1749 1827 1856 1864 quam
1872 1819 2028 1866 lucrum,
2051 1821 2119 1859 nisi
2140 1833 2231 1870 opus
2251 1824 2296 1860 sit
2311 1824 2342 1860 in
2362 1823 2508 1860 necessi-

1450 1879 1522 1912 tate
1535 1882 1680 1914 sauctos
1697 1877 1854 1926 hospitio
1867 1882 2062 1930 excipere?
2077 1883 2196 1922 Ense.
2213 1885 2294 1922 Ha-c
2305 1892 2339 1923 et
2351 1895 2412 1932 ego
2425 1883 2505 1928 dixi,

1449 1939 1611 1976 veritatis
1630 1941 1880 1980 amantissime
1899 1943 2104 1990 Theodore,
2137 1957 2207 1984 non
2237 1955 2427 1984 extenuans
2443 1947 2508 1983 vir-

1451 2005 1562 2036 tutem
1585 2007 1726 2047 patrum
1746 2010 1970 2052 nostrorum,
1998 2009 2155 2046 maxime
2186 2009 2442 2056 hospitalitatis.
2463 2008 2510 2045 Ex

1451 2062 1645 2100 virtutibus
1667 2065 1765 2102 enim
1785 2069 1928 2105 caeteris
1942 2080 2022 2116 qua:
2041 2071 2084 2107 ad
2103 2073 2272 2118 pietatem
2300 2073 2454 2115 tendunt,
2472 2081 2510 2108 ea

1451 2133 1520 2160 una
1547 2131 1602 2162 est
1629 2137 1694 2172 per
1709 2138 1815 2174 quam
1843 2129 1981 2168 domini
2011 2134 2240 2180 patriarchm,
2272 2135 2362 2172 alius
2377 2134 2510 2182 qualem

1449 2185 1680 2225 Servatorem
1700 2189 1810 2227 Deum
1830 2193 2017 2230 convivam
2036 2202 2162 2232 nactus
2181 2203 2249 2241 est,
2271 2196 2361 2234 alter
2377 2196 2512 2242 angelos

1451 2247 1612 2295 hospites
1639 2251 1786 2298 habuit;
1817 2253 1910 2291 alius
1939 2257 2084 2303 quidem
2112 2258 2222 2295 lilium
2262 2259 2296 2295 in
2324 2262 2510 2301 senectute,

1451 2313 1544 2349 alter
1561 2323 1646 2350 vero
1667 2315 1818 2354 salutem
1836 2327 1856 2354 e
1872 2317 2042 2358 Sodomis
2059 2331 2142 2358 eum
2162 2321 2302 2358 ﬁliabus
2321 2319 2512 2358 mercedem

1452 2375 1546 2411 nacti
1563 2387 1572 2411 :
1591 2375 1636 2412 de
1655 2376 1786 2424 quibus
1817 2386 1855 2416 et
1883 2383 2071 2428 apostolus
2097 2385 2160 2427 ait,
2195 2385 2352 2422 excitans
2384 2393 2447 2420 nos
2473 2380 2514 2418 ad

1452 2435 1707 2483 imitationem,
1729 2438 1988 2487 Hospitalitatis
2009 2456 2052 2482 ne
2075 2445 2320 2483 obliviscamini
2343 2457 2355 2481 ι
2370 2456 2428 2493 per
2445 2454 2514 2481 eam

1452 2499 1542 2534 enim
1561 2500 1702 2546 quidam
1723 2503 1862 2550 angelos
1885 2503 2034 2552 hospitio
2053 2515 2252 2554 receperunt
2270 2507 2322 2544 vel
2342 2507 2515 2544 nescientes

1453 2558 1578 2606 (Hebr.
1601 2563 1659 2599 13.
1681 2563 1732 2612 2).
1753 2564 1903 2612 Oportet
1931 2573 2049 2604 autem
2081 2568 2260 2616 hospitum
2282 2575 2515 2616 susceptorem

1453 2630 1490 2662 et
1506 2624 1731 2672 prudentiam
1761 2629 1940 2673 serpentis
1959 2628 2092 2668 habere
2119 2638 2157 2669 et
2183 2633 2442 2680 simplicitatem
2458 2638 2516 2667 eo-

1454 2686 1600 2733 lumbaa,
1619 2687 1760 2728 duobus
1780 2688 1922 2728 Domini
1946 2691 2051 2729 dictis
2071 2691 2380 2744 obtemperantem
2397 2705 2405 2730 :
2426 2692 2515 2735 huic,

1457 2747 1560 2786 Omni
1588 2750 1713 2796 petenti
1743 2755 1776 2789 te
1803 2751 1912 2789 tribue
1936 2752 2036 2802 (Luc.
2065 2755 2102 2793 6.
2136 2757 2224 2804 30);
2257 2763 2292 2794 et
2315 2756 2408 2800 huic,
2441 2751 2516 2790 Non

1455 2821 1590 2846 auinam
1607 2811 1777 2850 hominem
1796 2813 1954 2851 introduc
1981 2817 2016 2854 in
2045 2818 2184 2856 domum
2205 2827 2298 2856 tuam
2317 2818 2440 2868 (Eccli.
2459 2815 2514 2859 il,

1455 2871 1533 2918 51),
1565 2882 1610 2912 ne
1636 2872 1763 2921 lupum
1791 2886 1857 2922 pro
1883 2887 1951 2914 ove
1979 2878 2188 2925 admittens,
2223 2889 2284 2918 aut
2313 2888 2432 2918 ursum
2459 2884 2519 2924 P"°

1457 2932 1562 2976 bove.
1583 2933 1718 2975 damno
1736 2935 1874 2977 lucrum
1895 2949 2090 2986 permutes.
2120 2942 2241 2980 Primo
2269 2949 2388 2983 autem
2409 2943 2518 2980 locum

1456 2994 1610 3042 probare
1628 2995 1752 3044 debet,
1785 2998 1822 3040 in
1840 3010 1912 3048 quo
1935 3002 2154 3043 constitutos
2173 3011 2243 3048 est,
2272 3015 2318 3041 an
2347 3005 2518 3045 desertos,

1455 3065 1500 3094 an
1517 3056 1708 3106 frequens;
1724 3061 1856 3100 deinde
1871 3063 2058 3112 ingenium
2075 3077 2194 3111 suum,
2213 3077 2258 3103 an
2273 3067 2386 3113 possit
2401 3067 2528 3103 absum

1455 3118 1524 3162 (105.
1553 3132 1674 3160 mores
1705 3124 1884 3170 tolerare;
1913 3132 2000 3165 tunc
2024 3126 2238 3174 dignoscere
2265 3128 2324 3173 qui
2351 3127 2523 3164 beneﬂcio

1455 3181 1550 3225 allici
1569 3184 1692 3228 debet,
1719 3197 1765 3225 an
1783 3187 1884 3224 dives
1901 3189 1948 3224 sit
1964 3199 2011 3224 an
2038 3200 2186 3236 pauper,
2205 3200 2250 3224 an
2273 3199 2382 3225 sanus
2401 3199 2447 3226 an
2468 3190 2522 3226 in-

1456 3245 1594 3290 firmus,
1611 3257 1656 3284 an
1670 3248 1752 3286 cibo
1769 3255 1872 3296 egeat
1889 3260 1934 3286 an
1951 3251 2135 3286 vestibus:
2152 3251 2186 3286 in
2202 3250 2256 3286 his
2269 3251 2365 3287 enim
2381 3258 2522 3291 actuosa

1457 3307 1704 3347 miseri¢ordia
1733 3316 1941 3356 occupatur.
1969 3310 2101 3347 Beatus
2122 3311 2218 3347 enim
2245 3311 2428 3349 Abraham
2455 3321 2524 3350 non

1457 3371 1638 3415 consules,
1667 3381 1740 3412 non
1759 3371 1882 3416 duces,
1905 3383 1977 3409 non
1998 3373 2244 3418 pratcellentes
2264 3375 2370 3422 hujus
2396 3373 2521 3412 terreni

1457 3431 1578 3469 saeculi
1599 3432 1696 3470 viros
1719 3433 1858 3479 excepit
1878 3432 2048 3481 hospitio,
2079 3435 2174 3480 apud
2195 3447 2286 3484 quos
2306 3444 2428 3476 essent
2447 3435 2522 3482 equi

1458 3503 1562 3530 camo
1590 3498 1650 3530 aut
1687 3493 1788 3531 freno
1817 3501 2063 3539 coruscantes.
2089 3503 2151 3534 aut
2177 3503 2345 3537 sarabara
2374 3509 2446 3536 aere
2465 3507 2522 3534 so-

1458 3556 1579 3592 nantia
1601 3555 1780 3604 superbiae
1808 3557 1997 3604 Strepitum
2026 3558 2071 3596 de
2097 3559 2203 3607 longe
2222 3561 2444 3604 eructantia;
2462 3556 2522 3595 sed

1457 3617 1641 3656 desertum
1671 3619 1836 3658 habitans
1864 3622 1996 3666 locum,
2017 3633 2062 3659 eo
2087 3624 2346 3669 convenientes
2371 3621 2522 3668 excipio-

1460 3680 1534 3717 ιωι-
1556 3681 1624 3726 Qui
1641 3688 1762 3724 autem
1783 3682 1964 3722 desertum
1986 3685 2200 3730 transibant,
2219 3693 2280 3724 aut
2295 3691 2438 3732 propter
2453 3681 2524 3718 vil-

1461 3747 1575 3778 tntem
1595 3743 1742 3784 adibant
1760 3744 1804 3782 ad
1831 3745 2083 3792 patriareham,
2112 3753 2174 3784 aut
2190 3753 2338 3794 propter
2355 3741 2526 3785 mendici-

1461 3803 1624 3849 citatem,
1655 3816 1736 3853 qua)
1763 3807 1888 3844 ultima
1919 3816 2110 3855 paupertas
2131 3815 2200 3848 est.
2221 3809 2414 3854 Paupertas
2433 3803 2526 3842 enim

1464 3866 1622 3904 medium
1653 3873 1710 3905 est
1739 3869 1834 3908 inter
1852 3879 2042 3912 excessum
2059 3877 2097 3908 et
2116 3869 2292 3910 deiectum
2315 3874 2526 3906 :escesSIm

1463 3926 1608 3974 quidem
1627 3929 1847 3974 divitiarum,
1880 3930 2059 3969 defectum
2079 3941 2164 3972 vero
2193 3929 2442 3968 mendicitatis.
2475 3926 2524 3965 Sir
